1922 3077
181 149 228 175 115

687 144 944 173 THEOPHYLACTI
962 144 1140 173 BULGARI/E
1160 143 1328 172 ARCHIEP.‘

1786 143 1840 170 H6

177 209 406 238 exsultationis."
415 218 429 235 »
439 209 474 236 Et
484 215 602 243 magnus
612 206 656 235 ille
666 207 763 235 Petrus
774 217 782 235 :
796 217 809 233 «
826 208 979 243 Cognoscat

1049 206 1149 246 ίυρίου,
1166 206 1284 241 ἤτοιτοῢ
1307 206 1409 245 Λόγου,
1427 205 1510 246 φημὶ,
1526 206 1564 245 τῷ
1587 203 1663 245 μύρῳ
1680 206 1730 236 τοῦ
1748 203 1843 235 Πνεύ-

178 254 270 282 omnis
284 253 385 282 domus
400 253 494 287 Israel,
511 253 575 288 quia
592 252 742 280 Dominum
756 256 783 280 et
793 251 929 280 Christum
945 252 975 280 il-

138 311 143 316 ·
180 300 239 327 lum
250 301 325 327 Deus
340 298 415 331 fecit,
425 298 498 325 hunc
506 299 603 325 Jesum
613 304 697 332 quem
709 305 757 324 vos
765 297 976 325 crucifixistis’.»

182 345 255 372 Nam
278 351 343 371 caro
363 351 378 370 a
392 342 482 371 Verbo
502 345 660 378 assumpta,
683 341 776 370 divino
798 342 910 378 Spiritu,
931 342 977 378 qui

181 388 297 417 accessit
317 387 353 415 ad
368 391 478 415 uterum
490 386 620 422 Virginis,
645 390 728 414 uncta
749 390 792 414 est
815 391 843 414 et
861 386 930 414 facta
951 386 978 414 id

182 432 256 468 quod
270 431 402 467 Verbum,
416 431 468 459 hoc
481 434 523 459 est
536 433 630 459 Deus:
645 431 826 467 implevitque
841 431 979 459 mundum

183 485 233 506 sua
247 476 403 512 fragrantia,
427 476 499 504 sicut
524 479 551 504 et
564 480 737 512 unguentum
753 476 850 504 Mariae
864 475 979 504 domum

183 529 297 550 omnem
317 521 391 549 bono
404 520 488 549 odore
499 520 623 556 replevit.
639 520 690 556 Qui
706 524 801 548 autem
820 520 908 555 capilli
921 520 980 555 qui-

184 567 236 595 bus
250 566 363 594 extersit
375 565 468 601 pedes?
478 565 529 593 Vel
548 569 622 593 certe
637 565 685 601 qui
699 569 798 592 ornant
813 569 898 600 caput
917 565 978 599 Dei,

185 615 212 639 et
220 610 398 647 principalem
410 610 468 645 ejus
479 613 654 645 potestatem,
668 610 766 637 sancti.
782 610 819 637 Hi
831 609 906 637 enim
917 610 982 645 quia

187 659 253 683 sunt
266 655 294 682 in
308 655 424 691 gloriam
438 654 501 690 Dei,
519 653 640 682 mundus
657 658 685 682 et
702 658 816 682 ornatus
831 654 927 690 utique
940 653 981 681 dio

185 704 297 734 cuntur,
312 700 374 735 quia
386 703 414 727 et
428 699 573 735 participes
585 698 650 727 facti
666 704 731 727 sunt
743 699 878 727 unctionis
893 698 983 726 carnis

186 745 311 779 Domini,
339 752 409 780 quos
430 749 459 772 et
481 743 569 772 David
594 743 620 767 3a
644 743 788 780 participes
814 755 827 768 ιι
851 747 942 777 vocat,
957 747 984 771 et

186 789 288 818 Paulus
309 796 418 825 quoque
433 787 468 816 ad
481 787 637 816 Corinthios
655 787 722 816 dicit
740 797 748 816 :
770 799 783 812 α
808 788 862 822 Qui
884 788 984 815 contir-

187 838 247 862 mat
260 841 310 861 nos
324 833 466 861 vobiscum
481 832 510 860 in
520 832 641 866 Christo,
655 836 683 860 et
692 832 773 860 unxit
786 840 837 860 nos
853 833 928 860 Deus
939 832 959 859 4.
969 843 981 856 ιι

188 880 223 907 Et
242 878 343 914 passim
357 878 480 906 Christos
493 877 596 906 scimus
619 877 673 905 dici
688 885 747 912 eos,
767 876 812 913 qui
831 876 984 905 secundum

188 923 330 951 Christum
344 922 477 950 vixerunt.
493 921 579 958 Igitur
592 929 640 957 per
656 921 768 957 capillos
780 921 929 950 Christiani
943 921 985 949 in-

188 967 359 1003 telliguntur,
374 967 460 1002 670
474 966 519 1002 qui
539 965 621 1002 pedes
643 969 817 994 exterserunt
830 967 895 993 Jcsu
905 987 913 997 ,
930 977 941 990 ιι
957 970 985 993 et

190 1011 337 1048 participes
348 1011 412 1039 facti
429 1014 495 1039 sunt
507 1010 609 1039 divinae
627 1011 768 1038 unctionis
781 1011 802 1038 ⁵,
816 1022 829 1035 n
844 1012 984 1038 Mortuum

190 1056 323 1094 quiddam
333 1056 424 1092 capilli
436 1060 509 1088 sunt,
522 1055 626 1083 mortui
634 1059 698 1084 sunt
704 1060 731 1083 et
737 1055 765 1083 hi
775 1055 823 1091 qui
835 1058 899 1083 sunt
909 1055 985 1083 Chri-

190 1102 234 1130 sti.
250 1112 263 1126 u
283 1101 402 1130 Carnem
421 1100 494 1128 enim
509 1108 588 1128 suam
602 1100 810 1134 cruciﬁxerunt,
831 1104 858 1128 et
871 1100 987 1128 mortiﬁ-

191 1150 288 1174 carunt
296 1145 420 1174 membra
428 1153 490 1181 qua:
499 1153 581 1181 super
590 1149 706 1179 terram,
714 1145 873 1181 mundoque
884 1144 987 1173 mortui

191 1195 255 1220 sunt
264 1191 288 1219 θ,
300 1201 314 1216 η
331 1191 441 1219 Ornant
454 1194 537 1226 caput
553 1190 657 1225 capilli,
669 1194 697 1218 et
711 1190 798 1226 gloria
811 1194 877 1218 sunt
894 1190 966 1217 illius
978 1199 985 1217 ε

191 1236 279 1273 gloria
293 1235 344 1263 Dei
364 1238 431 1264 sunt
451 1239 478 1263 et
496 1234 594 1269 sancti,
613 1242 732 1270 quorum
752 1235 798 1263 lux
820 1242 916 1262 coram
938 1235 987 1263 ho-

191 1280 312 1309 minibus
332 1279 428 1316 fulget,
456 1283 483 1307 et
506 1279 675 1315 gloriﬁcatur
694 1279 813 1316 propter}
829 1287 876 1308 eos
894 1280 986 1308 Pater.

191 1325 233 1354 Illi
243 1329 270 1354 et
284 1325 370 1354 edunt
377 1333 408 1353 ac
420 1324 556 1353 bibuntin
566 1325 682 1361 gloriam
697 1325 758 1359 Dei,
774 1328 802 1352 et
812 1324 840 1352 in
853 1324 989 1352 membri

193 1370 347 1407 glorificent
378 1378 443 1398 eum
465 1376 476 1395 7
499 1390 506 1398 .
530 1371 566 1397 Et
587 1374 619 1397 tu
645 1377 753 1406 quoque
779 1369 841 1405 quia
865 1373 989 1397 mentem

192 1419 269 1443 tuam
283 1418 415 1450 tanquam
428 1414 546 1442 alterum
557 1414 695 1442 Lazarum
710 1413 882 1442 resuscitavit
897 1414 988 1448 Jesus,

194 1464 221 1488 et
238 1459 356 1495 suscipis
372 1459 450 1487 illum
465 1459 493 1487 in
515 1459 631 1487 domum
652 1459 750 1487 animae
765 1462 830 1493 tuaz,
855 1462 883 1486 et
897 1458 990 1485 convi-

1033 264 1130 290 ματος·
1149 252 1216 281 καθὰ
1232 251 1278 281 καὶ
1293 250 1378 282 Δαυΐδ
1396 262 1475 291 φησι·
1496 263 1507 277 α
1525 249 1576 280 Διὰ
1599 253 1677 280 τοῦτο
1692 249 1795 290 ἔχρισέ
1811 262 1842 279 σε

1032 299 1046 326 6
1062 297 1143 332 Θεὸς,
1160 298 1173 325 ὁ
1188 296 1256 329 Θεός
1272 308 1317 326 σου
1338 296 1426 326 ἔλαιον
1447 295 1644 334 ἀγαλλιάσεως·
1660 309 1672 320 ι·
1689 295 1740 324 καὶ
1758 296 1774 323 6
1795 294 1844 332 μέ-

1032 353 1080 381 γας
1106 342 1218 381 Πέτρος,
1235 355 1247 367 ιι
1274 341 1435 371 Γινωσκέτω
1459 345 1511 373 πᾶς
1537 335 1607 373 οἶκος
1637 339 1771 380 Ἰσραὴλ,
1801 339 1844 368 ὅτι

1034 385 1132 426 Κύριον
1148 386 1193 415 καὶ
1216 386 1333 425 Χριστὸν
1355 386 1433 415 αὐτὸν
1460 387 1473 414 6
1491 384 1559 418 Θεὸς
1587 384 1711 419 ἐποίησε,
1743 387 1844 413 τοῦτον

1033 431 1077 460 τὸν
1104 431 1210 467 Ἰησοῦν
1227 430 1256 459 ὃν
1272 432 1348 469 ὓμεῖς
1363 429 1560 470 ἐσταυρώσατε.
1583 442 1595 456 υ
1637 428 1672 459 Ἦ
1689 428 1746 468 γὰρ
1762 440 1842 469 προ-

1033 477 1163 515 ληφθεῖσα
1177 475 1228 504 ὑπὸ
1241 479 1287 504 τοῦ
1303 474 1389 514 Λόγου
1405 474 1470 513 σὰρξ
1487 476 1526 515 τῷ
1541 473 1602 513 θείῳ
1620 473 1767 512 Πνεῦματι
1777 495 1787 510 ,
1805 475 1845 513 τῷ

1035 520 1079 549 ἐπὶ
1097 520 1146 556 τὴν
1166 521 1269 559 μήτραν
1291 522 1338 555 τῆς
1363 519 1496 558 παρθένου
1520 518 1655 549 ἐπελθόντι
1678 521 1846 558 χρισθεῑσα,

1035 565 1081 594 καὶ
1094 564 1223 604 γενομένη
1237 565 1301 604 ὅπερ
1317 566 1331 593 ὁ
1346 564 1441 601 Λόγος,
1457 564 1587 601 τουτέστι,
1601 563 1681 601 Θεὸς,
1692 563 1846 604 ἐπλήρωσε

1035 609 1080 638 τὸν
1097 610 1195 647 κόσμον
1220 609 1345 645 εὐωδίας,
1364 607 1457 648 ὥσπερ
1475 609 1521 637 καὶ
1539 608 1570 637 τὸ
1590 610 1637 644 τῆς
1651 608 1769 647 Μαρίας
1791 606 1847 646 μύ-

1037 666 1081 694 ρον
1097 654 1141 683 τὸν
1159 649 1229 684 οἷκον
1249 653 1391 683 εὐωδίασεν
1407 654 1526 684 ἅπαντα.
1568 653 1646 686 Τίνες
1660 651 1687 682 δὲ
1703 654 1734 681 αἱ
1750 651 1847 692 τρίχες

1038 700 1065 728 αἱ
1087 698 1237 737 ἔκμοίξασαι
1262 698 1324 731 τοὺς
1350 697 1449 734 πόδας;
1463 693 1503 728 ’Ἦ
1525 697 1632 731 πάντως
1653 698 1677 727 οἱ
1701 699 1846 735 κοσμοῦν-

1037 756 1079 778 τες
1093 744 1141 779 τὴν
1156 743 1274 783 κεφαλὴν
1290 746 1335 772 τοῦ
1351 743 1439 778 Θεοῦ,
1457 741 1503 772 καὶ
1520 742 1568 778 τὴν
1583 741 1697 783 ἀρχικὴν
1715 741 1845 776 ἐξουσίαν

1039 790 1117 818 αὖτοῢ
1145 789 1169 817 οἱ
1196 788 1274 827 ἅγιοι.
1303 783 1386 817 Οἷτοι
1409 788 1462 827 γὰρ
1488 788 1523 821 εἷς
1552 786 1629 821 δόξαν
1649 789 1722 817 Θεοῦ
1752 786 1846 826 ὄντες,

1001 855 1024 886 Β
1040 833 1139 872 κόσμος
1154 833 1185 862 ἂν
1203 834 1281 862 αὐτοῦ
1302 834 1419 872 λεχθεῖεν
1429 855 1437 868 ,
1459 832 1485 862 οἳ
1500 831 1546 861 καὶ
1561 834 1606 861 τοῦ
1627 831 1783 872 χρίσματος
1797 833 1847 866 τῆς

1067 881 1084 886 μ.
1101 879 1123 886 Ir
1160 877 1167 886 I
1293 877 1299 886 \
1387 877 1393 886 I
1588 877 1594 886 \
1642 876 1653 886 Α
1724 876 1732 886 \
1763 879 1771 886 Δ
1820 874 1846 886 λθ

1039 881 1084 907 τοῦ
1100 877 1198 918 Κυρίου
1223 877 1318 918 σαρκὸς
1331 877 1456 917 γεγόνασι
1479 877 1608 914 κοινωνοὶ,
1627 876 1671 909 οὓς
1687 876 1736 906 καὶ
1754 874 1846 906 Δαυΐδ

1039 934 1103 963 φησι
1118 936 1131 949 ιι
1147 922 1284 962 μετόχους.
1300 936 1311 948 n
1325 922 1378 952 Καὶ
1389 923 1496 954 Παῦλος
1509 921 1536 950 δὲ
1549 921 1613 960 πρὸς
1625 921 1786 961 Κορινθίους
1797 932 1846 961 φη-

1040 967 1089 996 σίψ
1104 981 1116 994 α
1130 967 1162 996 Ὁ
1176 967 1290 1007 βεϐαιῶν
1305 969 1374 1006 ἡμᾶς
1386 966 1432 995 σὺν
1445 968 1506 1004 ὑμῖν
1517 967 1554 1000 εἷς
1569 965 1703 1005 Χριστὸν,
1719 965 1771 994 καὶ
1785 965 1847 1004 χρί-

1041 1024 1088 1045 σας
1102 1015 1173 1051 ἡμᾶς
1188 1014 1202 1041 6
1218 1011 1295 1046 Θεός.
1312 1025 1323 1037 ιι
1349 1011 1403 1042 Καὶ
1421 1013 1561 1050 πανταχοῦ
1582 1009 1713 1051 Χριστοὺς
1727 1010 1846 1048 οἴδαμεν

1040 1057 1197 1096 λεγομένους
1211 1056 1270 1090 τοὺς
1295 1056 1364 1085 κατὰ
1387 1056 1500 1095 Χριστὸν
1524 1055 1666 1092 ζήσαντας.
1693 1055 1730 1084 Οἱ
1754 1054 1846 1084 τοίνυν

1041 1102 1196 1141 Χριστιανοὶ
1223 1103 1250 1131 αἱ
1279 1101 1366 1140 τρίχες
1394 1100 1426 1129 ἂν
1452 1103 1582 1137 νοηθεῖεν,
1613 1101 1641 1129 αἱ
1666 1098 1727 1133 τοὺς
1758 1099 1847 1131 πόδας

1041 1149 1089 1175 τοῦ
1114 1148 1205 1182 Ἰησοῦ
1229 1146 1396 1184 ἐκμάξασαι,
1417 1145 1463 1174 καὶ
1490 1147 1671 1185 μετασχοῦσαι
1696 1146 1745 1174 τοῦ
1774 1143 1846 1173 θείου

1041 1190 1218 1231 χαρίσματος.
1233 1191 1334 1231 Νεκρόν
1359 1202 1385 1219 τι
1410 1191 1438 1219 αἱ
1459 1189 1562 1229 τρίχες,
1577 1189 1663 1230 νεκροὶ
1678 1189 1724 1218 καὶ
1748 1189 1775 1218 οἱ
1800 1190 1848 1217 τοῦ

1042 1235 1159 1276 Χριστοῦ
1169 1248 1176 1254 ·
1192 1235 1240 1271 τὴν
1255 1235 1307 1275 γὰρ
1322 1235 1409 1276 σάρκα
1429 1234 1611 1274 ἐσταύρωσαν,
1628 1234 1674 1263 καὶ
1689 1233 1846 1273 ἐνέκρωσαν

1043 1281 1075 1310 τὰ
1092 1280 1160 1319 μέλη
1176 1280 1210 1310 τὰ
1234 1282 1278 1310 ἐπὶ
1292 1283 1339 1315 τῆς
1364 1282 1426 1319 γῆς,
1449 1279 1494 1309 καὶ
1518 1281 1556 1319 τῷ
1579 1279 1673 1318 κόσμῳ
1695 1278 1843 1308 ἀπέθανον.

1044 1327 1183 1364 Κοσμοῢσι
1197 1326 1245 1362 τὴν
1262 1325 1379 1366 κεφαλὴν
1396 1327 1423 1355 αἱ
1439 1324 1545 1365 τρίχες,
1562 1324 1608 1366 καὶ
1620 1323 1682 1358 δόξα
1699 1323 1752 1352 εἶσὶ
1776 1322 1847 1352 ταύ-

1043 1383 1105 1407 της·
1120 1370 1182 1405 δόξα
1194 1373 1239 1400 τοῦ
1259 1364 1344 1406 Θεοῦ,
1361 1369 1406 1399 καὶ
1420 1371 1444 1399 οῖ
1458 1364 1552 1409 νᾶγιοι,
1568 1364 1605 1398 ὧν
1620 1369 1723 1407 λάμπει
1742 1367 1776 1397 τὸ
1792 1368 1848 1406 φῶς

1045 1415 1192 1455 ἔμπροσθεν
1206 1417 1258 1444 τῶν
1283 1415 1437 1454 ἀνθρώπων,
1463 1414 1508 1443 καὶ
1531 1414 1665 1449 δοξάζεται
1681 1414 1716 1442 δι’
1746 1411 1847 1444 αὐτοὺς

1045 1462 1058 1489 6
1075 1460 1186 1499 Πατὴρ,
1202 1456 1240 1493 οἷς
1255 1460 1300 1489 καὶ
1324 1459 1354 1489 τὸ
1375 1459 1470 1488 ἐσθίειν
1484 1459 1530 1488 καὶ
1549 1459 1578 1489 τὸ
1602 1458 1686 1487 πίνειν
1707 1458 1746 1491 εἷς
1768 1456 1848 1490 δόξαν

195 1504 270 1532 vium
282 1504 365 1532 habet
379 1512 443 1532 cum
459 1511 492 1532 eo
504 1511 584 1532 mens
593 1511 656 1540 qua:
665 1503 814 1531 resurrexit
830 1513 836 1531 :
853 1510 925 1538 unge
941 1510 986 1538 pe-

1049 1506 1114 1535 Βεοῧ
1130 1505 1247 1543 γίνεται,
1264 1504 1289 1534 οἳ
1301 1504 1346 1533 καὶ
1362 1505 1388 1533 ἐν
1404 1508 1460 1537 τοῖς
1475 1504 1568 1542 μέλεσι
1584 1503 1732 1537 δοξάζουσιν
1753 1500 1846 1531 αὐτόν.

195 1549 244 1579 des
253 1549 365 1577 Domini
377 1553 440 1577 ante
456 1556 503 1576 sex
517 1549 574 1577 dies
589 1549 710 1583 Paschae,
727 1548 889 1584 priusquam
900 1546 993 1574 veniat

196 1594 300 1622 Pascha
314 1593 401 1622 futuri
419 1593 523 1628 saeculi,
548 1593 673 1630 quandiu
692 1593 721 1620 in
741 1592 845 1620 mundo
868 1592 921 1620 hoc
934 1599 994 1619 ver-

195 1639 278 1674 saris,
303 1638 349 1675 qui
372 1639 401 1666 in
429 1646 475 1667 sex
503 1638 602 1667 diebus
627 1641 669 1665 est
703 1637 830 1665 conditus
856 1636 878 1664 ⁸.
906 1635 992 1664 Pedes

196 1683 307 1718 Christi,
329 1683 481 1719 Apostolus
495 1687 525 1711 et
544 1682 735 1718 Evangelium,
760 1686 797 1714 et,
820 1685 852 1709 ut
866 1688 992 1708 summa-

196 1729 248 1758 tim
258 1728 362 1763 dicam,
375 1730 434 1765 ipsa
449 1728 581 1756 mandata
598 1738 603 1755 :
616 1735 665 1762 per
676 1734 708 1754 ea
719 1726 795 1754 enim
807 1726 835 1754 in
845 1726 925 1754 nobis
932 1733 994 1754 am-

196 1774 281 1802 bulat.
306 1773 351 1802 Ad
379 1773 439 1802 hac
463 1772 546 1808 igitur
570 1771 701 1800 mandata
725 1770 794 1799 affer
808 1775 992 1808 unguentum,

197 1818 331 1847 affectum
368 1817 495 1846 videlicet
524 1824 557 1845 ex
581 1815 661 1845 variis
689 1816 845 1851 virtutibus,
875 1824 993 1852 quarum

197 1864 301 1900 optima
311 1866 363 1897 est,
372 1867 506 1898 tanquam
514 1861 629 1896 nardus,
639 1860 741 1890 fervida
751 1861 828 1896 ﬁdes,
837 1861 993 1889 collectum.

197 1909 259 1937 Nisi
273 1908 346 1937 enim
359 1906 490 1935 fervidam
504 1910 532 1934 et
547 1906 700 1935 studiosam
713 1906 912 1942 virtutibusque
926 1913 995 1942 prae-

197 1953 285 1982 ditam
299 1951 486 1981 habitudinem
505 1959 568 1987 erga
588 1951 719 1979 mandata
737 1951 899 1984 ostenderis,
917 1959 995 1978 mor-

196 1999 306 2034 tuisque
325 1997 379 2025 tuis
400 1996 535 2025 membris
561 1996 641 2032 quasi
664 1996 768 2031 capillis
786 1994 944 2028 exterseris,
969 1998 997 2022 et

198 2043 251 2070 nisi
266 2043 345 2070 illum
358 2042 505 2078 receperis,
517 2048 574 2068 non
590 2040 692 2076 poteris
704 2040 820 2067 domum
834 2043 909 2067 tuam
920 2038 995 2067 bono

199 2087 284 2115 odore
300 2087 414 2122 replere.
441 2088 512 2114 Sunt
537 2085 622 2113 etiam
638 2085 720 2120 pedes
745 2085 864 2119 Domini,
890 2083 996 2112 minimi

198 2132 310 2166 fratres,
329 2138 377 2167 per
397 2138 466 2166 quos
489 2130 563 2159 vadit
583 2130 706 2158 Christus
726 2129 761 2157 ad
781 2129 994 2165 uniuscuiusque

1049 1550 1101 1580 Καὶ
1123 1549 1155 1579 σὺ
1178 1549 1220 1586 δὲ,
1246 1549 1303 1578 ἐπεὶ
1319 1548 1448 1583 ἀνέστησέ
1463 1559 1510 1577 σου
1534 1549 1578 1578 τὸν
1597 1551 1657 1578 νοῦν
1673 1546 1772 1587 ὥσπερ
1789 1544 1850 1587 τινὰ

1046 1595 1168 1633 Λάζαρον
1183 1596 1196 1623 6
1208 1585 1321 1629 Ἰησοῦς,
1349 1593 1394 1622 καὶ
1414 1593 1531 1632 ὑποδέχῃ
1557 1593 1634 1621 αὐτὸν
1656 1593 1692 1625 εἷς
1709 1585 1763 1620 τὸν
1776 1585 1849 1620 οἷκον

1046 1641 1093 1673 τ’ἧς
1107 1641 1195 1678 ψυχῆς
1207 1650 1268 1675 σου,
1283 1637 1328 1667 καὶ
1342 1641 1531 1676 συνευωχεῖται
1547 1638 1619 1676 αὐτῷ
1630 1636 1676 1665 καὶ
1690 1638 1704 1666 6
1716 1634 1850 1671 ἀναστὰς,

1048 1682 1155 1724 ἄλειψον
1181 1683 1239 1716 τοὺς
1261 1682 1344 1715 πόδας
1362 1686 1408 1711 τοῦ
1429 1681 1532 1720 Κυρίου
1555 1680 1606 1720 πρὸ
1622 1680 1649 1714 ἓξ
1672 1681 1787 1720 ἡμερῶν
1803 1681 1849 1708 τοῦ

1048 1728 1164 1768 Πάσχα,
1181 1728 1243 1767 πρὶν
1256 1727 1318 1767 ἔλθῃ
1336 1726 1367 1756 τὸ
1383 1726 1485 1766 Πᾶσχα
1499 1728 1545 1756 τοῦ
1569 1725 1711 1763 μέλλοντος
1736 1726 1850 1768 αἰῶνος,

1047 1773 1096 1807 ἕως
1127 1768 1170 1802 οὖν
1201 1774 1227 1802 ἐν
1256 1775 1293 1812 τῷ
1324 1771 1418 1811 κόσμῳ
1444 1771 1530 1811 τούτῳ
1567 1769 1664 1808 διάγεις
1691 1771 1730 1809 τῷ
1764 1770 1792 1798 ἐν
1823 1767 1849 1802 ἓξ

1047 1817 1159 1858 ἡμέραις
1172 1817 1370 1859 ἀπαρτισθέντι.
1385 1816 1470 1850 Πόδες
1485 1817 1531 1845 τοῦ
1544 1816 1661 1854 Χριστοῦ
1677 1816 1691 1843 6
1715 1813 1849 1844 Ἀπόστο-

1048 1865 1109 1899 λος,
1123 1863 1168 1893 καὶ
1183 1863 1213 1893 τὸ
1231 1862 1406 1901 Εὐαγγέλιον,
1420 1861 1466 1891 καὶ
1491 1861 1580 1893 ἅπλῶς
1605 1861 1688 1889 εἰπεῖν
1699 1883 1707 1896 ,
1724 1860 1754 1888 αἱ
1771 1859 1848 1888 ἐντο-

1048 1908 1106 1937 λαί·
1131 1909 1163 1937 δι’
1186 1909 1271 1937 αὐτῶν
1295 1906 1347 1945 γὰρ
1373 1907 1551 1945 ἔμπεριπατεῖ
1578 1905 1604 1933 ἐν
1631 1906 1707 1942 ἡμῖν.
1725 1902 1848 1934 Ταύταις

1050 1948 1093 1981 οὖν
1109 1957 1166 1985 ταῖς
1181 1952 1297 1984 ἐντολαῖς
1311 1950 1466 1990 προσάγαγε
1482 1950 1577 1989 μύρον,
1602 1948 1650 1986 τὴν
1667 1949 1697 1977 ἐκ
1712 1947 1846 1987 διαφόρων

1050 1997 1167 2036 ἀρετῶν,
1186 1991 1222 2025 ὧν
1237 1995 1267 2025 τὸ
1294 1997 1443 2036 κρεῖττονὴ
1468 1994 1552 2034 θερμὴ
1574 1995 1609 2027 ὣς
1633 1993 1726 2033 νάρδος
1740 1992 1845 2029 πίστις,

1051 2034 1298 2080 συγκεκροτημένην
1315 2034 1452 2070 διάθεσιν.
1476 2040 1511 2070 Εἰ
1535 2038 1573 2078 μὴ
1599 2038 1650 2078 γὰρ
1673 2036 1775 2078 θερμὴν
1802 2034 1847 2065 καὶ

1051 2084 1197 2115 σπουδαίαν
1213 2085 1259 2114 καὶ
1274 2084 1394 2124 ἐνάρετον
1414 2082 1506 2123 σχέσιν
1525 2083 1587 2124 περὶ
1607 2082 1655 2116 τὰς
1671 2081 1779 2115 ἐντολὰς
1805 2080 1846 2109 ἓν-

1049 2129 1137 2169 δείξῃ,
1173 2130 1219 2159 καὶ
1241 2134 1296 2163 τοῖς
1321 2123 1522 2169 νενεκρωμένοις
1545 2123 1590 2158 οὖν
1620 2127 1742 2165 μέλεσιν,
1768 2123 1846 2155 οἱονεὶ

193 2177 310 2213 januam
324 2165 455 2212 quaerens
477 2183 540 2212 quae
565 2175 639 2203 utilia
653 2179 719 2203 sunt
741 2182 831 2210 :quos
851 2182 922 2210 unge
941 2174 986 2202 ele-

1050 2165 1119 2214 Optgi
1130 2165 1254 2213 ἔκμᾶξεις
1268 2173 1383 2210 ταύτας,
1398 2165 1445 2202 καὶ
1469 2174 1507 2214 εἷς
1521 2172 1600 2202 αὐτὸν
1615 2171 1772 2206 ἀναλάϐοις,
1798 2169 1846 2198 οὐκ

198 2229 337 2258 θωοεγιιω
349 2224 501 2256 unguento.
513 2222 604 2257 Atque
615 2219 694 2248 multi
703 2220 816 2256 quidem
832 2219 996 2247 miserentur

197 2267 232 2295 ad
250 2265 484 2301 ostentationem;
496 2265 556 2294 ideo
569 2265 674 2293 nullam
698 2265 726 2293 in
747 2272 776 2293 se
790 2264 938 2292 utilitatem
950 2271 996 2292 re-

197 2310 313 2347 cipiunt.
329 2322 341 2335 ι(
355 2312 528 2347 Receperunt
535 2311 609 2339 enim
620 2309 773 2338 mercedem
784 2309 813 2337 in
826 2308 877 2337 hac
888 2308 965 2336 vitae.
978 2318 992 2333 ››

198 2358 235 2383 At
249 2360 279 2384 tu
299 2359 424 2392 exsterge
437 2355 552 2392 capillos
570 2355 679 2391 capitis,
696 2354 843 2382 utilitatem
856 2353 883 2381 in
901 2353 995 2382 anima

197 2404 245 2429 tua
264 2400 366 2436 accipe,
383 2400 411 2428 in
427 2400 569 2436 principali
584 2404 660 2436 parte
681 2400 790 2427 lucrum
812 2398 994 2434 eleemosynae

197 2453 333 2481 congrege
349 2454 356 2474 :
372 2449 399 2473 et
418 2445 441 2473 si
455 2445 521 2480 quid
541 2449 684 2473 mortuum
699 2444 796 2478 habes,
818 2448 846 2471 et
864 2443 995 2471 inanima-

196 2495 270 2524 tum,
286 2490 358 2518 sicut
372 2494 436 2518 sunt
449 2489 551 2525 capilli,
565 2490 592 2517 in
604 2489 657 2518 hoc
668 2489 743 2517 bono
753 2492 894 2524 unguento
907 2487 994 2515 intin-

196 2535 264 2572 gito.
276 2546 289 2560 ι
300 2536 415 2563 Peccata
425 2535 499 2563 enim
508 2539 567 2568 tua,
580 2535 677 2570 inquit,
690 2533 870 2570 eleemosynis
880 2532 991 2561 dele‘°.u

1050 2219 1167 2259 ἰσχύσεις
1180 2218 1324 2248 εὗωόιάσαι
1338 2229 1384 2247 σου
1400 2217 1443 2247 τὸν
1458 2212 1540 2246 οἶκον.
1584 2217 1670 2249 Πόδες
1682 2218 1727 2245 τοῦ
1743 2213 1845 2253 Κυρίου

1050 2256 1097 2294 καί
1112 2265 1136 2294 οἱ
1161 2264 1297 2304 ἐλάχιστοι
1314 2263 1438 2303 ἀδελφοὶ,
1464 2261 1497 2291 δι’
1512 2257 1549 2291 ὧν
1573 2261 1675 2301 βαδίζει
1698 2263 1712 2290 6
1726 2256 1846 2304 Χριστὸς

1050 2309 1093 2338 ἐπὶ
1109 2309 1156 2345 τὴν
1171 2308 1250 2349 θύραν
1267 2308 1378 2338 ἑκάστου
1393 2308 1477 2343 ζητῶν
1492 2306 1526 2335 τὰ
1540 2304 1734 2349 χρειώδηζοῦς
1754 2303 1845 2342 ἄλειφε

1049 2355 1088 2394 τῷ
1102 2355 1148 2389 τῆς
1172 2345 1350 2392 ἐλεημοσύνης
1365 2351 1450 2392 μύρῳ.
1468 2345 1569 2381 Πολλοὶ
1585 2350 1632 2390 μὲν
1655 2345 1700 2379 οὖν
1715 2350 1844 2394 ἐλεοῖσιν,

1050 2391 1119 2428 ἀλλὰ
1135 2398 1200 2439 πρὸς
1222 2397 1346 2432 ἐπίδειξιν
1360 2408 1366 2415 ”
1389 2391 1431 2426 διδ
1444 2396 1502 2425 οὐδὲ
1526 2397 1562 2430 εἷς
1584 2394 1679 2428 αὐτοὺς
1701 2391 1845 2439 ἀναδέχον-

1049 2455 1094 2473 ται
1121 2437 1168 2480 τὴν
1197 2443 1342 2483 ὠφέλειαν.
1371 2455 1384 2468 σι
1407 2441 1548 2481 Ἀπέχουσι
1573 2440 1625 2480 γὰρ
1651 2439 1696 2468 τὸν
1725 2437 1844 2483 μισθὸντ

1049 2489 1175 2518 ἐνταῦθα·
1196 2479 1231 2517 σὺ.
1244 2487 1272 2517 δὲ
1287 2486 1401 2523 ἔκμαξαι
1416 2479 1557 2525 ταῖςγθριξὶ
1573 2486 1621 2520 τῆς
1642 2483 1780 2524 κεφαλῆς,
1800 2479 1845 2510 καὶ

1049 2533 1086 2566 εἷς
1101 2531 1149 2568 τὴν
1166 2532 1255 2573 ψυχὴν
1272 2530 1402 2570 ἀναδέχου
1420 2530 1468 2566 τὴν
1484 2530 1626 2575 ὠφέλειαν,
1639 2530 1666 2558 ἐν
1684 2529 1729 2575 τῷ
1742 2530 1841 2575 ᾑγεμο-

196 2582 261 2622 νικῷ
285 2579 360 2621 μέρει
385 2579 415 2609 τὸ
447 2580 539 2620 κέρδος
562 2581 609 2614 τῆς
640 2578 819 2618 ἐλεημοσύνης
845 2578 988 2617 συνάγαγε.
1013 2578 1068 2609 Καὶ
1093 2577 1117 2606 εἴ
1139 2570 1278 2616 τιννεκρὸν
1303 2576 1371 2616 ἔχεις
1392 2575 1438 2605 καὶ
1455 2575 1572 2616 ἄψυχον,
1596 2570 1648 2603 οἷον
1664 2574 1692 2602 αἱ
1706 2572 1805 2622 τρίχες,
1820 2570 1845 2598 ἕν

196 2615 290 2666 τούτῳ.
308 2615 346 2666 τῷ
379 2615 629 2666 ἀγαθῷάρίσματι
662 2615 841 2664 καταμύριζε.
885 2637 897 2650 α
917 2615 989 2658 ⁷Ἰῐᾶις
1016 2622 1150 2664 ἁμαρτίας
1175 2615 1241 2662 γάρ
1260 2615 1333 2660 σου,
1356 2620 1456 2662 φησὶν,
1486 2621 1512 2649 ἐν
1536 2619 1726 2658 ἐλεημοσύναις
1749 2615 1844 2651 ἐξάλει-

196 2674 256 2712 ψον.
272 2685 286 2698 ι

234 2770 256 2786 ³⁸
269 2770 339 2798 Psal.
361 2777 446 2803 xuv,
463 2771 490 2796 8.
529 2769 540 2786 ³
558 2770 621 2796 Act.
643 2776 677 2802 ιι,
694 2771 737 2796 36.
776 2768 787 2785 ³
800 2767 873 2795 Psal.
891 2775 986 2796 cxvm

1049 2771 1064 2794 ι.
1103 2768 1114 2789 4
1130 2768 1156 2794 II
1171 2767 1235 2794 Cor.
1250 2772 1274 2799 ι,
1289 2767 1333 2792 21.
1371 2764 1381 2781 ⁵
1397 2763 1480 2792 Hebr.
1498 2770 1542 2796 vr,
1558 2765 1584 2790 4.
1623 2761 1633 2779 ⁸
1648 2761 1737 2790 Galat.
1755 2768 1785 2794 ν,
1801 2761 1842 2787 24.

197 2809 208 2825 ⁷
223 2809 321 2840 Matth.
338 2817 368 2838 ν.
385 2813 430 2844 16,
444 2812 489 2838 26.
528 2809 539 2825 ⁸
551 2809 620 2838 Gen.
644 2817 669 2844 ι,
690 2813 733 2838 31.
773 2809 783 2825 θ
796 2808 896 2837 Matth.
910 2816 954 2836 vr.
978 2810 1005 2844 2,
1021 2810 1050 2836 5.
1088 2806 1108 2824 ¹⁰
1123 2809 1197 2835 Dan.
1214 2813 1257 2839 ῐν,
1278 2808 1330 2840 24;
1344 2804 1426 2834 Eccli.
1440 2811 1490 2837 III,
1506 2806 1548 2833 33.
