1922 3077
59 184 103 210 H7
438 175 633 204 ENARRATIO
654 175 685 202 IN
706 169 921 202 EVANGEUUM
939 166 1089 196 JOANNTS.
1109 181 1145 188 —
1164 167 1240 195 CAP.
1260 167 1313 194 ΧΠ.

1652 167 1703 193 H8

95 257 106 271 ι
128 242 210 283 Λέγει
233 236 334 282 οῧνξεῖς
355 242 385 271 ἐκ
407 241 459 270 τῶν
480 240 606 279 μαθητῶν
626 238 718 274 αὐτοῦ,
743 236 845 268 Ἰούδας

935 232 1079 260 Vsss.4-8
1098 242 1109 254 ι
1119 230 1266 266 Dicitergo
1274 237 1345 258 unus
1351 238 1384 257 ex
1392 229 1528 265 discipulis
1540 229 1608 265 ejus,
1616 229 1631 255 Ι
1634 227 1704 256 udas

61 282 179 328 Σίμωνος
192 287 383 327 Ἰσκαριώτης,
413 287 427 315 6
444 284 548 324 μέλλων
565 283 643 314 αὐτὸν
659 282 849 322 παραδιδόναι·

60 334 106 365 Διὰ
120 333 146 363 τί
159 335 239 362 τοῦτο
254 331 283 361 τὸ
308 331 390 371 μύρον
408 331 456 360 οὔκ
471 330 579 371 Δἐπριιὶθη
596 328 754 368 τριακοσίων
770 328 850 362 δηνα-

62 379 129 419 ρίων,
145 382 190 407 και
204 376 283 412 ἐδόθη
296 369 433 416 πτωχοῖς;
450 369 518 405 Εἷπε
534 374 561 403 δὲ
575 376 664 419 τοῦτο,
676 373 726 412 οὐχ
737 371 780 419 ἔτι
791 370 852 419 περ)

58 412 104 453 ἑῶν
118 412 234 462 πτωχῶν
248 421 341 462 ἔμελεν
356 412 435 460 ἀὐτῷ
446 443 455 458 ,
473 420 533 449 ἀλλ’
549 418 589 448 ὅτι
604 417 719 454 κλέπτης
735 412 786 453 ἧν,
803 415 851 446 καὶ

62 469 86 498 τὸ
100 461 289 507 γλωσσόκομον
307 461 377 506 εἶχε,
392 465 437 494 καὶ
457 464 490 494 τὰ
515 463 668 504 βαλλόμενα
692 461 850 507 ἐϐάσταζεν.

62 506 137 544 Εἶπεν
158 507 204 542 οὖν
230 512 245 540 ὃ
269 512 387 547 Ἰησοῦς·
403 508 482 549 Ἄφες
504 508 600 543 αὐτήν·
624 509 660 541 εἰς
685 506 734 543 τὴν
750 506 852 546 ἡμέραν

61 562 101 588 τοῦ
115 558 298 597 ἐνταφιασμοῦ
323 566 373 594 μου
388 554 532 594 τετήρηκεν
552 553 627 584 αὖτό.
644 551 713 586 Τοὺς
732 550 854 591 πτωχοὺς

62 603 109 642 γὰρ
130 596 247 631 πάντοτε
265 601 340 641 ἔχετε
362 599 419 638 μεθ’
441 599 559 628 ἑαυτῶν
584 598 630 637 ἐμὲ
647 597 674 627 δὲ
696 597 725 627 οὔ
738 596 853 642 ποίντοτί

63 647 144 687 ἔχετε.
158 660 169 672 ι
185 646 401 687 Φιλοχρήματος
414 644 450 674 ὢν
467 645 481 674 6
494 643 611 680 Ἰούδας,
622 643 742 672 αἰτιᾶται
752 641 797 671 τὸν
808 642 855 677 τῆς

62 686 134 730 τιμῆς
151 690 262 731 τρόπον.
286 689 363 721 Διατί
377 689 427 729 γὰρ
454 690 501 719 οὐκ
517 687 653 728 ἀργύριον,
671 686 752 727 φησὶ,
771 697 854 726 προσ-

63 737 184 775 ήνεγκας,
198 734 244 764 ἵνα
269 734 324 775 ἔχω
339 733 442 770 δηλαδὴ
458 733 569 773 κλέψαι,
587 732 655 761 ἀλλὰ
673 731 772 771 μύρον;
794 732 855 763 Πῶς

63 778 102 810 οὖν
117 781 194 814 ἄλλος
210 779 400 818 εὖαγγελιστὴς
421 779 505 818 λέγει,
530 776 569 806 ὅτι
584 777 682 810 πάντες
695 777 720 806 οἱ
736 775 855 814 μαθηταὶ

64 828 134 855 τοῦτο
157 820 249 861 simu;
285 823 395 859 Ῥητέον
423 823 523 859 τοίνυν,
548 822 588 852 ὅτι
611 821 657 850 καὶ
687 820 784 854 πάντες
807 820 854 859 μὲν

66 865 132 900 εἶπον
141 893 149 906 ,
164 870 224 899 ἀλλ’
235 871 266 899 οὗ
280 869 390 908 τοιαύτῃ
405 867 558 908 προαιρέσει
571 867 594 896 οἱ
608 867 700 903 ἄλλοι,
715 865 757 906 οἵα
772 861 854 898 οὗτος.

66 917 118 946 Οὐκ
131 915 232 954 ἐλέγχει
255 914 284 944 δὲ
301 913 378 943 αὐτὸν
396 915 409 942 6
427 912 538 953 Κύριος,
562 911 647 941 καίτοι
675 922 704 949 γε
717 910 792 943 εἰδὼς
807 911 854 939 αὖ·

66 959 104 989 τὸν
118 960 246 998 κλεπτικῇ
267 957 362 998 γνώμῃ
386 961 463 987 τοῦτο
478 958 586 987 εἰπόντα
595 968 602 975 ·
618 957 647 985 οὖ
661 955 713 994 γὰρ
727 954 855 991 ἠϐούλετο

68 1003 181 1044 ἐντρίψαι
203 1003 301 1039 αὐτὸν,
331 1002 510 1042 μακροθυμεῖν
536 1001 582 1031 καὶ
609 1003 680 1039 ἡμᾶς
706 1000 772 1040 πρὸς
796 998 856 1033 τοὺς

67 1049 188 1082 τοιούτους
212 1047 360 1078 παιδεύων.
387 1046 641 1086 Ἐπικεκρυμμένως
669 1046 759 1083 μέντοι
784 1046 856 1074 ὀνει-

69 1094 126 1128 δίζει
140 1094 211 1134 αὖτῷ
226 1093 276 1130 τὴν
289 1092 432 1132 προδοσίαν
441 1114 449 1128 ,
465 1091 511 1121 καὶ
525 1090 564 1120 ὅτι
582 1091 624 1120 διὰ
640 1088 855 1131 φιλοχρηματίαν

69 1138 152 1177 μέλλει
165 1138 311 1178 προδοῦναι
326 1137 404 1167 αὐτὸν
419 1138 454 1169 εἷς
477 1135 599 1166 Θάνατον.
628 1135 676 1166 Διὸ
690 1134 735 1164 καὶ
750 1137 795 1164 τοῦ
815 1135 855 1163 ἐν·

68 1186 210 1223 ταφιασμοῦ
232 1183 383 1221 μέμνηται,
404 1181 532 1217 πλήσσων
557 1181 605 1217 τὴν
627 1181 752 1209 ἀσύνετον
777 1179 857 1208 αὐτοῦ

69 1227 186 1268 καρδίαν,
211 1227 295 1261 ιῐπως
320 1226 483 1267 διορθωθείη.
508 1226 563 1256 Καὶ
583 1225 614 1255 τὸ
641 1225 804 1263 ἐπαγόμενον
829 1223 856 1252 δὲ

68 1274 174 1302 τοιοῦτον
188 1274 249 1301 νοῦν
277 1283 337 1301 τινα
362 1271 494 1312 ὖμιραίνει.
523 1285 535 1298 ι
550 1270 620 1304 Τοὺς
644 1268 767 1308 πτωχοὺς
791 1267 856 1307 γὰρ,

69 1318 140 1357 φησι,
154 1317 270 1347 πάντοτε
290 1318 364 1356 ἔχετε
385 1316 440 1355 μεθ’
457 1316 572 1346 ἑαυτῶν·
590 1315 636 1353 ἐμὲ
653 1315 680 1344 δέ
692 1315 722 1343 οὖ
743 1314 857 1343 πάντοτε

69 1362 145 1402 ἔχετε.
161 1375 172 1388 ι
185 1361 274 1392 Ὀσον
289 1361 379 1397 οὔπω,
396 1360 489 1401 φησὶν,
511 1359 715 1397 ἀπελεύσομαι,
733 1361 781 1388 σοῦ
807 1370 859 1388 κα-

70 1406 275 1440 τασχευάσαντός
298 1419 349 1445 μου
368 1405 411 1435 τὸν
435 1406 558 1436 Θάνατον.
580 1406 612 1436 Εἰ
628 1405 714 1434 τοίνυν
738 1403 858 1443 ἐπαχθής

71 1451 108 1481 σοί
124 1453 193 1492 εἶμι,
210 1452 257 1481 καὶ
275 1450 384 1492 φορτικὴ
405 1453 422 1487 ἡ
438 1452 474 1484 εἰς
488 1451 534 1489 ἐμὲ
550 1449 634 1488 τιμὴ,
652 1449 792 1488 ἀνάμεινον
815 1459 859 1487 μι-

72 1497 142 1537 κρὸν,
161 1498 204 1526 καὶ
229 1496 412 1536 ἆπαλλαγήσῃ
429 1507 495 1535 μου,
516 1496 561 1525 καὶ
576 1495 636 1524 τότε
654 1493 809 1533 γνωσθήσῃ,
835 1493 858 1521 εἶ

73 1542 109 1571 διὰ
121 1542 178 1576 τοὺς
186 1541 311 1581 πτωχοὺς
325 1541 432 1581 χρῄζεις
447 1543 494 1576 τῆς
507 1543 553 1570 τοῖο
569 1539 652 1585 μύρου
662 1539 793 1579 πράσεως.
809 1537 858 1585 Τί·
878 1552 901 1585 c

72 1598 108 1620 νος
120 1587 147 1616 δὲ
161 1587 262 1625 ἕνεκεν,
274 1586 298 1616 εἴ
311 1598 342 1626 γε
353 1586 551 1626 φιλοχρήματος
567 1581 599 1621 ἦν
612 1585 659 1614 καὶ
670 1584 797 1620 κλέπτης,
811 1582 858 1618 τὴν

73 1633 117 1660 τῶν
130 1633 278 1672 χρημάτων
293 1631 442 1672 οἰκονομίαν
463 1632 534 1671 αὖτῷ
550 1630 690 1672 ἐπέτρεψεν
706 1631 720 1658 6
744 1628 858 1669 Κύριος;

73 1677 109 1706 Δι’
130 1676 192 1706 αὐτὸ
218 1676 269 1716 μὲν
292 1671 337 1705 οὖν
352 1679 429 1705 τοῦτο
444 1675 485 1706 ὅτι
501 1675 616 1711 κλέπτης
638 1671 684 1711 ἦν,
708 1673 752 1703 ἵνα
771 1678 860 1703 πᾶσαν

75 1723 144 1751 αὐτοῦ
165 1723 267 1762 ἐκκόψῃ
292 1720 436 1761 πρόφασιν.
466 1721 506 1750 Οὖ
527 1720 578 1760 γὰρ
605 1715 676 1760 εἶχεν
699 1718 861 1762 ἀπήνη-ὅτι

75 1766 112 1796 διὰ
125 1758 271 1806 χρημάτων
288 1758 375 1804 ἔρωτα
393 1758 570 1805 προῦδωκενξ
599 1758 707 1799 “nam
723 1763 774 1803 γὰρ
789 1758 861 1802 εἶχεν

76 1811 101 1840 ἐκ
113 1814 155 1840 τοῦ
169 1811 363 1851 γλωσσοκόμου
378 1809 562 1850 παραμυθίαν,
579 1810 638 1839 ἀλλ’
654 1809 713 1839 οὔτι
731 1808 762 1837 τὸ
775 1808 858 1846 γλωσ-

77 1856 178 1894 σόκομον
198 1856 271 1896 ἔχων
285 1855 377 1888 πιστὸς
390 1851 434 1891 ἦν.
477 1868 489 1881 α
509 1854 660 1888 Ἐϐάσταζε
676 1868 688 1879 ιι
703 1852 770 1892 γὰρ,
786 1864 863 1881 τουτ-

77 1899 151 1936 έστιν,
174 1893 289 1930 ἔκλεπτε
305 1914 317 1927 ι
338 1900 371 1929 τὰ
388 1899 553 1939 βαλλόμενα,
568 1912 579 1925 ι
595 1898 641 1928 καὶ
664 1897 797 1938 ἱερόσυλος
813 1893 860 1934 ἧν,

77 1943 106 1973 τὰ
131 1947 164 1978 εἷς
200 1945 248 1982 τὴν
287 1944 358 1974 θείαν
393 1944 486 1984 χρείαν
517 1944 642 1982 διδόμενα
678 1942 863 1982 νοσφιζόμενος

78 1989 253 2028 (ἀκουέτωσαν
280 1990 307 2019 δὲ
333 1991 356 2019 οἱ
371 1989 519 2029 ἱερόσυλοι,
543 1989 620 2022 ποίας
646 1987 750 2027 μερίδος
774 1986 858 2026 εἰσὶ),

77 2034 118 2062 καὶ
145 2035 173 2063 τὸ
200 2034 346 2075 κεφάλαιον
379 2036 426 2069 τῆς
452 2034 563 2070 κακίας,
592 2033 700 2072 ὕστερον
726 2031 863 2070 προῦδωκε

78 2078 115 2107 τόν
131 2079 236 2119 Κύριον.
282 2078 366 2119 “Ορᾷς
381 2083 428 2108 ποῖ
447 2078 519 2118 φέρει
536 2081 553 2114 ἡ
580 2076 800 2118 φιλοχρηματία;
819 2078 864 2109 Εἷς

79 2123 219 2162 προδοσίαν.
236 2125 336 2156 Καλῶς
352 2119 395 2153 οὖν
413 2125 426 2152 6
441 2124 549 2156 Παῦλος
565 2136 575 2148 α
595 2123 669 2162 ῥίζαν
684 2122 791 2151 πάντων
811 2123 864 2150 τῶν

80 2169 158 2197 κακῶν
174 2181 189 2197 in
206 2169 306 2205 ταύτην
322 2168 458 2204 ἐκάλεσεν,
475 2170 510 2201 ὡς
524 2168 671 2208 προδοῦσαν
687 2167 732 2196 τὸν
747 2166 862 2206 Κύριον,

80 2212 120 2240 καὶ
132 2214 189 2243 καθ’
213 2213 332 2250 ἑκάστην
347 2215 418 2243 τοῦτ’
432 2213 496 2242 αὐτὸ
510 2215 648 2243 ποιοῦσαν.
666 2211 744 2245 Τινὲς
758 2211 786 2240 δέ
801 2223 865 2250 φασι

81 2257 117 2286 τὸν
133 2259 229 2288 Ἰούδαν
246 2260 441 2299 ἐγχειρισθῆναι
463 2257 510 2293 τὴν
532 2260 584 2287 τῶν
605 2256 753 2297 χρημάτων
774 2257 864 2285 διακο-

82 2301 147 2339 νίαν,
160 2305 194 2337 ὡς
207 2304 336 2334 ἐλάττονα
351 2305 403 2333 τῶν
424 2303 512 2333 ἄλλων
522 2314 528 2321 ·
543 2302 574 2332 τὸ
587 2302 639 2342 γὰρ
661 2302 721 2342 περὶ
737 2301 866 2341 χρήματα

83 2346 198 2377 διακονεῖν
209 2371 218 2384 ,
236 2351 283 2377 τοῦ
304 2348 366 2388 περὶ
381 2347 555 2377 διδασκαλίαν
579 2347 688 2376 ἔλαττον
700 2369 708 2384 ,
729 2349 763 2379 ὡς
779 2346 825 2375 καὶ
839 2347 866 2375 ἐν

83 2394 131 2424 ταῖς
153 2393 272 2431 Πράξεσί
287 2405 364 2432 φασιν
387 2393 410 2422 οἳ
435 2391 595 2422 ἀπόστολοι·
641 2403 655 2419 α
683 2392 743 2421 Οὐκ
770 2390 868 2425 ἔξεστιν

83 2436 152 2473 ἡμῖν,
166 2439 344 2467 καταλιποῧσι
363 2436 408 2466 τὸν
431 2436 509 2476 λόγον
519 2460 526 2473 ,
542 2437 672 2466 διακονεῖν
687 2435 839 2477 τραπέζαις.
856 2448 867 2461 ι

119 2494 129 2507 ι
156 2480 247 2521 Ἔγνω
283 2477 328 2512 οἶν
354 2481 432 2522 ὄχλος
458 2481 541 2515 πολὺς
568 2483 599 2511 ἐκ
629 2483 680 2510 τῶν
714 2480 867 2516 Ἰουδαίων,

85 2524 119 2553 ὅτι
137 2526 188 2555 ἐκεῖ
216 2528 288 2563 ἐστι²
315 2527 361 2555 καὶ
386 2523 466 2563 ἦλθον
492 2527 521 2555 οὗ
544 2526 586 2555 διὰ
615 2525 660 2555 τὸν
680 2525 784 2561 Ἰησοῦν
818 2525 869 2562 μό-

85 2579 137 2606 νον,
162 2571 221 2600 an:
247 2570 292 2600 ἵνα
318 2571 363 2600 καὶ
391 2570 435 2600 τὸν
464 2571 586 2610 Λάζαρον
612 2570 717 2609 ἴδωσιν,
743 2570 771 2600 ὃν
792 2569 869 2608 ἤγει-

87 2625 124 2651 ρεν
148 2616 176 2644 ἐκ
203 2619 314 2656 νεκρῶν.
358 2615 572 2645 Ἐϐουλεύσαντο
607 2615 634 2644 δὲ
669 2617 693 2644 οἱ
724 2615 870 2655 ἀρχιερεῖς,

86 2655 123 2687 ἵνα
144 2659 187 2688 καὶ
201 2655 256 2690 τὸν
270 2661 393 2700 Λάζαρον
419 2660 627 2697 ἀποκτείνωσιν,
652 2659 693 2689 ὅτι
718 2659 813 2689 πολλοὶ
837 2659 870 2688 δι’

88 2703 155 2733 αὐτὸν
167 2706 266 2745 ὑπῆγον
291 2708 343 2735 τῶν
361 2705 513 2742 Ἰουδαίων,
529 2705 575 2735 καὶ
599 2705 737 2735 ἐπίστευον
759 2707 796 2738 εἰς
826 2704 870 2734 τὸν

86 2746 192 2784 Ἰησοῦν.
216 2762 231 2780 ι
276 2751 449 2790 Εὖγνώμονες
474 2745 543 2787 ἦσαν
577 2745 670 2787 οὗτοι,
697 2752 721 2779 οἱ
747 2750 812 2790 πρὸς
827 2749 871 2778 τὸν

906 277 1026 305 Simonis
1040 275 1191 309 Iscariotes,
1208 275 1255 311 qui
1268 278 1325 302 erat
1338 282 1402 302 eum
1418 274 1574 310 proditurus
1590 283 1597 301 :
1613 275 1704 310 Quare

906 322 959 350 hoc
970 325 1140 357 unguentum
1155 328 1214 348 non
1228 320 1313 347 veniit
1327 319 1455 347 trecentis
1467 319 1595 353 denariis,
1611 323 1639 347 et
1651 319 1700 347 da-

906 371 967 395 tum
981 370 1023 394 est
1036 366 1147 402 egenis?
1162 365 1241 393 Dixit
1252 369 1344 393 autem
1358 364 1411 392 hoc
1426 371 1482 392 non
1497 363 1557 400 quia
1572 371 1704 400 pauperes

907 412 944 440 illi
960 418 1036 440 cum
1050 415 1151 445 essent,
1165 410 1213 438 sed
1236 410 1300 446 quia
1323 409 1367 437 fur
1382 413 1449 443 erat,
1475 416 1507 436 ac
1532 408 1703 444 marsupium

906 456 1037 489 habebat,
1063 463 1147 491 eaque
1166 463 1227 491 quae
1246 454 1436 488 mittebantur,
1469 453 1603 490 portabat.
1628 453 1704 481 Dixit

908 509 973 538 ergo
987 502 1066 529 Iesus
1091 500 1179 529 :Sine
1202 499 1277 528 illam
1298 509 1306 528 :
1328 499 1356 527 in
1380 499 1454 527 diem
1475 498 1621 534 sepulturae
1635 505 1705 526 mea:

907 546 1027 576 servavit
1047 545 1132 574 istud.
1158 547 1292 581 Pauperes
1315 544 1389 572 enim
1405 551 1514 579 semper
1534 542 1642 571 habetis
1655 550 1706 570 vo-

907 591 1025 626 biscum,
1048 599 1093 619 me
1106 598 1171 618 vero
1193 598 1249 617 non
1264 597 1370 625 semper
1384 589 1497 617 habetis.
1513 600 1524 613 υ
1541 589 1557 616 J
1561 588 1629 616 udas
1641 595 1705 616 eum

908 641 983 666 esset
1002 643 1110 670 avarus,
1134 634 1311 675 reprehendit
1331 634 1446 662 honoris
1466 634 1593 662 modum.
1616 634 1707 668 Quare

908 682 982 710 enim
994 689 1049 709 non
1063 681 1189 709 obtulisti
1203 679 1357 716 pecuniam,
1372 679 1469 715 inquit,
1483 683 1514 707 ut
1529 686 1639 715 possem
1652 678 1706 706 sci-

909 727 970 755 licet
985 726 1081 760 l'urari,
1094 725 1144 754 sed
1163 727 1350 761 unguentum?
1365 724 1512 759 Quomodo
1533 724 1615 760 igitur
1636 723 1707 752 alius

909 772 1072 808 evangelista
1093 770 1160 799 dicit
1182 770 1255 806 quod
1272 782 1284 794 ιι
1308 777 1405 798 omnes
1419 769 1543 805 discipuli
1564 768 1616 796 hoc
1629 768 1706 796 dixe-

909 817 964 845 rint
993 819 1034 845 "?
1062 828 1074 840 υ
1097 815 1254 843 Dicendum
1276 815 1368 851 igitur,
1394 814 1468 850 quod
1485 821 1581 842 omnes
1596 813 1706 850 quidem

910 861 1034 896 dixerint,
1050 860 1098 889 sed
1111 868 1167 888 non
1188 860 1234 887 tali
1249 864 1339 887 mente
1352 859 1408 892 alii,
1423 859 1495 895 quali
1510 859 1569 886 iste.
1587 860 1648 886 Non
1663 866 1707 886 re-

912 906 1057 944 prehendit
1077 909 1170 933 autem
1186 913 1250 933 eum
1268 904 1415 937 Dominus,
1430 904 1553 939 quamvis
1567 903 1649 931 sciret
1662 901 1706 931 fu-

909 952 965 980 raci
980 951 1072 979 animo
1096 950 1150 978 hoc
1170 950 1253 986 671
1281 949 1355 976 illum
1370 949 1472 976 dixisse
1491 948 1612 982 (nolebat
1634 947 1708 975 enim

909 997 987 1024 illum
1000 995 1181 1028 confundere,
1200 994 1301 1022 docens
1316 997 1344 1022 et
1363 1001 1414 1021 nos
1429 993 1597 1028 longanimes
1610 992 1709 1020 debere

909 1049 968 1069 esse
982 1048 1047 1077 erga
1057 1040 1144 1073 tales),
1154 1038 1201 1066 sed
1214 1038 1321 1066 occulte
1331 1038 1465 1074 opprobat
1473 1038 1497 1065 ei
1513 1037 1707 1073 proditionem,

910 1090 939 1114 et
959 1085 1033 1122 quod
1057 1089 1169 1120 propter
1183 1083 1326 1111 avaritiam
1342 1083 1492 1110 traditurus
1515 1086 1585 1110 esset
1602 1088 1665 1109 eum
1680 1082 1709 1109 in

911 1134 1040 1159 mortem.
1069 1129 1133 1158 ldeo
1147 1133 1174 1156 et
1194 1129 1341 1164 sepultura:
1366 1128 1503 1161 meminit,
1520 1127 1709 1163 perstringens

911 1175 1093 1211 insipientiam
1113 1173 1182 1210 ejus,
1199 1173 1221 1202 si
1242 1181 1298 1209 quo
1314 1177 1394 1209 pacto
1408 1172 1570 1208 corrigatur.
1589 1173 1622 1200 Et
1635 1171 1709 1207 quod

911 1219 1048 1252 subditur,
1069 1219 1152 1247 talem
1176 1217 1324 1254 quemdam
1347 1225 1457 1246 sensum
1473 1217 1576 1245 habet:
1606 1227 1619 1240 ι
1639 1218 1709 1244 Pau-

911 1273 989 1301 peres
1010 1264 1095 1297 enim,
1115 1263 1215 1299 inquit,
1237 1270 1345 1298 semper
1363 1262 1469 1290 habetis
1493 1261 1645 1295 vobiscum,
1665 1267 1712 1288 me

912 1314 1005 1338 autem
1026 1317 1083 1336 non
1102 1316 1210 1344 semper
1225 1308 1342 1341 habetis,
1359 1319 1371 1331 ι»
1388 1315 1421 1334 eo
1440 1306 1513 1343 quod
1530 1306 1604 1334 brevi
1619 1306 1709 1334 abitu-

911 1363 959 1383 rus
981 1362 1055 1387 sum,
1077 1358 1104 1382 te
1123 1353 1195 1381 mihi
1217 1357 1337 1380 mortem
1367 1351 1552 1379 machinante.
1577 1351 1664 1387 igitur
1688 1350 1710 1378 si

912 1407 1046 1429 onerosus
1069 1398 1118 1426 tibi
1145 1406 1216 1433 sum,
1244 1401 1272 1426 et
1295 1397 1427 1425 molestus
1442 1397 1487 1424 ille
1502 1397 1530 1424 in
1550 1404 1595 1423 me
1610 1395 1709 1429 honor,

912 1448 1036 1480 exspecta
1052 1443 1200 1480 paulisper,
1213 1445 1241 1470 et
1260 1442 1313 1470 eris
1328 1442 1396 1470 liber
1409 1449 1425 1469 a
1443 1449 1489 1469 me
1505 1451 1511 1468 ε
1526 1445 1553 1468 et
1567 1445 1633 1468 tunc
1644 1440 1713 1468 scies

912 1497 979 1517 num
991 1493 1102 1525 propter
1115 1495 1247 1524 pauperes
1267 1495 1338 1523 opus
1352 1487 1453 1515 habeas
1467 1486 1603 1522 unguenti
1616 1485 1709 1513 vendi-

914 1534 997 1562 tione.
1020 1535 1111 1569 Quare
1125 1537 1227 1567 autem,
1249 1533 1270 1560 si
1295 1531 1407 1567 quidem
1421 1538 1519 1559 avarus
1536 1534 1597 1558 erat
1615 1534 1643 1558 et
1657 1529 1712 1562 fur,

915 1578 1094 1616 pecuniarum
1114 1577 1348 1613 dispensationem
1372 1576 1396 1603 ei
1419 1575 1543 1612 permisit
1556 1575 1714 1603 Dominus?

915 1625 1029 1660 Propter
1051 1622 1123 1651 istud
1146 1622 1236 1658 ipsum
1257 1621 1331 1658 quod
1347 1620 1390 1649 fur
1411 1625 1481 1654 erat,
1506 1624 1537 1648 ut
1561 1627 1673 1648 omnem
1689 1619 1713 1647 ei

915 1668 1088 1696 occasionem
1117 1667 1243 1695 auferret.
1273 1667 1336 1694 Non
1372 1665 1445 1694 enim
1479 1668 1588 1701 poterat
1620 1664 1714 1692 dicere

915 1713 990 1749 quod
1011 1717 1121 1748 propter
1136 1712 1313 1747 pecuniarum
1340 1718 1464 1738 amorem
1478 1717 1544 1738 eum
1562 1709 1715 1744 prodiderit

914 1759 986 1785 Nam
1007 1757 1075 1785 satis
1099 1755 1294 1784 consolationis
1317 1763 1349 1784 ex
1374 1755 1512 1790 marsupio
1537 1754 1665 1785 habebat,
1688 1757 1716 1781 et

915 1810 1004 1838 neque
1027 1801 1201 1836 marsupium
1225 1808 1323 1837 gerens
1341 1799 1429 1828 ﬁdelis
1452 1804 1521 1827 erat.
1545 1810 1558 1823 σι
1584 1798 1716 1826 Portabat

916 1847 1000 1880 enim,
1016 1858 1028 1870 ι
1044 1846 1098 1874 hoc
1117 1850 1159 1873 est
1172 1845 1324 1879 iurabatur,
1350 1856 1363 1868 α
1384 1852 1445 1880 qum
1464 1843 1643 1871 mittebantur
1659 1854 1672 1867 υ
1687 1847 1716 1870 et

915 1891 1064 1926 sacrilegus
1083 1894 1151 1923 erat,
1171 1890 1200 1917 in
1223 1897 1306 1917 suum
1319 1896 1400 1917 usum
1423 1888 1530 1924 rapiens
1549 1895 1581 1915 ea
1606 1895 1668 1923 qua:
1684 1888 1715 1915 in

916 1936 1038 1964 divinum
1047 1935 1192 1963 dabantur.
1204 1933 1326 1962 Audiant
1335 1933 1459 1969 sacrilegi
1468 1940 1585 1968 quantm
1595 1932 1714 1968 partium

917 1982 977 2009 sint.
991 1982 1025 2008 Et
1036 1984 1119 2016 caput
1133 1979 1246 2008 malitiae
1258 1983 1310 2013 est,
1325 1977 1400 2014 quod
1416 1982 1509 2014 postea
1528 1976 1647 2005 vendidit
1659 1978 1716 2004 Do-

917 2026 1035 2054 minum.
1052 2025 1133 2053 Vides
1154 2032 1209 2060 quo
1223 2024 1295 2052 ferat
1308 2023 1439 2051 avaritia?
1453 2022 1498 2050 Ad
1519 2022 1711 2058 proditionem.

918 2072 991 2099 Bene
1006 2070 1088 2106 igitur
1108 2070 1209 2097 Paulus
1229 2080 1242 2093 ι
1260 2068 1382 2097 radicem
1400 2067 1527 2095 omnium
1548 2067 1684 2094 malorum
1702 2077 1715 2090 η

920 2116 989 2144 hanc
1008 2115 1115 2143 vocavit
1136 2115 1168 2148 ¹²,
1191 2118 1287 2150 utpote
1302 2121 1364 2149 quae
1384 2110 1535 2149 prodiderit
1552 2111 1715 2144 Dominum,

919 2164 946 2189 et
958 2160 1078 2196 quotidie
1093 2160 1145 2187 hoc
1159 2158 1252 2187 faciat.
1269 2158 1398 2186 Nonnulli
1412 2158 1490 2185 aiunt
1503 2156 1565 2185 ideo
1580 2156 1717 2184 creditam

917 2206 998 2234 Iuda:
1030 2205 1207 2241 pecuniarum
1234 2203 1477 2239 dispensationem,
1504 2210 1553 2230 ceu
1581 2202 1717 2229 minorem

920 2251 989 2279 aliis.
1002 2251 1073 2278 Nam
1093 2249 1213 2285 pecuniis
1228 2249 1384 2276 ministrare
1399 2247 1489 2275 minus
1503 2250 1545 2275 est
1566 2254 1649 2281 quam
1664 2245 1717 2273 do-

920 2295 1032 2328 ctrinae;
1045 2295 1118 2322 sicut
1131 2299 1159 2322 et
1170 2294 1197 2321 in
1207 2293 1284 2321 Actis
1295 2292 1392 2320 dicunt
1402 2292 1516 2328 apostoli
1530 2301 1538 2319 :
1553 2303 1565 2316 ι
1578 2292 1641 2319 Non
1656 2291 1719 2318 licet

921 2340 1000 2368 nobis
1014 2339 1109 2368 relicto
1123 2345 1250 2367 sermone
1264 2337 1419 2365 ministrare
1431 2337 1535 2365 mensis
1546 2335 1577 2364 ¹³.
1596 2347 1609 2360 ν

959 2479 1048 2508 Vens.
1070 2481 1150 2506 9-11.
1178 2487 1192 2504 ι(
1217 2477 1353 2514 Cognovit
1376 2484 1441 2513 ergo
1463 2476 1544 2505 turba
1571 2476 1658 2504 multa
1688 2484 1721 2504 ex

923 2524 1025 2553 Iudaeis
1044 2523 1118 2559 quod
1137 2527 1209 2551 esset
1227 2522 1284 2550 illic
1300 2532 1306 2550 :
1330 2526 1358 2550 et
1378 2525 1512 2550 venerunt
1534 2529 1591 2549 non
1611 2525 1722 2557 propter

923 2571 1018 2598 Jesum
1042 2572 1162 2603 tantum,
1185 2567 1233 2596 sed
1258 2571 1289 2596 ut
1305 2568 1440 2595 Lazarum
1462 2574 1571 2603 quoque
1586 2566 1721 2598 viderent,

927 2623 1009 2652 quem
1031 2614 1210 2642 suscitaverat
1229 2621 1244 2641 a
1265 2613 1391 2641 mortuis.
1412 2612 1610 2640 Consultabant
1630 2614 1722 2638 autem

925 2659 1063 2697 principes
1081 2659 1258 2687 sacerdotum
1277 2662 1307 2686 ut
1321 2662 1349 2686 et
1367 2658 1506 2685 Lazarum
1529 2655 1724 2688 interﬁcerent,

924 2706 988 2743 quia
1002 2704 1082 2733 multi
1098 2708 1208 2740 propter
1223 2703 1300 2731 illum
1314 2702 1426 2730 abibant
1443 2709 1476 2729 ex
1490 2700 1603 2734 Iudaeis,
1619 2703 1646 2728 et
1664 2707 1722 2727 cre-

926 2751 1027 2780 debant
1035 2750 1062 2778 in
1070 2751 1176 2778 Iesum.
1188 2760 1201 2774 ι
1213 2747 1345 2777 Benevoli
1359 2747 1474 2775 fuerunt
1485 2745 1511 2773 hi
1525 2745 1571 2781 qui
1582 2744 1617 2772 ad
1629 2745 1724 2772 Jesum

121 2843 138 2859 “
151 2843 248 2873 Matth.
264 2852 354 2878 xxvt,
370 2848 396 2873 8.
436 2844 457 2862 ¹¹
471 2845 482 2872 1
497 2844 572 2873 Tim.
586 2850 631 2879 vt,
649 2846 692 2872 to.
731 2843 753 2860 ¹³
766 2845 826 2872 Act.
843 2851 885 2877 vr,
902 2845 926 2870 2.
