1922 3077
204 178 253 205 Η9

709 174 966 203 THEOPHYLACTI
987 173 1165 201 BULGARl/E
1184 173 1340 201 ABCHIEP.

1811 176 1860 203 120

200 242 344 273 venemnt,
375 242 403 266 et
434 246 489 266 non
513 238 583 266 sicut
609 237 664 272 alii,
692 237 818 266 malevoli
844 241 871 265 et
899 236 985 265 insani

1055 237 1153 276 Κύριον
1175 235 1311 274 ἐλθόντες,
1328 235 1374 266 καὶ
1389 236 1450 276 οὐχ).
1474 236 1544 267 κατὰ
1567 237 1628 271 τοὺς
1641 236 1756 272 λοιποὺς
1773 237 1862 277 ἀγνώ-

201 295 214 309 α
230 284 373 312 Venerunt
383 282 469 317 enim,
480 283 576 319 inquit,
588 291 644 310 non
654 288 764 318 propter
776 284 871 310 Jesum
880 286 1000 316 tantum,

199 328 248 357 sed
263 332 294 356 ut
314 332 343 356 et
362 329 498 355 Lazarum
514 327 640 355 viderent
659 349 666 355 .
691 337 706 353 ι)
732 328 803 355 Nam
821 334 886 355 cum
907 334 999 355 revera

199 372 351 401 maximum
373 373 536 400 miraculum
562 377 646 406 esset,
671 372 751 400 multi
773 372 919 408 cupiebant
941 372 1000 406 ejus

200 418 246 454 qui
262 421 420 445 surrexerat
430 421 598 452 spectatores
611 417 668 444 ﬁeri
684 427 692 444 :
705 417 827 444 fortassis
841 420 998 451 exspectan-

198 466 240 490 tes
255 462 348 490 audire
363 470 377 489 a
390 463 495 489 Lazaro
508 461 541 489 de
561 462 594 489 iis
609 469 670 497 quzc
686 463 714 489 in
734 461 848 489 inferno.
870 461 999 488 Pharismi

200 511 291 535 autem
307 511 363 534 tam
387 506 530 534 inhumani
548 510 636 540 erant,
660 511 691 534 ut
713 515 768 534 non
793 507 882 534 solum
894 507 999 537 Jesum,

199 551 249 580 sed
263 556 291 579 et
306 553 442 579 Lazarum
458 551 582 579 occidere
596 556 739 587 cuperent,
762 559 794 579 eo
808 550 884 587 quod
906 551 1000 578 multis

200 600 296 624 auctor
316 597 413 624 salutis
428 596 515 631 ﬁeret,
534 600 561 623 et
575 596 710 624 miraculo
725 604 774 623 suo
789 596 823 623 ad
838 596 920 623 ﬁdem
935 596 1000 623 sim-

200 641 327 676 pliciores
339 641 495 668 adduceret.
507 643 549 668 Ita
562 641 634 677 apud
649 641 712 668 illos
725 641 829 668 crimen
842 645 909 674 erat,
922 641 945 667 si
957 641 1001 668 cui

200 685 350 713 beneﬁcret
363 694 370 712 :
384 686 440 713 imo
450 686 502 713 hoc
514 686 585 713 male
597 685 713 713 habebat
723 693 781 719 eos,
796 685 870 721 quod
882 686 1000 713 instante

201 730 245 759 die
258 730 329 758 festo
344 738 440 758 omnes
455 731 489 759 ad
504 730 667 758 Bethaniam
683 734 834 765 currerent,
851 730 1000 766 ﬁerentque

200 775 342 803 auditores
355 775 492 809 miraculi,
511 780 538 803 et
552 779 720 812 spectatores
741 775 798 811 ejus
813 775 861 812 qui
877 783 998 803 resurre-

200 824 288 848 xerat.

235 915 321 943 Vsus.
343 917 434 947 12,l3.
462 926 474 939 α
499 915 611 942 Postero
635 914 690 948 die,
714 914 795 942 turba
821 915 906 942 multa
934 922 995 950 quae

199 964 311 986 verterat
322 959 355 986 ad
371 959 443 987 diem
457 959 567 993 festum,
584 968 646 986 cum
657 959 796 987 audissent
810 959 882 995 quod
893 959 1000 987 veniret

198 1004 277 1031 Jesus
298 1004 531 1039 Hierosolymam,
557 1008 720 1040 acceperunt
735 1004 819 1039 672
833 1012 925 1032 ramos
941 1005 996 1040 pal-

198 1056 319 1082 marum,
332 1053 358 1076 et
371 1053 563 1084 processerunt
575 1049 684 1076 obviam
703 1049 737 1082 ei,
758 1053 786 1076 et
807 1049 964 1076 clamabant
990 1057 996 1074 :

198 1094 342 1126 Hosanna,
357 1092 518 1120 benedictus
546 1093 592 1129 qui
607 1094 681 1121 venit
694 1093 721 1120 in
735 1094 849 1121 nomine
870 1093 996 1128 Domini,

197 1145 245 1165 rex
255 1138 347 1165 lsrael.
361 1149 374 1162 1
389 1139 458 1165 Cum
472 1138 773 1174 secessissctpaululum
785 1138 812 1165 in
821 1138 996 1166 solitudinem

198 1183 346 1216 Dominus,
372 1186 404 1210 ut
427 1182 611 1218 restingueret
632 1182 754 1210 furorem
782 1183 995 1218 homicidarum,

198 1227 297 1254 iterum
328 1227 411 1254 libere
438 1227 553 1262 accedit,
582 1232 609 1255 et
637 1227 767 1255 omnibus
796 1227 995 1255 manifestatur.

197 1272 319 1299 Instabat
333 1272 407 1299 enim
424 1276 489 1299 tunc
508 1277 618 1308 tempus
640 1273 782 1308 passionis,
807 1276 834 1300 et
855 1281 911 1300 non
925 1273 995 1300 ultra

197 1317 341 1352 oportebat
353 1325 415 1344 eum
431 1317 526 1349 latere,
537 1317 584 1345 sed
599 1317 663 1345 dare
679 1325 707 1345 se
719 1326 768 1353 pro
782 1317 870 1345 salute
883 1317 992 1346 mundi.

197 1361 265 1389 Vide
298 1366 390 1389 autem
423 1362 645 1397 consequentiam
676 1362 820 1398 passionis.
851 1362 997 1390 Susoitavit

196 1408 342 1441 Lazarum,
358 1406 491 1434 miraculo
507 1406 558 1434 hoc
576 1407 699 1434 maximo
714 1408 839 1434 omnium
863 1407 896 1434 ad
913 1407 995 1434 linem

196 1455 332 1479 reservato
359 1461 365 1479 :
387 1459 417 1478 ea
434 1456 544 1487 propter
563 1452 641 1479 multi
660 1452 836 1479 confluebant
860 1456 887 1478 et
901 1451 995 1479 crede—

196 1496 263 1523 bant
279 1495 468 1524 :credentibus
485 1496 578 1523 nmltis
593 1497 682 1532 major
695 1497 856 1524 nascebatur
870 1495 969 1523 invidia
985 1504 992 1522 :

196 1540 328 1568 invidiam
347 1545 439 1568 autem
455 1545 555 1569 secutm
571 1545 635 1569 sunt
655 1542 761 1569 iusidim
777 1545 805 1568 et
827 1549 904 1568 crux.
920 1540 996 1567 Dicit

196 1585 270 1613 enim
290 1596 296 1613 :
315 1597 328 1610 ι
343 1587 410 1613 Cum
422 1585 561 1613 audissent
573 1586 660 1614 turba:
673 1586 746 1621 quod
761 1585 864 1613 veniret
879 1586 967 1616 Iesus,
981 1596 993 1608 ιι

196 1631 403 1658 occurreruntei
413 1639 476 1658 cum
488 1631 582 1666 gloria,
596 1624 706 1666 propter
715 1630 883 1657 miraculum
896 1629 994 1656 Lazari

195 1675 330 1712 majorem
354 1675 391 1703 illi
413 1675 604 1711 impendentes
626 1675 759 1702 honorem
785 1682 868 1709 quam
892 1673 995 1700 homini

194 1728 265 1756 puro
275 1721 417 1748 debeatur.
432 1722 495 1748 Non
511 1719 586 1746 enim
598 1720 667 1746 ultra
689 1723 719 1745 ut
734 1719 895 1754 prophetam
910 1717 994 1746 habe-

194 1765 261 1793 bant
275 1765 361 1793 illum.
385 1766 474 1799 Quem
495 1763 568 1791 enim
584 1763 778 1799 prophetarum
793 1767 885 1799 patres
898 1771 995 1791 eorum

195 1809 234 1838 sic
248 1810 365 1838 venerati
383 1813 447 1837 sunt
461 1808 527 1836 olim
544 1809 684 1843 unquam?
707 1807 788 1835 Unde
806 1812 833 1835 ct
844 1808 973 1835 dicebant
987 1817 994 1836 :

195 1865 208 1878 ι(
218 1856 361 1889 Hosanna,
370 1853 528 1881 benedictus
542 1852 587 1888 qui
601 1853 673 1880 venit
684 1853 712 1880 in
724 1853 835 1880 nomine
846 1853 969 1881 Domini.
981 1864 994 1876 ιο

195 1901 234 1927 Ex
257 1900 301 1928 his
330 1903 425 1927 autem
448 1897 537 1925 verbis
560 1897 712 1932 colligimus
737 1898 858 1933 primum
881 1897 994 1934 quidem

193 1945 267 1981 quod
290 1948 367 1972 Deus
393 1944 438 1971 sit.
463 1943 533 1970 Nam
562 1954 574 1966 α
597 1943 727 1970 Hosanna
754 1955 766 1967 ιι
791 1943 994 1978 interpretatur,

192 1991 283 2022 Salva,
294 1989 419 2021 obsecro,
433 1987 503 2015 sicut
514 1991 541 2014 et
553 1987 581 2013 in
595 1987 744 2014 centesimo
759 1987 865 2014 decimo
880 1987 995 2022 septimo

193 2035 303 2062 Psalmo
319 2042 333 2061 ιι
346 2034 427 2060 LXX
438 2032 464 2060 in
475 2033 602 2060 Graecum
619 2039 727 2058 versum
739 2035 790 2064 est,
803 2031 847 2058 ubi
863 2031 995 2058 llehraice

193 2079 276 2107 habet
297 2088 303 2106 ε
324 2089 336 2101 α
354 2079 497 2107 Hosanna,
522 2087 534 2100 ν
552 2076 649 2103 Graece
663 2075 760 2102 dicitur
777 2085 783 2102 :
799 2087 812 2099 ιι
827 2076 851 2103 Ο
865 2075 993 2110 Domine,

193 2123 278 2155 salva,
300 2121 425 2149 obsecro.
444 2132 457 2144 ι»
473 2120 583 2148 Salvare
605 2124 698 2147 autem
718 2119 802 2147 solius
823 2119 870 2147 Dei
890 2124 951 2147 est:
969 2124 996 2147 et

192 2167 226 2194 ad
246 2167 335 2202 ipsum
356 2165 461 2193 dictum
476 2169 538 2192 est:
563 2175 576 2189 κ
599 2165 678 2192 Salva
694 2172 754 2198 nos,
782 2164 900 2192 Domine
915 2166 990 2192 Deus

194 2215 303 2245 noster;
327 2222 339 2235 ιι
354 2215 380 2238 et
400 2218 430 2237 ex
445 2209 575 2237 omnibus
589 2209 656 2237 locis
675 2209 814 2245 collegerit
834 2209 896 2246 quis
915 2209 989 2245 quod
1003 2195 1028 2227 D

192 2257 309 2284 salutem
328 2255 379 2283 soli
402 2256 461 2282 Deo
476 2254 617 2290 Scriptura
634 2254 748 2282 tribuat.
767 2254 854 2290 Igitur
871 2254 990 2290 primum

193 2301 306 2337 quidem
330 2300 382 2328 hoc
410 2299 571 2334 ostendunt,
598 2299 671 2327 dicta
692 2299 780 2327 David
810 2299 860 2334 ipsi
883 2299 990 2327 Christo

192 2345 385 2379 attribuentes,
400 2344 473 2380 quod
486 2346 560 2372 Deus
574 2345 623 2378 sit;
644 2345 741 2372 deinde
752 2344 825 2380 quod
842 2348 870 2371 et
885 2344 990 2379 proprie

192 2393 276 2419 Deus.
291 2391 362 2418 Nam
380 2402 391 2414 ιι
406 2389 458 2424 Qui
480 2389 562 2422 venit,
576 2400 589 2414 ))
612 2389 711 2424 inquit,
734 2397 790 2416 non
804 2388 856 2423 Qui
870 2388 988 2416 ducitur.

192 2436 262 2464 Nam
283 2435 336 2462 hoe
357 2434 495 2462 servitutis
511 2438 562 2467 est,
583 2434 649 2461 illud
664 2440 756 2461 autem
780 2434 928 2469 potestatis.
945 2434 989 2460 Di—

191 2479 279 2508 cendo
288 2487 352 2507 vero
363 2490 368 2507 :
381 2491 393 2504 α
403 2481 436 2506 In
442 2479 557 2506 nomine
565 2479 687 2513 Domini,
698 2491 710 2503 υ
724 2479 796 2506 istud
803 2478 892 2514 ipsum
899 2478 989 2509 docet,

192 2524 267 2561 quod
277 2525 334 2561 ipse
348 2532 427 2552 verus
438 2524 474 2551 sit
490 2525 580 2556 Deus;
602 2531 658 2551 non
672 2524 745 2551 enim
757 2523 854 2551 dicunt
864 2531 928 2550 eum
943 2531 988 2550 ve-

189 2570 250 2598 nire
264 2569 292 2597 in
307 2569 417 2596 nomine
431 2568 511 2602 servi,
533 2568 580 2596 sed
597 2568 720 2596 Domini.
740 2569 775 2596 Et
794 2568 903 2603 insuper
915 2575 988 2595 asse-

188 2618 255 2643 runt
265 2613 339 2651 quod
357 2622 414 2641 nou
429 2614 465 2641 sit
491 2612 663 2641 adversarius
678 2615 747 2647 Deo,
765 2612 814 2641 sed
833 2613 859 2640 in
878 2612 990 2640 nomine

189 2660 279 2688 Patris
297 2659 411 2691 venerit.
431 2658 502 2685 sicut
519 2658 612 2694 etipse
627 2658 764 2685 Dominus
781 2657 888 2692 inquit:
903 2669 914 2681 α
930 2658 989 2693 Ego

189 2705 250 2733 veni
270 2704 298 2732 in
322 2704 433 2732 nomine
449 2702 536 2731 Patris
554 2702 621 2737 mei,
643 2702 712 2730 alius
735 2706 827 2730 autem
852 2702 942 2729 veniet
961 2702 989 2729 in

191 2749 305 2777 nomine
327 2757 386 2777 suo.
419 2760 431 2772 ιι
455 2750 542 2776 Porro
566 2755 658 2784 regem
678 2748 758 2775 lsrael
787 2747 990 2783 appellaverunt

192 2801 269 2828 eum,
285 2793 406 2822 fortassis
416 2793 542 2822 sensibile
554 2791 694 2829 quoddam
712 2799 827 2828 regnum
840 2791 990 2828 imaginan-

191 2842 232 2866 tes
247 2848 253 2866 :
266 2839 463 2874 exspectabant
477 2838 549 2866 enim
566 2842 597 2866 ut
610 2841 732 2874 surgeret
748 2845 794 2865 rex
808 2836 897 2872 major
906 2844 988 2873 supra

1057 292 1133 320 μονες
1157 282 1202 311 καὶ
1219 282 1374 314 λυττῶντες.
1417 295 1429 308 ι
1443 277 1544 312 ’Ἦλθον
1567 281 1629 322 γὰρ,
1646 282 1748 323 φησὶν,
1766 283 1800 312 οὗ
1818 283 1862 313 διὰ

1055 326 1099 355 τὸν
1116 325 1220 362 Ἰησοῦν
1238 326 1328 365 μόνον,
1345 327 1405 356 ἀλλ’
1420 325 1464 356 ἵνα
1479 327 1525 356 καὶ
1540 327 1585 356 τὸν
1600 327 1726 367 Λάζαρον
1741 328 1832 357 ἴδωσι.
1850 341 1862 356 ι

1055 372 1105 410 Τῷ
1128 370 1185 400 ὄντι
1200 370 1252 410 γὰρ
1279 371 1405 410 μεγίστου
1431 374 1476 400 τοῦ
1502 371 1637 411 θαύματος
1660 372 1737 406 ὄντος
1762 374 1861 403 πολλοὶ

1054 415 1199 450 ἠϐούλοντο
1234 419 1325 445 θεαταὶ
1351 415 1473 455 γενέσθαι
1501 419 1548 446 τοῦ
1574 417 1762 454 ἀναστάντος,
1797 417 1861 451 ἴσως

1054 461 1252 499 προσδοκῶντές
1272 473 1298 490 τι
1313 461 1358 490 καὶ
1373 461 1434 500 περὶ
1460 463 1512 490 τῶν
1532 461 1558 490 ὲν
1573 464 1610 502 τῷ
1634 463 1685 503 ᾅδῃ
1711 462 1793 503 παρὰ
1814 466 1859 492 τοῦ

1055 505 1180 545 Λαζάρου
1205 506 1373 547 ᾀκούσεσθαι.
1397 507 1433 536 Οἱ
1456 507 1482 535 δὲ
1499 508 1646 547 Φαρισαῖοι
1665 507 1753 541 οὕτως
1771 509 1860 537 ἀπαν-

1055 550 1166 590 θρώπως
1195 545 1285 590 εἶχον,
1313 550 1381 581 ὥστε
1406 553 1436 580 οὗ
1460 552 1539 589 μόνον
1563 553 1608 582 τὸν
1629 552 1735 589 Ἰησοῦν
1763 552 1860 590 θέλειν,

1055 595 1124 625 ἀλλὰ
1140 595 1185 624 καὶ
1199 596 1243 626 τὸν
1259 596 1380 636 Λάζαρον
1395 597 1559 633 ἀποκτεῖναι,
1578 597 1644 626 διότι
1665 597 1753 631 αἴτιος
1771 609 1860 634 σωτη-

1056 641 1113 680 ρίας
1136 642 1243 674 πολλοῖς
1265 641 1385 679 ἐγένετο,
1409 643 1446 682 τῷ
1466 641 1526 681 περὶ
1549 642 1627 671 αῧτὸν
1645 643 1768 681 θαύματι
1794 643 1861 683 πρὸς

1054 685 1103 720 τὴν
1138 687 1226 715 πίστιν
1260 687 1422 728 ἐπαγόμενος
1449 685 1509 720 τοὺς
1541 687 1741 728 ἆδολωτέρους·
1774 687 1862 722 οὕτως

1055 729 1177 769 ἔγκλημα
1199 731 1262 770 παρ’
1280 731 1366 764 αὐτοῖς
1381 727 1413 767 ἧν
1437 731 1482 761 καὶ
1504 731 1534 760 τὸ
1554 732 1643 766 καλῶς
1664 735 1774 763 παθεῖν.
1792 733 1859 763 Μά-

1054 776 1133 804 λιστα
1156 774 1183 804 δὲ
1205 775 1312 804 ἔδακνεν
1329 776 1422 809 αὐτοὺς
1438 776 1483 810 τὸ,
1501 778 1547 812 τῆς
1560 778 1651 817 ἑορτῆς
1666 777 1856 816 ἐνισταμένης,

1054 820 1155 853 πάντας
1177 820 1221 849 ἐπὶ
1240 820 1288 856 τὴν
1305 821 1439 856 Βηθανίαν
1454 820 1575 862 τρέχειν,
1595 822 1639 851 καὶ
1652 822 1792 863 ἀκροατὰς
1813 825 1858 852 τοῦ

1055 865 1188 901 θαύματος
1215 864 1260 894 καὶ
1287 865 1422 899 αὐτόπτας
1455 868 1502 895 τοῦ
1526 867 1687 900 ἀναστάντος
1722 867 1858 906 γίνεσθαι.

1056 920 1070 938 (ι
1091 911 1134 949 Τ
1153 910 1277 950 ἐπαύριον
1293 910 1373 950 ὄχλος
1390 910 1471 943 πολὺς
1494 912 1508 940 6
1526 912 1608 941 ἐλθὼν
1624 913 1660 946 εἷς
1679 911 1729 949 τὴν
1747 913 1858 952 ἑορτὴν,

1049 954 1208 988 ἀκούσαντες
1223 956 1263 984 ὅτι
1275 955 1382 995 ἔρχεται
1394 957 1408 984 6
1422 955 1526 991 Ἰησοῦς
1541 957 1576 989 εἷς
1587 956 1777 996 Ἱεροσόλυμα,
1792 957 1858 987 ἔλα-

1050 999 1095 1028 ϐον
1114 999 1146 1028 τὰ
1167 997 1232 1039 βαΐα
1246 1003 1299 1029 τῶν
1315 1000 1451 1040 φοινίκων,
1468 1001 1513 1030 καὶ
1527 1001 1634 1037 ἐξῆλθον
1650 1003 1686 1035 εἷς
1702 1002 1858 1038 ὑπάντησιν

1049 1047 1149 1083 αὑτοῦ,
1163 1045 1208 1074 καὶ
1231 1045 1349 1084 ἔκραζον
1367 1045 1414 1078 Ὡς
1437 1045 1514 1082 (ivvat,
1537 1047 1712 1086 εὐλογημένος
1735 1049 1750 1076 6
1775 1047 1857 1087 ἐρχό-

1049 1101 1125 1127 μενος
1148 1090 1175 1120 ἐν
1202 1090 1313 1128 ὀνόματι
1340 1090 1447 1132 Κυρίου,
1474 1090 1599 1129 βασιλεὺς
1620 1095 1665 1121 τοῦ
1690 1093 1821 1131 Ἰσραήλ.
1839 1105 1853 1120 γι

1048 1134 1240 1174 ’Δναχωρήσας
1269 1135 1363 1174 μικρὸν
1390 1137 1426 1169 εἷς
1450 1135 1498 1170 τὴν
1521 1136 1619 1176 ἔρημον
1642 1138 1656 1166 6
1685 1137 1788 1176 Κύριος
1814 1137 1857 1166 διὰ

1049 1179 1079 1209 τὸ
1106 1179 1274 1208 κατασϐέσαι
1305 1180 1350 1209 τὸν
1385 1181 1466 1219 θυμὸν
1494 1183 1546 1210 τῶν
1577 1181 1736 1222 μιαιφόνων,
1774 1183 1857 1212 πάλιν

1050 1224 1188 1264 παρρησίᾳ
1203 1224 1372 1264 εἰσέρχεται,
1387 1226 1430 1254 καὶ
1445 1231 1526 1255 πᾶσιν
1540 1226 1721 1266 ἐμφανίζεται.
1771 1227 1856 1257 Ἐνει-

1051 1269 1141 1305 στήκει
1161 1269 1213 1310 γὰρ
1229 1270 1320 1299 λοιπὸν
1336 1272 1349 1298 6
1372 1271 1461 1310 καιρὸς
1477 1274 1522 1301 τοῦ
1547 1272 1663 1310 πάθους,
1683 1271 1732 1300 καὶ
1749 1273 1800 1301 οὐκ
1818 1273 1856 1301 ἔτι

1050 1314 1102 1343 ἔδει
1119 1314 1197 1344 αὐτὸν
1221 1314 1400 1353 κρύπτεσθαι,
1424 1316 1482 1346 ἀλλ’
1509 1315 1576 1356 ὑπὲρ
1604 1318 1652 1352 τῆς
1676 1319 1723 1346 τοῦ
1750 1317 1855 1355 κόσμου

1050 1359 1183 1398 σωτηρίας
1202 1360 1297 1388 ἑαυτὸν
1319 1361 1420 1390 δοῦναι.
1463 1360 1539 1400 "Ope:
1554 1361 1605 1401 γὰρ
1631 1362 1794 1391 ἀκολουθίαν
1809 1365 1854 1391 τοῦ

1048 1404 1155 1438 πάθουςι
1197 1404 1339 1441 Ἀνέστησε
1361 1405 1404 1434 τὸν
1423 1406 1562 1446 Λάζαρον,
1589 1408 1679 1444 θαῦμα
1695 1409 1852 1436 τελευταῖον

1049 1451 1124 1477 τοῦτο
1159 1449 1278 1488 τηρήσας
1317 1450 1347 1479 τὸ
1377 1450 1483 1480 πάντων
1515 1451 1659 1489 μέγιστον·
1696 1452 1728 1480 ἔκ
1758 1451 1854 1482 τούτου

1051 1493 1144 1522 πολλοὶ
1169 1493 1324 1533 συνέτρεχον
1343 1494 1387 1524 καὶ
1412 1495 1569 1524 ἐπίστευον
1595 1496 1625 1524 ἐκ
1647 1499 1693 1525 τοῦ
1715 1496 1852 1527 πιστεύειν

1050 1537 1182 1574 πολλοὺς,
1199 1540 1212 1566 6
1233 1538 1325 1577 φθόνος
1344 1539 1457 1578 μείζων⁵
1476 1541 1505 1569 ἐκ
1526 1539 1552 1569 δὲ
1569 1540 1663 1570 τούτου
1684 1543 1700 1572 ἧ
1720 1540 1852 1576 ἐπιϐουλὴ

1050 1582 1096 1611 καὶ
1112 1584 1126 1611 6
1149 1582 1272 1621 σταυρός.
1322 1594 1336 1611 (ι
1356 1583 1527 1617 Ἀκούσαντες
1549 1584 1610 1625 γὰρ,
1624 1585 1714 1625 φησὶν,
1735 1587 1761 1615 οἵ
1777 1585 1850 1625 ὄχλοι

1050 1626 1090 1655 ὅτι
1105 1626 1214 1666 ἔρχεται
1229 1628 1242 1655 6
1258 1628 1383 1664 Ἰησοῦς,
1404 1640 1417 1657 ι)
1437 1628 1592 1663 ὑπήντησαν
1614 1631 1687 1669 αὐτῷ
1715 1630 1787 1668 μετὰ
1810 1630 1850 1659 δό-

1048 1670 1106 1707 ξης,
1132 1671 1174 1700 διὰ
1200 1671 1229 1700 τὸ
1252 1671 1296 1701 ἐπὶ
1318 1673 1356 1712 τῷ
1381 1673 1498 1713 Λαζάρῳ
1521 1675 1611 1711 θαῦμα
1635 1674 1743 1707 πάντως
1770 1675 1850 1713 τιμὴν

1049 1716 1121 1755 αὐτῷ
1153 1717 1329 1754 ἀπονέμοντες
1360 1718 1454 1755 μείζω,
1488 1717 1504 1752 ἢ
1531 1718 1600 1746 κατὰ
1628 1718 1677 1753 τὴν
1715 1719 1848 1761 ἀνθρώπῳ

1048 1760 1220 1808 ὅέειλομένην
1237 1762 1319 1801 ψιλῷ.
1364 1763 1424 1792 Οὔκ
1437 1762 1476 1791 ἔτι
1494 1762 1544 1802 γὰρ
1561 1763 1638 1792 αὐτὸν
1653 1764 1689 1796 ὡς
1704 1765 1847 1805 προφήτην

1048 1806 1120 1845 εἶχον
1132 1817 1138 1824 ·
1163 1806 1221 1835 ἐπεὶ
1237 1810 1310 1835 ποῖον
1325 1807 1463 1848 προφήτην
1481 1807 1564 1840 οὕτως
1582 1808 1606 1836 οἱ
1622 1807 1735 1847 πατέρες
1760 1811 1847 1838 αὐτῶν

1048 1851 1209 1888 τετιμήκασί
1232 1861 1311 1887 ποτε;
1344 1851 1427 1881 "005v
1452 1852 1498 1881 καὶ
1521 1851 1625 1890 ἔλεγον·
1653 1867 1664 1879 ι
1691 1853 1741 1887 Ὠς
1768 1853 1846 1889 ἆννὰ,

1049 1896 1224 1934 εὐλογημένος
1249 1897 1263 1924 6
1287 1897 1428 1936 ἐρχόμενος
1449 1897 1474 1925 ἐν
1496 1896 1607 1934 ὀνόματι
1627 1897 1736 1936 Κυρίου.
1764 1911 1777 1924 ι
1798 1898 1846 1927 Ἐκ

1048 1939 1074 1968 δὲ
1089 1941 1189 1969 τούτων
1206 1941 1258 1968 τῶν
1273 1941 1401 1980 ῥημάτων
1424 1941 1647 1980 συλλογιζόμεθα,
1662 1944 1769 1980 πρῶτον
1785 1942 1843 1981 μὲν,

1048 1983 1087 2012 ὅτι
1106 1984 1174 2017 Θεός
1197 1985 1268 2013 ἐστι·
1291 1986 1321 2013 τὸ
1337 1984 1398 2024 γὰρ,
1417 1995 1430 2012 τ
1458 1984 1504 2018 Ὡς
1527 1985 1607 2022 ἀννὰ,
1629 1997 1644 2015 ι)
1665 1987 1781 2016 Σῶσον
1801 1987 1841 2022 δὴ,

1048 2028 1221 2067 ἑρμηνεύεται
1233 2052 1240 2064 ,
1254 2030 1288 2061 ὡς
1302 2029 1348 2057 καὶ
1364 2031 1390 2057 ἐν
1410 2030 1447 2068 τῷ
1463 2031 1599 2069 ἑκατοστῷ
1621 2031 1841 2070 ἑπτακαιδεκάτῳ

1047 2073 1147 2112 ψαλμῷ
1168 2072 1240 2110 παρὰ
1258 2075 1309 2102 τῶν
1323 2072 1526 2111 Ἓϐδομήκοντα
1546 2073 1727 2112 ἑξελληνισθὲν
1743 2076 1838 2105 κεῖται·

1049 2121 1094 2146 τοῦ
1123 2116 1175 2157 γὰρ
1198 2117 1361 2160 ἹΞϐραῖκοῢ,
1387 2132 1399 2145 ιι
1428 2119 1476 2151 ⁶Ως
1513 2118 1596 2156 ἄννὰ,
1623 2133 1634 2146 ι
1660 2120 1782 2160 ἔχοντος,
1812 2119 1840 2149 τὸ

1049 2161 1223 2198 Ἑλληνικὸν,
1241 2176 1251 2188 ιι
1269 2157 1306 2192 ’Ὦ
1323 2163 1419 2203 Κύριε,
1437 2165 1522 2192 σῶσον
1538 2163 1584 2199 δὴ,
1609 2178 1620 2189 ιι
1744 2164 1784 2195 Τὸ
1812 2165 1839 2193 δὲ

1048 2206 1140 2240 σώζειν
1156 2211 1201 2237 τοῦ
1219 2207 1290 2236 Θεοῦ
1306 2209 1385 2245 μόνου
1402 2207 1477 2245 ἐστὶ,
1502 2207 1548 2237 καὶ
1566 2208 1630 2248 πρὸς
1645 2210 1724 2238 αὐτὸν
1739 2210 1840 2250 εἴρηται

1044 2251 1089 2287 τὸ,
1103 2265 1113 2276 ι
1129 2253 1220 2281 Σῶσον
1232 2254 1316 2289 ἡμᾶς,
1329 2252 1411 2292 Κύριε
1426 2275 1432 2287 ,
1446 2254 1459 2281 6
1472 2252 1540 2286 Θεὸς
1550 2256 1635 2289 ἡμῶν.
1650 2267 1661 2280 ι
1676 2254 1729 2284 Καὶ
1741 2266 1839 2283 παντα-

1044 2296 1120 2335 χόθεν
1149 2296 1180 2325 ἂν
1211 2296 1397 2335 συνελογίσατό
1425 2309 1474 2333 τις,
1504 2297 1543 2326 ὅτι
1572 2299 1619 2333 τὴν
1648 2299 1782 2339 σωτηρίαν
1802 2299 1838 2338 τῷ

1045 2342 1110 2380 Θεῷ
1136 2341 1208 2381 μόνῳ
1234 2344 1251 2377 ἡ
1275 2342 1370 2382 Γραφὴ
1396 2342 1545 2377 ἀνατίθησι,
1592 2345 1705 2382 Πρῶτον
1726 2338 1780 2382 μὲν
1795 2338 1837 2372 οὖν

1044 2388 1122 2415 τοῦτο
1137 2385 1298 2415 δεικνύουσιν
1323 2388 1346 2415 οἷ
1361 2387 1394 2416 τὰ
1415 2389 1460 2415 τοῦ
1484 2385 1568 2416 Δαυῒδ
1587 2387 1631 2416 ἐπὶ
1650 2388 1768 2428 Χριστοῦ
1792 2387 1837 2417 λέ-

1044 2442 1149 2469 γοντες,
1177 2430 1216 2460 ὅτι
1245 2431 1313 2464 Θεός
1344 2432 1431 2460 ἐστιν⁸
1462 2430 1569 2468 ἔπειτα,
1599 2432 1639 2461 ὅτι
1668 2432 1714 2462 καὶ
1744 2432 1837 2472 κυρίως

1044 2475 1122 2508 Θεός.
1139 2489 1150 2501 α
1167 2474 1198 2505 Ὀ
1211 2475 1351 2515 ἐρχόμενος
1368 2489 1379 2501 υ
1390 2475 1452 2515 γὰρ,
1466 2476 1531 2517 φησὶ
1541 2499 1549 2513 ,
1562 2478 1623 2516 οὐχὶ
1636 2476 1784 2518 Ἀγόμενος.
1798 2476 1836 2505 Τὸ

1045 2519 1092 2558 μὲν
1122 2520 1173 2560 γὰρ
1202 2521 1322 2550 δουλικόν
1354 2532 1425 2556 πως,
1461 2520 1489 2549 τὸ
1518 2521 1544 2550 δὲ
1568 2521 1778 2557 ἐξουσιαστικὸν,
1807 2520 1836 2549 τὸ

1043 2563 1178 2604 ἔρχεσθαι.
1196 2565 1249 2595 Καὶ
1264 2566 1301 2604 τῷ
1318 2565 1401 2594 εἰπεῖν
1416 2565 1461 2604 δὲ,
1479 2579 1491 2591 ιι
1506 2565 1555 2596 Ἐν
1573 2566 1684 2603 ὀνόματι
1699 2567 1808 2606 Κυρίου.
1822 2577 1833 2590 ι

1043 2609 1124 2638 ταύτὸ
1150 2612 1228 2638 τοῦτο
1258 2609 1444 2649 ἐμφαίνουσιν,
1470 2610 1500 2639 τὸ
1521 2611 1643 2646 ἀληθινὸν
1672 2611 1741 2642 Θεὸν
1760 2610 1834 2640 αὐτὸν

1044 2649 1124 2683 εἶναι·
1140 2654 1169 2682 οὐ
1184 2653 1236 2694 γὰρ
1251 2667 1262 2680 σ
1280 2655 1306 2682 ἐν
1318 2654 1430 2692 ὀνόματι
1449 2665 1461 2682 ι)
1480 2654 1588 2692 δούλου,
1602 2656 1670 2685 ἀλλὰ
1684 2670 1695 2681 ιι
1711 2656 1808 2696 Κυρίου
1822 2667 1833 2679 ι

1043 2698 1122 2739 φασὶν
1146 2699 1224 2727 αὐτὸν
1253 2698 1387 2739 ἔρχεσθαι.
1416 2699 1468 2728 Καὶ
1487 2700 1525 2730 ἔτι
1541 2702 1705 2740 παριστῶσιν
1729 2700 1769 2730 ὅτι
1789 2700 1834 2729 οὖκ

1043 2743 1113 2772 ἔστιν
1137 2743 1266 2779 ἀντίθεος,
1288 2744 1346 2772 ἀλλ’
1369 2744 1395 2772 ἐν
1415 2743 1526 2782 ὀνόματι
1542 2747 1587 2774 τοῦ
1611 2745 1719 2784 Πατρὸς
1740 2743 1832 2779 ἐλθὼν,

1042 2787 1134 2829 ᾥσπερ
1156 2787 1188 2823 δὴ
1211 2787 1255 2817 καὶ
1270 2787 1347 2821 αὐτὸς
1369 2789 1383 2817 6
1409 2788 1505 2828 Κύριός
1531 2800 1628 2829 φησιν,
1654 2789 1694 2819 ὅτι
1724 2803 1736 2816 α
1764 2786 1832 2828 Ἐγὼ

1043 2827 1125 2869 ἦλθον.
1150 2833 1177 2862 ἐν
1204 2833 1242 2872 τῷ
1273 2832 1383 2872 ὀνόματι
1411 2827 1458 2863 τοῦ
1483 2827 1590 2874 Πατρός
1617 2846 1682 2872 μου,
1708 2835 1784 2867 ἄλλος
1807 2831 1831 2861 δὲ
