1922 3077
62 161 123 188 121

468 156 662 186 ENARRATIO
681 157 714 185 IN
733 156 949 185 EVANGELIUM
966 155 1115 185 JOANNIS.
1133 170 1169 178 --
1187 157 1261 185 CAP.
1282 158 1334 186 ΧΠ.

1629 195 1632 199 ,
1671 161 1722 188 422

54 223 206 253 ἐλεύσεται
229 223 256 252 ἐν
281 223 320 263 τῷ
343 221 402 262 ἰδίῳ
429 221 551 260 ὀνόματι.
576 235 589 247 ι·
618 221 671 252 Καὶ
704 221 816 261 βασιλέα
840 219 867 250 δὲ

926 228 1008 256 quam
1024 219 1076 248 fert
1095 219 1215 248 humana
1228 225 1341 255 natura,
1357 221 1403 257 qui
1419 221 1545 250 liberaret
1566 229 1615 251 eos
1628 231 1644 251 ει
1667 223 1723 252 Ro-

55 271 119 297 τοῢ
137 267 251 307 Ἰσραὴλ
276 268 425 297 ἀπεκάλουν
442 266 535 304 αὐτὸν,
553 267 624 306 τάχα
649 265 778 302 αἰσθητὴν
796 267 873 303 βασι-

927 272 1075 293 manonim
1086 265 1214 302 imperio.

55 313 144 342 λείαν
166 312 372 352 φανταζόμενοι.
395 313 570 352 Προσεδόκων
597 311 647 351 γὰρ
672 310 870 347 ἀναστήσεσθαί
900 322 959 340 τινα
983 311 1092 350 βασιλέα
1121 311 1220 350 μείζω,
1246 310 1264 346 ἢ
1292 310 1361 340 κατὰ
1384 311 1431 347 τὴν
1457 312 1623 351 ἀνθρωπίνην
1645 313 1721 354 φύσιν

58 358 204 396 μέλλοντα
237 357 332 386 σώσειν
359 357 452 390 αὖτοὺς
487 357 540 386 ἀπὸ
565 359 612 392 τῆς
636 358 688 386 τῶν
720 355 864 394 Ῥωμαίων
886 355 1062 395 ἐπικρατείας.

111 417 122 429 ι
150 402 242 442 Εὺρὼν
259 403 286 432 δὲ
301 405 314 432 ὁ
330 403 434 437 Ἰησοῦς
448 401 550 442 ὀνάριον
561 425 570 440 ,
588 401 707 431 ἐκάθισεν
727 401 769 430 ἐπ’
788 401 867 430 αὐτό·

57 448 156 481 καθώς
173 450 229 478 ἐστι
252 446 450 487 γεγραμμένον·
477 447 523 482 Μὴ
546 446 644 487 φοϐοῦ,
660 446 771 486 θύγατερ
789 445 868 481 Σιὼν,

59 493 124 522 ἰδοὺ
157 495 172 522 ὁ
205 492 330 532 βασιλεύς
357 503 403 521 σου
437 491 544 531 ἔρχεταί
575 503 615 521 σοι
649 491 795 530 καθήμενος
825 491 868 519 ἐπὶ

56 539 160 566 πῶλον
182 537 253 567 ὄνου.
270 538 364 567 Ταῦτα
379 537 407 566 δὲ
422 538 468 566 οὐκ
482 536 601 576 ἔγνωσαν
614 536 637 565 οἱ
653 535 771 574 μαθηταὶ
790 536 868 564 αὐτοῦ

58 582 99 612 τὸ
120 585 246 623 πρῶτον,
263 582 322 610 ἀλλ’
339 581 381 611 ὅτε
393 581 523 623 ἐδοξάσθη
539 583 552 610 ὁ
567 580 688 617 Ἰησοῦς,
712 580 772 609 τότε
787 579 868 618 ἐμνή-

60 621 189 663 σθησαν,
215 627 256 656 ὅτι
281 629 366 656 ταῦτα
391 621 422 661 ἦν
445 627 489 655 ἐπ’
513 627 584 666 αὐτῷ
608 624 798 665 γεγραμμένα,
823 623 869 654 καὶ

62 675 159 701 ταῦτα
183 671 310 708 ἐποίησαν
327 672 408 711 αὐτῷ.
427 685 439 697 ι
466 671 529 704 Πῶς
553 671 576 699 οἱ
598 670 647 708 μὲν
664 669 740 698 ἄλλοι
756 670 868 708 εὐαγγε-

66 717 167 746 λισταὶ
189 717 233 745 τὸν
258 715 355 755 Κύριόν
380 727 445 756 φασι
468 715 532 754 πρὸς
553 714 612 748 τοὺς
627 713 748 752 μαθητὰς
770 715 868 744 εἰπεῖν·

61 775 77 787 ι
102 761 242 794 Λύσαντες
268 760 382 800 ἀγάγετέ
406 771 464 798 μοι·
488 773 500 786 ι
525 762 539 789 ὁ
561 760 588 788 δὲ
612 759 736 794 Ἰωάννης
755 759 868 788 ἐνταῦθα

82 806 125 818 ἠ
233 809 249 816 ι·-
273 805 280 815 I
454 806 461 815 9
499 805 508 818 μ
553 804 562 816 t
607 806 624 813 σ-
834 803 841 814 I
863 814 867 821 Ι

61 817 145 836 ausu
179 817 294 835 τοιουτον
321 817 419 844 φησιν,
447 806 498 834 αλλ
548 806 640 838 απλως
677 804 746 833 οὕτω
776 815 855 844 φησιν

926 807 971 834 sed
988 811 1094 835 tantum
1111 807 1198 843 inquit
1222 817 1229 836 :

64 865 80 877 ιι
113 850 210 889 Εὒρὼν
227 852 240 879 ὁ
256 850 358 886 Ἰησοῦς
372 849 491 889 ὀνάριονς
508 863 520 875 ι
538 849 592 879 Καὶ
613 848 639 878 τί
652 851 746 884 τοῦτο;
764 847 801 887 μὴ
816 849 867 888 γὰρ

65 897 266 936 διαφωνοῦσιν·
304 895 363 923 ἀλλ’
389 893 494 924 ἐκείνων
529 893 656 923 εἰπόντων
686 893 866 933 πλατύτερον,

65 936 147 973 οἶτος
170 938 364 979 ἔπιτομώτερον
389 939 455 980 ἔφη,
479 938 526 976 τὸ,
560 951 572 964 ι
602 937 696 978 Εὕρὼν
723 939 736 967 ὁ
766 937 869 974 Ἰησοῦς

64 985 188 1024 ὁνάριος.
220 998 232 1011 ι
262 984 346 1014 Λυθὲν
372 983 423 1023 γὰρ
455 983 529 1023 παρὰ
559 984 611 1012 τῶν
652 983 794 1021 μαθητῶν,
822 983 868 1012 καὶ

64 1030 153 1069 ἀχθὲν
185 1025 244 1070 εὗρε
279 1028 325 1058 καὶ
353 1029 473 1058 ἐκάθισεν
499 1028 541 1057 ἐπ’
565 1028 641 1059 αὐτό.
671 1027 723 1057 Διὰ
752 1027 778 1056 δὲ
807 1027 868 1056 τού-

61 1086 127 1111 του,
155 1074 202 1104 καὶ
236 1075 398 1113 προφητείαν
428 1073 476 1112 μὲν
505 1072 622 1112 ἐπλήρου
655 1075 703 1102 τοῦ
730 1071 867 1111 Ζαχαρίου

65 1120 208 1152 εἰπόντος·
229 1133 242 1146 ι
257 1118 304 1154 Μὴ
329 1118 426 1158 φοϐοῦ,
451 1117 564 1156 θύγατερ
582 1116 653 1147 Σιὼν
664 1140 672 1155 ,
690 1116 746 1146 ἰδοὺ
759 1119 772 1145 ὁ
789 1118 866 1155 βασι-

63 1164 131 1197 λεύς
158 1176 205 1193 σου
229 1163 335 1203 ἔρχεταί
353 1174 394 1192 σοι
420 1163 570 1200 καθήμενος
584 1162 628 1191 ἐπὶ
648 1163 735 1190 πῶλον
754 1161 825 1191 ὄνου.
857 1173 868 1187 I

64 1208 184 1244 Ἐπειδὴ
203 1208 257 1248 γὰρ
279 1210 316 1241 ὡς
336 1208 379 1236 ἐπὶ
403 1206 434 1236 τὸ
454 1207 578 1236 πλεῖστον
597 1208 621 1236 οἱ
644 1207 670 1235 ἐν
691 1205 869 1245 Ἱερουσαλῆμ

65 1253 256 1292 βασιλεύοντες
274 1252 361 1282 ἄδικοί
383 1263 410 1281 τε
426 1248 509 1288 ἦσαν,
535 1252 582 1280 καὶ
605 1249 772 1286 πλεονέκται,
788 1251 868 1290 φησὶν

64 1300 81 1327 ὃ
99 1298 254 1338 προφήτης.
271 1310 283 1324 α
301 1297 347 1332 Μὴ
363 1297 455 1337 φοϐοῦ,
473 1297 544 1326 Σιών
556 1307 562 1314 ·
579 1309 592 1322 ιι
607 1298 621 1325 ὁ
635 1295 686 1335 γὰρ
700 1295 869 1335 προφητευό-

65 1342 150 1382 μενός
179 1354 220 1371 σοι
247 1343 311 1382 παρ’
339 1342 403 1379 ἐμοῦ
433 1341 564 1380 βασιλεὺς,
587 1341 617 1370 οὗ
643 1343 768 1376 τοιοῦτος,
799 1339 868 1368 ἀλλὰ

64 1392 156 1427 πρᾶος
172 1388 216 1417 καὶ
240 1386 424 1426 μετριόφρων,
447 1386 493 1415 καὶ
509 1386 582 1415 οὐδὲν
609 1385 765 1418 ἀλαζονικὸν
788 1385 868 1414 ἐνδειι

64 1433 210 1472 κνύμενος·
243 1431 289 1461 καὶ
315 1432 446 1460 δείκνυται
471 1430 524 1460 ἀπὸ
549 1433 596 1460 τοῦ
620 1429 672 1469 ὄνῳ
703 1429 868 1466 ἐπικαθήμε-

64 1489 110 1511 νος
134 1479 230 1507 ἐλθεῖν.
249 1477 289 1507 Οὖ
305 1475 357 1516 γὰρ
377 1476 554 1516 στρατόπεδον
571 1474 758 1514 ἐπισυρόμενος
774 1475 869 1509 εἰσῆλ-

66 1526 112 1552 θεν
124 1545 133 1559 ,
152 1521 211 1551 ἀλλ’
232 1522 282 1561 ὄνῳ
298 1519 482 1560 ἐποχούμενος.
504 1515 560 1550 τΗν
584 1519 610 1549 δὲ
627 1519 734 1549 καὶτοῦ
755 1518 869 1557 μέλλον-

65 1579 113 1601 τος
132 1567 268 1605 σύμϐολον
283 1566 313 1595 τὸ
331 1566 483 1594 ἐπικαθίσαι
514 1564 592 1594 αὐτὸν
618 1564 679 1605 ὄνῳ.
708 1564 868 1603 ’Λκάθαρτον

68 1612 120 1651 μὲν
148 1611 201 1651 γὰρ
222 1614 298 1641 τοῦτο
322 1612 386 1645 ζῶον
402 1610 476 1650 παρὰ
501 1611 540 1650 τῷ
563 1609 649 1649 νόμῳ,
667 1608 813 1651 ,σύμϐολον
841 1608 868 1638 δὲ

65 1659 115 1686 τοῦ
143 1656 294 1695 ἀκαθάρτου
317 1657 363 1684 τοῦ
388 1656 440 1684 τῶν
456 1655 536 1684 ἐθνῶν
560 1655 644 1691 λαοῦ,
663 1650 685 1694 ᾧ
710 1653 869 1689 ἐπικάθηται

67 1704 83 1732 ὁ
106 1705 154 1731 τοῦ
175 1703 247 1732 Θεοῦ
271 1700 356 1739 Λόγος
377 1700 489 1735 Ἰησοῦς,
513 1699 666 1728 ὑποτάττων
693 1698 737 1727 τὸν
764 1697 867 1728 ἀνυπό-

68 1758 168 1776 τακτον
182 1746 228 1775 καὶ
252 1746 410 1775 ἀπαίδευτον
434 1746 526 1773 τοῦτον
542 1745 577 1777 ὡς
591 1745 680 1773 πῶλον
693 1767 700 1780 ,
718 1743 799 1783 φημὶ,
823 1743 868 1772 τὸν

67 1791 127 1821 νέον
144 1791 225 1828 λαὸν,
241 1790 269 1819 ὃν
292 1789 339 1819 καὶ
360 1789 451 1829 ἀνάγει
476 1789 520 1818 ἐπὶ
540 1788 589 1824 τὴν
616 1788 744 1824 ἀληθινὴν
772 1786 870 1826 Ἱερου-

69 1836 187 1874 σαλὴμ,
211 1836 361 1875 ὑποχείριον
388 1835 459 1874 αὖτῷ
485 1833 531 1863 καὶ
558 1834 686 1868 ὓποκλινῆ
712 1831 865 1871 γενόμενον.

69 1877 109 1910 ’⁷11
127 1880 180 1919 γὰρ
202 1880 260 1920 οὐχὶ
275 1879 334 1912 τοὺς
354 1878 379 1913 ἐξ
394 1879 472 1908 ἐθνῶν
492 1877 640 1917 συνήγαγεν
665 1877 708 1906 ἐπὶ
726 1877 769 1906 τὸν
791 1877 867 1917 οὖρα-

68 1926 114 1955 νὸν
130 1928 145 1956 δ
163 1925 272 1964 Κύριος,
299 1923 362 1953 λαὸν
386 1924 466 1952 αὐτοῦ
480 1922 654 1962 γενομένους,
676 1922 722 1951 καὶ
746 1920 868 1951 ὑπακού-

70 1983 170 2003 σαντας
189 1971 226 2010 τῷ
239 1972 412 2008 κηρύγματι;
427 1968 560 2006 Ἐμήνυον
586 1967 613 1996 δὲ
630 1966 675 1996 καὶ
700 1967 724 1996 οἱ
740 1965 867 2006 φοίνικες,

69 2015 144 2054 τάχα
166 2015 214 2052 μὲν
232 2013 325 2043 καὶτὸ
345 2013 454 2049 νικητὴν
480 2012 558 2042 αὐτὸν
575 2012 697 2051 γενέσθαι
720 2014 766 2040 τοῦ
789 2010 868 2040 θανά-

68 2071 116 2089 του
133 2059 322 2094 ἀναστήσαντα
337 2057 381 2087 τὸν
398 2058 536 2097 Λάζαρον·
561 2058 574 2085 ὃ
596 2056 647 2096 γὰρ
666 2055 751 2096 φοίνιξ
770 2057 796 2085 ἐν
814 2056 868 2089 τοῖς

71 2106 160 2143 ἀγῶσι
170 2105 222 2137 τοῖς
233 2107 355 2139 νικηταῖς
367 2103 478 2132 ἐδίδοτο.
490 2101 570 2141 Τάχα
585 2102 612 2131 δὲ
626 2102 720 2137 ἐδήλου
732 2101 776 2130 καὶ
788 2101 868 2130 160C:-

71 2149 161 2189 ράνιον
177 2144 244 2178 εἶναι
268 2147 314 2178 τὸν
330 2146 545 2187 εὖφημούμενον,
572 2146 618 2175 καὶ
641 2146 734 2186 ὑψόθεν
757 2145 868 2181 ἥκοντα.

71 2194 160 2227 Μόνος
171 2193 224 2233 γὰρ
239 2195 291 2223 τῶν
307 2193 394 2222 ἄλλων
406 2191 517 2230 δένδρων
533 2190 663 2220 ἀνατείνει
677 2190 725 2229 μὲν
742 2191 776 2223 εἷς
789 2190 870 2219 αὐτὸν

70 2240 115 2269 τὸν
128 2238 249 2278 οὐρανὸν,
264 2239 298 2271 ὥς
311 2238 403 2273 εἰπεῖν,
419 2237 445 2266 ἐν
457 2236 517 2276 ὕψει
528 2236 555 2266 δὲ
572 2240 642 2275 κομᾷ
660 2234 771 2268 θαλλοὺς
784 2234 870 2275 φέρων

71 2283 115 2314 ἐπὶ
132 2285 181 2319 τῆς
205 2283 289 2321 κόμης
305 2282 428 2315 λευκούς·
453 2283 480 2311 ἓν
506 2281 532 2310 δὲ
547 2282 585 2321 τῷ
610 2279 730 2320 στελέχει
751 2279 796 2309 καὶ
817 2284 870 2312 τοῖς

72 2327 163 2367 μέσοις
185 2328 249 2367 ἄχρι
263 2329 310 2362 τ’ἧς
332 2329 464 2367 κορυφῆς,
485 2325 585 2366 τραχύς
610 2326 668 2354 ἐστι
695 2325 741 2354 καὶ
757 2323 870 2354 δυσανό-

71 2375 178 2408 ὂευτος,
193 2371 253 2406 τοὺς
267 2371 311 2400 ἐπὶ
331 2373 382 2400 τῶν
407 2371 510 2400 κλάδων
527 2369 659 2402 σκόλοπας
683 2369 869 2409 προϐαλλόμε-

70 2430 125 2451 νος.
141 2417 236 2450 Οὕτως
252 2411 296 2446 οὖν
319 2415 365 2445 καὶ
386 2417 400 2444 ὁ
425 2415 490 2456 πρὸς
504 2414 552 2450 τὴν
569 2417 616 2444 τοῦ
633 2415 697 2444 Υἱοῧ
721 2414 767 2442 καὶ
781 2414 869 2452 Λόγου

71 2465 118 2492 τοῦ
147 2464 219 2492 Θεοῦ
253 2462 349 2499 γνῶσιν
380 2459 516 2496 ἐλαύνων,
553 2462 680 2499 τραχεῖαν
710 2459 756 2497 μὲν
788 2457 870 2494 αὐτὴν

71 2506 181 2546 εὑρήσει
203 2505 249 2536 καὶ
278 2505 394 2541 ἀνάντη,
425 2504 469 2534 διὰ
496 2506 549 2534 τῶν
575 2503 664 2533 κόπων
699 2502 795 2532 ὁδεύων
823 2504 870 2539 τῆς

72 2553 185 2592 ἀρετῆς·
202 2551 266 2591 πρὸς
288 2551 316 2580 δὲ
337 2550 368 2580 τὸ
390 2549 453 2590 ὕψος
478 2551 524 2586 τῆς
545 2548 667 2589 γνώσεως
697 2548 869 2588 ἀφικόμενος,

71 2596 220 2630 ἐπεύξεται
248 2596 288 2636 τῷ
316 2595 498 2635 λαμπροτάτῳ
523 2596 571 2630 τῆς
602 2593 759 2632 θεογνωσίας
784 2593 868 2633 φωτὶ,

71 2642 117 2672 καὶ
143 2643 178 2682 τῇ
205 2639 375 2680 ἀποκαλύψει
397 2642 451 2670 τῶν
475 2638 650 2679 ἀπορρήτων,
675 2638 796 2677 καθάπερ
817 2639 870 2670 τοῖς

71 2690 116 2717 τοῦ
139 2686 254 2726 φοίνικος
268 2684 434 2719 λευκοτάτοις
458 2686 573 2718 θαλλοῖς.
603 2683 642 2714 Σὺ
663 2683 692 2713 δέ
708 2695 752 2722 μοι
767 2682 870 2721 θαύμα-

71 2734 98 2767 ζε
122 2731 167 2761 τὸν
191 2729 402 2771 εὖαγγελιστὴν,
424 2731 481 2763 πῶς
504 2730 551 2759 οὐκ
575 2728 778 2768 ἐπαισχύνεται,
810 2727 870 2756 ἀλλ’

107 2827 127 2844 ¹⁸
140 2825 257 2854 Zachar.
271 2832 316 2860 1x,
332 2827 359 2853 9.

960 406 1048 432 Vens.
1069 407 1156 433 ιιι-ιδ.
1172 417 1184 429 α
1200 407 1301 433 Nactus
1316 409 1407 433 autem
1421 406 1500 433 Jesns
1515 406 1638 437 asellum.
1651 407 1723 435 sedit

923 457 1005 484 super
1019 457 1079 477 eam
1105 459 1111 476 :
1135 451 1203 478 sicut
1225 450 1362 486 scriptum
1381 454 1422 478 est
1439 461 1445 478 :
1463 451 1522 478 Noli
1538 450 1645 484 timere,
1666 451 1721 479 ﬁlia

923 494 997 527 Sion,
1011 502 1073 522 ecce
1083 503 1129 522 rex
1143 499 1206 522 tuus
1221 495 1295 522 venit
1307 495 1404 522 sedens
1417 503 1498 531 super
1511 495 1617 531 pullum
1631 495 1721 524 asinae.

924 540 989 566 Haec
1003 543 1092 566 autem
1106 547 1161 566 non
1171 540 1493 576 eoguoveruntdiscipuli
1504 540 1566 576 ejus
1581 540 1698 576 primum
1714 549 1721 568 :

923 583 968 611 sed
994 583 1105 619 quando
1138 584 1304 619 gloriﬁcatus
1327 589 1369 612 est
1388 585 1479 618 Jesus,
1502 589 1566 612 tunc
1589 585 1722 613 recordati

922 632 986 655 Sunt
1011 629 1084 664 quod
1099 629 1157 656 hinc
1183 634 1275 656 essent
1294 630 1393 665 scripta
1409 629 1442 658 de
1457 638 1500 663 eo,
1515 634 1542 657 et
1564 629 1637 666 quod
1662 630 1722 658 haec

923 672 1049 701 fecissent
1072 673 1104 702 ei.
1131 685 1144 698 ι
1169 673 1317 708 Quomodo
1343 674 1388 702 alii
1413 674 1524 710 quidem
1547 674 1722 711 evangelista

924 718 1073 745 Dominum
1089 717 1185 746 dicunt
1197 718 1232 746 ad
1247 718 1396 754 discipulos
1408 719 1527 747 dixisse:
1542 731 1553 742 ι
1566 719 1679 752 Solvite,
1694 724 1723 747 et

923 761 1051 790 adducite
1077 762 1160 796 mihi;
1185 774 1197 787 υ
1213 765 1336 791 Joannes
1357 768 1449 792 autem
1470 764 1539 791 nihil
1566 764 1618 791 tale
1644 763 1720 798 dicit,

1259 818 1273 834 «
1288 809 1390 836 Nactus
1403 810 1482 836 Jesus
1501 808 1630 836 asellum?
1648 820 1659 832 ι
1686 810 1723 838 Et

921 851 987 888 quid
1010 852 1078 879 hoc?
1102 854 1161 880 Non
1176 853 1249 880 enim
1267 853 1336 881 inter
1357 861 1386 881 se
1405 853 1552 887 dissident;
1576 853 1622 880 sed
1636 854 1720 889 373

923 897 996 932 quod
1015 897 1052 924 illi
1071 897 1203 925 dixerunt
1225 897 1323 931 fusius,
1347 897 1389 925 hic
1413 898 1533 934 quodam
1555 898 1722 934 compendio

922 941 992 969 dixit
1017 950 1024 968 :
1049 953 1062 966 ι
1085 943 1189 970 Nactus
1211 943 1292 969 Jesus
1312 942 1435 970 asellam.
1464 953 1476 966 ι-
1499 942 1624 971 Solutam
1644 943 1720 970 enim

923 994 938 1013 a
952 985 1092 1021 discipulis
1105 990 1133 1014 et
1143 986 1289 1014 adductam
1304 987 1418 1020 invenit,
1434 991 1460 1014 et
1472 987 1543 1015 sedit
1553 995 1635 1023 super
1647 995 1719 1021 eam,

923 1035 950 1058 et
974 1034 1117 1066 propterea
1137 1031 1222 1058 etiam
1241 1031 1414 1067 prophetiam
1430 1031 1549 1067 implevit
1565 1031 1716 1067 Zachariae,

923 1075 970 1111 qui
986 1075 1056 1103 dixit
1078 1084 1085 1102 :
1105 1087 1117 1099 ι
1141 1077 1183 1104 Ne
1204 1076 1309 1109 timeas,
1332 1076 1386 1103 ﬁlia
1410 1076 1486 1110 Sion,
1509 1084 1571 1104 ecce
1587 1084 1631 1104 rex
1653 1081 1717 1104 tuus

924 1120 997 1147 venit
1008 1120 1056 1147 tibi
1065 1120 1163 1148 sedens
1177 1128 1258 1155 super
1273 1121 1377 1156 pullum
1392 1121 1477 1148 asina:
1490 1121 1519 1148 ¹⁴.
1538 1133 1550 1145 ιι
1566 1121 1634 1156 Quia
1649 1121 1722 1149 enim

923 1169 954 1192 ut
964 1165 1112 1200 plurimum
1123 1173 1200 1200 reges
1209 1166 1360 1193 Jerusalem
1372 1165 1466 1201 injusti
1477 1170 1504 1193 et
1513 1166 1585 1193 avari
1599 1165 1721 1199 fuerunt,

923 1209 989 1236 dicit
999 1209 1132 1245 propheta
1145 1218 1152 1236 :
1167 1221 1179 1233 ιι
1194 1211 1233 1237 Ne
1244 1210 1356 1242 timeas,
1365 1210 1440 1238 Sion.
1457 1222 1470 1235 ι
1483 1212 1553 1238 Nam
1566 1219 1612 1238 rex
1621 1211 1655 1239 de
1666 1218 1721 1246 quo

924 1253 1042 1289 praedico
1058 1254 1119 1287 tibi,
1138 1262 1195 1282 non
1217 1255 1279 1282 talis
1297 1259 1348 1288 est,
1372 1255 1418 1283 sed
1432 1255 1509 1282 mitis
1521 1259 1548 1283 et
1569 1255 1721 1289 modestus,

923 1303 951 1326 et
969 1298 1072 1326 nullam
1087 1307 1142 1334 pra:
1157 1307 1185 1326 se
1198 1299 1288 1326 ferens
1307 1299 1488 1335 arrogantiam
1506 1309 1513 1327 :
1527 1300 1612 1336 idque
1627 1304 1722 1327 osten-

923 1343 999 1370 ditur
1020 1351 1052 1371 ex
1067 1351 1099 1371 eo
1112 1343 1185 1379 quod
1207 1343 1328 1371 insidens
1349 1344 1426 1371 asino
1441 1344 1542 1371 veniat.
1564 1346 1628 1372 Non
1649 1344 1721 1372 enim

923 1388 1074 1415 exercitum
1090 1391 1152 1423 post
1179 1395 1207 1415 se
1224 1388 1334 1415 trahens
1350 1389 1491 1423 ingressus
1505 1393 1557 1422 est,
1574 1389 1620 1417 sed
1643 1389 1722 1416 asino

924 1436 1027 1460 vectus.
1054 1434 1117 1460 Erat
1132 1436 1158 1459 et
1173 1432 1254 1460 futuri
1273 1433 1429 1469 symbolum
1451 1433 1524 1469 quod
1547 1433 1604 1469 ipse
1622 1433 1723 1461 sederit

925 1484 1006 1513 super
1028 1477 1111 1504 asina.
1128 1477 1306 1505 lmmundum
1328 1478 1402 1505 enim
1419 1478 1521 1505 animal
1543 1477 1597 1505 hoc
1612 1478 1638 1505 in
1654 1478 1721 1513 lege,

923 1522 1079 1558 symbolum
1104 1526 1161 1549 erat
1186 1522 1321 1550 immundi
1347 1523 1487 1558 gentilium
1512 1523 1616 1558 populi,
1640 1530 1722 1558 super

923 1575 978 1602 quo
1003 1567 1105 1594 insedit
1125 1567 1175 1594 Dei
1198 1567 1320 1595 Verbum
1335 1568 1425 1600 Jesus,
1442 1567 1589 1603 subjiciens
1605 1567 1722 1594 indomi-

924 1616 982 1639 tum
996 1615 1024 1639 et
1037 1612 1202 1639 ineruditum
1218 1612 1295 1639 illum
1316 1611 1393 1648 quasi
1412 1612 1527 1648 pullum,
1543 1620 1646 1640 novum
1662 1612 1722 1640 dico

923 1657 1066 1692 populum,
1077 1661 1104 1684 et
1117 1656 1230 1684 adduxit
1242 1657 1268 1684 in
1279 1658 1433 1685 Jerusalem
1443 1665 1546 1691 veram,
1560 1665 1622 1684 cum
1634 1656 1723 1684 factus

923 1705 995 1729 esset
1015 1701 1141 1728 subditus
1164 1702 1198 1729 ei.
1220 1703 1322 1729 Annon
1341 1706 1368 1729 et
1387 1710 1434 1730 eos
1458 1702 1503 1737 qui
1529 1710 1561 1730 ex
1583 1701 1720 1737 gentibus,

922 1747 1094 1782 congregavit
1109 1746 1138 1773 in
1160 1746 1260 1774 coelum
1276 1746 1422 1780 Dominus,
1438 1745 1526 1774 factos
1548 1746 1597 1774 sibi
1622 1746 1649 1774 in
1671 1754 1719 1782 po-

923 1791 1030 1826 pulum,
1046 1794 1073 1817 et
1096 1790 1254 1818 obedientes
1277 1791 1336 1826 ejus
1359 1791 1563 1826 praedicationi?
1592 1791 1722 1818 Declara-

923 1834 991 1862 bant
1004 1838 1094 1862 autem
1113 1839 1140 1862 ct
1155 1835 1264 1870 palmae,
1287 1834 1402 1862 fortasse
1417 1835 1529 1870 quidem
1544 1835 1617 1870 quod
1636 1839 1663 1863 et
1685 1835 1722 1862 vi-

922 1883 983 1907 ctor
990 1878 1073 1906 fuerit
1084 1879 1193 1912 mortis,
1202 1879 1365 1906 resuscitato
1378 1880 1493 1907 Lazaro.
1507 1879 1600 1906 Palma
1613 1879 1685 1906 enim
1695 1879 1722 1906 in

923 1923 1117 1951 certaminibus
1155 1923 1236 1951 datur
1272 1923 1430 1951 victoribus.
1461 1923 1598 1952 Fortassis
1629 1927 1721 1951 autem

922 1968 1116 2004 signiﬁcabant
1129 1976 1190 1996 eum
1206 1968 1253 2004 qui
1267 1968 1440 2002 laudabatur,
1455 1968 1595 1996 caelestem
1607 1975 1678 2001 esse,
1695 1972 1722 1996 et

923 2021 938 2041 e
950 2013 1068 2041 summis
1083 2013 1201 2040 venisse.
1213 2013 1275 2041 Sola
1288 2013 1360 2040 enim
1376 2013 1490 2041 aliarum
1501 2013 1631 2040 arborum
1645 2012 1723 2048 erigit

922 2066 953 2086 se
967 2058 994 2086 in
1006 2058 1097 2093 ipsum
1112 2058 1225 2091 calum,
1242 2062 1273 2086 ut
1284 2057 1323 2085 sic
1339 2057 1440 2090 dicam;
1455 2058 1483 2085 in
1501 2057 1662 2085 summitate
1673 2065 1720 2084 au-

923 2107 980 2130 tem
994 2103 1058 2130 folia
1071 2103 1162 2135 habet,
1182 2103 1241 2130 alba
1256 2102 1380 2138 germina
1394 2103 1421 2130 in
1433 2102 1499 2130 folio
1517 2101 1622 2136 ferens;
1640 2110 1722 2138 porro

925 2148 953 2175 in
967 2152 1064 2175 trunco
1079 2151 1106 2175 et
1120 2147 1219 2175 mediis
1241 2155 1326 2183 usque
1341 2147 1376 2174 ad
1392 2146 1532 2183 fastigium
1554 2155 1647 2182 aspera
1669 2151 1722 2179 est,

925 2196 954 2220 et
968 2193 1010 2220 vix
1026 2192 1193 2220 ascensibilis
1209 2201 1216 2220 :
1239 2192 1268 2219 in
1289 2191 1375 2219 ramis
1397 2196 1491 2219 autem
1512 2191 1599 2227 virgas
1618 2195 1723 2219 erectas

926 2238 1101 2272 promittens.
1124 2238 1162 2265 Ita
1191 2241 1219 2264 et
1233 2236 1279 2272 qui
1306 2235 1342 2264 ad
1369 2236 1558 2271 cognitionem
1588 2236 1671 2264 Verbi
1695 2240 1724 2264 et

925 2282 987 2311 Filii
1003 2282 1051 2309 Dei
1067 2286 1204 2317 properat,
1221 2288 1347 2316 asperam
1362 2281 1475 2316 quidem
1499 2281 1572 2308 illam
1593 2280 1722 2314 inveniet,

925 2326 1070 2354 ambulans
1091 2334 1138 2362 per
1164 2325 1271 2353 labores
1292 2325 1408 2353 virtutis.
1430 2325 1550 2353 Veniens
1572 2330 1664 2353 autem
1687 2325 1723 2353 ad

925 2371 1114 2400 summitatem
1134 2370 1264 2400 scientiae,
1284 2373 1442 2405 assequetur
1457 2369 1668 2406 fulgidissimum
1683 2369 1724 2397 lu-

926 2424 988 2444 men
1000 2415 1165 2451 coguitionis
1177 2415 1285 2446 divinis,
1300 2419 1327 2442 et
1339 2414 1533 2442 revelationem
1542 2414 1723 2442 invisibilium

926 2465 954 2489 et
972 2460 1164 2493 ineliabilium,
1178 2459 1256 2495 quasi
1278 2459 1472 2487 candidissima
1488 2459 1640 2494 palmarum
1660 2467 1723 2495 ger-

925 2505 1012 2533 mina.
1023 2506 1160 2533 Caeterum
1170 2504 1308 2532 admirare
1321 2504 1365 2532 hic
1374 2504 1569 2540 evangelistam
1581 2503 1724 2540 quomodo

924 2558 979 2578 non
1007 2550 1159 2583 erubescat,
1186 2549 1233 2576 sed
1260 2549 1368 2584 evulget
1395 2549 1516 2584 primum
1535 2548 1723 2584 apostolorum

925 2595 1116 2631 ignorantiam.
1136 2606 1147 2617 «ι
1166 2595 1232 2622 Haec
1251 2594 1337 2626 enim,
1352 2594 1453 2629 inquit,
1469 2601 1526 2621 non
1541 2595 1725 2628 cognoverunt

924 2639 1048 2675 discipuli
1064 2639 1123 2676 ejus
1138 2639 1268 2674 primum,
1284 2638 1332 2666 sed
1343 2639 1452 2674 quando
1467 2639 1546 2665 Jesus
1559 2636 1725 2672 gloriﬁcatus

925 2689 976 2713 est.
993 2696 1006 2709 ιο
1018 2685 1142 2712 Gloriam
1156 2687 1248 2711 autem
1260 2682 1328 2711 dicit
1341 2683 1528 2710 ascensionem
1544 2685 1605 2717 post
1614 2687 1723 2708 crucem

925 2734 954 2758 et
979 2729 1143 2765 passionem.
1168 2729 1245 2756 Tunc
1267 2728 1340 2756 enim
1355 2730 1542 2763 cognoverunt
1565 2726 1592 2752 in
1604 2724 1721 2752 adventu
