1922 3077
189 150 238 178 123

697 150 954 179 THEOPHYLACTI
973 150 1151 179 BULGARl/E
1170 150 1327 179 ARCHIEP.

1815 152 1870 179 124

186 212 311 249 Spiritus,
325 224 336 237 ιι
348 212 423 250 quod
431 212 467 241 de
476 213 523 242 illo
537 217 629 242 essent
639 213 748 250 scripta.
758 225 770 238 ν
783 215 854 242 Nam
866 214 988 242 fortassis

1052 214 1206 251 ἕκπομπεύει
1228 213 1276 250 τὴν
1300 212 1431 254 προτέραν
1456 213 1565 252 ἄγνοιαν
1589 215 1640 244 τῶν
1668 214 1867 244 ἀποστόλων.

190 257 329 286 sciverunt
338 257 413 294 quod
423 258 529 286 fuerint
540 259 638 294 scripta
654 270 659 287 :
677 259 750 295 quod
762 263 854 287 autem
869 259 904 287 de
914 261 989 293 Jesu,

190 303 386 339 ignoraverunt
413 314 419 331 :
441 303 525 339 idque
549 304 661 338 utiliter,
690 304 790 340 alioqui
813 304 991 332 scandalizati

189 347 307 376 fuissent
326 355 391 375 cum
412 348 629 384 crucifigeretur,
654 349 791 385 siquidem
813 357 860 377 rex
883 356 899 377 a
919 349 991 378 Scri-

191 396 271 428 ptura
288 392 468 421 annuntiatus
482 392 578 421 fuisset
592 393 654 421 talia
670 401 774 429 passus.

1045 273 1057 286 α
1080 261 1175 289 Ταῦτα
1190 258 1251 299 γὰρ,
1270 259 1364 300 φησὶν,
1380 260 1427 289 οὐκ
1446 258 1565 298 ἔγνωσαν
1585 262 1609 290 οἳ
1625 259 1762 297 μαθηταὶ
1781 260 1871 290 αὐτοῦ

1044 304 1074 334 τὸ
1090 303 1230 344 πρότερον,
1244 305 1304 333 ἀλλ’
1326 303 1370 333 ὅτε
1395 304 1498 340 Ἰησοῦς
1517 303 1657 341 ἐδοξάσθη.
1674 319 1689 332 ιι
1720 304 1824 339 Δόξαν
1843 304 1871 334 δὲ

1045 349 1115 388 λέγει
1140 349 1189 384 τὴν
1211 348 1279 386 μετὰ
1303 349 1348 378 τὸν
1370 349 1484 389 σταυρὸν
1509 349 1556 378 καὶ
1573 349 1604 379 τὸ
1632 350 1726 383 πάθος
1757 349 1871 386 ἀνάλη-

1045 396 1101 434 ψιν.
1123 393 1192 424 Τότε
1215 393 1248 430 δὴ
1270 393 1329 423 τότε
1351 393 1467 433 ἔγνωσαν
1534 396 1580 424 τοῦ
1597 395 1772 433 Πνεύματος
1798 394 1873 424 πάν-

191 449 242 471 τως
263 436 406 478 παρουσίᾳ,
429 449 441 464 α
462 437 501 467 ὅτι
528 439 570 468 ἐπ’
597 439 669 478 αὐτῷ
697 434 765 475 ἦσαν
791 439 1011 480 γεγραμμένοι.)θ
1029 436 1095 469 Ὀτι
1120 438 1167 477 μὲν
1193 437 1244 479 γὰρ
1267 439 1434 479 ἐγέγραπτο,
1459 438 1539 479 τυχὸν
1562 439 1676 480 ᾔδεσαν·
1703 438 1754 468 ὅτι
1773 438 1806 468 δὲ
1824 440 1872 469 ἐπὶ

191 483 237 511 τοῦ
253 483 361 518 Ἰησοῦ,
383 485 460 512 τοῦτο
486 482 582 517 αὐτοὺς
606 484 733 513 ἐλάνθανε
757 484 957 524 συμφερόντως·
979 479 996 520 ἦ
1019 482 1070 524 γὰρ
1093 485 1125 512 ἂν
1151 484 1396 520 ἐσκανδαλίσθησαν
1429 484 1470 513 ἐπ’
1494 479 1573 525 αὖτῷγ
1591 483 1821 525 σταυρουμένῳ,
1849 484 1874 514 εἴ

191 538 222 566 γε
244 526 369 566 βασιλεὺς
385 527 459 567 παρὰ
477 529 524 564 τῆς
537 529 559 558 Γ
562 531 653 568 ραφῆς,
667 530 898 569 ἀναγορευόμενος,
912 531 1020 558 τοιαῦτα
1035 528 1143 569 πάσχει.

228 577 316 604 Vens.
340 579 427 604 17-19.
444 587 457 601 α
475 577 639 605 Testabatur
657 578 741 613 igitur
759 578 839 606 turba
855 585 917 614 quae
931 582 990 606 erat

193 629 257 649 cum
267 628 300 649 eo
314 621 424 657 quando
434 622 571 650 Lazarum
586 623 690 650 vocavit
703 622 737 650 de
756 627 948 656 monumento,
963 626 991 651 et

192 665 331 694 suscitavit
352 674 415 694 eum
431 674 448 694 ει
467 666 594 695 mortuis.
614 669 760 703 Propterea
774 672 800 696 et
821 668 930 695 obviam
944 675 990 695 ve-

192 710 233 738 nit
257 710 281 738 ei
302 710 394 744 turba,
410 711 484 747 quod
507 711 651 740 audierant
671 720 736 740 eum
751 712 866 740 edidisse
881 712 933 740 hoc
954 712 992 740 si-

191 763 288 791 gnum.
302 756 433 784 Pharisaei
445 764 511 792 ergo
522 756 654 784 dixerunt
663 757 735 785 inter
743 765 773 785 se
785 766 792 784 :
805 757 909 785 Videtis
919 757 992 793 quod

192 799 278 836 674
292 800 359 828 nihil
368 801 586 836 proﬁcitis?ecce
600 802 720 830 mundus
735 806 797 837 post
804 810 868 830 eum
883 802 959 830 abiit.
979 814 991 826 ιι

191 845 296 878 Turba,
319 845 421 881 inquit,
444 853 505 882 qua:
528 846 633 874 viderat
648 846 813 875 miraculum
827 847 860 875 de
879 848 993 881 Lazaro,

1084 587 1097 600 α
1122 572 1284 613 Ἐμαρτύρει
1298 569 1343 603 οἷν
1367 575 1382 603 ὃ
1405 574 1484 614 ὄχλος
1505 576 1518 604 ὃ
1543 572 1580 603 ὢν
1606 575 1665 612 μετ’
1686 575 1796 610 αὐτοῦ,
1825 574 1872 603 ὅτε

1043 617 1087 648 τὸν
1111 618 1235 658 Λάζαρον
1263 617 1396 658 ἐφώνησεν
1421 620 1452 648 ἐκ
1474 621 1520 649 τοῦ
1549 618 1690 658 μνημείου,
1712 618 1768 648 καὶ
1793 619 1872 658 ἤγει-

1046 675 1088 703 ρεν
1116 663 1195 692 αὐτὸν
1232 665 1261 693 ἐκ
1288 665 1399 703 νεκρῶν.
1436 663 1488 694 Διὰ
1516 666 1596 693 τοῦτο
1622 664 1668 694 καὶ
1694 663 1870 700 ὑπήντησεν

1046 709 1145 749 αὖτῷὸ
1169 707 1255 748 ὄχλος,
1277 708 1318 738 ὅτι
1342 708 1440 744 ἤκουσε
1464 708 1647 749 τοῦτοναῦτόν
1671 709 1868 744 πεποιηκέναι

1046 753 1076 783 τὸ
1098 754 1216 790 σημεῖον.
1240 753 1276 783 Οἱ
1302 749 1347 782 οὖν
1365 755 1513 794 Φαρισαῖοι
1535 748 1608 783 εἶπον
1631 753 1698 793 πρὸς
1726 753 1868 787 ἑαυτούς’

1047 799 1192 838 Θεωρεῖτε,
1215 796 1257 827 ὅτι
1282 800 1330 827 οὐκ
1356 799 1482 837 ὠφελεῖτε
1508 798 1582 828 οὐδέν
1592 810 1606 835 ;‘
1627 795 1682 828 Ἴδε
1710 800 1727 828 ὁ
1758 798 1868 837 κόσμος

1049 844 1166 878 ἀπῆλθεν
1192 842 1279 872 ὀπίσω
1293 843 1383 874 αὐτοῦ.
1403 857 1416 869 ιο
1430 843 1464 873 Ὁ
1479 843 1557 883 ὄχλος
1568 866 1576 880 ,
1595 842 1686 884 φησὶν,
1712 844 1729 873 ὁ
1747 842 1798 873 ἐπὶ
1825 845 1864 883 τῷ

192 889 270 917 testis
288 893 347 918 erat
360 894 389 918 et
409 890 596 918 annuntiatrix
614 891 747 927 potentiae
767 891 873 927 ipsius:
891 891 952 919 ideo
967 895 991 919 et

1052 887 1164 928 Ααζάρῳ
1182 889 1213 918 τὸ
1235 891 1325 926 θαῦμα
1342 887 1415 925 ἰδὼν,
1440 889 1539 928 μάρτυς
1560 884 1605 926 ἧν,
1627 888 1674 917 καὶ
1698 887 1796 928 κήρυξ
1814 890 1865 924 τῆς

193 938 371 962 occurrerunt
383 934 407 962 ei
422 942 487 963 cum
502 935 585 971 gloria
598 935 627 963 hi
652 936 698 971 qui
719 936 865 964 audierant
884 936 938 964 hoc
952 936 990 964 l'a-

193 982 269 1006 ctum
293 978 416 1014 signum,
437 979 540 1007 scilicet
562 979 717 1008 credentes.
733 982 829 1017 Neque
843 981 917 1009 enim
937 980 989 1008 nisi

192 1023 380 1058 credidissent,
396 1024 434 1052 ita
449 1028 561 1060 repente
579 1024 693 1053 fuissent
713 1026 847 1053 conversi.
863 1025 990 1054 Pharisaei

193 1072 285 1096 autem
299 1067 422 1097 dicentes
435 1078 442 1097 :
461 1080 474 1094 α
487 1069 592 1098 Videtis
606 1070 679 1106 quod
694 1078 751 1098 non
766 1070 898 1105 prolicitis
913 1070 992 1106 quid-

192 1120 286 1149 quam,
303 1124 316 1137 »
332 1121 390 1142 non
404 1121 436 1142 ex
459 1114 562 1142 malitia
585 1114 644 1143 haec
665 1115 823 1150 loquuntur,
838 1123 894 1143 non
917 1115 992 1143 enim

193 1157 303 1186 fuerunt
316 1165 349 1186 ex
364 1157 407 1186 his
417 1158 464 1194 qui
481 1162 600 1187 mortem
615 1159 738 1187 meditati
759 1164 836 1188 erant
850 1162 927 1194 Jesu,
944 1160 992 1188 sed

193 1202 319 1230 benevoli
329 1203 445 1239 quidem
458 1211 517 1231 esse
532 1203 667 1238 videntur,
682 1204 806 1232 nondum
819 1204 904 1232 libere
919 1205 992 1241 loqui

192 1246 335 1282 audentes,
352 1255 384 1275 eo
399 1247 473 1283 quod
487 1255 545 1275 non
557 1248 695 1276 audebant
708 1248 854 1277 manifeste
868 1249 993 1277 resistere

192 1290 236 1319 his
249 1291 296 1328 qui
310 1296 407 1320 contra
421 1293 575 1321 Dominum
594 1293 751 1327 saeviebant,
767 1298 795 1321 et
813 1302 861 1329 per
872 1294 993 1322 occasio-

192 1343 258 1364 nem
272 1340 382 1364 tentant
404 1337 555 1373 reprimere
580 1338 650 1372 illos,
670 1336 726 1366 fere
748 1338 812 1366 talia
833 1338 956 1367 dicentes
982 1347 990 1366 :

193 1381 263 1416 Quae
276 1385 366 1409 vestra
386 1381 491 1410 utilitas
501 1390 533 1410 ex
547 1382 640 1411 multis
655 1387 751 1411 contra
764 1383 906 1412 hominem
918 1383 993 1411 hunc

201 1426 315 1454 nsidiis?
342 1426 484 1461 Quantum
508 1427 583 1455 enim
607 1428 781 1460 insidiamini,
813 1432 923 1456 tantum
949 1427 992 1455 hic

193 1471 301 1505 crescit,
312 1475 339 1499 et
353 1476 468 1507 augetur
480 1471 566 1507 gloria
578 1472 646 1508 ejus.
662 1485 674 1497 α
685 1475 755 1501 Nam
768 1473 898 1506 mundus,
913 1483 926 1496 ι
938 1471 991 1500 hoc

193 1519 234 1544 est
247 1515 339 1544 omnis
352 1516 509 1550 multitudo,
527 1526 540 1543 α
554 1522 617 1552 post
634 1526 699 1546 eum
714 1517 803 1551 vadit;
822 1527 836 1544 ν
858 1521 939 1553 atque
953 1517 990 1545 ita

192 1561 256 1596 quia
271 1560 339 1588 nihil
354 1561 474 1594 ellicitis,
486 1566 590 1590 cessate
602 1563 636 1592 ab
657 1562 776 1598 insidiis,
796 1565 826 1590 ut
839 1569 874 1590 ne
888 1561 991 1590 frustra

194 1605 355 1642 injustitiam
371 1606 493 1642 patretis.

228 1743 310 1770 Vens.
333 1745 427 1770 20-25.
450 1753 462 1767 α
488 1743 572 1770 Erant
592 1746 688 1770 autem
712 1740 826 1777 quidam
847 1741 938 1770 Graeci
962 1750 995 1770 ex

193 1787 236 1815 his
253 1787 300 1823 qui
318 1787 496 1815 ascenderant
513 1790 544 1814 ut
557 1785 706 1814 adorarent
723 1786 751 1814 in
772 1785 849 1814 festo.
871 1786 909 1814 Hi
929 1794 995 1823 ergo

192 1836 367 1860 accesserunt
391 1832 425 1859 ad
451 1831 617 1866 Philippum,
645 1831 693 1867 qui
717 1835 776 1858 erat
801 1839 817 1859 a
844 1831 995 1860 Betlisaida

193 1877 325 1910 Galilzcaa,
339 1881 366 1904 et
375 1876 508 1913 rogabant
522 1883 598 1909 eum,
614 1875 755 1904 dicentes:
774 1876 905 1911 Domine,
921 1877 997 1905 volu—

191 1929 255 1950 mus
266 1923 282 1949 J
284 1929 361 1950 esum
372 1920 473 1949 videre.
487 1920 570 1948 Venit
581 1921 732 1956 Philippus,
746 1925 773 1949 et
785 1921 850 1949 dicit
862 1921 993 1956 Andreae,

192 1967 317 1995 Andreas
326 1973 438 1994 rursum
452 1969 479 1993 et
497 1965 637 2000 Philippus
649 1965 745 1993 dicunt
757 1966 833 1993 Jesu.
852 1967 931 1994 Jesus
945 1974 994 1994 au-

192 2015 250 2039 tem
268 2010 412 2046 respondit
426 2011 465 2038 eis
479 2009 576 2038 dicens
592 2019 598 2037 :
620 2010 704 2038 Venit
720 2010 786 2037 hora
811 2014 841 2037 ut
861 2010 995 2045 gloriﬁce-

192 2060 239 2084 tur
261 2056 345 2083 Filius
366 2055 497 2083 hominis.
524 2056 624 2089 Amen,
649 2062 730 2082 amen
750 2053 813 2082 dico
838 2054 925 2088 vobis,
945 2055 995 2082 nisi

193 2107 309 2136 granum
322 2099 454 2127 frumenti
465 2099 603 2135 dejectum
617 2099 645 2126 in
662 2103 766 2127 terram
783 2102 926 2126 mortuum
940 2098 996 2127 fue-

194 2145 242 2178 rit,
265 2145 356 2180 ipsum
380 2144 471 2171 solum
494 2147 589 2171 manet
610 2152 618 2171 :
637 2143 660 2171 si
680 2151 744 2171 vero
771 2148 917 2172 mortuum
941 2143 997 2172 fue-

192 2189 240 2222 rit,
260 2189 378 2216 multum
393 2188 515 2217 fructum
536 2187 625 2217 affert.
650 2200 662 2213 -
686 2190 799 2224 Propter
815 2188 993 2224 pulchritudi-

1044 931 1138 962 τούτου
1170 932 1324 972 δυνάμεως·
1350 933 1390 962 διὸ
1413 933 1460 962 καὶ
1493 933 1648 970 ὑπήντησαν
1676 934 1759 973 αὐτῷ
1788 935 1863 971 μετὰ

1045 977 1120 1013 δόξης
1153 978 1177 1007 οἱ
1208 978 1369 1011 ἀκούσαντες
1393 980 1472 1007 τοῦτο
1499 977 1621 1017 γενέσθαι
1646 977 1676 1007 τὸ
1710 981 1860 1016 σημεῖον,

1045 1022 1167 1058 δηλονότι
1190 1022 1390 1056 πιστεύσαντες.
1411 1023 1454 1052 Οὐ
1477 1022 1529 1062 γὰρ
1552 1022 1594 1059 ἂν,
1620 1022 1697 1060 εἰμὴ
1723 1022 1862 1052 ἐπίστευ-

1045 1078 1109 1103 σαν,
1131 1066 1213 1101 οὕτως
1229 1066 1322 1107 ἀθρόον
1337 1067 1529 1105 μετετέθησαν.
1548 1069 1584 1097 Οἱ
1599 1067 1626 1096 δὲ
1649 1067 1812 1107 Φαρισαῖοι
1835 1069 1859 1097 οἱ

1043 1111 1181 1149 λέγοντες,
1198 1112 1237 1141 ὅτι
1259 1126 1272 1138 ιι
1287 1112 1433 1151 Θεωρεῖτε,
1449 1111 1491 1142 ὅτι
1515 1113 1563 1141 οὐκ
1577 1112 1705 1152 ὠφελεῖτε
1728 1112 1826 1148 οὐδὲν,
1845 1126 1858 1138 υ

1045 1157 1093 1186 οὐκ
1118 1157 1171 1186 ἀπὸ
1195 1156 1322 1196 πονηρίας
1347 1159 1431 1186 ταῦτα
1467 1157 1644 1197 φθέγγονται’
1673 1158 1703 1186 οὖ
1735 1157 1798 1197 γὰρ
1827 1158 1859 1186 ἐκ

1045 1203 1097 1230 τῶν
1119 1201 1190 1231 κατὰ
1210 1205 1256 1232 τοῦ
1272 1203 1399 1241 Σωτῆρος
1425 1201 1596 1240 μελετώντων
1617 1197 1701 1239 ἦσαν,
1721 1203 1789 1231 ἄλλ’
1807 1202 1856 1231 εὖ-

1045 1246 1177 1285 γνώμονες
1201 1246 1249 1285 μὲν
1264 1246 1380 1276 ἐοίκασιν
1396 1241 1475 1285 εἶναι,
1501 1246 1717 1288 ἀπαῤῥησίαστοι
1746 1246 1797 1276 δέ·
1815 1247 1858 1276 διὸ

1046 1291 1083 1330 μὴ
1109 1292 1256 1330 τολμῶντες
1286 1292 1405 1331 φανερῶς
1433 1293 1591 1327 ἀντιστῆναι
1617 1295 1671 1325 τοῖς
1699 1291 1779 1321 κατὰ
1807 1294 1857 1321 τοῦ

1048 1335 1146 1376 Κυρίου
1162 1337 1302 1373 λυττῶσιν,
1329 1336 1383 1365 ἀπὸ
1409 1338 1456 1372 τῆς
1483 1336 1618 1370 ἐκϐάσεως
1643 1338 1690 1366 τοῦ
1717 1336 1858 1376 πράγμα-

1045 1392 1088 1414 τος
1129 1382 1274 1420 πειρῶνται
1313 1381 1486 1410 ἀναστέλλειν
1537 1381 1651 1418 αὖτοὺς,
1703 1381 1854 1421 μονονουχὶ

1045 1428 1154 1454 τοιαῦτα
1167 1425 1285 1465 λέγοντες
1297 1437 1304 1444 ·
1325 1426 1394 1455 Ποία
1420 1427 1480 1464 ὑμῖν
1496 1425 1611 1466 ὠφέλεια
1628 1425 1680 1455 ἀπὸ
1705 1427 1763 1455 τῶν
1787 1427 1856 1455 πολ-

1046 1470 1098 1499 λῶν
1125 1471 1177 1499 τῶν
1211 1470 1280 1500 κατὰ
1310 1473 1356 1500 τοῦ
1382 1470 1520 1509 ἀνθρώπου
1547 1470 1642 1500 τούτου
1671 1470 1852 1507 ἔπιϐουλῶνς

1044 1513 1131 1544 νΟσον
1153 1514 1185 1543 ἂν
1201 1513 1403 1551 ἐπιϐουλεύητε,
1420 1519 1542 1545 τοσοῦτον
1559 1511 1631 1549 οἶτος
1655 1515 1788 1552 αὔξεται,
1805 1515 1852 1545 καὶ

1048 1559 1198 1589 ἐπιδίδωσιν
1223 1562 1239 1595 ἡ
1265 1559 1325 1593 δόξα
1341 1561 1433 1590 αὐτοῦ.
1458 1573 1472 1586 ι
1486 1559 1520 1589 Ὁ
1542 1560 1641 1598 κόσμος
1664 1574 1676 1586 υ
1698 1562 1767 1601 γὰρ,
1792 1560 1851 1596 ἤτοι

1047 1604 1078 1633 τὸ
1096 1609 1150 1633 πᾶν
1173 1606 1291 1640 πλῆθος,
1317 1618 1330 1630 ε
1355 1604 1442 1634 ὀπίσω
1468 1605 1547 1634 αὐτοῦ
1572 1606 1701 1640 ἀπῆλθεν.
1720 1619 1735 1633 ιι
1758 1604 1851 1636 ⁶¹Ωστε

1049 1649 1106 1678 ἐπεὶ
1133 1648 1207 1679 οὐδὲν
1230 1649 1336 1685 ἆνύετε,
1365 1649 1505 1679 παύσασθε
1531 1651 1584 1679 τῶν
1609 1650 1773 1688 ἐπιϐουλῶν,
1807 1650 1850 1680 ἵνα

1050 1693 1087 1733 μὴ
1101 1694 1218 1732 ἀνομῆτε
1230 1695 1361 1730 διακεῆς.

1088 1753 1102 1766 ι
1124 1734 1215 1769 ’Ἦσαν
1230 1738 1258 1768 δέ
1273 1751 1341 1773 τινες
1353 1738 1487 1776 ἽΞλληνες
1500 1739 1531 1769 ἐκ
1545 1739 1597 1768 τῶν
1622 1738 1826 1771 ἀναϐαινόντων
1839 1762 1848 1779 ,

1048 1782 1092 1813 ἵνα
1115 1784 1334 1824 προσκυνήσωσιν
1359 1786 1385 1814 ἐν
1468 1785 1556 1824 ἑορτῇ.
1586 1779 1669 1814 Οὗτοι
1695 1787 1848 1824 προσῆλθον

1049 1829 1183 1870 Φιλίππῳ
1208 1831 1247 1869 τῷ
1278 1829 1332 1860 ἀπὸ
1364 1829 1505 1865 Βηθσαῖδᾶ
1529 1831 1577 1864 τῆς
1604 1828 1774 1867 Γαλιλαίας,
1803 1828 1849 1859 χαὶ

1048 1874 1190 1914 ἠρώτησαν
1218 1873 1317 1912 αὐτὸν,
1347 1873 1484 1913 λέγοντες·
1515 1873 1618 1914 Κύριε,
1653 1873 1766 1913 θέλομεν
1803 1874 1847 1903 τὸν

1049 1918 1152 1953 Ἰησοῦν
1169 1919 1242 1947 ἰδεῖν.
1259 1918 1392 1958 Ἔρχεται
1407 1918 1543 1952 Φίλιππος
1568 1918 1614 1948 καὶ
1635 1918 1706 1957 λέγει
1728 1921 1769 1959 τῷ
1789 1918 1847 1949 Ἄν-

1049 1963 1126 2002 δρέα·
1142 1963 1188 1992 καὶ
1211 1963 1290 1992 πάλιν
1315 1962 1436 2002 Ἀνδρέας
1451 1962 1650 2002 καὶΞΦίλιππος
1673 1962 1783 2003 λέγουσι
1803 1964 1841 2002 τῷ

1050 2007 1149 2043 Ἰησοῦ.
1179 2007 1214 2037 ⁶Ο
1240 2007 1266 2036 δὲ
1299 2006 1402 2043 Ἰησοῦς
1425 2008 1588 2048 ἀπεκρίνατο
1611 2009 1715 2042 αὐτοῖς,
1742 2008 1844 2047 λέγων’

1049 2051 1195 2087 Ἐλήλυθεν
1209 2054 1227 2087 ἢ
1243 2051 1316 2091 ὥρα,
1336 2051 1380 2081 ἵνα
1395 2051 1508 2092 δοξασθῇ
1524 2054 1537 2081 ὁ
1559 2052 1622 2085 Υἱὸς
1632 2055 1679 2081 τοῦ
1695 2053 1844 2093 ἀνθρώπου.

1049 2095 1149 2134 Ἀμὴν,
1166 2095 1238 2134 ἀμὴν
1253 2096 1321 2134 λέγω
1335 2098 1415 2134 ὑμῖν,
1431 2097 1476 2126 ἐὰν
1500 2096 1537 2135 μὴ
1561 2100 1574 2126 ὂ
1591 2097 1685 2130 κόκκος
1699 2101 1747 2127 τοῦ
1771 2097 1843 2127 σίτου

1050 2141 1138 2170 πεσὼν
1158 2143 1194 2174 εἷς
1214 2141 1262 2177 τὴν
1279 2143 1328 2180 γῆν
1353 2141 1473 2180 ἀποθάνῃ
1486 2164 1494 2180 ,
1512 2142 1591 2175 αὐτὸς
1605 2141 1682 2180 μόνος
1698 2143 1783 2180 μένει·
1800 2141 1843 2170 ἐὰν

1050 2186 1077 2215 δὲ
1108 2185 1246 2226 ἀποθάνῃ,
1270 2185 1353 2215 πολὺν
1377 2187 1478 2227 καρπὸν
1506 2187 1590 2227 φέρει.
1622 2200 1635 2213 ν
1666 2187 1717 2217 Διὰ
1744 2186 1776 2216 τὸ
1798 2188 1843 2215 τοῦ

192 2241 258 2263 nem
279 2234 385 2270 templi,
407 2238 434 2261 et
447 2242 478 2261 ea
500 2241 562 2269 quae
583 2233 618 2261 de
637 2233 744 2262 Judaeis
764 2233 926 2262 dicebantur
941 2234 991 2262 ad-

1052 2232 1110 2260 ναοῢ
1150 2231 1262 2267 κάλλος,
1298 2230 1345 2260 καὶ
1379 2231 1412 2260 τὰ
1441 2230 1571 2269 λεγόμενα
1605 2232 1679 2271 παρὰ
1711 2230 1843 2263 Ἰουδαίοις

192 2279 327 2313 miranda,
339 2279 417 2306 multi
431 2279 514 2307 etiam
526 2279 688 2307 Grmcorum
702 2278 885 2307 ascenderunt
898 2279 994 2307 adora-

193 2323 256 2351 turi.
278 2325 382 2352 Parum
396 2328 490 2352 autem
504 2324 598 2351 aberat
612 2324 679 2359 quin
695 2323 722 2351 hi
736 2324 867 2360 proselyti
884 2324 993 2359 ﬁerent,

193 2367 248 2396 hoc
275 2372 317 2396 est
342 2368 378 2396 ad
405 2368 579 2396 Judaismum
605 2368 775 2397 accederent.
804 2369 891 2405 Igitur
921 2368 993 2397 fama

193 2413 394 2441 communicata
406 2413 440 2441 de
453 2414 530 2447 Jesu,
541 2413 675 2441 accedunt
688 2413 722 2441 ad
734 2413 900 2449 Philippum,
912 2418 939 2441 et
951 2421 996 2442 ro-

192 2462 325 2494 gaverunt
345 2465 410 2486 eum
431 2462 463 2486 ut
477 2458 599 2487 viderent
621 2460 730 2493 Jesum,
754 2458 808 2486 hoc
831 2463 873 2486 est
890 2458 994 2494 petive—

191 2506 268 2530 runt.
292 2504 328 2530 At
347 2502 392 2531 ille
404 2502 464 2537 (sed
483 2503 543 2530 vide
559 2503 732 2537 modestiam,
756 2507 784 2531 et
796 2503 901 2531 bonum
921 2502 995 2530 ordi-

192 2547 270 2584 nem)
288 2559 300 2572 αι
315 2547 433 2575 Andreae
442 2547 520 2581 dicit,
531 2559 544 2572 ιι
556 2552 688 2584 tanquam
701 2548 723 2575 ei
737 2548 784 2583 qui
796 2552 859 2576 ante
872 2555 901 2575 se
913 2551 972 2575 erat
984 2557 990 2576 :

191 2596 220 2620 et
232 2592 276 2620 ille
290 2600 346 2620 non
360 2596 471 2629 arrogat
489 2593 538 2620 sibi
558 2593 773 2629 suggestionem,
791 2600 879 2628 neque
900 2596 994 2621 aucto-

194 2638 305 2666 ritatem
323 2641 448 2673 usurpat,
461 2637 509 2665 sed
523 2637 604 2665 simul
626 2638 726 2673 accipit
737 2641 765 2665 et
778 2637 945 2673 Philippum,
966 2641 995 2665 et

192 2682 230 2710 ita
245 2682 360 2710 ﬁdenter
374 2682 497 2710 Domino
519 2682 651 2710 referunt.
672 2684 778 2710 Tantus
800 2682 880 2716 ordo,
905 2690 995 2710 amor-

192 2735 247 2764 que
269 2731 384 2756 mutuus
402 2727 472 2755 inter
494 2735 541 2756 eos
562 2731 632 2755 erat.
647 2727 721 2762 Quid
743 2727 826 2764 igitur
840 2728 995 2756 Dominus?

193 2773 263 2800 Cum
285 2772 426 2809 discipulis
447 2772 630 2801 interdixisset
657 2780 692 2801 ne
721 2773 748 2801 in
772 2773 844 2801 viam
871 2773 994 2809 gentium

195 2817 313 2852 abirent,
337 2817 495 2854 videretque
516 2821 611 2854 gentes
634 2825 664 2847 se
677 2817 735 2854 jam
751 2817 879 2847 accedere
893 2818 994 2854 (Graeci

1049 2274 1208 2314 θαυμαστὰ,
1224 2275 1318 2316 πολλοὶ
1339 2275 1383 2305 καὶ
1405 2277 1457 2305 τῶν
1475 2276 1612 2313 Ἑλλήνων
1631 2277 1746 2316 ἀνῄεσαν
1761 2286 1842 2316 προσ-

1049 2319 1218 2355 κυνήσοντες.
1243 2315 1324 2350 Οῖτοι
1349 2320 1377 2350 δὲ
1410 2320 1487 2359 ἐγγὺς
1510 2316 1578 2356 ἦσαν
1605 2325 1650 2351 τοῦ
1668 2315 1720 2351 καὶ
1744 2315 1841 2360 προσή-

1048 2366 1122 2406 λυτοι
1137 2365 1273 2405 γενέσθαι,
1290 2365 1350 2401 ἤτοι
1368 2367 1406 2406 τῷ
1426 2365 1591 2406 Ἰουδαϊσμῷ
1605 2360 1771 2405 προσελθεῖν.
1787 2366 1842 2400 Τῆς

1049 2405 1093 2440 οὖν
1121 2409 1182 2450 περὶ
1205 2413 1252 2439 τοῖ’»
1275 2410 1364 2446 Ἰησοῦ
1386 2405 1477 2449 ιρήμης
1500 2410 1682 2449 διαδοθείσης,
1712 2424 1726 2437 ι
1755 2420 1839 2450 προσ-

1051 2455 1105 2484 ίασι
1126 2456 1164 2495 τῷ
1180 2455 1324 2496 Φιλίππῳ,
1349 2454 1395 2484 καὶ
1413 2455 1555 2495 ἠρώτησαν
1576 2454 1655 2484 αὐτὸν
1686 2469 1700 2481 ι
1717 2454 1785 2485 ὥστε
1799 2453 1840 2483 τὸν

1049 2501 1153 2535 Ἰησοῦν
1178 2500 1251 2537 ἰδεῖν,
1271 2499 1422 2536 τουτέστιν,
1449 2500 1595 2539 ᾐτήσαντο.
1614 2499 1648 2531 Ὁ
1661 2500 1689 2530 δὲ
1703 2499 1780 2539 (ἀλλ’
1794 2498 1839 2538 ὅρα

1050 2544 1270 2584 μετριοφροσῦνην
1287 2543 1332 2573 καὶ
1356 2543 1497 2583 εὐταξίαν)
1516 2558 1529 2570 ιι
1549 2546 1571 2585 ᾤ
1594 2544 1703 2585 Ἀνδρέᾳ
1722 2545 1809 2583 λέγει,
1826 2555 1836 2567 ι·

1049 2587 1084 2622 ὥς
1110 2590 1161 2628 πρὸ
1197 2590 1277 2618 αὐτοῦ
1308 2588 1374 2617 ὄντι.
1406 2589 1535 2622 Κάκεῖνος
1571 2590 1622 2630 οὖχ
1655 2589 1768 2630 ἁρπάζει
1794 2586 1839 2623 τὴν

1049 2634 1211 2672 ὗπόμνησιν,
1229 2633 1288 2663 οὐδὲ
1310 2634 1442 2670 αὖθεντεῖ,
1464 2633 1533 2664 ἀλλὰ
1557 2634 1776 2674 συμπαραλαϐὼν
1797 2631 1839 2662 καὶ

1050 2679 1204 2715 Φίλιππον,
1227 2677 1296 2708 οὕτω
1329 2679 1422 2719 θαρῤεἶ
1453 2678 1501 2715 τὴν
1535 2679 1697 2718 ὑπόμνησιν·
1728 2677 1838 2712 τοσαύτη

1050 2723 1156 2758 εὐταξία
1185 2723 1231 2752 καὶ
1259 2723 1421 2764 φιλαλληλία
1458 2725 1547 2758 αὐτοῖς
1574 2722 1777 2753 ἐνεπολιτεύετο.
1805 2720 1838 2751 Τί

1049 2768 1136 2798 τοίνυν
1158 2770 1172 2799 ὁ
1195 2769 1305 2808 Κύριος;
1328 2768 1441 2804 Ἐπειδὴ
1463 2773 1517 2803 τοῖς
1540 2771 1672 2808 μαθηταῖς
1692 2768 1838 2808 παρήγγει-

1050 2815 1094 2845 λεν
1120 2814 1157 2848 εἷς
1181 2813 1239 2843 ὁδὸν
1264 2815 1343 2844 ἐθνῶν
1367 2813 1404 2854 μὴ
1428 2814 1569 2851 ἀπελθεῖν,
1593 2814 1664 2854 ἑώρα
1684 2813 1711 2843 δὲ
1729 2813 1780 2850 ἤδη
1806 2809 1836 2840 τὰ
