1922 3077
49 167 93 194 125

433 164 627 194 ENARRATlO
647 164 681 193 ΙΝ
699 163 915 193 EVANGELIUM
932 164 1082 193 IOANNIS.
1102 181 1136 186 —
1155 166 1230 194 CAP.
1251 167 1304 194 ΧΠ.
1641 169 1674 197 i2

46 229 101 264 ἔθνη
125 228 201 268 αὐτῷ
226 227 372 268 προσιόντα
388 227 431 268 (οἳ
454 228 505 268 γὰρ
519 227 653 264 Ἕλληνες
676 228 699 258 οἱ
725 227 837 261 θέλοντες

898 227 969 255 enim
977 227 1024 264 qui
1035 227 1161 256 volebant
1170 236 1232 256 eum
1241 229 1344 263 videre,
1353 229 1467 258 omnino
1479 229 1591 265 gentiles
1598 235 1689 259 erant:

48 273 120 304 αὐτὸν
134 274 218 310 ἰδεῖν,
233 273 331 303 ἐθνικοὶ
346 273 452 306 πάντως
465 269 565 312 ἦσαν),
579 272 639 307 τοὺς
654 272 680 302 δὲ
698 272 838 307 Ἰουδαίους

46 319 98 358 ᾔδει
120 320 196 358 αὐτῷ
224 317 459 353 ἕπιὸουλεΰοντας·
486 318 603 358 Καιρὸς,
631 318 721 358 φησὶν,
745 317 838 348 λοιπὸν

48 364 85 393 ἐπὶ
99 363 128 393 τὸ
148 363 236 396 πάθος
261 363 355 394 ἐλθεῖν.
374 377 386 390 ι
401 362 547 399 Ἐλήλυθεν
569 363 621 403 γὰρ
644 365 661 397 ἡ
685 362 743 402 ὥρα
764 375 776 389 ι
792 365 838 392 τοῦ

48 410 172 448 σταυροῦ,
187 421 200 433 ι
222 407 270 437 ἵνα
284 407 397 447 δοξασθῇ
420 409 434 437 ὁ
459 407 519 441 Υἱὸς
543 410 589 437 τοῦ
605 407 754 447 ἀνθρώπου.
774 421 786 434 ι
802 407 839 438 Τί

48 453 91 493 γὰρ
105 452 195 493 ὄφελος
219 453 256 482 τὰ
280 452 328 491 μὲν
344 453 406 488 ἔθνη
421 452 564 492 προσιόντα
584 454 648 491 ἡμῖν
663 452 700 491 μὴ
722 452 838 492 προσδέ-

48 500 149 537 χεσθαι,
175 501 234 531 τοῖς
271 497 299 526 δὲ
336 497 475 531 Ἰουδαίοις
504 500 611 535 μισοῦσι
637 497 683 526 καὶ
712 497 838 527 διώκουσι

47 541 231 582 προστρέχειν;
264 542 341 572 Ἐπεὶ
371 543 456 572 τοίνυν
487 543 511 572 οἷ
537 542 564 577 ἐξ
597 543 676 572 ἐθνῶν
707 542 837 582 προστρέ-

47 599 128 627 χουσιν
151 589 218 625 ἡμῖν
231 609 241 626 ,
268 589 314 616 νῦν
339 586 429 617 λοιπὸν
449 589 467 622 ἡ
489 586 547 626 ὥρα
569 589 617 617 τοῦ
640 589 836 627 σταυρωθῆναι.

48 633 141 662 Οὐκοῦν
174 631 347 672 συγχωρήσω
375 635 429 666 τοῖς
459 631 596 666 Ἰουδαίοις
627 632 708 672 πέρας
735 633 836 671 ἐπαγα-

47 678 94 715 γεῖν
112 678 164 711 τοῖς
190 676 372 716 βουλεύμασιν
398 677 504 713 αὐτῶν,
531 677 577 707 καὶ
595 676 701 706 ἐνδώσω
724 677 835 716 αὐτοῖς,

49 721 108 752 ὥστε
128 715 286 761 σταυρῶσαί
308 734 352 761 με,
373 721 418 750 ἵνα
434 722 467 757 δὴ
493 722 693 762 ἀπροφάσιστοι
717 715 783 751 ὦσιν
801 723 837 756 εἷς

48 766 73 795 τὸ
98 766 260 805 μετέπειτα,
295 766 410 806 εὐλόγως
449 767 513 804 ἐμοῦ
545 766 654 807 ἀφέντος
680 766 777 800 αὐτοὺς
802 767 838 800 ὡς

49 813 192 852 σταυρωτὰς
215 813 286 850 ὁμοῦ
298 811 344 840 καὶ
359 814 456 850 φονεῖς,
474 811 519 841 καὶ
534 813 587 845 τοῖς
606 811 691 841 ἔθνεσι
707 822 839 851 προσχω-

50 857 167 896 ρήσαντος
180 860 236 890 τοῖς
257 856 311 892 ἤδη
337 855 491 895 ἀρξαμένοις
517 856 655 896 προσιέναι
726 857 778 897 ἐμῇ
801 857 839 885 δι-

50 902 122 941 δαχῇ.
141 901 209 932 Δίαν
231 900 286 941 γὰρ
309 901 398 930 ἄδικον
421 905 475 934 τοῖς
497 900 545 939 μὲν
568 900 656 931 ἔθνεσι
674 901 771 941 διψῶσι
792 903 837 931 τοῦ

51 947 118 984 λόγω
139 946 186 975 καὶ
208 947 258 982 τῆς
290 945 440 985 σωτηρίας,
467 945 549 984 μηδὲν
580 945 698 982 διδόναι,
727 947 783 979 τοῖς
809 946 837 976 δὲ

52 991 206 1020 ἀποπτύουσι
221 990 257 1019 τὰ
276 990 401 1028 διδόμενα
422 989 559 1024 Ἰουδαίοις
581 990 628 1020 καὶ
648 990 838 1020 ἐπιϐουλεύου-

52 1046 74 1064 σι
86 1037 121 1074 τῷ
143 1034 269 1074 εὐεργέτῃ
286 1036 490 1074 προσλιπαρεῖν,
515 1030 584 1065 Εἶτα
610 1034 654 1064 ἵνα
667 1035 704 1074 μὴ
721 1036 837 1065 σκανδα-

51 1081 163 1109 λισθῶσιν
180 1081 204 1109 οἱ
221 1079 358 1118 μαθηταὶ,
382 1079 422 1109 ὅτι
436 1079 480 1109 ὅτε
498 1080 543 1109 καὶ
557 1080 590 1109 τὰ
615 1080 674 1116 ἔθνη
698 1081 837 1119 προσιέναι

52 1124 162 1164 ἤρξαντο,
175 1125 234 1154 τότε
250 1124 297 1154 καὶ
319 1124 492 1160 ἀποθνήσκει,
508 1124 588 1164 φησὶν
599 1147 607 1162 ,
623 1126 659 1158 ὡς
674 1124 746 1155 Αὐτὸ
760 1127 838 1155 τοῦτο

53 1170 142 1207 μᾶλλον
164 1171 194 1200 τὸ
212 1170 354 1199 ἀποθανεῖν
384 1169 448 1208 ἐμὲ,
476 1169 584 1206 αὐξήσει
607 1169 655 1205 τὴν
680 1171 732 1198 τῶν
758 1170 838 1199 ἐθνῶν

54 1214 142 1245 πίστιν.
167 1213 278 1254 Ὥσπερ
303 1214 356 1254 γὰρ
389 1227 402 1241 ι
433 1216 447 1244 ὁ
477 1214 571 1248 κόκκος
595 1216 643 1244 τοῦ
676 1215 749 1244 σίτου
776 1215 837 1244 ὅταν

54 1259 151 1298 σπαριὶς
170 1259 306 1299 ἀποθάνῃ,
322 1262 469 1295 τηνικαῦτα
493 1259 576 1289 πολὺν
592 1258 695 1299 καρπὸν
719 1259 808 1300 φέρει·
825 1273 838 1286 ι

55 1305 114 1334 οὕτω
127 1305 157 1339 δὴ
181 1305 226 1334 καὶ
249 1306 264 1333 ὁ
281 1305 343 1342 ἐμὸς
367 1304 478 1338 θάνατος
491 1305 573 1334 πολὺν
598 1304 642 1334 τὸν
662 1305 688 1333 ἐν
748 1305 838 1334 πίστει

52 1351 97 1378 τῶν
110 1350 185 1378 ἐθνῶν
199 1349 303 1390 καρπὸν
324 1348 435 1388 ἐνέγκοι.
456 1348 545 1379 Ὥστε
574 1349 669 1387 μηδεὶς
689 1350 836 1379 σκανδαλι-

54 1393 140 1433 ζέσθω,
156 1396 190 1428 ὣς
211 1396 259 1429 τῆς
282 1395 334 1423 τῶν
358 1395 438 1424 ἐθνῶν
456 1396 631 1433 προσαγωγῆς
655 1394 699 1424 διὰ
717 1396 762 1423 τοῦ
789 1398 837 1425 θα-

55 1438 122 1468 νάτου
141 1439 176 1478 μὴ
195 1438 418 1477 χολωϐουμίνης·
441 1438 511 1468 ἀλλὰ
532 1441 570 1479 τῷ
587 1441 633 1468 τοῦ
651 1439 750 1469 κόκκου
764 1440 837 1470 ὑπο-

57 1482 163 1522 δείγματι
186 1484 337 1520 πειθέσθω,
360 1482 407 1519 τὴν
430 1484 457 1513 ἐν
478 1485 518 1524 τῷ
532 1483 638 1524 θανάτῳ
657 1495 707 1522 μου
722 1486 835 1521 πτῶσιν,

892 273 1004 300 Judazos
1013 277 1105 301 autem
1116 274 1219 301 sciebat
1230 273 1280 301 sibi
1290 273 1436 310 insidiari),
1446 276 1578 310 Tempus.
1588 276 1687 312 inquit,

892 325 966 346 nunc
991 322 1034 346 est
1056 318 1202 346 accedendi
1217 318 1253 346 ad
1275 319 1442 354 passionem.
1469 330 1482 343 ι
1507 320 1590 348 Venit
1603 321 1689 355 enim,

891 361 990 398 inquit,
1010 363 1080 391 hora
1098 375 1110 387 ιι
1126 363 1226 395 crucis,
1244 375 1256 387 ι
1273 367 1304 391 ιιι
1317 363 1486 399 gloriﬁcetur
1500 364 1586 392 Filius
1600 364 1690 394 homi-

890 407 942 435 nis.
961 419 973 431 ν
991 409 1061 436 Nam
1073 407 1140 444 quid
1155 415 1224 443 opus
1238 412 1279 436 est
1294 412 1387 444 gentes
1401 415 1462 444 quae
1479 416 1531 436 nos
1545 409 1688 442 accedunt,

891 460 949 480 non
972 453 1120 488 suscipere,
1139 457 1168 480 et
1181 460 1324 481 accurrere
1351 452 1388 481 ad
1413 452 1536 487 Judazos,
1559 453 1605 489 qui
1621 453 1690 482 ode-

891 500 956 524 runt
975 501 1003 525 et
1016 499 1235 533 persequuntur?
1259 498 1347 533 Igitur
1360 498 1424 533 quia
1443 505 1476 526 ex
1497 497 1625 533 gentibus
1640 506 1689 526 ve-

891 541 971 569 niunt
984 541 1018 570 ad
1031 549 1093 575 nos,
1115 550 1188 570 nunc
1211 546 1252 570 est
1271 547 1381 578 tempus
1394 547 1425 570 ut
1439 542 1589 578 crucifigar.
1605 543 1690 579 Igitur

892 586 1049 623 permittam
1072 586 1177 615 Iudaeis
1203 591 1233 615 ut
1256 587 1401 615 inidiandi
1426 587 1509 615 ﬁnem
1534 586 1648 621 faciant,
1663 592 1691 616 et

892 632 1049 667 permittam
1064 632 1103 660 eis
1126 636 1156 659 ut
1179 632 1339 667 cruciﬁgant
1364 639 1416 666 me,
1440 636 1470 659 ut
1491 636 1566 660 certe
1586 633 1689 660 nullam

892 675 1014 704 habeant
1024 677 1230 704 excusationem
1244 677 1329 712 875
1343 676 1467 712 posthac,
1479 685 1543 704 cum
1560 677 1633 712 juste
1646 685 1689 705 re-

892 720 994 756 liquero
1007 729 1055 749 eos
1069 725 1099 749 ut
1119 721 1296 749 cruciﬁxores
1311 725 1338 749 et
1357 721 1547 750 interfectores
1562 730 1649 756 meos,
1664 727 1691 750 et

891 766 1035 794 contulere
1051 773 1095 794 me
1109 765 1144 794 ad
1159 771 1263 802 gentes,
1285 774 1347 802 quae
1368 774 1440 794 nunc
1461 766 1554 794 venire
1568 767 1691 803 incmpe—

891 814 957 838 runt
970 811 1005 839 ad
1020 810 1175 839 doctrinam
1197 819 1298 839 meam.
1324 813 1394 839 Nam
1411 811 1487 839 valde
1504 811 1638 847 injustum
1650 816 1692 840 est

892 855 960 883 nihil
973 855 1030 883 dari
1041 856 1179 891 gentibus.
1194 863 1256 892 qua;
1270 855 1383 883 verbum
1395 863 1427 884 ac
1439 856 1557 884 salutem
1570 856 1667 884 sitiunt
1683 866 1691 884 :

891 900 995 928 Judaeis
1007 904 1099 928 autem
1123 900 1171 936 qui
1186 905 1319 936 respuunt
1333 900 1383 928 sibi
1397 900 1473 934 data,
1488 905 1518 928 et
1529 901 1694 930 insidiantur

892 944 1069 977 benefactori,
1084 945 1179 973 luxum
1193 945 1377 981 suppeditare.
1397 946 1513 981 insuper
1526 953 1561 974 ne
1574 947 1691 974 scanda-

893 989 1012 1018 lizentur
1031 989 1156 1026 discipuli
1182 989 1257 1026 quod
1279 989 1389 1026 quando
1410 993 1439 1018 et
1451 994 1547 1026 gentes
1560 990 1691 1019 accedere

892 1034 1062 1070 inceperunt,
1083 1038 1151 1062 tunc
1172 1035 1315 1069 moriatur,
1339 1034 1406 1062 dicit
1428 1034 1502 1070 quod
1523 1042 1605 1063 suum
1620 1035 1690 1063 mori

892 1079 974 1107 ﬁdem
998 1079 1121 1115 gentium
1146 1079 1234 1115 magis
1256 1083 1402 1107 aucturum
1424 1079 1468 1107 sit.
1489 1080 1561 1107 Nam
1587 1091 1601 1104 ι
1621 1079 1693 1108 sicut

892 1131 1010 1160 granum
1026 1124 1156 1152 frumenti
1168 1132 1233 1152 cum
1244 1124 1433 1158 seminaveris,
1445 1124 1574 1158 moritur,
1587 1128 1616 1152 et
1627 1128 1693 1153 tunc

892 1169 1011 1196 multum
1029 1169 1151 1196 fructum
1176 1168 1269 1202 affert,
1286 1181 1298 1193 η
1314 1169 1409 1205 utique
1421 1173 1448 1197 et
1461 1176 1521 1196 mea
1542 1177 1618 1197 mors
1632 1177 1693 1197 ma-

892 1221 978 1250 gnum
1000 1212 1122 1242 fnictum
1147 1213 1177 1241 in
1200 1213 1255 1242 ﬁde
1281 1214 1404 1250 gentium
1428 1217 1571 1250 apportat;
1600 1218 1629 1242 et
1656 1214 1692 1243 ita

891 1258 983 1286 nullus
1001 1258 1212 1292 scandalizetur,
1236 1258 1310 1294 quod
1332 1257 1463 1286 adductio
1493 1258 1616 1294 gentium
1641 1267 1692 1294 per

893 1307 1014 1331 mortem
1029 1311 1123 1331 meam
1143 1311 1200 1330 non
1222 1302 1408 1339 prohibeatur,
1433 1303 1481 1331 sed
1508 1303 1543 1330 ab
1564 1303 1692 1339 exemplo

892 1348 970 1384 grani
994 1347 1089 1376 credat
1114 1355 1208 1376 casum
1229 1348 1257 1376 in
1279 1352 1367 1376 morte
1393 1355 1464 1381 mea,
1488 1347 1692 1377 incrementum

892 1401 987 1421 eorum
1003 1393 1049 1428 qui
1072 1392 1247 1425 crediderint,
1272 1393 1429 1420 allaturum.
1446 1393 1517 1420 Nam
1540 1392 1565 1420 si
1588 1392 1641 1421 hoc
1664 1393 1693 1421 in

891 1446 976 1474 grano
997 1437 1039 1472 fit,
1056 1438 1143 1466 multo
1158 1438 1246 1473 magis
1260 1437 1288 1465 in
1304 1445 1356 1465 me.
1372 1438 1442 1465 Cum
1463 1437 1540 1465 enim
1563 1442 1692 1466 mortuus

891 1483 980 1518 fuero,
996 1486 1025 1510 et
1037 1490 1223 1516 rcsurrexero,
1242 1482 1330 1510 multo
1346 1482 1432 1518 magis
1444 1482 1588 1510 ostendam
1603 1483 1690 1510 virtu-

56 1527 150 1564 αὔξησιν
165 1530 216 1558 τῶν
239 1528 419 1558 πιστευόντων
434 1528 603 1566 γενήσεσθαι.
622 1530 656 1559 Εἰ
679 1529 730 1568 γὰρ
746 1530 773 1558 ἓν
798 1531 837 1570 τῷ

898 1536 948 1557 :em
961 1535 1062 1562 meam,
1079 1531 1108 1556 et
1122 1535 1186 1556 cum
1199 1535 1385 1561 resurrexero,
1400 1534 1496 1555 omnes
1510 1526 1623 1555 credent
1635 1527 1689 1555 mi-

57 1571 132 1612 κόκιιῳ
153 1575 228 1603 τοῦτο
249 1573 366 1612 γίνεται,
391 1574 485 1613 πολλῷ
505 1574 606 1611 μᾶλλον
622 1575 648 1603 ἐν
667 1573 736 1611 ἐμοί.
756 1573 835 1603 Ἄπο-

57 1616 128 1647 θανὼν
151 1617 201 1658 γὰρ
230 1617 279 1648 καὶ
306 1617 438 1658 ἀναστὰς,
465 1619 573 1656 μᾶλλον
600 1618 676 1653 δείξω
692 1617 740 1654 τὴν
768 1618 836 1658 ἐμὴν

58 1671 238 1694 πιστευσουσιν.

90 1719 102 1732 α
120 1706 152 1737 Ὁ
165 1709 246 1748 φιλῶν
263 1707 311 1744 τὴν
324 1706 412 1748 ψυχὴν
430 1709 520 1743 αὑτοῦ,
540 1707 663 1738 ἀπολέσει
676 1707 760 1744 αὖτήν
769 1720 776 1728 ο
789 1708 836 1739 καὶ

59 1752 155 1788 ὑμισῶν
175 1753 222 1788 τὴν
239 1752 330 1793 ψυχὴν
345 1754 425 1781 αὓτοῖῖ
448 1754 474 1782 ἐν
497 1754 535 1792 τῷ
555 1753 650 1792 κόσμῳ
675 1753 774 1793 τούτῳ,
801 1755 837 1788 εἷς

60 1795 116 1831 ζωὴν
130 1796 231 1827 αἰώνιον
249 1796 358 1837 φυλάξει
381 1796 475 1832 αὐτήν.
494 1796 559 1827 Ἐὰν
582 1797 641 1836 ἐμοὶ
660 1799 768 1838 διακονῇ
783 1810 836 1834 τις,

60 1840 108 1877 ἐμοὶ
128 1842 316 1872 ἀκολουθείτωο
342 1841 389 1871 καὶ
411 1841 478 1871 ὅπου
501 1842 557 1879 εἰμὶ
581 1841 649 1882 ἐγὼ,
671 1843 726 1872 ἐκεῖ
752 1842 799 1872 καὶ
823 1845 837 1872 ὁ

60 1884 159 1919 διάκονος
180 1888 194 1915 ὁ
216 1887 281 1926 ἐμὸς
306 1885 392 1916 ἔσται.
419 1887 472 1916 Καὶ
495 1886 538 1916 ἐοίν
561 1899 601 1920 τις
623 1886 682 1924 ἐμοὶ
709 1887 838 1927 διακονῇ,

61 1929 153 1967 τιμήσει
173 1931 248 1961 αὐτὴν
277 1933 291 1960 ὁ
317 1930 424 1971 Πατήρ.
452 1944 464 1957 »ι
491 1931 603 1967 Ἐπειδὴ
635 1931 712 1970 ἐγγὺς
736 1927 768 1968 ἦν
790 1934 837 1961 τοῦ

61 1974 170 2008 πάθουςὸ
191 1976 309 2016 Κύριος,
335 1976 393 2016 ᾔδει
419 1975 447 2005 δὲ
463 1975 522 2008 τοὺς
543 1975 664 2013 μαθητὰς
691 1977 838 2013 κατηφείας

60 2018 153 2057 πλήρεις
167 2021 324 2059 ἐσομένους,
352 2020 394 2050 διὰ
415 2020 494 2050 τοῦτό
519 2031 614 2061 φησιν,
641 2021 682 2050 ὅτι
704 2022 837 2051 Τοσοῦτον

61 2063 130 2092 οὗδεῖ
152 2066 217 2103 ὑμᾶς
242 2066 288 2094 ἐπὶ
312 2066 350 2106 τῷ
382 2066 439 2106 ἐμῷ
463 2065 569 2106 θανάτῳ
592 2071 743 2106 κατηφιᾷν,
768 2065 837 2096 ὥστε

61 2106 98 2135 ἐὰν
115 2109 157 2138 καὶ
170 2111 244 2148 ὑμεῖς
269 2110 344 2140 αὐτοὶ
367 2110 405 2148 μὴ
429 2110 594 2146 ἀποθάνητε,
609 2110 663 2140 οὐδ’
680 2111 741 2149 ὑμῖν
762 2110 837 2140 ἔσται

61 2152 148 2191 κέρδος,
160 2155 226 2184 ἀλλὰ
241 2154 289 2184 καὶ
303 2159 354 2188 πᾶς
369 2155 504 2195 ἄνθρωπος
528 2155 635 2191 ἅπλῶς,
657 2154 684 2188 ὃς
699 2155 749 2191 τὴν
765 2167 837 2195 παρ-

890 1573 917 1602 hi
933 1577 964 1601 ut
978 1575 1048 1601 Deo.

862 1619 971 1658 δύναμιν
994 1617 1038 1648 διὰ
1058 1619 1104 1647 τοῦ
1133 1619 1295 1655 ἀναστῆναι,
1315 1616 1360 1647 καὶ
1387 1617 1483 1651 πάντες
1507 1618 1542 1651 ὡς
1565 1617 1629 1657 Θεῷ
1648 1628 1693 1656 μοι

928 1713 1020 1741 Vens.
1034 1713 1079 1744 25,
1103 1714 1145 1740 26.
1161 1723 1174 1736 ι
1190 1712 1242 1747 Qui
1260 1715 1337 1740 amat
1350 1711 1473 1740 animam
1492 1719 1581 1745 suam,
1596 1711 1692 1748 perdet

893 1765 954 1786 eam
969 1766 975 1785 :
990 1761 1017 1784 et
1037 1756 1084 1792 qui
1106 1756 1165 1784 odit
1182 1757 1303 1784 animam
1316 1764 1395 1784 suam
1416 1757 1445 1784 in
1459 1757 1510 1785 hoc
1526 1757 1643 1790 mundo,
1663 1757 1692 1785 in

892 1803 978 1830 vitam
992 1805 1124 1829 aeternam
1148 1801 1286 1829 custodiet
1308 1809 1379 1829 eam.
1395 1802 1424 1829 Si
1445 1802 1506 1837 quis
1519 1802 1587 1829 mihi
1609 1802 1693 1830 mini-

891 1850 971 1880 strat,
981 1854 1027 1874 me
1041 1850 1172 1881 sequatur
1188 1855 1194 1872 :
1208 1850 1236 1873 et
1248 1845 1293 1873 ubi
1308 1853 1370 1873 sum
1383 1854 1444 1881 ego,
1458 1846 1513 1873 illic
1526 1851 1555 1873 et
1567 1846 1693 1874 minister

893 1899 972 1919 meus
986 1890 1047 1918 erit.
1071 1891 1098 1917 Si
1117 1890 1179 1925 quis
1193 1889 1259 1917 mihi
1279 1890 1485 1924 ministraverit,
1501 1890 1693 1918 cohonestabit

892 1943 957 1964 eum
972 1937 1060 1964 Pater.
1085 1946 1098 1958 ι
1122 1934 1259 1969 Quoniam
1275 1941 1360 1969 prope
1382 1937 1440 1962 erat
1461 1935 1617 1970 passionem
1633 1936 1691 1962 Do-

892 1980 994 2014 minus,
1015 1984 1044 2008 et
1058 1979 1166 2008 sciebat
1179 1979 1329 2014 discipulos
1345 1987 1465 2007 mmrore
1491 1979 1586 2015 plenos
1609 1979 1668 2007 fore
1684 1989 1690 2008 :

892 2024 953 2053 ideo
967 2025 1033 2052 dicit
1046 2023 1121 2061 quod
1135 2026 1231 2060 Usque
1245 2023 1314 2051 adeo
1325 2031 1381 2052 non
1398 2028 1507 2060 oportet
1526 2031 1573 2052 vos
1588 2024 1617 2052 in
1631 2032 1692 2052 mea

892 2074 981 2098 morte
995 2077 1125 2103 maerere,
1136 2069 1261 2097 utetiam
1271 2076 1319 2096 vos
1333 2076 1443 2105 quoque
1454 2068 1508 2096 nisi
1522 2069 1691 2103 moriamini,

891 2115 997 2142 nullum
1008 2115 1118 2142 lucrum
1128 2114 1275 2142 habebitis.
1283 2115 1319 2141 Et
1331 2113 1359 2141 in
1370 2121 1491 2147 summa,
1504 2113 1596 2142 omnis
1607 2113 1692 2142 homo

891 2159 937 2195 qui
957 2164 1120 2195 praesentem
1140 2159 1227 2187 vitam
1251 2158 1347 2194 diligit,
1374 2162 1402 2186 et
1423 2169 1436 2182 ι
1465 2158 1586 2186 animam
1610 2166 1691 2186 suam

63 2197 127 2226 οὖσαν
148 2198 213 2236 ζωὴν
239 2201 353 2240 ἀγαπᾷ,
379 2200 425 2229 καὶ
449 2199 497 2236 τὴν
528 2200 616 2240 ψυχὴν
641 2201 722 2230 αὐτοῦ
747 2201 835 2240 φιλεῖ,

898 2207 976 2238 imat,
1012 2215 1024 2229 ι
1050 2204 1102 2232 hoc
1124 2207 1166 2232 est
1189 2211 1238 2231 sua
1262 2202 1398 2231 desideria
1421 2202 1541 2231 absurda
1565 2202 1640 2237 facit,
1665 2207 1694 2231 et

64 2241 179 2280 τουτέστι,
203 2244 253 2278 τὰς
277 2243 416 2282 ἐπιθυμίας
444 2246 524 2280 αὖτῆς
543 2245 592 2278 τὰς
615 2245 729 2278 ἀτόπους
750 2248 836 2281 ποιεῖ,

63 2285 99 2314 καὶ
112 2287 181 2330 ,παρὰ
198 2289 227 2319 τὸ
245 2288 303 2318 δέον
317 2289 457 2330 χαρίζεται
471 2290 550 2329 αὖτῇ,
566 2289 612 2318 καὶ
627 2289 664 2327 μὴ
679 2293 838 2330 καταφρονεῖ

65 2329 175 2369 θανάτου,
191 2334 324 2364 ἀπόλλυσι
345 2329 456 2370 ταύτην.
484 2346 498 2361 ι
513 2333 549 2363 Ὁ
564 2334 591 2363 δὲ
613 2335 698 2373 μισῶν
713 2329 812 2371 αὐτὴν,
825 2348 838 2361 ν

63 2375 189 2414 τθυτέστιν,
211 2380 225 2408 ὁ
241 2378 279 2416 μὴ
296 2377 411 2408 ὑπείκων
427 2379 508 2418 αὐτῇ,
526 2378 594 2417 μηδὲ
615 2378 838 2418 ὖποκλινόμενος,

65 2429 75 2442 ι
87 2421 180 2458 φυλάξει
194 2423 277 2458 αὐτὴν
292 2423 329 2457 εἷς
346 2422 415 2459 ζωὴν
431 2423 551 2454 αἰώνιον.
569 2436 581 2450 ι
599 2423 694 2454 Θέλων
709 2424 736 2453 δὲ
756 2423 836 2453 ἐνδεί-

65 2460 141 2494 ξασθαι
154 2467 199 2503 τὴν
220 2467 413 2506 ἐπιτεταμένην
432 2467 619 2509 ἀποστροφὴν,
640 2468 676 2509 ﬁt:
693 2469 734 2498 δεῖ
748 2473 836 2498 ποιεῖ-

66 2509 115 2538 σθαι
125 2511 182 2550 πρὸς
195 2512 243 2545 τὰς
266 2512 406 2551 ἐπιθυμίας
421 2514 469 2548 τῆς
493 2507 579 2553 ψυχῆς
591 2535 600 2550 ,
627 2507 689 2542 εἶπε
704 2514 751 2549 τὸ,
773 2527 784 2538 ιι
800 2512 838 2543 “Ο

68 2554 146 2598 μισῶν.
163 2568 177 2582 I
199 2557 254 2587 Καὶ
275 2556 327 2597 γὰρ
352 2558 405 2586 τῶν
423 2557 589 2596 μισουμένων
605 2557 665 2587 οὔτε
681 2557 740 2598 ὄψιν
755 2558 836 2594 ἰδεῖν,

67 2595 113 2640 (ἔδει
137 2601 218 2639 φωνὴν
250 2595 364 2631 ἀκοῦσαι
394 2601 569 2640 ὑπομένομεν.
599 2595 708 2636 Οὕτως.
724 2598 768 2632 οὖν
798 2603 838 2632 δεῖ

67 2639 190 2688 διακεῖσθαι
219 2645 285 2686 πρὸς
317 2645 365 2681 τὰς
393 2639 576 2685 ἀλόγουςντῆς
609 2649 697 2688 ψυχῆς
726 2647 837 2687 ὀρέξεις,

67 2684 146 2732 τέλειον
169 2684 249 2728 μῖσος.
264 2693 408 2730 μισοῦντας
433 2691 524 2724 αὐτάς.
551 2693 600 2732 Τῷ
617 2684 768 2729 ’δέ-εἰπεῖν,
796 2684 837 2722 ὅτι

68 2742 78 2778 ξ
94 2729 123 2761 Ὁ
141 2736 218 2771 μισῶν
232 2736 279 2772 τὴν
294 2736 383 2777 ψυχὴν
398 2737 478 2765 αὑτοῦ
492 2737 519 2766 ἐν
535 2737 572 2776 τῷ
586 2729 681 2777 κόσμῳ
699 2736 803 2778 τούτῳ,
821 2750 835 2764 ι

68 2773 166 2823 ίμφαίνει
185 2781 215 2811 τὺ
233 2773 397 2821 πρόσκαιρον
425 2783 472 2811 τοῦ
491 2773 761 2820 πράγματος.”Επεὶ
773 2773 836 2823 ’γὰρ

69 2821 155 2858 φονικὸν
178 2825 259 2856 ἐδόκει
280 2826 327 2856 καὶ
341 2825 442 2862 ἀπηνὲς
457 2825 488 2856 τὸ
502 2825 694 2866 παράγγελμα,
706 2821 837 2869 παραμυξ-

891 2248 1024 2285 permittit
1038 2249 1062 2276 ei
1085 2248 1160 2285 quod
1174 2256 1229 2276 non
1245 2251 1365 2284 oportet,
1380 2255 1430 2275 nec
1448 2247 1602 2276 contemnit
1616 2256 1693 2275 mor-

891 2297 960 2328 tem,
982 2305 996 2318 ‹‹
1020 2293 1110 2330 perdit
1134 2300 1195 2321 eam
1221 2303 1227 2320 :
1245 2301 1260 2319 ιι
1283 2292 1330 2328 qui
1349 2297 1442 2320 autem
1459 2292 1518 2320 odit
1534 2292 1620 2326 illam,
1640 2291 1693 2320 hoc

893 2342 934 2366 est
957 2338 1004 2375 qui
1025 2346 1082 2366 non
1113 2337 1240 2366 concedit
1254 2337 1290 2371 ei,
1314 2345 1403 2373 neque
1427 2337 1462 2364 ab
1496 2337 1540 2365 illa
1563 2336 1693 2372 ﬂectitur,

895 2392 909 2410 ‹‹
922 2382 1059 2411 custodiet
1072 2383 1148 2410 illam
1163 2382 1190 2410 in
1202 2382 1284 2410 vitam
1297 2386 1440 2410 aeternam.
1454 2392 1468 2407 »
1485 2382 1587 2410 Volens
1598 2386 1693 2410 autem

892 2427 1036 2456 ostendere
1060 2435 1189 2463 magnam
1210 2427 1409 2455 aversationem
1424 2435 1486 2463 qua:
1508 2427 1631 2455 habenda
1652 2431 1694 2455 est

892 2480 956 2508 erga
979 2472 1214 2508 concupiscentiae
1234 2473 1346 2507 animas,
1370 2471 1446 2505 dixit,
1473 2483 1486 2496 ι
1511 2471 1565 2506 Qui
1590 2472 1656 2500 odit.
1677 2483 1691 2496 ν

892 2518 1003 2546 Etenim
1030 2525 1086 2546 non
1111 2517 1278 2545 sustinemus
1302 2521 1333 2545 ut
1360 2516 1502 2544 videamus
1527 2516 1624 2545 faciem
1650 2517 1692 2544 vel

892 2562 1036 2591 audiamus
1056 2570 1152 2590 vocem
1164 2569 1261 2590 eorum
1284 2561 1331 2598 qui
1347 2561 1411 2589 odio
1434 2561 1584 2589 habentur.
1606 2561 1694 2597 igitur

893 2611 1002 2644 oportet
1011 2608 1048 2635 ita
1056 2615 1115 2636 esse
1123 2606 1239 2635 affectos
1252 2607 1279 2634 in
1286 2605 1424 2635 absurdos
1433 2606 1533 2634 anima:
1545 2606 1692 2642 appetitus,

893 2657 923 2680 ut
936 2657 1060 2680 extremo
1075 2651 1139 2680 odio
1154 2652 1216 2679 illos
1236 2651 1393 2679 habeamus.
1409 2651 1490 2686 Quod
1507 2655 1599 2678 autem
1613 2649 1691 2683 dicit,

894 2708 907 2721 ‹ι
933 2697 986 2731 Qui
1002 2697 1064 2725 odio
1079 2696 1164 2724 habet
1187 2696 1309 2725 animam
1331 2703 1410 2724 suam
1432 2696 1460 2723 in
1475 2695 1528 2723 hoc
1546 2693 1660 2726 mundo,
1678 2705 1690 2717 ιι

892 2741 1014 2770 declarat
1036 2741 1218 2777 temporalem
1238 2749 1297 2770 rem
1322 2748 1390 2769 esse.
1406 2741 1477 2768 Nam
1500 2740 1565 2775 quia
1586 2737 1693 2766 videtur

892 2787 1000 2815 crudele
1021 2790 1189 2822 praeceptum
1211 2790 1238 2814 et
1253 2793 1342 2822 grave,
1365 2785 1474 2819 mitigat
1488 2784 1554 2812 illud
1568 2791 1618 2820 per
1640 2782 1692 2810 hoc

893 2831 968 2868 quod
981 2831 1086 2870 adjicit,
1105 2842 1118 2856 ι
1133 2831 1161 2859 in
1175 2830 1282 2860 mundo
1301 2830 1366 2859 hoc.
1383 2841 1396 2855 υ
1413 2830 1476 2858 Non
1491 2829 1577 2864 enim,
1592 2826 1692 2864 inquit.
