1922 3077
206 155 254 181 127

709 153 964 182 THEOPHYLACTI
982 153 1161 182 BULGARlz‘E
1179 153 1338 181 ARCHIEP.

1828 151 1880 179 128

201 216 230 244 in
250 216 418 244 immensum
442 219 552 252 tempus
570 216 656 252 jubeo
669 216 762 244 haberi
782 216 845 244 odio
865 217 994 250 animam,

1068 222 1135 246 εἷται
1154 219 1231 246 τοῦτο
1251 215 1294 246 διὰ
1310 217 1356 246 τοῦ
1381 217 1555 255 προσθεῖναι,
1580 227 1593 240 σι
1618 212 1674 244 Ἐν
1705 213 1751 253 τῷ
1780 212 1880 253 κόσμῳ

202 261 250 290 sed
272 261 300 289 in
324 260 378 289 hoc
410 260 569 289 transitorio
593 261 698 290 mundo
717 262 834 289 aversari
853 269 914 290 eam
938 269 1000 297 qua

200 306 250 334 tibi
264 310 322 334 tam
336 305 453 334 absurda
470 306 598 342 imperat.
613 305 712 334 Subdit
725 311 818 334 autem
837 311 864 334 et
881 306 998 341 lucrum,

201 351 303 385 dicens,
319 362 332 375 ι
347 351 378 378 In
395 355 526 378 aeternam
549 351 629 378 vitam
645 351 780 379 custodiet
794 359 866 379 eam.
884 363 896 375 ι»
926 351 999 379 Odio

203 395 316 432 quidem
340 395 424 423 habes
446 395 481 423 ad
502 399 618 431 tempus,
639 396 665 423 in
686 397 784 424 swcula
801 400 894 424 autem
909 404 1000 424 servas

202 440 336 468 viventem
360 439 478 468 divinam
500 441 594 468 vitam.
619 441 688 468 Cum
719 446 810 469 autem
840 441 1001 469 adhortatur

201 493 249 514 eos
264 485 351 521 magis
370 484 405 513 ad
417 489 605 520 contemptum
623 486 764 521 prazsentis
777 486 847 516 vitae.
865 490 893 514 et
903 490 1000 514 contra

203 534 324 558 mortem
345 530 458 563 animat,
481 530 555 564 dicit,
567 530 653 566 676
673 542 685 554 ‹‹
706 531 756 566 Qui
772 531 839 558 mihi
852 531 1000 565 ministrat,

203 582 247 602 me
270 576 400 610 sequatur
423 582 430 601 :
451 585 464 598 ιι
481 574 517 602 ita
544 579 688 610 promptus
709 576 745 603 sit
764 575 797 602 ad
817 579 948 609 mortem,
971 580 1002 603 ut

202 627 262 655 ego.
284 619 469 647 Imitationem
484 622 578 647 autem
593 619 638 647 hic
651 628 699 656 per
712 628 793 656 opera
805 620 881 648 dicit.
896 620 1001 648 Deinde

202 669 229 692 et
248 663 401 692 consolatio
416 664 551 700 sequitur,
571 677 583 689 ιι
597 665 651 692 Ubi
672 672 722 701 ego
737 673 810 699 sum,
834 669 862 692 et
877 665 1002 693 minister

202 717 281 736 meus
300 709 359 736 erit.
375 720 387 733 ιι
410 709 463 737 Ubi
487 713 580 737 autem
600 709 743 737 Christus?
765 710 798 736 1n
812 709 900 737 caelis:
917 711 947 736 et
966 709 1001 737 ita

204 753 250 789 qui
276 760 324 789 per
347 757 463 781 mortem
489 761 552 781 eum
574 753 708 789 sequitur,
733 758 761 781 et
783 762 839 781 non
858 753 1003 781 adhaeserit

204 797 268 825 huic
286 797 400 832 mundo,
415 797 472 825 illic
494 798 547 826 erit
570 798 601 826 in
618 799 704 826 caelis.
726 800 907 834 Opponuntur
928 798 1001 826 enim

204 842 277 870 inter
292 850 320 870 se
332 850 443 870 sursum
465 847 493 871 et
509 843 648 871 deorsum.
665 843 716 878 Qui
732 843 819 879 diligit
840 843 909 871 infra
930 851 1000 876 esse,

1053 261 1149 302 τούτῳ.
1176 274 1188 288 ››
1213 261 1260 297 Μὴ
1286 261 1354 300 γὰρ,
1383 259 1480 301 φησὶν,
1513 260 1548 293 εἷς
1577 257 1743 298 ἀπέραντον
1776 258 1878 298 χρόνον

1053 306 1152 336 κελεύω
1179 310 1265 344 μισεῖν
1282 305 1330 342 τὴν
1355 304 1458 346 ψυχήν*
1486 305 1512 333 ἐν
1537 305 1576 344 τῷ
1600 304 1759 343 παροδικῷ
1786 303 1879 343 τούτῳ

1054 351 1146 392 κόσμῳ
1168 350 1352 391 ἆποστράφηθι
1380 350 1496 386 ταύτην,
1522 348 1732 378 ἐπιτάσσουσᾶν
1768 360 1815 378 σοι
1845 349 1879 378 τὰ

1055 397 1152 426 ἄτοπα.
1178 395 1290 435 Ἔπάγει
1314 395 1342 424 δὲ
1360 395 1390 424 τὸ
1407 395 1514 435 κέρδος·
1536 407 1548 420 ι
1567 395 1616 427 Εἷς
1635 393 1715 429 ζωὴν
1744 393 1878 430 αἰώνιον,

1054 442 1136 482 φησὶ,
1159 440 1267 481 φυλάξει
1296 440 1389 475 αὐτήν.
1423 453 1435 466 ι»
1465 441 1560 473 Μισεῖς
1587 437 1635 476 μὲν
1673 437 1876 478 πρόσκαιρον,

1054 488 1089 520 εἰς
1107 487 1203 519 αἰῶνας
1227 486 1253 514 δὲ
1278 489 1366 524 nupsi:
1394 485 1482 518 ζῶσαν
1505 483 1552 519 τὴν
1578 483 1651 513 θείαν
1672 482 1770 518 ζωήν.
1799 484 1878 523 Προ-

1054 530 1214 570 τρεπόμενος
1236 530 1263 559 δὲ
1287 529 1379 562 αὖτοὺς
1404 528 1484 558 πλέον
1510 528 1555 558 ἐπὶ
1580 528 1629 564 τὴν
1655 530 1711 557 τοῦ
1733 527 1878 568 παρόντος

1057 576 1114 615 βίου
1141 574 1353 616 καταφρόνησιν,
1381 574 1427 603 καὶ
1452 572 1523 602 κατὰ
1548 574 1593 602 τοῦ
1614 573 1742 602 θανάτου
1771 571 1875 612 θαρῥύε

1054 632 1122 656 νων,
1137 619 1231 660 φησίν·
1245 633 1257 646 ε
1273 619 1308 649 “Ο
1324 619 1382 657 ἐμοὶ
1395 619 1540 654 διακονῶν,
1555 617 1614 657 ἐμοὶ
1629 616 1829 646 ἀκολουθείτω
1840 629 1848 636 ·
1865 630 1876 643 ι

1056 664 1136 698 οὕτως
1160 664 1263 702 ἕτοιμος
1296 664 1366 693 ἔστω
1391 662 1456 702 πρὸς
1490 661 1533 691 τὸν
1560 661 1676 691 θάνατον
1691 683 1700 700 ,
1740 663 1781 694 ὥς
1808 661 1874 700 ἐγώ.

1056 709 1241 744 Ἀκολούθησιν
1256 707 1308 748 γὰρ
1329 708 1376 743 τὴν
1394 708 1436 736 διὰ
1453 709 1504 736 τῶν
1521 707 1605 746 ἔργων
1630 707 1762 735 ἐνταῦθα
1787 706 1873 745 λέγει.

1058 749 1126 784 Εἶτα
1147 753 1192 783 καὶ
1217 755 1234 789 ἡ
1260 752 1434 792 παραμυθία·
1461 766 1473 778 1
1498 751 1587 781 Ὅπου
1610 750 1668 789 εἰμὶ
1687 750 1765 789 ἐγὼ,
1795 752 1844 780 καὶ
1859 753 1873 780 6

1056 798 1175 832 διάκονος
1189 801 1203 828 6
1218 798 1280 836 ἐμὸς
1296 797 1384 827 ἔσται.
1401 810 1413 823 ι
1432 798 1488 826 Ποῦ
1511 796 1538 825 δὲ
1554 798 1568 825 6
1590 794 1732 836 Χριστός
1760 794 1812 825 Ἐν
1833 796 1875 824 οὖ-

1057 844 1155 884 ρανοῗς.
1182 841 1268 873 Ὥστε
1292 843 1306 871 6
1325 841 1368 871 διᾶ
1387 844 1434 871 τοῦ
1456 841 1570 871 θανάτου
1587 841 1660 880 αὐτῷ
1689 841 1870 876 ἀκολουθῶν,

204 895 314 915 sursum
328 895 385 915 non
408 887 477 921 erit;
493 887 538 923 qui
561 892 657 916 autem
681 888 751 924 fugit
764 895 825 923 quae
847 887 917 916 infra
936 892 1000 916 sunt

1068 889 1100 918 ,αὶ
1119 888 1156 927 μὴ
1183 889 1221 928 τῷ
1245 887 1338 928 κόσμῳ
1364 887 1449 926 τούτῳ
1474 885 1673 926 προσηλωθεὶς,
1702 886 1767 914 ἐκεῖ
1796 885 1874 915 ἔσται

204 936 231 960 et
261 932 405 966 mundum,
433 940 544 960 sursum
559 936 586 960 et
607 932 634 960 in
655 933 732 960 caelis
753 933 813 960 erit.
844 943 856 956 α
884 934 954 961 Nam
975 933 998 960 si

203 976 264 1012 quis
276 976 343 1004 mihi
359 976 567 1010 ministraverit,
588 977 689 1013 inquit,
707 977 853 1005 honorabit
871 985 936 1005 eum
950 978 1000 1005 Pa—

202 1024 254 1049 ter.
271 1033 283 1045 -
297 1022 358 1049 Non
371 1020 444 1053 dixit,
458 1023 515 1057 Ego
531 1021 675 1050 honorabo
688 1029 764 1056 eum,
777 1021 825 1049 sed
842 1033 854 1046 ‹‹
869 1022 950 1049 Pater
963 1031 970 1050 :
986 1033 999 1046 »

203 1065 404 1094 commendans
429 1074 478 1102 per
492 1065 545 1094 hoc
567 1067 642 1103 quod
664 1075 743 1095 verus
757 1067 842 1094 Filius
857 1067 901 1095 sit.
922 1068 1003 1095 Pater

203 1111 278 1138 enim
295 1110 399 1138 honore
418 1115 599 1146 prosequetur
610 1111 703 1146 talem,
716 1116 747 1139 ut
767 1111 924 1139 ministrum
944 1112 1002 1140 veri

204 1155 277 1184 Filii.
288 1156 422 1183 Praeterea
434 1163 484 1191 per
494 1155 546 1184 hoc
555 1155 637 1184 docet
647 1156 722 1192 quod
731 1164 786 1184 non
799 1156 834 1184 sit
847 1157 1002 1184 contrarius

204 1201 273 1228 Deo.
294 1201 368 1228 Deus
387 1200 460 1228 enim
482 1204 510 1228 et
523 1202 606 1229 Pater
628 1209 683 1229 non
704 1201 902 1228 eohonestaret
923 1200 1003 1228 mini-

202 1248 332 1273 strantem
353 1245 378 1272 ei
390 1244 435 1280 qui
454 1244 505 1273 sibi
524 1245 680 1273 contrarius
695 1246 737 1273 sit.
760 1246 855 1282 Igitur,
875 1253 910 1273 ne
924 1253 1001 1273 ame-

205 1297 269 1318 mus
299 1289 420 1317 animam
450 1294 584 1324 nostram,
613 1295 643 1317 ut
674 1298 815 1318 servemus
839 1299 855 1318 a
878 1290 1004 1326 periculis

203 1342 254 1370 pro
275 1335 402 1368 veritate,
424 1338 455 1362 ut
469 1335 588 1362 nolimus
619 1334 702 1370 afﬂigi
726 1343 773 1370 pro
795 1335 884 1368 bono,-
907 1335 955 1363 sed
981 1335 1003 1362 si

205 1379 316 1415 quidem
343 1379 460 1407 ministri
488 1379 591 1407 Christi
619 1387 726 1413 sumus,
753 1387 922 1414 exponamus
945 1387 1006 1407 eam

206 1423 330 1459 periculis
351 1431 400 1458 pro
420 1423 543 1456 veritate,
568 1427 594 1451 et
617 1424 721 1450 erimus
736 1423 850 1451 omnino
866 1422 913 1451 ubi
932 1432 1006 1451 nunc

207 1471 247 1495 est
267 1467 402 1496 Christus.
427 1468 490 1495 Non
512 1467 546 1496 de
573 1467 671 1495 divinis
690 1468 787 1503 loquor
815 1467 1004 1503 dignitatibus,

206 1520 272 1539 nam
299 1512 344 1539 ille
360 1516 458 1539 natura
478 1515 521 1539 est
542 1513 628 1546 Deus,
643 1511 691 1540 sed
712 1512 742 1539 in
766 1511 864 1547 quibus
885 1513 1006 1540 humana

1054 934 1080 963 ἒν
1096 935 1225 973 οὐρανοῖς.
1250 931 1408 962 Ἀντίκειται
1432 930 1484 973 γριρ
1500 929 1624 966 ἀλλήλοις
1639 929 1671 958 τὸ
1691 929 1755 959 ἄνω
1775 929 1826 960 καὶ
1842 930 1872 960 τὸ

1051 971 1137 1008 κάτω)
1156 977 1191 1007 ⁸0
1207 977 1319 1016 ἀγαπῶν
1345 976 1420 1006 κάτω
1435 971 1516 1011 εἶναι,
1538 975 1592 1004 ἄνω
1608 976 1656 1004 οὐκ
1679 974 1784 1003 ἔσται·
1807 975 1822 1003 6
1843 973 1871 1004 δὲ

1051 1023 1153 1063 φεύγων
1168 1021 1202 1051 τὰ
1217 1021 1291 1052 κάτω
1313 1020 1359 1051 καὶ
1375 1020 1419 1050 τὸν
1445 1020 1544 1058 κόσμον
1554 1041 1563 1056 ,
1587 1019 1644 1049 ἄνω
1659 1019 1710 1049 καὶ
1738 1020 1769 1049 ἐν
1785 1019 1870 1059 οὖρα‹

1051 1072 1105 1101 νοῑς
1137 1067 1221 1096 ἔσται.
1246 1079 1258 1092 ι
1289 1065 1357 1096 Ἐάν
1390 1076 1429 1098 τις
1452 1064 1504 1105 γὰρ
1529 1063 1588 1103 ἐμοὶ
1614 1064 1752 1105 διακονῇ,
1786 1063 1870 1104 φησὶ,

1050 1111 1158 1150 τιμήσει
1177 1111 1291 1141 αὐτὸν”ὃ
1318 1110 1415 1150 Πατήρ
1439 1102 1501 1148 μου..
1523 1122 1535 1135 ι
1552 1109 1612 1138 Οὖκ
1627 1102 1724 1146 slum,
1753 1102 1799 1138 ὅτι
1815 1109 1867 1138 Τι-

1052 1156 1131 1195 μήσω
1145 1156 1197 1195 ἐγὼ
1210 1154 1299 1192 αὐτὸν,
1316 1154 1387 1193 ἀλλ’⁷
1406 1168 1418 1180 n
1432 1155 1445 1183 6
1462 1152 1568 1192 Πατὴρ,
1581 1166 1594 1178 ν
1608 1152 1638 1183 τὸ
1654 1153 1775 1192 γνήσιον
1792 1165 1868 1192 παρ-

1054 1202 1132 1230 ιστῶν
1158 1200 1201 1229 διὰ
1227 1199 1335 1230 τούτοιν
1358 1199 1394 1232 ὡς
1419 1198 1471 1238 γὰρ
1498 1197 1607 1236 γνησίου
1635 1199 1706 1228 Υἱοῦ
1739 1197 1866 1227 διάκονον

1051 1248 1130 1283 τιμῆς
1148 1244 1255 1279 ἀξιώσει
1274 1246 1288 1273 6
1304 1243 1424 1279 ἀληθινὸς
1444 1243 1540 1281 Πατήρ
1552 1255 1558 1261 ·
1575 1242 1632 1280 ἅμα
1654 1242 1683 1271 δὲ
1703 1242 1756 1272 καὶ
1777 1242 1812 1272 τὸ
1828 1241 1867 1280 μὴ

1054 1286 1122 1320 εῖναι
1144 1290 1259 1323 ἀντίθεος
1286 1289 1329 1318 διὰ
1354 1288 1446 1318 τούτου
1470 1288 1615 1317 δείκνυσιν·
1641 1287 1692 1316 οὐκ
1718 1286 1752 1316 ἂν
1771 1287 1826 1327 γὰρ
1853 1289 1866 1316 ὁ

1054 1335 1123 1369 Θεὸς
1149 1335 1194 1364 καὶ
1217 1334 1315 1373 Πατὴρ
1340 1333 1419 1371 ἐτίμα
1445 1335 1535 1362 τοῦτον
1569 1331 1755 1370 ἀντικείμενον
1790 1333 1866 1372 αὐτῷ

1055 1380 1118 1410 ὄντα
1141 1378 1273 1408 διάκονον.
1303 1378 1355 1407 Καὶ
1373 1376 1410 1415 μὴ
1425 1378 1510 1406 τοίνυν
1525 1375 1680 1417 φιλήσωμεν
1701 1375 1755 1412 τὴν
1776 1376 1865 1417 ψυχὴν

1055 1426 1132 1461 ἡμῶν
1155 1425 1182 1452 ἐν
1196 1425 1234 1463 τῷ
1255 1423 1355 1459 ταύτην
1372 1423 1401 1451 ἐκ
1417 1424 1470 1451 τῶν
1489 1422 1554 1461 ὑπὲρ
1573 1424 1620 1457 τῆς
1646 1421 1784 1457 ἀληθείας
1803 1433 1863 1451 κιν-

1056 1469 1138 1498 δύνων
1164 1469 1318 1506 συντηρεῖν,
1340 1468 1386 1496 καὶ
1411 1466 1449 1504 μὴ
1480 1465 1564 1495 θέλειν
1595 1468 1766 1495 κακοπαθεῖν
1800 1465 1865 1506 ὑπὲρ

1059 1517 1106 1542 τοῦ
1133 1514 1229 1542 καλοῦ·
1261 1513 1320 1541 ἀλλ’
1356 1512 1430 1550 εἴπερ
1458 1511 1573 1540 διάκονοι
1600 1511 1725 1548 Χριστοῦ
1759 1512 1862 1548 ἐσμεν,

206 1560 303 1584 natura
319 1557 411 1584 ornari
437 1560 537 1592 potest,
557 1560 587 1584 ut
609 1556 652 1584 ille
670 1558 745 1584 Deus
767 1561 866 1584 natura
880 1556 927 1591 sit,
955 1565 1006 1585 nos

1068 1559 1178 1596 ἒκδῶμεν
1202 1556 1301 1592 ταύτην
1320 1556 1373 1590 τοῖς
1397 1555 1467 1596 ὑπὲρ
1488 1557 1535 1591 τῆς
1562 1554 1687 1590 ἀληθείας
1711 1555 1862 1593 κινδύνοις,

207 1600 245 1629 dii
262 1600 346 1636 gratia
363 1605 390 1628 et
402 1600 559 1636 adoptione.

1062 1603 1107 1632 καὶ
1132 1594 1247 1639 έσόμεθα
1268 1601 1373 1634 πάντως
1396 1601 1422 1629 ἐν
1440 1594 1478 1633 οἷς
1501 1600 1559 1629 ἐστι
1580 1601 1624 1628 νῦν
1649 1601 1663 1628 6
1682 1599 1820 1640 Χριστὸς,
1835 1600 1862 1628 οὖ

207 1647 261 1678 τοῖς
282 1645 437 1686 θεοπρεπέσι
459 1645 529 1684 λέγω
556 1644 703 1687 ᾆξιώμασιν
722 1646 835 1685 (ἐκεῖνος
853 1646 905 1686 γὰρ
931 1647 1007 1687 φύσει
1023 1647 1121 1687 Θεὸς),
1148 1646 1206 1675 ἀλλ’
1223 1647 1249 1674 ἐν
1270 1641 1307 1678 οἷς
1332 1645 1468 1685 ἐνδέχεται
1494 1643 1541 1680 τὴν
1562 1644 1732 1683 ἀνθρωπίνην
1754 1643 1864 1684 διαπρέ-

208 1701 268 1719 πειν
285 1690 412 1720 δύνασθαι
435 1690 530 1730 φύσιν,
547 1686 600 1719 οἷον
615 1691 712 1724 ἐκεῖνος
727 1691 794 1724 Θεὸς
812 1691 904 1730 φύσει⁷
922 1693 998 1730 ἡμεῖς
1017 1693 1070 1722 θεοὶ
1086 1691 1155 1722 θέσει
1174 1691 1217 1720 καὶ
1237 1690 1337 1730 χάριτι.

243 1741 330 1767 Vens.
345 1742 389 1773 27,
409 1742 454 1768 28.
471 1751 484 1763 α
499 1741 578 1768 Nunc
593 1739 683 1768 anima
704 1748 768 1769 mea
786 1739 895 1768 turbata
912 1745 959 1769 est.
973 1743 1008 1769 Et

208 1783 273 1820 quid
297 1784 404 1812 dicam?
428 1785 517 1818 Pater,
541 1792 620 1812 serva
643 1793 688 1813 me
712 1792 744 1813 ex
775 1784 826 1813 hac
848 1785 928 1819 hora,
959 1786 1007 1815 sed

208 1833 352 1865 propterea
365 1829 425 1858 veni
440 1829 468 1857 iu
479 1829 576 1857 horam
591 1829 670 1858 hanc.
687 1832 777 1863 Pater,
789 1830 892 1858 illustra
906 1839 1007 1859 nomen

209 1877 294 1902 tuum.
321 1874 403 1902 Venit
428 1882 493 1911 ergo
516 1881 566 1902 vox
581 1874 615 1903 de
635 1875 705 1903 cmlo
728 1884 734 1903 :
759 1876 794 1903 Et
817 1875 959 1910 illustravi,
981 1881 1009 1904 et

209 1927 305 1947 rursus
326 1919 476 1948 illustrabo.
503 1931 516 1944 ν
537 1919 609 1955 Quid
630 1923 673 1948 est
693 1919 767 1955 quod
791 1919 873 1948 dicit?
893 1920 1008 1948 Videtur

210 1965 286 1992 enim
307 1964 360 1992 sibi
380 1965 433 2000 ipsi
454 1964 590 1992 contraria
616 1964 701 2000 loqui.
727 1966 798 1992 Nam
819 1965 865 1999 qui
884 1965 1008 1999 superius

209 2009 319 2036 videtur
344 2009 495 2037 admonere
516 2013 547 2036 ut
565 2016 740 2036 exerceamur
758 2012 785 2035 et
804 2008 892 2043 parati
923 2009 1010 2036 simus

210 2053 244 2081 ad
269 2057 398 2086 mortem,
418 2057 446 2080 et
465 2052 528 2080 odio
550 2052 700 2080 habeamus
713 2052 844 2085 animam,
866 2052 911 2080 hic
936 2060 1010 2080 nunc

211 2097 350 2131 turbatur,
370 2097 470 2132 inquit,
493 2097 663 2124 moriturus:
685 2096 759 2132 quod
778 2104 833 2124 non
851 2101 893 2124 est
909 2096 1009 2125 exhor-

212 2141 295 2169 tantis
312 2142 345 2169 ad
359 2146 490 2175 mortem,
517 2141 566 2169 sed
580 2141 737 2169 avertentis.
757 2142 795 2168 At
808 2142 829 2168 si
850 2145 923 2169 recte
941 2149 1010 2170 con-

213 2186 381 2219 sideraveris,
393 2185 516 2214 invenies
532 2185 607 2221 quod
617 2185 719 2213 turbari
739 2186 840 2222 ipsum,
856 2186 1010 2215 adhortatio

213 2230 249 2258 sit
265 2231 300 2258 ad
316 2234 505 2266 contemptum
526 2230 634 2259 mortis.
653 2231 694 2258 Ut
717 2231 789 2258 enim
811 2231 909 2267 nequis
928 2231 1013 2267 possit

213 2275 302 2303 dicere
323 2275 397 2311 quod
416 2275 472 2311 ipse
496 2279 571 2303 extra
595 2275 731 2303 humanas
745 2276 885 2311 passiones
907 2276 1010 2304 consti-

216 2324 301 2354 tutus,
319 2319 396 2348 facile
410 2320 443 2348 de
464 2325 552 2348 morte
574 2319 790 2356 philosophetur,
817 2324 843 2348 et
862 2320 919 2356 ipse
937 2325 1012 2349 extra

216 2365 334 2400 pericula
355 2364 423 2392 alios
441 2364 589 2393 admoneat
606 2364 746 2393 :ostendit
762 2364 835 2400 quod
855 2369 883 2393 et
900 2365 957 2401 ipse
975 2365 1011 2394 ab

216 2409 344 2437 humanis
359 2409 568 2445 proprietatibus
585 2413 705 2437 tentatus
732 2409 777 2443 sit,
798 2413 825 2437 et
838 2414 938 2438 nostra
960 2418 1010 2438 na-

216 2457 285 2482 tura;
316 2453 396 2482 fuerit
425 2454 570 2490 particeps,
597 2454 722 2490 quamvis
756 2453 859 2490 absque
888 2459 1009 2490 peccato.

216 2498 319 2526 Idcirco
341 2499 464 2534 quamvis
476 2503 594 2526 maereat
606 2503 634 2527 et
653 2499 778 2527 turbetur
799 2503 830 2527 ut
852 2499 946 2532 homo,
964 2500 1012 2535 qui

215 2547 312 2571 natura
331 2543 394 2571 vitae
413 2551 510 2571 amans
526 2547 577 2578 est,
591 2551 645 2572 non
663 2548 756 2571 tamen
772 2549 893 2572 mortem
913 2543 1015 2572 devitat

218 2593 312 2624 utpote
340 2596 401 2625 quae
426 2592 497 2616 esset
523 2597 571 2624 pro
593 2588 687 2616 mundi
706 2590 803 2616 salute.
829 2600 842 2613 οι
868 2590 1013 2625 Propterea

216 2634 304 2668 cnim,
318 2633 416 2669 inquit,
431 2633 492 2661 veni
512 2633 540 2661 in
559 2633 630 2661 hanc
643 2633 751 2666 horam,
771 2645 783 2657 υ
804 2637 835 2661 ut
854 2642 902 2669 pro
921 2634 1013 2662 omni-

217 2679 268 2707 bus
286 2682 404 2706 mortem
423 2677 579 2714 suscipiam.
597 2679 683 2705 Docet
701 2682 795 2706 autem
810 2686 857 2714 per
873 2678 932 2706 haec
953 2687 1013 2713 nos,

217 2727 248 2752 ut
266 2732 328 2757 nos,
345 2723 452 2751 etiamsi
469 2723 612 2752 turbemur
625 2726 653 2750 et
665 2731 840 2758 maereamus,
855 2731 912 2751 non
927 2723 1013 2760 fugia-

219 2776 283 2796 mus
294 2776 343 2804 pro
355 2768 470 2796 veritate
488 2771 607 2796 mortem
622 2768 704 2804 :quia
719 2772 745 2796 et
755 2776 816 2804 ego,
832 2768 931 2805 inquit,
951 2777 1015 2796 cum

219 2813 315 2841 turbet
327 2813 421 2848 (homo
442 2813 516 2842 enim
533 2820 595 2842 vere
614 2820 688 2848 sum,
714 2817 741 2842 et
762 2814 892 2850 permitto
912 2817 1016 2842 natura)

1102 1750 1114 1763 ι
1133 1738 1188 1766 Νῦν
1200 1738 1216 1771 ἡ
1231 1735 1304 1775 ψυχή
1319 1746 1368 1774 μου
1387 1733 1561 1773 τετάρακται.
1583 1731 1640 1762 Καὶ
1654 1732 1680 1761 τί
1701 1732 1789 1770 εἴποις
1807 1732 1864 1762 Πά-

1060 1794 1116 1822 τερ,
1131 1780 1216 1810 σῶσόν
1241 1791 1274 1818 με
1297 1780 1326 1809 ἐκ
1341 1781 1388 1815 τῆς
1401 1778 1472 1818 ὥρας
1491 1777 1603 1814 ταύτης;
1626 1777 1697 1822 ἀλλὰ
1720 1778 1766 1807 διὰ
1787 1780 1862 1822 τοῦτο

1061 1820 1139 1863 ἦλθον
1156 1826 1191 1858 εἷς
1211 1824 1260 1860 τὴν
1276 1825 1347 1864 ὥραν
1368 1823 1478 1859 ταύτην.
1500 1822 1593 1862 Πάτερ
1605 1844 1614 1860 ,
1636 1821 1748 1856 δόξασόν
1765 1833 1813 1851 σου
1834 1820 1861 1850 τὺ

1061 1871 1156 1909 ὄνομα.
1173 1865 1272 1900 Ἶὶλθεν
1292 1864 1336 1898 οὖν
1358 1867 1432 1908 φωνὴ
1446 1868 1476 1896 ἐκ
1496 1869 1543 1896 τοῦ
1566 1867 1690 1905 οὐρανοῦ.
1720 1866 1778 1896 Καὶ
1799 1866 1857 1895 ἐδό-

1063 1916 1141 1952 ξασα,
1168 1914 1215 1944 καὶ
1239 1915 1319 1943 πάλιν
1343 1912 1455 1946 δοξάσω.
1477 1925 1489 1938 ι
1509 1911 1545 1940 Τί
1568 1912 1625 1940 ἐστι
1639 1913 1719 1941 τοῦτο
1736 1911 1751 1940 ὃ
1772 1911 1858 1949 λέγεις

1063 1963 1141 1990 Δοκεῖ
1156 1959 1207 1998 γὰρ
1227 1960 1425 1996 ἐναντιοφωνεῖν
1449 1956 1526 1990 αὐτὸς
1543 1957 1639 1996 ἑαυτῷ.
1661 1955 1697 1985 “Ο
1713 1956 1766 1996 γὰρ
1791 1956 1859 1983 ἄνω-

1063 2005 1132 2044 τέρω
1156 2002 1221 2042 πρὸς
1244 2001 1356 2031 θάνατον
1384 2002 1465 2030 δοκῶν
1500 2001 1670 2041 ἐπαλείφειν,
1700 2000 1748 2030 καὶ
1777 1999 1860 2038 μισεῖν

1063 2041 1112 2084 τὴν
1253 2044 1479 2086 προτρεπόμενος,
1505 2041 1578 2079 οὗτος
1605 2048 1650 2074 νῦν
1680 2045 1857 2084 ταράττεται,

1064 2087 1150 2134 φησὶί
1162 2092 1266 2132 μέλλων
1286 2092 1443 2120 ἀποθανεῖν·
1465 2091 1479 2119 ὃ
1499 2091 1527 2119 οὖ
1543 2091 1761 2130 προτρεπομένου
1786 2087 1855 2134 ἐστιν

1065 2133 1101 2172 εἷς
1132 2137 1256 2173 θάνατον,
1287 2137 1346 2165 ἀλλ’
1371 2135 1598 2176 ἀποτρεπομένου.
1624 2134 1694 2164 Ἀλλ’
1721 2136 1745 2164 εἰ
1774 2133 1859 2165 καλῶς

1066 2182 1225 2221 σκοπήσεις,
1246 2180 1383 2220 εὓρήσεις,
1406 2180 1445 2210 ὅτι
1460 2180 1505 2209 καὶ
1524 2179 1554 2208 τὸ
1574 2178 1754 2219 ταράττεσθαι
1778 2176 1853 2207 αὐτὸν

1066 2226 1203 2268 προτροπή
1231 2227 1300 2255 ἐστιν
1325 2226 1361 2258 εἰς
1384 2224 1414 2254 τὸ
1438 2224 1551 2253 θανάτου
1578 2225 1766 2263 καταφρονεῖν,
1798 2221 1857 2251 Ἵνα

1066 2272 1118 2312 γὰρ
1143 2270 1180 2310 μὴ
1196 2270 1245 2310 ἔχῃ
1270 2282 1308 2303 τις
1325 2269 1425 2309 λέγειν⁷
1452 2268 1492 2298 ὅτι
1518 2268 1595 2302 αὐτὸς
1614 2267 1663 2302 ἔξω
1679 2270 1733 2298 τῶν
1762 2269 1857 2312 ἄνθραξ-

1069 2317 1149 2346 πίνων
1166 2318 1259 2345 παθῶν
1276 2313 1312 2343 ὢν
1324 2337 1332 2350 ,
1356 2314 1468 2347 εὐκόλως
1489 2313 1551 2353 περὶ
1576 2313 1690 2342 θανάτου
1708 2311 1854 2353 φιλοσοφεῖ,

1069 2361 1113 2391 καὶ
1138 2362 1173 2394 ὣς
1199 2359 1272 2392 ἐκτὸς
1296 2358 1422 2389 κινδύνων
1448 2358 1538 2392 ἄλλοις
1567 2361 1707 2398 παραινεῖ,
1733 2356 1855 2387 δείκνυσιν

1066 2406 1107 2436 ὅτι
1131 2406 1176 2436 καὶ
1204 2405 1282 2438 αὐτὸς
1305 2405 1358 2434 τῶν
1387 2403 1557 2444 ἀνθρωπίνων
1584 2403 1735 2440 ἰδιωμάτων
1769 2398 1856 2430 πεπεί-

1068 2463 1163 2491 ραται,
1190 2450 1237 2480 καὶ
1260 2452 1308 2485 τῆς
1331 2442 1463 2488 ἡμετέρας
1488 2447 1602 2487 μετέσχε
1627 2447 1745 2488 φύσεως,
1771 2442 1855 2491 εἷικαὶ

1066 2488 1306 2536 χωρὶς-ἁμαρτίας.
1335 2494 1382 2522 Διὸ
1402 2493 1490 2522 καίτοι
1505 2493 1612 2530 ἀθυμῶν
1628 2494 1674 2521 καὶ
1694 2488 1855 2536 ταραττόμες

1067 2532 1115 2575 ἧς’
1132 2542 1168 2573 ὥς
1192 2532 1328 2578 ἄνθρωπος
1356 2536 1399 2566 διὰ
1414 2537 1444 2567 τὸ
1469 2537 1545 2577 φύσει
1561 2536 1709 2576 φιλόζωον,
1736 2535 1804 2574 ὅμως
1827 2532 1853 2561 οὗ

1067 2588 1238 2625 παραιτεῖται
1254 2582 1298 2612 τὸν
1314 2582 1442 2620 θάνατον,
1460 2584 1495 2615 ὡς
1508 2582 1552 2611 ἐπὶ
1564 2581 1687 2625 σωτηρία
1702 2583 1746 2611 τοῦ
1761 2579 1854 2615 κόσμου

1068 2621 1140 2660 ὄντα.
1166 2640 1180 2658 ε
1202 2627 1254 2658 Διὰ
1277 2627 1328 2666 γὰρ
1345 2629 1432 2663 τοῦτο,
1449 2627 1540 2667 φησὶν,
1563 2621 1642 2662 ἦλθον
1663 2621 1699 2660 εἷς
1722 2624 1769 2659 τὴν
1788 2622 1853 2661 ὥραν

1068 2673 1178 2710 ταύτην,
1194 2686 1208 2700 I
1224 2672 1268 2702 ἵνα
1282 2672 1327 2701 τὸν
1343 2671 1409 2711 ὗπὲρ
1424 2672 1532 2702 πάντων
1549 2671 1718 2710 ἆναδέξωμαι
1740 2669 1853 2699 θάνατον.

1070 2719 1196 2749 Διδάσκει
1245 2718 1272 2747 δὲ
1308 2710 1426 2758 φανερῶς
1468 2716 1512 2746 διὰ
1554 2715 1646 2745 τούτου
1693 2718 1776 2753 ἡμᾶς,
1813 2710 1852 2758 ἷξα

1071 2763 1138 2803 μηδὲ
1172 2765 1249 2802 ἡμεῖς
1281 2756 1332 2792 κᾶν
1371 2756 1582 2802 ταραττώμεθα,
1627 2760 1678 2790 κᾶν
1720 2756 1852 2803 ἀδημονὶὖ·

1073 2821 1137 2849 μεν,
1160 2808 1204 2838 τὸν
1244 2806 1310 2848 ὑπὲρ
1344 2808 1391 2843 τῆς
1415 2806 1540 2844 ἀληθείας
1566 2805 1704 2847 φεύγωμεν
1740 2802 1850 2834 θάνατον.
