1922 3077
43 177 86 204 129
425 169 621 200 ENARRATIO
640 169 674 198 IN
692 163 910 197 EVANGELIUM
927 163 1077 194 JOANNIS.
1096 179 1131 186 —
1151 163 1226 193 CAP.
1245 165 1298 193 ΧΠ.

1637 165 1687 192 130

41 237 114 269 Ἐπεὶ
135 235 224 276 κάγὼ,
243 235 326 276 φησὶ,
348 233 513 275 ταράττομαι
542 233 696 273 (ἄνθρωπος
720 231 772 271 γὰρ

912 232 920 256 t
939 236 990 256 sua
1004 227 1155 262 ostendat),
1171 230 1293 255 attamen
1314 234 1372 255 non
1385 227 1450 255 dico
1471 226 1506 254 ad
1521 227 1632 254 Patrem
1657 230 1689 253 ut

42 284 91 313 ὄντι
116 281 188 320 εἶμὶ,
212 281 261 310 καὶ
285 281 415 320 συγχωρῶ
433 279 482 314 τὴν
503 278 580 318 φύσιν
606 277 640 306 τὰ
662 277 756 311 ἑαυτῆς
778 276 836 320 Eru-

45 319 222 365 δείκνυσθαι)θ
248 325 318 363 ὅμως
343 325 372 354 οὗ
393 323 464 362 λέγω
490 323 556 363 πρὸς
579 322 623 352 τὸν
647 321 770 361 Πατέρα,
793 319 836 348 ἵνα

47 384 76 411 με
89 370 161 410 σώσῃ
187 383 199 397 ι
230 372 260 400 ἐκ
274 371 321 405 τῆς
344 368 414 408 ὥρας
441 368 556 403 ταύτης·
579 381 592 393 ι
619 365 688 396 ἀλλὰ
706 365 731 394 τί
749 365 836 403 λέγω;

46 409 56 444 ὲ
78 409 176 455 Πάτερ,
203 414 314 449 δόξασόν
331 425 377 443 σου
402 413 431 442 τὸ
455 413 554 450 ὄνομαο
586 426 597 438 ι
619 411 758 446 τουτέστι,
785 409 837 439 Τὸν

48 460 167 501 σταυρὸν,
198 459 248 489 καὶ
263 459 306 488 τὸν
332 457 398 498 ὗπὲρ
422 459 469 493 τῆς
495 459 547 486 τῶν
574 457 681 486 πάντων
708 454 839 494 σωτηρίας

46 499 170 540 κίνδυνον,
199 503 343 539 εὖδόκησόν
371 514 403 541 με
431 501 618 536 ἀναδέξασθαι.
645 500 719 540 "Ope:
746 499 773 529 δὲ
799 499 839 528 δτι

47 551 114 585 δόξαν
137 550 210 580 Θεοῦ
227 548 365 586 ὠνόμασε,
379 547 410 576 τὸ
436 547 501 586 ὑπὲρ
523 548 570 582 τῆς
594 544 720 581 ἀληθείας
738 545 839 573 ἀποθα-

48 598 110 626 νεῖν’
126 594 166 624 διὸ
191 594 241 623 καὶ
257 596 271 624 6
298 593 411 632 Πατὴρ,
440 603 456 620 α
482 591 537 622 Καὶ
559 590 686 625 ἐδόξασα,
701 588 779 629 φησὶ,
794 587 840 617 καὶ

48 641 119 670 πάλιν
145 639 264 674 δοξάσω.
299 651 311 664 ι
353 639 415 670 Τοῖς
438 648 467 666 τε
489 636 541 676 γὰρ
567 635 619 675 πρὸ
649 637 695 664 τοῦ
727 635 841 672 σταυροῦ

49 685 188 723 θαύμασιν,
214 683 233 712 ἃ
250 685 276 713 ἐν
295 684 330 723 τῷ
345 683 402 722 ἐμῷ
420 682 530 720 ὀνόματι
546 681 659 716 ἐτέλεις,
685 692 697 705 ι
715 678 840 714 ἐδόξασα,

49 730 88 759 καὶ
102 730 183 759 πάλιν
208 743 221 755 υ
247 729 274 758 ἐν
301 728 374 767 αὐτῷ
395 728 434 767 τῷ
449 727 556 766 σταυρῷ
573 724 616 754 διὰ
644 726 690 753 σοῦ
716 723 840 761 θαύματα

50 774 171 812 ποιήσας,
199 787 213 799 ιι
229 772 347 808 δοξάσω,
361 766 380 798 ν»
407 766 453 800 καὶ
479 769 546 809 μετὰ
561 770 609 805 τὴν
625 767 711 808 ταφὴν
726 766 842 802 ἀναστή-

52 831 93 853 σας
106 831 149 855 σε,
163 811 211 848 καὶ
231 817 262 846 τὸ
283 818 396 855 Πνεῦμα
414 815 537 856 πέμψας,
558 814 597 843 ἔτι
613 813 774 852 ἐνδοξότερον
796 811 842 841 καὶ

52 864 77 893 τὸ
91 864 152 903 ἐμὸν
167 863 254 901 ὄνομα
269 862 316 891 καὶ
329 861 358 892 σὲ
373 862 549 895 καταστήσω.
565 858 642 892 Τινὲς
656 857 737 903 δὶλτὸ,
754 871 767 883 ι
784 858 843 903 Νῦν

889 273 974 302 salvet
987 281 1030 300 me
1042 284 1055 298 ι
1071 281 1108 301 ex
1123 271 1192 300 hora
1208 271 1268 300 hac.
1282 284 1294 296 ιι
1309 271 1361 300 Sed
1376 270 1444 307 quid
1455 270 1549 299 dicoh
1566 271 1687 304 lllustra,

890 319 981 351 Pater.
996 322 1075 346 tuum
1084 325 1198 350 nomen,
1217 328 1229 341 ι
1247 316 1299 344 hoc
1314 320 1367 348 est,
1382 315 1512 352 probetur
1526 315 1577 342 tibi
1592 319 1622 342 ut
1637 323 1688 349 ego

889 363 1037 398 suscipiam
1053 370 1164 390 crucem
1179 366 1206 389 et
1218 361 1370 397 periculum
1389 368 1438 396 pro
1452 359 1540 387 salute
1551 359 1688 387 omnium.

890 407 960 435 Vide
974 411 1067 434 autem
1082 405 1156 442 quod
1178 405 1295 442 gloriam
1316 405 1367 433 Dei
1383 404 1539 432 nominavit
1554 403 1624 430 mori
1642 411 1690 438 pro

891 453 1004 480 veritate
1025 451 1109 487 677
1136 461 1144 484 ς
1166 455 1318 486 propterea,
1334 452 1426 483 Pater,
1450 461 1462 473 ιι
1479 449 1514 476 Et
1537 448 1669 478 illustravi
1683 468 1690 482 ,

892 497 993 532 inquit,
1008 500 1036 524 et
1050 496 1148 523 iterum
1159 495 1310 523 illustrabo.
1330 506 1342 518 ι
1356 496 1427 523 Nam
1440 499 1467 523 et
1482 495 1621 524 miraculis
1631 504 1692 532 qua:

893 545 955 569 ante
976 549 1098 574 crucem,
1121 544 1149 568 et
1162 547 1224 576 quae
1239 540 1267 567 in
1288 547 1350 567 meo
1373 539 1488 568 nomine
1516 540 1690 576 perﬁciebas,

895 597 908 610 σι
931 585 1061 614 illustravi
1084 593 1091 612 :
1110 597 1122 609 ιι
1139 589 1167 613 et
1180 585 1283 612 iterum
1307 584 1384 612 factis
1407 593 1454 620 per
1469 589 1495 613 te
1511 585 1650 613 miraculis
1664 585 1692 612 in

893 631 950 667 ipsa
968 638 1049 658 cruce
1071 641 1084 654 α
1105 629 1258 663 illustrabo,
1275 641 1288 653 ν
1312 633 1340 657 et
1362 634 1423 664 post
1443 631 1612 665 sepulturam
1629 638 1693 657 cum

895 675 1092 704 resuscitavero
1110 679 1148 708 te,
1163 679 1191 702 et
1205 674 1338 709 Spiritum
1356 674 1468 708 misero,
1486 675 1576 709 magis
1590 675 1692 710 glorio—

894 729 956 748 sum
971 724 999 747 et
1017 727 1110 747 meum
1125 727 1226 747 nomen
1239 723 1267 746 et
1282 723 1308 746 te
1323 720 1500 747 constituam.
1518 721 1588 747 Sunt
1601 723 1694 747 autem

895 765 942 801 qui
956 764 1113 800 intelligunt
1125 764 1178 792 hoc
1191 764 1308 798 dictum,
1325 776 1337 788 ιι
1355 765 1435 792 Nunc
1449 764 1541 792 anima
1558 772 1619 792 mea
1635 768 1696 792 tur-

896 809 960 838 bata
981 813 1023 838 est
1047 818 1054 836 :
1079 821 1092 833 η
1116 817 1173 837 non
1197 808 1274 845 quod
1299 809 1434 836 Dominus
1457 809 1556 837 timeat
1576 813 1696 837 mortem

897 853 1049 882 secundum
1064 853 1215 881 humanam
1231 857 1372 887 naturam,
1398 854 1445 882 sed
1468 853 1617 889 praevideat
1640 854 1696 890 eje-

54 907 150 949 ἡψυχή
178 919 229 946 μου
252 906 428 946 τετάρακται,
454 918 467 931 ι
488 905 538 944 οὐχ
568 904 603 937 ὡς
617 905 664 932 τοῦ
687 901 776 938 Ἰησοῦ
799 901 842 930 τὸν

913 899 1020 927 tionem
1042 898 1228 935 generationis
1250 898 1412 926 Judaeorum
1436 899 1651 934 exnsperatricis,
1670 902 1699 926 et

54 946 156 983 θάνατον
183 951 352 993 φοϐουμένου
387 949 455 980 κατὰ
480 949 511 979 τὸ
535 947 698 988 ἀνθρώπινον
720 946 844 985 λέγεσθαι

54 998 172 1034 ἐνόησαν,
191 992 274 1025 νᾶλλὰ
301 996 434 1036 προορῶν,
461 993 541 1035 φασὶ,
570 992 618 1029 τὴν
645 992 777 1021 ἔκπτωσιν
799 992 846 1025 τῆς

55 1041 311 1082 παραπικραινούσης
335 1041 387 1070 τῶν
408 1038 545 1070 Ἰουδαίων
571 1041 679 1076 γενεᾶς,
695 1036 741 1066 καὶ
763 1037 846 1074 ὓπερ-

56 1088 135 1127 αλγῶν
159 1087 265 1122 αὐτῶν,
290 1085 335 1114 καὶ
360 1084 526 1124 φειδόμενος,
551 1082 597 1111 καὶ
616 1081 774 1119 κηδόμενος,
793 1091 845 1109 τα-

58 1125 172 1171 ράττεται
193 1130 227 1160 δι’
249 1129 380 1167 ἐκείνους,
408 1130 453 1158 καὶ
478 1127 550 1168 λύπῃ
575 1127 702 1167 βάλλεται
717 1127 732 1171 6
750 1125 849 1171 $1M»;—

57 1169 162 1216 θρωπος.
210 1176 256 1206 Οὖ
273 1174 325 1214 γὰρ
349 1173 393 1204 τὸν
420 1174 547 1208 θᾶνατον,
566 1171 648 1212 φασὶ,
676 1169 848 1216 φοϐούμενος,

60 1213 110 1250 {irai
126 1220 191 1259 μηδὲ
209 1213 304 1258 ἠγνόει
321 1219 389 1252 τίνος
403 1218 491 1247 ἕνεκεν
514 1216 563 1252 τὴν
578 1215 643 1256 πρὸς
662 1217 733 1253 ἡμᾶς
754 1213 847 1259 Ervom:-

898 944 994 972 dolens
1009 951 1041 971 ac
1064 951 1180 979 parcens
1201 943 1241 970 eis
1254 943 1382 970 turbatur
1398 947 1509 978 propter
1529 951 1586 977 eos,
1601 947 1629 970 et
1644 943 1699 970 mi-

899 989 1016 1017 sericors
1038 988 1164 1016 dolorem
1188 987 1215 1014 in
1231 995 1260 1014 se
1273 987 1381 1022 accipit.
1397 989 1491 1023 Neque
1506 987 1583 1015 enim
1602 986 1700 1015 dicunt

899 1032 975 1070 quod
999 1036 1118 1060 mortem
1140 1032 1246 1060 timeat.
1263 1033 1325 1060 Non
1347 1031 1421 1059 enim
1446 1032 1592 1067 ignorabat
1614 1040 1698 1068 quam

901 1078 937 1106 ob
963 1085 1076 1106 causam
1099 1077 1133 1105 ad
1156 1084 1206 1104 nos
1229 1076 1367 1112 profectus
1389 1080 1472 1109 esset,
1498 1076 1569 1104 sicut
1589 1081 1617 1104 et
1642 1077 1700 1112 ipse

901 1122 978 1156 dicit,
996 1134 1008 1146 ‹ι
1025 1123 1139 1157 Propter
1158 1121 1210 1149 hoc
1222 1122 1283 1148 veni
1298 1121 1324 1148 in
1339 1121 1437 1149 horam
1457 1121 1535 1149 hanc.
1555 1131 1570 1147 ι)
1589 1121 1699 1157 Alioqui

902 1167 1042 1203 quomodo
1065 1166 1227 1195 adhortatus
1254 1166 1347 1194 luisset
1369 1165 1446 1199 alios,
1470 1165 1566 1194 dicens
1589 1175 1597 1194 ι
1624 1176 1638 1190 α
1661 1167 1702 1194 Ne

901 1212 1024 1240 timentis
1036 1219 1084 1240 eos
1098 1211 1147 1247 qui
1161 1210 1291 1238 occidunt
1305 1219 1404 1246 corpus
1419 1210 1465 1239 ‘5?
1482 1222 1493 1235 η

59 1254 242 1306 urceatim,
258 1265 294 1297 ὥς
314 1263 360 1292 καὶ
387 1263 464 1296 αὐτὸς
486 1262 572 1302 λέγει·
603 1254 626 1286 ἰ
645 1259 696 1306 Διὰ
714 1262 792 1289 τοῦτο
816 1254 945 1306 ἦλθονιεῖς
1038 1256 1109 1296 ὥραν
1136 1256 1245 1293 ταύτην.
1272 1269 1284 1283 ι
1328 1257 1391 1289 Πῶς
1418 1255 1442 1285 δ’
1468 1255 1500 1285 ἂν
1526 1255 1585 1290 τοὺς
1609 1255 1703 1289 ἄλλους

60 1301 244 1350 προετρέπετο,
261 1322 273 1335 ι
290 1308 336 1344 Μὴ
358 1307 497 1348 φοϐεῖσθε,
510 1307 612 1345 λέγων,
628 1304 682 1334 ἀπὸ
698 1306 749 1333 τῶν
764 1301 972 1332 ἀποκτεινόντων
991 1301 1021 1331 τὸ
1035 1303 1128 1339 alapa;
1149 1315 1160 1327 ι

95 1367 108 1381 ι
128 1354 161 1385 Ὁ
189 1350 233 1383 οὖν
261 1353 340 1393 ὄχλος
363 1354 378 1381 6
402 1351 500 1388 ἑστὼς,
524 1351 570 1380 καὶ
593 1349 725 1386 ἀκούσας,
753 1348 843 1386 ἔλεγον

63 1399 163 1440 βροντὴν
186 1398 334 1439 γεγονέναι.
375 1396 467 1427 Ἄλλοι
494 1396 598 1436 ἔλεγον·
624 1393 748 1440 Ἄγγελος

936 1353 1020 1379 Vsus.
1036 1353 1130 1378 29—33.
1150 1362 1162 1374 α
1184 1350 1277 1378 Turba
1292 1358 1357 1386 ergo
1371 1358 1433 1386 qum
1449 1349 1541 1378 stabat
1562 1353 1591 1378 et
1609 1349 1702 1378 audie-

901 1399 952 1429 rat,
975 1395 1083 1423 dicebat
1096 1395 1251 1423 tonitruum
1267 1403 1326 1423 esse
1339 1395 1453 1422 factum.
1471 1395 1524 1423 Alii
1544 1395 1673 1423 dicebant
1695 1404 1702 1422 :

61 1435 206 1481 λελάληκεν..
223 1435 229 1439 ⁷
251 1442 394 1488 Ἀπεκρίθη
423 1435 560 1488 Ἰησοῦς,Δ
571 1439 616 1470 καὶ
645 1435 717 1469 εἶπεν
730 1450 737 1458 ·
752 1437 848 1488 Οὐιδι⁷

912 1441 1025 1476 Angelus
1045 1441 1069 1468 ei
1093 1440 1200 1468 locutus
1222 1444 1272 1468 est.
1290 1440 1445 1475 Respondit
1462 1441 1552 1474 Jesus,
1568 1443 1597 1468 et
1610 1439 1700 1467 dixit:

62 1489 104 1528 ἐμὲ
115 1491 132 1525 ἡ
147 1487 219 1530 φωνὴ
236 1487 306 1524 αὕτη
321 1487 424 1526 γέγονεν
434 1509 443 1526 ,
465 1485 534 1515 ἀλλὰ
549 1485 583 1514 δι’
598 1487 676 1522 ὑμᾶς.
692 1485 747 1514 Νῦν
763 1483 848 1530 κρίσις

64 1534 113 1564 ἐστὶ
135 1527 180 1564 τοῦ
204 1534 308 1570 κόσμου
334 1531 439 1567 τούτου,
465 1533 510 1559 νῦν
525 1532 539 1559 6
564 1529 654 1569 ἄρχων
679 1531 725 1557 τοῦ
747 1527 848 1565 κόσμου

64 1578 147 1608 τούτου
162 1577 358 1613 ἐκϐληθήσεται
374 1575 434 1610 ἔξω,
454 1574 538 1614 Κάγὼ
554 1574 599 1604 ἐὰν
624 1574 722 1613 ὑψωθῶ
747 1573 777 1601 lx.
804 1573 851 1607 τῆς

65 1626 120 1662 γῆς,
133 1623 233 1657 πάντας
249 1621 355 1651 ἑλκύσω
368 1620 432 1661 πρὸς
446 1619 573 1658 ἐμαυτόν.
597 1619 686 1648 Τοῦτο
709 1617 737 1646 δὲ
758 1616 832 1654 ἔλεγε
841 1637 849 1653 ,

65 1668 188 1707 σημαίνων
221 1666 292 1706 ποίῳ
325 1664 428 1705 θανάτῳ
464 1664 574 1703 ἔμελλεν
607 1661 796 1697 ἀποθνήσκειν.
837 1674 848 1686 ι

68 1705 207 1753 Παχῦτεροι
232 1705 307 1753 ὄντες
324 1710 371 1740 καὶ
389 1709 565 1749 ἀμαθέστεροι
588 1709 612 1737 οἱ
628 1707 748 1744 πλείους,
765 1705 852 1753 ἐνέμι-

107 1745 125 1753 τ.
169 1745 175 1752 .
407 1745 412 1749 .
526 1745 530 1749 .

68 1769 109 1787 σαν
125 1757 233 1798 βροντὴν
249 1751 378 1791 εἶναιτὴν
393 1755 499 1795 φωνὴν,
524 1753 612 1783 καίτοι
635 1751 749 1790 εὔσημον
771 1745 851 1780 οὖσαν

68 1802 107 1831 καὶ
118 1796 327 1842 τετρανωμένην.
370 1799 484 1842 Texta):
501 1797 553 1838 γὰρ
565 1796 724 1827 ἐπελάθοντο
738 1798 791 1842 τῶν
806 1797 853 1830 τῆς

68 1849 146 1886 φωνῆς
161 1846 289 1887 ῥημάτων
299 1867 308 1884 ,
323 1844 367 1874 τὸν
388 1840 454 1884 ἦχον
472 1843 548 1881 μόνον
571 1841 728 1881 κατέχοντες
744 1840 852 1876 ταύτης.

67 1884 166 1931 Ἕτεροι
190 1884 218 1921 3t
247 1894 371 1930 κατεῖχον
399 1889 447 1928 μὲν
471 1888 516 1917 καὶ
543 1887 576 1916 τὰ
594 1886 702 1927 ῥήματα
808 1885 855 1919 τῆς

69 1929 162 1977 φωνῆς,
178 1935 248 1975 λέγω
261 1935 294 1970 δὴ
306 1929 353 1971 τὸ,
371 1945 385 1963 α
398 1933 531 1967 Ἐδόξασα
541 1956 549 1968 ,
565 1932 611 1961 καὶ
623 1930 703 1960 πάλιν
720 1929 830 1964 δοξάσω
843 1942 854 1954 ι

121 1972 245 2014 συνιέντες
262 1980 284 2008 δ’
303 1978 376 2018 ὅμως
399 1977 437 2011 τίς
456 1979 470 2007 6
494 1979 554 2010 νοῦς
574 1977 625 2005 τῶν
645 1975 770 2016 ῥημάτων
793 1972 856 2003 τού-

69 2037 128 2062 των,
142 2025 252 2064 ἄγγελον
271 2025 343 2064 αὖτῷ
366 2021 542 2059 λελαληκέναι
557 2020 654 2061 ᾤοντο,
673 2019 713 2049 διὸ
736 2019 856 2064 καὶνδυσ-

70 2069 144 2105 νόητα
157 2070 244 2103 αὐτοῖς
260 2063 333 2098 εἶναι
355 2070 455 2103 ταῦτα,
479 2068 514 2100 ὡς
531 2066 573 2096 ὑπ’
590 2066 703 2105 ἀγγέλου
716 2063 854 2103 λεχθέντα.

905 1488 965 1514 Non
987 1489 1100 1521 propter
1124 1493 1169 1512 me
1183 1484 1242 1513 haec
1263 1493 1317 1512 vox
1339 1485 1424 1518 venit,
1439 1484 1488 1512 sed
1512 1489 1623 1520 propter
1643 1492 1704 1512 vos.

904 1531 985 1558 Nunc
1007 1530 1141 1565 judicium
1173 1534 1216 1557 est
1244 1529 1341 1558 mundi
1366 1529 1463 1566 hujus;
1491 1537 1565 1556 nunc
1582 1529 1706 1565 princeps

904 1575 1002 1602 mundi
1015 1575 1096 1610 hujus
1110 1574 1233 1610 ejicietur
1243 1573 1328 1602 foras.
1342 1575 1378 1602 Et
1387 1582 1437 1610 ego
1448 1574 1470 1602 si
1481 1574 1616 1601 exaltatus
1626 1572 1705 1601 fuero

905 1627 920 1647 a
944 1623 1028 1653 terra.
1053 1627 1152 1647 omnes
1166 1619 1275 1647 traham
1299 1619 1334 1647 ad
1358 1619 1505 1654 meipsum.
1529 1620 1588 1646 Hoc
1611 1621 1705 1646 autem

905 1663 1014 1692 dicebat
1038 1664 1194 1700 signiﬁcans
1216 1671 1268 1699 qua
1293 1667 1384 1692 morte
1411 1668 1484 1691 esset
1506 1663 1667 1690 moriturus.
1692 1674 1705 1686 ν

906 1709 1000 1738 Plures
1024 1717 1088 1737 cum
1102 1709 1248 1737 crassiores
1261 1713 1353 1736 essent
1366 1713 1394 1736 et
1416 1708 1610 1744 imperitiores,
1627 1711 1706 1742 puta-

906 1758 1004 1782 verunt
1030 1754 1180 1782 tonitruum
1204 1761 1263 1781 esse
1289 1761 1397 1783 vocem,
1422 1753 1548 1788 quamvis
1563 1752 1708 1780 articulata

908 1807 959 1826 vox
972 1802 1044 1826 esset
1066 1801 1093 1826 et
1114 1797 1314 1833 cognoscibilis.
1331 1797 1429 1825 Statim
1450 1797 1524 1824 enim
1539 1796 1615 1824 obliti
1630 1799 1710 1824 erant

908 1843 1055 1871 verborum
1081 1843 1167 1875 vocis,
1192 1846 1221 1869 et
1247 1841 1337 1869 solum
1363 1841 1421 1876 ejus
1440 1849 1538 1868 sonum
1566 1841 1708 1868 tenebant.

909 1887 962 1915 Alii
985 1891 1078 1914 autem
1099 1890 1127 1914 et
1141 1886 1223 1913 verba
1247 1886 1322 1913 vocis
1346 1886 1487 1918 tenebant,
1508 1893 1570 1921 qua:
1590 1885 1707 1919 dicebat,

912 1943 924 1957 α
947 1931 1090 1965 lllustravi,
1110 1935 1138 1959 et
1152 1931 1252 1959 iterum
1266 1930 1416 1958 illustrabo.
1439 1941 1452 1954 ιο
1468 1931 1531 1958 Non
1550 1929 1709 1964 intelligen-

910 1981 950 2005 tcs
985 1980 1077 2004 autem
1109 1975 1169 2012 quis
1193 1975 1340 2003 verborum
1363 1982 1468 2008 sensus,
1503 1974 1633 2010 angelum
1658 1973 1710 2010 ipsi

910 2022 1033 2050 locutum
1063 2020 1148 2049 fuisse
1176 2021 1317 2056 putabant,
1347 2023 1375 2048 et
1408 2019 1470 2048 ideo
1501 2019 1545 2047 illa
1572 2019 1710 2046 intellectu

910 2066 1046 2100 difﬁcilia,
1080 2069 1174 2101 utpote
1207 2065 1241 2093 ab
1266 2065 1365 2100 angelo
1389 2064 1473 2092 dicta.
1500 2065 1580 2092 Jesus
1605 2067 1710 2097 autem,

71 2113 100 2144 ’0
115 2114 141 2143 δὲ
160 2115 277 2150 Ἰησοῦς,
294 2126 306 2139 ε
323 2113 364 2143 Οὖ
380 2113 413 2142 δι’
432 2111 496 2150 ἐμὲ,
516 2111 595 2152 φησὶ,
616 2110 721 2149 γέγονεν
744 2108 811 2144 αὕτη
836 2111 850 2143 ἡ

912 2123 922 2136 an
943 2113 1007 2140 Non
1022 2115 1133 2147 propter
1155 2118 1211 2143 me,
1231 2110 1331 2145 inquit.
1346 2109 1417 2137 facta
1440 2113 1481 2137 est
1502 2108 1561 2136 haec
1583 2116 1646 2141 vox,
1662 2107 1710 2136 sed

72 2158 151 2198 φωνὴ,
165 2159 235 2188 ἀλλὰ
261 2159 294 2187 δι’
312 2159 391 2193 ὑμᾶς.
409 2170 423 2184 ν
467 2156 542 2194 Ἐγὼ
559 2155 606 2193 μὲν
622 2154 674 2194 γὰρ
687 2154 734 2183 οὐκ
747 2152 857 2198 ἐδεόμην

72 2197 110 2232 τοῦ
128 2205 218 2242 μαθεῖν
229 2226 238 2239 ,
263 2201 304 2232 ὅτι
319 2201 440 2236 ἐδόξασεν
459 2202 473 2230 6
489 2199 599 2239 Πατὴρ,
615 2199 661 2228 καὶ
677 2198 757 2228 πάλιν
784 2197 858 2231 δοξά-

74 2259 107 2278 σει
127 2248 155 2278 τὸ
179 2249 261 2278 αὐτοῦ
285 2246 385 2285 ὄνομα.⁹
413 2248 487 2285 ὗμεῖς
513 2244 540 2274 δὲ
568 2244 669 2274 ἐδέεσθε
693 2245 738 2272 τοῦ
754 2245 859 2281 μαθεῖν,

74 2291 108 2321 ὅτι
121 2294 165 2323 οὗκ
189 2292 246 2331 εἰμὶ
271 2291 402 2328 ἀντίθεος,
429 2291 490 2320 ἀλλ’
512 2290 549 2323 εἷς
570 2288 646 2323 δόξαν
665 2291 711 2317 τοῦ
734 2287 860 2326 ὀνόματος

75 2340 113 2366 τοῦ
127 2340 206 2369 Θεοῦ.
225 2337 261 2368 Ei
275 2335 327 2376 γὰρ
345 2337 379 2365 δι’
394 2335 442 2375 ἐμὲ
456 2335 488 2364 τὸ
503 2334 588 2373 ὄνομα
602 2335 648 2363 τοῦ
674 2335 745 2363 Θεοῦ
770 2331 861 2376 μέλλει

75 2381 228 2419 δοξάζεσθαι,
355 2372 415 2420 εἶμι-
445 2379 576 2415 ἀντίθεος
611 2392 624 2405 ιι
652 2378 693 2407 Δι’
714 2378 783 2415 ὑμᾶς
816 2372 860 2407 οὖν

75 2426 167 2465 γέγονεν
193 2429 210 2463 ἡ
235 2426 327 2466 φωνὴ,
352 2439 365 2453 ι
387 2424 430 2454 ἵνα
449 2425 534 2464 γνῶτε
555 2425 595 2453 ὅτι
612 2422 678 2462 πρὸς
706 2421 782 2466 δόξαν
807 2420 862 2459 εἰμὶ

74 2473 113 2500 τοῦ
126 2474 204 2503 Θεοῦ·
222 2465 274 2501 κᾶν
301 2470 338 2509 μὴ
363 2469 479 2506 δύνησθε
494 2469 521 2498 δὲ
537 2469 655 2508 γνῶναι,
681 2465 862 2506 ἐρωτήσαντες

76 2519 126 2554 γοῦν
142 2517 249 2554 μάθετε,
272 2515 287 2545 ὃ
303 2516 430 2554 ἀγνοεῖτε.
450 2514 491 2544 Τὸ
518 2512 561 2550 δὲ,
581 2526 593 2539 ι
614 2513 671 2542 Νῦν
699 2511 784 2550 κρίσις
806 2510 863 2554 ἐστὶ

77 2562 116 2589 τοῦ
138 2562 238 2600 κόσμου
253 2559 367 2596 τούτου,
394 2573 406 2586 ιι
427 2559 498 2588 δοκεῖ
523 2557 572 2596 μὲν
600 2556 774 2586 ἀνακόλουθον
795 2550 864 2584 εἶναι

79 2608 123 2638 τοῖς
144 2606 193 2646 πρὸ
219 2607 312 2635 αὐτοῦ.
356 2603 442 2635 Ποίαν
458 2603 509 2642 γὰρ
529 2602 685 2632 ἀκολουθίαν
705 2601 762 2641 ἔχει
787 2602 864 2629 τοῦτο

80 2650 134 2688 πρὸς
153 2645 199 2687 τὸ,
224 2665 236 2678 ι
252 2649 401 2686 Ἐδόξασα,
429 2649 476 2678 καὶ
498 2648 577 2677 πάλιν
594 2646 711 2682 Saﬁnium;
738 2659 750 2672 ι
767 2645 863 2680 Πάντη

81 2693 104 2722 δὲ
118 2696 260 2725 ἀκολουθεῖ.
304 2694 383 2724 Ἐπεὶ
397 2692 448 2733 γὰρ
465 2688 536 2722 εἶπεν
553 2691 652 2722 ἄνωθεν
668 2693 682 2720 ὁ
703 2690 809 2730 Πατὴρ,
826 2689 865 2719 ὅτι

82 2751 92 2764 ι
111 2740 230 2780 Δοξάσω,
247 2754 260 2767 ι
274 2739 408 2770 δείκνυσιν
425 2739 490 2777 ἡμῖν
507 2739 520 2767 6
535 2737 633 2777 Κύριος
648 2735 692 2765 τὸν
706 2735 803 2776 τρόπον
817 2737 864 2770 τῆς

115 2833 132 2850 ¹⁵
144 2835 238 2863 Matth.
254 2842 286 2869 x,
302 2837 346 2862 28.

913 2160 1026 2192 propter
1039 2163 1096 2183 vos.
1116 2167 1129 2179 ν
1148 2155 1281 2190 Equidem
1294 2162 1351 2182 non
1372 2162 1441 2189 opus
1453 2153 1542 2181 habeo
1558 2157 1588 2181 ut
1607 2153 1712 2180 discam

911 2202 986 2237 quod
1005 2200 1149 2228 illustravit
1170 2201 1262 2231 Pater,
1285 2199 1440 2234 iterumque
1468 2198 1652 2225 illustraturus
1676 2197 1714 2224 sit

913 2253 1016 2274 nomen
1036 2253 1119 2273 suum
1143 2254 1149 2272 :
1166 2252 1213 2272 vos
1227 2248 1320 2271 autem
1333 2251 1402 2279 opus
1415 2242 1535 2276 habetis,
1548 2246 1578 2270 ut
1602 2241 1714 2270 discetis

915 2290 990 2327 quod
1021 2298 1077 2318 non
1103 2289 1154 2317 sim
1177 2289 1348 2317 adversarius
1370 2289 1439 2322 Deo,
1462 2287 1510 2315 sed
1536 2287 1563 2314 in
1598 2286 1714 2322 gloriam

915 2335 1039 2364 nominis
1057 2334 1117 2362 Dei.
1133 2335 1204 2362 Nam
1220 2333 1242 2361 si
1259 2341 1307 2369 per
1327 2340 1373 2360 me
1387 2339 1490 2360 nomen
1506 2331 1558 2359 Dei
1574 2331 1713 2359 illustran-

915 2380 995 2414 dum,
1009 2379 1149 2415 quomodo
1165 2386 1227 2406 sum
1241 2377 1414 2406 adversarius
1427 2377 1497 2405 Dei?
1514 2388 1526 2400 ‹ι
1540 2378 1654 2412 Propter
1666 2383 1716 2404 vos

917 2425 1000 2462 igitur
1022 2423 1091 2452 facta
1112 2427 1154 2451 est
1175 2431 1238 2457 vox,
1265 2434 1278 2446 ιι
1304 2426 1334 2450 ut
1348 2422 1439 2450 sciatis
1460 2421 1533 2458 quod
1555 2421 1583 2449 in
1597 2421 1714 2457 gloriam

919 2470 972 2498 sim
989 2469 1050 2497 Dei.
1072 2468 1205 2503 Quamvis
1228 2471 1320 2495 autem
1336 2467 1403 2495 scire
1414 2475 1469 2494 non
1482 2466 1603 2502 possitis,
1616 2467 1716 2494 saltem

917 2515 1096 2549 interrogate,
1130 2517 1157 2541 et
1189 2512 1286 2540 discite
1309 2511 1383 2548 quod
1416 2511 1556 2548 ignoratis.
1594 2509 1716 2538 Dicenda

918 2563 1022 2593 autem,
1040 2569 1052 2582 α
1068 2559 1150 2586 Nunc
1162 2562 1203 2585 est
1211 2557 1346 2593 judicium
1359 2556 1456 2584 mundi
1472 2556 1564 2592 hujus,
1581 2567 1594 2579 »
1610 2555 1718 2582 videtur

919 2604 1033 2640 quidem
1053 2602 1240 2638 superioribus
1252 2602 1326 2629 male
1345 2601 1494 2629 cohaerere.
1512 2601 1626 2634 Qualem
1641 2598 1717 2626 enim

919 2648 1145 2684 consequentiam
1158 2647 1239 2674 habet
1251 2646 1303 2674 hoc
1325 2646 1358 2674 ad
1374 2645 1440 2673 illud
1452 2645 1526 2681 quod
1545 2645 1649 2672 dictum
1664 2646 1716 2676 est,

922 2705 935 2718 ι
956 2695 991 2722 Et
1017 2692 1162 2726 illustravi,
1187 2695 1214 2720 et
1237 2691 1335 2719 iterum
1367 2690 1531 2718 illustratio?
1555 2700 1567 2712 ι»
1598 2687 1717 2716 Omnino

919 2743 1011 2767 autem
1031 2742 1105 2766 recte
1123 2737 1256 2773 sequitur.
1281 2737 1352 2764 Nam
1382 2735 1446 2771 quia
1466 2733 1590 2769 superius
1613 2731 1719 2760 dixerat
