1922 3077
206 143 252 170 131

201 206 293 240 Pater,
318 216 331 230 ι
347 204 504 238 Illustrabo,
521 216 534 230 ι»
561 204 681 234 ostendit
698 205 778 234 nobis
793 205 929 234 Dominus
941 212 1002 233 mo-
1016 206 1044 238 Α

202 249 271 278 dum
285 249 487 278 illustrationis.
503 250 539 277 Et
551 250 613 285 quis
626 250 688 278 ille?
701 251 740 278 Ut
752 251 879 287 ejiciatur
888 250 1000 287 quidem

201 294 275 324 foras
287 295 384 324 mundi
398 295 546 329 Dominus,
560 299 588 323 et
605 295 747 330 vincatur;
758 296 895 332 judicetur
908 300 1002 324 autem

202 340 332 374 mundus,
352 340 404 368 hoc
423 343 464 368 est
476 340 510 369 de
524 348 557 368 eo
576 340 644 368 ultio
657 345 793 369 sumatur.
811 341 893 377 Quod
908 345 1001 369 autem

201 385 279 419 dicit,
294 384 370 413 hunc
380 392 491 412 sensum
509 384 592 413 habet
611 385 716 421 :678
728 385 955 421 Nuncjudicium
975 390 1003 414 et

203 429 272 457 ultio
286 429 383 458 mundi
403 429 445 458 ﬁt.
462 430 530 464 Quia
545 429 617 457 enim
630 429 755 458 diabolus
771 430 907 458 mundum
919 432 1002 459 morti

202 474 328 510 subjecit,
343 479 456 510 peccato
481 475 610 503 omnibus
628 474 789 503 hominibus
810 475 937 503 obnoxiis
961 475 1001 503 fa-

203 519 255 548 ctis
276 518 335 547 :ad
356 527 412 552 me,
427 518 523 555 inquit,
540 527 604 548 cum
626 520 743 554 venerit,
764 524 792 548 et
811 524 954 556 peccatum
974 520 1003 548 in

203 571 249 592 me
271 571 328 592 non
350 563 495 598 invenerit,
511 564 594 592 morti
609 568 703 592 autem
723 573 756 592 ex
776 573 856 601 aequo
870 565 1004 593 submise-

203 608 251 643 rit,
272 608 503 637 condcmnabitur
524 617 539 637 a
560 617 616 643 me,
636 613 663 638 et
676 610 717 638 sic
742 618 793 646 ego
813 610 946 638 ultionem
967 609 1003 638 de

202 653 308 682 mundo
322 661 442 682 sumam.
460 655 525 682 Esto
538 654 614 682 enim
633 654 707 690 quod
727 655 788 683 aliis
802 659 923 683 mortem
937 662 1003 690 pro-

201 702 262 735 pter
294 703 437 735 peccatum
465 699 591 727 attulerit
621 699 672 727 :in
695 707 741 727 me
767 699 833 736 quid
849 700 903 727 tale
932 699 1004 728 videt

202 743 277 780 quod
295 743 325 772 in
345 744 465 780 reliquis,
485 748 518 772 ut
530 744 652 772 occidat?
672 745 758 780 Igitur
780 756 792 768 «
810 744 907 772 mundi
925 743 1002 780 judi-

201 789 286 823 cium,
312 800 325 814 ν
341 788 395 817 hoc
409 792 452 817 est
465 789 546 822 ultio,
572 797 647 817 nunc
667 797 682 817 a
705 797 750 817 me
766 789 798 817 ﬁt
819 789 905 825 :quia
927 789 1004 817 enim

202 842 252 870 ego
269 833 395 862 occidam
409 841 473 862 eum
489 833 538 869 qui
553 841 649 862 omnes
664 834 774 868 occidit,
790 838 817 862 et
831 842 876 862 me
891 841 1002 870 quoque

202 878 342 907 insontem
364 878 474 912 invasit,
499 879 572 906 ultor
592 887 640 907 ero
661 879 788 907 omnium
812 879 858 915 qui
884 879 917 907 ab
941 879 1002 915 ipso

201 923 285 951 occisi
298 927 374 958 sunt,
390 927 419 951 et
432 923 556 959 ejicietur
570 923 642 952 foras
656 927 800 960 tyrannus,
818 932 867 960 per
881 928 1001 952 mortem

201 975 293 996 meam
314 967 525 996 condemnatus.
549 970 621 996 Nam
645 978 659 994 ‹‹
671 969 793 1004 ejicietur
806 968 891 1003 foras,
908 980 921 993 ιι
937 977 1000 997 me-

200 1012 314 1049 taphora
337 1016 380 1041 est
393 1016 501 1048 sumpta
517 1012 551 1041 ad
570 1013 611 1041 his
626 1013 671 1049 qui
697 1013 724 1041 in
742 1013 853 1049 judiciis
866 1013 999 1042 condem-

199 1061 311 1091 nantur,
327 1061 354 1086 et
367 1066 382 1085 a
394 1057 525 1086 tribunali
535 1058 692 1094 exiguntur.
709 1058 758 1086 Vel
772 1061 800 1086 et
809 1058 848 1086 sic
862 1058 891 1086 in
906 1058 1000 1086 intelli-

200 1110 260 1139 gas,
292 1113 306 1127 ι
330 1102 461 1139 Ejicietur
475 1102 560 1137 foras,
589 1115 602 1128 ιν
632 1103 685 1131 hoc
710 1107 753 1131 est
780 1115 793 1127 οι
819 1103 846 1130 in
874 1108 999 1131 externas

200 1147 341 1182 tenebras;
359 1159 372 1172 ιι
396 1147 444 1176 sed
465 1152 494 1176 et
515 1147 669 1183 privabitur
683 1148 838 1184 principatu
860 1155 944 1184 quem
972 1148 999 1176 in

200 1192 327 1220 homines
341 1192 470 1226 habebat,
490 1196 518 1220 et
530 1201 588 1220 non
603 1193 674 1221 ultra
693 1193 819 1229 regnabit
832 1193 902 1220 sicut
924 1193 1000 1228 prius

200 1236 228 1265 in
251 1237 314 1271 illis,
335 1241 364 1265 et
384 1237 493 1265 illorum
519 1237 672 1271 animabus,
694 1245 726 1265 ac
741 1237 850 1266 mortali
875 1245 1000 1273 corpore.

201 1293 213 1306 α
239 1281 293 1310 Sed
317 1289 414 1310 omnes
437 1290 488 1317 ego
503 1281 611 1310 traham
633 1282 667 1310 ad
696 1289 751 1316 me,
778 1290 844 1310 cum
866 1282 1001 1310 exaltatus

199 1325 276 1355 fuero
297 1327 325 1354 in
338 1334 430 1355 cruce.
451 1338 464 1351 υ
481 1327 554 1354 Nam
567 1335 676 1360 omnes,
701 1327 787 1354 etiam
803 1327 847 1363 qui
862 1334 895 1355 ex
910 1327 1000 1362 genti-

199 1371 261 1405 bus,
277 1371 313 1400 ad
336 1371 421 1399 ﬁdem
445 1371 473 1399 in
489 1379 535 1399 me
557 1371 711 1399 trahentur.
734 1372 844 1399 Etenim
868 1371 932 1406 quia
948 1371 1000 1407 ipsi

198 1423 255 1444 non
279 1420 393 1452 possunt
413 1415 448 1444 ad
464 1423 509 1443 me
524 1416 625 1450 venire,
651 1423 683 1443 eo
698 1415 772 1451 quod
787 1424 802 1443 a
818 1419 936 1451 tyranno
950 1416 999 1444 de-

197 1461 265 1489 tenti
277 1464 353 1494 sunt,
369 1468 432 1496 ego,
446 1460 517 1488 victo
535 1460 582 1488 illo
601 1464 629 1488 et
649 1459 720 1488 foras
734 1461 832 1495 ejecto,
845 1465 873 1488 et
887 1460 1000 1488 resectis

197 1505 288 1534 nervis
302 1505 430 1540 potentiae
447 1504 506 1540 ejus
518 1509 614 1533 contra
628 1504 765 1538 homines,
786 1505 895 1532 traham
916 1505 999 1533 etiam

197 1549 310 1578 nolente
321 1549 379 1577 illo.
396 1549 428 1577 ld
447 1549 501 1576 alio
516 1548 575 1577 loco
593 1549 677 1578 etiam
696 1549 821 1585 rapinam
834 1549 997 1577 nominavit.

199 1607 212 1619 ει
233 1594 330 1622 Nullus
352 1593 439 1627 enim,
454 1594 554 1629 inquit,
577 1598 667 1629 potest
691 1602 753 1622 vasa
775 1594 854 1622 fortis
873 1593 999 1630 diripere,

197 1639 249 1667 nisi
270 1639 361 1674 alliget
383 1637 483 1666 fortem
500 1638 531 1666 ¹⁶.
557 1650 569 1663 ν
584 1653 619 1658 -
636 1650 649 1663 α
664 1639 778 1667 Dicebat
800 1643 905 1674 autem,
921 1640 955 1667 Et
976 1639 1000 1667 si

199 1683 335 1712 exaltatus
355 1682 442 1717 fuero,
466 1682 624 1719 signiﬁcans
645 1691 698 1719 qua
714 1687 805 1712 morte
823 1688 894 1712 esset
912 1684 998 1712 mori-

197 1731 288 1761 turus,
305 1739 318 1752 ι
346 1727 398 1756 hoc
421 1732 462 1756 est
475 1728 687 1764 cruciﬁgendus.
703 1730 774 1757 Nam
798 1728 851 1756 hoc
866 1729 1000 1765 signiﬁcat

199 1772 316 1801 altitudo
330 1772 429 1801 crucis.

199 1817 280 1858 φησὶ,
303 1817 442 1857 σημαίνων
466 1816 535 1859 ποίῳ
557 1817 662 1859 θανάτῳ
687 1817 797 1856 ἔμελλεν
817 1817 1002 1855 ἀποθνήσκειν

197 1862 262 1904 ὕψος
281 1866 328 1893 τοῦ
348 1865 474 1904 σταυροῦ.

233 1914 325 1942 Vens.
350 1915 449 1941 34-36.
466 1924 478 1937 α
496 1913 649 1949 Respondit
664 1912 688 1940 ei
711 1913 792 1941 turba
808 1923 814 1941 :
838 1914 897 1941 Nos
918 1913 997 1941 audi-

196 1957 286 1987 vimus
306 1967 340 1987 ex
365 1958 423 1994 iege
446 1957 521 1993 quod
543 1958 668 1986 Christus
682 1962 777 1985 manet
798 1958 827 1985 in
850 1962 996 1993 aeternum,

196 2007 225 2032 et
239 2003 379 2039 quomodo
402 2006 431 2030 tu
446 2002 517 2030 dicis
540 2011 547 2030 :
564 2003 682 2038 Oportet
695 2002 806 2030 exaltari
821 2002 922 2029 Filium
946 2002 997 2029 ho-

197 2048 298 2075 minis?
313 2047 382 2082 Quis
401 2051 444 2074 est
465 2047 516 2074 iste
532 2046 619 2074 Filius
633 2046 776 2074 hominis?
790 2046 865 2074 Dixit
879 2054 944 2082 ergo
959 2046 998 2075 eis

195 2093 276 2120 Jesus
301 2101 308 2119 ί
324 2091 426 2119 Adhuc
449 2091 529 2119 breve
550 2095 661 2126 tempus
680 2090 774 2118 lumen
789 2090 930 2118 vobiscum
946 2094 996 2119 est.
1011 2103 1037 2135 D

197 2136 346 2164 Ambulate
373 2135 462 2164 donec
492 2135 582 2164 lucem
606 2135 724 2168 habetis,
748 2143 783 2163 ne
807 2143 856 2163 vos
878 2135 999 2164 tenebrae

196 2185 341 2217 occupent.
366 2182 402 2209 Et
428 2180 476 2217 qui
490 2180 612 2208 ambulat
634 2180 662 2208 in
686 2180 817 2214 tenebris,
837 2180 925 2208 nescit
943 2189 998 2216 quo

197 2226 289 2255 vadat.
319 2227 395 2254 Dum
419 2225 507 2254 lucem
531 2225 647 2260 habetis,
662 2225 765 2253 credite
791 2225 820 2253 in
844 2225 944 2260 lucem,
968 2229 1000 2253 ut

197 2271 245 2299 ﬁlii
276 2271 343 2300 lucis
372 2270 443 2299 sitis.
471 2283 484 2295 υ
509 2270 707 2298 Existimantes
733 2270 948 2306 reprehensuros
969 2278 998 2298 se

198 2317 364 2350 Dominum,
388 2321 418 2344 ct
437 2315 630 2344 confutaturos
651 2324 714 2344 eum
739 2315 816 2352 quasi
843 2323 899 2344 non
927 2320 999 2344 esset

196 2369 277 2389 verus
290 2360 425 2396 Christus,
440 2360 538 2389 dicunt
553 2371 560 2389 :
576 2360 603 2390 Si
616 2360 741 2389 Christus
753 2360 865 2397 quidem
879 2360 998 2388 immor-

197 2406 259 2435 talis
273 2410 325 2441 est,
347 2410 378 2435 tu
393 2410 489 2435 autem
504 2406 538 2435 de
560 2410 588 2435 te
603 2406 672 2434 dicis
688 2406 761 2442 quod
776 2406 813 2434 sis
833 2406 997 2441 moriturus,

197 2451 337 2488 quomodo
348 2452 431 2488 igitur
444 2451 589 2480 credemus
600 2455 628 2480 te
642 2459 701 2479 esse
711 2450 870 2480 Christum?
881 2452 940 2478 Hoc
952 2458 998 2478 au-

197 2501 255 2525 tem
267 2497 407 2525 immerito
419 2496 557 2525 dicebant.
568 2498 639 2525 Nam
651 2496 803 2532 Scriptura,
816 2503 899 2532 quam
912 2495 997 2531 legem

197 2542 344 2578 appellant,
360 2549 416 2570 non
429 2542 520 2570 solum
529 2541 748 2575 resurrectionis,
759 2540 805 2569 sed
820 2545 848 2568 et
863 2539 998 2576 passionis

197 2587 334 2616 meminit.
350 2587 458 2615 Etenim
471 2586 555 2614 Isaias
569 2590 718 2621 utrumque
730 2585 809 2622 ponit
821 2594 830 2612 :
843 2585 997 2621 passionem

197 2632 311 2668 quidem
326 2636 353 2660 et
368 2635 499 2665 mortem,
512 2631 553 2659 sic
564 2630 660 2659 dicens
672 2630 702 2657 ηε
720 2642 733 2654 «ι
750 2631 790 2659 Ut
805 2630 864 2658 ovis
878 2629 913 2658 ad
929 2629 998 2658 occi«

197 2677 304 2706 sionem
328 2677 427 2705 ductus
451 2679 507 2710 est;
531 2686 546 2703 ι)
573 2676 803 2704 resurrectionem
826 2679 929 2710 autem,
952 2674 998 2702 di-

197 2722 295 2758 cendo,
308 2734 321 2748 ‹ι
335 2723 368 2750 Et
377 2721 517 2751 Dominus
526 2720 612 2750 voluit
622 2728 685 2749 eum
693 2720 837 2757 puriﬁcare
846 2728 862 2748 a
872 2720 960 2756 plaga,
971 2723 999 2748 et

1016 866 1040 898 B

235 2812 256 2830 ιθ
271 2814 358 2842 Marc.
375 2820 426 2847 ιιι⁷
441 2815 485 2841 27.
525 2811 545 2829 ιτ
559 2813 611 2840 lsa.
628 2819 696 2846 ιιιι,
712 2814 738 2839 7.

714 141 972 171 THEOPHYLACTI
991 118 1169 169 summa:
1188 141 1346 170 ARCHIEP.

1834 140 1885 167 132

1059 204 1147 241 δόξης.
1163 204 1210 238 Τίς
1225 204 1260 245 ⁵δὲ
1274 200 1363 240 οἶτοςς
1380 203 1419 234 Τὸ
1434 203 1595 239 ἐκϐληθῆναι
1621 202 1677 241 μὲν
1696 201 1756 236 ἔξω
1773 201 1824 230 τὸν
1841 213 1885 231 κο-

1056 249 1228 290 σμοκράτορα
1253 249 1298 279 καὶ
1313 251 1468 286 νικηθῆναι,
1483 251 1607 288 κριθῆναι
1621 248 1652 278 δὲ
1680 247 1734 277 τὸν
1759 246 1884 284 κόσμον,

1055 296 1188 325 τουτέστιν
1205 295 1385 330 ἐκδικηθῆναι.
1428 294 1466 324 ³0
1489 294 1516 323 δὲ
1533 293 1622 332 λέγει,
1635 292 1777 323 τοιοῦτόν
1796 293 1872 320 ἐστιν

1056 341 1112 370 Νῦν
1128 339 1212 380 κρίσις
1228 339 1274 369 καὶ
1287 339 1422 376 ἐκδίκησις
1442 342 1488 368 τοῦ
1501 338 1603 376 κόσμου
1625 338 1735 367 τούτου
1762 336 1883 375 γίνεται.

1055 385 1062 396 9
1123 384 1129 396 ἱ
1248 384 1255 393 ‘
1322 384 1328 395 I
1454 384 1466 394 κ
1487 383 1494 392 Ῐ
1620 385 1637 392 κ
1745 382 1753 392 Ι
1830 383 1838 393 ξ

1066 386 1133 414 Επει
1153 385 1205 425 γὰρ
1231 396 1276 414 τον
1298 395 1397 423 κοσμον
1413 386 1427 414 ὁ
1452 383 1575 417 οιαϐολος
1601 395 1640 424 τῳ
1674 385 1801 422 θανατῳ
1828 393 1883 410 υπ-

1056 430 1150 467 έθηκε,
1164 431 1197 469 τῇ
1214 429 1332 470 ἁμαρτίᾳ
1350 429 1453 462 πάντας
1470 428 1623 468 ἀνθρώπους
1645 427 1773 467 ἐνόχους
1803 427 1883 463 ποιή-

1056 486 1119 511 σας,
1146 476 1182 507 εἰς
1206 474 1264 513 ἐμὲ,
1282 474 1379 515 φησὶν,
1400 473 1496 511 ἐλθὼν,
1516 473 1562 503 καὶ
1588 472 1735 513 ἁμαρτίαν
1765 472 1818 509 μὲν
1845 472 1882 510 μὴ

1056 519 1140 559 εὑρὼν
1170 521 1196 549 ἐν
1225 519 1301 558 ἐμοὶ,
1329 521 1367 560 τῷ
1393 519 1497 559 θανάτῳ
1522 518 1550 548 δὲ
1576 518 1646 557 κάμὲ
1681 517 1794 553 ἐπίσης
1826 522 1882 550 τοῖς

1056 564 1146 598 ἄλλοις
1182 563 1344 604 ὑπαγαγὼν,
1370 564 1595 604 κατακριθήσεται
1626 562 1676 592 ὕπ’
1711 563 1805 600 ἐμοῦ,
1836 561 1882 591 καὶ

1056 609 1138 643 οὕτως
1154 609 1206 649 ἐγὼ
1232 609 1365 645 ἐκδικήσω
1380 609 1424 639 τὸν
1451 608 1564 646 κόσμον.
1607 608 1712 638 Ἔστω
1739 607 1811 647 γὰρ,
1828 610 1882 640 τοῖς

1057 654 1146 688 ἄλλοις
1166 654 1210 683 τὸν
1239 654 1349 684 θάνατον
1369 654 1412 683 διὰ
1437 653 1484 689 τὴν
1501 653 1633 693 ἁμαρτίαν
1651 652 1838 691 ἐπήνεγκεν,
1854 652 1880 680 ἐν

1057 699 1117 738 ἐμοὶ
1131 699 1157 728 τί
1177 701 1294 729 τοιοῦτον
1309 694 1376 728 εἶδεν
1392 694 1445 728 οῖον
1463 701 1518 732 τοῖς
1542 698 1656 734 λοιποῖς,
1681 696 1734 726 ἵνα
1763 697 1814 726 καὶ
1830 695 1879 734 ἐμὲ

1058 743 1216 782 θανατώσῃῖ,
1232 743 1328 774 Τοίνυν
1354 757 1366 770 ιι
1380 746 1427 773 τοῦ
1450 743 1551 782 κόσμου
1567 742 1670 784 κρίσις,
1684 755 1698 769 ι
1714 741 1783 777 ἤτοι
1805 741 1877 771 ἐκδί-

1056 800 1149 825 κησις,
1164 791 1208 818 νῦν
1231 788 1276 818 ὑπ’
1293 789 1357 827 ἐμοῦ
1372 787 1484 827 γίνεται.
1528 788 1583 818 Τὸν
1605 787 1658 827 γὰρ
1683 786 1802 820 πάντας
1827 788 1877 815 θα-

1055 833 1227 870 νατώσαντα,
1242 828 1298 863 εἶτα
1323 833 1368 863 καὶ
1385 833 1443 871 ἐμοὶ
1468 834 1507 873 τῷ
1531 833 1641 872 ἀναιτίῳ
1667 831 1875 872 προσϐαλόντα

1057 878 1209 912 θανατώσας
1231 878 1299 917 ἐγὼ,
1323 878 1462 914 ἐκδικητὴς
1488 877 1584 915 ἔσομαι
1599 877 1716 906 πάντων
1746 878 1806 906 τῶν
1832 875 1877 905 ὑπ’

1059 924 1138 953 αὐτοῦ
1165 922 1386 959 θανατωθέντων,
1413 923 1459 952 καὶ
1476 936 1487 950 κ
1513 921 1718 958 ἐκϐληθήσεται
1745 921 1802 955 ἔξω
1826 935 1840 948 ι
1861 922 1874 950 ὃ

1057 968 1201 1008 τύραννος,
1227 967 1270 997 διὰ
1295 970 1341 997 τοῦ
1367 967 1478 998 θανάτου
1511 970 1556 998 τοῦ
1582 967 1648 1006 ἐμοῦ
1675 965 1872 1006 κατακριθιίς.

1057 1013 1096 1043 Τὸ
1121 1013 1185 1054 γὰρ,
1204 1026 1217 1040 ι
1247 1012 1461 1048 Ἐκϐληθήσεται
1488 1011 1557 1050 ἔξω,
1586 1025 1598 1038 ι
1625 1011 1681 1042 ἀπὸ
1713 1015 1874 1051 μεταφορᾶς

1057 1059 1109 1087 τῶν
1135 1059 1162 1087 ἐν
1188 1059 1242 1091 τοῖς
1257 1057 1436 1098 δικαστηρίοις
1460 1056 1721 1098 κατακρινομένων,
1749 1056 1801 1085 καὶ
1827 1059 1873 1086 τοῦ

1058 1102 1229 1143 δικαστηρίου
1256 1102 1454 1141 ἐξωθουμένων,
1487 1102 1602 1141 εἴρηται.
1646 1101 1707 1132 Καὶ
1739 1099 1818 1131 οὕτω
1845 1099 1870 1129 δὲ

1058 1147 1160 1183 νοήσεις
1173 1147 1216 1184 τὸ,
1230 1161 1242 1175 α
1260 1147 1476 1183 Ἐκϐληθήσεται
1501 1147 1562 1184 ἔξω,
1591 1160 1604 1173 ιο
1621 1146 1682 1175 ἀντὶ
1696 1148 1767 1182 τοῦ,
1797 1159 1812 1173 ι
1837 1145 1872 1178 εἷς

1057 1192 1087 1221 τὸ
1101 1193 1194 1226 σκότος
1216 1192 1246 1221 τὸ
1269 1191 1405 1232 ἐξώτερον.
1431 1206 1444 1218 ι
1486 1191 1569 1221 Ἀλλὰ
1584 1191 1629 1221 καὶ
1653 1190 1708 1225 ἔξω
1725 1192 1780 1227 τῆς
1799 1189 1870 1220 κατὰ

1056 1238 1109 1266 τῶν
1125 1237 1269 1277 ἀνθρώπων
1291 1236 1446 1270 δυναστείας
1470 1236 1627 1276 γενήσεται,
1643 1236 1693 1265 καὶ
1710 1236 1763 1265 οὐκ
1788 1235 1829 1265 ἔτι
1844 1235 1870 1263 ἐν

1057 1283 1160 1318 αὐτοῖς,
1178 1282 1224 1311 καὶ
1242 1283 1299 1316 ταῖς
1323 1283 1410 1311 αὐτῶν
1434 1282 1546 1322 ψυχαῖς,
1563 1281 1606 1310 καὶ
1627 1282 1666 1321 τῷ
1683 1283 1784 1320 θνητῷ
1811 1279 1868 1310 σώ-

1056 1339 1119 1365 ματι
1138 1326 1289 1366 βασιλεύσει
1304 1329 1338 1360 ὡς
1353 1327 1382 1356 τὸ
1405 1326 1548 1366 πρότερον,
1564 1325 1634 1355 ἀλλὰ
1653 1336 1669 1355 ι(
1684 1325 1798 1358 πάντας
1815 1322 1867 1364 ἐγὼ

1055 1371 1158 1401 ἑλκύσω
1174 1372 1238 1411 πρὸς
1253 1371 1381 1410 ἐμαυτὸν,
1398 1371 1442 1400 ἐὰν
1461 1373 1569 1412 ὑψωθῶ,
1598 1384 1611 1397 ι
1635 1370 1680 1399 ἐπὶ
1708 1373 1761 1400 τοῖῑ
1780 1381 1866 1399 σταυ-

1055 1419 1110 1456 ροῦ.
1138 1416 1240 1450 Πάντες
1261 1416 1372 1456 γὰρκαὶ
1395 1417 1418 1445 οἱ
1440 1415 1467 1450 ἐξ
1490 1417 1570 1445 ἐθνῶν
1592 1414 1657 1455 πρὸς
1681 1414 1735 1451 τὴν
1756 1416 1794 1448 εἷς
1819 1413 1866 1453 ἐμὲ

1054 1461 1143 1490 πίστιν
1161 1460 1380 1496 ἑλκυσθήσονται.
1424 1461 1503 1491 Ἐπεὶ
1518 1461 1569 1500 γὰρ
1585 1459 1661 1490 αὐτοὶ
1685 1461 1719 1489 οὖ
1737 1459 1864 1489 δύνανται

1053 1505 1118 1544 πρὸς
1132 1505 1178 1544 ἐμὲ
1202 1506 1305 1544 ἐλθεῖν,
1324 1508 1360 1539 ὥς
1375 1505 1426 1535 ὕπὸ
1441 1508 1487 1534 τοῦ
1508 1505 1636 1545 τυράννου
1660 1505 1862 1544 κατεχόμενοι⁸

1054 1549 1106 1589 ἐγὼ
1128 1550 1237 1586 νικήσας
1254 1550 1332 1580 αὐτὸν
1359 1550 1405 1579 καὶ
1421 1549 1543 1579 ἐκϐαλὼν
1565 1549 1629 1586 ἔξω,
1644 1550 1692 1579 καὶ
1721 1551 1773 1585 τῆς
1791 1547 1861 1578 κατὰ

1053 1596 1104 1623 τῶν
1130 1594 1275 1635 ἀνθρώπων
1299 1595 1453 1628 δυναστείας
1475 1596 1556 1624 αὐτοῦ
1580 1594 1614 1623 τὰ
1639 1597 1722 1634 νεῦρα
1749 1593 1858 1632 τεμὼν,

1054 1639 1158 1669 ἑλκύσω
1181 1639 1228 1668 καὶ
1255 1640 1364 1673 ἄκοντος
1390 1638 1503 1669 ἐκείνου.
1546 1637 1636 1679 ’Όπερ
1659 1640 1792 1679 ἀλλαχοῦ
1815 1637 1859 1667 καὶ

1054 1684 1180 1724 ἁρπαγὴν
1196 1683 1343 1723 ὠνόμασεν.
1386 1697 1398 1710 ι(
1414 1683 1509 1717 Οὐδεὶς
1523 1683 1587 1723 γὰρ,
1601 1683 1675 1723 φησι,
1693 1684 1810 1713 δύναται
1824 1682 1858 1712 τὰ

1055 1729 1136 1765 σκεύη
1162 1731 1209 1758 τοῦ
1241 1729 1350 1769 ἰσχυροῦ
1385 1728 1545 1769 διαρπάσαι,
1574 1727 1619 1757 ἐὰν
1647 1727 1685 1766 μὴ
1713 1729 1787 1767 δήσῃ
1818 1727 1860 1756 τὸν

1054 1774 1173 1815 ἰσχυρόν.
1199 1788 1210 1801 υ
1226 1791 1267 1797 --
1281 1788 1292 1800 ιι
1309 1774 1407 1813 Ἔλεγε
1423 1773 1450 1802 δὲ
1468 1786 1481 1799 πο
1498 1773 1544 1803 καὶ
1559 1772 1603 1810 τὸ,
1621 1787 1633 1799 σι
1649 1772 1720 1803 Ἐὰν
1745 1773 1858 1812 ὗψωθῶ,

1065 1819 1214 1857 τουτέστιν,
1241 1820 1280 1849 ὅτι
1305 1820 1487 1859 σταυρωθῆναι
1513 1818 1618 1858 μέλλεν
1641 1821 1720 1848 τοῦτο
1749 1816 1804 1857 γὰρ
1831 1816 1859 1845 τὸ

1091 1923 1104 1936 α
1119 1908 1264 1949 Ἀπεκρίθη
1281 1909 1353 1948 αὖτῷ
1368 1910 1382 1938 ὁ
1408 1909 1501 1948 ὄχλος·
1543 1908 1638 1947 Ἡμεῖς
1652 1907 1811 1944 ἠκούσαμεν
1827 1906 1855 1935 ἐκ

1051 1955 1096 1983 τοῦ
1122 1954 1218 1992 νόμου,
1244 1953 1285 1984 ὅτι
1306 1955 1320 1982 ὃ
1335 1953 1448 1993 Χριστὸς
1475 1953 1547 1992 μένει
1562 1955 1598 1986 εἷς
1619 1953 1663 1983 τὸν
1687 1954 1791 1982 αἰῶνα·
1805 1950 1851 1980 καὶ

1052 1999 1107 2031 πῶς
1122 1997 1153 2027 σὺ
1168 1998 1267 2037 λέγεις,
1284 1997 1325 2027 ὅτι
1340 1998 1380 2027 δεῖ
1393 1999 1531 2038 ὑψωθῆναι
1544 1997 1671 2035 τὸῃΥἷὸν
1686 1999 1734 2026 τοῦ
1751 1994 1852 2038 ἀνθρώ-

1053 2052 1121 2079 που;
1139 2042 1187 2076 Τίς
1208 2043 1280 2071 ἐστιν
1296 2038 1369 2076 οὗτος
1393 2044 1407 2072 ὁ
1430 2042 1494 2076 Υἱὸς
1518 2045 1564 2073 τοῦ
1589 2042 1748 2082 ἀνθρώπους
1769 2038 1851 2072 Εἶπεν

1053 2083 1097 2116 οὖν
1121 2087 1209 2121 αὐτοῖς
1235 2090 1249 2117 ὁ
1266 2087 1383 2124 Ἰησοῦς*
1411 2086 1475 2118 Ἔτι
1501 2087 1594 2127 μικρὸν
1619 2087 1713 2127 χρόνον
1739 2085 1772 2116 τὸ
1800 2085 1852 2125 φῶς

1053 2131 1112 2171 μεθ’
1125 2133 1199 2170 ὖμῶν
1216 2133 1281 2162 ἐστι.
1304 2133 1480 2172 Περιπατεῑτε
1507 2131 1555 2166 ἕως
1570 2133 1600 2161 τὸ
1624 2134 1678 2172 φῶς
1696 2131 1789 2172 ἔχετε,
1809 2128 1850 2158 ἵνα

1054 2176 1091 2215 μὴ
1116 2177 1208 2207 σκοτία
1228 2179 1297 2216 ὑμᾶς
1324 2177 1479 2217 καταλάϐῃ.
1523 2176 1557 2207 Ὁ
1582 2178 1738 2217 περιπατῶν
1766 2176 1792 2205 ἐν

1054 2221 1166 2262 σκοτίᾳ,
1182 2223 1230 2252 οὐκ
1246 2217 1299 2252 οἶδε
1316 2225 1366 2252 ποῦ
1391 2222 1497 2260 ὑπάγει.
1540 2221 1614 2256 "Em;
1636 2221 1666 2250 τὸ
1681 2223 1736 2261 φῶς
1755 2219 1846 2260 ἔχετε,

1053 2266 1191 2297 πιστεύετε
1219 2267 1253 2300 εἷς
1274 2266 1304 2296 τὸ
1330 2270 1394 2307 φῶς,
1417 2266 1462 2296 ἵνα
1486 2266 1538 2296 υἱοὶ
1568 2266 1654 2307 φωτὸς
1682 2265 1806 2305 γένησθε.
1836 2274 1848 2289 ι

1054 2312 1212 2350 Νομίζοντες
1238 2312 1354 2352 ἐλέγιειν
1375 2311 1420 2342 τὸν
1449 2311 1565 2351 Κύριον,
1585 2311 1631 2341 καὶ
1647 2308 1844 2348 ἐπιστομίζειν,

1053 2357 1088 2389 ὡς
1111 2357 1158 2386 οὐκ
1173 2356 1303 2395 ἀληθινὸν
1327 2356 1390 2386 ὄντα
1413 2356 1546 2397 Χριστὸν,
1572 2356 1670 2397 φασίν·
1699 2356 1734 2386 Ei
1761 2355 1774 2384 ὁ
1800 2352 1845 2392 μὲν

1053 2401 1167 2441 Χριστὸς
1184 2402 1313 2435 ἀθάνατός
1329 2404 1404 2438 ἔστι,
1429 2401 1460 2431 σὺ
1477 2401 1504 2431 δὲ
1530 2400 1614 2441 λέγεις
1637 2400 1698 2441 περὶ
1721 2399 1845 2433 σεαυτοῦ,

1053 2445 1093 2476 ὅτι
1118 2447 1222 2484 μέλλεις
1246 2446 1439 2484 ἀποθνήσκειν,
1467 2448 1524 2480 πῶς
1545 2446 1595 2486 ἄρα
1621 2458 1650 2475 σε
1670 2444 1843 2486 πιστεύσομεν

1052 2486 1118 2521 εἶναι
1132 2491 1176 2521 τὸν
1192 2491 1326 2532 Χριστόν;
1345 2493 1432 2521 Τοῦτο
1456 2491 1484 2521 δὲ
1504 2485 1656 2532 κακούργως
1672 2490 1772 2529 ἔλεγον,
1793 2485 1844 2518 Καὶ

1051 2536 1102 2577 γὰρ
1119 2539 1135 2572 ἡ
1153 2536 1264 2577 Γραφὴ,
1291 2536 1323 2572 ἣν
1341 2536 1420 2575 νόμον
1448 2536 1636 2575 ὀνομάζουσιν,
1652 2537 1682 2566 οὗ
1708 2534 1784 2575 μόνον
1797 2533 1841 2577 τῆς

1053 2581 1237 2619 ἀναστάσεως,
1254 2581 1323 2610 ἀλλὰ
1343 2580 1389 2611 καὶ
1404 2584 1449 2610 τοῦ
1463 2581 1564 2615 πάθους
1580 2580 1748 2620 μνημονεύει.
1791 2575 1841 2607 Καὶ

1051 2624 1104 2665 γὰρ
1126 2624 1242 2659 Ἱὶσαίας
1268 2626 1405 2666 ἀμφότερα
1430 2626 1533 2662 τίθησι·
1562 2626 1592 2656 τὸ
1618 2619 1665 2664 μὲν
1697 2624 1778 2657 πάθος
1798 2619 1840 2652 καὶ

1052 2670 1095 2700 τὸν
1110 2670 1238 2707 θάνατον,
1256 2669 1324 2700 οὕτω
1340 2671 1438 2709 λέγων·
1456 2685 1467 2697 ι
1485 2671 1536 2705 cﬁt;
1561 2670 1695 2711 πρόϐατον
1710 2669 1754 2700 ἐπὶ
1775 2677 1840 2706 σφα-

1052 2714 1101 2754 γὴν
1114 2715 1184 2754 ἤχθη
1195 2727 1202 2734 ’
1218 2728 1230 2742 ν
1246 2715 1293 2752 τὴν
1308 2715 1335 2745 δὲ
1347 2716 1492 2746 ἀνάστασιν
1501 2737 1510 2751 ,
1526 2716 1552 2745 ἐν
1565 2717 1603 2756 τῷ
1614 2716 1706 2746 εἰπεῖν’
1719 2725 1735 2743 ι
1749 2712 1838 2752 Κύριος
