1922 3077
60 162 114 189 133

452 151 648 189 εκΑιιιιΑτιο
667 161 700 188 IN
719 159 862 188 EVANGEI

916 160 936 188 Η
953 160 1102 189 JOANNIS.
1121 174 1157 181 —
1175 160 1252 189 CAP.
1270 161 1324 189 ΧΠ.

1662 161 1713 189 134

58 223 187 263 βούλεται
202 222 349 263 καθαρίσαι
361 222 440 253 αὐτὸν
456 223 509 252 ἀπὸ
521 225 568 259 τῆς
583 224 688 262 πληγῆς
697 247 706 261 ,
719 223 765 252 καὶ
777 223 858 258 δεῖξαι

916 227 1088 256 ostendereei
1097 227 1200 255 lumen.
1214 239 1226 252 1
1237 227 1324 255 David
1331 234 1442 263 quoque
1453 231 1480 255 et
1490 227 1587 256 mortis
1593 231 1714 256 etresur-

56 268 140 297 αὐτὸν
166 269 233 308 φῶς.
253 281 266 293 ι·
295 267 348 297 Καὶ
373 269 388 297 6
413 265 498 298 Δανῒδ
519 271 567 298 τοῦ
590 268 703 298 θανάτου
732 268 788 307 ἅμα
815 268 861 298 χαὶ

55 314 108 348 τῆς
123 311 295 345 ἀναστάσεως
310 312 458 350 μέμνηται.
475 326 488 340 ιι
505 314 565 342 Οὐχ
582 313 783 354 ἐγκαταλείψεις
798 312 860 354 γὰρ,

56 358 136 398 φησὶ,
159 356 207 393 τὴν
222 356 312 397 ψυχήν
327 369 378 395 μου
393 359 429 390 εἷς
452 357 528 398 ᾅδην.
544 372 556 383 ιι
581 358 636 387 Καὶ
658 359 673 387 ὁ
694 358 861 398 πατριάρχης

56 403 102 438 δὲ,
125 402 241 441 εὐλογῶν
264 401 310 430 τὸν
329 401 432 431 Ἰούδαν
445 424 453 436 ,
474 402 537 442 περὶ
553 403 672 442 Χριστοῦ
687 403 861 443 προφητεύει·

62 458 79 476 ιι
97 446 254 478 Ἄναπεσὼν
282 446 413 485 ἐκοιμήθη
438 447 474 480 ὣς
498 447 576 482 λέων,
597 448 643 476 καὶ
671 450 706 480 ὡς
729 447 860 485 σκύμνος·

56 492 99 526 τίς
118 493 206 532 ἐγερεῖ
223 491 320 527 αὖτόν;
338 505 350 517 ι
363 489 450 521 Ὥστε
474 492 629 531 ἀρνούμενοι
651 491 682 522 τὸ
697 492 796 529 πάθος,
815 492 861 521 καὶ

55 536 107 573 τὴν
134 536 284 566 ἀθανασίαν
306 539 571 576 προσμαρτυροῦντες
594 539 633 576 τῷ
660 538 781 576 Χριστῷ,
810 549 861 566 χα-

55 581 167 621 κούργῳ
189 580 286 620 γνώμῃ
307 582 384 610 τοῦτο
409 581 526 612 ἐποίουν.
571 595 582 607 ι
610 581 703 619 Ἡμεῖς
730 582 862 620 ἐμάθομιν

56 628 90 656 ἐχ
105 628 154 656 τοῦ
172 625 270 663 νόμου,
288 638 300 651 ι
320 625 456 662 τουτέστι,
472 627 518 661 τῆς
540 627 648 666 Γραφῆς
674 626 795 665 (λέγεται
810 627 862 666 γὰρ

55 675 135 701 πᾶσα
151 673 168 707 ἡ
185 670 281 711 Γραφὴ
293 692 302 708 ,
317 671 351 703 ὡς
370 670 502 704 πολλάκις
515 671 625 709 εἴπομεν
637 695 644 707 ,
667 670 777 710 νόμος),
795 685 806 696 ε
822 671 862 700 ὅτι

56 718 72 746 6
98 715 217 756 Χριστὸς
247 714 319 753 μένει
349 715 385 749 εἷς
408 715 454 745 τὸν
479 716 574 746 αἰῶνα,
593 728 609 744 ι
637 716 756 749 Εἰκότως
785 719 863 745 τοῦτο

57 761 189 798 ἐμάθετε·
205 773 217 787 ι
235 759 318 790 Μένει
334 758 384 800 γὰρ
399 761 436 794 εἷς
457 760 501 790 τὸν
515 761 610 799 αἰιῖινα,
636 773 651 788 υ
674 760 720 790 χαὶ
737 763 772 794 ὡς
794 760 863 794 Θεὸς

57 806 135 845 μένει
153 806 199 835 χαὶ
218 803 286 842 μετὰ
309 803 356 840 τὴν
382 805 545 835 ἀνάστασιν·
570 805 600 834 τὸ
624 805 650 835 δὲ
674 806 756 839 πάθος
781 806 861 835 αὐτοῦ

55 853 106 880 οὒκ
122 849 237 889 ἐμάθετε
247 871 255 886 ,
272 848 317 878 καὶ
332 850 405 886 πῶς,
419 851 470 879 τῶν
487 851 573 880 αὐτῶν
591 851 703 890 Γραῖιῶν
714 873 722 887 ,
736 852 771 885 ὡς
794 850 859 880 ἐδεί-

56 895 161 935 ξαμεν,
179 894 318 935 ἀμφότερα
344 896 409 932 ὁμοῦ
438 895 637 931 διδασχουσῶν,
667 908 678 922 ε
709 896 772 929 Πῶς
793 891 859 932 οὖν,

55 940 143 981 φασὶ,
161 939 194 970 σὺ
216 939 319 977 λέγεις,
343 938 383 968 ὅτι
408 939 447 968 δεῖ
465 941 603 980 ὑψωθῆναι
618 939 660 969 τὸν
677 940 740 970 ne»
752 943 799 970 τοῦ
814 941 858 969 ἆν-

55 985 181 1024 θρώπου;
208 998 220 1010 ι
235 983 338 1024 Ὁρᾷς,
363 983 404 1014 ὅτι
419 984 531 1014 καὶτῶν
556 985 757 1023 αἰνιγματωδῶς
780 987 859 1024 λεγο-

56 1030 150 1068 μένων
176 1028 252 1068 παρὰ
273 1028 371 1068 Κυρίου
396 1029 484 1058 πολλὰ
508 1029 612 1065 ἐνόουν,
636 1029 726 1069 ὥσπερ
747 1024 791 1059 οὖν
813 1030 858 1059 καὶ

55 1075 89 1104 τὸ
105 1089 116 1101 ι
134 1076 273 1115 ὑψωθῆναι
289 1087 302 1099 ι
319 1073 430 1115 ἐνόησαν
443 1096 452 1110 ,
467 1074 508 1103 δτι
519 1074 636 1113 περὶτοῦ
652 1077 766 1114 σταυροῦ
778 1074 858 1113 λέγει·

56 1119 145 1153 οὕτως
159 1114 213 1158 ἄρα
224 1117 312 1148 πολλὰ
335 1119 382 1156 μὲν
395 1114 441 1147 οὖν
455 1118 542 1148 ἐνόουν
554 1141 562 1154 ,
579 1120 795 1152 ἐθελοχαχοῧντες
818 1120 858 1159 δὲ,

58 1165 172 1204 ἄγνοιαν
188 1162 396 1204 προεϐάλλοντο.
415 1163 516 1193 Σκόπει
533 1163 560 1192 δὶ
575 1164 621 1192 καὶ
636 1164 661 1192 τί
681 1175 754 1204 ςσασιε
771 1177 783 1190 ι
798 1165 860 1197 Πῶς

57 1209 92 1239 σὺ
112 1209 198 1248 λέγεις
213 1208 254 1238 ὅτι
274 1208 312 1238 δεῖ
328 1209 464 1248 ὑψωθῆναι
485 1207 530 1238 τὸν
546 1208 611 1238 Υἶὸν
631 1210 677 1237 τοῦ
703 1207 860 1248 civem-31:00;

56 1254 99 1288 τίς
114 1255 187 1284 ἐστιν
203 1248 278 1286 οὗτος
291 1254 305 1282 6
322 1253 386 1286 Υἱὸς
400 1255 446 1282 τοῦ
471 1252 630 1293 ἅνθρὼπου;
652 1264 667 1282 υ
688 1253 860 1292 Κακουργίας

57 1299 114 1339 γὰρ
144 1298 239 1336 μεστὸς
262 1299 277 1326 6
303 1297 380 1336 λόγος
407 1298 510 1334 αὐτῶν,
537 1298 635 1328 ὡσανεὶ
661 1301 736 1328 τοῦτο
771 1299 861 1337 λεγόν-

56 1356 114 1373 των
129 1343 212 1383 (31)·
241 1342 310 1373 Οὐδὲ
333 1341 442 1380 οἴδαμιν
458 1342 519 1382 περὶ
542 1343 611 1376 τίνος
629 1342 733 1382 λέγεις,
762 1342 807 1372 καὶ
823 1342 860 1377 τίς

58 1390 134 1418 ἔστιν
161 1390 175 1418 6
191 1387 254 1421 Υἱὸς
277 1389 324 1416 τοῦ
354 1387 511 1426 ἀνθρώπου·
539 1387 585 1417 καὶ
612 1387 683 1425 ὅμως
709 1387 861 1427 ἀποφαινό-

59 1436 132 1472 μεθα
147 1432 196 1468 τὴν
223 1431 349 1468 ἀλήθειαν
362 1453 370 1468 ,
393 1431 433 1461 ὅτι
458 1433 472 1462 6
490 1432 595 1469 μέλλων
615 1433 766 1472 ὑψωθῆναι,
790 1432 861 1466 ὅστις

60 1479 96 1507 ἂν
124 1477 170 1507 καὶ
187 1477 240 1515 εἴη,
272 1477 321 1506 οὖκ
345 1475 416 1506 ἔστιν
445 1478 458 1506 6
484 1476 616 1517 Χριστός·
640 1478 697 1510 πῶς
722 1476 785 1517 γὰρ,
811 1479 863 1507 τῶν

915 272 1047 301 rectionis
1057 273 1227 301 mentionem
1246 271 1355 300 facit":
1374 283 1386 295 οι
1401 273 1464 299 Non
1474 272 1655 308 derelinques,
1669 273 1714 300 in-

915 318 984 354 quit,
1010 318 1132 345 animam
1155 325 1247 345 meam
1274 317 1303 345 in
1327 315 1446 344 inferno.
1473 328 1485 341 -
1502 317 1537 344 Et
1562 317 1713 352 patriarcha

916 370 1024 399 quoque
1032 362 1196 390 benedicens
1204 364 1219 390 J
1222 361 1318 395 udam,
1329 361 1363 389 de
1375 361 1485 389 Christo
1496 360 1667 397 prophetizat
1675 361 1712 388 "2

916 419 928 431 ι
946 408 1132 443 Requiescens
1146 406 1278 435 dormivit
1293 411 1322 434 ut
1338 406 1390 438 leo,
1405 410 1432 434 et
1452 406 1523 434 sicut
1538 406 1643 434 catulus
1656 406 1716 434 leo-

915 452 959 480 nis
977 452 1085 488 679:
1112 452 1174 488 quis
1192 451 1323 479 excitabit
1349 453 1434 479 eum?
1460 462 1472 474 ιι
1493 452 1583 486 Atque
1607 450 1642 478 ita
1669 451 1716 486 qui

915 496 960 524 hic
975 497 1116 532 negabant
1131 495 1296 532 passionem,
1311 500 1338 523 et
1355 495 1594 523 immortalitatem
1607 495 1716 524 Christo

915 541 1086 575 tribuebant,
1108 541 1229 576 maligna
1249 540 1275 569 id
1292 544 1384 568 mente
1399 539 1548 568 faciebant.
1566 551 1579 564 ι
1600 540 1657 567 Nos
1671 539 1716 568 di-

915 585 1034 614 dicimus
1068 594 1100 614 ex
1138 586 1207 622 lege,
1235 597 1247 610 »
1276 584 1329 613 hoc
1358 589 1399 613 est
1431 585 1571 621 Scriptura
1605 583 1717 619 (dicitur

915 630 989 658 enim
1001 630 1093 658 omnis
1103 631 1253 666 Scriptura,
1265 634 1296 658 ut
1307 637 1380 666 saepe
1391 629 1522 665 diximus,
1538 630 1600 662 lex),
1614 641 1628 654 ι
1642 629 1716 666 quod

915 675 1040 704 Chirstus
1063 679 1158 703 manet
1180 676 1208 703 in
1231 678 1380 703 aeternum.
1409 686 1421 699 ι
1447 674 1548 702 Merito
1574 674 1626 702 hoc
1644 674 1716 702 didi-

915 720 991 748 cistis
1005 729 1012 748 :
1024 732 1036 744 ι
1051 721 1144 748 Manet
1152 720 1226 748 enim
1236 720 1262 747 in
1271 724 1415 754 aeternum,
1431 731 1444 743 ιν
1457 724 1484 747 et
1496 724 1528 747 ut
1538 721 1612 747 Deus
1622 723 1717 748 manet

914 765 995 792 etiam
1023 769 1083 800 post
1106 765 1353 798 resurrectionem;
1377 765 1533 800 passionem
1547 768 1642 792 autem
1657 765 1716 800 ejus

914 817 970 837 non
985 809 1130 838 didicistis.
1144 811 1178 838 Et
1191 809 1345 846 quomodo,
1359 817 1423 837 cum
1439 809 1542 837 eaedem
1555 809 1715 845 Scriptura),

914 858 945 882 ut
960 854 1141 888 ostendimus,
1160 858 1277 890 utraque
1288 854 1422 882 doceant?
1436 865 1449 878 α
1461 853 1608 888 Quomodo
1621 854 1714 890 igitur,

914 899 1018 934 dicunt,
1039 903 1069 927 tu
1091 899 1159 927 dicis
1181 898 1256 935 quod
1270 903 1397 934 oporteat
1421 899 1534 927 exaltari
1549 899 1649 926 Filium
1664 898 1716 927 ho-

915 945 1017 972 minis?
1034 956 1046 968 -
1060 944 1142 972 Vides
1155 943 1231 980 quod
1241 943 1328 971 multa
1343 947 1371 971 et
1384 951 1481 972 eorum
1495 951 1557 979 qua:
1567 952 1583 971 a
1594 943 1714 972 Domino

913 989 1032 1017 obscure
1055 988 1231 1022 dicebantur,
1257 987 1454 1024 intelligebant,
1481 988 1716 1024 quemadmodum

913 1038 941 1061 et
957 1045 969 1058 ι
993 1033 1107 1062 exaltari
1129 1045 1141 1058 ι
1166 1033 1355 1067 intelligebant
1377 1033 1411 1061 de
1438 1041 1518 1061 cruce
1537 1032 1602 1061 dici.
1630 1033 1717 1070 Igitur

914 1079 1000 1106 multa
1020 1077 1132 1114 quidem
1153 1078 1192 1106 sic
1206 1077 1402 1114 intelligebant,
1416 1077 1463 1106 sed
1483 1077 1636 1106 voluntaria
1657 1085 1717 1106 ma-

914 1123 970 1150 litia
988 1123 1170 1159 ignorantiam
1187 1123 1381 1158 prmtexebant.
1398 1122 1549 1151 Considera
1562 1122 1673 1158 insuper
1689 1127 1718 1151 ct

914 1168 978 1204 quid
987 1168 1095 1195 dicant:
1111 1179 1124 1192 ι
1138 1167 1285 1202 Quomodo
1297 1171 1326 1195 tu
1338 1167 1406 1196 dicis
1419 1167 1628 1204 quodoporteat
1640 1167 1716 1195 exal-

915 1212 968 1240 tari
991 1213 1092 1240 Filium
1111 1212 1247 1240 hominis?
1261 1212 1329 1247 Quis
1343 1216 1386 1240 est
1410 1212 1456 1240 hic
1471 1212 1554 1241 Filius
1574 1211 1716 1240 hominis?

915 1257 1020 1285 Malitia
1035 1257 1109 1285 enim
1122 1257 1217 1292 plenus
1231 1262 1273 1285 est
1286 1265 1377 1285 sermo
1392 1257 1513 1291 illorum,
1527 1257 1602 1293 quasi
1620 1257 1656 1284 ita
1670 1257 1715 1286 di-

915 1303 1036 1330 centium
1061 1311 1068 1330 :
1092 1303 1162 1330 Ecce
1183 1302 1256 1330 enim
1280 1310 1369 1338 neque
1387 1302 1491 1330 scimus
1507 1302 1542 1330 de
1557 1310 1613 1338 quo
1627 1302 1713 1335 dicas,

915 1352 943 1375 et
960 1347 1022 1383 quis
1046 1347 1083 1375 sit
1101 1347 1186 1375 Filius
1209 1346 1344 1381 hominis;
1356 1351 1477 1374 attamen
1489 1346 1660 1374 alﬁrmamus
1670 1354 1715 1375 ve-

915 1393 1036 1425 ritatem,
1058 1392 1132 1427 quod
1153 1391 1277 1428 quisquis
1300 1391 1346 1420 ille
1360 1395 1402 1420 est
1422 1391 1595 1425 exaltandus,
1621 1392 1644 1419 is
1658 1399 1715 1420 non

917 1437 954 1465 sit
975 1437 1110 1465 Christus.
1141 1435 1289 1473 Quomodo
1310 1437 1394 1468 enim,
1417 1444 1481 1464 cum
1504 1437 1652 1472 Scriptura:
1673 1436 1716 1464 di-

917 1486 982 1510 cant
1003 1481 1142 1510 Christum
1164 1481 1349 1509 immortalem
1373 1483 1449 1510 esse?
1469 1480 1542 1516 Quid
1563 1481 1644 1517 igitur
1659 1481 1716 1509 Do-

58 1524 180 1563 Γραφῶν
202 1523 338 1561 λεγουσῶν
353 1521 398 1551 τὸν
421 1522 536 1562 Χριστὸν
567 1522 697 1551 ἀθάνατον
723 1518 809 1558 sim;
827 1522 862 1552 Τί

918 1527 1008 1555 minus
1035 1529 1077 1555 1"?
1098 1526 1216 1554 Obturat
1238 1526 1349 1554 illorum
1368 1533 1427 1560 ora,
1447 1530 1475 1554 et
1501 1526 1621 1554 ostendit
1643 1526 1717 1562 quod

58 1564 106 1598 οὖν
122 1568 137 1597 6
161 1567 279 1607 Κύριος;
302 1566 501 1606 Ἐπιστομίζων
517 1566 610 1601 αὐτοὺς
621 1590 629 1604 ,
643 1566 690 1596 καὶ
706 1567 806 1601 δεικνὺς
821 1567 861 1596 ὅτι

59 1613 92 1643 τὸ
115 1612 200 1645 πάθος
215 1611 289 1641 οὖδὲν
307 1611 404 1641 κωλύει
427 1611 492 1652 πρὸς
518 1612 548 1641 τὸ
563 1611 650 1650 μένειν
665 1612 741 1642 αὐτὸν
767 1613 803 1646 εἰς
817 1612 861 1641 τὸν

60 1658 160 1693 αἰῶνα,
178 1667 194 1686 ιι
205 1655 270 1687 Ἐτι
281 1656 374 1697 μικρὸν
385 1655 479 1696 χρόνον
493 1656 524 1686 τὸ
542 1658 595 1697 φῶς
609 1658 665 1694 μεθ’
679 1659 753 1696 ὑμῶν
765 1658 833 1693 ἐστι,
849 1671 861 1683 σι

61 1702 130 1742 φησί
141 1713 149 1721 ·
171 1703 228 1742 φῶς
242 1701 294 1741 γὰρ
309 1701 447 1740 ὠνόμασεν
463 1701 568 1732 ἑαυτόν.
583 1700 690 1743 Ὠσπερ
703 1698 747 1731 οὖν
766 1702 797 1732 τὸ
809 1703 862 1742 φῶς

59 1747 92 1776 τὸ
106 1746 221 1782 ἡλιακὸν
239 1747 285 1775 οὐχ
298 1747 445 1786 ἀναιρεῖται
459 1745 548 1782 πάντη
558 1768 566 1782 ,
591 1747 661 1775 ἀλλὰ
686 1746 763 1776 δύνον
779 1747 862 1776 πάλιν

62 1791 221 1821 ἀνατέλλει·
250 1790 320 1820 οὕτω
348 1790 395 1820 καὶ
421 1791 436 1820 6
461 1789 524 1828 ἐμὸς
551 1790 662 1824 θάνατος
681 1792 710 1820 οὖ
736 1791 862 1831 διαφθορᾶ

61 1837 157 1873 ἔστιν,
183 1834 254 1865 ἀλλὰ
271 1833 345 1869 δόσις
365 1835 411 1866 καὶ
430 1835 611 1874 μετάστασις,
627 1837 673 1864 χαὶ
692 1835 773 1865 πάλιν
797 1836 862 1865 ἀνα-

60 1882 134 1911 τελῶ
156 1879 201 1910 διὰ
220 1881 267 1916 τῆς
291 1881 473 1914 ἀναστάσεως.
490 1879 578 1910 Ὧστι
600 1880 657 1910 ἐπεὶ
679 1880 751 1910 οὐδὲν
766 1879 864 1910 κωλύει

60 1926 93 1955 τὸ
121 1924 205 1958 πάθος
225 1925 291 1965 πρὸς
314 1924 346 1954 τὸ
375 1923 459 1956 ἀΐδιον
482 1920 550 1955 εἷναί
575 1936 626 1963 με,
653 1926 681 1954 αἱ
705 1925 733 1955 δὲ
759 1925 864 1966 Γραφαὶ

62 1972 232 2011 μαρτυροῦσι
245 1970 306 2010 περὶ
328 1972 375 2000 τοῦ
402 1971 530 2010 Χριστοῦ,
552 1971 588 2004 ὣς
610 1968 692 2004 ἂΐδιός
713 1971 792 2000 ἐστιν·
812 1970 865 2008 ἐγὼ

62 2017 116 2056 ἆρα
132 2016 190 2053 εἰμὶ
205 2016 219 2044 6
241 2014 368 2054 Χριστὸς,
392 2015 441 2045 κᾶν
466 2015 494 2044 τὸ
509 2015 590 2048 πάθος
606 2016 729 2045 ὑποστῶ·
745 2017 799 2055 φῶς
813 2016 864 2056 γάρ

62 2062 136 2100 εἰμι·
153 2059 204 2089 κᾶν
226 2059 309 2096 δύνω,
330 2059 411 2089 πάλιν
437 2060 570 2090 ἀνατιλῶ.
588 2073 600 2087 ι
627 2060 721 2098 ’Υμιῖς
746 2056 790 2090 οἷν
813 2072 865 2090 πε·-

64 2110 219 2146 ριπατείτι,
244 2105 293 2138 ἕως
314 2103 344 2133 τὸ
370 2106 425 2144 φῶς
440 2105 531 2145 ἔχετε·
557 2119 568 2132 1
594 2105 731 2142 motion;
752 2105 866 2135 Πιστεύ-

63 2162 131 2180 σατε
160 2151 198 2183 εἰς
219 2148 278 2186 ἐμέ.
299 2150 381 2179 Ποῖον
406 2149 433 2178 δὲ
460 2149 552 2190 καιρὸν
570 2150 684 2179 ἐνταῦθά
708 2161 788 2190 φησι,
811 2150 865 2180 Τὸν

917 1572 1008 1608 passio
1035 1579 1090 1600 non
1105 1571 1230 1607 prohibet
1243 1571 1309 1607 quin
1333 1571 1391 1607 ipse
1415 1582 1428 1595 ι
1450 1575 1561 1599 maneat
1580 1571 1607 1598 in
1639 1575 1718 1599 teter-

915 1625 983 1645 num
998 1616 1029 1644 ³¹.
1047 1628 1059 1641 ι
1077 1631 1110 1636 -
1127 1627 1140 1640 σι
1156 1616 1257 1644 Adhuc
1270 1616 1304 1644 ad
1324 1616 1406 1644 breve
1423 1619 1542 1652 tempus,
1559 1615 1658 1652 inquit,
1671 1615 1717 1643 lux

915 1661 1071 1690 vobiscum.
1086 1673 1099 1686 σι
1114 1662 1219 1689 Lucem
1230 1661 1304 1689 enim
1319 1661 1471 1689 nominavit
1485 1661 1615 1696 seipsum.
1633 1660 1719 1696 Igitur

915 1706 986 1735 sicut
1008 1706 1054 1734 lux
1084 1706 1182 1734 solaris
1201 1713 1258 1734 non
1280 1705 1394 1734 omnino
1426 1705 1559 1739 aufertur,
1583 1705 1632 1733 sed
1653 1713 1718 1733 cum

917 1751 1056 1785 occiderit,
1073 1751 1174 1779 iterum
1193 1750 1326 1784 exoritur,
1349 1751 1387 1778 ita
1402 1754 1431 1778 et
1446 1758 1506 1778 mea
1521 1758 1596 1778 mors
1607 1757 1665 1778 non
1677 1754 1720 1778 est

916 1795 1069 1831 corruptio,
1103 1795 1152 1824 sed
1191 1803 1306 1823 occasus
1329 1799 1356 1823 et
1375 1795 1529 1828 translatio,
1551 1799 1579 1823 et
1617 1794 1718 1823 iterum

917 1841 1027 1869 exorior
1054 1848 1102 1876 per
1120 1839 1351 1868 resurrectionem
1375 1843 1481 1875 :atque
1506 1839 1543 1867 ita
1566 1847 1632 1867 cum
1651 1839 1717 1867 nihil

917 1885 1044 1922 prohibet
1055 1885 1145 1921 passio
1156 1884 1224 1920 quin
1237 1889 1359 1912 aeternus
1382 1884 1448 1918 sim,
1462 1884 1610 1918 Scriptura:
1625 1888 1720 1912 autem

918 1934 1053 1958 testantur
1072 1929 1106 1958 de
1127 1929 1236 1958 Christo
1257 1929 1332 1965 quod
1353 1933 1474 1957 azternus
1494 1929 1540 1961 sit,
1563 1935 1614 1963 ego
1637 1928 1720 1964 igitur

918 1983 982 2004 sum
1010 1974 1146 2009 Christus,
1170 1973 1278 2002 etiamsi
1300 1973 1455 2010 passionem
1477 1973 1642 2001 sustinuero.
1658 1973 1718 2001 Lux

920 2020 994 2048 enim
1017 2028 1092 2053 sum,
1115 2023 1142 2048 et
1165 2019 1188 2047 si
1210 2019 1347 2052 occidero,
1368 2018 1468 2046 iterum
1484 2017 1608 2052 exoriar;
1632 2029 1646 2042 ι
1670 2025 1720 2046 vos

920 2065 1001 2101 igitur
1024 2064 1163 2093 ambulate
1186 2063 1307 2100 quandiu
1323 2063 1411 2091 lucem
1427 2062 1545 2096 habetis,
1567 2074 1580 2087 ι
1596 2062 1648 2090 hoc
1666 2066 1718 2097 est,

920 2109 1028 2138 Credite
1044 2110 1071 2137 in
1088 2117 1142 2137 me.
1161 2108 1247 2144 Quale
1262 2112 1354 2136 autem
1372 2112 1482 2144 tempus
1493 2107 1546 2136 hoc
1558 2107 1618 2136 loco
1633 2107 1719 2135 dicit?

919 2163 987 2183 num
1007 2154 1060 2182 hoc
1073 2153 1148 2190 quod
1162 2157 1236 2187 ante,
1261 2153 1300 2181 vel
1323 2157 1385 2190 post
1402 2155 1526 2182 crucem?
1544 2154 1719 2188 Utrumque;

64 2195 116 2234 πρὸ
130 2197 178 2224 τοῦ
194 2196 309 2234 σταυροῦ
321 2215 330 2232 ,
347 2193 364 2230 ἢ
382 2194 427 2224 τὸν
445 2194 513 2233 μετὰ
537 2194 582 2224 τὸν
603 2194 732 2235 σταυρὸν,
748 2195 765 2231 ἢ
781 2196 862 2235 ἆμφο·

924 2211 936 2223 α
950 2199 1098 2228 Ambulate
1108 2210 1119 2222 ν
1129 2198 1216 2232 enim,
1229 2198 1327 2234 inquit,
1339 2201 1367 2226 et
1377 2197 1479 2226 credite
1487 2198 1513 2225 iu
1529 2205 1585 2232 me,
1594 2201 1622 2225 et
1634 2197 1721 2233 prius-

64 2239 168 2279 τέρους.
188 2249 201 2267 ιι
215 2239 406 2279 Περιπατεῐτε,
418 2249 432 2268 ι)
449 2239 513 2280 γὰρ,
526 2239 605 2280 φησὶ,
620 2240 666 2268 καὶ
680 2239 818 2270 πῖστεύετι
829 2241 865 2274 εἷς

66 2284 130 2322 ἐμὲ,
156 2283 204 2313 καὶ
220 2284 283 2324 πρὶν
305 2283 322 2319 ἢ
346 2286 505 2324 σταυρωθῶ,
527 2284 574 2314 καὶ
589 2285 657 2323 μετὰ
678 2284 722 2314 τὸν
737 2285 862 2325 σταυρόν.

65 2330 155 2359 Τοῦτο
180 2328 233 2369 γὰρ
266 2330 343 2365 δηλοὶ
365 2330 392 2359 ἐν
419 2330 458 2369 τῷ
487 2328 588 2368 λέγειν,
615 2340 631 2358 ιι
653 2328 728 2363 Ἕως
750 2329 781 2359 τὸ
811 2330 866 2370 φῶς

66 2374 160 2413 ἔχετε·
173 2385 188 2404 n
207 2373 356 2410 τουτέστιν,
375 2372 451 2407 Ἕως
473 2374 583 2404 δύνασθε
600 2375 636 2408 εἰς
652 2374 700 2412 ἐμὲ
714 2374 864 2404 πιστεύειν·

66 2418 180 2448 δύνασθε
205 2418 233 2448 δὲ
256 2419 303 2448 καὶ
318 2418 370 2459 πρὸ
395 2420 442 2448 τοῦ
468 2421 603 2459 σταυροῦ,
630 2419 677 2448 καὶ
694 2419 762 2458 μετὰ
781 2422 866 2449 ταῦτα

66 2465 209 2493 πιστεῦσαι
229 2465 266 2497 εἷς
284 2463 346 2502 ἐμὲ,
361 2462 388 2497 ὃς
403 2464 457 2504 ειμι
473 2466 537 2504 φῶς.
559 2474 575 2494 ιι
590 2463 624 2494 Ὁ
645 2463 672 2493 δὲ
689 2466 843 2504 περιπατῶν
855 2479 866 2491 υ

67 2509 94 2538 ἐν
163 2508 277 2549 ἀπιστία
287 2529 296 2545 ,
315 2519 330 2538 (ι
341 2509 390 2538 οὐχ
403 2502 457 2538 οἶδε
473 2502 525 2538 ποῦ
541 2509 648 2547 ὑπάγει.
664 2519 679 2538 ι)
726 2502 804 2539 Πόσα
817 2509 867 2550 γὰρ

66 2553 230 2584 οῐΊονδαῑοι
243 2556 290 2583 νῦν
306 2553 474 2595 πράττουσι,
494 2553 541 2584 καὶ
568 2554 616 2584 οὐχ
635 2553 710 2584 ἴσασι
731 2554 758 2584 τί
781 2555 866 2594 πράτ-

919 2252 1001 2281 quam
1011 2243 1163 2279 cruciﬁgar,
1179 2247 1207 2270 et
1221 2247 1283 2279 post
1292 2250 1413 2271 crucem.
1428 2244 1489 2271 Hoc
1499 2243 1576 2270 enim
1587 2242 1722 2278 signiﬁcat

919 2289 1034 2318 dicendo
1049 2299 1055 2316 :
1069 2300 1081 2313 ι
1093 2288 1222 2324 Quandiu
1233 2288 1322 2316 lucem
1333 2287 1448 2321 habetis,
1462 2299 1474 2311 ι»
1486 2287 1539 2315 hoc
1547 2291 1587 2315 est
1593 2286 1721 2322 Quandiu

920 2334 1032 2371 potestis
1063 2334 1091 2361 in
1122 2341 1167 2361 me
1202 2332 1326 2361 credere.
1350 2332 1466 2360 Potestis
1486 2336 1579 2360 autem
1605 2336 1633 2360 et
1657 2336 1723 2360 ante

919 2387 1029 2408 crucem
1039 2382 1067 2406 et
1077 2382 1169 2414 postea
1185 2377 1296 2406 credere
1307 2377 1334 2405 in
1346 2385 1400 2411 me,
1416 2377 1461 2414 qui
1475 2385 1537 2405 sum
1556 2377 1610 2405 lux.
1625 2388 1637 2402 ι
1653 2376 1722 2412 Qui-

920 2427 1014 2452 autem
1029 2422 1155 2451 ambulat
1168 2432 1183 2449 ι)
1203 2421 1232 2450 in
1254 2421 1455 2455 incrudelitate,
1474 2433 1487 2446 ι
1502 2422 1588 2450 nescit
1604 2429 1658 2458 quo
1675 2429 1722 2450 va-

921 2469 978 2498 dat.
995 2480 1007 2492 ιι
1016 2467 1117 2496 Omnia
1127 2467 1210 2504 igitur
1219 2475 1280 2503 qua:
1289 2467 1377 2495 Judaei
1387 2475 1461 2495 nunc
1472 2466 1587 2501 faciunt,
1598 2466 1724 2495 nesciunt

921 2513 988 2550 quid
1003 2513 1116 2547 faciant,
1145 2512 1194 2541 sed
1214 2512 1242 2540 in
1267 2512 1387 2540 tenebris
1408 2512 1520 2548 quidem
1549 2511 1723 2540 ambulantes

922 2558 1048 2587 videntur
1064 2562 1166 2586 rectam
1176 2557 1248 2586 viam
1260 2557 1394 2586 incedere.
1407 2557 1525 2586 Omnino
1537 2561 1629 2585 autem
1645 2563 1723 2584 secus

104 2605 126 2624 ¹⁸
142 2606 214 2635 Psal.
229 2614 284 2640 xv,
301 2609 344 2635 10.
382 2606 405 2625 ¹⁹
418 2607 488 2636 Gen.
506 2614 592 2642 xux,
607 2610 635 2636 9.
671 2606 694 2624 ²⁰
710 2607 723 2635 Ι
737 2607 810 2636 Tim.
826 2615 848 2642 ι,

928 2608 1014 2636 Eccli.
1030 2614 1141 2641 xxxvt,
1156 2609 1185 2635 2.
1221 2605 1242 2623 ¹¹
1257 2607 1337 2635 Joan.
1352 2614 1411 2642 xu,
1426 2609 1471 2635 34.

571 2667 614 2696 Ex
630 2665 789 2698 collatione
804 2667 894 2698 codd.
911 2667 1017 2697 Venet.
1035 2667 1064 2697 S.
1081 2665 1187 2696 Marci.

101 2720 157 2755 (31)
184 2718 272 2756 Codd.
299 2721 330 2746 31
350 2723 387 2756 ret
410 2722 464 2753 32,
500 2717 604 2746 Ὠσανεὶ
626 2722 700 2756 τοῦτο
721 2719 863 2756 λεγόντων·

68 2755 287 2801 ξῙὴΙνρμίσῃίὅτι
305 2755 360 2801 περὶ
377 2758 422 2801 ’σσῦ
441 2755 569 2801 livent-tv”
591 2755 761 2801 καὶωεῖποις,
773 2757 810 2783 ὅτι
836 2756 867 2801 διῖ

70 2791 203 2827 ἀπέχθειαν
228 2791 420 2828 ἐναντιούμεθα·
451 2791 504 2818 ἰδοὺ
531 2791 580 2828 γὰρ
601 2791 658 2819 οὐδὲ
684 2791 788 2828 οἴδαμεν
815 2792 871 2827 περὶ

68 2828 132 2860 τίνος
145 2828 245 2865 λέγεις,
261 2837 287 2855 κ.
303 2837 327 2855 τ.
341 2827 368 2855 λ.
387 2839 399 2853 ι
415 2827 499 2864 Quasi
513 2827 552 2856 ita
565 2827 719 2857 dicentium
734 2827 748 2856 :7
761 2829 802 2856 Nc
818 2837 870 2864 pu-

920 2724 974 2755 tes,
986 2728 1038 2748 nos
1050 2719 1086 2747 de
1100 2723 1128 2748 te
1138 2719 1228 2755 loqui;
1246 2727 1278 2748 ac
1297 2727 1333 2748 ne
1347 2719 1433 2753 dicas,
1445 2717 1518 2755 quod
1534 2725 1568 2746 ex
1588 2716 1651 2755 odio
1672 2715 1724 2744 tibi

922 2753 1106 2821 ἔξιθι-δοσιυᾶ
1128 2764 1137 2784 :
1159 2753 1221 2784 ecce
1241 2755 1317 2784 enim
1344 2762 1436 2790 neque
1453 2753 1565 2783 scimus
1596 2753 1631 2782 de
1668 2760 1723 2789 quo

952 2799 1009 2821 cas.
1034 2803 1048 2817 ι
1063 2799 1078 2820 e
1109 2811 1117 2818 .

1001 2813 1009 2827 ,
1035 2811 1117 2820 -ννυι
