1922 3077
211 149 261 176 135

720 148 977 176 THEOPHYLACTI
996 147 1174 177 BULGARIAB
1192 148 1348 176 ARCHIEP.

1833 146 1881 172 136

208 210 309 245 evenit,
338 210 407 239 dum
429 210 546 240 Sabbata
569 214 681 239 servant
701 213 729 238 et
754 210 1003 240 circumcisionem.

1065 222 1168 248 τουσιν,
1193 211 1254 240 ἀλλ’
1278 212 1312 244 ὡς
1335 212 1362 240 ἐν
1387 210 1475 250 σκότῳ
1492 208 1662 248 βαδίζοντες,
1691 209 1811 238 δοκοῦσι
1836 208 1881 245 μὲν

208 255 262 284 Sed
276 263 333 283 non
345 255 383 283 ita
396 255 438 284 his
457 256 547 284 evenit
561 255 605 291 qui
617 255 799 283 crediderunt.
814 257 847 283 In
868 256 928 284 luce
946 257 1005 292 qui-

208 299 272 328 dem
290 300 442 334 ambulant,
469 304 497 328 et
518 300 611 329 omnia
633 308 694 336 quae
716 300 832 328 salutem
854 302 1004 336 continent,

210 344 325 373 faciunt.
346 345 480 372 Umbram
495 345 569 373 enim
585 345 650 381 legis
660 349 688 372 et
706 345 849 373 tenebrosa
863 347 1007 382 aenigmata

209 389 376 424 effugerunt,
403 393 430 417 et
454 394 627 418 accesserunt
653 390 739 426 680
762 390 796 418 ad
819 390 909 419 lucem
946 399 1007 427 qum

209 434 408 468 occultabatur,
424 438 451 462 et
473 443 547 463 nunc
569 434 685 470 refulsit,
705 441 732 464 et
752 437 815 465 facti
841 440 907 464 sunt
923 448 936 460 ιι
958 436 1007 464 ﬁlii

208 478 288 512 lucis,
304 490 316 503 ιι
336 478 389 506 hoc
404 483 446 507 est
465 480 576 508 Christi.
598 481 669 508 Nam
691 481 768 516 dicit,
792 491 806 508 ι(
821 486 851 510 ut
864 482 916 509 ﬁlii
938 481 1007 509 lucis

209 523 293 558 ﬁatis,
311 535 323 548 η
342 523 394 552 hoc
408 528 459 558 est,
474 525 527 552 mei
542 524 599 552 ﬁlii.
621 527 740 554 Tametsi
757 527 785 554 in
802 527 912 555 exordio
924 534 1002 554 evan-

208 568 303 604 gelista
317 568 449 604 quosdam
462 577 495 597 ex
512 570 571 597 Deo
587 574 667 598 natos
682 571 764 605 dicat,
776 571 827 599 hoc
842 576 933 600 autem
946 571 1007 599 loco

211 625 224 637 «ι
244 612 311 640 lucis
333 613 404 641 ﬁlios
418 614 544 642 nominat
558 614 590 648 ’³,
610 627 622 639 υ
642 615 694 643 hoc
710 620 762 650 est,
778 616 890 644 Christi.
912 618 1007 652 Itaque

208 657 412 686 confundantur
425 659 508 687 Arius
527 663 554 687 et
569 661 732 688 Eunomius.
744 662 807 689 Una
819 661 892 689 enim
912 669 1007 697 opera-

209 702 248 730 tio
259 702 345 731 Patris
357 707 383 730 et
393 703 454 731 Filii
465 704 549 732 etiam
564 704 617 733 hoc
628 705 688 733 loco
698 705 845 734 indicatur.

247 846 336 873 Vnus.
353 848 444 874 36—40.
468 857 482 870 cr
497 847 566 874 Haec
579 846 688 875 locutus
701 851 742 875 est
753 849 844 883 Jesus,
858 855 890 876 ac
903 847 1009 884 digres-

1060 256 1108 292 τὴν
1124 256 1202 296 ὀρθὴν
1218 255 1316 286 ὁδεύειν
1328 278 1336 292 ,
1351 259 1404 285 πᾶν
1416 255 1443 284 δὲ
1454 254 1606 284 τούναντίον
1619 253 1775 293 πάσχουσι
1784 275 1793 287 ,
1809 252 1883 282 Σάϐ-

1062 301 1143 331 ϐατον
1167 304 1291 340 τηροῧτες
1323 302 1368 329 καὶ
1397 299 1555 340 περιτομήν.
1598 298 1674 328 Ἀλλ’
1704 299 1762 337 οὐχ
1790 298 1815 326 οἱ
1841 309 1883 326 πι-

1062 346 1218 379 στεύσαντες
1243 346 1336 379 οὕτως.
1361 345 1409 375 Ἐν
1425 344 1492 386 φωτὶ
1516 344 1543 373 δὲ
1569 346 1777 383 περιπατοῦσι,
1794 341 1882 371 πάντα

1062 392 1094 420 τὰ
1119 391 1277 431 σωτηριώδη
1295 390 1411 430 ἐχόμενα
1435 389 1610 429 πράττοντες,
1626 389 1693 423 Τὴν
1722 387 1808 416 σκιὰν
1832 387 1882 426 γὰρ

1061 439 1107 465 τοῦ
1130 435 1210 474 νόμου
1227 435 1274 464 καὶ
1295 436 1324 464 τὸ
1344 434 1479 464 σκοτεινὸν
1504 435 1558 463 τῶν
1576 433 1758 471 αἰνιγμάτων
1782 431 1881 472 ἐξέφυ-

1061 493 1122 520 γον,
1138 480 1183 510 καὶ
1195 483 1234 520 τῷ
1256 481 1432 520 κρυπτομένῳ
1448 479 1515 519 φωτὶ
1532 480 1673 518 λάμψαντι
1702 478 1880 517 προσῆλθον,

1062 525 1108 555 καὶ
1132 526 1256 564 γεγόνασι
1274 539 1285 551 ιι
1310 525 1396 565 φωτὸς
1425 524 1496 559 υἱοὶ,
1528 537 1541 549 ιν
1563 523 1712 558 τουτέστι,
1743 523 1877 560 Χριστοῦ.

1067 581 1081 599 (ι
1101 570 1161 600 Ἵνα
1175 571 1238 610 γὰρ,
1263 571 1359 609 φησὶν,
1376 569 1427 599 υἱοὶ
1445 568 1529 609 φωτὸς
1541 568 1663 607 γένησθε·
1678 579 1694 596 »
1717 567 1791 606 ὅπερ
1808 566 1880 595 ἐστὶν

1062 615 1142 653 Ἐμοὶ
1157 615 1217 644 υἱοί.
1248 615 1343 644 Καίτοι
1366 616 1392 644 ἐν
1412 614 1558 654 προοιμίοις
1577 615 1591 642 ὁ
1615 611 1824 651 εὖαγγελιστὴς
1852 612 1879 640 ἔκ

1061 661 1132 690 Θεοῦ
1157 658 1313 698 γεννηθῆναί
1348 671 1420 692 τινας
1455 669 1551 698 φησιν·
1580 659 1700 687 ἐνταῦθα
1734 656 1765 686 δὲ
1795 655 1879 696 φωτὸς

1061 708 1133 741 υἱοὺς
1152 709 1288 747 ὀνομάζει,
1304 709 1436 744 τουτέστι,
1451 709 1497 737 τοῦ
1522 708 1652 746 Χριστοῦ,
1675 704 1879 745 Αἰσχυναίσθω

1063 748 1107 783 οἷν
1128 753 1230 792 Ἄρειος
1251 753 1296 782 καὶ
1321 752 1461 791 Εὖνόμιος,
1507 752 1566 781 Μία
1583 751 1634 790 γὰρ
1654 751 1789 791 ἐνέργεια
1815 751 1877 779 [Ια-

1061 798 1120 837 τρὸς
1135 799 1179 827 καὶ
1196 799 1259 828 “ob
1270 821 1277 834 ,
1294 797 1340 826 καὶ
1357 798 1472 826 ἐντεῦθεν
1493 796 1636 826 δείκνυται.

1107 853 1121 871 (ι
1133 844 1226 873 Ταῦτα
1246 841 1372 877 ἐλάλησεν
1388 844 1402 871 ὁ
1422 843 1538 877 Ἰησοῦς⁸
1552 841 1597 870 καὶ
1611 839 1757 876 ἀπελθὼν,
1777 839 1876 879 ἐκρύϐη

210 897 267 924 sus,
296 890 441 918 abscondit
469 899 499 919 se
523 891 556 919 ab
580 892 628 919 eis.
644 892 714 920 Cum
738 897 830 920 autem
849 897 908 921 tam
921 895 1006 922 multa

1065 887 1109 916 ἀπ’
1125 889 1224 917 αὐτῶν.
1238 888 1366 917 Τοσαῦτα
1386 886 1413 916 δὲ
1427 889 1507 916 αὐτοῦ
1521 885 1705 922 πεποιηκότος
1721 884 1759 914 τὰ
1777 888 1876 922 σημεῖα

209 935 284 970 signa
306 935 416 962 fecisset
433 943 525 963 coram
540 937 589 969 eis,
605 945 661 964 non
676 937 825 965 credebant
843 938 871 965 in
887 946 960 972 eum,
976 943 1008 966 ut

208 986 300 1007 sermo
315 979 391 1008 Isaize
403 981 542 1016 prophetae
554 981 723 1016 impleretur,
746 990 828 1018 quem
842 983 911 1011 dixit
928 992 935 1010 :
952 985 1008 1012 Do-

208 1024 294 1058 mine,
322 1024 384 1060 quis
394 1025 510 1053 credidit
535 1027 655 1054 sermoni
669 1029 785 1054 nostro?
814 1032 842 1055 et
864 1027 1006 1056 brachium

208 1069 319 1096 Domini
339 1069 384 1097 cui
404 1070 556 1098 revelatum
571 1073 629 1099 est?
644 1072 791 1106 Propterea
811 1080 865 1100 non
880 1077 1008 1108 poterant

208 1113 329 1147 credere,
345 1114 410 1149 quia
425 1114 525 1142 iterum
540 1115 607 1143 dixit
621 1115 703 1143 Isaias
719 1126 725 1143 :
743 1118 895 1144 Excaecavit
912 1118 1008 1146 oculos

208 1165 315 1193 eorum,
330 1162 358 1186 et
377 1159 516 1187 induravit
529 1167 577 1187 cor
595 1168 704 1195 eorum,
730 1169 766 1188 ne
787 1161 897 1190 videant
911 1163 1006 1196 oculis,

209 1206 236 1230 et
261 1210 296 1230 ne
319 1203 470 1239 intelligant
484 1204 575 1238 corde,
592 1208 619 1232 et
640 1209 844 1240 convertantur,
863 1210 890 1233 et
914 1214 1007 1235 sanem

209 1254 266 1275 eos.
285 1257 299 1274 ι)
315 1248 406 1282 Quare
424 1250 575 1277 occultatus
589 1253 630 1277 est
642 1250 676 1278 ab
691 1249 749 1278 eis?
762 1251 825 1278 Non
846 1251 919 1278 enim
934 1260 1008 1280 nunc

212 1302 225 1316 ι
252 1292 358 1328 lapides
379 1294 501 1321 tulerunt
523 1298 618 1322 contra
640 1302 715 1329 eum,
744 1307 756 1319 ιο
773 1303 860 1330 neque
881 1295 1006 1331 blasphe-

207 1342 350 1365 maverunt
364 1338 434 1366 sicut
451 1338 544 1374 prius;
561 1346 646 1374 quare
666 1339 751 1374 igitur
776 1339 930 1368 occultatus
949 1343 1007 1369 est?

208 1382 366 1416 Ingrediens
400 1383 483 1410 corda
509 1391 618 1416 eorum,
650 1383 760 1411 videbat
791 1383 1007 1419 indignationem

208 1426 334 1454 cordium
356 1426 502 1460 ferocium,
518 1427 644 1463 quamvis
666 1427 732 1455 nihil
752 1427 938 1463 loquerentur.
953 1430 1006 1456 lta-

209 1477 262 1505 que
285 1483 296 1494 υ
321 1470 466 1498 abscondit
486 1478 525 1505 se,
548 1483 561 1495 ν
578 1471 706 1507 mitigans
729 1472 839 1500 illorum
863 1473 1004 1501 invidiam.

209 1515 281 1542 Nam
295 1515 369 1550 quod
383 1514 545 1549 inviderint,
559 1520 587 1543 et
601 1516 754 1544 voluntaria
767 1517 867 1545 malitia
878 1525 933 1545 non
955 1526 1008 1546 cre-

208 1558 338 1592 diderint,
354 1559 473 1587 insinuat
486 1560 664 1596 evangelista,
677 1561 770 1589 dicens
785 1571 816 1589 :c
829 1563 899 1590 Cum
915 1567 1006 1591 autem

207 1603 266 1639 ipse
280 1607 356 1632 tanta
371 1604 479 1632 fecisset
488 1605 577 1640 signa,
593 1613 649 1632 non
663 1606 840 1634 crediderunt
857 1607 884 1635 in
901 1616 976 1635 eum.
994 1620 1006 1633 η

211 1648 333 1676 Omnino
348 1656 405 1676 non
421 1657 512 1684 parva:
527 1650 637 1677 malitiae
649 1658 729 1686 opus,
755 1651 839 1679 tantis
856 1651 940 1687 signis
955 1661 1011 1680 non

209 1692 330 1720 credere.
356 1694 444 1721 Tanta
467 1693 541 1721 enim
566 1694 654 1730 signa,
688 1695 788 1731 inquit,
812 1704 874 1732 qua:
896 1701 1009 1732 praeter-

210 1737 295 1764 mittit
308 1738 480 1773 evangelista.
496 1738 649 1767 Abscoudit
671 1739 753 1775 igitur
773 1748 802 1768 se
831 1742 921 1776 Iesus,
944 1742 1011 1770 invi-

209 1781 285 1809 diam
307 1782 416 1810 illorum
442 1783 582 1820 mitigans,
606 1784 771 1821 interimque
786 1786 825 1813 eis
839 1790 948 1822 tempus
963 1787 1011 1815 dat

212 1831 240 1854 et
249 1827 348 1861 otium,
361 1832 390 1855 ut
405 1836 452 1863 per
465 1829 588 1865 quietem
603 1828 637 1857 de
653 1830 826 1858 sermonibus
841 1835 869 1859 et
883 1832 1010 1867 operibus

212 1871 272 1907 ejus
294 1873 468 1901 considerare
495 1878 607 1909 queant.
633 1876 673 1902 Ita
696 1875 781 1909 enim,
795 1875 931 1911 siquidem
961 1885 1009 1905 vo-

209 1916 332 1951 luissent,
367 1918 505 1953 pervenire
531 1918 565 1946 ad
590 1919 775 1955 cognitionem
806 1920 913 1949 deitatis
938 1921 1011 1949 illius

208 1963 371 1997 potuissent.
395 1963 525 1996 Quamvis
547 1964 619 1991 enim
649 1964 868 1992 incredulitatem
899 1965 1010 1993 illorum

211 2011 363 2042 praznosset
392 2016 399 2035 :
415 2012 538 2035 attamen
554 2008 646 2035 omnia
661 2016 722 2044 quae
747 2009 781 2036 ad
795 2017 825 2036 se
845 2010 1008 2044 attinebant,

205 2051 337 2085 faciebat,
356 2055 381 2079 et
394 2052 506 2085 secedit,
523 2056 554 2079 ut
564 2051 673 2079 dictum
686 2057 739 2085 est,
753 2052 818 2080 dato
838 2054 876 2080 eis
888 2058 1010 2089 tempore

210 2095 397 2130 dignosceudi.
435 2107 447 2120 ι
473 2095 554 2130 Quod
586 2100 679 2123 autem
701 2105 756 2124 non
785 2097 958 2126 crediderunt
981 2099 1010 2126 in

212 2147 286 2173 eum,
307 2143 338 2167 ut
360 2147 450 2167 sermo
470 2140 546 2168 Isaiae
560 2140 716 2176 impleatur,
742 2153 755 2166 ιι
779 2149 836 2169 non
851 2147 892 2170 est
913 2151 1007 2171 sermo

1062 932 1209 972 ἔμπροσθεν
1232 933 1336 967 αὐτῶν,
1364 932 1412 961 οὐκ
1438 931 1574 961 ἐπίστευον
1599 931 1635 964 εἷς
1658 929 1765 972 αὐτός
1793 929 1837 958 ἵνα
1864 931 1876 958 ὁ

1062 969 1138 1017 λόγος
1152 974 1265 1007 Ἡσαΐου
1291 979 1337 1006 τοῦ
1352 977 1488 1016 προφήτου
1505 976 1656 1015 πληρωθῇ,
1676 973 1707 1004 ὃν
1727 969 1802 1003 εἶπε·
1819 973 1876 1003 Κύ-

1063 1034 1118 1061 ριε,
1137 1022 1176 1055 τίς
1196 1021 1337 1051 ἐπίστευσε
1351 1024 1384 1060 τῇ
1415 1023 1482 1060 ἀκοῇ
1506 1022 1600 1058 ἡμῶν;
1620 1019 1675 1049 Καὶ
1705 1021 1722 1048 ὁ
1751 1018 1873 1058 βραχίων

1063 1066 1163 1107 Κυρίου
1189 1066 1238 1095 τίνι
1257 1066 1447 1106 ἀπεκαλύφθη
1475 1065 1518 1094 διὰ
1545 1068 1623 1094 τοῦτο
1651 1065 1705 1093 οὐκ
1736 1062 1873 1100 ἠδύναντο

1062 1112 1211 1146 πιστεύειν,
1243 1110 1283 1140 ὅτι
1307 1111 1386 1139 πάλιν
1418 1106 1490 1140 εἶπεν
1520 1108 1650 1142 Ἡσαΐας·
1684 1109 1872 1148 Τετύφλωκεν

1064 1157 1148 1186 αὐτῶν
1174 1155 1235 1188 τοὺς
1257 1154 1424 1195 ὀφθαλμοὺς,
1450 1154 1497 1184 καὶ
1522 1154 1688 1194 πεπώρωκεν
1708 1155 1803 1183 αὐτῶν
1826 1152 1871 1187 τὴν

1062 1201 1188 1240 καρδίαν,
1204 1200 1248 1230 ἵνα
1264 1200 1300 1238 μὴ
1320 1200 1395 1229 ἴδωσι
1420 1204 1473 1233 τοῖς
1497 1201 1652 1240 ὀφθαλμοῖς,
1684 1199 1735 1228 καὶ
1752 1198 1871 1232 νοήσωσι

1062 1248 1094 1285 τῇ
1109 1245 1223 1286 καρδίᾳ,
1239 1245 1285 1275 καὶ
1299 1246 1498 1285 ἐπιστραφῶσι,
1519 1244 1566 1274 καὶ
1582 1244 1704 1283 ἰάσωμαι
1723 1243 1837 1276 αὐτούς.
1853 1253 1867 1270 ι)

1062 1292 1138 1325 Τίνος
1153 1290 1240 1319 ἕνεκεν
1262 1302 1276 1319 (ι
1290 1290 1389 1330 ἐκρύϐη
1404 1291 1449 1319 ἀπ’
1468 1290 1572 1326 αὖτῶνς
1588 1300 1602 1318 ››
1619 1291 1660 1318 Οὐ
1675 1289 1732 1328 γὰρ
1755 1300 1769 1317 ι(
1786 1288 1871 1319 λίθους

1062 1331 1127 1375 ἦραν
1139 1346 1153 1363 ι)
1163 1338 1208 1364 νῦν
1222 1346 1236 1363 (ι
1246 1335 1304 1364 κατ’
1316 1336 1406 1373 αὐτοῦ,
1416 1346 1430 1364 ι)
1444 1335 1502 1364 οὐδὲ
1511 1333 1733 1374 ἐϐλασφήμησαν
1746 1345 1774 1362 τι
1782 1335 1870 1362 τοιοῦ-

1060 1392 1105 1409 τον
1116 1375 1170 1409 οἶον
1184 1380 1343 1419 ἔμπροσθεν.
1360 1380 1437 1412 Τίνος
1449 1380 1536 1408 ἕνεκεν
1553 1379 1668 1418 ἐκρύϐη;
1686 1378 1747 1412 Τὰς
1759 1377 1869 1418 καρδίας

1063 1426 1146 1454 αὐτῶν
1162 1424 1329 1462 ἐμϐατεύων,
1345 1423 1403 1464 ᾔδει
1418 1424 1461 1453 τὸν
1479 1424 1560 1462 θυμὸν
1576 1425 1663 1452 αὐτῶν
1678 1422 1868 1461 ἀγριαίνοντα,

1061 1470 1084 1498 εἷ
1099 1469 1146 1498 καὶ
1160 1468 1242 1507 μηδὲν
1259 1468 1428 1509 ἐφθέγγοντο.
1454 1468 1610 1508 Κρύπτεται
1624 1463 1670 1497 οἷν
1687 1466 1868 1507 παραμυθού-

1063 1525 1139 1552 μενος
1163 1514 1249 1543 αὐτῶν
1275 1514 1319 1543 τὸν
1334 1513 1438 1554 φθόνον.
1483 1513 1548 1544 Ὅτι
1569 1525 1583 1541 (ι
1606 1514 1653 1542 οὖκ
1673 1512 1836 1547 ἐπίστευον,
1853 1522 1865 1538 ι

1063 1559 1121 1588 ἀλλ’
1142 1558 1263 1598 ἐφθόνουν
1276 1581 1285 1595 ,
1301 1558 1410 1598 ᾐνίξατο
1435 1560 1448 1588 ὁ
1469 1559 1655 1596 εὖαγγελιστὴς
1670 1557 1771 1587 εἰπών’
1792 1568 1807 1585 (ι
1821 1557 1868 1586 Το·

1065 1607 1150 1633 σαῧτα
1177 1603 1204 1632 δὲ
1221 1604 1301 1632 αὖτοῦ
1317 1607 1416 1640 σημεῖα
1438 1602 1625 1638 πεποιηκότος,
1648 1603 1698 1631 οὖκ
1727 1602 1864 1631 ἐπίστευον

1066 1649 1102 1681 εἷς
1117 1648 1206 1679 αὐτόν.
1223 1658 1238 1676 ι)
1265 1648 1379 1681 Πάντως
1401 1647 1453 1687 γὰρ
1478 1648 1506 1676 οὖ
1532 1651 1629 1686 μικρᾶς
1655 1646 1758 1680 κακίας
1782 1646 1866 1685 ἔργον,

1065 1692 1095 1721 τὸ
1110 1692 1244 1726 τοσούτοις
1260 1692 1380 1731 σημείοις
1397 1691 1434 1730 μὴ
1450 1694 1603 1721 πιστεῦσαι.
1621 1692 1755 1720 Τοσαῦτα
1771 1690 1798 1719 δὲ
1821 1701 1866 1724 ση-

1065 1741 1139 1776 μεῖα,
1161 1737 1256 1777 φησὶν,
1273 1737 1291 1766 ἃ
1313 1736 1458 1776 παρέλιπεν
1482 1737 1495 1765 ὁ
1520 1736 1723 1774 εὖαγγελιστής.
1745 1733 1864 1774 Ἐκρύϐη

1064 1782 1150 1811 τοίνυν
1165 1784 1179 1810 ὁ
1193 1781 1306 1817 Ἰησοῦς,
1323 1782 1367 1811 τὸν
1387 1781 1479 1821 φθόνον
1500 1781 1588 1813 αὖτῶς
1603 1779 1862 1820 παραμυθούμενος,

1065 1826 1122 1865 ἅμα
1149 1826 1237 1856 δὲκαὶ
1254 1825 1338 1859 διδοὺς
1364 1826 1453 1862 αὖτοῖ,
1474 1825 1566 1864 καιρὸν
1594 1824 1640 1854 καὶ
1663 1824 1782 1865 σχολὴν,
1798 1822 1863 1852 ὥστε

1064 1873 1125 1901 καθ’
1145 1872 1260 1911 ἡσυχίαν
1288 1872 1497 1900 ἐπισκέπτεσθαι
1521 1870 1579 1903 τοὺς
1599 1869 1692 1908 λόγους
1718 1870 1799 1898 αὐτοῦ
1821 1865 1863 1911 καὶ

1064 1915 1110 1949 τὰς
1126 1910 1243 1957 πράξεις.
1261 1915 1342 1945 Οὕτω
1360 1915 1411 1954 γὰρ
1428 1914 1458 1944 ἂν
1469 1937 1477 1951 ,
1494 1915 1568 1953 εἴπερ
1585 1914 1746 1950 ἐϐούλοντο,
1765 1910 1862 1957 ἠδυνή-

1064 1963 1147 1996 θησαν
1174 1962 1257 1989 ἐλθεῖν
1274 1962 1310 1994 εἰς
1333 1960 1455 1995 αἴσθησιν
1471 1961 1517 1988 τοῦ
1532 1958 1682 1997 ἀξιώματος
1704 1961 1754 1994 τῆς
1776 1956 1862 1990 θεότη-

1063 2016 1106 2038 τος
1122 2006 1211 2034 αὐτοῦ.
1237 2006 1269 2034 Εἰ
1286 2004 1337 2043 γὰρ
1361 2003 1407 2033 καὶ
1423 2003 1470 2040 τὴν
1496 2004 1622 2033 ἀπιστίαν
1644 2004 1732 2032 αὐτῶν
1759 1999 1863 2042 προεγί-

1065 2060 1180 2086 νωσκεν,
1197 2050 1256 2078 ἀλλ’
1285 2048 1357 2086 ὅμως
1385 2048 1419 2078 τὰ
1443 2048 1508 2088 παρ’
1528 2050 1623 2077 ἑαυτοῦ
1649 2048 1740 2077 πάντα
1765 2044 1859 2079 ἐποίει,

1064 2093 1110 2123 καὶ
1135 2093 1280 2134 ὑπεχώρει,
1315 2095 1350 2127 ὡς
1377 2092 1497 2133 εἴρηται,
1527 2093 1617 2132 καιρὸν
1657 2093 1748 2126 αὐτοῖς
1777 2088 1860 2122 διδοὺς

1064 2139 1238 2178 διασκέψεως.
1266 2138 1305 2168 Τὸ
1320 2138 1359 2175 δὲ,
1387 2152 1398 2165 ιιι
1415 2139 1473 2168 Οὐκ
1497 2137 1634 2167 ἐπίστευον
1656 2138 1691 2171 εἷς
1718 2134 1859 2165 αὖτόν·ῗνα

211 2191 310 2218 causae,
337 2184 385 2212 sed
399 2184 487 2212 eventi
504 2185 709 2221 signiﬁcativus,
724 2190 756 2214 ut
781 2194 853 2222 saepe
877 2187 1006 2216 diximus.

1065 2185 1078 2212 ὁ
1093 2183 1167 2223 λόγος
1182 2180 1298 2213 Ἡσαΐου
1323 2184 1464 2223 πληρωθῇ,
1486 2196 1497 2208 ι
1516 2184 1564 2212 οὐκ
1588 2182 1659 2212 ἔστιν
1686 2179 1860 2218 αἰτιολογίας,

212 2230 274 2256 Non
294 2229 367 2256 enim
388 2229 498 2257 Christo
519 2229 689 2258 discredituri
704 2235 782 2258 erant
801 2240 834 2259 eo
854 2233 925 2268 quod
942 2240 1011 2268 prte-

211 2273 280 2301 dixit
303 2274 355 2301 hoc
370 2274 466 2308 Isaias;
487 2275 536 2303 sed
564 2275 627 2311 quia
650 2275 688 2303 illi
721 2275 894 2304 discredituri
920 2282 1007 2310 erant,

214 2318 277 2346 ideo
300 2319 429 2354 praedixit
446 2319 540 2347 Isaias.
562 2321 598 2348 Et
619 2319 684 2348 illud
707 2331 714 2348 :
744 2332 757 2345 α
773 2322 835 2349 Νοη
861 2326 1009 2357 potuerunt

212 2363 334 2398 credere,
365 2364 426 2399 quia
450 2363 549 2392 iterum
575 2364 642 2392 dixit
666 2365 748 2394 Isaias
771 2377 784 2390 ιι
802 2365 836 2394 de
860 2366 908 2400 eis,
931 2375 1008 2395 eam-

212 2407 275 2436 dem
291 2408 373 2436 habet
393 2409 566 2436 seutentiam.
592 2410 644 2437 Per
665 2411 755 2438 omnia
779 2411 854 2439 enim
868 2410 928 2439 haec
952 2411 1009 2439 vult

211 2460 343 2486 asserere,
367 2453 442 2489 quod
456 2454 595 2490 Scriptura
619 2463 676 2482 non
690 2455 727 2483 sit
741 2455 869 2489 mendax,
892 2460 920 2484 et
933 2456 1008 2491 quod

211 2505 241 2525 ea
256 2505 317 2533 qua:
337 2498 462 2533 praedixit
474 2500 568 2532 Isaias,
581 2507 637 2527 non
658 2500 736 2527 aliter
756 2505 907 2528 evenerunt
925 2509 1008 2536 quam

210 2541 290 2570 dixit.
315 2543 355 2570 Ut
370 2551 403 2570 ne
427 2543 488 2579 quis
510 2544 596 2579 possit
615 2544 705 2572 dicere
720 2549 746 2572 et
765 2545 900 2580 dubitare,
922 2553 1008 2581 quare

210 2587 285 2615 venit
309 2588 442 2620 Christus.
474 2588 498 2616 si
517 2588 621 2616 sciebat
644 2589 716 2624 quod
737 2588 826 2617 Juda'i
846 2598 903 2617 non
929 2595 1008 2618 erant

209 2632 261 2660 sibi
281 2632 422 2666 credituri,
442 2633 588 2661 introducit
600 2638 627 2661 et
640 2634 786 2669 prophetas
797 2635 844 2670 qui
870 2635 922 2662 hoc
939 2643 1008 2671 pra:-

210 2676 338 2706 dixerant
369 2687 376 2705 :
400 2682 428 2706 et
449 2677 523 2714 quod
546 2686 603 2706 non
625 2679 758 2714 ignoravit
787 2679 1007 2708 incredulitatem

209 2722 334 2757 illorum,
355 2727 383 2751 et
403 2722 581 2752 nihilominus
600 2724 714 2760 venerit,
736 2732 769 2753 ne
794 2724 910 2753 habeant
934 2726 1008 2762 quod

247 2813 268 2829 ²²
280 2814 291 2840 I
304 2813 386 2842 Joan.
404 2821 453 2849 ιιι,
469 2818 492 2842 ι.

1065 2228 1123 2257 ἀλλ’
1141 2227 1290 2264 ἐκϐάσεως,
1304 2228 1339 2260 ὡς
1352 2228 1480 2260 πολλάκις
1495 2227 1615 2265 εἴπομεν.
1630 2228 1671 2257 Οὐ
1685 2225 1736 2266 γὰρ
1753 2224 1859 2263 ἔμελλον

1065 2274 1162 2302 ἐκεῖνοι
1185 2275 1223 2312 τῷ
1245 2274 1353 2312 Χριστῷ
1382 2274 1519 2307 ἀπιστεῖν,
1536 2271 1601 2300 διότι
1625 2275 1752 2310 προεῖπεν
1775 2269 1859 2298 αὐτοῖς

1064 2316 1189 2355 Ἡσαΐας,
1205 2317 1273 2346 ἀλλὰ
1289 2317 1353 2346 διότι
1368 2317 1479 2354 ἔμελλον
1492 2316 1566 2346 αὐτοὶ
1579 2317 1711 2352 ἀπιστεῖν,
1728 2314 1772 2344 διὰ
1786 2314 1858 2342 τοῦτο

1063 2366 1187 2401 προεῖπεν
1204 2363 1291 2395 αὐτοῖς
1305 2363 1320 2391 ὁ
1334 2361 1479 2402 προφήτης.
1497 2360 1552 2390 Καὶ
1564 2360 1608 2396 τὸ,
1625 2373 1635 2387 ιι
1654 2362 1712 2390 Οὐκ
1732 2358 1857 2395 ἠδύναντο

1062 2407 1213 2446 πιστεύειν,
1239 2406 1279 2436 ὅτι
1304 2402 1375 2436 εἶπεν
1395 2403 1511 2438 ⁸Ησαίας
1535 2405 1616 2435 πάλιν
1639 2418 1651 2432 ι
1669 2405 1729 2442 περὶ
1755 2403 1853 2435 αὐτῶν,

1062 2454 1107 2487 τῆς
1123 2453 1202 2487 αὐτῆς
1224 2451 1325 2485 ἐννοίας
1351 2451 1454 2491 ἔχεται.
1480 2449 1531 2481 Διὰ
1555 2452 1663 2480 πάντων
1686 2449 1737 2489 γὰρ
1759 2446 1853 2498 τούτων

1061 2499 1139 2526 τοῦτο
1156 2497 1279 2537 βούλεται
1302 2498 1490 2534 παραστῆσαι,
1517 2495 1557 2524 ὅτι
1580 2497 1597 2531 ἡ
1625 2494 1719 2534 Γραφὴ
1747 2491 1856 2537 ἀψευδής

1062 2543 1130 2577 ἐστι,
1148 2535 1194 2571 καὶ
1209 2541 1248 2571 ὅτι
1265 2541 1281 2570 ἃ
1308 2540 1502 2586 προεξήτευσεν
1516 2543 1529 2570 ὁ
1544 2539 1670 2586 Ἡσαΐας,
1697 2535 1852 2586 οὗχνγὲτέξίιιξς

1062 2586 1226 2622 ἐκϐέϐηκεν,
1246 2585 1303 2616 ἀλλ’
1318 2587 1353 2619 ὡς
1369 2580 1450 2614 εἶπεν.
1465 2584 1525 2614 Ἵνα
1549 2585 1599 2623 γὰρ
1616 2584 1653 2622 μή
1678 2596 1716 2617 τις
1745 2582 1792 2621 ἔχῃ
1813 2580 1852 2623 λέξ

1063 2643 1129 2669 γειν,
1156 2631 1202 2661 καὶ
1229 2632 1336 2671 ἀπορεῖν
1363 2630 1431 2663 τίνος
1452 2630 1539 2659 ἕνεκεν
1563 2625 1641 2664 ἦλθεν
1665 2631 1678 2657 ὅ
1694 2626 1818 2668 Χριστὸς,
1832 2622 1852 2650 εἷ

1063 2676 1175 2714 ᾔδειὸτι
1196 2676 1243 2705 οὐκ
1270 2675 1380 2713 ἔμελλον
1407 2676 1478 2714 αὐτῷ
1507 2676 1530 2704 οἱ
1556 2674 1678 2704 Ἰουδαῖοι
1702 2673 1851 2702 πιστεῦσαι·

1063 2721 1164 2759 εἰσάγει
1179 2721 1224 2750 καὶ
1238 2720 1296 2753 τοὺς
1315 2719 1453 2761 προφήτας
1473 2722 1551 2749 τοῦτο
1564 2716 1848 2759 προκαταγγείλαντας,
