1922 3077
69 159 114 186 137

450 158 646 186 ENARRATIO
665 158 700 185 ΙΝ
719 156 935 185 EVANGELIUM
953 157 1101 187 JOAINNIS.
1124 175 1158 180 —
1173 161 1248 189 CAP.
1268 162 1321 190 Xll.

1654 167 1705 194 138

63 219 103 248 καὶ
118 219 157 248 δτι
171 220 220 248 οὐκ
235 219 324 263 ἠγνόει
345 218 404 249 οὖδὲ
420 220 434 249 6
447 219 565 260 Χριστὸς
586 219 634 256 τὴν
655 219 782 250 ἆπιστίαν
804 221 846 249 αὖ·

909 225 1019 256 peccato
1031 230 1082 250 suo
1096 227 1257 258 praetexam,
1268 231 1358 259 neque
1371 224 1476 260 possint
1489 225 1579 254 dicere
1590 227 1663 263 quod
1678 228 1706 256 Si

62 265 120 299 τῶν,
137 265 197 293 ἀλλ’
211 263 284 301 (ac):
306 260 394 301 ἦλθεν,
417 263 461 294 ἵνα
477 265 515 302 μὴ
537 264 670 306 πρόφασιν
693 265 775 305 ἔχωσι
790 265 851 303 περὶ

62 310 105 343 τῆς
123 309 257 348 ἁμαρτίας
276 310 359 339 αὐτῶν
371 334 378 344 ,
403 309 472 348 μηδὲ
490 309 618 339 δύνωνται
633 309 737 348 λέγειν,
752 310 792 340 ὅτι
820 311 852 340 Εἰ

62 348 142 389 ἦλθεν,
160 353 356 391 ἐπιστεύσαμεν
370 354 413 383 ἄν.
429 354 469 384 Τὸ
490 354 534 390 δὲ,
553 366 568 382 ι
583 356 643 385 Ούκ
659 354 789 389 ἠδύναντο
805 367 851 384 πι-

62 397 167 436 στεύειν,
188 412 199 423 ι
219 398 278 426 ἀντὶ
294 402 354 435 τοῦ,
378 400 426 428 οὖκ
443 398 554 435 ἤθελον,
575 399 640 429 νόει.
653 398 688 428 ⁸0
702 399 754 439 γὰρ
768 399 850 433 κακὸς

63 442 102 471 καὶ
115 442 227 482 πονηρὸς
252 442 386 483 ἄνθρωπος
410 445 440 472 οὖ
455 442 566 473 δύναται
586 443 720 473 πιστεύειν
739 444 764 476 ις
779 446 802 472 τ’
819 444 850 473 ἂν

63 489 168 520 τοιοῦτος
203 487 263 524 εἴη,
291 488 325 517 τὰ
352 487 455 528 πονηρὰ
492 488 594 524 δηλαδή
629 488 847 528 προαιρούμενος.

62 529 142 561 Ὅταν
158 531 185 561 δὲ
214 531 348 571 ἀκούσῃς,
372 532 412 562 ὅτι
436 546 449 559 ι
474 533 650 572 Τετύφλωκεν
676 534 761 562 αὐτῶν
792 534 850 568 τοὺς

61 575 205 615 ὀφθαλμοὺς
223 578 238 605 6
265 577 346 612 Θεὸς,
370 577 416 606 καὶ
431 577 593 618 πεπώρωκεν
610 579 697 607 αὐτῶν
720 578 766 614 τὴν
784 590 851 618 καρ-

63 621 120 656 δίαν,
135 635 146 646 -
162 621 199 658 μὴ
214 621 305 658 νόμιζε
326 621 367 651 ὅτι
383 621 474 656 ἁπλῶς
488 622 548 656 τοὺς
562 622 610 660 μὲν
635 622 747 660 ἀγαθοὺς
762 624 849 662 ποιεῖ,

62 665 114 699 τοὺς
133 665 158 694 δὲ
183 665 325 706 πονηροὺς,
341 666 445 706 ἄπαγε]
467 666 537 696 ἀλλὰ
552 668 600 701 τὴν
615 669 661 696 τοῦ
684 670 754 697 Θεοῦ
770 669 850 705 ἐγκα-

62 710 172 750 τάλειψιν
187 710 322 750 τύφλωσιν
338 710 390 740 νόει
403 713 533 747 παντελῆ.
547 707 612 741 Οἷόν
626 724 651 741 τι
661 712 744 750 λέγω·
758 711 851 743 Ἔστω

63 765 97 787 τις
127 755 239 794 μετρίως
264 755 488 795 πονηρευόμενος·
521 755 608 796 τούτῳ
640 757 710 786 δοκεί
735 762 851 788 συνεῖναι

63 798 97 826 ἔτι
119 801 133 827 6
155 798 238 834 Θιός·
258 799 392 834 ἐλπίζεται
415 800 467 840 γὰρ
489 801 694 841 ἐπιστραφῆναι.
708 800 794 831 Ὅταν
823 803 850 833 δὲ

63 843 94 876 εἰς
118 843 192 883 κόρον
221 845 272 880 τῆς
297 845 390 878 κακίας
413 846 551 885 ἐμφορηοῇ
573 848 587 875 ὃ
612 845 766 885 ἄνθρωπος,
791 848 849 878 τότε

906 266 1030 300 venisset,
1061 267 1282 295 credidissem-is.
1318 269 1377 296 Hoc
1404 273 1496 298 autem
1527 271 1602 306 quod
1629 271 1705 306 dicit,

905 309 989 345 681
1005 322 1018 334 σι
1035 313 1095 339 Νοη
1109 316 1257 348 potuerunt
1269 312 1391 345 credere,
1406 325 1418 337 ιι
1440 313 1586 348 signiﬁcat,
1608 316 1703 344 nolue-

905 359 979 382 runt.
1001 357 1073 384 Nam
1096 357 1185 384 malus
1205 362 1232 385 et
1254 357 1396 392 improbus
1421 357 1505 386 homo
1530 367 1589 387 non
1616 365 1706 396 potest

905 400 1028 434 credere,
1047 402 1168 437 quandiu
1184 402 1247 430 talis
1274 402 1364 437 fuerit,
1391 403 1459 430 mala
1484 403 1586 431 scilicet
1604 405 1706 440 eligens

905 451 937 471 ac
961 445 1064 473 volens.
1090 448 1176 474 Porro
1201 454 1265 474 cum
1289 447 1407 474 audieris
1421 447 1495 483 quod
1519 459 1530 472 -
1558 449 1706 477 excmcarit

905 490 999 517 oculos
1013 498 1111 518 eorum
1127 493 1211 525 Deus,
1225 496 1252 519 et
1267 492 1423 519 induruerit
1442 501 1489 520 cor
1502 501 1599 520 eorum
1616 503 1622 520 :
1648 506 1660 518 1
1671 501 1706 522 ne

905 538 983 570 putes
997 535 1071 570 quod
1084 535 1242 571 simpliciter
1257 537 1307 564 hos
1318 537 1430 572 quidem
1446 539 1520 565 Deus
1535 538 1623 566 bonos
1637 538 1705 567 fece-

905 579 951 611 rit.
973 579 1034 607 illos
1055 585 1148 608 autem
1167 581 1267 615 malos,
1289 581 1374 609 absit!
1395 581 1444 609 sed
1470 582 1520 609 Dei
1536 583 1706 611 relictionem

903 625 1082 652 czecationem
1096 629 1182 653 totam
1203 626 1324 661 intelligo
1340 635 1346 653 :
1363 630 1393 653 ut
1407 627 1525 661 exempli
1538 628 1626 662 gratia
1641 628 1706 664 quid

905 668 995 697 dicam
1012 679 1019 697 :
1045 671 1093 698 Est
1114 670 1251 706 quispiam
1272 679 1329 698 non
1349 671 1426 699 valde
1448 671 1549 705 malus,
1571 680 1634 700 cum
1649 680 1706 708 quo

905 713 1012 741 videtur
1026 714 1116 742 adhuc
1130 723 1188 742 esse
1204 716 1291 747 Deus;
1312 723 1374 751 spes
1395 716 1471 743 enim
1493 721 1535 744 est
1550 717 1624 752 quod
1637 725 1704 745 con-

906 762 1027 786 vertatur
1054 768 1060 786 :
1088 759 1197 794 quando
1220 764 1313 787 autem
1335 760 1442 787 malitia
1467 761 1587 795 repletur
1608 761 1704 796 homo,

905 806 970 830 tunc
985 803 1147 840 derelinquit
1162 812 1225 832 eum
1256 806 1329 832 Deus
1342 809 1453 840 propter
1467 805 1570 833 malam
1584 805 1642 841 ejus
1654 814 1704 834 vo-

905 847 1049 875 luntatem.
1072 849 1181 875 Dicitur
1203 853 1294 876 autem
1310 849 1394 876 homo
1417 853 1446 876 ut
1467 857 1566 882 circus,
1583 851 1705 885 privatus

63 887 283 926 ἕγκαταλιμπάνει
309 888 356 927 μὲν
382 890 461 918 αὐτὸν
484 892 498 920 6
512 890 580 923 Θεὸς
605 889 648 919 διὰ
666 891 715 927 τὴν
734 893 846 931 πονηρὰι

906 891 1000 920 divino
1011 893 1121 925 lumine,
1137 893 1162 920 in
1177 894 1296 920 tenebris
1311 894 1421 921 malitiae
1433 894 1585 927 ambulare,
1599 899 1625 922 et
1638 899 1705 923 tunc

64 933 134 962 αὐτοῦ
158 933 330 973 προαίρεσιν·
346 934 452 974 λέγεται
474 935 501 964 δὲ
525 937 539 964 6
555 935 692 975 ἅνθρωπος
708 938 743 969 ὡς
755 937 850 977 τυφλὸς

65 976 152 1015 διάγειν
162 1001 170 1015 ,
185 978 323 1018 στερηθεὶς
336 983 381 1009 τοῦ
396 980 465 1008 θείου
480 979 575 1019 φωτὸς,
591 981 637 1010 καὶ
659 981 685 1010 ἐν
699 982 738 1020 τῷ
762 976 850 1012 σχότει

64 1023 105 1056 τῆς
119 1022 250 1062 ἁμαρτίας
270 1025 439 1063 περιπατῶν·
455 1025 501 1053 καὶ
520 1025 611 1054 λοιπὸν
627 1025 760 1066 τύφλωσις
777 1027 849 1068 αὐτῷ

64 1065 126 1095 δοκεί
141 1069 156 1103 ἡ
172 1069 217 1097 τοῦ
236 1067 307 1098 θείου
327 1069 412 1108 φωτὸς
435 1069 551 1099 ἀπουσία
562 1081 568 1088 ·
583 1070 630 1099 καὶ
643 1065 767 1110 πώρωσις
780 1065 849 1111 mp;

65 1110 123 1146 δίας,
143 1115 158 1148 ἡ
180 1112 306 1152 στέρησις
330 1116 375 1143 τοῦ
397 1113 467 1143 θείου
493 1114 572 1154 λόγου
599 1118 645 1145 τοῦ
670 1115 718 1149 τὰς
740 1110 850 1156 καρδίας

65 1157 110 1184 τῶν
125 1157 328 1197 ὑποδεχομένων
353 1158 433 1188 αὐτὸν
455 1159 646 1197 μαλάττοντος.
673 1160 849 1201 Τετύφλωται

64 1199 145 1230 λοιπὸν
166 1204 180 1231 ὁ
204 1202 241 1241 μὴ
268 1203 484 1242 παραδεχόμενος
503 1204 571 1238 ὅλως
596 1207 692 1234 ἆκτῑνα
711 1199 757 1234 τοῧ
779 1206 848 1236 θείου

64 1244 132 1283 λόγον
157 1246 202 1275 καὶ
230 1247 394 1287 πιπώρωται
420 1249 434 1276 6
465 1247 502 1287 μὴ
529 1248 573 1278 τὸν
607 1250 777 1287 μαλάττοντα
802 1251 849 1286 τὰς

63 1290 162 1329 καρδίας
174 1290 251 1329 λόγον
270 1291 351 1320 θέλων
369 1293 554 1330 ἐνωτίσασθαι,
581 1294 626 1323 καὶ
641 1294 708 1328 ὅλως
722 1297 739 1330 ἡ
764 1296 848 1325 ἀπου-

63 1335 102 1362 σία
110 1337 153 1364 τοῦ
166 1337 236 1366 Θεοῦ
247 1337 344 1376 τυφλοῖ
361 1337 408 1366 καὶ
425 1339 551 1372 σκοτίζει.
562 1337 651 1368 Ὀταν
663 1334 707 1368 οὖν
718 1340 847 1380 ἀκούσῃς,

63 1378 98 1407 ὅτι
120 1382 209 1420 τυφλοῖ
224 1383 239 1410 6
258 1382 335 1418 Θεὸς,
361 1382 430 1411 οὕτω
452 1383 504 1412 νόει
516 1406 526 1423 ,
541 1383 582 1412 ὅτι
602 1386 640 1423 τῷ
657 1384 695 1422 μὴ
722 1378 847 1424 παρεῖναι

62 1426 155 1470 τυφλοῖ.
184 1427 215 1456 Εἰ
235 1428 289 1470 γαρ
304 1430 392 1468 παρῆν
408 1428 486 1465 Θεὸς,
512 1431 559 1458 οὐκ
586 1429 618 1458 ἃν
640 1429 806 1470 τετύφλωται
833 1434 847 1461 ὁ

63 1468 194 1510 ἄνθρωπος.
211 1473 244 1502 Εἰ
262 1468 294 1508 ἦν
306 1472 391 1508 ἥλιος,
406 1474 454 1503 οὐκ,
470 1474 501 1502 ἂν
514 1473 621 1503 σκοτία·
639 1477 684 1504 νῦν
701 1468 727 1504 δὲ
744 1479 758 1505 ὃ
771 1476 847 1512 ἥλιος

63 1519 123 1544 ποιεῖ
144 1516 190 1552 τὴν
216 1518 311 1548 νύκτα.
332 1517 412 1547 Ἀλλὰ
432 1519 504 1552 πῶς;
529 1518 671 1556 Δυόμενος.
695 1519 778 1550 Οὕτω
801 1521 846 1551 καὶ

62 1559 73 1586 ὃ
93 1559 154 1594 θεὸς
177 1561 292 1601 τυφλοὺς
316 1564 387 1591 ποιεῖ
407 1563 467 1596 τοὺς
482 1563 637 1601 ἀνθρώπους
663 1565 703 1604 τῷ
720 1564 757 1603 μὴ
774 1577 844 1606 παρ-

63 1604 121 1633 εῖναι
139 1607 234 1640 αὐτοῖς.
255 1607 298 1636 Οὖ
314 1607 429 1647 πάρεστι
453 1606 480 1636 δὲ
504 1607 548 1637 διὰ
562 1607 611 1643 τὴν
627 1609 713 1638 αὐτῶν
728 1604 844 1648 κακίαν,

63 1648 100 1677 καὶ
124 1649 211 1680 ἔκτοτε
231 1653 270 1685 ὣς
297 1651 390 1691 τυφλοὶ
424 1652 612 1693 ἀμετάστροφα
643 1654 844 1694 ἁμαρτάνουσι,

63 1692 101 1721 καὶ
120 1695 263 1733 ἀδιόρθωτα
292 1697 511 1735 προσπταίουσιν.
539 1696 653 1735 ’Ὶδωμεν
670 1692 709 1735 ,δέ
736 1700 782 1729 καὶ
813 1701 847 1730 τὰ

63 1737 238 1784 τοῦίΗσαΐου·
254 1754 268 1767 ιι
286 1741 378 1780 Κύριε,
392 1741 432 1775 τίς
451 1741 590 1772 ἐπίστευσε
664 1744 732 1784 ἀκοῇ
754 1747 847 1783 sunt;

64 1781 112 1811 ἀντὶ
125 1785 184 1822 τοῦ,
205 1785 291 1818 οὐδεὶς
305 1786 452 1816 ἐπίστευσε.
476 1787 516 1816 Τὸ
529 1786 591 1826 γὰρ,
610 1781 690 1825 sit-ig,
713 1781 728 1817 »ᾧ
749 1781 847 1820 πόλλαέ

64 1828 104 1863 χοῦ
126 1829 168 1863 τῆς
191 1829 318 1869 Γραφῆς,
344 1830 403 1860 ἀντὶ
424 1832 483 1867 τοῦ,
501 1832 599 1867 οὐδεὶς,
625 1837 722 1863 κεῖται.
743 1833 791 1868 Ὡς
815 1837 846 1865 ἐκ

64 1871 191 1918 προσώπου
209 1874 236 1903 δὲ
263 1877 308 1903 τοῦ
330 1876 450 1914 Χριστοῦ
471 1870 529 1905 εἶπε
556 1878 633 1906 τοῦτο
659 1879 673 1905 ὁ
688 1878 844 1918 προφήτης,

64 1914 169 1964 λέγοντος
197 1919 308 1964 δηλαδὴ,
332 1922 380 1948 τοῦ
405 1921 524 1960 Χριστοῦ
552 1921 618 1961 πρὸς
643 1921 688 1951 τὸν
712 1914 842 1964 ’Πὰτέραἰ

64 1961 184 2006 ξφΚᾷριε,
199 1963 238 1997 τίς
265 1963 404 1993 ἐπίστευσε
426 1967 459 2005 τῇ
477 1967 545 2005 ἀκοῇ
561 1967 655 2004 ἡμῶνς
682 1980 695 1992 ι
710 1968 770 1997 ἀντὶ
787 1961 842 2006 τοῦ,

65 2004 145 2039 Οὐδεὶς
158 2006 298 2038 ἐπίστευσε
313 2010 352 2048 τῷ
373 2009 444 2049 λόγῳ
459 2004 556 2048 ἡμῶν,
574 2010 620 2040 καὶ
637 2013 675 2051 τῷ
691 2004 845 2052 κηρύγματί

65 2060 120 2096 μου·
135 2052 196 2092 ὅπερ
210 2053 338 2092 κήρυγμα
355 2054 437 2090 ἀκοὴν
462 2053 596 2092 ὠνόμασε.
616 2056 670 2085 Καὶ
685 2056 748 2096 γὰρ,
777 2070 792 2086 α
809 2059 842 2090 Ἃ

66 2092 151 2127 ἤκουσα
164 2097 237 2141 παρὰ
249 2101 296 2127 τοῦ
314 2098 417 2138 Πατρός
439 2111 499 2137 μου,
512 2099 602 2140 φησὶν,
623 2092 710 2130 ἐκεῖνα
723 2092 804 2141 λέγω.
825 2115 840 2132 ι

64 2152 97 2184 _—
111 2153 120 2164 ι
137 2140 188 2170 Καὶ
211 2143 225 2171 6
252 2142 372 2182 βραχίων
397 2143 425 2173 δὲ
452 2144 504 2173 τίνι
530 2144 722 2184 ἄπεκαλύφοη;
740 2160 752 2172 ι

907 937 1015 964 caecitas
1035 937 1144 964 videtur
1159 937 1183 965 ei
1199 937 1285 964 divini
1302 938 1412 965 luminis
1425 938 1557 971 absentia,
1572 943 1600 966 et
1611 940 1704 968 cordis

904 981 1024 1013 caecitas,
1041 982 1152 1016 privatio
1165 982 1248 1009 divini
1263 982 1348 1016 verbi,
1359 982 1432 1017 quod
1452 983 1535 1010 corda
1549 984 1704 1019 suscipien-

905 1025 974 1054 tium
996 1027 1105 1054 mulcet.
1131 1028 1289 1054 Excaecatur
1311 1031 1523 1062 consequenter,
1546 1028 1593 1063 qui
1614 1028 1705 1057 nullos

903 1070 1018 1106 suscipit
1035 1071 1128 1099 radios
1147 1071 1233 1099 divini
1251 1071 1342 1104 verbi;
1367 1075 1395 1099 et
1413 1071 1557 1100 induratus
1578 1076 1630 1106 est,
1655 1073 1702 1109 qui

903 1122 1061 1143 sermonem
1083 1116 1166 1143 corda
1194 1115 1365 1143 mollientem
1393 1116 1531 1152 suscipere
1556 1124 1611 1144 non
1635 1118 1702 1151 vult,

903 1163 931 1188 et
953 1161 1066 1188 omnino
1098 1160 1224 1188 absentia
1250 1160 1301 1188 Dei
1332 1165 1450 1188 excaecat
1475 1165 1505 1189 et
1527 1161 1700 1190 obtenebrat.

903 1205 974 1233 Cum
1000 1205 1083 1240 igitur
1103 1205 1222 1233 audieris
1245 1205 1318 1241 quod
1345 1209 1464 1233 excazcet
1490 1207 1574 1238 Deus,
1595 1206 1635 1234 sic
1658 1206 1702 1234 in-

902 1249 1002 1284 tellige,
1017 1249 1090 1284 quod
1109 1253 1230 1277 excweet
1242 1257 1307 1277 cum
1326 1257 1438 1285 presens
1452 1257 1508 1277 non
1522 1250 1568 1277 sit.
1584 1250 1611 1277 Si
1625 1250 1702 1278 enim

902 1293 1035 1321 adfuisset
1062 1295 1142 1328 Deus,
1169 1301 1226 1321 non
1252 1298 1402 1321 excaecatus
1426 1293 1523 1322 fuisset
1553 1294 1647 1322 homo.
1671 1295 1701 1323 Si

902 1342 961 1366 erat
981 1338 1033 1372 sol,
1056 1346 1114 1365 non
1137 1339 1231 1374 utique
1253 1342 1332 1366 erant
1356 1338 1485 1366 tenebras.
1511 1339 1589 1366 Nunc
1607 1343 1701 1366 autem

901 1383 942 1411 sol
961 1382 1024 1410 facit
1045 1387 1168 1417 noctem,
1182 1382 1231 1410 sed
1245 1390 1300 1418 quo
1314 1385 1411 1418 pacto?
1432 1383 1569 1410 Occidens
1591 1392 1598 1411 :
1622 1383 1658 1410 ita
1674 1387 1701 1411 et

902 1429 977 1455 Deus
991 1435 1079 1456 caecos
1099 1426 1164 1455 facit
1179 1427 1315 1462 homines,
1330 1435 1394 1454 cum
1408 1435 1463 1455 non
1479 1427 1558 1455 adest
1572 1428 1623 1455 eis.
1637 1429 1700 1456 Non

901 1472 977 1500 adest
997 1477 1089 1500 autem
1112 1476 1223 1508 propter
1246 1471 1355 1499 illorum
1370 1472 1516 1505 malitiam,
1540 1476 1568 1500 et
1588 1477 1653 1500 tunc
1668 1476 1699 1500 ut

900 1517 965 1545 calci
981 1521 1105 1553 peccant,
1119 1525 1174 1544 non
1190 1525 1219 1544 se
1233 1518 1442 1551 convertentes,
1466 1521 1493 1544 et
1514 1517 1617 1553 absque
1633 1525 1697 1545 cor-

901 1562 1023 1590 rectione
1052 1562 1241 1598 prolabuntur.
1272 1561 1420 1589 Videamus
1446 1566 1538 1589 autem
1567 1566 1595 1589 et
1622 1561 1701 1590 Isaia;

899 1607 981 1641 dicta,
999 1617 1013 1633 ιι
1031 1606 1161 1640 Domine,
1183 1606 1244 1642 quis
1265 1606 1383 1634 credidit
1397 1606 1502 1634 auditui
1518 1607 1631 1634 nostro?
1647 1606 1701 1634 hoc

900 1656 951 1686 est,
977 1652 1067 1680 nullus
1091 1651 1216 1679 credidit.
1231 1650 1299 1687 Quis
1323 1651 1397 1678 enim
1419 1659 1491 1687 saepe
1507 1651 1536 1678 in
1560 1651 1698 1686 Scriptura

902 1696 1027 1732 usurpari
1041 1696 1110 1724 solet
1125 1703 1174 1731 pro
1188 1695 1286 1723 Nullus
1303 1704 1310 1722 :
1326 1695 1405 1730 quasi
1421 1703 1452 1722 ex
1469 1703 1585 1730 persona
1599 1695 1698 1723 Christi

901 1741 955 1769 hoc
975 1741 1047 1768 dicat
1066 1740 1210 1776 propheta,
1224 1740 1333 1768 dicente
1347 1740 1457 1767 Christo
1475 1740 1579 1768 scilicet
1593 1739 1628 1768 ad
1644 1741 1697 1768 Pa-

900 1790 970 1814 trem
991 1796 998 1814 :
1021 1797 1034 1810 ι
1055 1785 1183 1818 Domine,
1203 1785 1265 1820 quis
1282 1785 1399 1812 credidit
1420 1785 1524 1812 auditui
1543 1789 1637 1812 nostro
1659 1794 1666 1812 :
1685 1796 1698 1809 ι

899 1839 961 1867 pro,
974 1830 1072 1858 Nullus
1087 1829 1204 1857 credidit
1218 1829 1339 1856 sermoni
1355 1833 1450 1856 nostro
1465 1833 1492 1856 et
1507 1828 1696 1864 praedicationi

898 1883 977 1903 meat.
996 1874 1225 1902 Prmdicationem
1245 1873 1369 1901 auditum
1385 1873 1546 1900 nominavit.
1572 1873 1697 1907 Etenim,

900 1932 912 1946 α
933 1922 1002 1956 Quae
1014 1918 1104 1947 audivi
1120 1927 1136 1946 ει
1149 1920 1226 1946 Patre
1239 1925 1312 1951 meo,
1329 1917 1426 1952 inquit,
1444 1917 1486 1944 illa
1508 1917 1569 1944 dico
1581 1917 1614 1944 ’³.
1633 1928 1646 1942 »
1663 1932 1699 1938 —-

900 1977 912 1990 α
934 1967 969 1993 Et
978 1963 1123 1992 brachium
1135 1966 1228 1990 autem
1240 1962 1285 1990 cui
1294 1963 1447 1990 revelatum
1461 1965 1501 1989 est
1510 1961 1548 1987 ’δῖ’
1561 1973 1573 1986 ν
1587 1961 1639 1989 hoc
1646 1965 1697 1996 est,

899 2011 997 2038 Potens
1010 2009 1153 2044 signorum
1168 2007 1265 2039 virtus,
1292 2015 1377 2042 quam
1393 2006 1537 2034 brachium
1559 2006 1697 2038 nominat.

898 2054 965 2083 nulli
989 2054 1160 2090 ingratorum
1180 2051 1342 2080 Judzeorum
1368 2051 1522 2079 revelatum
1547 2055 1591 2078 est
1616 2060 1622 2078 :
1645 2050 1694 2078 sed

897 2103 926 2128 et
947 2107 992 2127 me
1007 2102 1064 2126 tam
1079 2098 1165 2125 multa
1180 2096 1256 2132 signa
1271 2095 1415 2124 facientem
1430 2095 1642 2124 calumniantur.

777 2149 925 2188 τουτέστιν,
941 2149 976 2178 Ἠ
1003 2145 1100 2183 δυνατὴ
1129 2148 1181 2175 τῶν
1206 2145 1324 2183 σημείων
1348 2145 1483 2185 ἐνέργεια,
1508 2144 1541 2180 ἢν
1565 2143 1697 2184 βραχίονα

65 2181 190 2222 ὀνομάζει,
224 2187 311 2216 οὖδινὶ
349 2188 523 2229 ἀπεκαλύφθη
561 2190 613 2218 τῶν
651 2191 810 2230 ἀγνωμόνων
847 2181 984 2225 Ἰουδαίων
998 2205 1005 2211 ·
1042 2192 1111 2221 ἀλλὰ
1148 2190 1196 2220 καὶ
1222 2194 1339 2220 τοσαῦτα
1375 2193 1475 2229 σημεῖα
1500 2189 1628 2219 ποιοῦντά
1664 2201 1698 2227 με

65 2233 251 2268 συκοφαντοῦσι.

97 2285 106 2298 ι
116 2274 206 2319 Ταῦτα
222 2271 297 2306 εἶπεν
312 2275 444 2314 Ἡσαΐας,
460 2277 503 2307 ὅτε
520 2273 573 2308 εἶδε
591 2279 640 2315 τὴν
653 2279 730 2314 δόξαν
745 2281 826 2311 αὐτοῦ
837 2305 845 2319 ,

936 2284 1019 2311 Vens.
1045 2282 1139 2309 alt-43.
1169 2291 1182 2304 ι
1206 2281 1272 2308 llaec
1293 2278 1364 2307 dixit
1386 2277 1468 2306 Isaias
1491 2277 1603 2314 quando
1631 2277 1699 2306 vidit

65 2314 101 2362 ξαὶ
112 2318 218 2356 ἕλάλησε
244 2321 308 2361 περὶ
329 2322 421 2352 αὐτοῦ.
440 2322 537 2362 Ὅμως
562 2314 652 2362 μέντοι
673 2324 719 2354 καὶ
735 2326 765 2355 ἐκ
789 2314 841 2356 τῶν

65 2359 182 2400 ἀρχόντων
208 2359 304 2395 πολλοὶ
332 2359 490 2397 ἐπίστευσαν
520 2359 673 2402 εἷςαῦτόνο
701 2369 770 2399 ἀλλὰ
798 2371 842 2401 διὰ

64 2404 113 2452 τοὺς
135 2408 297 2449 Φαρισαίους
321 2411 372 2451 οὖχ
397 2413 563 2452 ὡμολόγουν,
591 2412 635 2442 ἵνα
661 2413 698 2451 μὴ
724 2416 842 2445 ἀποσυν-

65 2451 149 2497 ξίγιτιγοι
162 2454 298 2493 γένωνται.
313 2455 476 2494 Ἠγάπησαν
494 2451 549 2497 γὰρ
563 2456 611 2493 τὴν
628 2458 704 2492 δόξαν
720 2460 772 2488 τῶν
794 2461 840 2489 ἆν-

65 2493 163 2541 θξώπων
173 2500 274 2536 μᾶλλον
284 2493 411 2541 ἤπερῖτὴν
423 2493 549 2535 δόξαντοῗ
559 2503 641 2532 Θεοῦ.
656 2517 668 2528 ι
678 2519 719 2526 —-
728 2517 739 2529 ι
748 2505 843 2534 Ταῦτα

66 2532 126 2568 εἶπεν
140 2532 265 2579 Ἡσαΐας,
279 2532 322 2574 ὅτε
336 2532 546 2581 εἶὸε”τὴν,δόξαν
564 2548 647 2577 αὐτοῦ
663 2548 740 2587 (3a).

66 2592 116 2632 Ife;
136 2587 188 2617 Τοῦ
212 2589 295 2625 Υἱοῧ,
309 2589 396 2619 καίτοι
418 2593 464 2620 τοῦ
489 2592 596 2632 Πατρὸς
612 2592 660 2629 τὴν
679 2592 755 2628 δόξαν
773 2594 846 2622 δοκεῖ

67 2626 133 2664 ἰδεῖν,
150 2630 207 2662 ὅσον
229 2633 283 2663 ἀπὸ
308 2637 354 2671 τῆς
378 2626 585 2675 ἀκολουθίας,’δ
611 2626 759 2678 προφήτης.
776 2637 842 2668 Ἐν-

93 2691 194 2725 "Joan.
210 2701 320 2732 xv.15.
335 2699 448 2728 "Joan.
461 2708 520 2735 xu,
534 2704 578 2730 38.

897 2328 1014 2365 gloriam
1035 2326 1102 2362 ejus,
1126 2329 1155 2353 et
1177 2325 1285 2352 locutus
1307 2327 1349 2352 est
1369 2323 1404 2351 de
1431 2331 1475 2351 eo.
1498 2324 1698 2350 Verumtamen

896 2373 982 2401 etiam
994 2379 1026 2399 ex
1039 2369 1207 2407 principibus
1219 2368 1297 2396 multi
1313 2367 1492 2396 crediderunt
1506 2368 1533 2395 in
1547 2375 1610 2395 eum
1627 2376 1634 2395 :
1650 2366 1700 2395 sed

896 2421 1009 2454 propter
1019 2415 1172 2443 Pharismos
1183 2421 1239 2441 non
1251 2413 1466 2447 conﬁtebantur,
1482 2420 1516 2439 ne
1530 2419 1545 2439 θ
1557 2413 1699 2448 Synagoga

895 2462 1070 2498 ejicerentur.
1083 2459 1247 2487 Dilexerunt
1258 2457 1333 2485 enim
1347 2457 1460 2493 gloriam
1476 2456 1621 2484 hominum
1637 2464 1698 2484 ma-

899 2507 939 2543 gis
953 2513 1036 2542 quam
1050 2504 1167 2540 gloriam
1182 2503 1240 2530 Dei.
1253 2513 1317 2525 --α
1330 2503 1398 2529 Ilaec
1411 2501 1481 2529 dixit
1490 2501 1575 2529 Isaias
1587 2500 1699 2536 quando

900 2551 967 2579 vidit
990 2550 1107 2587 gloriam
1129 2548 1196 2584 ejus.
1220 2559 1232 2571 ιι
1250 2546 1353 2583 Cujus?
1373 2547 1446 2580 Filii,
1471 2546 1598 2582 quamvis
1611 2545 1699 2573 Patris

897 2595 1015 2632 gloriam
1041 2593 1166 2621 videatur
1199 2595 1335 2628 spectare,
1364 2591 1442 2627 juxta
1475 2589 1698 2625 consequentiam

898 2639 1059 2677 prophetiae.
1076 2639 1136 2666 Hoc
1150 2641 1244 2665 autem
1259 2636 1320 2664 loco
1333 2635 1497 2672 evangelista
1507 2634 1622 2671 gloriam
1638 2632 1699 2660 Filii

555 2727 597 2775 lix
621 2727 780 2777 collatione
801 2746 889 2777 codd.
905 2746 1010 2776 Venet.
1076 2743 1179 2773 Marci.

105 2800 143 2832 a2)
156 2802 221 2831 Cod.
237 2806 280 2838 26,
294 2804 370 2833 addit
387 2815 392 2833 ε
409 2806 450 2832 καὶ
467 2805 575 2840 ἐλάλησε
589 2807 644 2843 περὶ
658 2807 748 2841 αὐτοῦ,
762 2819 775 2832 αι
789 2811 817 2836 et
826 2815 846 2835 ῐῙ

900 2806 999 2834 ;ionem
1019 2804 1083 2832 fecit
1097 2803 1166 2839 ejus.
1185 2814 1196 2827 -

159 2847 268 2876 PATROL.
287 2850 341 2878 Gn.
363 2850 472 2880 CXXIV.
