1922 3077
246 159 297 185 139

749 157 1005 187 THEOPHYLACTI
1024 160 1203 189 BULGARIE
1221 161 1380 189 ARCHIEPt
1825 166 1866 194 MO

242 219 309 248 dicit
320 220 420 249 vidisse
432 220 536 248 Isaiam
552 229 559 247 :
574 219 676 248 Paulus
689 223 782 248 autem
797 221 915 256 Spiritus
928 221 960 249 ’⁸.
974 223 1028 250 ἶ]Πί

1092 226 1177 253 ταῦθα
1192 224 1219 253 δὲ
1231 225 1245 253 6
1260 223 1452 263 εὖαγγελιστὴς
1466 223 1544 259 δόξαν
1562 227 1608 254 τοῦ
1620 226 1696 263 Υἱοῗὶ,
1713 227 1798 266 φησὶν,
1815 229 1866 259 ἰδεῖν

241 264 325 301 igitur
335 265 421 301 gloria
436 269 540 293 sancta:
553 265 695 293 Trinitatis
711 274 718 293 :
732 269 761 293 et
775 273 836 301 quae
849 266 945 300 Patris,
955 267 1036 294 etiam

242 309 302 338 Filii
322 314 366 338 est
389 318 397 337 :
422 313 451 338 et
470 318 532 346 quae
556 309 627 343 Filii,
643 310 727 346 682
752 310 834 338 etiam
857 311 970 346 Spiritus
983 315 1035 339 est.

241 353 367 383 Gloriam
388 358 481 382 autem
506 354 571 382 dicit
584 354 683 382 vidisse
705 355 816 388 Isaiam,
837 354 946 383 fumum
960 355 1037 383 illum

240 399 289 434 qui
303 399 440 435 apparuit,
456 399 601 435 Seraphin,
616 399 762 433 carbones,
775 399 870 435 altare,
892 400 1036 429 thronum.

241 443 316 471 Vidlt
342 443 424 480 igitur
449 444 533 472 Isaias
557 443 627 472 hanc
650 444 775 480 gloriam,
798 449 826 472 et
855 445 963 473 locutus
997 449 1039 473 est

242 487 276 515 de
294 487 353 521 illo,
375 488 442 516 Filio
462 488 598 517 videlicet.
621 488 694 524 Quid
710 493 802 517 autem
820 489 927 518 locutus
948 494 989 518 est
1003 490 1038 517 de

241 531 288 560 illo
306 533 318 559 Ρ
339 534 379 560 Ea
392 540 454 569 quae
475 541 557 569 supra
571 533 651 562 dicta.
682 545 694 557 α
711 533 791 569 Quod
806 534 950 562 excaacarit
973 534 1035 562 illo-

239 584 303 605 rum
318 577 424 612 oculos,
436 581 465 606 et
475 577 609 606 indurarit
622 578 704 606 corda
717 578 862 606 illorum.»
878 579 1036 615 Assignavit

240 626 333 650 autem
365 623 531 659 evangelista
559 623 633 660 quod
658 634 671 648 «ι
697 631 728 651 ex
758 623 926 660 principibus
956 624 1035 652 multi

238 667 402 699 crediderint
422 668 449 696 in
472 667 560 702 illum,
584 679 597 692 »
617 668 763 697 ostendens
789 668 864 704 quod
885 673 913 697 et
934 669 962 696 in
984 668 1037 697 hoc

238 712 347 740 mentiti
366 712 422 740 sint
434 713 573 747 Pharisaei,
586 712 708 741 dicentes
724 723 731 742 :
759 725 772 738 σι
788 715 863 741 Num
887 713 946 749 quis
960 713 1034 750 prin-

238 756 330 793 cipum
343 757 457 786 credidit
471 759 499 786 in
513 758 609 786 illum?
629 768 641 782 ι»
657 759 727 786 Ecce
742 770 755 783 ‹ι
770 758 850 786 multi
862 758 1036 786 crediderunt

237 801 320 829 etiam
332 802 498 838 principum,
511 802 558 831 sed
568 807 680 838 propter
690 803 842 831 Pharisaeos
854 811 909 830 non
921 803 1035 831 conlite-

237 845 349 874 bantur.
364 847 523 875 Dilexerunt
543 847 618 875 enim
637 847 752 883 gloriam
767 847 924 876 hominum.
945 859 958 872 ι
974 849 1035 876 Ηοο

236 895 330 919 autem
353 892 478 920 Christus
497 892 535 920 eis
553 891 681 928 praedixit
698 892 721 909 ²⁶
744 902 751 920 :
778 903 790 917 ι
814 892 960 927 Quomodo
981 901 1031 928 po-

235 936 314 964 testis
332 936 456 972 credere,
483 937 598 973 gloriam
615 937 655 965 'ab
679 937 839 965 hominibus
854 937 1031 974 accipientes,

234 984 263 1009 et
285 981 401 1016 gloriam
425 990 440 1010 a
460 983 519 1009 Deo
541 982 601 1010 solo
621 988 678 1010 non
698 983 870 1018 quarentes?
897 994 910 1006 ν
939 984 1032 1019 Itaque

233 1026 398 1062 evangelista
429 1026 548 1055 ostendit
570 1026 623 1055 hoc
649 1027 690 1055 eis
717 1027 842 1055 accidere
871 1027 945 1063 quod
969 1032 1032 1055 ante

234 1070 359 1107 pmdixit
381 1071 420 1099 eis
434 1071 570 1099 Christus.
589 1072 635 1100 Sic
656 1080 721 1108 ergo
745 1080 802 1100 non
822 1072 937 1100 fuerunt
957 1073 1030 1108 prin-

233 1116 318 1151 cipes,
345 1115 393 1144 sed
413 1116 496 1151 servi,
523 1121 674 1144 extremam
699 1116 917 1153 vilissimamque
944 1118 1029 1144 servi-

233 1163 320 1187 tutem
343 1160 500 1189 servientes.
522 1162 562 1188 Ex
583 1160 636 1189 hoc
658 1160 732 1189 disce
751 1161 826 1197 quod
845 1169 923 1189 vana:
935 1161 1030 1197 gloriae

232 1209 351 1234 sectator
363 1213 460 1234 servus
472 1209 514 1235 est
530 1209 557 1234 et
569 1205 780 1242 ignominiosus.

265 1350 347 1379 Vsus.
362 1352 409 1385 44,
423 1352 468 1378 45.
495 1361 507 1375 σ
522 1350 602 1378 Jesus
623 1353 716 1378 autem
731 1349 874 1383 clamavit,
889 1354 916 1377 et
937 1348 1007 1377 dixit
1024 1359 1030 1377 :

230 1395 282 1430 Qui
303 1395 391 1423 credit
413 1395 442 1422 in
464 1403 520 1430 me,
539 1403 597 1422 non
610 1395 698 1422 credit
712 1394 740 1422 in
765 1402 821 1428 me,
843 1394 891 1422 sed
915 1394 944 1422 in
967 1402 1030 1422 eum

228 1440 275 1476 qui
294 1440 370 1468 misit
392 1447 446 1467 me.
479 1440 514 1466 Et
539 1439 586 1475 qui
610 1439 683 1467 videt
704 1447 760 1473 me,
788 1438 862 1467 videt
889 1446 953 1466 eum
983 1445 1034 1475 qui

228 1484 302 1512 misit
318 1491 372 1512 me.
388 1493 403 1512 )›
422 1483 576 1511 Occultavit
595 1483 707 1519 quidem
720 1491 749 1511 se
764 1483 800 1511 ad
815 1487 925 1518 tempus
938 1484 1028 1517 Jesus,

229 1528 327 1556 cedens
341 1528 479 1563 paulisper
492 1527 528 1555 ob
542 1527 613 1556 iram
624 1527 796 1556 Iudaeorum.
812 1529 918 1555 Iterum
933 1532 1025 1555 autem
1043 1547 1065 1578 Ο

228 1577 381 1608 comparet,
406 1580 437 1600 ac
457 1572 558 1600 clamat
572 1572 655 1600 libere
677 1576 704 1600 et
726 1572 844 1608 publice.
869 1572 1027 1600 Ostendens

228 1621 322 1645 autem
345 1628 359 1641 α
375 1616 553 1652 semetipsum
574 1617 709 1652 aequalem
729 1617 803 1645 Patri
823 1617 857 1651 “,
876 1627 890 1642 ι)
916 1621 944 1645 et
967 1619 1026 1645 Deo

229 1669 285 1689 non
306 1661 486 1696 contrarium,
508 1661 588 1695 dixit,
615 1672 628 1687 ‹‹
651 1662 703 1697 Qui
728 1661 817 1689 credit
843 1661 871 1689 in
892 1669 948 1696 mc,
969 1669 1027 1689 non

227 1706 315 1734 credit
337 1706 367 1733 in
393 1714 448 1740 me,
461 1706 511 1734 sed
533 1706 561 1734 in
580 1714 645 1734 eum
673 1706 718 1742 qui
739 1704 814 1734 misit
837 1714 891 1741 me,
915 1718 927 1731 ι
948 1706 1026 1742 quasi

227 1749 281 1778 hoc
301 1750 393 1779 dicens
414 1760 421 1779 :
446 1751 518 1785 Quid
541 1751 670 1779 timuistis
693 1751 803 1779 credere
825 1751 855 1779 in
875 1753 936 1779 me?
959 1751 1026 1779 ﬁdes

225 1795 271 1823 illa
290 1803 352 1832 quae
365 1799 407 1823 est
422 1795 449 1823 in
465 1804 519 1829 me,
539 1796 573 1824 ad
588 1797 698 1823 Patrem
713 1803 809 1824 meum
832 1796 940 1824 transit.
955 1795 1025 1824 Vide

224 1844 316 1868 autem
343 1845 370 1869 et
405 1841 541 1868 sermonis
567 1841 741 1869 evidentiam.
773 1841 834 1868 Non
866 1840 946 1875 dixit,
971 1840 1024 1876 Qui

223 1885 310 1914 credit
324 1885 404 1920 mihi;
420 1885 477 1921 sed,
501 1897 514 1910 ‹‹
531 1885 577 1922 qui
594 1886 682 1914 credit
698 1885 724 1913 in
739 1893 793 1919 me,
815 1897 828 1910 ιι
845 1884 920 1922 quod
939 1885 1024 1914 ﬁdem

223 1930 250 1958 in
277 1930 369 1959 Deum
391 1930 538 1967 signiﬁcat.
564 1931 646 1959 Aliud
668 1931 744 1958 enim
770 1934 811 1958 est
832 1930 943 1958 credere
963 1930 1024 1959 cui-

222 1975 308 2011 piam,
331 1980 359 2004 et
379 1975 456 2003 aliud
478 1975 588 2003 credere
609 1976 637 2003 in
652 1976 820 2011 quempiam.
841 1977 913 2003 Nam
932 1974 955 2002 is
976 1975 1023 2011 qui

222 2020 308 2048 credit
328 2019 419 2052 alicui,
437 2024 526 2055 potest
538 2019 652 2055 intelligi
667 2020 741 2055 quod
755 2019 848 2046 credat
869 2019 896 2046 ei
917 2022 948 2046 ut
962 2027 1024 2047 vera

222 2064 323 2092 dicenti
350 2074 356 2091 :
373 2064 418 2099 qui
443 2068 536 2091 autem
556 2063 645 2091 credit
666 2063 693 2090 in
719 2063 891 2099 quempiam,
907 2063 1023 2091 omnino

222 2112 254 2136 ut
266 2109 294 2135 in
314 2110 402 2135 Deum
421 2107 518 2136 credit.
539 2108 603 2135 Ideo
619 2111 691 2135 recte
714 2107 776 2143 quis
799 2107 945 2135 crediderit
959 2115 1023 2143 apo-

222 2152 310 2187 stolis,
325 2156 352 2180 at
364 2160 420 2180 non
434 2152 499 2180 item
515 2152 542 2179 in
557 2152 706 2188 apostolos.
724 2153 876 2187 Eapropter
889 2152 1022 2181 Dominus

221 2204 278 2224 non
297 2197 376 2231 dixit,
398 2197 451 2232 Qui
470 2196 557 2225 credit
571 2196 639 2224 mihi
661 2196 724 2231 (hoc
746 2197 819 2224 enim
846 2197 947 2225 Paulus
969 2198 1022 2225 for-
1035 2207 1060 2238 D

221 2241 302 2270 tassis
316 2245 343 2269 et
365 2242 462 2269 Petrus
476 2244 583 2277 poterat
604 2240 694 2269 dicere
719 2250 726 2268 :
752 2241 805 2275 Qui
830 2241 915 2269 credit
941 2241 1018 2269 mihi.

223 2285 276 2314 Sed
289 2289 317 2314 et
330 2286 455 2314 chrwis
468 2286 541 2322 quod
555 2293 612 2314 non
635 2285 801 2314 crediderint
815 2285 899 2319 Mosi,
915 2294 1018 2322 oppro~

220 2331 336 2365 bratur),
355 2331 444 2367 majus
459 2335 553 2359 autem
576 2335 616 2359 est
639 2331 713 2367 quod
726 2331 802 2365 dicit,
826 2342 839 2355 α
863 2331 917 2366 Qui
930 2331 1018 2359 credit

220 2375 249 2403 in
261 2383 319 2411 me,
335 2387 347 2400 »ι
359 2383 410 2412 per
427 2375 501 2412 quod
523 2376 643 2404 ostendit
659 2384 688 2404 se
703 2383 760 2404 esse
775 2377 866 2404 Deum
883 2384 889 2402 :
905 2376 977 2404 sicut
989 2380 1018 2404 et

219 2419 357 2456 discipulis
383 2420 451 2449 dicit
469 2420 502 2455 ’⁸,
524 2432 537 2445 «ι
558 2420 678 2449 Creditis
700 2420 727 2449 in
751 2422 853 2455 Deum,
873 2424 901 2448 et
923 2421 951 2448 in
972 2428 1017 2449 me

219 2464 327 2493 credite.
345 2477 357 2490 1
378 2466 469 2501 Atque
486 2465 533 2500 ita,
555 2465 685 2501 quoniam
705 2465 751 2502 qui
773 2465 860 2493 credit
881 2465 910 2493 in
926 2465 1014 2499 illum,

218 2510 301 2539 ﬁdem
315 2510 349 2538 ad
367 2512 476 2538 Patrem
488 2510 661 2544 transmittit,
677 2510 769 2546 utique
783 2515 810 2538 ct
822 2510 870 2546 qui
883 2509 1015 2538 discredit

216 2555 253 2591 ei,
277 2555 350 2583 Patri
372 2555 512 2583 discredit.
539 2566 552 2580 «
575 2554 627 2590 Qui
646 2559 739 2583 autem
767 2555 839 2583 videt
857 2562 914 2588 me,
939 2554 1014 2583 videt

215 2608 281 2628 eum
306 2599 352 2637 qui
375 2599 450 2628 misit
481 2607 534 2628 me.
559 2611 572 2625 ν
596 2599 727 2635 Nunquid
751 2599 826 2628 videt
848 2599 1013 2628 lineamenta

215 2645 339 2682 corporis
349 2644 426 2682 ejus?
441 2646 503 2674 Non
527 2652 636 2681 :neque
654 2645 727 2672 enim
740 2645 819 2672 Pater
842 2644 928 2672 habet
950 2652 1011 2672 cor-

1087 268 1131 298 τὸν
1147 267 1265 303 Ἡσαΐαν
1277 281 1284 288 ·
1303 271 1316 298 6
1331 270 1357 299 δὲ
1375 270 1493 309 Παῦλος,
1509 272 1555 299 τοῦ
1582 271 1742 308 Πνεύματος.
1759 273 1812 302 Μία
1825 273 1866 313 ἄρα

1090 315 1107 348 ἡ
1131 313 1193 348 δόξα
1219 316 1266 350 τῆς
1290 313 1367 352 ἁγίας
1381 314 1505 352 Τριάδος,
1530 317 1546 350 ἡ
1571 317 1617 345 τοῦ
1643 315 1747 355 Πατρὸς
1763 316 1804 346 καὶ
1828 321 1865 347 τοῦ

1092 359 1166 395 Υῖοῦ,
1182 358 1199 394 ἤ
1218 370 1246 388 τε
1258 361 1305 388 τοῦ
1318 358 1394 398 ἁγίου
1410 359 1569 398 Πνεύματός
1586 360 1652 390 ἔστι.
1669 361 1752 394 Δόξαν
1768 361 1793 391 δὲ
1807 361 1867 400 λέγει

1091 403 1154 432 ἰδεῖν
1177 402 1222 433 τὸν
1234 401 1350 433 Ἡσαΐαν
1365 403 1409 433 τὸν
1423 404 1525 433 καπνὸν
1545 405 1653 442 ἐκεῖνον,
1668 404 1696 434 ὃν
1721 406 1867 446 ἐφαντᾶσθη,

1090 447 1124 476 τὰ
1148 448 1296 490 Σεραςρεὶμ,
1315 448 1377 490 τοὺς
1395 448 1545 488 ἄνθρακας,
1559 449 1591 478 τὸ
1615 451 1806 490 θυσιαστήριον,
1831 451 1867 480 τὸν

1091 491 1190 532 θρόνον.
1211 488 1288 522 Εἶδεν
1309 488 1353 522 οὖν
1372 494 1387 522 6
1410 493 1525 527 Ἡσαΐας
1544 493 1645 530 ταύτην
1670 494 1717 527 τὴν
1732 488 1814 532 δοξαν,
1828 496 1867 525 χαὶ

1091 537 1204 574 ἐλάλησε
1219 537 1280 577 περὶ
1296 538 1386 576 αὐτοῦ,
1401 540 1446 566 τοῦ
1460 539 1526 568 Υἱοῦ
1545 538 1659 575 δηλαδή.
1676 538 1712 569 Τί
1725 539 1751 568 δὲ
1767 539 1867 575 ἐλάληοε

1091 581 1151 621 περὶ
1175 583 1271 620 aiio-:05;
1296 582 1340 612 Τὰ
1363 582 1418 611 ἄνω
1443 582 1586 623 εἰρημένα·
1605 597 1616 610 ι
1639 582 1704 614 Ὅτι
1719 583 1866 624 τετύφλωκεν

1091 627 1176 656 αὐτῶν
1201 626 1260 660 τοὺς
1282 626 1445 666 ὀφθαλμοὺς,
1471 627 1517 657 καὶ
1541 626 1705 668 πεπώρωχεν
1729 629 1810 657 αὐτῶν
1829 628 1867 662 τὰς

1089 671 1200 710 καρδίας
1241 684 1253 698 ιι
1279 671 1504 710 Ἐπισημαίνεται
1530 673 1558 702 δὲ
1585 674 1599 702 6
1615 673 1810 712 εὐαγγελιστὴς,
1834 672 1867 702 ὅτι

1095 726 1109 745 (ι
1123 715 1179 746 Καὶ
1190 717 1219 745 ἐκ
1229 717 1280 745 τῶν
1293 716 1428 756 ἀρχόντων
1439 716 1534 746 πολλοὶ
1547 717 1705 747 ἐπίστευσαν
1718 719 1753 750 εἷς
1765 717 1844 752 αὐτὸν,
1856 730 1865 743 ι

1089 760 1214 790 δεικνύων
1239 761 1279 790 ὅτι
1304 761 1349 790 καὶ
1374 762 1401 790 ἐν
1425 761 1512 802 τούτῳ
1538 761 1684 802 ἐψεύσαντο
1698 763 1722 792 οἱ
1736 763 1866 802 Φαρισαῖοι

1088 805 1217 839 εἰπόντες·
1245 817 1259 834 (ι
1289 805 1337 841 Μή
1364 817 1402 838 τις
1426 808 1479 835 τῶν
1506 807 1642 846 ἀρχόντων
1668 807 1815 836 ἐπίστευσεν
1838 807 1866 840 εἰς

1090 849 1184 886 αὖτόνς
1204 863 1216 877 ι›
1235 849 1303 879 Ἰδοὺ
1320 849 1370 891 γὰρ
1399 861 1412 878 ι(
1425 850 1519 880 πολλοὶ
1535 851 1695 881 ἐπίστευσαν
1710 851 1756 881 καὶ
1768 853 1816 880 τῶν
1831 851 1867 890 ἆρ-

1048 897 1072 928 Β
1088 894 1199 934 χόντων,
1221 894 1291 924 ἀλλὰ
1314 895 1356 925 διὰ
1379 895 1439 929 τοὺς
1461 896 1627 935 Φαρισαίους
1642 897 1692 936 οὐχ
1716 895 1865 935 ὡμολόγουν.

1086 939 1248 979 Ἠγάπησαν
1273 939 1324 980 γὰρ
1347 941 1394 977 τὴν
1415 939 1491 974 δόξαν
1514 942 1566 971 τῶν
1579 941 1742 981 ἀνθρώπων.
1760 954 1771 967 ι
1794 942 1866 970 Τοῦτο

1087 984 1114 1014 δὲ
1128 984 1174 1014 χαὶ
1189 987 1203 1014 6
1216 984 1332 1024 Χριστὸς
1346 986 1433 1019 αὐτοῖς
1446 989 1591 1026 προεῖπεν,
1604 985 1645 1016 ὅτι
1664 997 1678 1015 τι
1696 987 1757 1019 Πῶς
1769 985 1866 1015 δύνασθε

1086 1029 1218 1059 πιστεύειν
1230 1052 1238 1066 ,
1261 1030 1338 1064 δόξαν
1356 1030 1431 1069 παρὰ
1459 1029 1604 1070 ἀνθρώπων
1619 1031 1809 1069 λαμϐάνοντες,
1827 1028 1866 1064 τὴν

1088 1073 1114 1103 at
1126 1073 1201 1108 δόξαν
1217 1074 1265 1110 τὴν
1273 1074 1351 1116 παρὰ
1364 1077 1409 1104 τοῦ
1424 1074 1504 1113 μόνου
1516 1077 1587 1106 Θεοῦ
1601 1077 1755 1109 ἀθετοῦντες
1770 1076 1824 1116 (33)
1836 1085 1844 1110 ;
1856 1088 1865 1100 ι

1086 1119 1223 1149 Δείχνυσιν
1257 1115 1301 1149 οὖν
1333 1121 1347 1148 6
1385 1120 1577 1160 εὖαγγελιστὴς
1615 1123 1694 1151 τοῦτο
1730 1121 1866 1160 πάσχοντας

1086 1163 1197 1205 αὐτούς,
1218 1163 1232 1193 ὃ
1262 1166 1385 1204 προεῖπεν
1410 1165 1498 1198 αὐτοῖς
1518 1167 1533 1195 6
1555 1165 1681 1205 Χριστός.
1708 1165 1799 1198 Οὕτως
1822 1163 1865 1203 ἄρα

1086 1209 1133 1237 οὐκ
1147 1204 1215 1244 ἦσαν
1232 1209 1370 1248 ἄρχοντες,
1388 1209 1459 1238 ἀλλὰ
1476 1204 1718 1244 δοῦλοιξδουλείαν
1733 1209 1780 1245 τὴν
1797 1207 1867 1248 ἐσχέ-
1906 1223 1907 1243 ι

1085 1264 1132 1290 την
1158 1253 1334 1287 δουλεύοντες.
1363 1253 1414 1284 Ἐκ
1439 1254 1532 1284 τούτου
1560 1250 1604 1284 οὖν
1633 1255 1811 1294 μανθάνομεν,
1835 1252 1867 1281 ὅτι

1086 1297 1181 1331 ἐκεῖνός
1195 1300 1254 1327 ἐστι
1266 1299 1356 1332 δοῦλος
1369 1297 1417 1328 καὶ
1431 1299 1534 1338 ἄτιμος,
1544 1301 1564 1340 ¹ὁ
1578 1300 1722 1340 φιλόδοξος.

1126 1355 1138 1369 α
1154 1342 1254 1380 Ἰησοῦς
1276 1343 1304 1373 δὲ
1321 1343 1423 1383 ἔχραξε,
1451 1344 1497 1374 καὶ
1524 1338 1616 1374 εἶπεν·
1639 1344 1676 1375 '0
1698 1343 1824 1374 πιστεύων
1837 1342 1866 1374 εἰς

1085 1386 1133 1424 ἐμὲ
1150 1388 1179 1416 οὖ
1203 1387 1321 1417 πιστεύει
1336 1390 1371 1422 εἰς
1387 1388 1444 1427 ἐμὲ,
1460 1390 1520 1418 ἀλλ’
1535 1390 1570 1423 εἷς
1592 1389 1637 1420 τὸν
1663 1387 1806 1430 πέμψαντά
1825 1397 1866 1425 με·

1085 1431 1131 1460 καὶ
1156 1433 1170 1460 6
1204 1433 1309 1472 θεωρῶν
1337 1433 1383 1471 ἐμὲ
1412 1436 1506 1472 θεωρεῖ
1534 1433 1578 1463 τὸν
1605 1433 1752 1475 πέμψαντά
1780 1443 1820 1471 με.
1851 1441 1863 1459 ι)

1086 1476 1203 1515 Ἐκρύϐη
1233 1475 1281 1516 μὲν
1298 1476 1362 1517 πρὸς
1386 1478 1476 1518 καιρὸν
1501 1481 1515 1508 6
1536 1480 1649 1515 Ἰησοῦς,
1665 1481 1704 1520 τῷ
1728 1479 1800 1517 θυμῷ
1822 1477 1865 1506 τῶν

1082 1520 1218 1552 Ἰουδαίων
1241 1521 1464 1560 ὖπεξιστάμενος·
1478 1523 1559 1553 πάλιν
1575 1523 1602 1553 δὲ
1628 1524 1808 1565 ἐμφανίζεται,
1827 1519 1866 1550 καὶ
1906 1519 1907 1542 ί

1083 1566 1173 1605 κράζει
1196 1566 1342 1607 παῤῥησίᾳ.
1367 1567 1501 1597 Δεικνύων
1518 1568 1545 1597 δὲ
1570 1569 1662 1598 ἑαυτὸν
1689 1568 1736 1599 καὶ
1761 1568 1813 1597 ἴσον
1834 1565 1865 1603 τῷ

1082 1610 1182 1650 Πατρὶ,
1199 1610 1244 1640 καὶ
1258 1612 1304 1640 οὐκ
1328 1611 1453 1648 ἀντίθεον,
1481 1612 1562 1652 φησίν
1573 1625 1581 1632 ο
1596 1627 1609 1639 ‹ι
1626 1613 1661 1644 Ὁ
1685 1612 1813 1643 πιστεύων
1836 1610 1865 1641 εἷς

1082 1654 1130 1693 ἐμὲ
1158 1655 1187 1684 οὗ
1215 1655 1333 1685 πιστεύει
1363 1657 1398 1689 εἷς
1422 1656 1487 1694 ἐμὲ,
1515 1657 1574 1687 ἀλλ’
1596 1659 1631 1692 εἷς
1658 1659 1703 1688 τὸν
1730 1652 1863 1696 πέμψαντά

1082 1711 1131 1738 με·
1147 1710 1163 1729 )
1180 1700 1276 1729 ὡσανεὶ
1292 1703 1370 1730 τοῦτο
1384 1700 1468 1740 λέγων
1479 1712 1485 1719 ·
1511 1701 1547 1731 Τί
1570 1702 1707 1732 δεδοίκατε
1735 1702 1863 1732 πιστεῦσαι

1081 1745 1117 1777 εἰς
1144 1745 1207 1782 ἐμέ;
1225 1744 1261 1774 Ἦ
1284 1746 1320 1779 εἷς
1347 1743 1395 1784 ἐμὲ
1426 1745 1515 1780 πίστις
1541 1746 1606 1786 πρὸς
1633 1747 1677 1776 τὸν
1699 1746 1805 1786 Πατέρα
1821 1753 1862 1782 μου

1080 1789 1221 1831 διαϐαῇει.
1247 1788 1320 1830 Ὅρα
1347 1790 1375 1818 δὲ
1400 1790 1445 1819 καὶ
1473 1790 1522 1827 τὴν
1546 1791 1686 1831 ἀκρίϐειαν
1713 1795 1759 1821 τοῦ
1783 1790 1861 1827 λόγω).

1078 1835 1136 1864 Οὖκ
1157 1829 1241 1871 εἶπεν,
1265 1829 1306 1864 ὅτι
1329 1833 1365 1864 ⁸0
1390 1835 1521 1865 πιστεύων
1546 1829 1622 1874 ἐμοὶ,
1643 1837 1714 1867 ἀλλ”
1732 1849 1745 1864 ιι
1771 1835 1802 1865 Ὁ
1828 1842 1862 1860 πι-

1079 1877 1178 1908 στεύων
1189 1880 1225 1913 εἶς
1244 1879 1305 1918 ἐμὲσ
1323 1890 1337 1908 ι)
1354 1879 1370 1909 ὃ
1385 1879 1432 1916 τὴν
1446 1882 1482 1914 εἷς
1497 1881 1567 1911 θεὸν
1582 1882 1671 1910 πίστιν
1686 1882 1769 1917 δηλοῖ.
1793 1876 1864 1907 ’Ἄλλο

1078 1923 1130 1964 γὰρ
1142 1924 1172 1953 τὸ
1186 1924 1320 1954 πιστεύειν
1334 1924 1395 1961 τινὶ,
1411 1925 1456 1954 καὶ
1472 1925 1538 1955 ἄλλο
1552 1925 1584 1955 τὸ
1605 1926 1739 1956 πιστεύειν
1755 1924 1789 1957 εἴς
1801 1932 1862 1951 τιναο

1079 1967 1114 1998 ⁸0
1139 1968 1187 2007 μὲν
1213 1969 1265 2009 γὰρ
1293 1969 1424 1999 πιστεύων
1455 1971 1506 2000 τινὶ
1533 1970 1643 2000 δύναται
1668 1972 1803 2006 νοηθῆναι,
1829 1965 1862 1994 ὅτι

1079 2012 1196 2043 πιστεύει
1226 2014 1297 2053 αὐτῷ
1324 2015 1410 2050 ἀληθῆ
1437 2015 1557 2054 λέγοντι⁸
1585 2017 1598 2044 6
1624 2015 1652 2045 δὲ
1674 2014 1804 2045 πιστεύων
1831 2009 1863 2042 εἷς

1079 2069 1137 2087 τινα
1162 2059 1198 2091 ὡς
1224 2059 1261 2091 εἷς
1286 2058 1356 2087 Θεὸν
1379 2059 1486 2093 πάντως
1509 2060 1637 2090 πιστεύει.
1662 2062 1713 2090 Διὸ
1738 2055 1861 2089 πιστεύειν

1079 2102 1127 2140 μὲν
1152 2106 1206 2136 τοῖς
1222 2102 1391 2140 ἀποστόλοις,
1422 2104 1492 2133 εἴποι
1510 2105 1542 2134 ἄν
1556 2117 1608 2138 τις·
1636 2104 1768 2134 πιστεύειν
1790 2100 1815 2130 δὲ
1832 2099 1862 2129 εἷς

1077 2146 1136 2181 τοὺς
1160 2146 1329 2183 ἀποστόλους,
1352 2149 1400 2177 οὐχ
1420 2148 1468 2178 ἔτι.
1496 2149 1546 2179 Διὰ
1560 2153 1637 2180 τοῦτο
1661 2145 1706 2179 οὖν
1730 2151 1744 2179 6
1773 2145 1861 2182 Κύριος

1076 2193 1124 2221 οὐκ
1139 2187 1223 2228 εἶπεν,
1252 2191 1293 2221 ὅτι
1317 2191 1351 2222 Ὁ
1365 2193 1498 2223 πιστεύων
1519 2194 1578 2232 ἐμοὶ
1595 2195 1693 2234 (τοῦτο
1713 2193 1764 2233 γὰρ
1786 2188 1862 2234 καὶ-δ

1075 2238 1184 2270 Παῦλος
1200 2236 1278 2276 τυχὸν
1303 2236 1349 2266 καὶ
1365 2239 1378 2266 6
1401 2238 1502 2278 Πέτρος
1520 2238 1650 2274 ἠδύναντο
1665 2239 1760 2273 εἰπεῖν,
1781 2233 1819 2264 ὅτι
1832 2231 1861 2278 (ς)

1073 2281 1204 2311 πιστεύων
1222 2281 1295 2320 ἔμοί·
1312 2281 1381 2312 ἀλλὰ
1403 2283 1450 2312 καὶ
1470 2284 1494 2312 οἱ
1519 2282 1643 2323 Ἑϐραῖοι
1659 2284 1727 2313 διότι
1742 2281 1797 2323 οὐκ..
1807 2275 1859 2307 ἐπί·

1073 2338 1165 2356 στευον
1189 2328 1295 2363 Μωσεῐ,
1323 2327 1521 2367 ὀνειδίζονται),
1551 2318 1581 2357 τὲ
1603 2328 1631 2357 δὲ
1659 2331 1747 2367 μεῖζον
1773 2318 1856 2367 εἶπεν›

1071 2371 1111 2400 ὅτι
1130 2382 1145 2400 (ι
1160 2370 1194 2401 Ὁ
1209 2371 1340 2401 πιστεύων
1357 2373 1393 2405 εἷς
1414 2372 1479 2411 ἐμέο
1496 2385 1508 2399 ι
1531 2372 1562 2402 δι’
1584 2369 1614 2402 οἷ
1635 2373 1746 2402 δεικνύει
1773 2365 1857 2398 ἑαυτὸν

1070 2416 1140 2447 Θεὸν
1163 2415 1247 2445 ὄντα·
1264 2416 1355 2457 ὥσπερ
1371 2417 1417 2446 καὶ
1443 2419 1497 2452 τοῖς
1520 2419 1650 2456 μαθηταῖς
1674 2417 1759 2457 λέγει·
1788 2411 1860 2460 (ί

1071 2460 1174 2490 στεύετε
1189 2462 1225 2495 εἷς
1239 2461 1319 2500 Θεὸν,
1336 2461 1381 2491 καὶ
1398 2463 1434 2495 εἰς
1449 2461 1496 2500 ἐμὲ
1511 2461 1660 2493 πιστεύετε,
1678 2475 1691 2489 ιι
1706 2461 1791 2492 σΩστε
1808 2457 1859 2500 ἐπεὶ

1069 2508 1083 2535 ὁ
1107 2506 1238 2535 πιστεύων
1268 2507 1303 2539 εἷς
1333 2506 1410 2536 αὐτὸν
1432 2505 1481 2543 τὴν
1504 2506 1594 2537 πίστιν
1621 2508 1657 2540 εἷς
1682 2507 1726 2537 τὸν
1754 2498 1855 2543 Πατέρῗ

1068 2550 1232 2584 διαϐιϐάζει·
1264 2550 1310 2580 καὶ
1335 2552 1348 2580 6
1375 2552 1494 2580 ἀπιστῶν
1524 2551 1577 2593 ἄρα
1601 2552 1674 2592 αὐτῷ
1702 2553 1739 2591 τῷ
1772 2541 1856 2593 Ποετρὶ
1906 2546 1907 2587 ί

1068 2597 1184 2625 ἀπιστεῖ.
1209 2608 1222 2622 σι
1249 2595 1304 2637 καὶ
1328 2597 1342 2624 6
1358 2598 1461 2636 θεωρῶν
1486 2595 1514 2625 δὲ
1537 2589 1585 2635 ἐμὲ
1607 2589 1699 2637 θεωρεῖ
1720 2589 1762 2625 τὸν
1786 2589 1852 2626 πέὲ¹”“

1067 2639 1154 2679 ψαντοὶ
1171 2651 1215 2679 με.
1240 2652 1253 2666 ι
1275 2635 1344 2680 Ἆρα
1369 2642 1382 2670 6
1405 2642 1509 2682 θεωρῶν
1529 2642 1573 2672 τὸν
1595 2635 1749 2681 σωματικὸν
1771 2643 1854 2677 χαρα·

250 2708 272 2725 ⁸⁸
288 2710 372 2736 Rom.
388 2716 419 2743 x,
441 2710 473 2736 l9
486 2715 561 2744 seqq.
572 2707 595 2724 ’⁸
606 2709 684 2735 Joan.
699 2715 728 2742 v,
742 2710 791 2741 44;
806 2708 817 2735 ι
830 2708 892 2735 Cor.
912 2715 956 2741 Iv,
977 2709 1004 2735 3.
1018 2707 1028 2723 ²

1083 2706 1173 2743 liilipp.
1189 2713 1225 2740 ιι,
1241 2709 1267 2734 6.
1283 2706 1303 2723 ²⁸
1318 2707 1397 2736 Joan.
1415 2716 1479 2744 xxv,
1498 2711 1523 2736 1.

725 2766 767 2795 Ex
790 2766 947 2796 collatione
963 2766 1048 2796 codd.
1071 2766 1175 2797 Venet.
1196 2765 1228 2796 S.
1249 2765 1354 2796 Marci.

249 2818 303 2849 {33)
318 2815 387 2845 Cod.
406 2820 450 2850 3|,
469 2815 498 2842 σὺ
513 2817 653 2850 ζητοῦντες.
