1922 3077
57 191 104 219 Mi

448 195 644 225 ENARRATIO
662 198 695 226 ΙΝ
714 198 933 227 EVANGELIUM
951 199 1102 229 JOANNIS.
1121 217 1158 223 —
1176 203 1251 231 CAP.
1271 203 1325 232 ΧΠ.

1654 212 1704 239 H2

53 255 157 294 κτῆρα,
170 255 258 304 Οὐχί.Δ
267 257 309 286 οὗ
320 257 370 304 γὰρ
426 260 506 297 σῶμα
518 261 532 288 6
544 261 651 300 Πατὴρ,
662 259 707 290 ἵνα
719 263 733 290 6
745 263 829 301 θεωρὶἱ

905 269 964 297 pus,
996 267 1028 291 ut
1053 263 1099 300 qui
1124 265 1304 300 corporaliter
1330 267 1402 296 videt
1426 268 1578 304 Christum,
1611 273 1702 302 videre

52 301 215 337 σωματικῶς
235 300 279 329 τὸν
304 302 438 342 Χριστὸν,
465 306 571 344 θεωρεῖν
598 305 643 334 καὶ
666 305 710 335 τὸν
737 306 848 346 Πατέρα

50 343 177 389 λεχθείηυ
199 345 270 375 ἀλλὰ
287 346 396 387 θεωρίαν
420 347 468 384 τὴν
496 349 566 378 κατᾶ
592 352 650 379 νοῦν
675 351 785 381 ἐνταῦθά
803 343 848 389 μοι

50 388 118 418 νόει·
137 388 229 430 ὥσπερ
246 389 278 420 ἂν
294 392 316 420 εἰ
331 391 414 427 οὕτως
427 394 514 432 ἔλεγεν
524 405 531 412 ·
542 394 576 424 Ὁ
592 394 640 429 τὴν
653 395 719 433 ἐμὴν
735 396 847 432 οὐσίαν,

50 433 84 465 ὣς
103 433 215 463 δυνατὸν
239 435 388 477 ἀνθρώπῳ,
416 438 577 468 καταλαϐὼν
601 439 643 468 διὰ
669 442 716 476 τῆς
736 440 847 480 θεωρίας

48 479 94 506 τοῦ
114 480 180 517 νοῦ,
205 479 252 508 καὶ
274 480 323 516 τὴν
343 484 388 511 τοῦ
412 482 518 523 Πατρὸς
544 484 712 524 κατείληφεν.
740 484 774 515 l0
791 479 846 523 νὲμὲ

48 522 136 560 γνοὺς,
153 523 194 553 ὅτι
213 524 293 561 Θεὸς,
310 525 356 554 καὶ
371 525 415 555 τὸν
434 529 543 568 Πατέρα
557 522 675 562 πάντως·
693 529 771 558 εἰκὼν
793 529 844 569 γάρ

60 567 68 577 ,
153 569 170 576 Μ
275 569 281 579 I
436 572 443 581 Ι
613 572 619 582 I
714 574 720 583 ‘
817 567 836 583 ,γ

47 577 103 605 ειμι
123 579 170 596 του
187 569 304 609 Πατρος.
331 571 382 600 Διὰ
403 584 510 602 παντων
530 573 557 602 δὲ
573 584 674 603 τουτων
697 586 726 603 το
744 576 843 612 ὁμοθυ-

47 622 101 640 nov
116 612 244 648 δηλοῦται
259 617 305 644 τοῦ
326 616 430 656 Πατρὸς
446 617 491 646 καὶ
505 620 551 647 τοῦ
567 619 644 648 Υἱοῦ.
661 618 843 648 Ἄκουέτωσαν

46 656 70 684 οἱ
89 655 124 686 τὰ
142 659 188 686 τοῦ
209 657 309 697 Ἀρείου
329 663 474 698 νοσοῦντες,
501 661 540 691 ὅτι
555 664 568 691 ὁ
588 663 719 693 πιστεύων
737 665 773 696 εἰς
798 663 841 692 τὸν

46 699 110 729 Υἲὸν
135 702 166 730 οὗ
187 704 307 733 πιστεύει
325 706 364 738 εἰς
388 706 482 743 αὑτὸν,
511 708 570 736 ἀλλ’
595 709 630 741 εἷς
652 708 696 738 τὸν
716 708 841 747 Πατέρα·

45 743 113 774 ὥστε
128 744 147 781 ἢ
162 746 263 786 κτίσμα
279 749 324 778 καὶ
340 751 353 778 6
370 750 478 790 Πατὴρ,
494 751 511 786 ἢ
526 752 584 781 οὐδὲ
604 754 618 781 6
640 753 713 786 Υἱός.
731 743 842 793 ’Ὠσπερ

47 789 79 818 av
93 790 166 820 εἴποι
174 804 224 828 τις,
241 792 282 822 ὅτι
295 793 330 824 Ὁ
342 794 372 824 τὸ
387 797 432 824 τοῦ
448 799 569 835 ποταμοῦ
587 798 730 837 ἀρυόμενος
754 797 839 837 ὕδωρ,

47 834 75 863 οὗ
90 834 123 864 τὸ
145 839 194 866 τοῦ
217 841 355 876 ποταμοῦ,
378 839 448 869 ἀλλὰ
466 840 557 876 τὸτῆς
579 845 666 880 πηγῆς
690 842 841 881 λαμϐάνει·

46 878 114 908 οὓτω
131 881 178 910 καὶ
196 883 210 911 6
233 883 365 913 πιστεύων
389 886 426 918 εἷς
441 885 485 914 τὸν
502 886 581 922 Υἱὸν,
598 887 644 915 οὖκ
667 888 702 920 εἷς
717 888 761 917 τὸν
778 887 842 916 nov

903 306 1009 335 dicatur
1022 312 1050 336 et
1071 309 1194 343 Patrem,
1208 310 1256 338 sed
1271 311 1391 348 intelligo
1413 313 1457 341 hic
1472 314 1604 343 visionem
1622 325 1703 346 men-

904 351 986 380 talem
1009 353 1079 381 sicut
1096 354 1120 382 si
1134 354 1171 382 ita
1193 354 1306 389 diceret,
1327 357 1380 392 Qui
1396 365 1487 386 meam
1502 359 1699 396 substantiam,

903 400 934 423 ut
956 397 1083 432 possibile
1105 403 1148 426 est
1160 398 1275 434 homini,
1295 401 1535 436 comprehenderit
1553 412 1601 439 per
1614 405 1698 442 683

901 442 1162 478 contemplationem
1189 444 1299 478 mentis,
1326 449 1353 473 et
1378 447 1467 474 Patris
1494 455 1605 484 quoque
1632 450 1699 478 sub-

900 486 1028 514 stantiam
1046 487 1235 522 apprehendit.
1259 489 1313 524 Qui
1337 491 1468 526 cognovit
1483 500 1526 519 me
1551 497 1582 520 ut
1598 494 1698 528 Deum,

899 530 981 558 etiam
1002 532 1111 559 Patrem
1134 534 1247 561 omnino
1263 542 1270 561 :
1288 535 1514 571 quandoquidem
1530 537 1620 574 imago
1635 546 1698 567 sum

899 575 993 603 Patris.
1007 577 1059 603 Per
1069 577 1161 604 omnia
1172 582 1263 605 autem
1280 577 1339 606 hanc
1349 579 1555 614 manifestatur,
1569 582 1696 611 eamdem

898 626 956 647 esse
970 620 1152 649 substantiam
1167 623 1256 651 Patris
1277 631 1309 651 ac
1324 624 1391 651 Filii.
1416 625 1535 654 Audiant
1553 627 1599 662 qui
1615 627 1698 655 Aria-

897 671 997 691 norum
1013 665 1110 693 morbo
1126 666 1249 694 laborant
1265 678 1272 695 :
1294 669 1345 703 Qui
1367 669 1455 697 credit
1471 671 1498 697 in
1513 671 1624 705 Filium,
1640 680 1697 700 non

897 709 983 736 credit
1002 710 1030 737 in
1049 718 1124 744 eum,
1139 711 1188 739 sed
1210 713 1236 740 in
1252 713 1370 741 Patrem.
1393 715 1490 751 Itaque
1508 720 1556 744 aut
1570 721 1696 746 creatura

897 753 980 781 etiam
1013 755 1101 789 Pater,
1136 760 1184 783 aut
1213 765 1300 792 neque
1332 758 1427 793 Filius,
1460 761 1695 796 quemadmodum

896 797 996 826 dixerit
1018 799 1081 835 quis
1102 809 1108 827 :
1131 801 1185 836 Qui
1206 801 1297 829 haurit
1320 810 1420 838 aquam
1441 812 1471 832 ex
1492 804 1617 839 ﬂumine,
1641 814 1696 835 non

898 842 971 878 quod
987 843 1072 877 ﬂuvii,
1087 844 1135 872 sed
1149 845 1222 881 quod
1237 846 1320 874 fontis
1332 848 1429 881 sumit;
1445 848 1483 876 ita
1502 853 1530 876 et
1550 850 1594 885 qui
1609 851 1697 878 credit

897 886 925 914 in
948 887 1059 921 Filium.
1080 897 1135 916 non
1158 889 1187 917 in
1218 891 1319 919 Filium
1347 892 1434 920 credit
1459 893 1574 922 fluvium
1597 898 1695 931 (neque

45 925 166 954 πιστεύει
181 926 224 955 τὸν
247 928 367 966 ποταμὸν
394 928 470 969 (οῦδὲ
492 929 544 969 γὰρ
560 931 643 967 ἄλλης
660 931 748 965 οὖσίας
770 933 829 962 ἐστὶ

897 931 971 960 enim
995 932 1108 961 alterius
1128 934 1291 964 substantiae
1316 941 1357 964 est
1380 937 1476 971 Filius,
1499 924 1695 974 neque‘habet

44 969 57 996 6
72 969 145 1015 Υἱὸς,
161 971 219 1000 οὐδὲ
239 972 295 1011 ἔχει
312 984 338 1002 τι
355 974 429 1013 παρὰ
448 974 493 1003 τὸν
510 975 650 1015 Πατέρα),
667 977 726 1005 ἀλλ’
740 978 776 1011 εἰς
793 977 841 1013 τὴν

43 1014 133 1053 πηγὴν
149 1019 196 1045 τοῦ
211 1017 309 1055 ἀγαθοῦ
320 1018 448 1055 πιστεύει,
466 1019 510 1048 τὸν
526 1014 637 1060 Πατέρα
650 1021 731 1061 φημί.

81 1073 94 1086 ι
120 1059 196 1098 Ἐγὼ
219 1062 273 1100 φῶς
294 1063 331 1096 εἷς
353 1062 396 1092 τὸν
419 1063 520 1102 κόσμον
545 1059 671 1102 ἐλήλυθα,
693 1065 737 1095 ἵνα
752 1070 804 1100 πᾶς
825 1068 839 1096 6

42 1104 176 1150 πιστεύων
200 1106 235 1140 εἰς
260 1106 307 1145 ἐμὲ
336 1108 363 1136 ἐν
434 1108 527 1150 σκοτία
553 1109 589 1148 μὴ
611 1110 700 1150 μείνῃ.
719 1110 774 1141 Καὶ
793 1110 838 1140 ἐάν

41 1147 80 1181 τίς
94 1160 147 1186 μου
161 1150 262 1189 ἀκούσῃ
278 1152 331 1181 τῶν
352 1153 492 1193 ῥημάτων,
513 1154 559 1183 καὶ
571 1154 610 1192 μὴ
626 1156 767 1195 πιστεύσῃ,
785 1155 837 1194 ἐγὼ

41 1193 70 1221 οὖ
85 1193 169 1234 κρίνω
191 1195 281 1225 αὐτόν.
307 1197 349 1226 Οὔ
367 1198 419 1238 γὰρ
443 1195 537 1236 ἦλθον,
559 1198 603 1228 ἵνα
619 1200 701 1238 κρίνω
721 1200 766 1229 τὸν
791 1200 835 1231 κό-

41 1249 125 1276 σμον,
143 1240 203 1269 ἀλλ’
227 1239 270 1270 ἵνα
293 1241 371 1271 σώσω
389 1243 434 1273 τὸν
449 1243 561 1282 κόσμον.
580 1258 593 1270 ιι
617 1245 673 1274 Καὶ
694 1245 776 1274 πάλιν
792 1245 836 1274 διὰ

37 1282 132 1313 τούτου
155 1284 203 1320 τὴν
227 1287 420 1324 ὁμοουσιότητα
448 1289 580 1329 ἐμφαίνει.
605 1289 684 1320 Ἐπεὶ
710 1289 762 1330 γὰρ
790 1291 835 1320 καὶ

37 1329 50 1356 6
79 1328 180 1375 Πατὴρ
200 1333 339 1371 πανταχῡῦ
360 1334 408 1368 τῆς
430 1335 452 1363 Γ
454 1328 539 1374 ραίρῆς
566 1336 619 1374 φῶς
642 1328 758 1375 λέγεται,
785 1335 828 1364 διὰ

37 1375 115 1402 τοῦτο
140 1374 186 1403 καὶ
211 1376 271 1415 περὶ
293 1378 386 1406 ἑαυτοῦ
402 1389 497 1417 φησιν·
522 1392 533 1406 ε
553 1378 628 1418 Ἐγὼ
654 1381 709 1419 φῶς
725 1382 762 1413 εἰς
789 1380 834 1410 τὸν

37 1416 138 1457 κόσμον
162 1419 287 1455 ἐλήλυθα.
305 1435 317 1448 ιι
339 1416 423 1452 Ὅθεν
439 1423 484 1452 καὶ
500 1425 514 1452 ὁ
540 1416 647 1457 Παῦλος
660 1416 833 1464 ἰᾶπαύγασμα

37 1463 114 1492 αὐτὸν
138 1465 276 1503 ὀνομάζει,
305 1466 404 1500 δεικνὺς
427 1468 564 1505 ἐντεῦθεν,
591 1470 626 1502 ὣς
654 1469 728 1499 οὐδὲν
751 1470 832 1507 μέσον

37 1507 145 1555 Πατρὸς
157 1508 204 1538 καὶ
220 1510 295 1555 Ϊὶοῦ,
307 1511 367 1540 ἀλλ’
383 1511 441 1550 ἅμα
456 1512 566 1552 Πατὴρ,
580 1513 637 1555 ἅμα
652 1514 724 1550 Υἱὸς,
739 1513 832 1555 ὥσπερ

37 1551 93 1589 ἅμα
110 1554 149 1592 τῷ
165 1554 231 1594 φωτὶ
246 1554 277 1584 τὸ
299 1555 476 1595 ἀπαύγασμα.
495 1558 560 1591 Φῶς
579 1554 624 1587 οὖν
647 1557 692 1588 καὶ
715 1560 730 1588 6
750 1551 830 1596 Υἱὸς,

895 975 998 1012 aliquid
1017 982 1117 1012 praeter
1135 979 1267 1014 Patrem),
1286 980 1334 1009 sed
1351 981 1378 1008 in
1394 981 1500 1010 fontem
1514 983 1580 1011 boni
1593 984 1692 1020 credit,

894 1021 1016 1054 Patrem,
1031 1021 1154 1058 inquam.

928 1066 1017 1094 Vens.
1037 1070 1082 1099 46,
1106 1069 1151 1095 47.
1177 1079 1190 1092 κ
1211 1070 1269 1105 Ego
1288 1070 1333 1098 lux
1357 1069 1384 1098 in
1410 1071 1546 1100 mundum
1567 1073 1639 1109 veni,
1662 1078 1693 1102 ut

893 1110 984 1137 omnis
1002 1111 1049 1146 qui
1073 1112 1162 1140 credit
1186 1113 1213 1140 in
1233 1122 1287 1146 me,
1313 1115 1341 1142 in
1356 1115 1476 1144 tenebris
1501 1124 1558 1145 non
1573 1123 1690 1146 maneat.

893 1155 928 1182 Et
936 1154 960 1182 si
972 1154 1033 1190 quis
1044 1156 1162 1185 audierit
1176 1157 1258 1186 verba
1269 1166 1341 1193 mea,
1353 1163 1379 1187 et
1396 1168 1452 1188 non
1468 1161 1628 1195 crediderit.
1640 1170 1690 1199 ego

891 1206 947 1226 non
965 1199 1060 1236 judico
1075 1209 1147 1229 eum.
1164 1203 1225 1230 Non
1239 1203 1312 1231 enim
1327 1204 1388 1232 veni
1401 1204 1430 1232 in
1444 1206 1579 1234 mundum
1601 1211 1632 1235 ut
1641 1207 1691 1243 ju-

889 1242 978 1272 dicem
1000 1245 1149 1279 mundum,
1169 1247 1216 1275 sed
1231 1252 1261 1275 ut
1275 1248 1377 1277 salvem
1391 1250 1539 1278 mundum.
1557 1263 1570 1275 ν
1585 1242 1689 1281 lterum

889 1292 918 1316 et
931 1296 981 1324 per
998 1289 1050 1317 hoc
1064 1297 1093 1318 se
1104 1291 1366 1321 consubstantialem
1382 1295 1454 1323 Patri
1467 1295 1596 1324 declarat.
1615 1297 1688 1326 Nam

888 1333 952 1369 quia
972 1334 1052 1362 Pater
1073 1333 1101 1362 in
1115 1335 1257 1371 Scriptura
1273 1338 1375 1373 passim
1396 1339 1446 1367 lux
1459 1339 1567 1374 dicitur,
1590 1349 1687 1377 capro-

889 1382 948 1413 pter
959 1382 985 1406 et
994 1377 1027 1406 de
1040 1386 1069 1406 se
1079 1379 1138 1414 ipso
1148 1379 1214 1408 dicit
1226 1390 1232 1408 :
1247 1391 1260 1406 «ς
1273 1383 1329 1418 Ego
1341 1383 1385 1411 lux
1400 1384 1427 1411 in
1436 1384 1570 1412 mundum
1584 1386 1654 1414 veni.
1672 1398 1686 1412 ιι

888 1421 972 1450 Unde
997 1427 1024 1450 et
1046 1424 1145 1451 Paulus
1170 1424 1194 1442 "
1216 1425 1434 1456 deradiationem
1460 1436 1524 1457 eum
1549 1431 1686 1465 nominat,

886 1467 1038 1495 ostendens
1050 1467 1103 1496 hoc
1127 1469 1186 1497 loco
1201 1470 1275 1506 quod
1295 1471 1359 1499 nihil
1374 1472 1476 1500 mediet
1490 1473 1561 1502 inter
1575 1476 1686 1504 Patrem

887 1519 920 1539 ac
935 1511 1050 1546 Filium;
1065 1512 1114 1541 sed
1134 1513 1180 1542 ubi
1200 1515 1290 1550 Pater,
1306 1515 1342 1544 ibi
1355 1517 1441 1545 Filius
1457 1527 1464 1545 :
1480 1519 1553 1546 sicut
1567 1519 1612 1547 ubi
1628 1520 1683 1555 lux,

885 1555 924 1583 ibi
947 1556 1110 1585 deradiatio.
1137 1559 1197 1586 Lux
1225 1560 1309 1596 igitur
1329 1565 1372 1589 est
1393 1562 1487 1597 Filius,
1509 1567 1538 1591 et
1563 1564 1625 1599 quia
1649 1565 1684 1593 ab

36 1596 77 1625 διά
91 1609 121 1627 τε
143 1598 173 1627 τὸ
189 1599 291 1635 πλάνης
307 1601 487 1631 ἀπαλλάττειν
497 1624 506 1639 ,
524 1602 569 1632 καὶ
585 1602 616 1633 τὸ
630 1603 722 1640 νοητὸν
739 1604 829 1637 σκότος

891 1608 978 1628 errore
992 1601 1099 1635 liberat,
1115 1606 1142 1630 et
1163 1603 1240 1639 quia,
1254 1604 1367 1634 discutit
1390 1607 1524 1635 mentales
1545 1596 1682 1638 tenebras.

35 1641 119 1687 λύειν·
136 1643 182 1672 καὶ
203 1643 243 1673 ὅτι
263 1643 355 1685 ὥσπερ
371 1645 401 1675 τὸ
423 1647 476 1686 φῶς
499 1646 594 1687 φανὲν,
613 1649 658 1678 καὶ
681 1648 760 1678 ἑαυτὸ
784 1649 830 1684 δῆ-

33 1685 77 1715 λον
90 1691 181 1725 ποιεῖ,
193 1688 239 1717 καὶ
253 1688 287 1718 τὰ
301 1689 381 1719 λοιπὰ
395 1685 478 1731 ὁρατά
488 1703 494 1709 ·
505 1685 579 1722 οὕτω
592 1693 637 1721 καὶ
649 1695 663 1722 6
676 1693 739 1726 Υἱὸς
750 1693 831 1722 ἐλθὼν

34 1731 78 1778 κα)
100 1732 192 1778 φανεὶς
205 1732 285 1771 ἡμῖν,
308 1734 399 1764 ἑαυτὸν
427 1735 551 1776 ἐγνώρισε
570 1737 615 1767 καὶ
635 1738 680 1767 τὸν
702 1738 829 1778 Πατέρα,

34 1774 78 1804 καὶ
93 1776 158 1816 πρὸς
181 1781 271 1807 πᾶσαν
293 1780 390 1818 γνῶσιν
405 1779 453 1814 τὰς
468 1781 577 1821 καρδίας
600 1784 653 1812 τῶν
676 1783 827 1822 παραδεξα-

32 1819 118 1858 μένων
144 1822 239 1858 αὐτὸν,
268 1823 406 1863 ἐφώτισεν.
435 1838 448 1850 ιι
473 1825 539 1856 Ἐάν
565 1838 605 1860 τις
631 1827 733 1867 ἀκούσῃ
760 1839 826 1866 μου,

32 1865 107 1911 insi,
125 1866 172 1895 καὶ
187 1867 217 1896 οὗ
241 1868 378 1909 πιστεύσῃ,
394 1868 447 1909 ἐγὼ
465 1871 494 1899 οὖ
510 1871 591 1910 κρίνω
608 1871 697 1902 αὐτόν.
719 1873 760 1902 Οὖ
775 1872 827 1913 γὰρ

32 1909 130 1947 ἦλθον,
155 1909 199 1939 ἵνα
227 1912 308 1952 κρίνω
328 1913 373 1942 τὸν
395 1914 508 1953 κόσμον,
530 1909 595 1945 ἀλλ’
619 1915 663 1945 ἵνα
681 1916 759 1946 σώσω
781 1917 826 1947 τὸν

30 1954 139 1992 κόσμον.
157 1966 172 1984 ο
192 1954 230 1985 ⁸0
246 1956 272 1986 δὲ
294 1957 365 1997 λέγει
385 1959 501 1989 τοιοῦτόν
522 1961 592 1990 ἐστι·
607 1961 656 2000 Τῷ
668 1962 824 1992 ἀπιστοῦντι

31 1999 160 2040 ἀνθρώπῳ
177 2001 223 2030 οὐκ
245 2000 298 2046 ἐγώ
324 2002 406 2037 αἴτιός
428 2004 484 2043 εἶμι
505 2005 552 2041 τῆς
575 1999 770 2046 κατακρίσεως¹
794 2007 823 2036 οὗ

29 2043 143 2089 γὰρνέπὶ
165 2045 250 2085 τούτῳ
279 2042 357 2082 ἦλθον
379 2042 592 2089 προηνουμένως,
620 2042 679 2080 ἀλλ’
702 2051 728 2085 ἐξ
755 2054 822 2082 ἄπο-

29 2088 190 2136 τελέσματος
216 2093 293 2121 τοῦτο
318 2092 427 2130 συνέϐη.
457 2088 531 2133 Ἒγὼ
563 2094 611 2135 μὲν
641 2095 693 2136 γὰρ
722 2092 820 2136 ἦλθον,

34 2145 47 2162 (ι
66 2132 110 2163 ἵνα
134 2134 222 2172 σώσω,
238 2148 254 2163 ι»
271 2136 315 2165 καὶ
332 2137 375 2166 διὰ
388 2140 466 2168 τοῦτο
477 2132 593 2174 ἐδίδαξα.
615 2132 651 2171 Εἴ.
663 2132 690 2170 δέ
705 2153 743 2175 τις
758 2132 821 2171 dm;

29 2180 99 2215 στεῖ,
126 2180 175 2209 οὐκ
199 2179 251 2218 ἐγὼ
276 2180 356 2216 αἴτιός
376 2183 432 2221 εἰμι
454 2184 526 2224 αὐτῷ
550 2187 597 2221 τῆς
621 2186 820 2226 κατακρίσεως,

35 2223 85 2251 an,
123 2224 131 2234 υ
153 2224 160 2233 κ
198 2226 211 2253 ἑ
264 2226 281 2233 ιιι
341 2226 348 2236 I
424 2228 432 2239 ν
513 2223 523 2240 ὶ
711 2223 715 2226 ⁷
733 2231 739 2241 ι
786 2223 818 2240 αι’

29 2236 44 2252 α
100 2235 180 2257 auro;
213 2237 284 2265 αυτῳ
300 2237 399 2263 ταυτην
419 2239 602 2259 επεσπασατο.
626 2230 680 2260 Καὶ
703 2232 747 2260 δια
767 2243 820 2261 των

30 2267 92 2305 μετᾶ
107 2270 194 2298 ταῦτα
208 2269 235 2298 δὲ
251 2271 354 2307 μᾶλλον
370 2275 598 2313 σαφηνισΟήο-εται
613 2275 643 2305 τὸ
662 2275 803 2314 λεγόμενον
813 2289 820 2296 ’

28 2311 69 2341 καὶ
85 2312 165 2343 ἄκουε
181 2315 233 2343 τῶν
251 2314 318 2352 ἑξῆς.

69 2368 82 2387 ιι
105 2357 141 2405 ’ρ
166 2359 264 2405 ἀθετῶν
281 2360 348 2398 ἐμὲ,
368 2361 415 2391 καὶ
437 2361 474 2401 μὴ
490 2363 638 2402 λαμϐάνων
661 2364 695 2394 τὰ
712 2365 819 2405 ῥήματά

27 2413 86 2441 μου,
103 2402 161 2443 ἔχει
180 2403 224 2432 τὸν
246 2404 368 2444 κρίνοντα
384 2407 474 2437 αὐτόν.
493 2406 527 2438 Ὁ
541 2408 617 2447 λόγος
633 2408 661 2438 ὃν
685 2402 816 2447 ἐλάλησα,

25 2447 118 2481 ἐκεῖνος
144 2453 227 2488 κρινεῖ
249 2449 328 2479 αὐτὸν
347 2452 374 2481 ἐν
397 2453 431 2491 τῇ
457 2452 559 2492 ἐσχάτῃ
575 2454 675 2494 ἡμέρᾳ.
703 2454 742 2484 ὅτι
765 2455 818 2495 ἐγὼ

25 2491 48 2526 ἐξ
67 2494 185 2541 ἐμαυτοῦ
205 2495 252 2523 οὐκ
269 2495 405 2541 ἐλάλησα,
429 2491 514 2527 ἀλλ’γὸ
530 2491 638 2539 πέμψας
653 2491 686 2538 με
703 2491 815 2541 Πατὴρ,

26 2537 99 2570 αὐτός
121 2550 166 2576 μοι
189 2539 299 2575 ἐντολὴν
315 2540 414 2578 ἔδωκε,
437 2542 463 2571 τί
482 2542 565 2580 εἴπω,
580 2544 625 2573 καὶ
641 2545 667 2574 τί
692 2545 816 2582 λαλήσω·

25 2578 154 2624 καὶοῖδα,
171 2582 211 2613 ὅτι
227 2586 243 2621 ἡ
259 2585 353 2621 ἐντολὴ
377 2587 459 2616 αὐτοῦ
479 2588 533 2623 ζωὴ
555 2589 659 2624 αἰώνιός
680 2590 763 2621 ἐστιν.
784 2590 814 2620 Ἃ

24 2621 65 2655 οὖν
90 2628 164 2657 λαλῶ
192 2628 260 2674 ἐγὼ,
287 2629 372 2665 καθὼς
396 2630 486 2672 εἴρηκέ
512 2621 556 2671 μοι
575 2636 590 2663 6
612 2621 718 2674 Πατὴρ,
747 2635 816 2666 οὕτω

25 2671 105 2719 λαλιῖ».
129 2682 146 2701 1)
163 2673 254 2712 Ἐγὼ,
272 2675 370 2715 φησὶν,
392 2671 482 2706 οὐδένα
496 2678 594 2717 κρίνω,
615 2681 673 2709 ἀλλ’
773 2693 816 2710 πι-

25 2716 118 2746 στεύων
135 2719 192 2757 ἕχει
205 2718 250 2748 τὸν
264 2719 386 2760 κρίνοντα
402 2721 480 2751 αὐτόν
490 2733 496 2740 ·
513 2722 604 2764 ὥσπερ
623 2724 752 2764 εἰώθαμεν
770 2725 816 2755 καὶ

25 2762 239 2802 ἡμεῖςζπολλοίκις
251 2764 348 2805 λέγειν,
364 2765 428 2797 ὅταν
442 2766 546 2798 παιδίον
563 2762 694 2800 ἀτακτοῦν
705 2762 814 2809 μέλλω·

55 2841 74 2859 ²⁹
86 2842 171 2871 Hebr.
187 2852 211 2879 ι,
227 2848 253 2872 3.

887 1646 920 1672 Et
932 1645 1002 1674 sicut
1019 1646 1064 1674 lux
1077 1655 1140 1682 quia
1153 1650 1319 1684 apparuerit,
1335 1654 1363 1678 et
1374 1659 1404 1679 se
1416 1651 1592 1681 manifestam
1605 1653 1682 1688 facit,

886 1697 919 1718 ac
937 1694 1033 1719 caetera
1048 1691 1185 1719 visibilia:
1203 1693 1240 1721 ita
1254 1698 1281 1722 et
1294 1695 1379 1723 Filius
1393 1696 1442 1732 qui
1455 1697 1530 1724 venit
1549 1701 1576 1725 et
1597 1705 1682 1734 appa-

882 1734 938 1762 ruit
966 1735 1056 1769 nobis,
1072 1736 1195 1772 seipsum
1211 1742 1308 1766 notum
1323 1739 1444 1768 reddidit
1458 1748 1489 1768 ac
1514 1742 1636 1777 Patrem,
1653 1747 1681 1771 et

881 1779 958 1807 omni
977 1780 1087 1808 scientia
1109 1781 1193 1809 corda
1218 1783 1426 1818 suscipientium
1440 1785 1597 1814 illustravit.
1623 1798 1637 1812 ι
1653 1788 1680 1816 Si

880 1822 942 1858 quis
954 1823 1071 1852 audierit
1084 1832 1138 1859 me,
1156 1825 1258 1861 inquit,
1273 1831 1368 1855 etnon
1380 1829 1539 1864 crediderit,
1553 1838 1604 1866 ego
1620 1839 1678 1860 non

876 1867 969 1904 judico
985 1876 1059 1896 eum.
1082 1869 1144 1896 Non
1164 1870 1238 1898 enim
1254 1872 1314 1899 veni
1335 1877 1365 1900 ut
1383 1872 1510 1908 judicem
1525 1875 1676 1908 mundum,

878 1911 928 1940 sed
941 1916 972 1940 ut
991 1913 1094 1941 salvam
1108 1913 1254 1942 mundum.
1272 1926 1285 1940 ι
1309 1917 1400 1953 Hujus
1421 1917 1486 1945 dicti
1501 1918 1562 1946 talis
1583 1927 1680 1949 sensus

879 1961 921 1985 est
935 1967 941 1984 :
959 1957 993 1985 Ei
1008 1958 1057 1993 qui
1075 1957 1209 1986 discredit
1218 1959 1334 1995 homini,
1350 1961 1389 1989 illi
1402 1969 1453 1998 ego
1466 1962 1522 1990 non
1536 1970 1599 1991 sum
1614 1972 1680 1993 con.

877 2001 1063 2030 damnationis
1080 2005 1176 2030 auctor
1191 2014 1198 2032 :
1225 2011 1315 2041 neque
1335 2006 1409 2034 enim
1428 2005 1463 2034 ad
1477 2006 1529 2035 hoc
1541 2008 1677 2044 praecipue

876 2046 947 2080 veni,
963 2047 1072 2075 tametsi
1089 2047 1142 2075 hoc
1154 2055 1186 2076 ex
1199 2051 1377 2086 consequenti
1388 2050 1506 2079 eveniat.
1519 2053 1576 2088 Ego
1591 2054 1676 2089 enim,

874 2091 976 2128 inquit,
991 2092 1052 2120 veni
1064 2103 1077 2116 ι
1088 2097 1118 2121 ιιι
1128 2094 1240 2127 salvem,
1252 2106 1264 2119 υ
1276 2100 1304 2123 et
1311 2099 1422 2131 propter
1431 2095 1484 2125 hoc
1493 2097 1584 2126 docui.
1597 2099 1677 2134 Quod

875 2135 898 2163 si
922 2136 981 2172 quis
1002 2137 1144 2174 discredit,
1167 2147 1224 2167 non
1238 2147 1290 2175 ego
1313 2140 1339 2168 ei
1361 2142 1598 2171 condemnationis
1612 2151 1675 2172 sum

874 2184 982 2215 auctor,
1006 2182 1055 2210 sed
1078 2183 1135 2219 ipse
1148 2184 1199 2212 sibi
1222 2185 1282 2220 ejus
1295 2189 1392 2214 auctor
1404 2191 1446 2215 est
1461 2196 1468 2215 :
1494 2187 1523 2216 id
1536 2188 1612 2224 quod
1626 2197 1675 2225 per

873 2232 904 2252 ea
918 2233 980 2262 quae
993 2232 1156 2263 sequuntur,
1168 2229 1253 2265 magis
1267 2230 1379 2259 evidens
1391 2231 1454 2266 erit,
1473 2240 1536 2268 quae
1549 2232 1624 2261 audi.

910 2377 997 2405 Vens.
1020 2380 1114 2406 48-50.
1138 2390 1151 2404 α
1172 2380 1224 2416 Qui
1240 2381 1328 2416 rejicit
1341 2389 1395 2416 me,
1414 2390 1464 2411 nec
1479 2383 1576 2419 accipit
1590 2385 1672 2414 verba

872 2428 943 2455 mea,
959 2421 1041 2450 habet
1057 2423 1101 2458 qui
1113 2423 1220 2460 judicet
1233 2425 1333 2461 ipsum.
1356 2427 1453 2455 Sermo
1468 2436 1551 2463 quem
1565 2428 1672 2458 locutus

871 2472 945 2500 sum,
960 2466 1005 2494 ille
1016 2467 1149 2504 judicabit
1160 2476 1227 2497 eum
1249 2469 1275 2497 in
1290 2474 1416 2500 extremo
1427 2471 1483 2506 die,
1499 2473 1562 2508 quia
1575 2481 1626 2510 ego
1639 2483 1671 2502 ex

871 2510 977 2546 meipso
1000 2519 1056 2540 non
1077 2520 1139 2540 sum
1165 2513 1281 2549 locutus,
1298 2515 1346 2543 sed
1360 2515 1405 2551 qui
1428 2517 1505 2545 misit
1520 2526 1564 2546 me
1578 2520 1670 2553 Pater,

870 2553 927 2590 ipse
940 2554 1009 2583 mihi
1028 2556 1188 2586 mandatum
1207 2558 1282 2587 dedit
1298 2559 1365 2596 quid
1378 2559 1480 2595 dicam,
1501 2566 1529 2590 et
1542 2562 1610 2598 quid
1626 2563 1669 2592 lo-

870 2607 940 2635 quar
954 2610 960 2628 :
972 2604 1000 2628 et
1015 2601 1073 2629 scio
1087 2602 1161 2638 quod
1175 2603 1339 2632 mandatum
1352 2605 1411 2641 ejus
1429 2610 1471 2634 est
1486 2607 1541 2635 vita
1556 2611 1667 2636 aeterna.

870 2644 938 2678 Qua:
951 2652 1016 2681 ergo
1030 2653 1082 2681 ego
1096 2646 1202 2682 loquor,
1216 2648 1287 2676 sicut
1301 2649 1371 2677 dixit
1385 2650 1450 2678 mihi
1464 2651 1555 2685 Pater,
1571 2651 1611 2679 sic
1624 2651 1669 2680 lo—

871 2695 949 2724 quor.
976 2701 989 2714 ι›
1014 2691 1083 2726 Ego,
1099 2691 1199 2728 inquit,
1223 2693 1330 2721 nullum
1346 2693 1457 2730 judico;
1477 2695 1525 2723 sed
1548 2695 1595 2731 qui
1610 2703 1667 2724 non

869 2733 966 2768 credit,
991 2733 1074 2763 habet
1093 2735 1264 2771 judicantem
1278 2745 1308 2766 se
1326 2747 1332 2765 :
1353 2738 1425 2766 sicut
1438 2743 1466 2767 et
1479 2747 1529 2767 nos
1543 2747 1615 2776 saepe
1626 2740 1668 2768 di-

869 2785 930 2806 cere
952 2779 1144 2808 consuevimus
1177 2781 1287 2817 quando
1313 2789 1427 2819 puerum
1449 2783 1666 2820 incompositum
