1922 3077
270 200 319 228 143

765 196 1019 225 THEOPHYLACTI
1039 196 1220 225 BULGARl/E
1237 198 1397 226 ARCHIEP.
1842 199 1884 226 144

267 261 434 290 verberaturi
454 268 560 294 sumus,
575 259 649 295 quod
663 267 720 287 non
734 267 787 287 nos
801 259 977 287 verberamus
989 266 1059 286 eum.

1120 271 1167 298 μεν
1189 259 1314 298 τύπτειν,
1340 260 1381 290 ὅτι
1403 261 1453 300 οὐχ
1465 263 1544 298 ἡμεῖς
1565 259 1700 298 τύπτομεν
1715 259 1790 296 αὐτὸ,
1813 259 1888 296 ἆλλ’ἡ

266 306 316 334 sed
327 305 386 340 eius
400 305 562 341 negligentia
586 308 614 332 et
627 304 771 332 dissolutio
787 313 794 331 :
811 308 839 331 et
852 311 907 331 non
919 302 1005 339 684
1014 311 1065 331 nos

265 350 483 378 condemnamus
491 357 565 382 eum,
580 348 628 376 sed
641 348 841 376 admonitiones
856 352 958 376 nostrae
966 347 1063 383 quibus

267 403 324 422 non
341 394 442 429 paruit,
458 394 511 421 illa:
529 397 648 429 arguunt
663 401 726 420 eum
741 397 771 420 ut
787 392 997 420 inobedientem.
1018 392 1064 420 Sic

267 439 351 475 igitur
363 442 389 466 et
404 438 536 466 Dominus
550 447 557 465 :
574 450 586 462 «
603 439 664 465 Non
677 445 727 473 ego
738 437 842 473 judico,
860 449 870 461 ιι
883 437 931 464 sed
945 448 958 460 ι
972 445 1063 464 sermo

267 491 350 519 quem
366 483 474 510 locutus
488 491 561 516 sum,
580 483 624 510 ille
639 482 844 510 condemnabit.
861 494 872 506 ιι
887 482 978 516 Quare
989 482 1062 509 enim

265 535 322 555 non
344 527 536 556 crediderunt?
556 529 629 554 Num
650 531 681 554 ut
703 526 860 554 adversario
881 527 942 560 Dei,
959 530 987 554 et
1000 534 1062 562 pro-

267 573 354 608 priam
367 572 484 608 gloriam
499 571 631 608 quaerenti
649 571 688 599 3°?
702 573 736 599 Et
748 572 826 608 plane
843 582 855 595 α
870 579 920 607 ego
930 579 946 598 a
958 571 1062 606 meipso

265 617 375 645 locutus
388 625 445 645 non
467 625 540 651 sum,
556 628 570 641 ν
591 617 639 645 sed
664 617 756 644 omnia
777 624 793 643 a
812 617 894 644 Patre
907 623 969 643 meo
993 615 1060 643 dixi.

265 663 408 698 Nusquam
421 662 557 697 meipsum
570 661 726 697 praedicavi,
737 661 811 688 aliud
825 660 954 696 quiddam
970 659 1004 687 ab
1014 660 1062 688 illo

265 707 389 734 sentiens
403 716 412 734 :
425 707 494 734 «sed
507 706 529 734 is
542 706 588 742 qui
598 706 675 734 misit
685 707 815 733 mePater
827 704 986 732 mandatum
995 704 1061 732 mihi

264 750 342 780 dedit
367 750 436 786 quid
458 750 590 784 dicerem,
621 755 649 778 et
666 750 732 786 quid
756 750 891 786 loquerer.
921 761 935 773 ν
968 751 1059 784 Papae,

265 799 367 832 quanta
388 794 536 823 verborum
559 795 715 823 humilitas?
730 793 872 830 Nunquid,
895 801 913 822 ο
931 793 1060 828 Domine,

264 841 424 875 priusquam
447 840 570 868 mitteret
590 843 617 867 te
645 841 726 867 Pater
739 843 766 867 et
785 838 862 867 daret
884 838 1057 873 mandatum,

263 892 320 912 non
342 884 512 920 cognocebas
534 883 600 920 quid
615 884 689 919 loqui
710 884 865 919 oportebat,
881 883 929 911 sed
947 883 1058 919 ignarus

1118 304 1230 342 ἀμέλεια
1242 306 1321 335 αὐτοῦ
1339 305 1385 334 καὶ
1400 307 1416 341 ἡ
1433 305 1528 340 ἀταξία
1538 316 1545 323 ·
1563 305 1609 334 καὶ
1625 305 1674 343 οὐχ
1688 307 1764 342 ἡμεῖς
1776 306 1888 344 κατακρί-

1119 360 1196 387 νομεν
1212 349 1301 388 αὐτὸν,
1315 349 1373 378 ἀλλ’
1389 350 1415 379 αἱ
1430 349 1598 389 παραινέσεις
1613 351 1690 387 ἡμῶν
1701 370 1710 384 ,
1728 345 1766 382 αἷς
1779 349 1823 378 οὖκ
1834 349 1891 378 insi-

1118 395 1179 434 σθη,
1197 389 1275 422 αὗται
1293 397 1482 434 κατηγοροῦσιν
1504 396 1583 424 αὐτοῦ
1602 396 1637 427 ὥς
1662 393 1783 429 ἀνηκόου.
1811 393 1889 425 Οὕτως

1118 433 1162 466 οὖν
1172 439 1217 467 καὶ
1225 440 1239 467 δ
1251 438 1348 478 Κύριος
1356 451 1362 457 ι
1377 449 1392 467 α
1402 439 1460 468 Οὔκ
1470 437 1522 477 ἐγὼ
1529 438 1620 478 κρίνω,
1631 449 1646 467 n
1661 439 1720 467 ἀλλ’
1735 439 1771 467 «ὁ
1782 436 1859 475 λόγος,
1869 437 1890 466 ὃν

1118 482 1245 519 ἐλάλησα,
1261 483 1358 517 ἐκεῖνος
1369 483 1538 522 κατακρίνει.
1553 494 1567 511 ι)
1587 482 1665 512 Διατί
1676 481 1727 522 γὰρ
1741 481 1890 518 ἠπίστησαν;

1118 522 1169 566 ἆρα
1184 529 1220 560 ὡς
1244 528 1364 568 ἀντιθέῳ,
1388 527 1433 556 καὶ
1449 528 1497 563 τὴν
1512 526 1582 556 ἰδίαν
1598 527 1676 560 δόξαν
1697 529 1827 563 {moi-nn;
1847 526 1890 555 Καὶ

1117 570 1170 608 μὴν
1187 583 1201 600 (ι
1212 571 1237 605 ἐξ
1248 572 1364 610 ἐμαυτοῦ
1377 572 1429 610 ἐγὼ
1439 571 1487 601 οὺκ
1498 573 1628 608 ἐλάλησα,
1643 582 1658 600 ι)
1673 570 1741 600 ἀλλὰ
1752 570 1834 599 πάντα
1848 570 1890 599 ἀπὸ

1116 617 1164 644 τοῦ
1187 616 1291 657 Πατρός
1313 628 1362 654 μου
1385 615 1465 646 εἰπὼν
1476 639 1484 653 ,
1502 617 1619 655 οὐδαμοῦ
1635 615 1747 653 ἐμαυτὸν
1764 614 1888 654 ἀνεκήρυξε

1117 659 1182 690 ἄλλο
1206 673 1232 690 τι
1257 663 1412 701 φρονοῦντα.
1444 671 1459 690 (‹
1485 660 1520 692 Ὁ
1543 662 1595 701 γὰρ
1616 660 1725 701 πέμψας
1748 671 1779 698 με
1805 658 1888 698 Πατὴρ

1116 705 1223 741 ἐντολήν
1239 717 1284 744 μοι
1300 705 1408 742 δέδωκε,
1426 705 1451 735 τί
1466 706 1533 735 εἴπω
1550 705 1596 734 καὶ
1611 706 1637 734 τί
1651 704 1770 739 λαλήσω.
1787 703 1889 744 »βαϐαὶ

1115 751 1162 784 τῆς
1184 743 1371 786 ταπεινότητος
1393 753 1445 780 τῶν
1471 750 1612 791 ῥημάτωνῐ
1629 745 1697 789 ’Ἆρα
1722 748 1783 788 γὰρ,
1802 743 1823 778 ὦ
1845 746 1888 778 Κύ-

1116 805 1163 834 ριε,
1181 795 1225 824 καὶ
1237 795 1298 834 πρὶν
1318 794 1336 830 ἢ
1349 795 1442 836 πέμψῃ
1457 807 1487 824 σε
1502 797 1516 824 δ
1529 793 1642 834 Πατὴρ,
1663 793 1709 823 καὶ
1724 794 1759 833 δῷ
1772 792 1817 829 τὴν
1831 793 1887 821 ἐντο-

1114 838 1182 878 λὴν,
1206 840 1255 869 οὐκ
1279 839 1434 878 ἐγίνωσκες,
1458 839 1484 870 τί
1508 840 1547 869 δεῖ
1572 840 1705 875 λαλῆσαι,
1729 838 1785 867 ἀλλ’
1802 836 1888 875 ἀμαθὴς

1115 884 1231 924 ὖπῆρχες
1255 887 1303 920 τῆς
1326 886 1435 921 ἐντολῆς
1459 884 1569 920 ταύτης,
1598 883 1657 920 ἥτις
1683 882 1739 912 ἐστὶ
1766 881 1816 918 ζωὴ
1837 881 1888 910 αἰώ-

264 936 326 957 eras
346 929 466 957 mandati
487 919 579 964 hujus,
603 928 678 964 quod
700 932 742 956 est
759 928 813 955 vita
832 932 944 961 aeterna,
959 932 987 955 et
1004 935 1059 955 non

1116 919 1251 965 νιος”,“καὶ
1270 919 1318 959 οὖκ
1341 919 1480 968 ἐγίνωσκες
1565 919 1636 964 ζωὴν
1651 927 1752 963 ταύτην
1767 926 1813 962 τὴν
1835 925 1886 954 αἰώ-

263 973 449 1009 cognoscebas
463 973 549 1001 vitam
564 972 646 1006 hanc,
670 972 757 1000 vitam
776 975 926 1000 aeternam?
944 975 972 1000 et
991 980 1060 1008 quo-

262 1017 346 1046 modo
367 1017 469 1052 dixisti,
493 1028 506 1041 α
528 1018 585 1053 Ego
604 1025 668 1045 sum
689 1017 761 1045 vita?
774 1016 859 1045 Vides
877 1024 939 1053 qua:
964 1016 1061 1045 absur-

261 1061 333 1090 ditas
361 1065 526 1098 prospectet,
546 1061 569 1090 si
591 1070 648 1090 non
669 1061 741 1090 bona
764 1061 983 1089 consideratione
1009 1070 1060 1090 au-

260 1107 419 1135 scultemus.
445 1107 585 1142 Cognosce
598 1106 682 1142 igitur
696 1114 780 1142 quare
805 1106 945 1134 humiliter
959 1106 1058 1142 loqua-

261 1154 316 1185 tur,
331 1159 429 1187 nempe
440 1155 550 1187 propter
559 1151 708 1184 auditores,
724 1151 771 1186 qui
785 1155 841 1178 tam
853 1150 955 1178 inﬁrmi
969 1153 1058 1178 erant.

261 1196 296 1223 Et
306 1195 373 1231 quid
392 1196 449 1223 vult
474 1204 522 1231 per
544 1195 604 1224 haec
626 1195 753 1231 signare?
772 1195 846 1222 Nihil
869 1195 954 1229 aliud,
979 1202 1061 1230 quam

259 1239 329 1268 nihil
342 1247 371 1267 se
385 1239 426 1268 vel
445 1240 535 1268 dicere
548 1240 587 1268 vel
601 1240 700 1267 sentire
717 1244 816 1275 praeter
835 1247 867 1267 ea
889 1247 950 1274 qua:
968 1241 1058 1267 Pater.

259 1285 331 1312 Nam
350 1284 431 1316 sicut,
452 1285 553 1321 inquit,
574 1284 618 1320 qui
639 1285 802 1312 mandatum
834 1283 967 1317 referunt,
993 1283 1059 1312 nihil

260 1328 354 1357 dicunt
370 1333 552 1365 praeterquam
573 1329 612 1356 eis
633 1329 831 1356 demandatum
857 1338 864 1356 :
890 1329 924 1356 ita
946 1336 1010 1356 sane
1033 1331 1060 1356 et

258 1380 311 1409 ego
332 1374 390 1408 ipse
404 1373 471 1400 nihil
485 1373 560 1401 aliud
585 1373 672 1400 sentio
687 1373 728 1400 vel
743 1373 824 1400 docui
839 1377 938 1408 praeter
952 1380 982 1400 ea
997 1380 1060 1408 quae

259 1417 332 1445 Patri
354 1417 410 1445 visa
427 1421 502 1445 sunt.
529 1418 589 1444 Hoc
604 1417 688 1452 igitur
706 1417 802 1444 volens
823 1416 981 1450 ostendere,
996 1425 1060 1444 con~

258 1461 390 1495 cordiam,
406 1461 532 1496 inquam,
548 1461 692 1488 sententiae
707 1469 769 1488 cum
783 1462 873 1494 Patre,
887 1461 1059 1489 mentionem

255 1504 322 1533 fecit
335 1505 415 1541 hujus
428 1505 556 1541 exempli,
569 1505 703 1539 mandati,
719 1505 839 1540 inquam.
857 1505 922 1532 Ideo
936 1505 1012 1533 addit
1025 1505 1058 1540 Μ,

261 1559 273 1571 α
294 1551 363 1584 Quae
385 1550 467 1585 igitur
496 1550 601 1585 loquor,
628 1550 699 1577 sicut
722 1549 792 1577 dixit
812 1549 879 1576 mihi
904 1550 993 1583 Pater,
1018 1550 1058 1577 sic

1115 982 1186 1010 Vtov;
1203 973 1315 1007 καὶπῶς
1329 968 1415 1010 εἶπας,
1431 973 1472 1003 ὅτι
1489 984 1504 1004 α
1519 972 1592 1012 Ἐγώ
1604 973 1659 1010 εἶμι
1673 975 1690 1008 ἦ
1707 971 1777 1007 ζωήῖ
1788 981 1801 1000 ν
1819 969 1886 1009 Ὁρᾷ(

1112 1016 1160 1053 τὴν
1189 1017 1316 1055 ἀτοπίαν,
1341 1019 1390 1055 ὅση
1416 1018 1578 1057 ἀνακόπτει,
1603 1017 1649 1047 ἐὰν
1675 1016 1713 1056 μὴ
1739 1014 1887 1055 εὐγνωμόνως

1113 1062 1305 1102 κατακούωμεν
1318 1064 1371 1092 τῶν
1385 1063 1550 1102 λεγομένων;
1572 1063 1658 1093 Γνῶθι
1674 1057 1719 1091 οὖν
1729 1083 1738 1098 ,
1755 1059 1821 1090 διατὶ
1833 1058 1887 1088 οὕτω

1113 1109 1244 1141 ταπεινῶς
1273 1107 1427 1147 φθέγγεται,
1456 1108 1498 1137 ὅτι
1522 1107 1565 1137 διὰ
1591 1106 1650 1141 τοὺς
1671 1105 1801 1147 ἀκροατὰς
1821 1105 1886 1133 ἀσθε-

1113 1156 1165 1185 νεῖς
1179 1151 1266 1186 ὄντας.
1289 1152 1344 1182 Καὶ
1359 1152 1386 1181 τί
1401 1151 1526 1192 βούλεται
1540 1156 1662 1190 σημᾶναι
1678 1151 1721 1181 διὰ
1736 1150 1845 1185 τούτων,
1857 1147 1887 1177 Τὸ

1114 1195 1196 1234 μηδὲν
1213 1196 1301 1236 ἕτερον
1316 1195 1334 1232 ἢ
1356 1196 1442 1236 λέγειν
1466 1196 1483 1232 ἢ
1509 1201 1612 1238 φρονεῖν
1635 1196 1710 1234 παρὰ
1732 1194 1776 1224 τὸν
1798 1192 1887 1238 Πατέρα

1113 1241 1228 1277 δηλαδή,
1244 1235 1353 1280 Ὥσπερ
1368 1235 1420 1281 γὰρ
1430 1264 1438 1280 ,
1456 1235 1548 1282 φησιν,
1573 1242 1596 1271 οἱ
1619 1242 1731 1273 ἐντολεῖς
1746 1238 1816 1269 οὐδὲν
1830 1235 1888 1282 ἐκτός

1112 1288 1158 1315 τοῦ
1178 1286 1368 1325 ἓντεταλμένου
1383 1286 1520 1325 λέγουσιν,
1546 1285 1616 1316 οὕτω
1631 1285 1663 1320 δὴ
1688 1285 1734 1315 καὶ
1756 1283 1827 1316 αὐτὸς
1848 1279 1888 1325 ira}

1113 1329 1186 1359 οὐδὲν
1205 1329 1292 1370 ἕτερον
1316 1330 1333 1366 ἢ
1350 1324 1452 1371 φρονῶ,
1499 1330 1605 1365 ἐδίδαξα
1619 1329 1694 1369 παρὰ
1713 1328 1747 1358 τὰ
1766 1329 1803 1367 τῷ
1817 1324 1889 1371 Πατὲρὶ

1114 1374 1234 1408 δόξαντα.
1251 1369 1451 1405 Τοῦτο-τοίνυν
1477 1377 1561 1405 θέλων
1587 1374 1765 1410 ἐνδείξασθαι,
1787 1372 1815 1401 τὸ
1836 1369 1886 1410 πρὸς

1113 1419 1156 1448 τὸν
1174 1419 1300 1459 Πατέρα,
1314 1419 1383 1460 φημὶ
1395 1442 1403 1457 ,
1427 1419 1598 1458 ὁμόγνωμον,
1615 1419 1735 1458 ἐμνήσθη
1750 1416 1835 1447 τούτου
1852 1415 1887 1442 τοῦ

1113 1464 1323 1502 ὓποδείγματος,
1349 1466 1396 1500 τῆς
1419 1465 1525 1500 ἐντολῆς
1551 1464 1631 1503 λέγω.
1658 1463 1707 1493 Διὸ
1731 1462 1776 1492 καὶ
1797 1461 1886 1498 ἐπάγει·

1118 1507 1177 1538 «Ἃ
1191 1505 1235 1537 οὖν
1254 1509 1345 1545 λαλῶ,
1368 1508 1454 1542 καθὼς
1477 1508 1565 1547 εἴρηκέ
1590 1520 1635 1547 μοι
1660 1509 1675 1536 ὁ
1697 1506 1808 1546 Πατὴρ,
1832 1503 1886 1534 οὕτω

1112 1552 1197 1583 λαλῶ.
1222 1563 1237 1581 ι)
1265 1550 1353 1582 Ὠστε
1379 1554 1436 1582 ἐπεὶ
1460 1552 1531 1582 οὐδὲν
1561 1553 1606 1582 ἀπ’
1624 1553 1689 1590 ἐμοῦ
1716 1546 1802 1586 εἶπον,
1824 1548 1886 1578 ποίαν

258 1594 366 1629 loquor.
393 1605 404 1617 ιι
425 1596 515 1629 Atque
539 1594 574 1621 ita
593 1593 655 1629 quia
677 1593 743 1621 nihil
763 1602 778 1621 a
801 1594 966 1628 memetipso
991 1593 1056 1628 dixi;

1114 1597 1242 1635 πρόφασιν
1266 1597 1463 1638 προϐαλοῦνται
1497 1598 1522 1626 οἱ
1548 1596 1756 1632 ἀπειθήσαντες,
1776 1595 1886 1638 Ἀναμφι-

257 1639 365 1674 qualem
380 1638 554 1666 occasionem
570 1642 717 1674 praztexent
739 1638 784 1674 qui
798 1646 854 1665 nou
879 1637 1059 1666 crediderint?

256 1683 336 1711 Circa
359 1683 575 1710 controversiam
598 1682 674 1710 enim
696 1682 965 1716 condemnabuntur,
982 1682 1058 1718 quod

257 1727 331 1754 Patri
352 1734 407 1754 non
419 1727 600 1755 crediderunt.
628 1727 700 1755 Nihil
717 1727 801 1762 igitur
814 1727 918 1754 humile
932 1727 1059 1763 intelligit

257 1771 427 1799 orthodoxus
451 1779 482 1799 ex
506 1771 657 1799 humilibus
670 1771 721 1799 illis
735 1771 835 1805 verbis,
861 1783 874 1795 ι
896 1771 1057 1799 Mandatum

255 1816 357 1852 accepi,
375 1827 388 1841 ι
403 1820 430 1843 et
444 1816 557 1849 similia;
571 1816 619 1844 sed
631 1815 746 1844 candide
761 1816 819 1844 haec
833 1816 944 1852 exponit
959 1825 966 1844 :
988 1816 1058 1844 sicut

255 1860 358 1895 ethoc,
376 1872 388 1885 α
414 1860 578 1888 Mandatum
595 1861 689 1896 accepi
705 1861 770 1896 quid
794 1861 926 1894 dicerem,
949 1863 978 1888 et
991 1860 1056 1896 quid

256 1905 393 1941 loquerer.
410 1916 424 1931 ι»
447 1907 544 1934 Sermo
565 1905 640 1934 enim
654 1913 719 1933 cum
738 1905 773 1933 sit
787 1905 882 1939 Filius,
898 1909 926 1933 et
947 1908 1056 1932 enarret

255 1951 348 1978 omnia
363 1958 425 1986 qum
436 1950 541 1978 suntin
552 1955 657 1983 mente,
670 1950 698 1977 in
710 1951 789 1977 Patre
801 1949 873 1983 dico,
894 1950 1055 1977 mandatum

254 1994 290 2022 ab
303 2003 336 2022 eo
348 2002 378 2022 se
389 1995 527 2030 accepisse
543 1995 592 2026 ait,
608 1994 675 2029 quid
689 1994 762 2021 dicat
776 1998 804 2021 et
823 1993 889 2029 quid
905 1993 1031 2028 loquatur
1046 2003 1055 2021 :

254 2038 327 2066 sicut
350 2043 378 2066 et
397 2043 491 2066 noster
506 2046 609 2072 sermo,
631 2038 655 2065 si
678 2038 787 2072 quando
802 2045 864 2065 vera
889 2037 987 2065 dicturi
1009 2046 1055 2066 su-

255 2090 329 2114 mus,
352 2083 395 2110 illa
417 2082 486 2110 dicit
511 2090 572 2118 quae
587 2090 665 2109 mens
689 2081 861 2117 ei‘suggerit,
877 2085 905 2109 et
916 2089 1056 2117 nusquam

255 2126 368 2154 alterius
393 2126 554 2154 substantiae
582 2130 623 2153 est
649 2133 739 2153 sermo
768 2133 853 2162 quam
881 2132 971 2160 mens,
1006 2125 1054 2154 sed

255 2171 369 2198 omnino
385 2170 509 2206 ejusdem
526 2170 697 2199 substantiae.

549 2216 668 2243 CAPUT
687 2215 764 2242 XIII.

1112 1641 1211 1675 λέκτως
1227 1640 1278 1681 γὰρ
1290 1635 1557 1681 *κατακριθήσονταῃ
1579 1643 1614 1674 ὡς
1630 1643 1669 1680 τῷ
1684 1640 1775 1679 Πατρὶ
1794 1635 1887 1681 datori“

1110 1692 1213 1714 σαντες.
1233 1675 1334 1718 ’Μηδὲν
1363 1675 1407 1710 οὖν
1430 1675 1555 1710 ταπεινὸν
1582 1675 1662 1710 ἐννοεῖ
1689 1681 1732 1720 [Γ.
1752 1675 1852 1717 Ἑννόει]
1873 1677 1884 1704 ὃ

1110 1725 1255 1764 ὀρθόδοξος,
1273 1726 1326 1756 ἀπὸ
1346 1728 1399 1755 τῶν
1415 1727 1548 1755 ταπεινῶν
1572 1724 1715 1765 ῥημάτων,
1741 1724 1817 1763 ἤγουν
1840 1722 1886 1755 τοῦ,

1116 1779 1130 1798 (ί
1145 1771 1274 1807 Ἐντολὴν
1291 1769 1397 1806 ἔλαϐον,
1411 1781 1426 1798 ι)
1441 1769 1488 1799 καὶ
1503 1771 1554 1798 τῶν
1570 1769 1695 1799 τοιούτων
1705 1781 1711 1787 ·
1728 1768 1794 1798 ἀλλὰ
1804 1768 1886 1804 εὐγνω-

1111 1815 1196 1852 μόνως
1211 1818 1294 1844 ταῦτα
1315 1815 1468 1853 ἔχλάμϐανε
1480 1837 1488 1850 ,
1509 1809 1562 1843 οῖον
1579 1813 1624 1843 καὶ
1646 1817 1727 1843 τοῦτο
1744 1813 1792 1850 τὸ,
1816 1822 1829 1839 (ι
1841 1810 1886 1839 Ἐν·

1109 1859 1188 1895 τολὴν
1204 1860 1298 1889 ἔλαϐον
1309 1882 1318 1898 ,
1333 1859 1359 1888 τί
1374 1859 1442 1889 εἴπω
1453 1881 1461 1895 ,
1478 1858 1524 1888 καὶ
1543 1858 1570 1888 τί
1584 1859 1707 1894 λαλήσω.
1724 1868 1739 1886 ι)
1757 1857 1834 1895 Λόγος
1846 1852 1886 1892 γὰρ

1109 1903 1147 1933 ὢν
1167 1907 1181 1934 ὃ
1202 1905 1275 1940 Υἱὸς,
1301 1903 1347 1933 καὶ
1374 1903 1505 1943 ἐκφαίνων
1524 1903 1612 1932 πάντα
1641 1901 1675 1931 τὰ
1702 1904 1728 1931 ἐν
1745 1904 1781 1942 τῷ
1802 1901 1844 1940 νῷ,
1857 1899 1886 1943 τῷ

1110 1949 1216 1988 Πατρὶ,
1232 1948 1317 1988 φημὶ,
1344 1940 1450 1984 ἐντολὴν
1476 1948 1539 1986 παρ’
1558 1948 1637 1976 αὐτοῦ
1651 1958 1732 1986 φησιν
1753 1940 1887 1980 λαϐεῖν,τί

1110 1987 1185 2032 εἴπῃ,
1202 1987 1249 2022 καὶ
1263 1993 1289 2021 τί
1303 1993 1421 2032 λαλήσῃ.
1437 1990 1545 2031 Ὥσπερ
1566 1992 1612 2021 καὶ
1634 1994 1648 2021 δ
1663 1991 1791 2030 ἡμέτερος
1808 1987 1887 2027 λόγος,

1109 2037 1162 2076 εἴγε
1189 2036 1324 2072 ἀληθεύειν
1352 2037 1510 2076 μέλλοιμεν,
1542 2037 1630 2065 ἐκεῖνα
1656 2036 1740 2075 λέγει,
1763 2035 1780 2064 ἃ
1803 2035 1816 2062 6
1840 2033 1887 2076 νοῦς

1109 2082 1181 2121 αὖτῷ
1197 2081 1354 2120 ὑποϐάλλει,
1377 2081 1422 2110 καὶ
1447 2082 1475 2110 οὐ
1492 2081 1577 2116 δήπου
1604 2079 1766 2120 ἑτεροούσιός
1792 2079 1856 2108 ἔστιν
1877 2074 1887 2101 δ

1107 2125 1184 2165 λόγος
1200 2125 1264 2166 πρὸς
1279 2126 1324 2155 τὸν
1339 2128 1411 2165 νοῦν,
1428 2126 1485 2154 ἀλλ’
1504 2125 1645 2164 ὁμοούσιος
1661 2125 1780 2159 πάντως.

1395 2215 1539 2246 ΚΕΦΑΛ.
1555 2213 1611 2245 ll".

254 2289 288 2310 De
321 2288 382 2314 pelei
408 2287 457 2308 sive
483 2287 604 2308 malluvio.
639 2286 762 2315 Quomodo
791 2286 874 2319 Judas
900 2286 999 2308 exii-eri!
1029 2289 1054 2308 ut

1114 2288 1166 2319 Περὶ
1184 2290 1227 2312 τοῦ
1235 2290 1354 2319 νιπτῆρος.
1366 2287 1425 2317 Περὶ
1439 2289 1482 2311 τοῦ
1493 2285 1624 2314 ἐξελθόντος
1639 2285 1722 2319 Ἰούδα
1734 2282 1885 2319 ινα-τδνλΧρι-

281 2319 400 2340 Christum
437 2318 549 2339 lraderel.
584 2319 618 2339 De
656 2320 770 2343 in'wceplo
808 2322 832 2338 se
866 2318 962 2338 invicem
1004 2319 1054 2339 dili-

281 2350 357 2376 gendi.
376 2351 410 2371 De
422 2355 449 2371 eo
465 2350 505 2375 qui
521 2350 621 2371 Petrum
638 2349 800 2374 interrogavit,
819 2353 865 2374 quo
879 2349 954 2370 abiret
971 2349 1052 2371 Iesus.

289 2448 378 2476 Vsus.
404 2451 429 2475 ι.
459 2458 471 2472 α
499 2449 571 2475 Ante
591 2445 691 2474 festum
715 2450 807 2474 autem
829 2446 941 2475 Pascha;
962 2446 1051 2475 sciens

251 2493 330 2520 Jesus
344 2492 417 2528 quod
431 2492 545 2520 venisset
564 2491 630 2519 hora
649 2491 743 2527 ipsius,
763 2496 793 2519 ut
807 2491 936 2519 transiret
948 2499 984 2519 ex
997 2491 1051 2519 hoc

252 2536 356 2565 mundo
371 2537 406 2565 ad
423 2539 532 2565 Patrem
549 2546 558 2563 :
582 2544 645 2564 cum
667 2536 805 2564 dilexisset
825 2544 890 2564 suos
907 2536 953 2572 qui
972 2540 1051 2563 erant

251 2582 281 2610 in
307 2581 421 2616 mundo,
443 2590 529 2618 usque
553 2581 588 2609 ad
611 2581 695 2608 linem
719 2581 814 2609 dilexit
835 2589 893 2608 eos.
915 2589 928 2607 ν
944 2580 1051 2609 Sciebat

249 2627 361 2663 quidem
377 2626 510 2655 Dominus
520 2625 604 2661 685
615 2629 641 2654 et
653 2630 717 2654 ante
732 2626 822 2653 omnia
838 2625 937 2653 saecula
952 2625 1050 2654 horam

284 2699 306 2716 ³ο
317 2700 398 2728 Joan.
410 2705 471 2733 xtv,
487 2701 513 2726 6.
528 2698 549 2714 ³¹
564 2699 646 2725 Joan.
662 2705 713 2731 xv,
727 2700 770 2725 l5.

1139 2314 1196 2344 στὸν
1211 2314 1354 2350 παραδῶσῃ.
1370 2314 1427 2348 Περὶ
1438 2321 1479 2346 τῆς
1495 2318 1590 2346 ἐντολῆς
1606 2321 1649 2341 τοῦ
1666 2317 1760 2350 ἀγαπᾷν
1775 2314 1883 2342 ἀλλήλους·

1139 2352 1196 2382 Περὶ
1210 2349 1253 2375 τοῦ
1265 2353 1390 2380 ζητοῦντος
1404 2350 1505 2381 Πέτρου,
1518 2352 1565 2373 ποῦ
1577 2349 1664 2380 ὑπάγει
1674 2349 1688 2372 ὁ
1698 2349 1788 2379 Κύριος-

1150 2451 1164 2469 α
1187 2440 1246 2479 Πρὸ
1260 2439 1288 2470 δὲ
1302 2441 1351 2475 τῆς
1375 2439 1466 2477 ἑορτῆς
1481 2440 1526 2467 τοῦ
1549 2436 1650 2477 Πάσχα
1665 2435 1739 2469 εἰδὼς
1760 2436 1773 2464 ὁ
1788 2433 1884 2481 Ἰησοῦῗ,

1104 2484 1144 2514 ὅτι
1171 2485 1294 2520 ἐλήλυθεν
1321 2484 1400 2513 αὐτοῦ
1458 2481 1526 2522 ὥρα,
1548 2481 1592 2510 ἵνα
1613 2481 1719 2521 μεταϐῇ
1744 2480 1774 2509 ἐχ
1789 2479 1831 2507 τοῦ
1849 2479 1886 2522 ¹ιιό-

1105 2542 1173 2568 σμου
1188 2529 1280 2559 τούτου
1296 2529 1361 2568 πρὸς
1376 2527 1421 2557 τὸν
1444 2527 1568 2567 Πατέρα,
1583 2527 1726 2565 ἀγαπήσας
1744 2523 1802 2556 τοὺς
1822 2519 1887 2550 ἰδίους

1105 2575 1164 2609 τοὺς
1185 2576 1212 2604 ἐν
1238 2576 1277 2613 τῷ
1300 2573 1411 2612 κόσμῳ,
1435 2573 1472 2605 εἷς
1493 2572 1567 2605 τέλος
1590 2571 1729 2609 ἠγάπησεν
1757 2566 1880 2613 αὐτούς.»

1104 2619 1183 2662 ’ῌδει
1197 2619 1245 2657 μὲν
1260 2620 1274 2648 ὁ
1298 2617 1397 2657 Κύριος
1419 2617 1465 2646 καὶ
1481 2616 1532 2656 πρὸ
1546 2616 1652 2645 πάντων
1666 2617 1718 2644 τῶν
1733 2612 1829 2644 αἰώνων
1843 2607 1882 2642 τὴν

771 2745 815 2774 Ex
831 2745 990 2775 collatione
1006 2744 1093 2774 codd.
1108 2744 1213 2774 Venet.
1230 2742 1260 2772 S.
1284 2741 1386 2772 Marci.

284 2816 339 2848 (34)
363 2813 432 2842 Cod.
459 2815 504 2848 26,
531 2811 643 2844 Ἐκεῖνος
665 2812 806 2848 κατακρίνει
834 2812 908 2839 αὐτὸν
925 2811 963 2848 ,ἐν
983 2814 1014 2848 τῇ
1037 2810 1059 2839 ἐς

1114 2821 1131 2848 ῃ
1158 2809 1247 2846 ἡμέρᾳ.
1263 2821 1277 2836 σι
1303 2809 1352 2838 Ille
1372 2806 1565 2838 condemnabit
1589 2806 1681 2843 ipsum
1707 2804 1737 2834 in
1754 2804 1881 2833 extremo-

246 2853 299 2882 die.
319 2865 331 2878 ι
