1922 3077
55 192 96 219 145

53 253 115 292 ὥραν
135 253 182 282 τοῦ
207 251 321 282 θανάτου
345 252 433 282 αὐτοῦ·
456 252 585 288 ἕνστάσης
610 252 638 282 δὲ
667 252 726 282 τότε
745 252 836 288 αὐτῆς,
853 256 877 286 Α
893 251 989 279 mortis
1002 259 1059 279 sua;

52 303 153 337 πρᾶγμα
171 299 245 326 ποιεῖ
257 298 358 333 πολλῆς
381 299 429 332 τῆς
448 297 646 338 φιλανθρωπίας
667 297 712 327 καὶ
730 309 833 335 συγκα-

52 341 176 375 ταόάσεως
199 342 301 381 γέμον,
318 341 364 371 καὶ
388 342 490 377 πολλὴν
509 342 558 378 τὴν
576 342 682 381 ἀγάπην
706 343 833 381 ἰμφαῐνον

52 387 108 426 πρὸς
131 385 189 419 τοὺς
213 386 344 424 μαθητάς.
374 386 489 417 Μέλλων
511 386 563 427 γὰρ
591 386 832 426 ἕγχαταλιμπάνιιν

53 431 150 467 αὖτοὺς,
171 431 349 470 σφοδροτέραν
369 430 417 466 τὴν
443 431 551 469 ἀγάπην
576 431 764 462 ἐπιδείκνυται.
793 432 833 461 Τὸ

52 476 108 515 γὰρ,
145 486 160 504 ι
200 475 354 512 Ἀγαπήσεις
386 475 496 511 αὐτοὺς,
520 477 556 509 εἰς
584 477 658 510 τέλος
692 477 833 516 ἠγάπησεν

51 520 143 556 αὐτοὺς,
165 531 180 548 ι)
206 522 286 549 τοῦτο
304 520 396 555 δηλοῖ,
423 518 464 549 ὅτι
480 519 553 549 οὐδὲν
574 520 707 557 ἐνέλιπιν,
733 518 770 551 ὧν
788 523 832 552 τὸν

52 565 139 604 σρόὸρα
153 565 300 603 ἀγαπῶντα
315 564 382 597 εἰκὸς
398 560 431 600 ἦν
445 566 565 600 ποιῆσαι.
580 565 628 594 Διὸ
639 565 684 594 καὶ
699 566 728 595 τὸ
743 568 832 598 τελευ-

50 614 112 638 ταῖον
135 609 242 638 πάντων
259 611 338 638 τοῦτο
358 613 440 645 ποιεῖ,
462 609 561 638 νίπτων
585 609 645 643 τοὺς
667 610 750 644 πόδας
779 614 831 642 τῶν

52 655 162 691 μαθητῶν
173 676 181 690 ,
197 652 268 682 ὥστε
284 653 370 686 αὐτοῖς
386 654 512 683 ἐπιτεῖναι
527 653 570 683 τὸν
586 654 665 683 πόθον
675 676 683 690 ,
703 656 749 684 καὶ
762 658 827 686 πολ-

51 698 90 732 λὴν
113 698 196 731 αὐτοῖς
221 697 420 737 προαποθέσθαι
444 698 614 737 παράκλησιν
631 699 694 738 πρὸς
717 700 751 730 τὰ
768 701 831 739 μέλ-

51 744 118 771 λοντα
133 742 234 771 ἐπιέναι
249 742 338 778 δεινὰ,
361 742 548 781 λογισαμένοις
570 743 610 772 ὅτι
625 745 638 772 6
653 743 735 778 οὕτως
761 747 832 785 άγα-

52 786 126 822 πήσας
148 786 258 824 αὐτοὺς,
275 788 310 820 ὡς
333 787 379 816 καὶ
405 787 466 821 τοὺς
486 787 570 820 πόδας
590 789 676 817 αὐτῶν
692 790 780 829 νῖψαι,
802 791 832 820 οὐ

52 831 190 871 περιόψεται
209 831 321 869 αὐτοὺς,
342 831 402 860 οὐδὲ
418 833 444 862 ἐν
468 836 522 866 τοῖς
546 833 650 866 δεινοῖς.
670 833 831 864 Μετάϐασιν

52 876 72 904 δὲ
86 875 201 914 ὀνομάζει
225 876 272 906 τὸν
299 876 408 905 θάνατον
436 879 482 906 τοῦ
506 878 624 916 Χριστοῦ
656 878 700 907 διὰ
727 877 776 914 τῆν
804 879 830 914 ἐξ

53 920 203 953 ἀναστάσεως
218 920 362 958 ἀνάληψιν.
386 920 463 950 Ἐπεὶ
478 921 564 950 τοίνυν
583 921 732 959 μεταϐῆναι
748 923 829 960 ἔμελ-

53 965 89 993 λεν
107 975 121 993 α
141 965 170 994 ἐχ
185 967 231 994 τοῦ
245 967 349 1003 κόσμου
368 965 470 1001 τούτου,
491 975 507 994 »
526 965 687 996 ἐνδείκνυται
705 968 753 1003 τὴν
768 968 832 1008 πρὸς

57 1021 68 1038 ιι
85 1008 136 1042 τοὺς
161 1009 238 1043 ἰδίους
271 1021 286 1038 ι)
317 1009 438 1048 ἀγάπην·
464 1010 543 1044 ἰδίους
568 1011 596 1040 δὲ
622 1011 683 1045 τοὺς
711 1012 831 1049 μαθητὰς

52 1054 158 1091 ὀνομάζει
178 1053 247 1083 κατὰ
269 1054 313 1084 τὸν
327 1056 374 1090 τῆς
388 1054 542 1088 οἰχειώσεως
554 1055 642 1095 λόγον.
687 1055 766 1087 Ἶδιοι
782 1058 830 1096 μὲν

51 1098 94 1138 γὰρ
116 1098 182 1128 Θεοῦ
203 1097 278 1127 κατὰ
308 1098 351 1128 τὸν
379 1101 427 1134 τῆς
452 1100 625 1139 δημιουργίας
661 1100 758 1140 τρόπον
785 1102 830 1131 καὶ

53 1143 134 1175 πάντες
148 1143 295 1184 ἄνθρωπον
313 1143 378 1173 καθὸ
393 1143 505 1184 εἴρηται·
533 1155 548 1173 α
564 1146 610 1178 Εἰς
635 1146 668 1174 τὰ
682 1146 737 1175 ἴδια
755 1142 829 1183 ἦλθε,

51 1187 89 1216 καὶ
102 1189 123 1216 οἱ
137 1187 194 1217 ἴδιοι
209 1188 290 1217 αὐτὸν
316 1189 345 1217 οὖ
367 1188 530 1228 παρέλαϐον·
547 1200 562 1218 n
582 1190 642 1219 ἴδιοι
663 1191 689 1219 δὲ
710 1191 790 1220 αὐτοῦ
805 1193 829 1221 οἱ

54 1231 114 1270 ἅγιοι
134 1232 200 1262 κατᾶ
223 1232 255 1262 τὸ
274 1233 365 1262 οἰκεῖοι
391 1234 464 1273 αὐτῷ
488 1229 571 1263 εἶναι·
597 1234 687 1274 ὥσπερ
713 1230 758 1264 οὖν
785 1237 830 1265 καὶ

52 1276 148 1305 ἐνταῦθα
170 1277 248 1311 ἰδίους
264 1278 374 1306 ἐκάλεσε
395 1276 454 1311 τοὺς
471 1278 604 1316 μαθητὰς,
627 1279 773 1319 προσέθηκε
787 1280 828 1318 δὲ,

55 1331 67 1348 ιι
85 1320 137 1354 τοὺς
151 1322 176 1350 ἐν
190 1324 227 1362 τῷ
241 1322 334 1362 κόσμῳ
345 1344 353 1360 ,
369 1332 382 1350 ιι
405 1323 496 1358 ἐπειδὴ
514 1323 560 1352 χαὶ
576 1324 651 1353 ἄλλοι
667 1323 732 1353 εἰσὶν
749 1328 828 1354 αὐτοῦ

52 1363 117 1402 ἴδιοι,
133 1365 250 1405 Ἀϐραὰμ
273 1366 319 1395 καὶ
342 1367 366 1395 οἱ
390 1367 573 1407 πατριάρχαι,
596 1368 655 1398 ἀλλ’
672 1369 719 1398 οὐχ
741 1370 768 1398 ἐν
789 1371 828 1408 τῷ

53 1409 140 1450 κόσμον
155 1410 322 1449 ἐξεδήμησαν
335 1410 386 1452 γὰρ
405 1413 533 1442 ἐντεῦθεν.
556 1413 582 1442 Τ
584 1413 674 1446 ούτους
689 1413 720 1449 δὴ
741 1425 757 1442 (ι
773 1414 829 1447 τοὺς

53 1453 117 1488 ἰδίους
129 1465 144 1483 9
166 1456 236 1496 αὖτῷ
257 1467 273 1483 α
289 1454 349 1489 τοὺς
368 1457 394 1485 ἐν
410 1457 448 1496 τῷ
464 1456 558 1497 κόσμῳ
573 1459 609 1490 εἶς
632 1458 704 1491 τέλος
719 1459 828 1496 ἠγάπη-

54 1510 100 1527 σεν·
116 1510 130 1528 ι)
146 1500 208 1540 ὅπερ
230 1499 306 1540 ἕστὶ,
320 1500 422 1530 τελείαν
440 1500 548 1541 ἀγάπην
563 1502 600 1535 εἰς
619 1502 711 1536 αὖτοὺς
735 1504 829 1533 ἐνεδεί-

53 1542 110 1577 ξατο.

421 189 614 218 ENARRATIO
634 190 666 217 IN
686 188 901 217 EVANGELIUM
918 188 1064 217 JOANNIS.
1086 203 1120 209 —
1139 189 1213 216 CAP.
1234 190 1298 217 XIII.

1636 194 1685 221 Hii

1087 261 1093 279 :
1116 259 1181 279 cum
1207 255 1301 279 autem
1325 251 1369 279 illa
1390 252 1515 287 instaret,
1547 262 1606 283 rem
1620 255 1686 283 facit

887 304 994 332 magna:
1021 295 1218 324 misericordiae
1243 301 1270 324 et
1299 297 1531 325 condescensione
1563 300 1683 335 plenam,

886 341 1041 376 miramque
1055 349 1118 377 erga
1133 341 1278 376 discipulos
1301 349 1357 376 pra:
1371 349 1400 369 se
1427 341 1481 370 fert
1497 342 1682 373 dilectionem.

887 385 1042 413 Relicturus
1069 386 1143 413 enim
1171 386 1233 413 illos
1264 385 1497 414 vehementiorem
1521 387 1683 417 charitatem

886 429 1019 457 ostendit.
1037 431 1108 458 Nam
1124 438 1172 465 per
1183 430 1235 458 hoc
1249 429 1324 465 quod
1338 430 1416 463 dicit,
1434 442 1446 454 ι
1464 432 1533 459 Cum
1547 431 1684 460 dilexisset

885 482 962 508 suos,
976 482 1062 510 usque
1074 474 1108 502 ad
1123 474 1205 502 ﬁnem
1225 474 1316 503 dilexit
1330 482 1378 503 eos
1401 485 1408 502 :
1427 486 1439 499 ι
1456 475 1508 504 hoc
1528 476 1595 510 vult,
1610 477 1683 512 quod

885 519 954 546 nihil
981 519 1106 547 omiserit
1129 527 1227 547 eorum
1252 527 1314 556 quae
1342 519 1432 547 facere
1460 520 1537 548 decet
1552 529 1615 548 eum
1636 522 1681 556 qui

886 564 1002 591 multum
1024 563 1124 599 diligit.
1143 563 1206 591 Ideo
1221 568 1249 591 et
1272 568 1412 599 postremo
1435 565 1519 600 pedes
1532 565 1681 600 discipulo-

883 615 945 636 rum
960 609 1083 636 omnium
1098 609 1178 642 lavat,
1194 613 1224 636 ut
1238 608 1342 644 ingerat
1357 617 1487 644 magnum
1502 610 1682 644 desiderium,

884 656 912 680 et
929 660 1056 688 magnam
1071 653 1109 680 eis
1122 653 1338 681 consolationem
1359 652 1455 681 afferat
1470 654 1497 681 in
1521 655 1601 682 malis
1621 663 1682 690 qua:

884 697 989 732 passuri
1010 702 1100 731 erant,
1125 698 1146 725 si
1161 697 1313 733 cogitarent
1326 697 1400 733 quod
1424 698 1464 726 sic
1480 698 1606 726 dilexerit
1621 708 1682 733 eos,

884 745 915 769 ut
927 746 955 769 et
974 741 1055 778 pedes
1076 750 1171 770 eorum
1193 742 1287 770 laverit
1303 753 1308 769 ε
1324 751 1408 778 quare
1428 751 1516 779 neque
1540 744 1683 780 despectu-

883 794 929 813 rus
943 786 978 814 sit
991 794 1040 814 eos
1055 786 1083 814 in
1109 787 1189 814 rebus
1210 787 1390 822 gravioribus.
1406 788 1567 816 'l‘ransitum
1588 793 1680 817 autem

884 831 1007 858 nominat
1024 836 1140 859 mortem
1160 832 1270 864 Christi,
1287 836 1398 867 propter
1418 833 1635 868 assumptionem
1647 841 1679 861 ex

887 876 1098 904 resurrectione.
1133 877 1203 912 Quia
1237 876 1319 912 igitur
1339 877 1504 905 transiturus
1530 882 1588 905 erat
1609 889 1622 903 ι
1649 886 1682 907 ex

887 920 939 947 hoc
954 919 1068 953 mundo,
1086 932 1099 944 ιι
1121 920 1241 948 ostendit
1262 920 1425 948 charitatem
1440 929 1515 956 erga,
1533 933 1546 945 α
1571 930 1648 950 suos.
1666 935 1678 948 ι

885 966 954 993 Suos
977 969 1070 992 autem
1083 964 1230 1000 discipulos
1244 965 1371 992 nominat
1395 966 1549 994 secundum
1565 965 1682 994 familia-

885 1008 972 1036 ritatis
986 1009 1132 1036 rationem.
1149 1011 1291 1044 Quantum
1304 1009 1390 1043 enim,
1406 1009 1442 1037 ad
1458 1010 1591 1038 rationem
1605 1019 1680 1039 crea-

884 1053 975 1086 tionis,
989 1053 1047 1089 ejus
1062 1053 1162 1089 proprii
1177 1058 1242 1082 sunt
1267 1062 1366 1082 omnes
1391 1053 1526 1088 homines,
1550 1056 1682 1092 quemad-

885 1097 1002 1126 modum
1016 1097 1123 1126 dictum
1137 1102 1180 1126 est
1197 1097 1219 1115 ³²
1233 1107 1240 1125 :
1265 1110 1278 1122 α
1296 1099 1331 1126 In
1358 1099 1467 1135 propria
1483 1099 1554 1127 venit
1569 1109 1575 1127 :
1598 1104 1626 1128 et
1639 1101 1681 1129 sui

884 1150 947 1170 eum
962 1150 1018 1170 non
1041 1147 1212 1178 receperunt.
1240 1154 1251 1167 ι
1267 1143 1314 1171 Sui
1329 1147 1421 1171 autem
1436 1143 1519 1172 etiam
1533 1145 1632 1179 sancti,
1648 1153 1681 1173 eo

884 1186 959 1223 quod
979 1187 1129 1215 familiares
1141 1188 1166 1215 ei
1181 1187 1246 1222 sint,
1263 1188 1497 1224 quemadmodum
1512 1193 1540 1216 et
1555 1188 1607 1217 hoc
1621 1189 1681 1218 low

884 1239 948 1259 suos
970 1232 1075 1259 vocavit
1088 1231 1247 1267 discipulos.
1274 1232 1384 1268 Adjecit
1404 1237 1499 1260 autem
1524 1232 1577 1267 his,
1595 1245 1608 1258 α
1634 1234 1681 1270 qui

884 1276 911 1303 in
926 1276 1028 1304 mundo
1042 1286 1048 1303 :
1065 1288 1078 1301 ο
1093 1277 1154 1312 quia
1169 1281 1197 1304 et
1218 1277 1263 1304 alii
1281 1281 1358 1305 erant
1381 1277 1434 1309 sui,
1451 1282 1481 1305 ut
1494 1278 1635 1306 Abraham
1653 1283 1681 1307 et

883 1321 1054 1356 patriarchae.
1065 1322 1111 1349 sed
1121 1329 1176 1348 non
1190 1322 1218 1348 in
1234 1322 1354 1355 mundo;
1369 1321 1591 1357 demigraverant
1605 1323 1679 1352 enim

884 1365 919 1392 ab
932 1373 965 1393 eo
979 1365 1048 1393 loco.
1075 1376 1086 1390 ι
1105 1367 1162 1393 Hos
1176 1366 1257 1401 igitur
1277 1373 1342 1394 suos
1359 1375 1430 1402 quos
1444 1367 1472 1394 in
1497 1367 1549 1395 hoc
1564 1368 1679 1402 mundo,

885 1418 969 1445 usque
983 1410 1010 1438 in
1032 1410 1117 1438 ﬁnem
1136 1410 1243 1444 dilexit,
1261 1422 1274 1435 ιι
1291 1410 1343 1440 hoc
1363 1415 1413 1446 est,
1439 1411 1590 1448 perfectam
1615 1420 1679 1449 erga

884 1455 946 1483 illos
958 1454 1121 1484 charitatem
1134 1455 1289 1484 declaravit.

90 1599 102 1617 ιι
119 1588 174 1636 ΔΚαὶ
187 1590 296 1636 δείπνου
317 1590 477 1636 γενομένου,
501 1593 546 1636 τοῦ
570 1591 695 1621 διαϐόλου
714 1592 765 1628 ἤδη
783 1595 828 1632 βε-

918 1598 1008 1626 νιιιιδ.
1029 1601 1083 1626 2-5.
1101 1607 1116 1625 α
1142 1600 1175 1626 Et
1198 1606 1276 1626 coma
1302 1598 1385 1632 facta,
1408 1607 1471 1627 cum
1487 1599 1610 1628 diabolus
1621 1600 1680 1636 jam

54 1631 164 1668 ϐληχότος
184 1636 219 1667 εἰς
235 1633 286 1670 τὴν
311 1635 422 1674 καρδίαν
441 1635 528 1665 Ἰούδα
545 1635 667 1674 Σίμωνος
686 1637 826 1677 Ἰσκαριώ-

53 1688 102 1712 του,
119 1677 159 1707 ἵνα
175 1679 253 1708 αὐτὸν
276 1680 404 1719 παραδῷ,
421 1679 497 1712 εἰδὼς
510 1681 524 1708 6
549 1680 664 1717 Ἰησοῦς,
679 1681 720 1710 ὅτι
739 1681 828 1711 πάντα

54 1720 146 1750 δέδωκεν
161 1723 230 1763 αὖτῷ
252 1725 268 1752 6
293 1724 390 1763 Πατὴρ
407 1725 442 1758 εἰς
459 1724 506 1758 τὰς
528 1725 635 1765 χεῖρας,
653 1725 698 1754 χαὶ
715 1725 754 1754 ὅτι
776 1726 828 1756 ἀπὸ

53 1765 110 1794 Θεοῦ
125 1767 210 1802 ἐξῆλθε
225 1767 273 1798 καὶ
288 1768 353 1807 πρὸς
367 1769 411 1798 τὸν
428 1769 496 1798 Θεὸν
513 1770 624 1808 ὑπάγει,
649 1770 777 1809 ἐγείρεται
799 1771 828 1800 ἔκ

54 1810 156 1847 δείπνου,
172 1813 217 1842 καὶ
234 1813 324 1849 τίθησι
346 1813 379 1842 τὰ
408 1814 514 1851 ίμάτια,
540 1814 585 1843 καὶ
601 1813 692 1843 λαϐὼν
709 1815 826 1853 λέντιον,

53 1854 156 1888 διέζωσεν
169 1858 278 1887 ἑαυτόνο
293 1853 349 1886 εἶτα
367 1858 460 1897 βάλλει
475 1859 546 1898 ὕδωρ
567 1860 603 1892 εἰς
620 1858 665 1888 τὸν
688 1863 803 1899 νιπτῆρα
818 1883 826 1895 ,

53 1899 89 1927 καὶ
112 1900 203 1939 ἤρξατο
227 1902 329 1931 νίπτειν
349 1902 407 1935 τοὺς
429 1903 511 1936 πόδας
530 1905 581 1932 τῶν
610 1905 753 1941 μαθητῶν,
782 1904 827 1933 καὶ

53 1943 176 1981 ἐκμάσσειν
198 1948 235 1986 τῷ
251 1946 357 1987 λεντίῳ,
376 1942 398 1987 ᾧ
413 1943 445 1983 ἧν
470 1947 653 1986 διεζωσμένος.
678 1959 692 1976 )›
714 1949 828 1987 Θαυμά-

53 1989 92 2020 ζων
117 1991 129 2017 6
151 1990 352 2030 εὖαγγελιστὴς,
378 1991 419 2020 ὅτι
452 1992 495 2021 τὸν
521 1991 573 2028 ἤδη
599 1992 648 2029 τὴν
684 1993 827 2032 προδοσίαν

54 2033 249 2076 ξκμελετήσαντα
273 2036 344 2076 ἔνιψε
368 2037 382 2065 ὁ
400 2037 532 2076 Χριστὸς,
547 2036 630 2076 φησὶ,
661 2048 676 2066 (ι
690 2039 746 2068 Τοῦ
767 2039 827 2067 δια-

54 2075 117 2107 ϐόλου
131 2079 179 2114 ἤδη
207 2080 369 2118 βεϐληκότος
391 2083 426 2114 εἰς
448 2081 494 2115 τὴν
520 2075 631 2120 καρδίαν
657 2082 792 2120 Σίμωνος·
808 2095 822 2112 ιι

54 2120 119 2155 οὕτως
132 2123 192 2163 ἄχρι
216 2124 308 2158 τέλους
323 2126 365 2154 τὸν
383 2125 513 2163 προδότην
529 2126 681 2165 ἐθεράπευε.
713 2127 765 2157 Καὶ
780 2128 825 2164 τὸ,

57 2174 68 2192 υ
84 2168 186 2197 Δείπνου
201 2169 228 2198 δὲ
241 2170 382 2208 γενομένου
391 2193 400 2208 ,
420 2181 435 2199 (ι
449 2171 478 2199 οὗ
494 2170 581 2208 μάτην
597 2175 698 2206 χεῖται,
711 2172 769 2201 ἀλλ’
782 2171 827 2201 ἵνα

55 2209 128 2251 δειχθῇ
149 2213 188 2242 τὸ·
201 2214 380 2253 ἀπάνθρωπον
408 2217 453 2244 τοῦ
471 2214 573 2251 Ἰούδα,
597 2214 637 2244 ὅτι
653 2215 711 2245 οὐδὲ
740 2218 756 2251 ἡ
781 2218 827 2251 τῆς

54 2258 164 2299 τραπέζης
180 2258 305 2287 κοινωνία
329 2260 552 2291 κατεδυσώπησεν
578 2260 668 2290 αὐτόν.
701 2272 716 2288 ιι
743 2261 827 2295 Εἰδὼς

54 2300 112 2328 οὖνὸ
127 2301 228 2336 Ἰησοῦς
238 2325 246 2340 ,
271 2303 311 2331 δτι
326 2304 414 2333 πάντα
439 2304 592 2343 παρέδωκεν
607 2305 678 2343 αὐτῷ
701 2307 715 2334 6
733 2306 828 2345 Πατὴρ

55 2343 134 2378 sicsic
150 2350 255 2386 χεῖρας·
282 2360 296 2375 n
315 2348 465 2384 τουτέστιν,
492 2347 532 2377 ὅτι
555 2347 604 2383 τὴν
620 2349 753 2388 σωτηρίαν
776 2351 828 2379 τῶν

54 2390 136 2417 πιστῶν
160 2391 231 2431 αὐτῷ
257 2392 417 2431 ἕνεχείρισι,
442 2392 488 2422 καὶ
516 2393 554 2422 δεῖ
577 2393 669 2422 λοιπὸν
685 2394 772 2423 πάντα
794 2394 828 2424 τὰ

54 2432 106 2469 πρὸς
125 2437 254 2476 σωτηρίαν
282 2437 466 2466 ὑποδεικνύναι
494 2438 598 2473 αὐτοῖς,
616 2440 705 2467 ὁποῖον
727 2439 771 2467 καὶ
797 2440 827 2468 τὸ

54 2477 113 2516 νῖψαι
131 2479 186 2513 τοὺς
213 2481 297 2514 πόδας
324 2483 376 2511 τῶν
406 2483 544 2520 μαθητῶν.
575 2483 826 2520 Ταπιινοφροσύνην

54 2519 94 2559 γὰρ
104 2522 212 2554 ἐντεῦθιν
222 2529 416 2564 νομοθετεῖται.
431 2526 486 2557 Καὶ
499 2526 584 2560 ἄλλως
595 2526 631 2556 δέ·
643 2539 658 2555 ιι
672 2527 755 2560 Εἰδὼς
768 2530 826 2567 (3ὕ)

81 2582 185 2614 ³³]οθιι.
201 2594 224 2620 ι,
242 2591 286 2615 ιι.

841 2249 866 2280 Ι)

882 1642 1040 1670 immisisset
1052 1643 1081 1670 in
1095 1651 1143 1670 cor
1160 1643 1239 1671 Juda:
1254 1643 1372 1671 Simonis
1385 1644 1525 1672 Iscariotze
1540 1648 1571 1672 ut
1586 1645 1681 1680 prode-

881 1691 925 1714 ret
938 1695 1013 1720 eum,
1030 1687 1120 1715 sciens
1133 1689 1213 1715 Jesus
1225 1687 1300 1723 quod
1315 1688 1408 1716 omnia
1424 1688 1476 1716 sibi
1491 1688 1611 1718 dedisset
1627 1691 1678 1717 Pa-

882 1735 923 1759 ter
942 1731 970 1759 in
986 1739 1096 1765 manus,
1112 1736 1139 1759 et
1161 1732 1238 1768 quod
1254 1740 1269 1759 a
1285 1734 1344 1760 Deo
1359 1733 1467 1764 exisset,
1491 1737 1519 1761 et
1541 1733 1574 1761 ad
1591 1735 1679 1762 Deum

882 1775 942 1809 iret,
961 1776 1050 1812 surgit
1071 1784 1085 1803 ιι
1105 1784 1181 1804 coena
1203 1780 1230 1804 et
1254 1777 1331 1812 ponit
1359 1777 1520 1805 vestimenta
1539 1787 1546 1805 :
1570 1782 1598 1805 et
1615 1787 1678 1807 cum

880 1821 1025 1856 accepisset
1063 1820 1190 1854 linteum,
1224 1821 1365 1856 prmcinxit
1399 1829 1438 1849 se.
1476 1822 1584 1849 Deinde
1608 1823 1681 1850 misit

881 1872 981 1900 aquam
996 1865 1025 1892 in
1047 1865 1158 1900 pelvim,
1174 1869 1201 1892 et
1219 1866 1306 1900 coepit
1320 1865 1410 1892 lavare
1426 1865 1509 1900 pedes
1529 1866 1680 1901 discipulo-

881 1917 954 1943 rum,
967 1913 995 1936 et
1008 1913 1161 1944 exstergere
1170 1909 1254 1936 linteo
1264 1917 1319 1945 quo
1330 1913 1387 1936 erat
1399 1910 1574 1945 praecinctus.
1591 1921 1604 1934 ι
1622 1911 1680 1938 Ad-

882 1953 984 1981 mirans
1006 1953 1169 1989 evangelista
1193 1953 1269 1989 quod
1295 1953 1420 1982 Christus
1435 1954 1529 1981 laverit
1552 1962 1614 1982 eum
1634 1956 1679 1990 qui

881 1998 1066 2026 meditabatur
1101 1997 1297 2033 proditionem,
1320 1998 1399 2031 dicit,
1417 2010 1430 2022 ι
1455 1999 1527 2026 Cum
1555 1999 1681 2027 diabolus

881 2043 1040 2070 immisisset
1056 2043 1082 2070 in
1099 2051 1148 2070 cor
1173 2043 1305 2071 Simonis.
1331 2054 1343 2067 ι
1371 2044 1414 2071 Ita
1435 2051 1500 2079 ergo
1531 2051 1618 2080 usque
1645 2044 1681 2072 ad

881 2087 963 2115 ﬁnem
977 2087 1125 2123 proditoris
1143 2095 1240 2115 curam
1255 2087 1378 2123 gerebat,
1400 2095 1451 2116 nec
1476 2087 1578 2115 frustra
1593 2097 1681 2124 appo-

880 2132 931 2162 nit.
943 2133 1027 2160 Cmna
1046 2136 1138 2159 autem
1156 2132 1226 2159 facta
1247 2140 1254 2159 :
1274 2144 1286 2156 ι
1312 2137 1342 2160 ut
1367 2132 1527 2160 ostendatur
1551 2132 1681 2161 inhuma-

880 2177 951 2204 nitas
971 2176 1060 2210 Judze,
1083 2184 1166 2212 quem
1183 2184 1270 2212 neque
1293 2185 1395 2204 mensa:
1410 2178 1570 2205 communio
1587 2178 1680 2213 placa-

883 2225 969 2249 verat.
994 2233 1007 2245 ι
1028 2221 1147 2248 Proinde
1168 2222 1248 2248 .Iesus
1272 2222 1359 2249 sciens
1390 2221 1463 2257 quod
1486 2223 1566 2250 Pater
1588 2222 1680 2250 omnia

882 2265 1038 2293 tradidisset
1051 2266 1075 2293 ei
1093 2266 1120 2293 in
1141 2273 1252 2299 manus,
1272 2277 1284 2290 ο
1307 2266 1359 2293 hoc
1379 2270 1430 2299 est,
1452 2265 1526 2302 quod
1546 2267 1682 2294 concredi-

882 2309 968 2338 disset
989 2311 1012 2338 ei
1027 2311 1143 2338 salutem
1159 2310 1292 2344 ﬁdelium,
1319 2314 1345 2338 et
1360 2310 1458 2339 debeat
1480 2319 1554 2338 nunc
1575 2311 1680 2344 omnia,

881 2362 943 2391 quae
957 2355 991 2383 ad
1012 2355 1129 2382 salutem
1154 2363 1249 2382 eorum
1271 2355 1437 2390 pertineant,
1456 2359 1610 2383 monstrare
1631 2356 1680 2390 eis,

883 2410 896 2423 ε
917 2403 945 2427 et
956 2400 1039 2435 coepit
1050 2400 1139 2427 lavare
1155 2399 1234 2435 pedes
1247 2400 1455 2435 discipulorum.
1475 2412 1487 2423 ιι
1510 2400 1682 2428 Humilitatis

881 2444 954 2472 enim
970 2444 1015 2472 lex
1028 2444 1080 2471 hoc
1095 2444 1155 2471 loco
1171 2444 1338 2480 praecipitur.
1358 2445 1392 2471 Et
1406 2445 1493 2478 aliter,
1511 2456 1523 2468 ι
1540 2446 1610 2472 Cum
1626 2445 1683 2472 sci-

881 2493 923 2516 ret
934 2489 1007 2524 quod
1027 2489 1121 2516 omnia
1137 2489 1295 2516 tradidisset
1308 2489 1331 2516 ei
1358 2490 1446 2523 Pater,
1466 2493 1493 2516 et
1507 2490 1579 2525 quod
1592 2498 1606 2516 a
1623 2491 1682 2517 Deo

881 2533 990 2567 exisset,
1005 2537 1033 2561 et
1047 2533 1079 2561 aii
1094 2535 1185 2561 Deum
1202 2533 1264 2567 iret,
1281 2545 1294 2558 υ
1309 2541 1364 2561 non
1386 2534 1499 2562 timebat
1519 2534 1606 2562 minui
1621 2534 1680 2569 glo-

560 2625 602 2653 Ex
621 2625 777 2655 collatione
792 2627 876 2656 codd.
891 2626 992 2657 Venet.
1059 2627 1163 2657 Marci.

69 2682 129 2723 “(35)
148 2686 212 2714 God.
228 2690 277 2719 31,
307 2687 492 2715 Ὗποδεικνύναι
515 2688 598 2720 αὐτοῖς
621 2689 708 2716 ὁποῖον
734 2691 775 2716 καὶ
801 2690 830 2717 τὶν

58 2718 125 2766 γῖψαιῆ
143 2722 195 2753 τοὺς
232 2724 308 2754 πόδας
341 2727 390 2750 τῶν
421 2725 537 2760 μαθητῶν
577 2727 830 2766 (ιταπεινοφροσύνην

58 2756 150 2796 ένξεῦῑξεν
185 2760 396 2794 νομοθετεῖται),
421 2756 557 2795 ⁷ἐγείρεται
581 2756 622 2787 ’ἔκ
647 2766 688 2788 τοῦ
712 2756 830 2794 δείπνου,

58 2792 90 2814 ui
108 2792 178 2819 νὶπτει
196 2792 252 2826 τοὺς
276 2796 352 2826 πόδας
367 2792 428 2822 ντῶν
455 2792 583 2831 μαθητῶν.
610 2797 657 2823 Καὶ
681 2797 765 2828 ἄλλως
790 2792 830 2831 δὲ,

83 2834 115 2866 (ιι)
131 2837 168 2862 Sic
181 2839 316 2866 vertendus
330 2842 368 2866 est
381 2841 484 2866 (ἂι-ωασπς
497 2842 588 2866 textus.

884 2690 964 2725 ιίῑὼς,
978 2701 1003 2718 χ.
1023 2701 1046 2718 τ.
1062 2691 1088 2718 λ.
1116 2692 1302 2728 ιίΜοιιεῐιῖιιο
1330 2692 1370 2719 eis
1386 2692 1422 2726 (ri)
1438 2701 1444 2718 :
1468 2691 1549 2728 quale
1559 2698 1638 2728 nam_
1649 2690 1683 2718 sit

885 2731 912 2754 et
927 2727 1014 2763 lavare
1033 2727 1114 2762 pedes
1129 2727 1337 2763 discipulorum.
1355 2728 1436 2759 (Hinc
1452 2726 1526 2754 enim
1537 2726 1683 2763 humilitas

886 2761 1090 2798 praescribitur.)
1113 2761 1206 2798 Surgit
1224 2771 1239 2790 a
1254 2771 1343 2795 coena,
1366 2767 1393 2790 et
1408 2763 1480 2789 lavat
1494 2762 1575 2798 pedes
1598 2761 1681 2790 disci-

887 2798 1026 2834 pulorum.
1045 2800 1076 2826 Et
1091 2799 1182 2830 aliter.
1197 2807 1261 2826 cum
1274 2799 1366 2831 sciret,
1381 2803 1425 2826 etc
1454 2809 1466 2822 ιο
