1922 3077
245 193 296 220 147

242 255 313 284 riam
332 262 423 288 suam,
443 254 535 282 Iavans
549 252 632 289 pedes
652 251 859 288 discipulorum.
883 251 946 279 Non
967 250 1041 279 enim

244 303 371 336 rapuerat
387 299 514 335 gloriam,
526 301 557 326 ut
571 298 681 325 timeret
699 297 734 325 ab
746 296 790 325 illa
805 296 942 324 excidere.
956 296 1042 332 686

244 345 280 372 Et
292 347 437 380 propterea
462 350 519 370 non
532 342 662 378 dignatur
686 341 789 370 humile
803 340 937 377 quiddam
953 340 1042 369 facere

244 389 314 416 sicut
328 388 374 424 qui
393 388 518 424 generosi
539 394 596 415 non
617 390 694 420 sunt,
711 386 845 422 quoniam
865 385 982 422 gloriam
997 393 1040 413 ra-

244 433 332 469 piunt,
348 432 474 460 nolentes
489 432 545 460 ullo
560 431 643 460 modo
658 430 808 465 humiliari,
823 434 853 458 ut
873 438 908 458 ne
925 430 1042 466 perdant

247 477 321 514 quod
334 481 490 513 rapuerant.
506 478 544 505 At
557 477 682 504 omnium
696 484 744 504 rex
758 479 818 504 erat
832 479 860 504 et
879 475 930 503 Dei
944 475 1039 503 Filius.

244 523 305 550 Hoc
319 522 394 550 enim
408 522 465 549 vult
477 521 544 549 dum
553 521 627 555 dicit,
640 532 651 545 ει
664 521 690 548 Α
701 522 760 548 Deo
775 520 884 553 exisset,
899 531 911 545 ιι
925 519 978 547 hoc
989 524 1041 553 est,

244 575 277 594 ex
298 567 387 594 Patris
401 567 564 599 substantia,
582 578 594 590 ι
611 569 638 593 et
664 566 762 593 iterum
777 564 812 593 ad
827 566 917 592 Deum
938 565 998 593 iret.
1026 576 1038 589 -

247 613 280 639 Et
294 612 333 639 ita
346 619 401 639 non
416 611 592 639 minuebatur
614 611 699 647 gloria
720 611 779 646 ejus
793 609 839 645 qui
860 609 922 637 talis
942 614 993 643 est,
1008 617 1040 637 ex

245 664 277 684 eo
292 655 366 692 quod
389 655 536 691 discipulos
558 655 669 683 lavaret.
691 654 838 683 Considera
863 654 952 690 igitur,
967 654 1041 690 quod

245 701 268 728 si
282 700 420 728 humiliari
436 708 506 736 opus
525 704 567 728 est
585 700 643 736 ejus
662 699 737 735 quia
757 700 814 726 Deo
837 706 962 734 egressus
972 694 1039 734 'est,

244 749 273 773 et
286 745 321 773 ad
339 746 430 773 Deum
452 744 526 772 vadit
548 755 555 772 ι
583 744 723 779 superbire
744 747 771 771 et
792 744 947 772 fastuosum
971 751 1040 777 esse,

245 789 368 825 proiecto
383 796 452 824 Opus
466 793 508 816 est
532 789 592 824 ejus
607 789 653 824 qui
676 796 692 816 a
706 788 878 817 daemonibus
905 788 997 823 exivit,
1013 793 1041 816 et

246 834 280 861 ad
294 834 436 862 daemones
449 833 536 862 vadit.
551 834 621 861 Cum
632 837 724 860 autem
737 832 863 867 audieris,
889 844 900 857 ι
915 832 1042 861 Dedisset

245 878 270 907 ei
281 880 362 906 Pater
373 889 380 907 :
396 890 409 902 ι
420 886 454 906 ne
463 878 603 906 existimes
612 877 760 913 quamdam
773 878 835 906 Filii
849 877 1039 914 impotentiam

249 923 292 950 hic
311 923 454 955 declarari,
476 923 524 950 sed
551 922 624 951 disce
645 922 736 958 potius
762 922 943 950 reverentiam
977 930 1039 958 erga

244 968 354 995 Patrem
369 971 396 995 et
409 967 558 995 voluntatis
572 967 746 995 concordiam
759 976 766 995 :
781 967 843 1002 quia
861 967 882 994 si
904 967 1041 1002 impotens

243 1012 293 1040 tibi
319 1011 428 1040 videtur
446 1012 540 1045 Filius,
562 1019 594 1040 eo
622 1011 697 1048 quod
719 1012 800 1039 Pater
822 1011 847 1039 ei
878 1019 908 1039 ea
933 1011 1040 1040 dedisse

243 1055 360 1091 dicatur,
387 1057 565 1092 impotentem
586 1057 704 1092 intellige
725 1060 752 1084 et
772 1057 891 1091 Patrem,
915 1064 947 1084 eo
965 1056 1040 1092 quod

242 1101 327 1129 Filius
342 1101 365 1129 ei
383 1109 499 1137 regnum
519 1101 614 1134 tradit,
637 1105 667 1128 ut
683 1101 830 1136 Apostolus
853 1100 919 1128 dicit
940 1100 978 1135 ³³;
992 1101 1039 1129 sed

243 1153 300 1174 non
314 1146 354 1173 ita
367 1150 417 1174 est.
443 1147 546 1174 Verum
567 1145 680 1173 traditio
699 1145 877 1173 concordiam
897 1150 924 1173 et
938 1153 1039 1181 coope-

242 1190 378 1218 rationem
393 1189 470 1224 dicit,
483 1194 514 1217 ut
526 1190 566 1218 sic
578 1190 678 1224 dicam,
690 1194 716 1217 et
726 1189 927 1225 beneplacitum
941 1190 1039 1218 Patris.

242 1234 311 1262 Vide
334 1237 426 1262 autem
448 1238 476 1262 et
492 1234 669 1262 eminentiam
693 1233 865 1262 humilitatis.
887 1235 949 1262 Non
963 1234 1039 1262 enim

243 1282 306 1306 ante
320 1286 427 1307 caenam
440 1278 522 1312 lavat,
539 1278 589 1307 sed
613 1283 759 1315 postquam
778 1287 876 1307 omnes
899 1279 1038 1307 recubuis-

243 1327 313 1357 sent,
328 1323 418 1359 surgit
431 1323 508 1352 solus
527 1323 594 1359 ipse,
617 1323 670 1351 illis
692 1323 928 1357 recumbentibus,
944 1327 972 1351 et
991 1323 1038 1352 de-

242 1367 319 1404 ponit
333 1367 444 1403 quidem
465 1368 649 1396 vestimenta:
675 1367 777 1395 docens
798 1375 848 1396 nos
868 1372 898 1395 ut
921 1367 1039 1404 expediti

241 1416 269 1440 et
282 1412 354 1440 leves
368 1412 455 1439 simus
469 1411 503 1439 ad
524 1411 718 1439 ministerium.
733 1412 831 1439 Linteo
852 1416 944 1439 autem
968 1419 1037 1447 prae-

242 1456 369 1491 cingitur,
386 1456 444 1491 ipse
466 1455 556 1483 omnia
580 1455 693 1488 faciens,
710 1455 805 1483 lavans
818 1460 845 1484 et
870 1460 1037 1492 exstergens.

242 1500 329 1529 Mittit
349 1500 417 1528 item
432 1507 543 1535 aquam,
565 1503 593 1527 et
615 1499 668 1527 hoc
687 1499 745 1535 ipse
769 1499 884 1534 faciens,
909 1508 966 1528 non
995 1501 1038 1528 alii

242 1544 431 1572 committens.
451 1545 519 1572 Haec
530 1547 623 1572 autem
643 1545 736 1572 omnia
751 1544 829 1572 nobis
853 1544 953 1572 indicia
977 1549 1041 1573 sunt

242 1592 270 1616 et
285 1592 421 1624 praacepta
436 1589 577 1624 quomodo
592 1595 644 1616 nos
658 1596 723 1616 cum
737 1589 813 1616 omni
823 1589 962 1617 alacritate
984 1590 1038 1617 mi-

243 1633 362 1661 nistrare
375 1637 512 1668 oporteat,
533 1637 560 1661 et
584 1641 634 1661 nos
649 1633 723 1669 ipsos
742 1633 834 1662 omnia
849 1634 964 1670 operari,
980 1642 1038 1662 non

242 1677 304 1705 aliis
319 1681 426 1706 utentes
438 1677 582 1706 ministris.

789 187 1046 217 THEOPHYLACTI
1065 187 1246 216 BULGARIE
1265 184 1422 214 ARCHIEP.

1824 183 1865 210 “8

1055 254 1082 285 A
1095 250 1136 281 ὅτι
1150 249 1238 280 πάντα
1262 247 1414 288 παρέδωκεν
1439 246 1512 286 αὖτῷ
1536 247 1550 275 ὃ
1564 243 1680 284 Πατὴρ,
1707 243 1750 274 καὶ
1771 244 1807 274 ὅτι
1826 245 1867 274 ἀπὸ

1097 298 1168 327 Θεοῦ
1183 294 1290 330 ἐξῆλθε,
1305 293 1350 322 καὶ
1365 291 1430 333 πρὸς
1443 290 1487 321 τὸν
1502 290 1571 320 Θεὸν
1585 289 1695 329 ὗποίγιι,
1711 302 1723 316 ι
1737 289 1792 319 οὐδὲ
1805 290 1867 319 ἔλατ-

1098 340 1245 375 τωοήσεται
1268 341 1285 374 ἡ
1303 337 1364 372 δόξα
1389 337 1486 374 αὐτοῦ,
1510 335 1643 369 νίπτοντος
1657 334 1716 367 τοὺς
1732 334 1809 368 πόδας
1826 336 1867 364 τῶν

1099 386 1233 424 μαθητῶν.
1258 383 1305 419 Μὴ
1332 382 1382 422 γὰρ
1401 381 1508 422 ἥρπασε
1533 379 1581 415 τὴν
1598 378 1689 424 δόξαν,
1705 378 1747 408 ἵνα
1770 379 1868 420 φοϐῆται

1097 423 1219 459 ἐκπεσεῖν
1243 429 1355 463 ταύτης,
1372 426 1418 456 καὶ
1440 425 1483 455 διὰ
1505 427 1580 455 τοῦτο
1604 423 1641 462 μὴ
1667 424 1836 463 καταδέχηταί
1849 436 1868 453 τι

1097 474 1220 504 ταπεινὸν
1238 477 1336 509 ποιεῖν;
1363 467 1416 501 οἶον
1440 471 1464 500 οἱ
1483 469 1613 508 δυσγενεῖς
1628 469 1786 509 πάσχουσιν,
1801 469 1868 499 ἐπειῖ

1098 520 1128 548 ἂν
1149 519 1223 553 δόξαν
1242 517 1401 557 ἇρποίσωσι,
1421 515 1458 553 μὴ
1477 514 1594 547 θέλοντες
1609 513 1676 547 ὅλως
1699 514 1867 552 ὑποκλιθῆναι,

1096 563 1139 592 ἵνα
1165 563 1202 602 μὴ
1221 561 1386 593 ἀπολέσωσιν
1413 559 1427 590 ὂ
1443 560 1480 602 μὴ
1501 559 1626 598 διαφέρον
1642 559 1729 591 αὐτοῖς
1748 558 1867 597 ἥρπασαν.

1096 600 1178 638 Ἀλλᾶ
1192 608 1298 637 πάντων
1315 604 1439 646 βασιλεὺς
1454 600 1496 640 ἧν,
1512 604 1558 633 καὶ
1573 606 1618 633 τοῦ
1637 605 1708 635 Θεοῦ
1720 603 1793 636 Υἱός
1804 605 1868 632 τοῦτο

1096 654 1147 692 γὰρ
1173 653 1217 688 τὸ,
1243 663 1258 681 (ι
1273 651 1338 681 Ἀπὸ
1360 652 1430 682 Θεοῦ
1453 649 1559 684 ἐξῆλοε,
1575 659 1589 678 ›)
1611 648 1760 684 τουτέστιν,
1785 649 1811 677 ἐκ
1832 649 1868 683 τῆς

1095 691 1142 727 τοῖ’)
1158 697 1263 737 Πατρὸς
1279 695 1382 732 οὐσίας,
1405 705 1419 723 (ι
1432 694 1478 723 καὶ
1493 694 1574 722 πάλιν
1589 694 1653 733 πρὸς
1670 692 1738 722 Θεὸν
1752 691 1844 731 ὑπάγει.
1855 703 1867 719 ν

1095 742 1180 772 Ὥστε
1195 743 1240 771 οὐκ
1268 741 1376 779 ἔμελλεν
1402 740 1582 774 ἐλαττωθῆναι
1596 740 1614 773 ἡ
1631 737 1693 772 δόξα
1714 738 1789 766 αὐτοῦ
1805 738 1868 771 τηλι-

1096 787 1188 817 κούτου
1212 786 1283 818 ὄντος
1306 784 1351 814 ἐπὶ
1375 787 1422 813 τοῦ
1443 783 1503 817 τοὺς
1529 781 1651 821 μαθητὰς
1675 784 1757 822 νῖψαι.
1781 781 1867 811 Σκόπει

1097 832 1124 862 δέ
1143 843 1206 870 μοι,
1229 831 1268 860 ὅτι
1284 830 1306 859 εἰ
1332 829 1362 858 τὸ
1384 830 1572 858 ταπεινοῦσθαι
1593 827 1671 867 ἔργον
1690 826 1745 857 ἐστὶ
1765 829 1807 856 τοῦ
1827 826 1869 855 ἀπὸ

1096 877 1166 906 Θεοῦ
1188 875 1315 911 ἐξιόντος,
1339 874 1385 903 καὶ
1409 872 1473 913 πρὸς
1487 872 1556 902 Θεὸν
1572 873 1729 911 ὑπάγοντος·
1744 872 1772 901 τὸ
1787 872 1870 905 ἀλαζο-

1096 921 1215 950 νεύεσθαι
1230 918 1332 955 δηλαδὴ
1349 918 1448 948 ἐκείνου
1473 917 1547 946 ἔσται
1571 916 1645 957 ἔργον
1657 939 1666 955 ,
1692 918 1738 945 τοῦ
1762 916 1811 945 ἀπὸ
1823 916 1868 945 δαι-

1096 966 1183 1004 μόνων
1201 964 1324 999 ἐξιόντος,
1343 964 1388 993 χαὶ
1410 963 1473 1002 πρὸς
1490 961 1616 1000 δαίμονας
1642 961 1763 994 ἀπιόντος
1774 972 1780 979 ·
1796 960 1869 991 Ὅταν

1095 1010 1122 1040 δὲ
1139 1009 1267 1049 ἀκούσῃς,
1283 1009 1323 1038 ὅτι
1353 1019 1368 1037 (ι
1386 1007 1545 1047 Παρέδωκεν
1570 1007 1642 1046 αὐτῷ
1660 1009 1673 1036 ὁ
1689 1005 1796 1044 Πατὴρ,
1813 1015 1825 1034 ι
1840 1004 1869 1042 μὴ

1095 1054 1242 1093 ἀδυναμίαν
1262 1054 1374 1092 νομίσῃς
1400 1053 1513 1081 ἐνταῦθα
1536 1050 1710 1091 ἐμφαίνεσθαι
1736 1053 1780 1080 τοῦ
1802 1050 1869 1084 Υἱοῧ,

1096 1100 1164 1129 ἀλλὰ
1178 1099 1224 1135 τὴν
1240 1099 1304 1139 πρὸς
1316 1098 1358 1128 τὸν
1375 1097 1487 1135 Πατέρα
1499 1096 1579 1134 τιμὴν
1593 1095 1637 1126 καὶ
1651 1096 1784 1135 ὁμόνοιαν.
1806 1094 1871 1124 Ἐπεὶ

1095 1147 1118 1173 εἰ
1137 1143 1262 1176 ἀδύνατός
1278 1155 1318 1172 σοι
1341 1142 1412 1172 δοκεῖ
1433 1143 1446 1170 ὁ
1462 1141 1538 1177 Υἱὸς,
1554 1140 1621 1170 διότι
1635 1143 1649 1170 ὁ
1670 1140 1762 1181 Πατὴρ
1782 1139 1871 1178 λέγεται

1095 1189 1168 1228 αὐτῷ
1183 1190 1366 1228 παραδοῦναι,
1390 1185 1518 1216 ἀδύνατον
1545 1185 1598 1214 νόει
1615 1185 1661 1214 καὶ
1689 1186 1732 1215 τὸν
1760 1184 1869 1223 Πατέρα,

1095 1233 1162 1263 διότι
1177 1234 1191 1261 ὁ
1210 1233 1272 1266 Υἱὸς
1288 1233 1360 1272 αὐτῷ
1383 1230 1432 1266 τὴν
1454 1229 1592 1270 βασιλείαν
1611 1230 1804 1270 παραδίδωσιν,
1819 1228 1872 1261 ὡςδ

1094 1277 1248 1311 Ἀπόστολός
1262 1289 1352 1317 φησιν.
1396 1275 1467 1305 Ἀλλ’
1482 1276 1530 1304 οὐκ
1545 1274 1600 1304 ἔστι
1616 1277 1709 1305 τοῦτο·
1726 1274 1782 1303 ἀλλ’
1796 1275 1811 1310 ἡ
1827 1283 1871 1302 πα-

1097 1323 1200 1363 ράδοσις
1215 1322 1262 1358 τὴν
1277 1323 1400 1360 ὁμόνοιαν
1411 1343 1419 1358 ,
1435 1320 1483 1350 καὶ
1497 1319 1652 1360 συνεργίαν,
1672 1319 1704 1349 ἵν’
1720 1319 1797 1352 οὕτως
1809 1317 1872 1352 εἴποι,

1094 1367 1140 1395 καὶ
1156 1367 1275 1396 εὐδοκίαν
1291 1368 1335 1396 τοῦ
1349 1365 1454 1404 Πατρὸς
1470 1365 1554 1401 δηλοῖ.
1577 1364 1652 1404 Ὅρα
1668 1364 1696 1394 δὲ
1710 1363 1794 1394 καὶτὸ
1807 1364 1872 1401 ὓπερ·

1096 1411 1201 1441 ϐολικὸν
1218 1413 1266 1446 τ’ῆς
1289 1410 1483 1443 ταπεινώσεως.
1509 1410 1550 1440 Οὖ
1575 1408 1626 1449 γὰρ
1651 1410 1704 1450 πρὸ
1719 1411 1763 1439 τοῦ
1785 1406 1872 1438 δείπνου

1094 1456 1198 1491 νίπτει,
1228 1455 1296 1485 ἀλλὰ
1314 1454 1382 1494 μετὰ
1398 1455 1427 1484 τὸ
1448 1455 1550 1488 πάντας
1576 1456 1738 1491 ἀναπεσεῖν,
1762 1452 1871 1492 ἐγείρεται

1095 1500 1173 1538 μόνος
1197 1501 1284 1535 αὐτὸς,
1302 1499 1406 1529 ἐκείνων
1432 1498 1656 1537 ἀναπαυομένων·
1684 1499 1730 1528 καὶ
1750 1496 1871 1531 ἀποτίθησι

1095 1544 1141 1582 μὲν
1158 1544 1191 1573 τὰ
1207 1545 1301 1582 ἱμάτια
1312 1566 1321 1582 ,
1337 1544 1366 1573 τὸ
1381 1543 1442 1584 περὶ
1455 1542 1504 1579 τὴν
1520 1544 1656 1573 διακονίαν
1680 1541 1870 1582 ἀνεμποδίστως

1094 1589 1201 1621 ἑαυτοὺς
1218 1592 1302 1618 ποιεῖν
1327 1589 1372 1617 καὶ
1388 1583 1515 1628 ἐλαφροὺς
1539 1588 1670 1618 διδάσκων
1691 1591 1770 1626 ἡμᾶς·
1793 1583 1871 1622 λεντίῳ

1094 1633 1122 1662 δὲ
1142 1633 1330 1669 διαζώννυται,
1356 1632 1432 1666 αὐτὸς
1455 1632 1542 1661 πάντα
1557 1635 1656 1670 ποιῶν,
1680 1633 1726 1662 καὶ
1747 1631 1776 1661 τὸ
1796 1631 1871 1669 νῖψαι,

1093 1678 1137 1707 καὶ
1162 1678 1192 1708 τὸ
1215 1677 1336 1716 ἐκμάξαι·
1362 1677 1455 1706 ϐάλλει
1478 1677 1504 1706 δὲ
1529 1676 1616 1716 ὕδωρ,
1639 1678 1686 1706 χαὶ
1710 1680 1787 1707 τοῦτο
1810 1672 1871 1703 αὐτὸς

1057 910 1081 940 Β

242 1719 342 1755 ποιῶν,
356 1718 402 1747 καὶ
426 1719 474 1747 οὐκ
498 1719 570 1758 ἄλλῳ
594 1717 746 1759 ἐπιτρέψας
768 1720 853 1748 ταῦτα
879 1718 906 1748 δὲ
927 1719 1013 1749 πάντα
1039 1721 1172 1762 δείγματα
1187 1725 1252 1761 ἡμῖν
1271 1723 1321 1751 εἶσι
1347 1722 1394 1752 καὶ
1415 1721 1566 1761 νομοθεσίαι
1592 1724 1655 1759 τοῦ,
1679 1725 1736 1755 πῶς
1761 1722 1800 1751 δεῖ
1822 1719 1871 1747 δια-

242 1767 347 1802 κονεῖν,
375 1762 415 1792 ὅτι
440 1762 509 1801 μετὰ
533 1763 621 1800 πάσης
648 1763 813 1804 προθυμίας,
838 1763 884 1794 καὶ
910 1764 1005 1799 αὖτοὺς
1031 1765 1066 1796 τὰ
1095 1767 1185 1797 πάντα
1211 1768 1426 1807 διενεργοῧντας,
1450 1767 1498 1797 οὐκ
1524 1766 1614 1800 ἄλλοις
1643 1768 1782 1807 ὑπουργοῑς
1808 1774 1871 1803 χρω-

242 1807 343 1846 μένους.

277 1858 365 1886 Vsus.
380 1860 408 1891 6,
424 1861 448 1885 7.
471 1868 483 1882 α
499 1857 582 1885 Venit
606 1865 673 1894 ergo
687 1856 722 1885 ad
745 1857 889 1886 Simonem
913 1859 1038 1893 Petrum,

241 1905 268 1930 et
281 1902 347 1930 dicit
358 1902 382 1930 ei
395 1902 440 1930 ille
456 1911 463 1930 :
480 1902 613 1937 Domine,
637 1906 668 1930 tu
685 1902 758 1930 mihi
770 1903 844 1931 lavas
858 1903 942 1939 pedes
959 1905 1037 1932 ?Re-

239 1947 350 1982 spondit
373 1948 463 1981 Jesus,
493 1951 522 1975 et
545 1947 615 1975 dixit
643 1947 667 1975 ei
695 1957 701 1975 :
730 1947 809 1982 Quod
823 1955 873 1983 ego
903 1947 984 1980 facio,
1006 1953 1037 1976 tu

240 1992 329 2019 nescis
349 1999 431 2026 nunc,
456 1991 526 2019 scies
546 1995 638 2019 autem
661 1995 764 2026 postea.
787 2003 800 2016 ιο
831 1993 893 2019 Non
919 1993 1038 2027 primum

240 2035 313 2063 lavat
330 2037 455 2069 Petrum,
468 2036 595 2070 quamvis
607 2035 756 2071 primatum
777 2035 976 2071 discipulorum
989 2045 1037 2073 ge-

240 2079 334 2112 rebat;
357 2080 405 2107 sed
434 2079 506 2107 forte
530 2080 663 2115 proditor,
678 2087 742 2106 cum
763 2083 833 2107 esset
847 2080 992 2115 impudens
1011 2085 1038 2109 et

240 2123 450 2157 inverecundus,
476 2127 540 2151 ante
571 2125 683 2152 Petrum
709 2124 897 2159 recumbebat,
924 2125 1037 2162 ejusque

240 2167 322 2203 pedes
336 2168 384 2196 loti
405 2171 479 2196 sunt.
505 2168 586 2196 Unde
610 2168 662 2196 hoc
680 2167 878 2198 manifestum?
903 2181 916 2194 σι
937 2171 1036 2207 Coepit,

238 2211 339 2248 inquit,
361 2211 443 2248 pedes
458 2212 656 2248 discipulorum
677 2212 766 2240 lavare
785 2217 813 2242 et
831 2218 999 2250 exstergere,
1021 2227 1034 2240 ι»

238 2255 334 2284 deinde
357 2268 370 2281 ι
386 2257 462 2285 venit
482 2256 519 2285 ad
540 2257 680 2285 Simonem
700 2259 821 2286 Petrum.
841 2268 855 2285 ››
879 2261 970 2295 Atque
998 2260 1034 2289 ita

239 2300 360 2329 declarat
372 2301 447 2338 quod
460 2309 515 2329 non
530 2302 619 2337 primo
634 2302 728 2330 laverit
742 2304 864 2331 Petrum.
881 2305 944 2332 Non
962 2304 1034 2333 enim

237 2344 353 2374 dixisset
373 2346 448 2382 quod
471 2347 588 2374 venisset
609 2346 644 2375 ad
671 2348 812 2376 Simonem
834 2350 957 2383 Petrum,
981 2350 1034 2378 nisi

236 2389 320 2418 alium
342 2390 495 2427 quemdam
531 2395 593 2419 ante
612 2392 726 2420 Petrum
756 2393 873 2421 lavisset.
909 2395 949 2422 Ex
977 2394 1035 2423 aliis

237 2434 328 2470 itaque
354 2435 501 2471 discipulus
524 2436 617 2464 nullus
640 2437 815 2465 sustinuisset
838 2441 902 2466 ante
921 2439 1034 2468 Petrum

237 2478 329 2507 lavari.
345 2479 515 2508 Proditorem
527 2485 622 2509 autem
634 2482 686 2510 hoc
700 2489 799 2510 ausum
810 2482 892 2511 fuisse
905 2484 1034 2519 possibile

236 2527 288 2552 est.
317 2525 389 2553 Nam
416 2525 438 2553 si
465 2526 499 2553 ab
523 2526 582 2553 aliis
617 2526 757 2562 discipulis
789 2528 917 2564 coepisset
945 2529 1033 2557 lavare

234 2569 404 2606 quempiam,
439 2569 622 2605 prohibuisset
647 2572 799 2599 Dominum
829 2573 874 2600 ille
908 2573 1033 2609 quisquis

236 2612 341 2648 fuisset,
356 2618 384 2642 et
405 2613 522 2643 dixisset
545 2623 606 2651 qua:
630 2620 658 2644 et
682 2617 792 2651 Petrus,
815 2626 829 2643 α
844 2618 976 2652 Domine,
1003 2623 1032 2647 tu

234 2666 313 2687 meos
323 2659 398 2687 lavas
413 2659 514 2695 pedes?
528 2670 541 2687 ιι
558 2664 587 2688 et
611 2668 668 2688 non
683 2662 858 2697 permisisset.
875 2664 936 2691 Non
949 2664 1033 2700 igitur

233 2703 321 2732 ullum
330 2704 416 2732 alium
427 2705 493 2732 lavit
509 2705 585 2741 prius
604 2713 687 2742 quam
698 2706 880 2742 proditorem,
896 2712 924 2736 et
933 2708 1031 2737 deinde

233 2748 357 2778 Petrum.
372 2751 396 2778 Α
408 2750 490 2778 Petro
502 2755 596 2779 autem
615 2751 739 2780 eruditos
754 2756 868 2781 caeteros
883 2753 1031 2782 verisimile

269 2825 291 2841 ³³
305 2826 316 2853 l
332 2826 396 2854 Cor.
412 2833 464 2861 xv,
481 2829 525 2855 15.

1138 1866 1152 1885 (ι
1166 1853 1297 1897 Ἔρχεται
1313 1851 1358 1886 οὖν
1384 1857 1451 1898 πρὸς
1470 1855 1587 1895 ’Σίμωνα
1607 1856 1726 1898 Πέτρον,
1751 1854 1795 1885 καὶ
1811 1851 1872 1890 λέγει

1093 1901 1164 1941 αὐτῷ
1190 1902 1297 1935 ἐκεῖνος·
1323 1903 1420 1942 Κύριε,
1447 1901 1491 1942 σύν
1507 1913 1558 1940 μου
1582 1901 1681 1935 νίπτεις
1708 1900 1767 1932 τοὺς
1783 1898 1872 1942 πόδαςῖ

1092 1945 1233 1985 Ἀπεκρίθη
1252 1940 1374 1983 Ἰησοῦς,-
1395 1946 1441 1976 καὶ
1468 1941 1539 1975 εἶπεν
1557 1946 1643 1986 αὐτῷ’
1669 1946 1708 1977 ⁸0
1731 1943 1781 1985 ἐγὼ
1804 1940 1872 1974 ποιεῖ),

1093 1989 1125 2019 σὺ
1140 1991 1188 2019 οὐκ
1207 1985 1280 2024 οἶδας
1297 1990 1371 2030 ἄρτι,
1395 1991 1483 2031 γνώσῃ
1503 1990 1529 2020 δὲ
1556 1985 1622 2028 μετᾶ
1638 1994 1735 2021 ταῦτα.
1754 1988 1793 2019 Οὖ
1807 1985 1874 2025 πρῶ-

1091 2046 1135 2063 τον
1177 2035 1222 2063 τὸν
1262 2036 1364 2074 Πέτρον
1406 2035 1506 2073 νίπτει,
1542 2035 1565 2064 εἰ
1607 2035 1651 2065 καὶ
1697 2035 1732 2065 τὰ
1769 2032 1874 2072 πρωτεῖα

1091 2080 1143 2107 τῶν
1170 2080 1297 2117 μαθητῶν
1336 2079 1461 2120 ἐφέρετο,
1499 2079 1569 2110 ἀλλὰ
1599 2079 1672 2120 τάχα
1714 2081 1728 2110 ὁ
1759 2074 1874 2116 προδότης

1053 2141 1076 2172 D
1091 2123 1185 2161 ἰταμὸς
1210 2123 1248 2153 ὢν
1270 2123 1315 2154 καὶ
1343 2124 1533 2164 ἀναίσχυντος,
1559 2124 1610 2164 πρὸ
1637 2127 1684 2154 τοῦ
1703 2124 1802 2162 Πέτρου
1818 2128 1873 2148 κατ’

1091 2168 1206 2197 εκλίνετο
1215 2192 1222 2204 ,
1240 2169 1286 2198 καὶ
1302 2168 1361 2202 τοὺς
1372 2169 1454 2203 πόδας
1467 2170 1586 2210 ἐνίψατο.
1602 2171 1688 2199 Πόθεν
1701 2171 1777 2199 τοῦτο
1792 2165 1875 2210 δῆλξνὶ

1092 2211 1238 2242 Ἐντεῦθεν·
1267 2225 1283 2241 α
1304 2213 1440 2254 Ἤρξατο,
1471 2213 1556 2254 φησὶ,
1583 2214 1685 2244 νίπτειν
1721 2212 1779 2245 τοὺς
1801 2207 1874 2258 πόδιξξ

1090 2259 1142 2286 τῶν
1158 2261 1284 2297 μαθητῶν
1302 2259 1347 2288 καὶ
1365 2259 1518 2296 ἐκμάσσειν·
1536 2271 1551 2287 ι)
1573 2254 1630 2288 εἶτα
1655 2270 1670 2288 (ι
1687 2259 1792 2299 ἔρχεται
1817 2254 1873 2303 πεζὸς

1090 2303 1202 2339 Σίμωνα
1220 2303 1330 2344 Πέτρον.
1349 2315 1363 2332 ))
1387 2302 1476 2333 θΩστε
1490 2304 1579 2344 δηλοῖ,
1607 2303 1648 2333 ὅτι
1662 2305 1692 2333 οὖ
1717 2302 1817 2342 πρῶτον
1832 2306 1871 2324 τον

1090 2348 1191 2387 Πέτρον
1207 2347 1304 2388 ἔνιψεν.
1348 2349 1389 2378 Οὐ
1406 2348 1458 2388 γὰρ
1487 2347 1520 2377 ἂν
1547 2343 1639 2387 εἶπεν,
1656 2347 1697 2378 ὅτι
1717 2358 1731 2376 ι(
1753 2344 1873 2389 Ἐρχεταέ

1089 2391 1153 2432 πρὸς
1169 2392 1280 2431 Σίμωνα
1306 2394 1422 2432 Πέτρον,
1439 2407 1451 2418 ν
1480 2395 1503 2422 εἰ
1527 2392 1565 2431 μὴ
1581 2393 1661 2422 ἄλλον
1687 2391 1745 2435 τινὰ
1759 2388 1810 2435 ττρρ
1834 2388 1872 2435 τξὺ

1090 2437 1193 2477 Πέτρου
1219 2437 1317 2478 ἔνιψεν.
1363 2437 1414 2468 Ἐκ
1440 2439 1491 2467 τῶν
1518 2437 1607 2467 ἄλλων
1624 2437 1672 2476 μὲν
1699 2432 1744 2466 οὖν
1759 2432 1872 2478 μαθητῶν

1088 2483 1135 2511 οὐκ
1160 2482 1191 2511 ἄν
1207 2494 1246 2516 τις
1269 2483 1469 2521 ηὖθαδιᾶσατο,
1493 2484 1527 2515 ὡς
1541 2482 1593 2523 πρὸ
1608 2484 1653 2511 τοῦ
1679 2481 1783 2520 Πέτρου
1800 2474 1873 2523 VM":

1089 2529 1165 2556 σθαι·
1179 2527 1224 2557 τὸν
1240 2527 1267 2556 δὲ
1281 2517 1424 2566 γπροδότην
1440 2517 1517 2557 τόῧτο
1538 2517 1672 2565 τόλμῆσαι
1687 2517 1826 2571 6:85;].fo-
1843 2517 1871 2570 ξίί

1087 2571 1139 2611 γὰρ
1154 2572 1184 2601 ἐκ
1201 2573 1253 2600 τῶν
1266 2572 1353 2601 ἄλλων
1369 2574 1493 2610 μαθητῶν
1509 2572 1606 2611 ἤρξατο
1621 2572 1695 2613 νίψαι
1717 2568 1790 2603 τινὰ,
1805 2568 1871 2617 ἐξω-

1087 2619 1164 2645 λυσεν
1181 2616 1212 2645 ἂν
1226 2616 1270 2646 τὸν
1294 2617 1390 2657 Κύριον
1407 2619 1514 2656 ἐκεῖνος,
1531 2617 1602 2650 ὅστις
1622 2616 1653 2646 ἂν
1678 2613 1726 2653 ἦν,
1742 2612 1786 2657 καῖ
1809 2612 1872 2657 εἶπέν

1088 2661 1104 2690 ἃ
1121 2661 1165 2690 καὶ
1193 2660 1302 2701 Πέτρος
1338 2648 1357 2690 ¹(‹
1373 2661 1468 2702 Κύριε,
1497 2648 1529 2691 σύ
1553 2674 1603 2700 μου
1625 2662 1725 2693 νίπτεις
1750 2655 1807 2702 τοῖζς
1825 2648 1871 2702 πέ’

1086 2706 1152 2743 δας;
1178 2717 1192 2735 ι)
1224 2705 1294 2736 Ἀλλ’
1320 2707 1366 2736 οὐκ
1393 2707 1449 2736 ἔστι
1474 2709 1562 2738 τοῦτο.
1587 2709 1648 2737 Οὐκ
1671 2706 1722 2746 ἄρα
1745 2699 1803 2746 τξγδι
1825 2703 1871 2746 τιξ³ν

1085 2741 1173 2780 ἄλλων
1197 2750 1270 2791 ἔνιψε
1294 2752 1417 2792 πρῶτον,
1441 2751 1510 2781 ἀλλὰ
1531 2751 1575 2781 τὸν
1591 2741 1740 2791 προδότην,
1755 2741 1810 2775 εἶτα
1830 2741 1868 2767 τὸν
