1922 3077
68 196 112 224 149
439 194 635 222 ENARRATIO
656 194 926 223 IN-EVANGELIUM
944 193 1095 222 JOANNIS.
1114 208 1150 213 —
1167 193 1243 221 CAP.
1263 193 1328 220 XIII.

68 257 169 288 Πέτρον.

69 269 169 298 Ιιετρον.
222 269 264 287 nx
300 269 328 286 οε
353 269 400 286 του
438 269 542 296 ιιετρου
573 269 764 290 παιοιυυεντας
794 269 848 291 τους

66 301 178 338 λοιποὺς,
204 301 273 335 εἰκὸς
302 301 339 340 μὴ
368 300 527 338 ἀντιϐῆναι,
558 301 627 331 ἀλλὰ
653 301 848 336 καταδέξασθαι

66 349 106 383 τὴν
121 345 244 382 τοιαύτην
267 346 348 384 τιμὴν
366 346 440 385 παρὰ
461 349 506 375 τοῦ
532 347 623 382 Ἰησοῦ
639 346 847 386 προσαγομένην

68 393 155 425 αὗτοῖς.
197 391 272 430 δορα
287 391 315 420 δὲ
329 390 376 420 καὶ
389 393 434 420 τοῦ
456 390 561 431 Πέτρου
574 391 607 421 τὰ
630 391 749 431 ῥήματα,
763 391 848 428 πόσην

67 436 168 477 {apio-tv
185 435 287 475 ἔχουσι’
307 445 321 477 tt
338 435 378 466 Σύ
400 447 455 474 μου
463 435 563 470 νίπτεις
579 435 639 469 τοὺς
658 437 742 469 πόδας
758 447 772 465 ι)
791 441 848 470 ταῖς

65 475 131 520 χερσὶ
153 480 275 521 ταύταις,
293 475 334 514 αἶς
352 479 464 520 λεπροὺς
482 480 641 521 ἐκαθάρισας
652 503 661 519 ,
685 476 725 514 αῖς
742 480 849 520 νεκροὺς

66 525 203 565 ἀνήγειρας,
221 520 263 558 αἶς
292 525 444 565 ὀφθαλμοὺς
469 526 574 565 τυφλῶν
603 525 734 566 ἀνέῳξας
765 525 804 556 Σὺ
835 528 849 555 6

64 573 138 599 ταῦτα
160 571 205 599 καὶ
231 569 318 599 πλείω
346 569 472 606 ποιήσας,
497 571 561 608 ἐμοῦ
587 572 632 599 τοῦ
663 570 772 607 δούλου,
802 573 848 600 τοῦ

65 616 188 652 ἀμαθοῦς,
203 614 250 643 καὶ
277 615 307 644 οὐ
325 618 437 654 χεῖρας,
460 615 521 644 οὖδὲ
537 614 603 644 ἄλλο
621 615 699 655 μέρος
714 615 848 653 ἐντιμότε-

65 671 116 698 ρον,
131 658 197 688 ἀλλὰ
211 659 311 695 πόδας,
333 658 364 688 τὸ
388 658 500 698 ἔσλατον
527 659 650 695 πάντων,
674 660 705 689 τὸ
731 660 847 698 μάλιστα

65 703 244 744 ῥυπαινόμενον
260 704 338 741 μέλος
363 703 408 733 καὶ
431 703 526 741 ἄτιμον
541 705 650 739 δοκοῦνς
665 704 699 734 Τί
715 705 742 734 δὲ
757 706 771 734 6
793 705 849 735 Κύ-

64 760 123 788 ριος;
142 759 156 777 ιι
171 748 209 778 ⁸0
224 750 294 778 ποιῶ
311 748 378 787 ἰγὼ,
395 747 426 778 σὺ
443 750 488 777 νῦν
513 749 561 778 οὐκ
584 744 670 787 οἶδας,
686 760 701 777 ι)
729 749 745 778 ὅ
758 762 784 780 τι
798 762 848 780 τα-

63 793 260 833 πεινοφροσύνην
275 793 393 832 περιέχει
415 792 534 830 πολλὴν,
557 793 603 822 καὶ
617 794 717 831 ταύτην
732 794 847 824 διδάσκω

63 837 101 867 καὶ
115 839 192 876 ὑμᾶς.
241 849 257 866 (ι
284 838 360 867 Μετὰ
385 841 468 867 ταῦτα
494 847 510 866 ι)
536 838 644 876 μέντοι,
668 838 712 869 ὅτε
736 841 774 879 τῷ
789 840 847 880 ἐμῷ

63 882 159 920 ὀνόματι
174 882 301 920 δαιμόνια
323 882 459 920 ἐκϐαλεῖς,
475 882 538 912 ὅταν
552 882 610 922 ἴδῃς
625 895 658 921 με
674 884 710 917 εἷς
725 883 847 924 οὐρανοὺς

1651 196 1701 228 150

212 257 264 287 Ἐκ
300 255 328 286 δὲ
353 258 400 286 τοῦ
437 256 542 296 Πέτρου
573 257 764 290 παιδευθέντας
794 257 844 287 rei):

905 261 947 284 est
960 264 1017 284 non
1027 256 1241 290 contravenisse,
1257 255 1305 283 sed
1318 254 1454 284 honorem
1469 255 1566 284 hunca
1580 257 1703 286 Domino

903 301 986 337 687
1000 300 1159 337 suscepisse.
1176 300 1245 328 Vide
1263 304 1357 328 autem
1372 304 1400 328 et
1422 300 1491 328 Petri
1511 301 1592 329 verba
1613 310 1702 338 quan-

904 350 962 374 tam
982 345 1103 373 habeant
1121 344 1286 381 emphasim,
1304 355 1316 368 «
1331 346 1373 372 Tu
1392 345 1470 373 lavas
1490 353 1568 373 meos
1582 346 1666 381 pedes
1688 359 1701 371 ι»

903 390 1032 419 manibus
1046 390 1099 418 illis
1112 390 1212 426 quibus
1225 389 1319 418 oculos
1335 397 1472 417 czecorum
1487 390 1626 425 aperuisti,
1639 391 1702 427 qui-

904 435 954 463 bus
969 435 1091 472 leprosos
1104 434 1255 468 mtmdasti,
1278 434 1379 470 quibus
1393 438 1519 462 mortuos
1541 434 1678 464 suscitasti
1689 438 1702 464 ἓ

903 482 944 508 Tu
958 480 1004 516 qui
1033 480 1093 508 haec
1106 483 1134 508 et
1160 479 1264 515 majora
1280 478 1378 511 fecisti,
1398 487 1487 512 meos,
1515 480 1585 507 servi
1612 480 1703 516 impe-

903 525 959 559 riti,
981 529 1009 553 et
1023 533 1078 552 non
1098 532 1208 556 manus,
1223 531 1312 560 neque
1329 524 1412 551 aliam
1428 528 1533 559 partem
1557 524 1702 553 honestio-

903 577 972 603 rem,
1002 569 1050 597 sed
1083 568 1176 604 pedes,
1205 569 1251 604 qui
1275 573 1404 596 extrema:
1432 568 1557 596 omnium
1581 569 1702 598 maxime

902 613 1022 642 sordida:
1057 618 1147 649 partes
1171 621 1204 641 ac
1232 613 1421 649 ignominiosa:
1448 613 1604 642 habentur?
1630 613 1703 650 Quid

903 659 986 695 igitur
1000 658 1040 686 ait
1060 658 1219 686 Dominus?
1235 669 1247 682 ι
1263 657 1343 693 Quod
1364 665 1415 693 ego
1428 657 1510 692 facio,
1522 662 1551 686 tu
1566 666 1639 687 nunc
1652 667 1702 687 ue-

902 704 965 737 scis,
993 715 1006 728 ν
1024 703 1098 739 quod
1121 711 1259 731 summam
1275 702 1458 731 humilitatem
1473 703 1501 730 in
1515 711 1545 731 se
1566 703 1701 738 continet,

901 753 928 776 et
942 747 1067 776 eamdem
1079 755 1128 776 vos
1142 755 1252 784 quoque
1266 747 1363 776 doceo.
1381 759 1393 772 ι
1410 748 1539 781 Posthac,
1559 759 1572 772 ι
1590 748 1702 784 quando

901 793 990 829 eiicies
1004 793 1034 820 in
1055 801 1118 821 meo
1128 793 1240 821 nomine
1254 792 1403 825 dmmonia,
1418 792 1528 828 quando
1542 792 1644 821 videbis
1656 801 1702 821 me

900 838 927 866 in
951 838 1053 866 caelum
1071 837 1154 871 sumi,
1177 837 1286 873 quando
1304 845 1319 864 a
1341 837 1443 873 Spiritu
1458 837 1547 865 disces
1567 837 1643 874 quod
1666 838 1702 866 ad

901 883 1042 911 dexteram
1061 882 1171 910 sedeam
1197 882 1292 915 Patris,
1315 885 1382 909 tunc
1410 893 1423 907 ι
1443 882 1512 910 scies
1535 893 1547 906 ι
1563 883 1637 918 quod
1655 883 1701 911 ille

63 927 324 966 ἀναλαμϐανόμενον,
340 927 403 956 ὅταν
418 926 493 967 παρὰ
508 929 552 956 τοῦ
571 928 726 966 Πνεύματος
745 928 842 968 μάθῃς,

901 928 945 963 qui
964 927 1001 955 ita
1021 928 1062 955 sic
1085 935 1115 955 se
1135 927 1262 954 humiliat
1276 930 1306 954 ut
1327 930 1354 954 et
1376 925 1457 962 pedes
1477 931 1541 954 tuos
1556 927 1635 960 lavet,
1651 927 1699 954 tibi

62 972 96 1001 ὅτι
108 973 135 1002 ἐκ
150 971 238 1005 δεξιῶν
253 971 375 1010 κάθημαι
397 974 442 1001 τοῦ
458 971 580 1012 Πατρὸς,
601 973 661 1002 τότε
680 984 695 1002 α
710 973 811 1013 γνώσῃ,
827 984 842 1003 Ia

62 1016 127 1046 δτιὸ
151 1017 219 1046 οὕτω
252 1016 439 1054 ταπεινωθεὶς,
465 1018 501 1050 ὡς
529 1017 574 1046 καὶ
598 1017 658 1051 τοὺς
688 1019 771 1051 πόδας
799 1030 846 1048 σου

62 1063 140 1101 νῖψαι,
154 1061 249 1095 ἐκεῖνός
265 1073 309 1091 σοι
324 1061 416 1090 δίδωσι
434 1061 482 1097 τὴν
498 1061 629 1098 τοσαύτην
645 1061 758 1101 δύναμιν
777 1063 846 1092 κατὰ

62 1106 199 1145 δαιμόνων,
223 1107 270 1136 καὶ
297 1106 446 1147 ἀνελήφθη,
465 1106 511 1136 καὶ
538 1106 717 1143 συνεδοξοὶσθη
732 1109 770 1148 τῷ
786 1109 846 1138 Πα-

62 1150 112 1189 τρὶ,
141 1150 220 1190 μηδὲν
255 1150 412 1184 ἐλαττωθεὶς
442 1151 473 1180 ἐκ
494 1153 541 1180 τοῦ
567 1154 766 1181 ταπεινοῦσθαιο
800 1152 846 1182 καὶ

62 1195 120 1224 οὕτω
134 1196 221 1226 λοιπὸν
245 1196 400 1236 ἕνστερνίσῃ
416 1195 462 1225 καὶ
478 1195 556 1229 αὐτὸς
571 1195 619 1232 τὴν
633 1196 807 1234 ταπείνωσιν,
827 1197 845 1233 ἢ

63 1240 151 1277 μᾶλλον
166 1242 240 1280 ὕψοῖ,
257 1241 304 1270 καὶ
319 1241 368 1269 οὐκ
385 1242 502 1271 ἐλαττοῖ.

100 1297 113 1315 ιι
135 1285 210 1325 Λέγει
226 1287 301 1325 αὐτῷ
319 1286 428 1325 Πέτρος·
454 1287 495 1316 Οὖ
521 1286 558 1324 μὴ
583 1286 662 1326 νίψῂς
681 1285 741 1320 τοὺς
764 1286 847 1321 πόδας

62 1342 105 1368 μου
125 1332 157 1364 εἶς
172 1331 214 1360 τὸν
241 1331 338 1361 αἰῶνα.
357 1330 498 1370 Ἀπεκρίθη
525 1332 599 1371 αὐτῷ
617 1333 631 1360 6
648 1331 760 1367 Ἰησοῦς·
778 1331 845 1361 Ἐὰν

63 1374 94 1412 μὴ
107 1374 170 1415 νίψω
188 1387 228 1412 σε,
243 1376 293 1404 οὐκ
318 1374 385 1414 ἔχεις
402 1374 480 1415 μέρος
507 1376 568 1412 μετ’
583 1377 658 1414 ἐμοῦ.
678 1376 757 1415 Λέγει
773 1377 844 1416 αὖτῷ

63 1420 144 1457 Σίμων
169 1419 279 1460 Πέτρος·
306 1420 407 1459 Κύριε,
431 1419 469 1458 μὴ
484 1419 546 1453 τοὺς
569 1420 653 1454 πόδας
674 1432 724 1459 μου
745 1420 843 1459 μόνον,

63 1464 121 1493 ἀλλὰ
134 1464 178 1493 καὶ
191 1465 238 1498 τὰς
251 1468 354 1504 χεῖρας,
369 1465 414 1493 καὶ
427 1464 475 1499 τὴν
491 1465 619 1504 κεφαλήν.
637 1476 652 1493 n
672 1464 760 1499 Σέϐας
776 1465 843 1494 πολὺ

61 1511 92 1548 τῷ
111 1508 201 1549 Πέτρῳ
216 1509 282 1548 πρὸς
303 1508 347 1538 τὸν
372 1508 549 1546 διδάσκαλον,
565 1509 605 1539 διὸ
631 1509 677 1539 καὶ
692 1510 843 1539 εὐλαϐεῖται

61 1554 149 1593 σφόδρα
171 1553 216 1582 καὶ
241 1552 436 1590 ἀποπέμπεται
462 1553 510 1589 τὴν
535 1553 660 1590 τοιαύτην
685 1555 840 1593 θεραπείαν.
862 1574 884 1605 c

61 1598 109 1626 Κᾶν
122 1598 170 1638 γὰρ
193 1597 238 1627 καὶ
255 1598 350 1627 ἄλλοτε
374 1599 522 1636 ἐπετιμήθη
543 1598 618 1639 παρὰ
644 1599 777 1639 Χριστοῦ,
797 1599 843 1628 καὶ

61 1642 103 1670 ἔδει
123 1642 163 1672 διὰ
179 1645 240 1681 γοῦν
269 1642 316 1678 τήν
344 1642 498 1680 ἐπιτίμησιν
523 1642 626 1679 ἐκείνην
647 1643 842 1678 καταδέξασθαι

61 1686 98 1715 καὶ
109 1689 152 1716 νῦν
166 1687 353 1728 ὑπονίπτοντος
369 1687 447 1716 αὐτὸν
462 1690 506 1717 τοῦ
525 1688 640 1728 Κυρίου,
657 1689 716 1717 ἀλλ’
731 1683 775 1718 οὖν
799 1688 843 1718 διὰ

61 1730 85 1759 τὸ
98 1731 160 1770 μέγα
182 1732 226 1762 καὶ
249 1732 317 1761 πολὺ
334 1727 401 1761 εἶναι
415 1731 446 1761 τὸ
469 1735 512 1762 νῦν
543 1727 613 1772 παρὰ
631 1734 750 1773 Χριστοῦ
771 1733 844 1772 γινό-

62 1787 135 1812 μενον,
149 1781 333 1817 παραιτεῖται,
351 1776 398 1806 καὶ
415 1778 463 1816 οὐχ
479 1777 684 1815 ὑπολογίζεται,
701 1777 743 1807 ὅτι
762 1778 842 1806 πάλιν

62 1820 122 1860 αὖτῷ
144 1821 296 1860 ἐπιτιμήσει
321 1823 384 1855 ἴσως
408 1821 582 1861 σφοδρότερον
598 1823 633 1855 ὡς
656 1823 806 1851 ἀπειθοῦντι
829 1823 843 1851 6

63 1864 153 1905 Κύριος.
174 1866 209 1896 Τί
222 1861 268 1896 οὖν
285 1868 299 1895 ὁ
315 1865 447 1907 Χριστός;
521 1867 591 1905 λέγει
612 1867 684 1907 αὐτῷ
696 1889 704 1903 ,
717 1866 758 1896 ὅτι
782 1867 843 1896 Τα-

62 1911 252 1950 πεινοιρροσύνην
277 1923 307 1940 σε
323 1905 458 1951 διδάσκω,
476 1905 498 1940 ὦ
523 1911 620 1951 Πέτρε,
638 1905 684 1941 καί
699 1911 741 1940 διὰ
766 1913 842 1940 τοῦτο

61 1953 131 1983 νίπτω
143 1966 186 1984 σου
199 1955 261 1989 τοὺς
274 1955 368 1989 πόδας.
384 1950 452 1985 Eine
480 1955 532 1995 γὰρ
549 1950 587 1985 ἂν
606 1956 678 1996 αὐτῷ
693 1957 707 1985 6
731 1955 841 1995 Πέτρος,

61 1998 98 2026 καὶ
111 2000 276 2038 ἐπωμόσατο,
293 2001 334 2030 ὅτι
357 2000 403 2030 καὶ
417 2000 498 2040 χωρὶς
520 2003 567 2029 τοῦ
581 2000 639 2034 τοὺς
660 2001 743 2034 πόδας
763 2000 841 2041 νίψα-

61 2044 168 2079 σθαιτῂ
193 2044 435 2085 ταπεινοφροσύνην
451 2044 576 2080 ἀσκήσει.
620 2045 700 2074 Ἀλλὰ
728 2045 755 2074 τί
777 2057 841 2086 φησι

61 2087 115 2126 πρὸς
129 2089 223 2127 αὖτόν;
239 2089 279 2119 ⁸0
296 2089 413 2128 μάλιστα
435 2089 560 2127 ἐγίνωσκε
583 2089 677 2119 δάκνον
699 2090 779 2119 αὐτοῦ
793 2089 841 2125 τὴν

61 2133 174 2170 καρδίαν,
188 2138 263 2164 τοῦτο
279 2134 388 2164 ἐπισείει
405 2135 477 2174 αὖτῷ
488 2157 496 2171 ,
510 2133 630 2175 καθάπερ
654 2146 679 2164 τι
694 2134 840 2174 φόϐητρον,

66 2176 149 2206 κἘὰν
172 2179 209 2216 μὴ
237 2178 304 2219 νίψω
327 2190 371 2214 σε,
396 2179 489 2216 λέγων,
512 2179 560 2207 οὐκ
583 2178 652 2218 ἔχεις
684 2179 761 2219 μέρος
783 2179 841 2217 μετ’

63 2220 123 2257 ἐμοῦ.
138 2233 151 2250 ι)
171 2224 251 2253 Ἐπεὶ
273 2223 325 2263 γὰρ
341 2223 418 2257 αὐτὸς
432 2219 464 2258 ἦν
489 2224 502 2252 ὃ
521 2223 639 2261 μάλιστα
658 2223 765 2252 πάντων
790 2225 841 2252 τῶν

899 972 945 1000 det
959 976 1065 1000 tantam
1081 972 1212 999 virtutem
1224 975 1319 999 contra
1334 971 1486 1004 daamones.
1501 975 1528 998 et
1541 974 1700 1007 assumptus

899 1018 944 1050 sit,
959 1021 987 1044 et
1003 1017 1172 1052 gloriﬁcatus
1186 1024 1249 1044 cum
1271 1017 1362 1050 Patre,
1387 1016 1414 1043 in
1437 1016 1512 1044 nullo
1536 1016 1700 1045 imminutus

899 1066 1010 1098 propter
1024 1069 1102 1090 suam
1116 1061 1348 1089 humiliationem.
1371 1062 1404 1088 Et
1419 1061 1456 1088 ita
1469 1069 1541 1088 nunc
1553 1061 1579 1088 in
1592 1065 1700 1096 pectore

899 1111 947 1135 tuo
957 1114 1101 1134 conserves
1113 1106 1196 1134 etiam
1212 1106 1269 1141 ipse
1288 1105 1483 1140 humilitatem,
1498 1113 1561 1142 quae
1575 1109 1602 1133 te
1613 1105 1700 1142 magis

900 1151 1040 1186 exaltabit,
1053 1159 1137 1188 quam
1146 1150 1307 1179 humiliabit.

936 1287 1028 1314 Vsus.
1045 1289 1072 1319 8,
1086 1287 1114 1312 9.
1131 1296 1143 1309 ι
1161 1285 1234 1313 Dicit
1248 1284 1273 1312 ei
1288 1286 1385 1313 Petrus
1401 1293 1409 1313 :
1424 1285 1487 1312 Non
1499 1284 1602 1312 lavabis
1614 1284 1700 1320 pedes

899 1338 978 1358 meos
996 1330 1024 1358 in
1047 1335 1191 1358 aeternum.
1211 1329 1368 1365 Respondit
1379 1329 1403 1357 ei
1427 1330 1506 1357 Jesus
1522 1339 1528 1356 :
1544 1330 1570 1357 Si
1586 1337 1644 1357 non
1658 1329 1699 1358 la-

899 1383 964 1403 vero
979 1379 1015 1408 te,
1032 1383 1088 1402 non
1115 1374 1228 1402 habebis
1250 1379 1355 1410 partem
1380 1382 1501 1402 mecum.
1525 1374 1599 1402 Dicit
1613 1374 1636 1402 ei
1656 1374 1697 1402 Si-

898 1428 966 1448 mon
981 1421 1078 1448 Petrus
1094 1428 1101 1446 :
1115 1419 1243 1452 Domine,
1257 1427 1312 1446 non
1326 1422 1437 1446 tantum
1450 1418 1533 1454 pedes
1547 1427 1636 1453 meos,
1651 1419 1698 1448 sed

897 1469 924 1493 et
941 1473 1050 1499 manus,
1070 1469 1098 1492 et
1112 1469 1202 1500 caput.
1221 1475 1233 1488 ιι
1256 1465 1356 1499 Magna
1376 1464 1527 1491 reverentia
1550 1464 1620 1492 Petri
1634 1472 1697 1500 erga

896 1510 1072 1546 magistrum,
1085 1509 1158 1537 unde
1173 1513 1201 1536 et
1220 1508 1345 1544 religiose
1364 1508 1434 1536 hanc
1448 1509 1508 1544 ejus
1521 1516 1616 1536 curam
1638 1517 1653 1535 a
1668 1517 1697 1536 se

898 1554 1036 1583 amandat.
1062 1553 1195 1589 Quamvis
1218 1557 1311 1581 autem
1334 1557 1361 1581 et
1387 1553 1440 1580 alio
1462 1553 1523 1581 loco
1542 1553 1697 1589 increpatus

899 1598 984 1627 fuerit
1006 1607 1021 1626 a
1035 1599 1146 1626 Christo
1158 1598 1194 1632 ³⁸,
1208 1602 1236 1626 et
1260 1598 1405 1634 oportebat
1424 1601 1497 1625 certe
1511 1602 1540 1626 et
1553 1597 1589 1626 ob
1605 1598 1696 1625 incre-

898 1644 1035 1680 pationem
1060 1643 1231 1679 superiorem
1253 1651 1326 1670 nunc
1348 1643 1507 1678 permittere
1533 1646 1564 1670 ut
1591 1643 1697 1670 lavaret

897 1689 987 1726 ipsum
1004 1688 1156 1722 Dominus;
1176 1692 1271 1715 tamen
1293 1687 1355 1723 quia
1376 1695 1464 1723 usque
1486 1687 1554 1715 adeo
1565 1695 1696 1722 maguum

897 1738 955 1762 erat
976 1732 1049 1769 quod
1075 1741 1091 1761 ει
1117 1732 1225 1763 Christo
1249 1732 1404 1768 gerebatur,
1429 1736 1549 1765 recusat;
1581 1737 1609 1760 et
1639 1740 1696 1760 non

897 1779 1002 1814 cogitat
1024 1777 1097 1813 quod
1123 1777 1222 1805 iterum
1251 1777 1442 1812 increpaturus
1469 1777 1505 1804 sit
1529 1784 1594 1804 eum
1616 1777 1697 1805 vehe-

898 1823 1017 1851 mentius
1031 1826 1163 1857 tanquam
1185 1821 1385 1849 inobedientem
1398 1822 1546 1849 Dominus.
1561 1821 1634 1856 Quid
1648 1821 1695 1857 ἰείη

896 1872 942 1896 ιιιι·
955 1867 1101 1895 Christus?
1120 1867 1147 1893 Si
1162 1865 1287 1899 dixisset,
1304 1865 1494 1893 Humilitatem
1516 1869 1543 1893 te
1565 1865 1662 1900 doceo,
1679 1874 1696 1894 ο

897 1915 986 1946 Petre,
1000 1915 1028 1939 et
1040 1914 1184 1947 propterea
1196 1909 1256 1938 lavo
1273 1914 1338 1937 tuos
1356 1909 1438 1945 pedes
1452 1919 1458 1937 ;
1473 1909 1587 1938 dixisset
1601 1910 1695 1945 utique

896 1958 921 1985 ei
936 1958 1043 1990 Petrus,
1064 1960 1092 1984 et
1110 1955 1241 1991 jurasset,
1264 1954 1338 1991 quod
1359 1955 1443 1982 etiam
1467 1953 1570 1990 absque
1594 1954 1695 1990 pedum

896 2002 998 2030 lotione
1032 2000 1214 2029 humilitatem
1235 1999 1396 2028 exercuerit.
1420 1999 1474 2027 Sed
1489 1999 1553 2035 quid
1575 1999 1641 2027 dicit
1661 1999 1695 2028 ad

896 2048 990 2075 illum?
1004 2045 1083 2081 Quod
1106 2044 1223 2072 maxime
1242 2044 1346 2073 sciebat
1360 2052 1408 2071 cor
1421 2044 1480 2081 ejus
1495 2044 1693 2079 vellicaturum,

898 2091 995 2120 incutit
1023 2090 1046 2119 ei
1071 2092 1214 2126 jtanquam
1245 2089 1501 2117 terriculamentum
1543 2088 1694 2125 quoddam,

898 2148 910 2161 ι
933 2136 991 2165 Msi
1014 2136 1104 2164 lavero
1128 2139 1155 2162 te
1180 2134 1294 2168 (dicens)
1320 2142 1378 2161 non
1399 2133 1484 2162 habes
1507 2137 1613 2169 partem
1638 2141 1694 2162 me-

897 2189 968 2209 cum.
985 2191 998 2205 η
1019 2181 1089 2207 Nam
1103 2187 1167 2207 cum
1183 2179 1240 2215 ipse
1253 2186 1310 2214 prae
1333 2178 1464 2206 omnibus
1478 2178 1541 2206 aliis
1555 2178 1696 2214 discipulis

898 2226 984 2260 magis
1003 2224 1171 2253 desideraret
1190 2231 1249 2251 esse
1263 2232 1327 2251 cum
1348 2223 1470 2257 Christo,
1493 2222 1555 2251 ideo
1570 2223 1694 2259 rogabat,

62 2265 135 2294 ὤλων
159 2269 285 2305 μαθητῶν
316 2269 404 2296 ποθῶν
427 2271 545 2297 συνεῖναι
567 2269 677 2308 Χριστῷ
709 2267 766 2306 (διὸ
795 2268 841 2296 καὶ

901 2282 913 2294 ι
933 2271 995 2305 Quo
1009 2268 1106 2297 vadis?
1130 2281 1143 2293 ιι
1162 2273 1197 2303 et,
1218 2280 1231 2293 ι»
1247 2268 1379 2296 Animam
1402 2275 1494 2296 meam
1518 2275 1568 2303 pro
1593 2272 1620 2295 te
1649 2275 1696 2303 po-

61 2309 147 2347 ἠρώτα·
164 2322 177 2339 ιι
191 2313 249 2342 Ποῦ
265 2312 389 2350 ὑπάγεις
404 2323 419 2340 n
438 2311 495 2349 καὶ,
512 2322 527 2340 ιι
540 2312 598 2347 Τὴν
609 2312 698 2352 ψυχήν
712 2324 761 2350 μοι)
777 2312 842 2352 ὑπὲρ

62 2357 100 2383 σοῦ
117 2355 202 2393 θήσω,
222 2368 236 2386 ι)
266 2357 493 2396 ἐπαγγελλόμενος
514 2356 540 2390 ἐξ
556 2357 690 2396 ἀγάπης),
711 2356 754 2386 διὰ
775 2356 842 2385 ταύ-

62 2409 98 2433 της
111 2401 152 2435 τῆς
166 2402 277 2436 ἀπειλῆς
291 2401 426 2430 κατασείει
449 2401 531 2431 αὐτοῦ
547 2401 594 2437 τὴν
609 2400 710 2441 ψυχήν.
739 2413 754 2430 α
776 2400 842 2431 Ἐὰν

61 2442 103 2486 γὰρ
117 2444 150 2486 μὴ
169 2446 237 2486 νίψω
252 2457 292 2481 σε,
307 2445 402 2486 φησὶν,
424 2447 471 2475 οὐκ
485 2446 556 2486 ἔχεις
571 2445 650 2486 μέρος
665 2445 722 2484 μετ’
735 2447 811 2485 ἐμοῦ.
824 2457 838 2475 ι)

61 2485 100 2519 Ὡς
111 2483 152 2531 οὖν
167 2490 266 2526 ἤκουσε
282 2490 382 2530 Πέτρος
397 2483 560 2526 ταύτην-τὴν
572 2483 691 2531 νφοϐερὰν
715 2483 843 2527 ἀπειλὴν,

62 2530 110 2560 ὅσον
120 2528 148 2568 ἧν
164 2535 189 2563 ἐν
203 2537 236 2573 τῇ
253 2528 415 2573 παραιτήσει
431 2534 552 2575 σφοδρὸς,
569 2528 693 2565 τοσοῦτον
709 2535 755 2564 καὶ
771 2537 796 2564 ἐν

63 2579 229 2617 συγχωρήσει,
256 2580 358 2617 μᾶλλον
385 2579 412 2608 δὲ
439 2579 484 2608 καὶ
511 2579 695 2620 σφοδρότερος,
720 2578 774 2619 ὅσῳ
798 2579 843 2609 καὶ

63 2620 101 2655 τὴν
112 2623 224 2662 κεφαλὴν
241 2625 277 2657 εἷς
298 2623 328 2652 τὸ
342 2625 470 2664 νίψασθαι
484 2624 602 2655 δίδωσιν.
649 2625 799 2664 Ἀμφότερα
815 2624 843 2654 δὲ

63 2663 83 2698 ἐξ
94 2667 191 2703 ἀγάπης
202 2679 209 2686 '
234 2668 252 2704 ἥ
272 2681 299 2698 τε
323 2669 374 2708 γὰρ
397 2669 558 2708 παραίτησις
574 2671 604 2699 ἐκ
623 2671 670 2699 τοῦ
685 2663 785 2710 σφόδρα
800 2681 844 2698 τι·-

66 2713 108 2749 μᾷν
123 2712 162 2741 τὸν
189 2714 284 2753 Κύριον
297 2736 305 2752 ,
321 2713 338 2748 ἥ
361 2725 388 2742 τε
411 2713 580 2754 συγχώρησις
599 2715 630 2743 ἐκ
643 2716 689 2743 τοῦ
708 2714 744 2753 μὴ
759 2714 843 2743 θέλειν

64 2758 212 2794 χωρισθῆναι
225 2759 313 2788 αὐτοῦ.
331 2757 371 2788 Σὺ
386 2758 415 2788 δέ
429 2769 495 2797 μοι,
512 2758 576 2789 ενι-αν
589 2759 646 2799 ἴδῃς
665 2759 724 2789 τινὰ
743 2759 844 2800 σφόδρα

92 2848 109 2865 ⁸
121 2851 214 2880 Matth.
229 2860 320 2887 xvm,
337 2855 382 2886 2|,
396 2856 440 2882 22.

896 2320 970 2349 nam,
989 2326 1001 2339 ιο
1017 2313 1191 2351 promittebat
1209 2322 1240 2341 ex
1263 2313 1392 2340 charitate
1408 2322 1414 2340 :
1430 2312 1587 2348 hujusmodi
1611 2313 1696 2340 minis

896 2361 1019 2388 animum
1031 2359 1162 2386 concutit.
1187 2369 1199 2382 ι
1223 2359 1294 2385 Nam
1316 2358 1408 2385 sinon
1424 2357 1515 2384 lavero
1541 2361 1578 2390 te,
1595 2357 1694 2393 inquit,

897 2411 953 2432 non
977 2403 1060 2431 habes
1075 2407 1182 2439 partem
1209 2410 1328 2430 mecum.
1352 2413 1365 2426 ι
1389 2401 1445 2429 Ubi
1464 2401 1569 2430 audivit
1594 2402 1694 2430 Petrus

897 2449 1030 2477 terribiles
1042 2447 1122 2476 hasce
1147 2448 1246 2481 minas,
1268 2455 1351 2483 quam
1373 2446 1518 2474 vehemens
1532 2451 1591 2474 erat
1604 2446 1695 2476 detre-

898 2493 1008 2525 ctando,
1024 2497 1082 2521 tam
1108 2493 1264 2525 vehemens,
1281 2492 1338 2519 imo
1361 2491 1551 2519 vehementior
1569 2496 1627 2520 erat
1643 2491 1695 2519 ad—

898 2537 1044 2571 mittendo,
1057 2538 1093 2565 ita
1106 2541 1136 2565 ut
1143 2541 1171 2564 et
1182 2540 1264 2572 caput
1273 2535 1308 2564 ad
1316 2535 1463 2564 lavandum
1476 2535 1553 2564 daret
1567 2537 1696 2565 .Utrum-

898 2591 950 2618 que
968 2587 1061 2610 autem
1075 2590 1109 2610 ex
1131 2581 1265 2609 charitate
1279 2580 1360 2609 ﬁebat
1380 2590 1388 2608 :
1403 2584 1430 2608 et
1444 2580 1614 2614 detrectatio,
1633 2581 1695 2616 quia

899 2628 1049 2664 plurimum
1062 2626 1224 2654 observabat
1238 2626 1390 2654 Dominum
1408 2633 1415 2653 :
1436 2630 1463 2653 et
1475 2624 1617 2658 admissio,
1633 2624 1695 2660 quia

897 2681 913 2700 a
928 2672 1049 2700 Domino
1073 2671 1192 2707 separari
1212 2671 1332 2698 nolebat.
1353 2671 1394 2698 Tu
1409 2674 1499 2698 autem
1516 2677 1581 2697 cum
1597 2667 1696 2696 videris

898 2718 1018 2754 aliquem
1033 2716 1109 2745 valde
1122 2720 1265 2752 urgentem
1285 2723 1341 2752 pra:
1365 2715 1534 2747 temeritate,
1555 2722 1586 2741 ac
1600 2713 1696 2741 dicen—

898 2767 965 2796 tem,
987 2766 1017 2790 et
1037 2769 1102 2789 cum
1119 2761 1290 2798 jurameuto,
1316 2760 1403 2796 688
1423 2761 1571 2795 Nunquam
1591 2756 1696 2786 {sciam
