1922 3077
210 203 256 230 151

718 197 1175 234 ΤΗΕΟΡΗΥΕΑΟΤΙζΒυΜΞΑΒΙΑΕ
1191 197 1350 225 ARCHIEP.

1819 196 1865 221 152

207 263 278 292 hoc:
293 267 322 291 et
340 261 442 290 deinde
455 262 608 290 reverentia
624 261 773 297 juramenti
796 268 957 296 permanere
979 262 1003 288 A

1063 260 1228 298 ἔνιστάμενον
1264 260 1294 289 ἐκ
1318 257 1486 299 προπετείας,
1516 257 1704 299 καὶᾘλέγοντα
1740 255 1788 286 καὶ
1811 255 1865 294 μεθ’

207 308 236 336 in
253 308 316 341 hoc,
327 307 403 342 quod
416 306 487 334 male
503 306 668 340 decreverat,
686 306 866 342 pertinacem,
883 310 909 333 et
923 314 954 333 ex
969 313 1002 333 eo

208 353 409 389 periclitantem
431 351 472 378 vel
488 351 517 378 in
542 351 645 384 anima,
665 351 705 378 vel
729 351 759 378 in
781 359 908 386 corpore,
928 354 1002 378 recte

208 397 296 425 utaris
310 396 363 423 hoc
383 395 454 424 Petri
482 396 618 431 exemplo,
638 395 684 431 qui
699 403 763 423 cum
780 396 907 430 pertinax
921 399 1002 428 esset,

209 441 254 469 ubi
283 440 353 468 vidit
371 440 552 475 pertinaciam
573 447 684 476 vergere
710 440 738 468 in
761 440 960 476 separationem
988 447 1003 467 a

207 485 326 519 Christo,
340 484 446 512 abstitit
460 484 494 512 ab
508 484 561 512 illa.

243 575 332 601 Vens.
348 575 391 600 10.
405 584 417 597 α
433 572 509 600 Dicit
520 573 543 600 ei
552 573 568 599 J
570 580 646 600 esus:
659 573 711 608 Qui
722 573 794 601 lotus
807 577 859 607 est,
870 581 927 601 non
937 581 1006 609 opus

209 618 291 646 habet
305 617 356 644 nisi
371 622 401 644 ut
413 618 495 653 pedes
510 617 591 649 lavet,
607 617 655 645 sed
667 622 708 645 est
723 617 842 645 mundus
865 622 940 645 totus
957 627 963 645 :
979 622 1007 645 et

207 670 256 690 vos
270 662 366 690 mundi
386 662 464 695 estis,
486 661 534 689 sed
553 670 609 689 non
629 670 734 690 omnes.
764 674 776 687 ι
801 662 909 690 Sciebat
930 663 1006 690 enim

207 707 335 743 quisnam
358 711 430 734 esset
449 707 495 742 qui
515 707 643 742 proderet
666 715 695 734 se
724 716 730 734 ε
756 713 900 742 propterea
926 707 1008 742 dixit,

209 763 222 776 ι
243 753 307 780 Non
325 752 390 779 estis
404 751 499 779 mundi
519 759 626 778 omnes.
648 763 662 775 ι
675 752 788 787 Sumpta
799 752 941 779 occasione
951 753 1007 779 Do-

207 796 299 824 minus
313 796 405 832 arguit
428 795 594 832 proditorem
608 800 638 824 ut
653 804 716 824 eum
731 797 764 824 ab
786 796 928 824 immunda
942 804 1006 824 sen-

206 841 292 869 tentia
307 840 462 875 abduceret,
479 845 507 868 et
530 840 699 876 indigentem
725 841 811 869 lavari
825 849 840 868 a
856 841 960 869 malitia
979 841 1006 869 in

206 886 290 913 aliam
318 885 482 913 sententiam
506 884 677 913 transferret.
705 887 760 914 Vos
788 885 880 921 igitur,
907 886 1004 922 inquit,

207 938 272 958 cum
287 930 346 957 sitis
362 930 418 963 loti,
436 937 492 956 non
504 929 633 964 indigetis
651 930 706 958 alio
720 930 839 958 lavacro.
862 931 941 958 Unus
955 938 1005 958 au—

205 978 262 1002 tem
277 978 319 1001 est
342 974 514 1007 immundus,
540 974 586 1010 qui
602 974 704 1002 latione
728 983 797 1010 opus
811 975 901 1002 habet.
923 976 1006 1010 Qua:-

206 1023 270 1046 runt
289 1022 383 1046 autem
407 1019 489 1046 multi
511 1019 652 1054 quomodo
667 1019 766 1047 dixerit
793 1020 928 1047 Dominus
942 1028 1007 1055 apo-

206 1063 294 1096 stolis,
316 1074 330 1088 ιι
356 1064 413 1091 Vos
433 1063 529 1091 mundi
548 1064 620 1091 estis.
646 1076 658 1088 ιι
681 1064 812 1092 Nondum
835 1064 909 1091 enim
931 1068 1010 1092 erant

207 1107 310 1136 liberati
340 1115 356 1135 a
384 1108 514 1142 peccatis,
558 1108 683 1136 nondum
712 1109 845 1144 Spiritum
891 1109 1007 1136 assecuti

207 1156 291 1180 erant.
320 1152 419 1180 Adhuc
447 1153 519 1180 enim
545 1157 685 1188 peccatum
719 1153 895 1188 prazvalebat,
920 1153 1009 1181 adhuc

207 1197 362 1225 maledictio
377 1197 550 1232 operabatur.
573 1197 703 1225 Nondum
717 1199 791 1225 enim
809 1209 821 1221 α
847 1201 941 1234 Agnus
962 1199 1007 1233 qui

206 1241 278 1269 tollit
303 1245 412 1277 peccata
439 1242 538 1269 mundi
560 1241 609 1276 δ’,
631 1253 643 1266 ι
666 1242 824 1270 immolatus
845 1247 912 1270 erat.
934 1244 1009 1271 Non-

205 1285 272 1314 dum
287 1294 434 1321 suspensus
449 1286 477 1314 in
492 1287 576 1321 ligno,
588 1295 603 1313 a
620 1287 764 1314 maledicto
778 1295 829 1314 nos
843 1287 1005 1315 redemerat.

207 1331 353 1365 Quomodo
375 1331 458 1366 igitur
473 1331 568 1359 mundi
590 1331 699 1358 fuerunt
714 1332 846 1366 apostoli?
862 1333 911 1359 Est
928 1333 1009 1367 igitur

205 1375 352 1403 dicendum
368 1375 442 1411 quod
457 1376 583 1410 quamvis
607 1384 663 1402 non
680 1375 782 1403 fuerint
802 1377 915 1404 omnino
940 1376 1008 1404 libe-

206 1420 257 1446 rati
276 1428 291 1447 a
317 1420 444 1454 peccatis,
458 1424 578 1447 attamen
595 1424 706 1455 propter
720 1428 889 1453 sermonem,
909 1420 1007 1456 inquit,

206 1471 288 1499 quem
312 1464 419 1490 locutus
437 1471 499 1490 sum
527 1463 613 1497 vobis,
645 1475 657 1487 ιι
687 1464 783 1492 mundi
806 1465 872 1492 estis
892 1473 900 1492 :
923 1477 934 1489 υ
953 1465 1005 1493 hoc

207 1512 258 1542 est,
278 1507 430 1535 secundum
453 1507 504 1534 hoc
532 1515 604 1535 nunc
621 1508 683 1535 estis
699 1508 808 1541 mundi,
829 1517 901 1536 nunc
916 1509 1004 1537 lucem

210 1551 362 1586 accepistis,
384 1559 456 1578 nunc
478 1551 583 1578 liberati
605 1553 668 1579 estis
688 1553 721 1580 ab
747 1560 840 1580 errore
862 1553 977 1581 Judaico
997 1563 1003 1581 :
1021 1550 1042 1581 C
1062 1552 1120 1586 κῆς.

208 1594 273 1629 quia
290 1598 317 1620 et
338 1594 436 1621 Isaiam
462 1594 535 1627 audi,
552 1594 692 1630 quomodo
706 1595 806 1623 doceat
825 1604 876 1623 nos
895 1597 978 1624 lavari
999 1607 1005 1625 :

210 1649 223 1662 α
244 1638 398 1670 Lavamini,
420 1643 447 1665 et
463 1638 558 1666 mundi
577 1643 673 1674 estote,
694 1639 824 1675 deponite
839 1641 954 1669 malitias
973 1642 1007 1670 ab

208 1682 352 1710 animabus
370 1683 466 1710 vestris
485 1683 514 1710 ³⁵.
537 1695 549 1707 υ
570 1684 605 1710 Et
629 1683 665 1711 ita
693 1685 777 1712 etiam
803 1685 839 1712 illi
860 1685 922 1720 quia
945 1694 1008 1714 cum

208 1735 308 1763 magna
329 1727 485 1755 innocentia
507 1732 533 1755 et
547 1728 722 1764 simplicitate
744 1729 925 1758 versabantur
943 1739 1007 1759 cum

208 1771 328 1804 Christo,
348 1772 446 1799 merito
466 1772 513 1800 loti
530 1777 558 1800 et
579 1773 673 1801 mundi
699 1781 714 1801 a
735 1774 855 1802 Domino
870 1775 1006 1803 dicuntur.

208 1816 405 1844 Intellexerunt
418 1821 509 1845 autem
532 1817 642 1853 quidam
657 1826 706 1854 per
719 1826 826 1847 cmnam
841 1820 1007 1855 agnitionem

208 1861 331 1897 mysterii
357 1861 508 1890 secundum
536 1862 676 1890 Christum
695 1865 723 1890 in
752 1863 804 1892 line
831 1866 1006 1899 saeculorum,

206 1910 291 1937 qualn
323 1901 447 1930 Christus
475 1903 576 1930 docens
601 1911 666 1931 suos
697 1903 860 1940 discipulos,
888 1905 958 1933 lavat
981 1911 1008 1934 et

207 1946 288 1982 pedes
307 1946 441 1982 ipsorum,
457 1955 513 1974 non
538 1951 568 1974 ut
592 1948 729 1976 maculam
749 1948 892 1983 habentes,
906 1950 955 1977 sed
977 1955 1008 1978 ut

208 1996 318 2026 paratos
331 1999 378 2018 eos
393 1991 496 2019 faciens
513 1991 549 2018 ad
567 1993 757 2027 Evangelium,
769 1993 847 2028 juxta
862 1994 923 2026 hoc,
935 1995 1008 2029 quod

207 2035 313 2063 dictum
328 2039 370 2062 est
384 2035 418 2062 ab
441 2036 528 2063 Isaia:
547 2047 559 2059 ιι
581 2037 670 2071 Quam
686 2037 802 2071 speciosi
827 2037 909 2072 pedes
925 2046 1009 2066 evan-

207 2079 383 2114 gclizantium
406 2087 500 2114 pacem
528 2079 560 2107 3‘.
592 2091 604 2103 ιι
628 2095 664 2100 -
686 2091 698 2104 αι
726 2081 796 2108 Nam
817 2089 866 2108 vos
886 2081 1007 2117 quidem,

206 2123 302 2157 inquit,
319 2123 414 2150 mundi
435 2124 511 2157 estis,
539 2135 551 2147 ιι
576 2124 622 2152 sed
637 2129 771 2160 quantum
791 2125 825 2153 ad
839 2133 887 2153 vos
906 2126 1011 2155 attinet.

207 2168 323 2202 Oportet
339 2171 431 2194 autem
449 2168 484 2195 ob
497 2168 612 2195 aliorum
632 2169 838 2204 purilicationes
852 2178 899 2198 vos
914 2171 984 2199 mitti
1002 2181 1009 2200 :

207 2211 282 2246 quod
298 2219 345 2247 per
364 2211 496 2240 lotioueni
520 2212 622 2247 pedum
645 2213 770 2241 docetur.
793 2215 944 2242 Lavacrum
962 2216 1011 2252 igi-

207 2260 252 2283 tur
266 2264 323 2284 non
338 2255 403 2296 facit
416 2261 449 2284 ut
470 2257 653 2293 intelligamus
672 2258 891 2294 puriﬁcationem
912 2268 1008 2296 pecca-

207 2305 300 2328 torum
315 2294 504 2336 apostolorum
519 2302 624 2334 (mundi
645 2303 717 2330 enim
737 2312 794 2331 esse
807 2294 1006 2339 perhibentur),

205 2344 256 2372 sed
274 2345 430 2381 symbolum
456 2350 498 2373 est
512 2346 588 2382 quod
608 2347 731 2375 mittendi
754 2349 810 2376 siut
831 2349 857 2376 in
872 2349 1007 2385 pradica-

207 2389 323 2423 tionem,
350 2394 378 2417 et
407 2391 589 2419 transvehant
615 2392 698 2420 etiam
722 2393 755 2420 ad
786 2393 854 2421 alios
884 2394 1009 2423 homines

206 2434 362 2469 puritatem,
375 2443 436 2471 quae
457 2436 522 2471 ipsis
536 2435 599 2464 data
612 2441 653 2464 est
668 2445 717 2473 per
738 2438 859 2466 Verbum
877 2440 1006 2467 Domini-

206 2486 279 2506 cum.
296 2479 399 2507 Idcirco
414 2484 442 2507 et
464 2482 561 2508 Petrus
576 2481 674 2517 inquit,
705 2493 716 2506 α
738 2483 800 2510 Non
821 2484 910 2511 solum
926 2484 1007 2520 pedes

206 2530 283 2551 meos
297 2523 380 2558 laves,
392 2524 439 2552 sed
462 2529 490 2553 et
509 2529 600 2561 caput,
624 2538 636 2550 ι»
653 2526 706 2554 hoc
719 2531 770 2560 est,
785 2535 840 2555 nou
854 2528 888 2556 ad
907 2529 1006 2564 praedi-

206 2567 345 2595 cationem
363 2572 471 2596 tantum
489 2569 583 2598 mittas
608 2578 665 2603 me,
693 2571 742 2598 sed
761 2576 789 2600 et
810 2575 892 2608 caput
914 2581 1006 2602 meum

207 2620 255 2648 per
276 2613 440 2649 martyrium
462 2613 584 2649 puriﬁca.
613 2615 736 2651 lntellige
760 2621 853 2644 autem
881 2617 955 2653 quod
979 2622 1006 2645 et

205 2664 278 2684 nunc
292 2657 350 2685 haec
364 2657 545 2693 perﬁciantur.
560 2659 645 2695 689
660 2661 773 2688 Etenim
796 2665 823 2689 et
835 2670 910 2690 nunc
928 2671 1006 2690 omna

205 2701 285 2730 litin
311 2702 401 2730 divina
426 2711 502 2731 sacra
527 2705 684 2740 operatione
711 2706 793 2734 divini
824 2708 946 2743 corporis
977 2712 1004 2736 et

204 2747 346 2783 sanguinis
366 2755 428 2783 qua:
450 2753 648 2784 proponuntur.
673 2750 744 2785 Quid
768 2752 854 2787 igitur
882 2752 917 2780 ab
947 2760 1004 2781 uno

242 2826 274 2843 ³⁸·
291 2828 369 2856 Joan.
381 2835 402 2861 ι,
420 2832 463 2857 2‘9.
480 2829 501 2846 ³⁵
516 2831 566 2858 lsa.
584 2838 604 2865 ι,
619 2834 660 2859 16,
673 2831 756 2861 3“lsa.
770 2841 822 2868 ιιι,
841 2838 865 2862 7.

1024 2235 1049 2266 D

1057 297 1203 345 ὅρκου,νδτι
1226 306 1267 334 Οὐ
1283 304 1320 343 μὴ
1341 297 1450 340 ’ποιήσω
1465 303 1537 339 τόδε,
1551 297 1608 332 εἶτα
1630 302 1708 331 αἰδοῖ
1727 304 1776 330 τοῦ
1792 301 1866 340 ὅρκου

1057 349 1204 387 ἐμμένοντα
1224 350 1263 389 τῷ
1288 350 1374 381 κακῶς
1394 348 1558 388 κεκριμένῳ,
1578 346 1623 376 καὶ
1646 347 1680 376 ἐκ
1704 346 1804 375 τούτου
1818 357 1868 374 κιν-

1056 394 1207 430 δυνεύοντα,
1224 392 1241 429 ἢ
1268 393 1329 433 περὶ
1351 392 1451 433 ψυχὴν,
1468 392 1485 427 ἢ
1500 392 1562 431 περὶ
1577 393 1670 430 σῶμα·
1687 390 1825 429 εὐστόχως
1837 390 1867 418 ἂν

1056 439 1171 478 χρήσαιο
1184 440 1221 478 τῷ
1241 441 1287 467 τοῦ
1308 437 1411 477 Πέτρου
1426 436 1615 475 ὑποδείγματι,
1636 435 1667 468 ὃς
1682 435 1866 473 ἐνιστάμενος,

1057 482 1146 519 ἐπειδὴ
1167 478 1219 512 εἶδε
1242 482 1289 519 τὴν
1305 482 1428 511 ἔνστασιν
1443 482 1479 514 εἷς
1494 481 1538 510 τὸν
1555 480 1607 509 ἀπὸ
1629 481 1761 519 Χριστοῦ
1781 491 1866 519 χωρι-

1059 528 1126 566 σμὸν
1141 527 1272 568 φέρουσαν
1285 549 1294 563 ,
1312 526 1415 562 ἀπέστη
1431 526 1539 562 ταύτης.

1104 584 1119 601 (ι
1135 572 1213 611 Λέγει
1233 572 1307 611 αὐτῷ
1321 573 1334 600 6
1355 571 1469 606 Ἰησοῦς
1484 569 1519 600 ¢0
1534 569 1699 607 λελουμένος
1720 570 1752 598 οὐ
1773 568 1866 608 χρείαν

1060 617 1116 656 ἔχει
1133 617 1150 652 ἢ
1171 616 1231 650 τοὺς
1251 617 1332 649 πόδας
1348 616 1486 656 νίψασθαι,
1508 615 1568 644 ἀλλ’
1584 614 1640 643 ἔστι
1657 613 1780 652 καθαρὸς
1804 613 1867 646 ὅλος·

1061 662 1106 691 καὶ
1119 663 1195 699 ὑμεῖς
1208 663 1319 700 καθαροί
1333 662 1404 697 ἐστε,
1418 660 1547 699 ἆλλόὖχὶ
1562 659 1674 700 πάντες.
1689 669 1705 687 ι)
1725 658 1807 700 ’ῌδει
1819 657 1867 696 γὰρ

1061 706 1104 735 τὸν
1119 699 1300 746 παραδιδόντα
1313 705 1391 734 αὐτόν
1400 717 1406 723 ·
1420 705 1464 734 διὰ
1486 707 1563 734 τοῦτο
1575 699 1648 733 εἶπεν
1659 727 1668 740 ,
1697 699 1755 732 ὅτιν
1769 714 1784 731 ‹ι
1800 703 1867 742 Οὐχὶ

1061 751 1158 783 πάντες
1181 751 1294 790 καθαροί
1313 751 1382 780 ἐστε.
1399 761 1413 778 n
1431 749 1566 789 Ἀφορμῆς
1586 748 1759 788 δραξάμενος
1784 749 1798 776 ὁ
1817 747 1867 776 Κύ-

1062 807 1129 836 ριος,
1147 795 1250 834 ἐλέγχει
1276 795 1320 824 τὸν
1345 794 1488 834 προδότην,
1515 795 1551 826 ὡς
1573 793 1729 832 ἀκάθαρτον
1759 791 1865 830 γνώμην

1060 839 1166 879 ἔχοντα,
1193 839 1238 869 καὶ
1264 839 1385 877 δεόμενον
1409 843 1454 868 τοῦ
1476 837 1679 868 ἀπολούσασθαι
1705 837 1757 879 τῂν
1780 847 1866 870 πονη-

1061 877 1131 923 ρίαν,
1145 884 1191 913 καὶ
1205 884 1481 922 μεταϐουλεύσασθαι.
1505 882 1598 921 ⁶Υμεῖς
1623 882 1674 920 μὲν
1701 877 1768 918 οὖν,
1791 881 1864 926 φησὶ,

1059 928 1211 966 λελουμένοι
1227 929 1315 964 ὅντες,
1337 929 1367 957 οὖ
1390 928 1477 957 δέεσθε
1503 927 1543 957 ἔτι
1566 927 1648 956 ἄλλου
1674 927 1805 965 λουτροῦ·
1831 927 1864 958 εἱς

1063 973 1091 1002 δέ
1106 974 1175 1002 ἐστιν
1191 975 1205 1002 6
1216 974 1363 1013 ἀκάθαρτος
1376 974 1390 1001 6
1403 972 1521 1010 δεόμενος
1539 971 1705 1004 ἐκπλῦσεως.
1753 971 1865 1005 Ζητοῧσι

1063 1017 1090 1046 δὲ
1104 1017 1217 1054 πολλοὶ,
1233 1020 1289 1049 πῶς
1305 1013 1377 1046 εἶπεν
1398 1019 1411 1046 6
1428 1017 1524 1056 Κύριος
1546 1017 1599 1049 τοῖς
1622 1014 1807 1052 ἀποστόλοις,
1829 1013 1864 1042 ὅτι

1067 1073 1082 1091 α
1103 1061 1197 1101 Ἳ“μεῖς
1218 1062 1326 1102 καθαροί
1342 1063 1410 1091 ἒστε-
1427 1072 1442 1090 n
1461 1060 1534 1090 οὔπω
1552 1061 1603 1100 γὰρ
1627 1061 1685 1089 τῶν
1703 1058 1864 1102 ἁμαρτημά-

1063 1119 1115 1136 των
1131 1101 1342 1146 ἆπηλλάγησαν,
1364 1106 1438 1135 οὔπω
1464 1105 1620 1143 Πνεύματος
1651 1104 1781 1140 ἠξίωντο.
1807 1101 1865 1132 Ἔτι

1062 1151 1113 1191 γὰρ
1128 1153 1144 1186 ἡ
1161 1151 1281 1192 ἁμαρτία
1296 1151 1415 1191 ἐκράτει,
1432 1150 1471 1180 ἔτι
1492 1153 1508 1185 ἡ
1525 1149 1629 1189 κατάρα
1645 1149 1767 1188 ἐνήργει.
1784 1147 1865 1178 Οὔπω

1062 1196 1113 1236 γὰρ
1133 1207 1148 1224 ιι
1163 1198 1177 1225 6
1192 1196 1283 1233 Ἄμνὸς
1297 1197 1312 1224 6
1334 1196 1415 1235 αἴρων
1433 1196 1481 1230 τὴν
1503 1194 1638 1233 ἁμαρτίαν
1655 1196 1704 1223 τοῦ
1733 1193 1834 1231 κόσμου
1848 1202 1861 1219 n

1063 1241 1181 1280 ἐσφάγη,
1207 1240 1281 1269 οὔπω
1308 1241 1458 1279 ἐκρεμάσθη
1486 1240 1530 1268 ἐπὶ
1553 1237 1706 1280 «aetatm;
1733 1239 1747 1267 6
1771 1238 1802 1266 ἐκ
1822 1238 1865 1271 τῆς

1063 1278 1181 1324 κατάρας
1206 1287 1276 1323 ἡμᾶς
1294 1278 1464 1324 ἐξαγοράσας.
1510 1285 1573 1316 Πῶς
1593 1278 1637 1312 οὖν
1655 1279 1729 1318 ἦσαν
1757 1281 1864 1320 καθαροὶ

1064 1331 1088 1358 οἱ
1103 1330 1259 1365 ἆπόστολοι;
1277 1328 1372 1359 Ἔστιν
1388 1325 1432 1358 οὖν
1451 1330 1553 1363 εἰπεῖν,
1572 1328 1612 1357 ὅτι
1631 1328 1654 1356 εἶ
1680 1327 1728 1356 καὶ
1757 1326 1794 1364 μὴ
1815 1327 1862 1354 τῶν

1064 1374 1202 1414 ἁμαρτιῶν
1217 1373 1410 1411 ἀπηλλάγησαν
1425 1374 1527 1408 πάντη,
1547 1372 1607 1401 ἀλλ’
1625 1366 1671 1401 οὖν
1690 1372 1736 1401 διὰ
1755 1370 1799 1399 τὸν
1821 1370 1864 1398 λό-

1063 1429 1120 1456 γον,
1133 1418 1222 1457 φησὶν,
1239 1418 1266 1446 ὃν
1283 1418 1419 1453 λελάληκα
1430 1419 1502 1455 ὑμῖν,
1518 1429 1531 1445 α
1546 1416 1659 1456 καθαροί
1670 1417 1750 1445 ἐστε·
1766 1427 1781 1444 n
1794 1426 1862 1444 τουτ-

1059 1461 1133 1497 έστι,
1158 1461 1237 1492 Κατὰ
1251 1462 1329 1491 τοῦτό
1350 1463 1408 1490 ἐστε
1420 1461 1531 1501 καθαροὶ
1553 1461 1630 1494 τέως.
1653 1459 1734 1495 Ἤδη
1757 1459 1788 1489 τὸ
1803 1460 1854 1498 φῶς

1059 1505 1195 1541 ἐδέξασθε,
1220 1506 1271 1542 ἤδη
1288 1508 1334 1541 τῆς
1353 1506 1456 1541 πλάνης
1480 1505 1655 1544 ἀπηλλάγητε
1671 1507 1722 1541 τῆς
1745 1503 1855 1533 Ἰουδαῖ-

1166 1550 1245 1580 Ἒπεὶ
1261 1550 1306 1579 καὶ
1320 1547 1450 1585 Ἱ-Ισαΐας,
1466 1550 1561 1588 ἄκουε,
1578 1551 1633 1582 πῶς
1649 1550 1774 1579 διδάσκει
1790 1550 1857 1585 ἡμᾶς

1064 1594 1198 1623 λούεσθαι·
1221 1605 1235 1623 (ι
1252 1594 1407 1632 Λούσασθε,
1424 1594 1469 1623 καὶ
1486 1594 1598 1632 καθαροὶ
1613 1593 1736 1632 γίνεσθε·
1753 1593 1858 1630 ἀφέλετε

1062 1639 1109 1671 τὰς
1123 1638 1250 1678 πονηρίας
1267 1638 1319 1667 ἀπὸ
1332 1640 1384 1667 τῶν
1400 1639 1492 1677 ψυχῶν
1508 1640 1593 1676 ὑμῶν.
1609 1649 1624 1666 n
1643 1637 1735 1667 "ﬂore
1753 1637 1798 1666 καὶ
1818 1636 1859 1664 αὖ·

1063 1683 1117 1718 τοὶ,
1136 1684 1192 1712 ἐπεὶ
1209 1683 1277 1720 μετὰ
1301 1683 1389 1719 πάσης
1413 1682 1525 1715 ἀκακίας
1547 1683 1592 1711 καὶ
1617 1682 1781 1719 ἄδολότητος
1801 1691 1859 1710 συν-

1063 1730 1131 1763 ’ἧσαν
1154 1729 1192 1767 τῷ
1214 1729 1337 1767 Χριστῷ,
1360 1726 1468 1759 εἰκότως
1493 1725 1648 1764 λελουμένοι
1676 1727 1726 1755 καὶ
1753 1723 1858 1764 καθαροὶ

1063 1772 1136 1811 παρὰ
1151 1774 1197 1801 τοῦ
1217 1771 1315 1811 Κυρίου
1339 1771 1470 1810 λέγονται.
1515 1770 1647 1806 Ἰῧνόησαν
1675 1771 1705 1800 δέ
1723 1782 1791 1803 τινες
1811 1769 1858 1797 δεῖ·

1063 1828 1126 1846 πνον
1141 1818 1188 1852 τήν
1204 1818 1229 1846 ἐν
1244 1818 1282 1855 τῷ
1300 1816 1371 1845 τέλει
1390 1817 1442 1845 τῶν
1466 1815 1566 1844 αἰώνων
1589 1817 1637 1844 τοῦ
1655 1815 1728 1844 κατὰ
1747 1812 1858 1853 Χριστὸν

1064 1860 1208 1901 μυστηρίου
1224 1863 1337 1900 γνῶσιν,
1364 1860 1396 1896 ἢν
1423 1862 1436 1888 6
1461 1859 1565 1896 Ἰησοῦς
1586 1859 1720 1888 διδάσκων
1745 1859 1805 1891 τοὺς
1826 1859 1858 1886 οἷ-

1063 1905 1147 1939 κείους
1174 1905 1296 1944 μαθητὰς
1318 1904 1404 1934 νίπτει
1422 1904 1468 1933 καὶ
1493 1903 1553 1937 τοὺς
1574 1903 1657 1936 πόδας
1684 1905 1793 1940 αὐτῶν,
1811 1902 1858 1940 οὐχ

1063 1951 1097 1982 ὡς
1123 1949 1203 1988 ῥύπον
1237 1950 1362 1987 ἔχοντας,
1388 1949 1447 1977 ἀλλ’
1467 1949 1586 1987 ἑτοίμους
1611 1948 1706 1981 αὐτοὺς
1720 1948 1804 1976 ποιῶν
1826 1947 1858 1976 εἷς

1063 1994 1092 2022 τὸ
1119 1993 1300 2032 Εὖαγγέλιον,
1322 1993 1392 2022 κατὰ
1405 1994 1435 2022 τὸ
1457 1992 1508 2021 ὑπὸ
1531 1990 1645 2021 Ἡσαΐου
1661 1993 1754 2031 ῥηθέν·
1781 2002 1796 2020 α
1811 1989 1857 2020 Ὧς

1063 2039 1156 2077 ὡραῖοι
1193 2039 1216 2066 οἱ
1243 2038 1320 2070 πόδες
1345 2039 1397 2066 τῶν
1433 2037 1674 2076 εὐαγγελιζομένων
1699 2036 1818 2075 εἰρήνην.
1840 2044 1854 2061 ν

1062 2099 1103 2104 ——-
1120 2093 1134 2110 ι(
1156 2081 1249 2120 ⁸Υμεῖς
1266 2081 1312 2120 μὲν
1327 2081 1388 2120 γὰρ,
1407 2082 1504 2121 φησὶν,
1521 2081 1632 2121 καθαροί
1652 2082 1713 2110 ἐστε
1726 2105 1732 2116 ,
1757 2091 1771 2109 υ
1793 2077 1856 2107 ἀλλὰ

1065 2127 1124 2155 καθ’
1151 2126 1271 2159 ἑαυτούς·
1297 2127 1336 2155 δεῖ
1360 2126 1387 2155 δὲ
1403 2125 1449 2155 καὶ
1471 2126 1532 2164 περὶ
1548 2126 1597 2161 τὴν
1612 2126 1708 2165 ἑτέρων
1732 2125 1856 2162 κάθαρσιν

1065 2171 1250 2206 ἀποσταλῆναι
1275 2173 1357 2209 ὑμᾶς’
1387 2170 1400 2200 ὃ
1427 2171 1470 2200 διὰ
1502 2171 1566 2210 [τοῦ]
1595 2170 1654 2203 τοὺς
1676 2171 1762 2201 πόδας
1786 2168 1855 2206 ὑμῶν

1065 2215 1203 2244 νίπτεσθαι
1227 2216 1363 2250 δηλοῦται.
1387 2214 1422 2245 Ὁ
1449 2215 1535 2244 τοίνυν
1559 2214 1655 2254 νιπτὴρ
1682 2215 1713 2244 οὐ
1733 2215 1855 2250 κάθαρσιν

1063 2260 1169 2288 δίδωσιν
1197 2260 1261 2298 ἡμῖν
1291 2261 1357 2289 νοεῖν
1385 2261 1437 2288 τῶν
1462 2259 1601 2299 ἁμαρτιῶν
1625 2261 1678 2288 τῶν
1703 2256 1853 2287 ἀποστόλων

1063 2304 1190 2344 (καθαροὶ
1221 2304 1272 2344 γὰρ
1299 2305 1523 2344 μαρτυροῦνται),
1547 2304 1615 2333 ἀλλὰ
1642 2303 1777 2341 σύμϐολόν
1803 2301 1854 2329 ἐστι

1063 2351 1108 2378 τοῦ
1123 2350 1278 2378 στέλλεσθαι
1293 2348 1386 2382 αὖτοὺς
1404 2349 1447 2377 ἐπὶ
1464 2348 1494 2378 τὸ
1518 2348 1644 2387 κήρυγμα
1655 2371 1663 2384 ,
1679 2343 1853 2384 διαπορθμεύ-

1063 2405 1160 2427 σαντας
1175 2393 1288 2426 καὶτοῖς
1305 2393 1394 2426 ἄλλοις
1412 2393 1460 2428 τὴν
1477 2393 1548 2433 παρὰ
1564 2395 1609 2421 τοῦ
1626 2392 1714 2430 Λόγου
1738 2392 1783 2419 τοῦ
1804 2390 1852 2433 Δε-

1062 2441 1187 2467 σποτικοῧ
1204 2439 1323 2467 δοθεῖσαν
1349 2437 1436 2471 αὐτοῖς
1451 2437 1632 2476 καθαρότητα.
1662 2436 1711 2466 Διὸ
1731 2434 1776 2464 καὶ
1800 2430 1851 2476 ﬂe"-

1061 2494 1135 2521 τρος,
1152 2494 1166 2511 (ι
1183 2482 1231 2518 Μὴ
1245 2482 1305 2515 τοὺς
1319 2482 1402 2515 πόδας
1417 2494 1468 2520 μου
1483 2474 1560 2522 νίψῃς
1575 2483 1669 2519 μόνον,
1685 2480 1774 2520 φησὶν,
1787 2474 1850 2527 in?

1061 2527 1106 2556 καὶ
1119 2526 1167 2562 τὴν
1180 2527 1310 2568 κεφαλήν
1328 2538 1342 2555 n
1359 2527 1497 2562 τουτέστι,
1515 2527 1563 2561 Μὴ
1576 2527 1612 2559 εἷς
1628 2526 1658 2555 τὸ
1673 2527 1794 2565 κήρυγμα
1807 2531 1850 2559 μο-

1061 2583 1103 2601 νον
1119 2571 1225 2609 πέμπε,
1242 2571 1311 2599 ἀλλὰ
1328 2571 1374 2600 καὶ
1389 2570 1436 2606 τὴν
1453 2571 1571 2610 κεφαλήν
1590 2582 1640 2608 μου
1657 2570 1700 2599 διὰ
1722 2571 1766 2598 τοῦ
1782 2577 1849 2604 μαρ-

1061 2616 1150 2655 τυρίου
1177 2615 1329 2655 καθάρισον.
1372 2615 1545 2654 Ἐχλάμϐανε
1568 2615 1600 2651 δή
1625 2627 1669 2653 μοι
1687 2614 1733 2644 καὶ
1755 2611 1848 2655 ὡςννῧν

1061 2654 1145 2689 ταῦτα
1169 2654 1325 2698 τελούμενα.
1372 2660 1426 2690 Καὶ
1450 2660 1502 2700 γὰρ
1525 2660 1570 2689 καὶ
1593 2663 1636 2689 νῦν
1658 2660 1761 2688 δεῖπνον
1779 2654 1847 2700 γίνεῇ¹

1058 2717 1102 2734 ται
1117 2706 1143 2733 ἐν
1219 2705 1276 2745 θεία
1293 2705 1426 2745 ἱερουργίᾳ
1446 2707 1492 2734 τοῦ
1507 2705 1577 2734 θείου
1597 2703 1721 2742 σώματος
1739 2701 1783 2731 καὶ
1798 2699 1846 2745 Δτυῗθ

1059 2748 1171 2788 αἵματος
1187 2750 1267 2780 αὐτοῦ
1281 2749 1467 2790 προκειμένου.
1490 2750 1525 2780 Τί
1540 2745 1585 2779 οὖν
1614 2751 1764 2778 ἀπαιτεῐται
1788 2743 1844 2773 ἔχα-
