1922 3077
90 149 145 176 153

471 147 668 176 ENARRATIO
689 148 722 176 IN
742 148 956 176 EVANGELIUM
974 148 1124 176 JOANNIS.
1143 163 1179 169 —
1197 149 1272 176 CAP.
1294 150 1360 177 XIII.
1696 151 1744 178 I54

89 222 154 244 στος
167 212 245 249 ἡμῶν
265 214 350 240 ποιεῖν
361 235 367 246 ,
385 210 480 240 ἄκουε·
494 209 616 250 Ἐχομεν
636 213 662 241 ἔν
685 213 786 244 ἑαυτοῖς
802 211 889 240 ἅπαν-

959 218 1059 247 luoque
1077 214 1107 238 ut
1125 210 1205 239 faciat
1219 211 1354 246 exigatur,
1367 211 1430 240 audi
1448 221 1454 239 :
1470 212 1611 241 Habemus
1622 213 1651 240 in
1666 213 1746 242 nobis

87 267 135 289 τες
145 256 183 289 εἷς
204 255 321 296 Χριστὸν
346 255 551 294 πιστεύσαντες,
577 256 622 285 τὸν
641 256 726 295 Λόγον
753 259 798 285 τοῦ
820 258 891 286 Θεοῦ

88 301 140 329 χαὶ
159 300 190 329 τὸ
215 301 384 340 εὐαγγελικὸν
406 301 543 339 κήρυγμα.
572 301 673 334 Πάντες
694 301 744 340 γὰρ
765 301 892 334 ὑπεδεξά-

95 347 166 383 μεθα
178 345 223 374 τὸν
243 345 362 383 Χριστὸν
378 346 405 374 ἐν
420 345 477 378 ταῖς
497 345 617 384 καρδίαις
634 348 726 382 ἡμῶν,
744 346 803 374 ἀλλ’
820 346 891 386 ὀφεί-

90 389 176 427 λομεν
194 391 222 420 ἐν
246 391 285 429 τῷ
309 390 405 430 δείπνῳ
429 389 514 429 τούτῳ
541 391 579 430 τῷ
602 389 663 429 θείῳ
687 389 823 430 ἐξανιστᾷν
848 390 891 419 τὸν

93 434 181 473 Λόγον
191 457 199 470 ,
222 435 269 464 καὶ
285 434 454 464 ἀποτίθεσθαι
469 435 550 463 αὐτοῦ
565 435 599 463 τὰ
620 434 714 474 ἱμάτια
726 457 734 471 ,
761 434 778 463 ἃ
793 446 893 474 συγκα-

90 478 238 508 λύπτουσιν
261 478 351 509 αὐτόν.
378 478 498 517 Ἱμοίτιον
526 478 554 508 δέ
579 480 649 508 ἐστιν
676 481 692 515 ἡ
715 479 891 520 φιλαργυρία,

90 522 202 561 ἱμάτιον
217 525 234 559 ἠ
254 523 406 560 κενοδοξία,
432 523 537 562 ἱμάτιον
562 525 576 552 6
592 523 694 563 φθόνος,
713 524 758 552 καὶ
780 523 892 553 ἕκαστον

92 569 147 596 τῶν
164 569 253 597 ἄλλων
276 571 386 606 παθῶν,
403 567 421 596 ἃ
438 570 477 608 τῷ
494 569 520 597 ἐν
539 568 602 606 ἡμῖν
618 568 678 607 θείῳ
698 568 777 608 Λόγῳ
791 568 892 597 ἐπικεί-

93 623 164 650 μενα
189 612 347 652 βαρύνουσιν
370 612 458 642 αὐτόν.
479 614 574 642 Ταῦτα
597 613 684 642 τοίνυν
708 613 746 641 δεῖ
764 613 891 642 ἀποτίθε-

90 659 155 686 σθαι
171 657 338 696 ἐγειρομένου
353 659 398 686 τοῦ
416 658 503 695 Λόγου
513 678 520 692 ,
538 656 582 686 ἵνα
598 657 710 697 ἐλαφρὸς
723 656 759 686 ὢν
778 656 893 693 δύνηται

92 701 143 736 τὴν
169 701 302 740 ἡμετέραν
333 702 377 731 διὰ
406 702 547 740 μετανοίας
581 702 709 740 κάθαρσιν
743 703 892 741 ἐνεργῆσαι.

94 744 232 785 Ἐγερθεὶς
249 746 300 786 γὰρ
322 748 337 776 6
361 746 454 784 Λόγος,
483 747 528 775 καὶ
554 751 607 775 πᾶν
624 746 729 786 φορτίον
749 746 796 776 καὶ
819 746 894 787 μέρι-

94 802 166 828 μναν
194 790 322 830 βιωτικὴν
355 791 535 829 ἀποθέμενος,
567 791 637 831 νίψει
665 790 722 824 τοὺς
750 791 893 830 ἡμετέρους

946 263 1043 284 omnes
1057 255 1102 292 qui
1125 255 1151 283 in
1173 255 1312 284 Christum
1331 256 1481 290 credimus,
1502 258 1623 285 Verbum
1643 259 1694 286 Dei
1719 263 1747 286 et

948 301 1084 336 Evangelii
1104 300 1338 336 praedicationem.
1363 301 1467 329 Omnes
1481 302 1555 329 enim
1577 302 1747 338 suscepimus

947 346 1088 374 Christum
1103 345 1130 373 in
1140 345 1268 373 cordibus
1282 346 1394 374 nostris.
1417 345 1470 374 Sed
1481 346 1612 374 debemus
1625 347 1652 374 in
1667 355 1747 375 ccena

947 390 993 418 illa
1008 390 1096 418 divina
1111 391 1228 418 excitare
1252 390 1372 418 Verbum
1392 394 1422 418 ut
1436 395 1543 426 surgat,
1558 395 1586 419 et
1607 391 1746 427 deponere

947 435 1006 471 ejus
1020 439 1117 469 vestes,
1134 443 1197 471 qua:
1210 435 1346 471 obtegunt
1361 435 1436 463 illud.
1451 435 1540 463 Vestis
1556 440 1598 463 est
1609 436 1745 469 avaritia;

948 480 1041 513 vestis,
1067 488 1135 507 vana
1156 480 1256 515 gloria;
1276 480 1368 513 vestis,
1383 480 1494 513 invidia,
1512 485 1540 507 et
1560 481 1663 516 qumvis
1681 480 1745 508 alia-

947 533 1011 552 rum
1025 523 1200 552 affeclionum
1224 532 1286 560 qua}
1309 529 1458 560 aggravant
1480 525 1601 552 Verbum
1624 524 1748 552 divinum

948 569 975 596 in
987 569 1076 596 uobis.
1094 569 1139 596 Illa
1154 574 1262 604 oportet
1273 569 1422 604 deponere.
1435 574 1464 597 ut
1472 569 1604 596 excitetur
1614 569 1747 604 Verbum,

947 618 975 641 et
996 617 1096 650 surgat,
1122 613 1335 650 expeditumque
1358 614 1403 647 sit,
1433 618 1463 642 ut
1487 614 1572 650 possit
1591 622 1639 649 per
1660 615 1748 650 poeni-

948 658 1062 686 tentiam
1075 662 1198 686 uostram
1209 659 1316 693 operari
1333 659 1530 694 purgationem.
1541 659 1662 686 Verbum
1677 659 1749 687 enim

948 711 1013 731 cum
1029 703 1190 737 surrexerit,
1213 707 1240 731 et
1258 711 1370 731 onmem
1387 703 1522 731 sarcinam
1531 703 1749 732 sollicitudinem-

948 756 1000 784 quc
1033 748 1212 783 temporalem
1239 747 1406 784 deposuerit.
1439 748 1540 776 lavabit
1568 748 1749 784 cogitationes

948 797 1066 825 nostras,
1090 793 1136 828 qui
1157 793 1282 828 discipuli
1302 793 1361 827 ejus
1375 801 1472 820 sumus
1493 798 1522 821 et
1543 794 1634 829 ipsum
1655 794 1749 829 sequi-

92 835 240 874 λογισμοὺς
275 835 396 873 μαθητὰς
433 837 514 865 αὐτοῦ
547 835 642 871 ὄντας,
680 836 724 865 καὶ
753 836 889 874 ἑπομένουι

961 846 1022 865 nur.
1037 837 1152 864 [.avabit
1165 842 1258 865 autem
1275 838 1368 873 pedes,
1395 837 1447 865 hoc
1461 841 1514 871 est,
1528 838 1684 873 operativas
1696 846 1747 866 no-

95 881 183 919 αὐτῷ·
211 880 280 920 νίψει
307 880 335 909 δὲ
355 880 413 914 τοὺς
435 880 534 916 πόδας,
556 880 686 917 τουτέστι,
712 881 758 914 τὰς
781 891 896 920 πρακτι-

93 924 144 957 κάς
159 926 237 960 ἡμῶν
258 925 374 958 κινήσεις
391 924 436 954 καὶ
458 925 492 954 τὰ
520 924 674 962 διαδήματα
696 927 784 963 ἡμῶν.
812 926 843 955 Ei
865 925 895 953 δέ

92 980 135 999 τις
156 969 240 998 δεῖται
265 969 355 1008 ιτέρας
377 969 548 1008 καθάρσεως,
576 970 622 999 καὶ
643 972 689 1005 τῆς
716 970 742 998 ἐν
761 971 798 1009 τῷ
823 970 894 998 διδα-

94 1015 219 1053 σκαλικῷ
243 1013 289 1043 καὶ
316 1015 468 1053 θεωρητικῷ
492 1013 690 1051 εὖδοκιμήσεως
713 1014 830 1054 ἐφίεται,
851 1015 895 1043 λε-

92 1057 166 1096 γέτω
189 1058 255 1097 πρὸς
285 1058 330 1087 τὸν
354 1058 468 1098 Κύριον·
498 1071 510 1083 ι
539 1058 640 1098 Κύριε,
666 1057 703 1096 μὴ
728 1057 787 1092 τοὺς
812 1059 895 1092 πόδας

94 1102 189 1140 μόνον,
203 1101 273 1131 ἀλλὰ
287 1103 333 1132 καὶ
348 1102 395 1135 τὰς
416 1104 508 1142 χεῖρας
524 1102 569 1132 καὶ
584 1102 632 1138 τὴν
647 1102 778 1142 κεφαλήν
794 1117 805 1129 ι
820 1115 895 1132 τουτ-

93 1146 171 1182 έστι,
186 1146 235 1182 Μὴ
252 1147 330 1183 μόνον
349 1147 382 1176 τὰ
397 1147 554 1184 διαϐήματαί
578 1159 628 1185 μου
645 1148 807 1186 καθαρίσῃς,
826 1147 893 1177 ἀλλὰ

94 1191 142 1220 καὶ
164 1192 212 1224 τὰς
235 1193 337 1231 χεῖρας,
360 1192 395 1224 ὡς
415 1191 446 1220 ἂν
461 1192 507 1220 καὶ
527 1191 631 1229 ἑτέρους
654 1196 827 1231 χειραγωγεῖν
849 1192 894 1221 καὶ

93 1237 162 1275 πρὸς
187 1235 219 1264 τὸ
235 1236 315 1265 καλὸν
337 1236 592 1275 προσλαμϐάνεσθαι
613 1236 749 1273 δύνωμαι’
779 1236 825 1265 καὶ
846 1237 894 1271 τὴν

93 1279 231 1320 κεφαλὴν,
247 1279 291 1308 ἵνα
312 1281 338 1310 ἐν
354 1282 392 1318 τῷ
415 1281 570 1320 θεωρητικῷ
594 1281 639 1309 καὶ
660 1282 802 1318 θεολογικῷ
820 1280 894 1320 μέρει

93 1324 296 1363 κεκαθαρμένην
319 1324 364 1353 καὶ
385 1324 533 1364 ἀρύπαντον
555 1324 604 1360 τὴν
622 1325 685 1364 περὶ
700 1325 731 1354 τὸ
745 1326 824 1354 Θεῐον
848 1326 892 1354 δό⁸

93 1367 141 1402 ξαν
155 1368 221 1407 ἔχω.
246 1368 342 1402 Οὕτως
357 1363 400 1398 οὖν
417 1368 459 1397 διὰ
471 1371 517 1404 τῆς
535 1368 746 1408 ἐξομολογήσεως
761 1370 893 1407 δυναίμεθα

92 1413 232 1452 νίψασθαι,
247 1414 282 1446 ὡς
297 1412 328 1441 ἂν
345 1413 382 1451 μὴ
398 1413 511 1447 ἀναξίως
525 1414 705 1453 μετάσχωμεν
719 1416 765 1443 τοῦ
777 1413 892 1453 δείπνου,

93 1471 107 1483 ι
128 1457 176 1486 καὶ
192 1457 275 1496 κρῖμα
296 1458 396 1491 ἑαυτοῖς
416 1458 542 1497 φάγωμεν
560 1457 606 1487 καὶ
621 1458 737 1496 πίωμεν,
756 1470 770 1486 ι

137 1512 154 1530 οι
169 1500 239 1530 Ὅτε
258 1497 302 1530 οὖν
318 1501 390 1542 ἔνιψε
414 1501 474 1536 τοὺς
498 1503 581 1536 πόδας
595 1504 648 1532 τῶν
672 1504 818 1541 μαθητῶν,
846 1503 891 1532 καὶ

92 1545 175 1575 ἔλαϐε
190 1545 224 1574 τὰ
239 1546 334 1583 ἱμάτια
358 1549 437 1576 αὑτοῦ
448 1569 457 1583 ,
474 1546 615 1576 ἀναπεσὼν
642 1547 723 1577 πάλιν
747 1543 821 1576 εἶπεν
846 1549 892 1577 αὖ·
906 1535 928 1566 C

92 1591 164 1624 τοῖς·
188 1590 336 1621 Γινώσκετε
361 1591 387 1620 τί
401 1591 536 1627 πεποίηκα
562 1593 639 1630 ὕμῖν;
662 1591 755 1630 Ὑμεῖς
784 1593 892 1632 φωνεῖτέ

93 1647 127 1673 με
155 1638 170 1665 6
191 1636 360 1672 διδάσκαλος,
385 1636 431 1665 καὶ
446 1637 460 1665 6
477 1636 590 1676 Κύριος’
613 1637 658 1665 καὶ
678 1638 764 1671 καλῶς
787 1638 892 1676 λέγετε·

94 1680 150 1718 εἰμὶ
168 1680 230 1718 γάρ.
245 1682 278 1710 Ei
289 1675 334 1709 οὖν
346 1679 398 1719 ἐγὼ
422 1680 501 1720 ἔνιψα
521 1675 595 1719 ὗμῶν
609 1680 668 1715 τοὺς
689 1682 770 1714 πόδας
781 1705 789 1717 ,
804 1685 818 1711 6
842 1681 893 1711 Κύ-

95 1735 150 1764 ριος
165 1725 213 1754 καὶ
237 1726 251 1753 6
275 1725 448 1761 διδάσκαλος,
475 1725 521 1754 καὶ
539 1726 613 1764 ὑμεῖς
633 1726 750 1766 ὀφείλετε
767 1727 892 1761 ἀλλήλων

91 1769 194 1798 νίπτειν
226 1768 286 1802 τοὺς
314 1770 405 1802 πόδας.
432 1769 600 1809 ²Υπόδειγμα
629 1770 680 1810 γὰρ
710 1771 815 1807 ἔδωκα,
848 1770 892 1801 ἵνα

92 1813 182 1847 καθὼς
202 1813 256 1853 ἐγὼ
279 1814 393 1850 ἐποίησα
410 1816 472 1852 ὑμῖν
485 1837 493 1850 ,
513 1818 558 1843 καὶ
574 1816 647 1852 ὑμεῖς
667 1817 771 1850 ποιῆτε.
788 1814 890 1854 Ἀμὴν,

94 1858 168 1896 ἀμὴν
187 1858 258 1897 λέγω
279 1861 340 1895 ὑμῖν
351 1881 358 1895 ,
375 1860 423 1888 οὐκ
448 1858 504 1888 ἔστι
523 1859 613 1892 δοῦλος
629 1860 726 1897 μείζων
741 1862 787 1888 τοῦ
802 1860 892 1899 κυρίου

93 1904 183 1938 αὐτοῦ,
199 1902 257 1932 οὐδὲ
270 1903 415 1937 ἀπόστολος
427 1903 522 1941 μείζων
535 1907 580 1932 τοῦ
597 1904 750 1944 πέμψαντος
765 1904 855 1934 αὐτόν.
874 1916 887 1933 ι)

93 1948 154 1977 Οὐκ
165 1947 204 1976 ἔτι
221 1948 286 1986 πρὸς
300 1948 344 1977 τὸν
356 1948 458 1988 Πέτρον
477 1948 564 1986 μόνον,
577 1948 646 1977 ἀλλὰ
660 1949 706 1978 καὶ
725 1948 790 1988 πρὸς
806 1948 891 1978 ἄπαν-

92 2003 142 2025 τας
163 1992 332 2031 διαλέγεται,
348 1993 393 2021 καὶ
415 1992 463 2028 τὴν
490 1993 577 2022 αἰτίαν
602 1995 649 2028 τῆς
673 1993 802 2029 τοσαύτης
830 1995 891 2033 περὶ

93 2038 191 2065 ἑαυτοῦ
212 2036 452 2076 ταπεινοφροσύνης
473 2037 584 2073 τίθησιν.
600 2037 634 2067 Ἡ
659 2038 685 2066 δέ
708 2039 764 2067 ἐστι
789 2038 818 2067 τὸ
838 2040 890 2068 δεῖν

94 2081 216 2119 μιμητὰς
231 2080 326 2114 αὐτοὺς
349 2080 442 2110 τούτου
466 2081 595 2121 γίνεσθαι.
616 2082 665 2117 Μή
688 2094 752 2111 ποτε
777 2079 821 2111 οὖν
844 2083 890 2112 καὶ

92 2127 158 2154 ὅταν
173 2124 247 2164 ἔλεγε
265 2127 301 2165 τῷ
319 2125 421 2165 Πέτρῳ,
433 2126 473 2154 ὅτι
488 2138 503 2153 α
523 2126 616 2166 Γνώσῃ
632 2126 659 2155 δὲ
675 2127 743 2164 μετὰ
758 2131 842 2156 ταῦτα
852 2150 859 2163 ,
872 2138 887 2155 ι)

92 2170 156 2215 ⁴ιτερὶ
172 2169 267 2199 τούτου
287 2173 332 2199 τοῦ
352 2173 396 2199 νῦν
412 2173 505 2211 καιροῦ
521 2170 623 2210 ἔλεγε,;
650 2182 664 2200 α
681 2171 770 2211 γνώσῃ
788 2184 802 2199 ιι
819 2172 887 2211 γὰρ,

950 886 1019 909 stras
1042 882 1190 914 motiones,
1214 886 1241 909 et
1255 890 1364 917 gressus
1385 887 1503 910 nostros.
1527 883 1556 909 Si
1578 887 1672 910 autem
1688 883 1750 919 quis

957 934 1027 962 opus
1049 926 1176 954 habuerit
1187 930 1214 954 et
1224 927 1276 954 alia
1290 926 1460 961 purgatione,
1477 930 1505 954 et
1518 926 1654 954 desiderat
1664 927 1749 955 etiam

949 970 1075 998 doctrina
1094 975 1122 998 et
1141 971 1372 1006 contemplatione
1385 971 1505 1006 probari,
1520 971 1592 999 dicat
1605 971 1638 999 ad
1654 972 1749 999 Domi-

950 1024 1028 1050 num,
1047 1027 1059 1039 ι
1077 1016 1209 1049 Domine,
1224 1023 1280 1042 non
1296 1015 1386 1042 solum
1402 1015 1485 1051 pedes
1499 1015 1636 1047 meos,sed
1647 1020 1674 1043 et
1689 1024 1749 1044 ma-

950 1068 1003 1088 nus
1027 1064 1056 1088 et
1075 1064 1168 1096 caput,
1192 1069 1206 1086 ιι
1226 1059 1279 1088 hoc
1293 1064 1344 1093 est,
1360 1061 1421 1088 Non
1434 1060 1523 1088 solum
1549 1068 1657 1096 gressus
1673 1068 1749 1088 meos

949 1105 1089 1141 purifices,
1101 1104 1148 1133 sed
1159 1109 1186 1132 et
1199 1113 1307 1138 manus,
1316 1109 1347 1132 ut
1359 1113 1424 1140 ergo
1434 1109 1462 1132 et
1472 1105 1539 1133 alios
1550 1105 1748 1140 manuducere,

949 1154 977 1177 et
999 1150 1033 1177 ad
1051 1150 1154 1177 bonum
1169 1150 1252 1177 simul
1267 1157 1407 1177 assumere
1420 1150 1522 1177 valeam
1544 1159 1550 1177 ς
1567 1153 1595 1177 et
1608 1154 1703 1186 caput,
1719 1154 1750 1178 ut

949 1195 978 1222 in
1002 1194 1215 1230 contemplativa
1239 1198 1314 1229 parte
1327 1194 1425 1222 divina:
1440 1194 1622 1230 cogitationis.
1642 1203 1743 1230 purga-

949 1243 1008 1267 tam
1032 1243 1060 1266 et
1082 1239 1289 1267 immaculatum
1308 1239 1341 1266 de
1356 1239 1455 1266 divinis
1480 1239 1675 1274 cogitationem
1694 1239 1747 1267 ha-

949 1284 1037 1312 beam.
1057 1285 1096 1311 lta
1112 1284 1194 1319 igitur
1210 1291 1258 1319 per
1270 1276 1478 1311 confessionem
1491 1284 1574 1311 lavari
1586 1286 1747 1320 poterimus,

948 1332 979 1355 ut
992 1336 1047 1356 non
1062 1327 1174 1363 indigne
1187 1328 1423 1356 communicemus
1436 1335 1523 1356 caena!
1539 1341 1552 1353 «ι
1568 1333 1596 1357 et
1611 1328 1746 1365 judicium

948 1373 1027 1401 nobis
1041 1373 1244 1401 manducemus
1253 1377 1283 1401 et
1296 1373 1421 1401 bibamus
1434 1372 1467 1401 ετ.
1486 1384 1499 1398 ι

982 1507 1072 1535 Vens.
1090 1507 1182 1533 12-16.
1201 1516 1215 1529 α
1230 1506 1380 1541 Postquam
1395 1512 1460 1541 ergo
1475 1504 1585 1532 lavisset
1601 1505 1683 1540 pedes
1704 1513 1750 1533 eo-

947 1559 1020 1585 rum,
1036 1550 1206 1586 receptisque
1227 1549 1348 1577 vestibus
1365 1550 1423 1578 suis
1444 1550 1631 1583 accubuisset;
1648 1550 1747 1578 iterum

948 1595 1019 1623 dixit
1034 1595 1074 1623 eis
1101 1604 1108 1622 :
1133 1595 1214 1622 Scitis
1233 1594 1300 1630 quid
1320 1593 1434 1622 fecerim
1456 1594 1550 1622 vobis?
1570 1595 1626 1621 Vos
1645 1595 1748 1622 vocatis

948 1647 993 1668 me
1008 1639 1175 1675 magistrum
1190 1647 1223 1667 ac
1240 1639 1403 1672 Dominum,
1419 1643 1447 1666 et
1463 1638 1532 1666 bene
1544 1638 1636 1666 dicitis
1653 1649 1658 1666 :
1685 1646 1749 1667 sum

947 1684 1058 1712 etenim.
1075 1685 1102 1711 Si
1118 1692 1183 1720 ergo
1199 1691 1249 1719 ego
1265 1683 1318 1711 lavi
1340 1685 1423 1719 pedes
1438 1688 1553 1717 vestros,
1567 1683 1706 1711 Dominus
1721 1687 1750 1711 et

947 1729 1079 1764 magister
1096 1737 1102 1756 :
1120 1737 1169 1756 vos
1187 1736 1297 1764 quoque
1311 1728 1418 1756 debetis
1438 1729 1556 1756 invicem
1571 1729 1616 1755 alii
1630 1729 1748 1756 aliorum

947 1772 1038 1800 lavare
1057 1772 1148 1808 pedes.
1166 1773 1331 1807 Exemplum
1346 1772 1419 1799 enim
1437 1772 1551 1807 praebui,
1571 1777 1602 1800 ut
1613 1772 1749 1808 quemad-

947 1817 1062 1844 modum
1075 1824 1126 1852 ego
1140 1815 1191 1844 feci
1215 1816 1303 1850 vobis,
1330 1816 1367 1843 ita
1384 1820 1412 1844 et
1435 1824 1483 1843 vos
1504 1816 1619 1844 faciatis.
1643 1818 1746 1850 Amen,

946 1869 1026 1888 amen
1039 1861 1101 1888 dico
1119 1861 1207 1893 vobis,
1223 1868 1280 1888 non
1293 1864 1335 1888 est
1348 1868 1442 1888 servus
1457 1861 1545 1896 major
1554 1861 1666 1888 domino
1685 1869 1746 1892 suo,

946 1913 1035 1941 neque
1055 1906 1159 1941 legatus
1179 1905 1268 1940 major
1289 1909 1331 1932 est
1353 1913 1386 1932 co
1411 1905 1458 1940 qui
1479 1905 1577 1940 legavit
1602 1905 1704 1940 ipsum.
1732 1917 1744 1929 ιι

947 1952 1008 1978 Non
1024 1950 1093 1977 ultra
1104 1950 1138 1978 ad
1154 1950 1267 1977 Petrum
1280 1949 1380 1981 solum,
1396 1948 1444 1976 sed
1459 1949 1493 1976 ad
1506 1957 1604 1976 omnes
1617 1949 1748 1985 loquitur,

945 2003 1111 2030 causamque
1126 1998 1209 2022 tanta:
1224 2002 1288 2030 erga
1308 1994 1370 2021 illos
1392 1993 1552 2022 humilitatis
1577 1994 1663 2029 ponit,
1685 2002 1748 2030 quae

946 2044 999 2072 est,
1016 2044 1046 2067 ut
1065 2039 1136 2067 illius
1149 2040 1248 2066 liamus
1264 2038 1426 2066 imitatores.
1446 2040 1482 2066 Et
1493 2037 1558 2073 quid
1571 2038 1593 2066 si
1608 2037 1660 2066 hoc
1674 2039 1747 2074 quod

945 2089 1024 2112 antea
1049 2084 1154 2112 dixerat
1180 2085 1272 2117 Petro,
1301 2095 1314 2107 ιι
1344 2083 1417 2111 Scies
1443 2087 1535 2110 autem
1560 2086 1665 2118 postea,
1686 2095 1698 2107 ιο
1715 2083 1748 2110 ad

946 2129 998 2157 hoc
1023 2133 1130 2164 tempus
1163 2128 1269 2156 dicatur
1305 2128 1459 2163 pertinere?
1491 2139 1503 2151 α
1533 2127 1606 2155 Scies
1626 2139 1638 2151 ιι
1676 2128 1748 2155 enim

947 2186 958 2198 ιι
981 2178 1043 2210 post
1066 2173 1124 2201 haec
1135 2185 1147 2197 ιι
1168 2173 1248 2206 dixit,
1263 2173 1352 2206 Petre,
1368 2172 1479 2208 quando
1492 2172 1610 2208 receptis
1629 2172 1750 2200 vestibus

92 2213 115 2243 ὦ
145 2214 250 2254 Πέτρε,
279 2225 295 2244 α
320 2215 388 2252 μετὰ
412 2218 516 2251 ταῦτα,
534 2226 549 2244 λ)
569 2214 612 2245 ὅτε
639 2215 728 2245 λαϐὼν
744 2216 776 2244 τὰ
797 2217 889 2254 ἱμάτιά

959 2218 1111 2251 ιεευὺυοτο,
1123 2222 1152 2245 et
1172 2225 1280 2252 cmpero
1299 2217 1397 2244 docere
1415 2225 1463 2244 vos
1478 2225 1509 2244 ac
1523 2216 1626 2250 dicere,
1639 2228 1651 2240 τι
1668 2217 1749 2245 Scitis

93 2270 146 2298 μου
168 2258 215 2288 καὶ
232 2258 389 2296 ἀναπεσὼν,
413 2259 526 2299 ἄρξομαι
553 2259 686 2289 διδάσκειν
705 2261 774 2298 ὑμᾶς
795 2261 840 2290 καὶ
855 2262 894 2289 λέ-

92 2315 165 2343 γειν·
185 2314 199 2331 ε
222 2303 371 2333 Γινώσκετε
385 2303 411 2333 τί
427 2305 561 2339 πεποίηκα
576 2305 654 2342 ὕμῖν;
668 2315 683 2333 ι)
707 2321 747 2327 -
763 2317 777 2332 ι(
793 2306 826 2335 Εἰ
843 2305 894 2344 γὰρ

93 2348 149 2386 ἐγὼ
173 2358 188 2376 1)
213 2350 227 2377 6
254 2349 319 2388 παρ’
335 2350 408 2387 ὑμῶν
431 2349 646 2388 μαρτυρούμενος
674 2360 689 2377 ιι
703 2350 717 2378 6
734 2350 830 2389 Κύριος
848 2351 894 2378 καὶ

92 2391 272 2429 διδάσκαλος,
297 2403 312 2421 ›)
339 2393 383 2422 καὶ
407 2393 436 2422 οὐ
461 2394 563 2433 ψευδῶς
585 2393 798 2433 μαρτυρούμενος
825 2395 893 2433 (εἰμὶ

91 2437 173 2476 γὰρ),
199 2438 258 2471 τοὺς
287 2437 371 2471 πόδας
396 2440 470 2475 ὑμῶν
493 2437 569 2478 ἔνιψα
591 2438 654 2477 (καὶ
678 2439 726 2466 οὐκ
741 2433 816 2474 εἷπε,
841 2441 892 2468 τῶν

93 2482 211 2518 δούλων,
228 2483 280 2510 τῶν
305 2482 489 2521 ἀγραμμάτων
506 2483 552 2511 καὶ
575 2483 704 2521 ἀμαθῶν,
730 2483 791 2512 ἀλλ’
808 2485 893 2521 ἀφῆκε

92 2529 171 2556 τοῦτο
205 2526 438 2566 συλλογίζεσθαι)·
474 2528 548 2565 ὑμεῖς
575 2527 783 2567 ἀναγκαιότατον
817 2528 894 2568 χρέος

96 2570 187 2610 ἔχετε,
213 2582 229 2600 ι)
256 2571 379 2606 ἀλλήλων
395 2571 496 2601 νίπτειν
520 2571 578 2605 τοὺς
603 2574 699 2605 πόδας·
723 2583 738 2601 n
758 2573 892 2610 τουτέστι,

93 2619 182 2644 πᾶσαν
197 2616 332 2645 διακονίαν
349 2615 479 2652 ἀλλήλους
568 2617 712 2656 ἀλλήλοις]
736 2618 888 2656 ὑπουργεῖν,

91 2660 143 2690 Διὰ
163 2659 217 2700 γὰρ
234 2663 280 2689 τοῦ
294 2659 414 2699 νίπτειν,
434 2661 498 2701 ὅπερ
522 2661 624 2701 ἐσχάτη
649 2663 780 2702 ὑπηρεσία
804 2663 892 2700 δοκεῖ,

89 2707 133 2736 καὶ
155 2705 205 2740 τὰς
230 2706 315 2739 ἄλλας
329 2706 421 2746 πολλῷ
437 2707 539 2745 μᾶλλον
554 2706 601 2740 τὰς
616 2707 786 2746 ἐντιμοτέρας
807 2708 893 2737 τελεῖν

124 2805 146 2822 ³⁷
162 2807 174 2834 ι
189 2806 253 2834 Cor.
271 2812 315 2838 xi,
332 2807 375 2832 29.

949 2263 1013 2299 quid
1033 2262 1145 2290 fecerim
1160 2262 1254 2289 vobis?
1269 2273 1280 2285 ιι
1301 2277 1337 2282 -
1356 2273 1369 2286 ιι
1384 2263 1453 2290 Nam
1468 2261 1491 2289 si
1504 2269 1555 2297 ego
1572 2273 1584 2285 ιι
1602 2269 1685 2296 quem
1701 2269 1749 2289 vos

948 2307 1089 2336 testamini
1110 2319 1122 2331 ι
1138 2306 1293 2334 Dominum
1313 2310 1341 2334 et
1355 2306 1526 2340 magistrum,
1544 2317 1557 2330 ιο
1577 2310 1603 2334 et
1622 2306 1691 2334 bene
1708 2310 1748 2334 te-

949 2352 1071 2385 stamini,
1108 2353 1178 2387 (sum
1214 2351 1308 2386 enim,)
1345 2351 1428 2387 pedes
1462 2355 1568 2379 vestros
1610 2351 1661 2378 lavi
1690 2354 1750 2385 (et

949 2405 1006 2424 non
1027 2397 1097 2424 dixit
1114 2403 1257 2423 servorum
1276 2395 1454 2423 indoctorum
1479 2400 1506 2422 et
1529 2395 1747 2429 illitteratorum,

948 2441 995 2468 sed
1033 2440 1085 2468 hoc
1112 2440 1225 2468 illorum
1254 2440 1361 2476 reliquit
1401 2439 1634 2473 considerationi),
1672 2439 1749 2467 vobis

949 2485 1067 2513 maxime
1093 2484 1279 2512 necessarium
1300 2488 1351 2518 est,
1376 2488 1409 2511 ut
1435 2495 1448 2508 α
1469 2484 1537 2511 alter
1552 2484 1664 2511 alterius
1679 2483 1749 2511 lavet

949 2530 1043 2565 pedes,
1070 2541 1082 2553 ιι
1104 2529 1156 2557 hoc
1180 2533 1232 2562 est,
1253 2529 1331 2556 omni
1351 2529 1503 2556 ministerio
1529 2528 1607 2556 vobis
1631 2528 1747 2556 invicem

948 2575 1034 2610 690
1045 2574 1175 2602 serviatis.
1197 2574 1226 2602 Id
1246 2574 1320 2601 enim
1340 2574 1396 2602 vult
1411 2582 1458 2609 per
1473 2573 1617 2605 lotionem,
1632 2580 1694 2608 quae
1707 2577 1749 2600 est

947 2619 1165 2646 ministeriorum
1183 2618 1286 2652 infima,
1312 2622 1342 2645 ut
1362 2621 1390 2645 et
1413 2618 1464 2645 alia
1486 2618 1566 2652 longe
1591 2617 1747 2644 honestiora

947 2671 1003 2691 non
1021 2663 1216 2691 detrectemus.
1234 2675 1247 2687 ι
1273 2662 1434 2697 Exemplum
1450 2662 1522 2689 enim
1535 2661 1599 2688 dedi
1615 2660 1702 2693 vobis,
1718 2665 1749 2688 ut

947 2708 1182 2744 quemadmodum
1196 2714 1247 2743 ego
1271 2706 1323 2735 feci
1339 2706 1426 2741 vobis,
1443 2706 1480 2734 ita
1492 2710 1520 2733 et
1532 2713 1580 2733 vos
1592 2704 1696 2732 faciatis
1711 2712 1718 2730 :
1735 2716 1746 2728 ι
