1922 3077
177 145 228 172 155

684 146 942 174 THEOPHYLACTI
961 145 1142 174 BULGARUE
1160 145 1320 173 ARCHIEP.

1802 144 1851 170 156

174 206 227 234 hoc
243 210 294 241 est,
325 215 390 235 cum
415 207 568 236 alacritate.
593 209 722 243 Quamvis
744 210 819 245 quod
847 217 899 246 ego
921 209 968 237 fec‘

1031 209 1182 250 ὀφείλομεν.
1204 219 1219 238 ι(
1238 208 1408 248 Ὑπόὸειγμα
1427 207 1480 247 γὰρ
1494 207 1582 236 ἔδωκα
1602 217 1620 235 )›
1651 207 1743 243 ὑμῖν,
1769 217 1785 233 οι
1808 205 1851 235 ἵνα

175 251 268 288 majus
279 251 325 286 sit,
340 255 478 288 quatenus
494 260 546 289 ego
568 253 706 281 Dominus
730 261 871 282 servorum
895 254 976 290 pedes

173 296 227 324 lavi
241 305 249 325 :
265 305 316 325 vos
337 301 433 325 autem
459 305 654 325 conservorum
671 298 756 334 pedes
777 298 910 334 lavabitis,
932 303 975 327 at-

173 345 268 369 tamen
290 345 318 369 et
338 341 465 370 doctores
486 342 612 370 videmus
632 343 721 378 pueris
739 343 844 372 litteras
863 345 975 380 elegan-

172 385 256 414 tiores
279 386 474 422 praescribere,
499 390 531 414 ut
552 387 586 415 ad
606 387 788 416 imitationem
816 389 938 424 quamvis
959 397 973 416 a

173 429 255 465 longe
269 431 393 459 veniant.
409 431 569 460 Necessario
583 437 676 460 autem
691 433 830 469 apostolos
842 434 974 462 admonet

173 474 208 503 de
223 475 276 509 his,
290 476 423 511 quoniam
433 476 461 504 in
474 476 578 505 honore
588 481 667 505 erant
682 477 781 512 futuri,
797 479 841 506 alii
857 479 970 515 majore,

173 519 217 548 alii
233 520 354 556 minore,
368 525 400 549 ut
420 529 456 549 ne
470 521 542 549 inter
565 530 594 550 se
617 522 783 550 dissiderent
798 528 826 551 et
847 524 972 560 superbi-

173 569 245 599 rent,
270 565 318 594 sed
339 569 372 593 ut
393 567 518 594 omnium
533 567 656 602 ipsorum
678 568 792 604 spiritus
806 569 972 605 comprime-

173 613 269 637 rentur
283 613 311 637 et
324 609 511 646 dejicerentur.
532 622 544 635 ιι
567 613 630 639 Non
649 616 692 639 est
704 613 778 640 enim
799 621 892 641 servus
912 622 971 642 ma-

169 655 216 691 jor
236 653 364 690 domino,
375 663 424 684 suo
442 667 454 680 -
481 656 601 692 quandiu
627 664 721 685 servus
746 661 813 685 est:
842 669 855 682 α
883 666 972 695 neque

172 700 313 736 apostolus
338 700 378 728 vel
399 700 504 737 legatus
518 709 551 730 eo
565 701 611 737 qui
624 702 732 738 legavit,
755 713 768 727 ιο
785 703 908 739 quandiu
929 708 972 732 est

172 744 278 780 legatus
292 753 298 772 :
314 745 425 781 quando
446 750 539 774 autem
553 746 643 783 major
657 746 699 782 ﬁt,
717 755 808 784 neque
826 756 920 777 servus
932 753 973 777 est

173 797 262 826 neque
272 789 389 826 legatus.

985 898 1009 930 Β

209 925 298 952 Vens.
322 927 416 952 17-19.
435 933 450 951 ‹ι
467 924 493 953 Si
505 924 565 953 haae
579 925 703 959 novistis,
721 926 794 954 beati
815 927 882 957 estis
897 928 919 956 si
933 928 972 957 fe-

172 969 265 997 ceritis
282 977 323 997 ea.
343 971 406 997 Non
420 969 455 997 de
476 970 606 998 omnibus
624 971 703 999 vobis
718 972 824 1008 loquor,
850 981 900 1009 ego
915 974 971 1002 scio

173 1021 243 1050 quos
263 1013 402 1050 elegerim,
427 1014 476 1043 sed
494 1018 526 1042 ut
540 1014 724 1052 adimpleatur
737 1017 876 1053 Scriptura
899 1018 972 1054 :Qui

172 1058 229 1086 edit
248 1067 358 1087 meeum
383 1067 495 1095 panem,
521 1061 632 1089 sustulit
653 1061 800 1090 adversum
822 1071 868 1091 me
883 1064 971 1092 calca-

171 1111 255 1132 neum
270 1112 362 1132 suum.
386 1106 465 1133 Nunc
486 1104 549 1133 dico
562 1106 651 1140 vobis,
667 1106 829 1143 priusquam
850 1108 898 1136 iiat
913 1117 920 1136 :
942 1113 972 1138 ut

173 1156 237 1177 cum
261 1148 365 1177 factum
378 1149 470 1183 fuerit,
484 1150 603 1178 credatis
616 1151 689 1186 quod
705 1159 755 1188 ego
776 1152 840 1180 sim.
855 1163 869 1179 ι)
883 1155 922 1182 Ut
937 1161 971 1182 ne

172 1193 274 1227 dicant,
289 1194 345 1222 Cur
359 1193 417 1222 haec
431 1194 501 1222 dicis
514 1195 596 1223 nobis
615 1196 693 1232 quasi
716 1196 892 1232 ignoremus?
916 1199 971 1226 sei-

174 1246 236 1266 mus
250 1239 335 1267 etiam
349 1239 399 1275 ipsi
413 1239 577 1268 humilitatis
596 1240 720 1269 bonum:
735 1246 877 1278 propterea
892 1243 970 1278 dicit,

174 1295 186 1308 u
207 1283 234 1311 Si
248 1284 374 1318 novistis,
401 1295 413 1308 ι»
428 1292 484 1312 non
508 1284 610 1313 sufﬁcit
632 1285 685 1313 hoc
703 1287 780 1314 vobis
799 1288 901 1322 solum,
924 1288 972 1317 sed

172 1332 240 1356 tunc
264 1328 383 1364 perfecte
400 1340 413 1354 ι
438 1329 503 1357 estis
529 1330 612 1363 beati,
627 1331 650 1358 si
678 1342 690 1355 ν
706 1335 734 1359 et
758 1342 770 1356 α
788 1331 930 1360 feceritis:
957 1344 969 1358 ιι

170 1373 233 1408 quia
257 1378 284 1401 et
306 1373 396 1402 Judaei
412 1374 542 1403 mandata
565 1375 714 1408 sciverunt,
732 1375 781 1403 sed
800 1385 856 1404 non
873 1377 945 1404 beati
962 1387 968 1405 :

171 1418 319 1446 miserrimi
334 1423 435 1452 autem,
453 1424 545 1455 utpote
560 1420 606 1456 qui
622 1427 678 1448 non
692 1419 807 1448 fecerint
820 1429 860 1448 ea.
880 1430 894 1447 ι(
909 1423 970 1449 Non

171 1462 205 1490 de
218 1463 347 1491 omnibtis
361 1463 437 1491 vobis
459 1463 521 1492 dico
538 1474 544 1492 :
558 1473 608 1501 ego
631 1465 688 1492 scio
704 1473 774 1501 quos
795 1465 932 1501 elegerim.
957 1478 970 1491 ››

170 1507 268 1543 Arguit
278 1512 306 1535 et
323 1515 379 1535 non
397 1509 488 1544 arguit
500 1509 678 1544 proditorem,
698 1509 893 1537 adumbratum
911 1518 971 1537 ser-

171 1559 286 1580 monem
310 1551 439 1580 referens.
463 1554 579 1582 Volebat
592 1553 665 1582 enim
695 1561 759 1581 eum
775 1553 808 1581 ad
833 1553 969 1589 pmniten-

1031 253 1116 287 καθὼς
1127 253 1178 294 ἐγὼ
1194 253 1306 290 ἐποίησα
1317 255 1389 292 ὑμῖν,
1406 265 1421 280 »
1434 252 1503 282 οὕτω
1520 263 1536 281 (ι
1547 251 1593 281 καὶ
1607 252 1696 289 ὑμεῖς
1706 253 1822 289 ποιῆτε,
1833 261 1846 279 )›

1029 299 1169 335 τουτέστι,
1186 299 1253 337 μετὰ
1279 300 1325 334 τῆς
1350 299 1432 333 αὐτῆς
1452 298 1578 332 σπουδῆς.
1600 296 1639 326 Εἰ
1664 296 1725 335 γὰρ
1754 295 1802 324 καὶ
1822 295 1852 325 τὸ

1030 344 1092 381 ἐμὸν
1120 344 1217 383 μεῖζον,
1243 343 1309 373 καθὸ
1323 343 1460 379 Δεσπότης
1483 340 1519 371 ὢν
1539 342 1604 381 ἐγὼ,
1632 341 1747 371 δούλων
1764 340 1850 374 πόδας

1029 389 1124 429 ἔνιψα,
1143 390 1217 427 ὑμεῖς
1238 387 1265 417 δὲ
1282 389 1335 417 τῶν
1360 388 1512 424 ὁμοδούλων
1528 387 1613 419 πόδας
1640 386 1760 426 νίψετε·
1779 385 1853 423 ὅμως

1029 434 1150 467 καὶτοὺς
1174 433 1347 466 διδασκάλους
1372 434 1476 471 ὁρῶμεν
1499 433 1554 465 τοῖς
1574 430 1662 460 παισὶ
1690 430 1851 470 γράμματα

1029 479 1097 517 μετὰ
1108 479 1206 508 πολλοῦ
1222 481 1266 508 τοῦ
1282 478 1395 510 κάλλους
1409 476 1616 517 παραδιδόντας,
1631 475 1686 505 ἵνα
1707 475 1764 504 κᾶν
1786 474 1852 515 πρὸς

1028 524 1058 553 τὸ
1081 523 1285 563 καταδεέστερον
1303 522 1399 551 ἔλθωσι
1416 524 1463 558 τῆς
1487 521 1645 559 μιμήσεως,
1675 520 1852 559 Ἀναγκαίως

1028 568 1055 598 δὲ
1072 572 1125 601 τοῖς
1146 568 1301 600 ἀποστόλοις
1323 570 1406 596 ταῦτα
1428 570 1563 605 παραινεῖ.
1582 565 1672 596 Ἐπεὶ
1690 564 1749 605 γὰρ
1765 564 1850 603 ἔμελ-

1027 616 1071 644 λον
1092 615 1170 651 τιμῆς
1205 611 1424 649 ἆπολαύσασθαι,
1451 612 1474 640 οῖ
1507 610 1555 649 μὲν
1582 611 1734 649 μείζονος,
1765 610 1792 638 οἱ
1822 608 1849 638 δὲ

1027 657 1175 694 ἐλάττονος,
1194 656 1238 686 ἵνα
1260 657 1297 695 μὴ
1319 656 1443 692 ἀλλήλων
1466 655 1697 696 κατεπαίρωνται
1709 678 1718 691 ,
1736 654 1849 683 πάντων

1027 704 1112 732 αὐτῶν
1128 702 1248 741 καθαίρει
1267 702 1306 742 [
1326 702 1463 740 καθαιρεῖ]
1478 701 1512 730 τὰ
1533 699 1719 740 φρονήματα.
1750 710 1766 728 (ι
1789 699 1849 729 Οὐκ

1026 748 1082 778 ἔστι
1104 747 1155 786 γὰρ
1181 747 1270 780 δοῦλος
1294 745 1389 785 μείζων
1411 748 1457 774 τοῦ
1486 746 1577 784 κυρίου
1599 747 1691 774 αὐτοῦ
1704 766 1714 780 ,
1743 753 1761 773 υ
1781 743 1808 777 ἒς
1821 745 1845 772 τ’

1026 792 1058 821 ἂν
1104 793 1204 828 δοῦλος,
1227 802 1242 820 (ι
1255 791 1313 820 οὐδὲ
1335 790 1479 824 ἀπόστολος
1495 790 1591 828 μείζων
1607 791 1658 819 τοῦ
1677 789 1845 827 πέμψαντος

1026 837 1116 874 αὐτὸν,
1133 847 1148 865 ι)
1164 835 1190 869 ἔς
1210 836 1232 865 τ’
1257 835 1290 865 ἂν
1348 835 1493 868 ἀπόστολος
1506 847 1512 853 ·
1535 835 1598 863 ὅταν
1613 833 1647 863 δὲ
1668 834 1777 872 μείζων
1802 832 1846 872 γέ-

1024 894 1113 918 νηται,
1129 881 1188 911 τότε
1199 880 1258 910 οὔτε
1269 879 1359 913 δοῦλός
1375 881 1456 915 ἔστιν,
1468 879 1528 909 οὔτε
1547 879 1716 912 ἀπόστολος.

1070 938 1084 956 ι(
1108 927 1139 956 Εἰ
1149 929 1233 955 ταῦτα
1249 926 1349 962 οἴδατε,
1368 923 1495 964 μακάριοί
1511 925 1583 962 ἐστι,
1601 925 1651 953 ἐὰν
1670 925 1777 959 ποιῆτε
1794 923 1840 952 αὖ·

1025 971 1068 1002 τά.
1095 973 1136 1001 Οὐ
1158 972 1219 1011 περὶ
1243 970 1351 1000 πάντων
1372 971 1445 1007 ὗμῶν
1465 968 1554 1006 λέγω,
1580 968 1635 1007 ἐγὼ
1655 964 1722 998 οἶδα
1736 967 1783 1002 οὓς
1803 967 1844 1002 ἐξ·

1026 1015 1173 1054 ελεξάμην,
1199 1015 1258 1045 ἀλλ’
1275 1015 1351 1050 ἵναὴ
1374 1013 1468 1054 Γραφὴ
1495 1015 1642 1053 πληρωθῇ*
1664 1013 1704 1043 Ὁ
1730 1012 1843 1051 τρώγων

1027 1061 1083 1099 μετ’
1098 1063 1162 1099 ἐμοῦ
1177 1060 1221 1089 τὸν
1237 1059 1317 1099 ἄρτον
1327 1081 1335 1096 ,
1360 1061 1457 1097 ἐπῆρεν
1472 1060 1515 1088 ἐπ’
1533 1057 1580 1096 ἐμὲ
1596 1057 1727 1099 πτέρναν
1744 1059 1839 1086 αὑτοῦ.

1026 1105 1137 1145 Ἀπάρτι
1171 1104 1241 1143 λέγω
1274 1106 1335 1142 ὑμῖν
1362 1103 1413 1143 πρὸ
1445 1105 1491 1133 τοῦ
1516 1102 1659 1143 γενέσθαι·
1689 1102 1740 1132 ἵνα
1777 1102 1842 1131 ὅταν

1025 1151 1143 1189 γένηται,
1157 1148 1327 1185 πιστεύσητε,
1340 1148 1381 1178 ὅτι
1395 1147 1447 1187 ἐγώ
1461 1148 1524 1185 εἶμι.
1542 1158 1557 1176 ι)
1575 1145 1639 1177 Ἵνα
1656 1147 1700 1186 μὴ
1713 1146 1843 1182 εἴπωσιν,

1025 1195 1065 1224 ὅτι
1083 1195 1120 1224 Τί
1135 1196 1219 1223 ταῦτα
1240 1193 1325 1233 λέγεις
1349 1196 1414 1232 ἡμῖν
1430 1194 1465 1226 ὥς
1480 1191 1512 1228 δὴ
1535 1193 1704 1232 ἆγνοοῖὶσινς
1724 1191 1841 1230 οἴδαμεν

1026 1240 1071 1270 καὶ
1092 1239 1165 1268 αὐτοὶ
1189 1238 1219 1268 τὸ
1232 1241 1279 1273 τ’ἧς
1291 1237 1476 1270 ταπεινώσεως
1491 1237 1582 1273 καλὸν⁹
1605 1236 1651 1266 διὰ
1676 1237 1763 1266 τοῦτό
1789 1248 1843 1276 φη-

1153 1284 1186 1313 E’
1219 1283 1245 1313 Γ
1386 1284 1394 1295 ’
1438 1283 1453 1310 ἀ
1503 1286 1514 1291 “
1565 1285 1581 1292 ’⁸
1671 1281 1678 1291 ’
1776 1280 1834 1310 ⁵λλ¹

1026 1295 1086 1314 σιν·
1112 1295 1126 1313 ‹
1179 1294 1310 1320 ιοοατε,
1334 1294 1349 1312 ι)
1369 1295 1416 1313 ουκ
1457 1293 1513 1322 ρκει
1536 1292 1612 1312 τουτο
1638 1293 1744 1320 μονον,
1769 1294 1787 1310 α
1825 1293 1840 1309 α

1024 1329 1083 1359 τότε
1099 1328 1179 1362 ὄντως
1203 1339 1216 1356 α
1231 1327 1289 1358 ἐστὲ
1306 1327 1452 1367 μακάριοι,
1469 1326 1514 1355 ἐὰν
1527 1337 1541 1355 η
1570 1326 1616 1355 καὶ
1638 1328 1774 1361 «ποιῆτε
1792 1326 1841 1354 αὖε

1026 1375 1068 1404 τά.
1087 1384 1101 1402 )›
1121 1373 1198 1403 Ἐπεὶ
1215 1373 1260 1402 καὶ
1287 1373 1412 1402 Ἰουδαῖοι
1426 1371 1474 1406 τὰς
1500 1371 1606 1404 ἐντολὰς
1620 1371 1734 1410 ᾔδεσαν
1749 1393 1758 1407 ,
1779 1369 1840 1399 ἀλλ’

1026 1420 1054 1448 οὗ
1073 1418 1212 1458 μακάριοι,
1236 1417 1395 1447 ἀθλιώτατοι
1411 1416 1450 1453 δὲ,
1471 1418 1506 1450 ὡς
1522 1420 1559 1454 μὴ
1575 1419 1720 1458 ποιοῦντες
1738 1415 1835 1448 αὐτάς.

1030 1474 1045 1492 (ι
1067 1463 1106 1492 Οὐ
1128 1456 1188 1501 περὶ
1209 1462 1316 1491 πάντων
1331 1463 1405 1499 ὑμῶν
1427 1460 1506 1499 λέγω,
1532 1461 1584 1500 ἐγὼ
1600 1456 1660 1490 οἶδα
1685 1460 1734 1494 οὓς
1749 1460 1837 1494 ἔξελε-

1026 1507 1121 1544 ξάμην.
1145 1517 1159 1535 ))
1187 1505 1324 1546 Ἐλέγχει,
1347 1505 1392 1534 καὶ
1417 1506 1463 1534 οὒκ
1487 1505 1590 1544 ἐλέγχει
1611 1505 1657 1534 τὸν
1676 1505 1836 1544 προδότην,

1026 1551 1255 1589 συνεσκιασμένως
1287 1550 1424 1590 προφέρων
1469 1550 1513 1578 τὸν
1544 1550 1633 1588 λόγον.
1679 1549 1834 1579 Ἦϐούλετο

172 1596 241 1624 tiam
264 1596 395 1625 reducere
421 1608 427 1626 :
448 1602 475 1626 et
495 1599 557 1627 ideo
573 1599 676 1626 relictis
696 1597 828 1625 omnibus
847 1598 907 1625 aliis
922 1598 968 1626 be-

1029 1597 1077 1636 γὰρ
1112 1596 1190 1625 αὐτὸν
1225 1596 1261 1628 εἷς
1291 1594 1433 1633 μετάνοιαν
1471 1595 1598 1633 ἀγαγεῖν·
1630 1594 1671 1624 διὸ
1706 1594 1758 1624 καὶ
1784 1592 1834 1622 πά-

172 1641 277 1670 neliciis
292 1650 353 1678 quae
371 1642 399 1670 in
417 1643 495 1671 illum
516 1644 710 1675 collocaverat,
727 1643 817 1677 posuit
831 1642 882 1670 hoc
896 1643 969 1679 quod

172 1686 292 1714 maxime
313 1687 438 1714 omnium
458 1686 577 1715 faciebat
597 1686 632 1714 ad
652 1685 876 1714 confundendum
891 1695 968 1716 eum.

173 1742 185 1755 κ
205 1732 260 1767 Qui
273 1731 327 1760 edit
350 1739 446 1768 panem
461 1739 583 1765 mecum,
602 1742 614 1755 ιι
642 1730 695 1758 hoc
714 1735 765 1765 est,
787 1732 834 1767 qui
850 1732 970 1768 pascitur

171 1784 186 1804 a
204 1784 259 1811 me,
283 1777 328 1813 qui
351 1784 412 1805 mea
437 1784 532 1804 mensa
554 1775 667 1810 fruitur,
689 1775 765 1811 quod
787 1781 815 1804 et
842 1777 969 1805 inimicos

169 1821 296 1858 placaret.
314 1823 347 1850 Et
361 1830 417 1849 non
431 1821 508 1854 dixit,
527 1821 578 1849 Hic
592 1821 677 1849 tradit
692 1829 736 1849 me
752 1830 759 1850 :
779 1822 836 1857 sed,
854 1834 867 1846 κ
881 1823 970 1850 Leva—

171 1867 209 1894 vit
220 1867 362 1895 adversum
379 1874 423 1894 me
437 1865 606 1900 calcaneum,
623 1878 636 1891 n
653 1865 706 1894 hoc
718 1871 770 1901 est,
781 1867 876 1895 dolum
884 1871 911 1895 et
925 1867 970 1896 de-

172 1912 326 1947 ceptionem
341 1915 434 1939 contra
449 1918 492 1937 me
501 1911 657 1946 composuit
670 1921 677 1939 :
695 1919 712 1939 a
723 1912 888 1940 luctantibus
898 1921 972 1940 sum-

172 1960 216 1992 pta
230 1956 401 1992 metaphora,
420 1955 465 1990 qui
489 1956 695 1990 supplantantes
708 1956 879 1984 adversarios
894 1965 968 1992 suos,

172 2000 238 2028 dum
252 2001 362 2028 illorum
384 1999 542 2027 calcaneum
556 2000 672 2033 calcant,
686 2000 827 2036 dejiciunt.
841 2001 900 2028 Hoc
920 2009 969 2028 au-

171 2048 227 2072 tem
238 2045 339 2072 dicens.
357 2056 369 2068 «
382 2045 443 2071 Non
460 2043 494 2071 de
508 2043 633 2072 omnibus
644 2045 721 2072 vobis
731 2045 791 2072 dico
807 2055 831 2072 :n
851 2053 886 2072 ne
897 2046 970 2073 mul-

171 2089 207 2116 tis
222 2093 354 2116 terrorem
379 2089 506 2122 incutiat,
531 2093 641 2124 separat
664 2089 743 2117 illum
763 2089 921 2124 manifeste,
944 2094 971 2118 et

171 2133 292 2161 ostendit
315 2141 400 2160 unum
422 2141 482 2161 esse
512 2133 565 2161 hoc
587 2138 684 2161 contra
715 2142 745 2162 se
770 2134 968 2169 meditantem;

171 2177 232 2205 ideo
251 2177 329 2212 dicit,
347 2190 359 2202 «ι
374 2178 425 2214 Qui
444 2177 502 2206 edit
514 2186 611 2214 panem
626 2187 746 2206 mecum.
763 2191 776 2203 ν
793 2179 908 2207 Dicente
920 2188 970 2207 au—

174 2226 230 2250 tem
254 2223 388 2256 Domino,
406 2224 487 2258 «Ego
508 2223 563 2251 scio
589 2231 659 2259 quos
679 2224 808 2259 elegerim
839 2233 846 2252 :
872 2236 884 2248 ιι
905 2225 971 2260 quid

1026 1653 1074 1675 σας
1100 1641 1146 1673 τὰς
1177 1639 1261 1673 ἄλλας
1290 1638 1439 1678 εὐεργεσίας
1463 1639 1555 1679 ἀφεὶς,
1584 1638 1614 1672 ἃς
1643 1639 1716 1679 πρὸς
1749 1638 1830 1668 αὐτὸν

1024 1686 1198 1721 ἐπεδείξατο,
1235 1684 1265 1713 τὸ
1306 1684 1424 1723 μάλιστα
1454 1683 1561 1712 πάντων
1601 1683 1698 1712 ἰκανὸν
1742 1681 1833 1722 ἐντρέ-

1024 1732 1072 1772 qm
1103 1730 1200 1767 αὐτὸν,
1231 1732 1306 1758 τοῦτο
1333 1728 1464 1758 τέθεικεν·
1500 1738 1515 1757 (ι
1542 1728 1577 1758 Ὀ
1612 1727 1714 1758 ἐσθίων
1752 1727 1830 1772 ἄρτον

1025 1770 1086 1813 μου,
1109 1787 1124 1805 n
1143 1777 1157 1804 ὁ
1172 1776 1237 1814 παρ’
1254 1775 1318 1812 ἐμοῦ
1337 1773 1515 1814 τρεφόμενος,
1534 1775 1548 1802 6
1572 1774 1628 1811 μετ’
1644 1773 1714 1811 ἐμοῦ
1731 1770 1833 1813 τραπέο

1025 1821 1068 1856 ζης
1098 1818 1260 1856 ἀπολαύων,
1290 1818 1304 1848 ὃ
1327 1818 1374 1848 καὶ
1403 1817 1464 1852 τοὺς
1487 1817 1594 1858 ἐχθροὺς
1621 1815 1828 1848 καταδυσωπεῖ.

1025 1865 1079 1895 Καὶ
1108 1866 1155 1894 οὖκ
1176 1860 1270 1900 εἶπεν,
1294 1862 1334 1892 ὅτι
1361 1859 1445 1896 Οὗτος
1473 1862 1641 1902 παραδίδωσί
1665 1875 1720 1899 με,
1756 1860 1827 1895 ἀλλ’,

1029 1921 1043 1938 (ι
1061 1905 1144 1948 Ἦρεν
1160 1909 1200 1938 ἐπ’
1216 1908 1263 1947 ἐμὲ
1290 1908 1449 1947 πτερνισμόν
1459 1919 1466 1926 ·
1482 1919 1496 1936 ι)
1516 1907 1658 1945 τουτέστι,
1677 1907 1767 1937 Δόλον
1783 1904 1828 1934 καὶ

1026 1955 1131 1989 ἀπάτην
1160 1953 1219 1982 κατ’
1243 1954 1308 1991 ἐμοῦ
1337 1952 1496 1987 συνέθηκεν·
1528 1953 1558 1981 ἔκ
1591 1956 1751 1992 μεταφορᾶς
1775 1952 1827 1979 τῶν

1024 1998 1190 2027 παλαιόντων
1202 2020 1210 2033 ,
1225 1997 1251 2026 οἳ
1267 1996 1480 2031 ὑποσκελίζοντες
1494 1996 1552 2030 τοὺς
1571 1997 1806 2028 ἀντιπαλαίοντας
1819 2015 1828 2030 ,

1025 2043 1068 2073 διὰ
1083 2046 1127 2072 τοῦ
1143 2042 1189 2075 τὰς
1203 2042 1315 2081 πτέρνας
1331 2043 1417 2070 αὐτῶν
1441 2043 1536 2070 πατεῖν
1550 2065 1558 2079 ,
1586 2041 1820 2071 καταϐάλλουσιν.

1027 2086 1118 2118 Εἰπὼν
1134 2087 1161 2116 δὲ
1176 2086 1214 2123 τὸ,
1234 2098 1248 2115 ιι
1261 2088 1301 2116 Οὖ
1318 2086 1377 2126 περὶ
1393 2085 1498 2114 πάντων
1519 2088 1592 2124 ὑμῶν
1604 2086 1685 2124 λέγω,
1699 2097 1714 2114 n
1732 2085 1777 2113 ἵνα
1790 2081 1826 2122 μὴ

1025 2134 1061 2165 εἰς
1073 2131 1186 2164 πολλοὺς
1210 2130 1358 2171 περιστήσῃ
1380 2130 1409 2159 τὸ
1425 2130 1491 2169 δέος,
1509 2131 1649 2170 ἁποσχίζει
1673 2129 1754 2160 αὐτὸν
1768 2140 1824 2169 φα-

1024 2179 1115 2217 νερῶς,
1132 2176 1177 2206 καὶ
1201 2175 1324 2212 δεικνύει,
1341 2175 1381 2204 ὅτι
1406 2170 1441 2208 εἶς
1465 2177 1536 2204 ἐστιν
1562 2177 1576 2204 ὁ
1601 2175 1660 2204 κατ’
1676 2176 1762 2204 αὐτοῦ
1779 2184 1824 2211 με·

1025 2223 1125 2251 λετῶν·
1141 2221 1180 2250 διὸ
1199 2220 1271 2259 λέγει
1282 2232 1289 2239 ·
1312 2231 1326 2250 (ι
1343 2219 1378 2250 Ὁ
1396 2219 1488 2249 ἐσθίων
1512 2220 1589 2260 ἄρτον
1606 2231 1667 2258 μου.
1684 2231 1698 2249 ι)
1721 2217 1820 2248 Εἰπόν-

170 2266 335 2295 dicemusde
345 2267 434 2296 Juda?
445 2269 544 2295 Nonne
556 2268 633 2295 illum
645 2268 742 2304 elegit?
756 2268 843 2305 Elegit
857 2259 968 2305 quidem

1029 2278 1066 2300 τος
1082 2266 1109 2295 δὲ
1124 2268 1171 2295 τοῦ
1187 2267 1288 2302 Ἰησοῦ,
1317 2265 1419 2303 «Ἐγὼ
1440 2259 1497 2307 έῖδα
1515 2259 1559 2297 οὒς
1572 2264 1745 2302 ἐξελεξάμην,
1760 2273 1775 2291 »
1796 2260 1822 2290 τί

170 2319 233 2339 eum
247 2320 310 2340 cum
328 2313 416 2340 bonus
440 2317 522 2346 esset,
537 2313 608 2340 sicut
623 2318 650 2341 et
664 2313 725 2340 Saul
743 2312 766 2330 ³⁸
782 2323 788 2341 :
814 2314 862 2342 sed
875 2318 966 2342 muta-

171 2361 215 2384 tus
226 2361 275 2391 est,
292 2357 348 2392 ipse
363 2357 440 2385 liberi
465 2358 598 2385 exsistens
615 2357 732 2386 arbitrii.
757 2359 896 2386 Permittit
920 2367 968 2386 au-

171 2406 229 2429 tem
251 2402 400 2438 unicuique
422 2402 574 2430 secundum
600 2403 675 2439 quod
700 2403 757 2430 vult
776 2404 896 2439 operari;
911 2411 967 2431 non

170 2447 245 2474 enim
268 2446 357 2474 aufert
384 2446 500 2475 liberum
525 2448 677 2476 arbitrium.
705 2449 843 2476 Mutatum
876 2453 967 2477 autem

170 2491 274 2519 Judam
288 2491 399 2527 repulit,
414 2492 497 2528 691
515 2493 642 2528 quamvis
660 2493 735 2528 prius
755 2493 890 2529 elegisset.
912 2494 969 2522 Ca:-

171 2540 262 2563 tcrum
281 2535 348 2564 dum
380 2536 455 2570 dicit,
483 2548 495 2561 αι
511 2541 543 2564 ut
562 2537 703 2572 Scriptura
725 2538 889 2574 impleatur:
906 2549 919 2562 ιι
935 2537 970 2566 ita

169 2581 289 2617 intellige
310 2582 383 2609 sicut
404 2581 505 2609 similia
518 2582 569 2609 alia
587 2581 620 2610 de
640 2582 740 2618 quibus
753 2590 826 2618 saepe
841 2583 969 2611 diximus.

169 2627 264 2662 Neque
286 2626 361 2654 enim
379 2631 492 2662 propter
511 2626 564 2654 hoc
583 2631 697 2655 coactus
722 2626 775 2655 fuit
802 2628 887 2655 Judas
912 2636 972 2663 pro-

168 2671 244 2706 dere,
269 2675 300 2698 ut
324 2675 474 2707 appareant
497 2671 554 2699 veri
588 2679 731 2700 sermones
764 2672 923 2708 Scripturze,
944 2672 972 2700 id

168 2716 242 2752 quod
268 2716 344 2744 omni
375 2716 547 2753 blasphemia
568 2717 698 2753 plenum;
723 2716 772 2745 sed
799 2718 830 2746 ut
852 2717 974 2745 sciamus

206 2791 228 2808 ³⁸
244 2794 254 2820 ι
270 2794 336 2829 Reg.
351 2801 395 2827 ιχ,
407 2796 431 2821 2.

1024 2310 1141 2350 φήσομεν
1162 2309 1222 2349 περὶ
1239 2314 1284 2339 τοῦ
1309 2309 1398 2339 Ἰούδα
1410 2319 1426 2350 ζ,
1442 2304 1500 2348 ’Ἆρ’
1513 2309 1573 2348 οὐχὶ
1597 2309 1643 2338 καὶ
1667 2308 1749 2338 αὐτὸν
1775 2306 1817 2340 ἐξ-

1023 2349 1129 2389 ελέξατο
1138 2365 1146 2393 ;
1162 2354 1318 2389 Ἐξελέξατο
1334 2354 1381 2393 μέν
1397 2349 1442 2383 οὖν
1459 2354 1540 2382 καλὸν
1556 2353 1620 2383 ὄντα
1630 2378 1637 2390 ,
1661 2355 1697 2387 ὡς
1713 2352 1760 2382 καὶ
1774 2350 1817 2379 τὸν

1024 2400 1128 2430 Σαούλ·
1147 2399 1216 2430 ἀλλὰ
1231 2398 1391 2438 ξμετεϐλήθη
1403 2410 1409 2416 ·
1436 2398 1598 2433 αὖτεξούσιος
1619 2398 1688 2438 γάρ·
1712 2406 1819 2436 συγχω-

1026 2449 1064 2484 ρεῖ
1089 2444 1116 2474 δὲ
1142 2445 1265 2484 ἑκάστῳ,
1291 2443 1359 2473 καθὰ
1386 2443 1517 2482 βούλεται,
1554 2443 1689 2483 πράττειν·
1714 2442 1744 2472 οὐ
1768 2439 1818 2479 γὰρ

1025 2491 1127 2529 ἀναιρεῖ
1140 2489 1170 2518 τὸ
1186 2488 1364 2522 αὐτεξούσιον.
1385 2487 1593 2523 Μεταϐληθέντα
1609 2487 1636 2517 δὲ
1657 2487 1702 2517 τὸν
1718 2485 1819 2516 Ἰούδαν

1027 2534 1175 2569 ἀπώσατο,
1199 2535 1222 2562 εἷ
1247 2533 1292 2562 καὶ
1316 2532 1377 2572 πρὶν
1403 2531 1546 2566 ἐξελέξατο.
1569 2532 1610 2562 Τὸ
1626 2532 1672 2568 δὲ,
1692 2543 1706 2561 ιι
1726 2529 1786 2560 Ἵνα
1800 2529 1816 2562 ἡ

1027 2581 1048 2609 Γ
1051 2579 1120 2620 ραφὴ
1142 2579 1287 2620 πληριυθῇ,
1318 2587 1332 2605 ιι
1354 2576 1423 2606 οὕτω
1439 2576 1500 2614 νόει,
1515 2579 1551 2611 ὡς
1572 2577 1616 2606 καὶ
1639 2576 1673 2606 τὰ
1698 2576 1766 2605 ἄλλα
1787 2571 1818 2602 τὰ

1026 2618 1105 2662 ὅμοια
1118 2646 1126 2660 ,
1141 2622 1202 2662 περὶ
1217 2618 1253 2651 ὧν
1269 2622 1397 2655 πολλάκις
1412 2621 1533 2660 εἴπομεν.
1551 2623 1592 2652 Οὐ
1609 2621 1661 2661 γὰρ
1687 2620 1730 2651 διὰ
1744 2621 1819 2649 τοῦτο

1028 2667 1181 2707 ἠναγκάσθη
1218 2669 1231 2696 ὁ
1255 2666 1357 2700 Ἰούδας
1389 2667 1551 2707 προδοῦναι,
1579 2668 1622 2696 διὰ
1651 2666 1681 2695 τὸ
1708 2665 1818 2706 φανῆναι

1028 2712 1134 2748 ἀληθεῖς
1159 2711 1218 2746 τοὺς
1233 2711 1325 2750 λόγους
1349 2713 1395 2747 τῆς
1420 2712 1528 2752 Γραφῆς
1542 2712 1552 2752 (
1565 2713 1642 2741 τοῦτο
1658 2711 1709 2750 γὰρ
1732 2707 1815 2742 πάσης
