1922 3077
85 155 151 182 15⁸7

482 152 678 181 ENARRATIO
698 153 732 181 IN
750 152 966 181 EVANGELIUM
984 153 1134 182 JOANNIS.
1153 169 1189 176 —
1209 156 1284 184 CAP.
1304 157 1369 185 XIII.

1694 160 1744 188 I58

84 216 272 270 βλασφημίας
299 215 478 270 ἀνάμεστον),
494 216 555 246 ἀλλ’
572 215 615 245 ἵνα
640 217 764 270 γνῶμεν]
779 215 818 245 ὅτι
834 228 883 254 περ

951 216 1025 252 quod
1038 216 1073 270 de
1087 216 1141 268 hoc
1159 217 1259 246 dixerit
1273 219 1414 255 Scriptura
1435 227 1518 256 quem
1533 221 1660 250 videmus
1672 230 1745 250 nunc

81 262 188 292 τούτου
204 260 277 291 εἶπεν
301 264 317 298 ἡ
333 263 355 292 Γ
358 260 446 302 ραφὴ,
464 260 492 290 ὃν
516 262 619 301 ὁρῶμεν
633 264 678 290 νῦν
692 260 723 290 τὸ
745 261 820 300 ἔργον
847 272 889 290 τε-

81 307 221 337 λέσαντα.
238 308 336 336 Ταῦτα
361 306 388 336 δὲ
405 305 509 342 πάντα,
533 306 607 346 φησὶ,
632 305 753 345 προλέγω
769 304 829 346 περὶ
847 307 892 334 τοῦ

82 351 233 391 προδότου,
251 362 265 380 (ι
279 351 323 380 ἵνα
343 350 406 380 ὅταν
432 351 557 389 γένηται,
583 350 760 388 πιστεύσητε,
783 349 824 380 ὅτι
839 350 893 390 ἐγώ

83 397 150 434 εἶμι
161 408 167 414 -
187 407 202 425 ε
220 395 366 434 τουτέστιν,
383 394 425 424 ὅτι
440 394 572 431 ἀληθεύω.

135 452 152 469 α
177 441 274 479 Ἀμὴν,
292 439 364 479 ἀμὴν
379 439 449 479 λέγω
464 441 544 478 ὑμῖν,
560 441 575 469 ὁ
588 439 749 478 λαμϐάνων,
768 439 815 469 ἐάν
831 451 893 469 τινα

83 485 196 526 πέμψω
207 509 216 523 ,
235 484 282 523 ἐμὲ
305 485 452 524 λαμϐάνει·
468 486 482 513 ὁ
497 484 525 514 δὲ
550 483 597 523 ἐμὲ
613 484 758 522 λαμϐάνων
782 485 892 523 λαμὸάο

82 542 129 559 νει
155 530 200 560 τὸν
225 529 370 570 πέμψαντά
393 541 437 568 με.
462 541 476 559 ι)
507 529 579 559 Ποία
602 529 744 558 ἀκολουθία
771 529 836 569 πρὸς
859 529 893 559 τὰ

82 574 241 615 ἔμπροσθεν
264 574 365 608 τούτοις
396 578 450 607 τοῖς
486 576 531 603 νῦν
569 573 734 612 λεγομένοις
765 575 814 604 Ἐν
840 573 893 615 ὅσῳ

81 619 143 659 γὰρ
165 618 288 658 περὶτοῦ
303 617 432 658 προδότου
449 618 532 658 ἔλεγε,
559 618 652 657 ἐπάγει
664 629 671 637 ο
701 629 715 646 (ι
733 618 767 648 Ὀ
783 619 893 658 λαμϐά-

81 675 157 701 νων,
175 663 221 693 ἐάν
235 675 294 693 τινα
309 663 422 703 πέμψω,
435 662 482 700 ἐμὲ
497 662 642 700 λαμϐάνει.
665 674 679 692 ι)
698 663 824 702 Μεγίστη
844 663 892 702 μὲν

81 704 136 737 οἷν
153 708 309 738 ἀκολουθία.
328 708 441 744 Ἐπειδὴ
466 707 519 747 γὰρ
535 702 593 737 εἶπε
615 708 676 747 περὶ
692 711 736 737 τοῦ
761 708 893 748 προδοθή-

84 755 197 789 σεσθαι,
225 753 271 782 καὶ
303 755 348 782 τοῦ
377 753 483 791 μέλλειν
508 752 700 792 ἐγκαταλιπεῖν
722 753 817 786 αὐτοὺς
841 753 894 783 διε-

82 797 175 838 λέχθη
185 820 194 834 ,
211 797 323 835 ἔμελλον
339 797 365 826 δὲ
381 797 485 836 ἐξιέναιξ
495 797 598 836 λοιπὸν,
615 797 662 826 καὶ
683 799 872 838 σκορπίζισθαι
882 821 890 834 ,

85 843 138 872 καὶ
155 842 244 872 πολλὰ
259 842 373 882 πάσχειν
389 841 475 871 δεινά·
500 842 558 872 δυσὶ
572 841 677 881 τρόποις
692 842 784 876 αὐτοὺς
804 855 893 883 παρα-

946 269 1017 298 opus
1030 261 1183 291 admisisse.
1200 263 1270 291 Haec
1285 267 1378 291 autem
1395 265 1500 300 omnia,
1511 265 1609 302 inquit,
1621 266 1744 302 praedico

945 305 979 334 de
994 306 1146 342 proditore,
1164 319 1176 331 ιι
1193 312 1223 336 ut
1234 316 1298 336 cum
1313 307 1415 337 factum
1429 309 1521 344 fuerit,
1543 310 1660 340 credatis
1668 311 1744 348 quod

946 358 996 387 ego
1004 351 1066 386 sim,
1085 364 1097 376 ιι
1113 352 1165 380 hoc
1175 356 1226 385 est,
1240 352 1316 389 quod
1329 361 1391 382 vera
1404 353 1505 383 dicam.

982 433 1074 460 Vsus.
1091 435 1135 460 20.
1153 445 1165 457 α
1180 434 1280 467 Amen,
1296 441 1378 462 amen
1391 433 1452 462 dico
1471 433 1565 462 vobis:
1581 434 1635 470 Qui
1648 437 1745 473 recipit

946 485 1137 514 quemcunque
1150 486 1201 513 ego
1215 479 1326 513 misero,
1342 487 1385 507 me
1400 479 1496 515 recipit
1510 489 1516 507 :
1532 480 1579 516 qui
1592 484 1686 509 autem
1698 489 1744 510 mc

947 522 1050 558 recipit,
1070 523 1165 558 recipit
1191 531 1258 551 eum
1279 524 1324 560 qui
1345 524 1422 552 misit
1443 532 1500 552 me.
1527 536 1538 548 ιι
1555 526 1623 560 Quae
1646 533 1743 555 conse-

946 568 1057 603 quentia
1080 567 1204 603 priorum
1226 568 1262 596 ad
1280 576 1311 596 ea
1336 576 1397 605 qua:
1416 577 1492 597 nunc
1517 569 1661 599 dicuntur?
1683 579 1744 607 quae

945 612 1038 640 subdit
1062 613 1186 640 sermoni
1210 613 1243 641 de
1262 613 1411 649 proditore,
1429 624 1444 640 α
1459 614 1513 649 Qui
1532 615 1626 651 recipit
1648 624 1743 652 quem-

946 665 1053 693 cunque
1068 665 1118 693 ego
1132 657 1245 691 misero,
1256 665 1302 686 me
1314 659 1420 694 recipit.
1433 671 1446 684 ν
1459 659 1540 687 Certe
1550 660 1670 689 maxima
1680 669 1745 690 con-

945 702 1095 738 sequentia.
1116 702 1186 737 Quia
1201 703 1277 730 enim
1298 703 1403 731 dictum
1424 707 1483 731 erat
1494 703 1568 740 quod
1587 705 1744 740 prodendus

946 751 973 774 et
987 746 1165 775 derelicturus
1187 751 1259 776 esset
1281 755 1339 780 eos,
1365 752 1392 776 et
1409 748 1468 784 jam
1493 750 1625 784 egressuri
1653 755 1744 779 essent

945 791 1128 827 dispergendi,
1144 795 1171 820 et
1181 792 1262 820 variis
1273 792 1350 821 malis
1365 792 1516 828 afﬂigendi,
1529 792 1639 822 duobus
1652 795 1743 825 modis

944 836 1050 865 solatur
1061 844 1109 865 eos
1125 844 1132 862 :
1155 841 1182 864 et
1205 845 1219 864 a
1239 845 1278 869 se,
1301 837 1449 865 ostendens
1473 838 1511 865 eis
1530 846 1594 873 quae
1607 839 1665 876 ipse
1678 848 1740 876 pas-

86 887 230 926 μυθεῖται·
266 886 306 916 ἑνὶ
330 881 378 925 μὲν
401 887 439 927 τῷ
463 887 526 926 παρ’
550 888 655 917 ἑαυτοῦ.
684 886 819 922 Ὑπέδειξε
843 881 883 927 γὰι

948 889 1028 910 surus
1039 881 1076 910 sit
1087 886 1115 910 et
1125 889 1187 918 quae
1202 882 1335 918 proditori
1349 882 1455 917 fecerit,
1466 882 1529 911 lotis
1543 884 1602 920 ejus
1617 885 1741 920 pedibus,

87 932 184 965 αὐτοῖς
207 932 225 961 ἅ
250 943 279 961 τε
307 931 385 965 αὐτὸς
407 933 500 960 παθεῖν
528 931 631 970 μέλλει,
658 931 736 961 καὶᾶ
760 932 824 972 πρὸς
846 932 891 962 τὸν

85 976 224 1016 προῶτην
240 975 348 1012 ἐποίησε
358 999 366 1011 ,
384 975 460 1015 νίψας
476 977 556 1005 αὐτοῦ
577 975 636 1009 τοὺς
653 977 735 1009 πόδας
746 999 754 1013 ,
777 976 822 1006 καὶ
837 988 891 1006 κοι-

86 1021 175 1050 νωνὸν
187 1020 321 1060 τραπέζης
340 1020 472 1058 ἑλόμενος.
487 1021 520 1050 Εἰ
537 1020 589 1060 γὰρ
606 1023 689 1050 ταῦτα
706 1022 890 1060 ἐνθυμηθεῖεν,

85 1065 199 1099 πάντως
215 1065 317 1095 οἴσουσι
333 1064 421 1094 πάντα
436 1064 469 1094 τὰ
492 1065 564 1094 δεινὰ
579 1065 687 1105 ῥαδίως.
714 1061 761 1099 Εἷς
781 1065 828 1104 μὲν
845 1061 890 1095 οὖν

85 1105 165 1143 οὗτος
186 1110 299 1150 τρόπος,
317 1109 350 1139 δι’
373 1105 408 1139 ὧν
423 1121 452 1139 τε
472 1109 581 1151 ἐποίησε
593 1132 602 1148 ,
621 1111 665 1140 τὸν
690 1110 784 1151 ἐχθρὸν
809 1112 890 1140 αὑτοῦ

86 1154 155 1194 ἄχρι
180 1155 272 1188 τέλους
292 1153 474 1194 θεραπεύσας,
503 1155 536 1183 δι’
559 1149 595 1183 ὧν
619 1166 648 1184 τε
673 1149 767 1192 ἔμελλε
794 1158 888 1185 παθεῖν

85 1199 332 1238 παραμυθουμένου
351 1198 446 1232 αὐτοὺς
457 1201 503 1228 τοῦ
520 1199 630 1238 Κυρίου,
648 1198 763 1238 εΈτερος
785 1199 812 1228 δὲ
827 1200 890 1240 τρό-

85 1254 140 1276 πος
165 1245 195 1273 ἔκ
211 1247 256 1273 τοῦ
278 1243 325 1277 τὰς
349 1244 456 1273 πάντων
484 1244 571 1277 αὐτοῖς
596 1243 680 1277 οἰκίας
702 1243 818 1280 ἀνοῖξαι,
843 1244 889 1274 καὶ

86 1288 302 1326 ἐπαγγείλασθαι
327 1290 434 1324 αὐτοῖς,
450 1288 491 1317 ὅτι
511 1288 611 1322 πάντες
635 1288 729 1322 αὐτοὺς
749 1289 889 1323 ὑποδέξον-

86 1345 144 1370 ται,
155 1334 180 1363 οἳ
197 1336 243 1362 τοῦ
262 1333 341 1372 λόγου
355 1333 443 1363 αὐτῶν
458 1333 629 1366 ἀκούσαντες.
674 1333 759 1374 Ὁρᾷς
775 1335 888 1364 ἀκολου-

86 1378 148 1408 θίαν
164 1382 218 1411 τοῖς
232 1380 279 1407 νῦν
289 1377 440 1417 λεγομένοις
453 1377 519 1418 πρὸς
533 1378 566 1406 τὰ
586 1378 638 1418 πρὸ
662 1378 766 1414 ebrii»;
783 1378 889 1418 Ἐμελ-

84 1422 133 1451 λεν
150 1422 245 1456 αὖτοὺς
256 1423 457 1463 ἐγκαταλιπεῖν,
474 1423 586 1461 ἔμελλον
601 1422 680 1462 μυρία
703 1423 796 1452 παθεῖν
818 1425 888 1454 κακὰ

85 1467 136 1497 καὶ
165 1467 255 1496 δεινά·
284 1467 493 1508 παρεμυθήσατο
519 1467 614 1500 αὖτοὺς
639 1468 679 1507 τῷ
704 1469 764 1496 καθ’
795 1469 887 1498 ἑαυτὸν

947 926 981 954 ad
991 934 1171 955 communem
1188 935 1313 954 mensam
1324 927 1447 955 admisso
1464 936 1471 955 :
1487 936 1554 956 nam
1566 929 1588 957 si
1601 929 1660 958 haec
1669 931 1742 967 cogi-

946 971 1070 1005 taverim,
1090 971 1202 1000 omnino
1221 971 1312 1007 gravia
1327 972 1421 1000 omnia
1444 972 1522 1000 facile
1540 972 1637 1002 ferent.
1657 975 1743 1010 Igitur

945 1015 989 1044 hic
1004 1024 1076 1044 unus
1092 1016 1201 1052 quidem
1214 1016 1371 1044 consolandi
1390 1016 1500 1050 modus,
1515 1025 1565 1053 per
1585 1026 1615 1046 ea
1631 1027 1694 1056 quae
1706 1019 1742 1048 l'e-

944 1065 1019 1089 cerat
1031 1061 1140 1089 inimico
1160 1069 1210 1089 suo
1225 1069 1311 1097 usque
1327 1061 1363 1090 ad
1383 1061 1478 1096 ﬁnem,
1494 1066 1522 1090 et
1537 1071 1600 1099 quae
1613 1071 1742 1099 passurus

945 1110 1012 1135 erat.
1030 1106 1108 1134 Alter
1118 1110 1211 1134 autem
1227 1106 1325 1134 modus
1337 1114 1373 1134 ex
1386 1113 1419 1135 eo
1434 1107 1508 1143 quod
1526 1109 1663 1143 promittit
1679 1116 1741 1138 om-

942 1151 1021 1179 nium
1033 1150 1134 1179 domos
1144 1151 1198 1179 illis
1213 1151 1319 1179 futuras
1335 1156 1452 1188 apertas,
1463 1156 1491 1180 et
1506 1153 1691 1189 suscipiendos
1706 1154 1741 1183 ab

944 1196 1071 1224 omnibus
1095 1196 1142 1232 qui
1165 1203 1321 1224 sermonem
1349 1204 1446 1224 eorum
1469 1197 1631 1226 audiverint.
1661 1199 1742 1228 Vides

943 1248 1019 1270 nunc
1030 1240 1171 1277 quomodo
1181 1240 1240 1269 haec
1253 1240 1385 1276 superiori
1398 1241 1572 1271 cohaereant?
1584 1243 1742 1272 Relicturus

944 1290 1003 1313 erat
1014 1285 1084 1319 illos,
1106 1285 1249 1313 innumera
1264 1285 1335 1313 mala
1352 1286 1456 1321 passuri
1472 1290 1549 1314 erant
1562 1297 1568 1315 :
1584 1288 1741 1316 consolatus

943 1334 984 1358 est
1002 1338 1048 1358 eos
1069 1338 1120 1358 suo
1141 1331 1277 1366 exemplo,
1291 1330 1452 1366 prodendus
1474 1339 1488 1359 ιι
1503 1331 1647 1368 discipulo,
1663 1333 1741 1369 cujus

943 1375 1045 1403 laverat
1064 1375 1156 1411 pedes.
1177 1374 1288 1403 Solatur
1310 1375 1393 1403 etiam
1417 1376 1593 1412 praedicendo
1617 1377 1656 1405 eis
1667 1377 1742 1413 quod

943 1425 971 1448 et
986 1420 1036 1456 ipsi
1047 1420 1133 1448 multa
1147 1420 1216 1447 mala
1232 1421 1350 1456 passuri,
1362 1420 1410 1448 sed
1423 1428 1519 1448 omnes
1529 1421 1590 1449 illos
1602 1423 1741 1458 excepturi

942 1469 1033 1494 essent
1053 1475 1059 1492 :
1081 1469 1108 1492 et
1127 1464 1200 1498 dicit,
1219 1476 1231 1488 ι
1247 1465 1299 1499 Qui
1315 1465 1414 1500 recipit
1430 1473 1487 1499 vos,
1502 1473 1547 1493 me
1562 1466 1667 1502 recipit,
1684 1478 1697 1491 υ
1713 1470 1741 1495 et

86 1511 285 1551 ὕποδείγματι,
320 1511 530 1552 προδοθήσεσθαι
558 1512 606 1550 μὲν
627 1511 731 1550 μέλλων
760 1512 812 1542 ὑπὸ
839 1516 883 1543 τοῖ

947 1514 1054 1546 propter
1067 1517 1111 1537 mc
1131 1511 1220 1537 Deum
1235 1513 1261 1536 et
1281 1510 1399 1537 Patrem.
1415 1510 1531 1538 Attende
1544 1511 1740 1540 consolationis

87 1560 214 1595 μαθητοῦ
226 1579 235 1593 ,
255 1556 355 1586 νίπτων
373 1556 400 1586 δὲ
424 1559 535 1593 τοῦτον,
558 1557 651 1590 αὐτοὺς
673 1560 886 1596 παραμυθεῖται,

86 1601 135 1630 καὶ
149 1603 189 1640 τῷ
207 1601 343 1641 προειπεῖν
357 1602 459 1638 αὐτοῖς,
482 1600 523 1630 ὅτι
538 1602 560 1630 εἰ
575 1600 621 1630 καὶ
644 1602 731 1631 πολλὰ
752 1602 889 1633 πείσονται

85 1645 172 1682 δεινὰ,
184 1645 254 1675 ἀλλὰ
267 1645 363 1679 πάντες
373 1645 466 1679 αὐτοὺς
476 1645 658 1680 ὑποδέξονται.
704 1656 719 1675 α
732 1645 766 1676 Ὁ
779 1647 888 1686 λαμϐά-

942 1563 1038 1592 genus.
1060 1554 1134 1583 Sicut
1157 1556 1246 1582 Deum
1265 1554 1364 1590 ipsmn,
1381 1555 1482 1590 inquit,
1497 1555 1523 1582 in
1539 1555 1643 1583 honore
1658 1556 1740 1585 habe-

943 1601 1012 1629 bunt
1026 1608 1074 1628 vos
1094 1599 1232 1633 homines,
1254 1603 1335 1636 atque
1349 1600 1386 1628 ita
1400 1604 1512 1636 propter
1531 1605 1739 1636 persecutorum

942 1646 1062 1674 malitias
1075 1652 1109 1672 ne
1124 1643 1272 1673 maneatis.

84 1703 140 1720 νων
154 1701 171 1720 n
191 1689 256 1730 γὰρ’,
278 1690 376 1731 φησὶν,
405 1702 419 1720 (ι
435 1692 518 1729 ὑμᾶς,
534 1690 581 1729 ἐμὲ
606 1690 755 1731 λαμϐάνει⁷
770 1703 784 1721 ι)
808 1692 855 1722 καὶ
871 1693 904 1722 δι’
926 1694 1007 1731 ἐμοῦ,
1030 1690 1073 1720 τὸν
1096 1690 1164 1719 Θεὸν
1186 1689 1232 1719 καὶ
1248 1689 1370 1730 Πατέρα.
1391 1689 1492 1720 Σκόπει
1513 1691 1685 1731 παραμυθίας
1699 1686 1739 1720 εἶ-

86 1736 144 1768 δος.
188 1735 237 1770 Ὡς
256 1736 298 1766 τὸν
314 1736 383 1766 Θεὸν
404 1736 494 1772 αὐτὸν,
514 1735 593 1776 φησὶ,
615 1735 769 1774 τιμήσουσιν
796 1738 864 1776 ὑμᾶς
890 1739 913 1768 οἱ
938 1738 1085 1777 ἄνθρωπον
1101 1734 1171 1765 ὥστε
1196 1734 1234 1772 μὴ
1258 1735 1383 1774 ἀθυμεῖτε
1405 1734 1449 1764 διὰ
1471 1735 1517 1770 τὰς
1543 1737 1595 1765 τῶν
1620 1736 1739 1766 διωκτιῖῑν

85 1791 195 1814 κακιας.

135 1837 150 1854 ιι
167 1826 259 1855 Ταῦτα
276 1824 356 1855 εἰπὼν
367 1827 381 1854 ὁ
395 1824 498 1866 Ἰησοῦς
508 1849 514 1861 ,
531 1825 668 1865 ἐταράχθη
684 1827 721 1865 τῷ
735 1826 885 1866 πνεύματι,

84 1870 134 1899 καὶ
156 1869 338 1910 ἐμαρτύρησε,
354 1870 398 1899 καὶ
409 1865 481 1900 εἶπεν
492 1882 498 1889 '
516 1869 599 1909 Ἀμὴν
610 1893 618 1906 ,
634 1870 706 1908 ἀμὴν
721 1870 790 1909 λέγω
807 1865 885 1910 ὑμῖν,

84 1915 128 1944 ὅτι
145 1910 181 1948 εἶς
195 1914 221 1949 ἐξ
233 1916 306 1953 ὑμῶν
321 1914 473 1954 παραδώσει
487 1926 532 1953 με.
575 1915 713 1945 Ἐϐλετιον
725 1910 770 1944 οὖν
786 1917 823 1950 εἰς
837 1917 885 1945 ἃλ-

84 1959 187 1995 λήλους
200 1960 224 1988 οἱ
240 1959 376 1997 μαθηταὶ,
404 1959 582 2000 ἀπορούμενοι
604 1960 664 1999 περὶ
686 1959 754 1994 τίνος
768 1961 850 2000 λέγει.
869 1972 885 1990 ε

85 2004 235 2040 Ἐννο-ήσας
259 2006 273 2033 ὁ
292 2003 407 2044 Κύριος,
433 2004 472 2033 ὅτι
495 2005 509 2034 ὃ
532 2004 661 2045 προδότης
676 2005 807 2045 ἑκατέρων
830 2007 883 2035 οἷπ-

85 2049 240 2089 εστέρηται,
265 2048 310 2078 καὶ
334 2051 379 2084 τῆς
393 2049 420 2078 ἐν
442 2053 495 2082 τοῖς
515 2048 602 2082 πόνοις
617 2051 764 2088 ὑπομονῆς,
780 2049 824 2079 καὶ
840 2053 886 2087 τῆς

85 2095 117 2123 ἐκ
151 2095 204 2122 τῶν
234 2093 440 2133 ὑποδεχομένων
468 2093 625 2133 θεραπείας,
654 2093 814 2134 ταράττεται
847 2097 885 2136 τῷ

84 2138 232 2177 πνεύματι,
240 2137 368 2175 τουτέστι,
379 2137 450 2178 λύπῃ
464 2138 590 2177 βάλλεται
600 2138 648 2174 τὴν
659 2139 758 2179 ψυχήν.
806 2151 820 2168 (ι
831 2140 883 2170 Καὶ

85 2183 258 2223 ἐμαρτύρησε
271 2204 279 2218 ,
304 2194 319 2211 n
343 2183 439 2223 φησὶν,
458 2183 516 2212 ἀντὶ
530 2185 592 2220 τοῦ,
608 2185 736 2223 προεῖπε,
753 2195 886 2224 προεμαρ-

977 1831 1066 1858 Vsss.
1084 1831 1129 1863 21,
1144 1831 1187 1856 22.
1205 1839 1217 1852 ιι
1229 1828 1300 1855 Cum
1311 1827 1370 1856 hmc
1383 1827 1496 1856 dixisset
1508 1829 1598 1863 Iesus,
1614 1829 1739 1857 turbatus

941 1879 982 1903 est
995 1874 1102 1910 spiritu,
1118 1877 1145 1901 et
1165 1877 1281 1901 testatus
1295 1877 1348 1906 est,
1367 1872 1490 1909 dixitque
1513 1882 1521 1901 :
1539 1876 1639 1907 Amen,
1656 1882 1737 1902 amen

941 1919 1003 1948 dico
1018 1919 1106 1952 vobis,
1124 1917 1200 1954 quod
1221 1925 1292 1945 unus
1305 1925 1338 1944 ex
1353 1917 1431 1945 vobis
1451 1917 1610 1953 proditurus
1627 1922 1670 1946 est
1682 1927 1736 1947 me.

940 1964 1118 2001 Aspiciebant
1127 1970 1193 1999 ergo
1210 1962 1363 1990 seinvicem
1373 1962 1507 1998 discipuli,
1523 1962 1684 1991 haesitantes
1703 1963 1737 1992 de

941 2017 996 2046 quo
1005 2009 1117 2037 diceret.
1134 2019 1147 2032 ιο
1159 2007 1288 2043 Cogitans
1298 2007 1432 2034 Dominus
1444 2007 1613 2043 proditorem
1623 2012 1738 2044 utroque

943 2053 1119 2090 privandum,
1141 2057 1169 2080 et
1182 2051 1313 2088 patientia
1336 2052 1365 2080 iu
1392 2052 1545 2087 laboribus,
1562 2057 1590 2080 et
1604 2053 1740 2089 excipien-

940 2099 1008 2127 tium
1025 2096 1192 2131 ministerio,
1212 2096 1340 2124 turbatur
1363 2096 1470 2132 spiritu,
1487 2096 1540 2124 hoc
1563 2101 1614 2130 est,
1629 2097 1738 2125 tristitia

939 2142 1120 2178 afﬁcitureius
1126 2142 1228 2169 anima.
1242 2153 1254 2165 α
1267 2142 1300 2168 Et
1309 2144 1421 2169 testatus
1429 2145 1480 2175 est,
1495 2153 1506 2166 ι
1519 2141 1616 2177 inquit,
1625 2141 1677 2169 hoc
1685 2147 1737 2175 est,

940 2187 1076 2224 praedixit,
1089 2190 1237 2214 attestatus
1249 2190 1302 2220 est,
1316 2185 1476 2214 afﬁrmavit.
1491 2197 1502 2210 ιι
1517 2186 1604 2221 Igitur
1615 2186 1737 2222 discipuli

86 2227 200 2267 τύρατο,
215 2226 379 2268 ἀπεφήνατο.
404 2239 418 2256 α
438 2229 474 2258 Οἱ
489 2226 576 2257 τοίνυν
591 2228 710 2266 μαθηταὶ
734 2229 883 2268 ἀπορούμε-

947 2233 1108 2266 imitantes,
1123 2231 1291 2267 aspiciebant
1305 2238 1334 2258 se
1350 2230 1465 2258 invicem
1483 2239 1490 2258 :
1506 2243 1519 2255 υ
1534 2239 1598 2258 nam
1614 2232 1738 2267 quamvis

85 2283 141 2308 νοι,
155 2271 268 2302 ἔϐλεπον
283 2273 320 2306 εἰς
332 2271 471 2308 ἀλλήλους.
486 2283 501 2301 ι)
550 2273 583 2302 Εἰ
596 2272 647 2312 γὰρ
657 2272 703 2302 καὶ
718 2272 828 2306 ἕκαστος
840 2275 885 2302 αὖ‹

86 2318 140 2346 τῶν
166 2316 335 2356 καθαρότητα
356 2317 462 2357 συνῄδει
489 2318 591 2357 ἑαυτῷ,
613 2318 658 2346 καὶ
680 2318 752 2348 οὐδὲν
770 2318 883 2358 πονηρὸν

86 2363 146 2394 ταῖς
165 2363 265 2390 ἑαυτῶν
290 2361 416 2395 διανοίαις
440 2361 649 2401 συνεγίνωσκον,
676 2361 748 2401 ὅμως
771 2363 815 2392 τὸν
836 2366 883 2393 τοῦ

89 2405 188 2445 Κυρίου
212 2405 289 2446 λόγον
321 2405 530 2446 ἀξιοπιστότερον
561 2409 674 2445 ἡγοῦντο
703 2408 755 2436 τῶν
781 2407 883 2437 οἰκείων

86 2451 219 2481 διανοιῶν.
245 2450 294 2480 Διὸ
308 2450 354 2480 καὶ
376 2452 521 2481 λυποῦνται
538 2451 584 2480 καὶ
601 2451 800 2491 ἐξαποροῧνται.
827 2454 883 2482 Τοῦ

87 2495 217 2536 ἀψευδοῦς
230 2494 282 2535 γὰρ
300 2492 332 2532 ἦν
346 2497 363 2532 ἡ
385 2496 530 2536 ἀπόφασις,
551 2495 584 2532 ἣν
601 2496 761 2532 ἐκϐήσεσθαι
779 2497 884 2532 πάντως

88 2539 233 2570 ἐπίστευον.
276 2539 409 2576 Ἐνόησαν
425 2541 454 2570 δέ
468 2553 534 2574 τινες
549 2541 578 2570 τὸ
588 2564 596 2579 ,
623 2552 637 2570 α
659 2536 695 2575 εἷς
711 2541 737 2576 ἐξ
752 2543 841 2579 ὑμῶν,
865 2553 880 2571 n

87 2584 168 2618 οὕτως
176 2597 182 2603 ·
230 2596 246 2615 α
258 2580 318 2623 Εἷς,
330 2597 344 2615 ι)
362 2585 454 2625 φησὶν,
464 2585 582 2615 ἐκπεσὼν
594 2587 668 2624 ὑμῶν
680 2589 725 2616 τοῦ
733 2589 825 2625 χοροῦ,
839 2587 883 2616 καὶ

93 2640 107 2657 ιι
126 2629 152 2664 ἐξ
164 2631 240 2667 ὑμῶν
252 2641 268 2659 ι›
292 2629 414 2668 ἐξελθὼν,
437 2641 451 2659 (ι
467 2631 622 2672 παραδώσει
638 2643 685 2670 με’
702 2642 717 2660 n
733 2631 823 2672 ὥσπερ
838 2631 883 2661 καὶ

87 2673 126 2712 τὸ,
142 2686 157 2703 ι(
166 2674 234 2706 ’ἰδοὺ
247 2674 352 2714 γέγονεν
367 2674 453 2713 Ἀδὰμ
465 2676 501 2708 ὥς
511 2670 548 2708 εἷς
561 2675 586 2709 ἐξ
600 2677 688 2714 ἡμῶν.
700 2686 715 2705 ὶ)
762 2670 819 2707 Καὶ
832 2675 883 2716 γὰρ

87 2718 222 2748 χὰνταῧθα
236 2719 434 2760 περιεργότερον
449 2719 480 2750 τὸ
495 2719 575 2760 ῥητὸν
590 2720 756 2755 ἐξελάϐοντο.
804 2731 820 2750 α
836 2720 883 2750 Γέ-

121 2817 143 2834 ³⁹
155 2819 228 2847 Gen.
239 2825 284 2853 In,
302 2821 347 2846 22.

939 2277 1040 2313 singuli
1054 2277 1122 2304 bene
1137 2275 1239 2304 conscii
1253 2279 1356 2309 essent,
1371 2275 1405 2303 de
1420 2275 1497 2303 nullo
1511 2276 1585 2303 malo
1607 2280 1737 2311 arguentc

938 2321 1000 2350 illos
1011 2322 1187 2353 conscientia,
1201 2328 1358 2348 sermonem
1373 2324 1464 2348 tamen
1476 2321 1590 2348 Domini
1603 2321 1736 2349 veriorem

937 2367 992 2395 suis
1006 2365 1220 2402 cogitationibus
1241 2365 1445 2398 existimabant,
1461 2365 1534 2393 unde
1546 2369 1573 2393 et
1594 2366 1739 2394 tristantur

937 2419 969 2439 ac
983 2411 1122 2439 haesitant.
1147 2409 1287 2438 Sententia
1302 2409 1376 2438 enim
1402 2414 1461 2437 erat
1474 2410 1532 2446 ejus
1553 2410 1600 2446 qui
1629 2411 1738 2438 mentiri

937 2455 1083 2489 nesciebat,
1095 2463 1176 2491 quam
1185 2455 1297 2482 omnino
1313 2455 1397 2490 692
1405 2459 1563 2483 eventuram
1578 2455 1737 2484 credebant.

937 2500 1133 2528 Intellexeruut
1143 2504 1234 2528 autem
1248 2499 1370 2535 quidam,
1387 2511 1400 2524 ι
1418 2508 1487 2528 unus
1510 2508 1542 2528 ex
1551 2500 1638 2535 vobis,
1652 2512 1664 2524 ιο
1676 2501 1715 2528 sic
1729 2509 1736 2527 :

938 2545 990 2580 Qui
1007 2553 1023 2573 a
1038 2549 1128 2573 vestro
1143 2545 1228 2573 choro
1235 2544 1346 2578 excidit,
1361 2548 1388 2572 et
1400 2545 1526 2572 cavobis
1543 2557 1555 2569 ι»
1567 2545 1644 2581 exiit,
1656 2557 1668 2569 κ
1683 2549 1737 2572 tra-

938 2590 985 2618 det
992 2598 1053 2618 me:
1070 2602 1083 2615 ιι
1097 2590 1167 2618 sicut
1181 2589 1278 2623 ethoc,
1290 2601 1302 2613 π
1317 2591 1389 2618 Ecce
1398 2589 1487 2618 Adam
1500 2589 1587 2618 factus
1597 2594 1638 2617 est
1649 2590 1737 2617 sicut-

938 2643 1010 2663 unus
1024 2643 1058 2663 ex
1081 2635 1161 2663 nobis
1172 2634 1203 2663 ³⁵³.
1221 2647 1234 2659 α
1250 2643 1315 2663 nam
1328 2639 1356 2663 et
1368 2635 1395 2662 in
1410 2643 1442 2662 eo
1458 2635 1517 2662 loco
1543 2634 1678 2661 curiosius
1696 2633 1737 2660 di-

938 2683 1014 2708 ctum
1048 2684 1235 2716 exposuerunt
1264 2690 1271 2708 :
1307 2681 1442 2708 «Factus
1477 2683 1532 2712 est,
1557 2678 1630 2711 dicit,
1667 2677 1736 2704 sicut

937 2732 1009 2753 unus
1020 2725 1067 2761 qui
1079 2733 1112 2753 ex
1132 2724 1237 2761 nobis“:
1253 2725 1360 2758 cecidit,
1376 2724 1428 2752 hoc
1442 2727 1494 2758 est,
1513 2722 1648 2751 diabolus.
1661 2722 1735 2750 Sicut
