1922 3077
177 148 227 175 155

684 149 942 177 THEOPHYLACTI
961 148 1142 176 BULGARIE
1160 147 1320 176 ARCHIEP.

1803 146 1853 173 l56

173 209 226 237 hoc
242 213 293 244 est,
325 217 389 238 cum
415 210 568 239 alacritate.
592 211 722 246 Quamvis
744 213 818 248 quod
846 219 899 249 ego
922 211 969 240 feci

1030 211 1181 252 ὀφείλομεν.
1203 222 1219 240 tt
1238 210 1408 250 ’Υπόδειγμα
1426 209 1479 249 γὰρ
1493 209 1581 239 ἔδωκα
1601 219 1619 238 ))
1650 210 1743 245 ὑμῖν,
1769 219 1785 235 α
1809 207 1853 237 ἵνα

175 255 267 291 majus
279 254 324 289 sit,
340 258 477 291 quatenus
494 263 546 291 ego
567 256 706 284 Dominus
729 264 872 284 servorum
895 257 976 293 pedes

173 298 249 328 lavi:
265 307 315 328 vos
336 303 433 327 autem
458 307 654 328 conservorum
670 301 755 336 pedes
776 301 909 336 lavabitis,
931 306 975 330 at-

173 348 267 372 tamen
290 348 318 372 et
337 344 465 373 doetores
485 345 611 373 videmus
631 346 721 381 pueris
739 346 843 374 litteras
863 347 975 383 elegan-

171 388 256 416 tiores
279 389 474 424 praescribere,
499 393 530 417 ut
551 389 585 418 ad
605 390 787 418 imitationem
815 391 938 427 quamvis
958 400 973 419 a

173 432 254 468 longe
268 434 392 461 veniant.
409 434 569 463 Necessario
583 439 675 463 autem
691 436 830 471 apostolos
842 437 974 464 admonet

173 477 208 506 de
222 477 276 512 his,
290 478 423 514 quoniam
432 479 461 507 in
474 479 577 508 honore
587 484 666 508 erant
681 479 780 515 futuri,
796 481 841 509 alii
857 481 970 517 majore,

173 522 217 551 alii
233 523 354 558 minore,
368 527 400 551 ut
420 531 455 552 ne
470 524 542 552 inter
565 532 594 552 se
617 525 783 553 dissiderent
798 530 825 554 et
847 527 972 562 superbi-

173 571 245 602 rent,
270 568 318 596 sed
339 572 371 596 ut
393 569 518 597 omnium
533 569 655 605 ipsorum
678 571 791 606 spiritus
806 571 971 607 comprime-

173 615 269 640 rentur
283 616 311 640 et
323 612 511 648 dejicerentur.
531 625 544 638 α
567 615 631 642 Νοιι
649 619 691 642 est
704 615 778 643 enim
798 623 892 644 servus
912 624 970 645 ma-

169 657 215 694 jor
236 656 364 692 domino,
375 665 425 686 suo
442 670 455 682 ι
481 659 601 695 quandiu
627 667 721 687 servus
746 664 813 688 est:
842 672 855 684 ι
882 669 972 697 neque

172 703 312 738 apostolus
337 703 378 731 vel
400 703 504 740 legatus
518 711 551 732 eo
565 704 611 740 qui
624 705 732 741 legavit,
755 716 768 730 π
785 705 908 741 quandiu
929 711 972 734 est

172 747 278 783 legatus
291 756 298 774 :
314 747 426 784 quando
447 752 540 777 autem
554 749 643 786 major
657 749 699 785 ﬁt,
717 758 808 787 neque
826 758 920 779 servus
932 755 973 780 est

172 799 262 829 neque
272 792 389 829 legatus.

209 927 298 955 νεεδ.
322 929 417 955 17-19.
435 936 450 954 ‹(
467 927 493 956 Si
505 927 565 956 haec
580 928 703 961 novistis,
720 929 793 957 beati
815 930 882 959 estis
896 931 919 958 si
933 931 971 959 fe-

172 971 265 999 ceritis
282 980 323 1000 ea.
343 973 406 1000 Non
420 971 455 1000 de
477 972 606 1001 omnibus
625 973 703 1001 vobis
717 974 824 1010 loquor,
850 984 900 1012 ego
914 977 971 1005 scio

173 1024 243 1052 quos
263 1016 402 1053 elegerim,
427 1017 475 1045 sed
495 1021 526 1045 ut
540 1017 723 1054 adimpleatur
738 1020 876 1055 Scriptura
899 1021 972 1057 :Qui

172 1061 229 1089 edit
248 1069 358 1090 mecum
382 1070 494 1098 panem,
520 1063 632 1091 sustulit
653 1063 800 1092 adversum
822 1073 867 1094 me
883 1067 971 1094 calca-

171 1114 256 1134 neum
270 1114 362 1135 suum.
386 1108 465 1135 Nune
486 1107 549 1135 dico
562 1108 650 1143 vobis,
667 1109 829 1146 priusquam
850 1110 898 1138 tiat
913 1120 920 1138 :
942 1116 972 1140 ut

173 1159 237 1179 cum
260 1151 364 1179 factum
378 1151 469 1186 fuerit,
484 1153 602 1181 credatis
616 1154 689 1189 quod
705 1162 755 1190 ego
776 1155 840 1183 sim.
854 1165 869 1181 »
883 1157 923 1184 Ut
937 1164 971 1184 ne

172 1196 274 1230 dicant,
290 1197 345 1224 Cur
358 1196 417 1224 haec
430 1196 500 1225 dicis
514 1198 595 1226 nobis
615 1199 693 1234 quasi
715 1199 893 1235 ignoremus?
916 1201 971 1228 sci-

173 1249 235 1269 mus
251 1241 335 1269 etiam
348 1241 399 1278 ipsi
412 1241 577 1270 humilitatis
596 1242 720 1272 bonum:
735 1249 877 1280 propterea
892 1245 969 1280 dicit,

173 1297 186 1310 α
207 1286 234 1314 Si
248 1286 374 1321 novistis,
401 1298 412 1310 ιι
428 1295 484 1315 non
507 1287 609 1315 sufﬁcit
632 1288 686 1316 hoc
703 1289 780 1317 vobis
799 1290 902 1324 solum,
924 1291 972 1319 sed

172 1335 240 1359 tunc
265 1331 383 1367 perfecte
400 1343 414 1356 ι
437 1331 503 1360 estis
529 1332 612 1365 beati,
628 1333 650 1360 si
678 1344 691 1357 ν
706 1337 734 1361 et
758 1333 930 1362 «feceritis:
957 1347 969 1360 ν

170 1376 234 1411 quia
257 1380 285 1403 et
306 1375 396 1404 Judaei
412 1376 542 1405 mandata
565 1377 714 1410 sciverunt.
732 1378 781 1406 scd
800 1387 856 1406 non
873 1379 946 1407 beati
962 1390 968 1407 :

171 1420 320 1448 miserrimi
334 1425 435 1455 autem,
452 1426 546 1457 utpote
560 1422 606 1457 qui
622 1430 679 1450 non
693 1422 807 1450 fecerint
821 1431 860 1451 ea.
880 1433 894 1449 ι(
910 1425 971 1452 Non

171 1465 205 1493 de
219 1465 348 1493 omnibus
361 1466 437 1494 vobis
459 1466 521 1494 dico
538 1475 544 1494 :
558 1475 609 1503 ego
631 1467 688 1495 scio
703 1475 773 1503 quos
795 1468 932 1504 elegerim.
957 1481 970 1493 ι»

171 1510 268 1545 Arguit
278 1514 306 1538 et
324 1518 380 1538 non
398 1511 488 1546 arguit
500 1511 679 1546 proditorem,
698 1511 894 1540 adumbratnm
911 1521 972 1540 ser-

171 1561 286 1582 monem
310 1554 439 1583 referens.
463 1556 579 1584 Volebat
592 1555 665 1583 enim
696 1564 760 1584 eum
775 1556 809 1584 ad
833 1557 970 1592 poeniten-

172 1599 240 1627 tiam
264 1598 396 1627 reducere

172 1644 277 1672 neficiis
292 1652 354 1680 quae
371 1644 400 1672 in
418 1645 496 1672 illum
517 1645 710 1678 collocaverat,
727 1646 817 1680 posuit
831 1645 882 1673 hoc
896 1646 970 1682 quod

171 1688 292 1716 maxime
313 1689 439 1716 omnium
459 1688 578 1717 faciebat
598 1689 632 1717 ad
653 1688 877 1717 confundendum
891 1698 969 1719 eum.

173 1744 185 1758 ει
206 1733 260 1769 Qui
273 1733 328 1762 edit
351 1741 447 1770 panem
461 1742 584 1768 mecum,
602 1745 615 1758 ι
643 1733 696 1762 hoc
715 1739 766 1768 est,
787 1735 834 1770 qui
849 1735 970 1771 pascitur

171 1787 186 1806 a
204 1786 259 1813 me,
283 1778 329 1815 qui
351 1786 413 1807 mea
438 1787 532 1806 mensa
554 1778 668 1813 fruitur,
690 1779 765 1815 quod
788 1784 815 1808 et
843 1780 970 1809 inimicos

169 1824 296 1860 placaret.
312 1826 347 1852 Et
361 1832 418 1852 non
431 1824 509 1857 dixit,
527 1825 579 1852 Hic
592 1824 677 1853 tradit
692 1833 736 1853 me
752 1834 759 1853 :
779 1825 837 1860 sed,
855 1837 867 1850 ι(
881 1826 970 1854 Leva-

171 1869 209 1896 vit
219 1869 363 1897 adversum
379 1877 423 1897 me
437 1869 606 1904 calcaneum,
623 1881 636 1895 υ
652 1869 707 1898 hoc
718 1874 770 1905 est,
781 1870 876 1899 dolum
885 1875 911 1898 et
925 1871 971 1899 de-

171 1914 326 1950 ceptionem
340 1919 433 1942 contra
448 1923 492 1942 me
501 1915 657 1951 composuit
671 1925 677 1942 :
696 1923 712 1943 a
724 1916 889 1943 lactantibus
899 1924 972 1943 sum-

171 1963 216 1995 pta
230 1959 400 1994 metaphora,
420 1959 464 1994 qui
489 1960 696 1995 supplantantes
708 1960 880 1987 adversarios
894 1968 969 1994 suos,

171 2003 237 2031 dum
252 2004 362 2031 illorum
384 2003 542 2031 calcaneum
556 2004 673 2036 calcant,
687 2003 827 2039 dejiciunt.
841 2004 900 2030 Hoc
921 2012 969 2031 au-

170 2052 227 2075 tem
238 2048 339 2075 dicens.
357 2059 369 2071 ιι
382 2048 444 2074 Non
460 2047 494 2074 de
508 2048 633 2075 omnibus
644 2048 721 2075 vobis
731 2048 792 2075 dico
808 2057 832 2074 τι)
851 2056 886 2074 ne
897 2048 970 2076 mul—

171 2092 206 2120 tis
221 2096 354 2119 terrorem
379 2092 507 2124 incutiat,
531 2096 641 2127 separat
665 2092 744 2120 illum
763 2092 921 2126 manifeste,
945 2097 972 2121 et

171 2136 292 2164 ostendit
315 2144 400 2163 unum
423 2143 482 2163 esse
513 2136 565 2163 hoc
587 2141 685 2164 contra
716 2145 746 2164 se
771 2137 968 2171 meditantem;

171 2181 232 2208 ideo
251 2180 329 2213 dicit,
347 2192 359 2204 «
375 2181 424 2216 Qui
444 2179 502 2208 edit
514 2188 611 2216 panem
626 2189 746 2209 mecum.
764 2193 776 2206 ιο
793 2182 909 2210 Dicente
920 2191 970 2210 au—

174 2229 231 2253 tem
255 2225 387 2259 Domino,
406 2227 487 2261 «Ego
508 2226 564 2253 scio
590 2234 659 2262 quos
680 2226 809 2262 elegerim
839 2236 847 2255 :
873 2239 884 2251 ιι
906 2227 972 2263 quid

1030 256 1116 290 καθὼς
1127 256 1178 296 ἐγὼ
1194 255 1306 292 ἐποίησα
1317 257 1388 294 ὑμῖν,
1406 267 1420 282 η
1434 254 1502 284 οὕτω
1520 265 1535 283 ιι
1546 253 1593 283 καὶ
1607 254 1696 292 ὑμεῖς
1706 255 1823 291 ποιῆτε,
1834 264 1848 282 ))

1029 302 1169 337 τουτέστι,
1186 301 1252 340 μετὰ
1278 302 1325 336 τῆς
1350 301 1431 335 αὐτῆς
1452 300 1577 335 σπουδῆς.
1600 298 1639 327 Εἰ
1663 298 1724 337 γὰρ
1755 298 1803 327 καὶ
1824 297 1854 328 τὸ

1030 347 1092 384 ἐμὸν
1119 347 1217 385 μεῖζον,
1243 345 1308 375 καθὸ
1323 345 1460 381 Δεσπότης
1483 342 1519 373 ὢν
1538 344 1604 383 ἐγὼ,
1631 343 1747 373 δούλων
1764 342 1851 376 πόδας

1029 391 1124 432 ἔνιψα,
1143 393 1216 430 ὑμεῖς
1238 390 1265 419 δὲ
1282 392 1334 420 τῶν
1360 390 1512 427 ὁμοδούλων
1527 389 1614 421 πόδας
1640 388 1741 428 νίψετε
1753 400 1760 407 ·
1779 387 1854 425 ὅμως

1028 437 1073 466 καὶ
1091 437 1150 470 τοὺς
1175 436 1346 468 διδασκάλους
1372 436 1476 473 ὁρῶμεν
1498 435 1553 467 τοῖς
1573 433 1662 462 παισὶ
1689 432 1852 472 γράμματα

1029 481 1096 520 μετὰ
1107 482 1205 511 πολλοῦ
1222 483 1266 510 τοῦ
1281 480 1395 513 κάλλους
1409 478 1616 519 παραδιδόντας,
1631 477 1686 507 ἵνα
1707 477 1764 507 κᾶν
1786 477 1852 518 πρὸς

1027 526 1057 556 τὸ
1081 525 1285 565 καταδεέστερον
1303 525 1399 554 ἔλθωσι
1415 527 1462 560 τῆς
1486 523 1645 562 μιμήσεως.
1675 522 1852 561 Ἂναγκαέως

1028 571 1056 600 δὲ
1072 575 1125 604 τοῖς
1146 570 1301 603 ἀποστόλοις
1322 572 1406 598 ταῦτα
1428 573 1563 608 παραινεῖ.
1581 567 1673 598 Ἐπεὶ
1690 567 1749 607 γὰρ
1765 567 1851 606 ἔμελ-

1027 619 1071 646 λον
1091 617 1170 653 τιμῆς
1204 614 1423 652 ἀπολαύσασθαι,
1450 614 1474 642 οἱ
1506 612 1555 651 μὲν
1581 613 1734 651 μείζονος,
1765 613 1791 641 οἱ
1822 611 1850 640 δὲ

1027 660 1175 696 ἐλάττονος,
1194 659 1238 689 ἵνα
1260 659 1297 697 μὴ
1319 658 1443 694 ἀλλήλων
1466 657 1696 698 κατεπαίρωντοιι
1709 681 1718 694 ,
1736 657 1849 686 πάντων

1027 707 1112 735 αὐτῶν
1128 704 1248 743 καθαίρει
1326 704 1463 743 καθαιρεῖ]
1478 703 1512 733 τὰ
1533 702 1718 743 φρονήματα.
1749 712 1766 731 (ι
1788 702 1848 731 Οὐκ

1026 751 1082 780 ἔστι
1104 749 1156 789 γὰρ
1181 750 1270 782 δοῦλος
1293 748 1388 787 μείζων
1410 750 1456 777 τοῦ
1486 748 1576 787 κυρίου
1599 748 1714 783 αὐτοῦ,
1743 756 1760 775 ι)
1780 745 1807 779 ἔς
1821 748 1844 774 τ’

1026 794 1058 824 ἂν
1104 795 1203 830 δοῦλος,
1227 805 1242 823 α
1255 793 1312 823 οὐδὲ
1335 793 1479 826 ἀπόστολος
1495 792 1591 830 μείζων
1607 794 1659 821 τοῦ
1677 791 1845 830 πέμψαντος

1026 840 1116 876 αὐτὸν,
1133 850 1148 868 ι)
1164 838 1190 872 ἔς
1210 838 1233 867 τ’
1257 837 1290 867 ἂν
1348 837 1493 871 ἀπόστολος
1505 849 1512 855 ι
1535 837 1598 866 ὅταν
1614 835 1647 865 δὲ
1669 836 1776 874 μείζων
1801 835 1846 875 γέ-

1024 896 1113 921 νηται,
1129 883 1188 913 τότε
1199 882 1258 912 οὔτε
1269 881 1359 916 δοῦλός
1374 883 1456 917 ἔστιν,
1468 881 1529 911 οὔτε
1546 881 1716 914 ἀπόστολος.

1071 941 1085 958 (ι
1108 929 1139 959 Εἰ
1149 932 1233 957 ταῦτα
1249 928 1349 964 οἴδατε,
1368 926 1494 966 μακάριοί
1511 928 1583 964 ἐστε,
1601 927 1652 956 ἐὰν
1671 927 1777 962 ποιῆτε
1793 926 1840 954 αὒ-

1026 974 1068 1005 τά.
1095 975 1135 1004 Οὖ
1158 974 1219 1014 περὶ
1243 973 1350 1002 πάντων
1372 974 1445 1009 ὑμῶν
1465 971 1554 1009 λέγω,
1580 971 1636 1010 ἐγὼ
1655 966 1722 1000 οῖδα
1736 970 1783 1004 οὓς
1803 970 1842 1005 ἐξ·

1026 1018 1173 1057 ελεξάμην,
1199 1018 1257 1047 ἀλλ’
1275 1017 1351 1053 ἵναὴ
1374 1016 1468 1056 Γραφὴ
1495 1018 1643 1055 πληρωθῇ·
1664 1015 1704 1046 Ὀ
1730 1015 1843 1054 τρώγων

1027 1063 1083 1102 μετ’
1098 1065 1162 1101 ἐμοῦ
1177 1062 1221 1091 τὸν
1237 1062 1335 1102 ἄρτον,
1360 1063 1456 1100 ἐπῆρεν
1472 1062 1515 1090 ἐπ’
1533 1060 1581 1098 ἐμὲ
1596 1059 1727 1101 πτέρναν
1744 1061 1839 1089 αὑτοῦ.

1026 1107 1136 1148 Ἀπάρτι
1170 1107 1241 1146 λέγω
1273 1108 1335 1145 ὑμῖν
1362 1106 1413 1145 πρὸ
1445 1108 1491 1135 τοῦ
1516 1104 1660 1145 γενέσθαι·
1690 1104 1740 1134 ἵνα
1776 1105 1841 1134 ὅταν

1025 1153 1143 1191 γένηται,
1157 1150 1327 1187 πιστεύσητε,
1340 1150 1381 1180 ὅτι
1395 1149 1447 1190 ἐγώ
1460 1150 1524 1187 εἶμι.
1542 1160 1556 1178 η
1576 1147 1640 1179 Ἵνα
1658 1149 1700 1188 μὴ
1713 1148 1842 1185 εἴπωσιν,

1025 1197 1066 1226 ὅτι
1083 1197 1119 1227 Τί
1135 1199 1220 1226 ταῦτα
1241 1195 1325 1235 λέγεις
1349 1198 1413 1234 ἡμῖν
1429 1196 1465 1228 ὡς
1481 1193 1512 1230 δὴ
1535 1195 1705 1234 ἆγνοοῦσιν;
1724 1194 1840 1233 οἴδαμεν

1026 1242 1071 1272 καὶ
1092 1241 1165 1270 αὐτοὶ
1189 1241 1218 1270 τὸ
1232 1243 1279 1276 τῆς
1291 1240 1476 1273 ταπεινώσεως
1491 1239 1582 1275 καλὸν,
1606 1239 1652 1268 διὰ
1677 1239 1763 1268 τοῦτό
1788 1250 1842 1279 φη-

1026 1297 1085 1316 σιν·
1112 1297 1127 1315 κ
1153 1286 1186 1315 Εἰ
1205 1285 1310 1322 οἴδατε,
1334 1296 1348 1314 ι)
1369 1286 1416 1315 οὐκ
1437 1285 1513 1324 ἀρκεῖ
1536 1287 1613 1314 τοῦτο
1639 1284 1744 1322 μόνον,
1769 1283 1840 1313 ἀλλὰ

1024 1331 1083 1361 τότε
1099 1331 1180 1364 ὄντως
1203 1341 1217 1359 (ι
1232 1330 1289 1360 ἐστὲ
1306 1329 1453 1370 μακάριοι,
1469 1328 1514 1358 ἐὰν
1527 1339 1541 1357 u
1570 1328 1617 1358 καὶ
1639 1330 1773 1364 «ποιῆτε
1792 1329 1840 1357 αὗ-

1026 1377 1068 1407 τά,
1087 1387 1101 1404 ι)
1121 1375 1199 1405 Ἐπεὶ
1214 1376 1260 1404 καὶ
1287 1376 1412 1405 Ἰουδαῖοι
1427 1373 1473 1408 τὰς
1500 1373 1607 1407 ἐντολὰς
1620 1373 1734 1413 ᾔδεσαν
1749 1396 1757 1410 ,
1778 1372 1839 1402 ἄλλ’

1026 1423 1054 1450 οὖ
1074 1420 1212 1461 μακάριοι,
1236 1419 1396 1449 ἀθλιώτατοι
1411 1418 1450 1455 δὲ,
1471 1420 1506 1452 ὡς
1522 1422 1559 1457 μή
1576 1422 1721 1461 ποι-οῦντες
1739 1417 1834 1451 αὐτάς.

1030 1477 1046 1495 (ι
1067 1466 1106 1495 Οὐ
1128 1459 1188 1504 περὶ
1209 1464 1316 1494 πάντων
1331 1465 1405 1502 ὑμῶν
1428 1463 1506 1502 λέγω,
1532 1463 1584 1503 ἐγὼ
1600 1459 1661 1492 οἶδα
1686 1463 1734 1496 οὓς
1749 1463 1836 1496 ἐξελε-

1027 1509 1122 1547 ξάμην.
1145 1520 1159 1538 ι)
1187 1508 1324 1549 Ἐλέ-ῃζει,
1347 1507 1393 1537 καὶ
1418 1508 1464 1536 οὖκ
1488 1508 1590 1547 ἐλέγχει
1612 1508 1658 1537 τὸν
1677 1507 1835 1547 προδότην,

1027 1554 1256 1592 συνεσκιασμένως
1287 1553 1425 1593 προφέρων
1469 1552 1513 1581 τὸν
1544 1553 1633 1591 λόγον.
1680 1552 1834 1582 Ἠϐοόλετο

420 1610 427 1628 :
448 1603 476 1628 et
495 1600 557 1628 ideo
574 1601 677 1628 relictis
696 1600 828 1628 omnibus
847 1601 908 1628 aliis
923 1601 969 1629 be-

1029 1599 1077 1639 γὰρ
1112 1599 1191 1628 αὐτὸν
1225 1598 1262 1631 εἰς
1292 1597 1434 1636 μετάνοιαν
1472 1598 1599 1636 ἀγαγεῖν·
1630 1597 1673 1626 διὸ
1707 1597 1758 1627 καὶ
1784 1595 1834 1625 πά-

1026 1656 1074 1677 σας
1100 1643 1147 1676 τὰς
1178 1643 1262 1676 ἄλλας
1291 1641 1440 1682 εὐεργεσίας
1464 1641 1556 1681 ἀφεὶς,
1585 1641 1615 1674 ἃς
1643 1642 1717 1681 πρὸς
1749 1641 1830 1670 αὐτὸν

1025 1688 1198 1724 ἐπεδείξατο,
1236 1687 1266 1716 τὸ
1307 1687 1424 1726 μάλιστα
1455 1686 1562 1715 πάντων
1602 1686 1700 1715 ἱκανὸν
1743 1685 1832 1725 ἐντρέ-

1025 1735 1072 1775 ψαι
1103 1733 1201 1770 αὐτὸν,
1231 1735 1307 1761 τοῦτο
1334 1730 1465 1760 τέθεικεν·
1501 1740 1516 1760 (t
1543 1730 1578 1761 ‘0
1613 1730 1715 1760 ἐσθίων
1753 1730 1830 1770 ἄρτον

1026 1773 1086 1817 μου,
1110 1790 1125 1808 ι)
1144 1780 1157 1807 6
1173 1779 1238 1817 παρ’
1255 1778 1319 1815 ἐμοῦ
1338 1775 1516 1816 τρεφόμενος,
1535 1777 1549 1804 6
1573 1777 1629 1813 μετ’
1645 1776 1716 1814 ἐμοῦ
1732 1773 1832 1815 τραπέ-

1025 1825 1069 1859 ζης
1098 1822 1261 1859 ἀπολαύων,
1291 1820 1305 1850 ὃ
1328 1821 1374 1851 καὶ
1404 1820 1464 1854 τοὺς
1488 1820 1595 1860 ἐχθροὺς
1622 1819 1828 1850 καταδυσωπεῖ.

1025 1869 1080 1899 Καὶ
1108 1869 1156 1897 οὐκ
1177 1863 1270 1903 εἶπεν,
1294 1865 1335 1895 ὅτι
1362 1861 1446 1899 Οὗτος
1474 1865 1642 1904 παραδίδωσί
1667 1877 1722 1902 με,
1757 1863 1827 1898 ἀλλ’,

1030 1924 1044 1941 (ι
1062 1908 1145 1951 Ἷιρεν
1160 1912 1201 1941 ἐπ’
1217 1910 1264 1950 ἐμὲ
1290 1910 1466 1949 πτερνισμόν·
1483 1921 1496 1938 ι)
1517 1909 1660 1948 τουτέστι,
1679 1910 1768 1939 Δόλον
1783 1907 1828 1937 καὶ

1028 1958 1131 1992 ἀπάτην
1160 1956 1219 1985 κατ’
1243 1957 1308 1994 ἐμοῦ
1337 1953 1498 1990 συνέθηκεν·
1529 1955 1559 1983 ἐκ
1592 1959 1752 1994 μεταφορᾶς
1775 1954 1827 1982 τῶν

1025 2001 1190 2030 παλαιόντων
1203 2023 1210 2036 ,
1226 1999 1252 2029 οἳ
1267 1999 1481 2033 ὖποσκελίζοντες
1494 1999 1553 2032 τοὺς
1572 1999 1806 2030 ἀντιπαλαίοντας
1820 2018 1828 2033 ,

1026 2045 1069 2075 διὰ
1084 2049 1128 2075 τοῦ
1144 2045 1190 2078 τὰς
1204 2045 1316 2084 πτέρναις
1332 2045 1418 2073 αὐτῶν
1441 2046 1537 2073 πατεῖν
1551 2067 1558 2082 ,
1587 2044 1820 2074 καταϐάλλουσιν.

1029 2089 1119 2120 Εἰπὼν
1135 2089 1162 2119 δὲ
1177 2088 1215 2125 τὸ,
1235 2100 1248 2118 (‹
1262 2091 1302 2119 Οὐ
1318 2089 1377 2129 περὶ
1393 2089 1498 2118 πάντων
1520 2091 1593 2127 ὓμῶν
1605 2089 1688 2128 λέγω,
1701 2100 1716 2117 ))
1734 2087 1778 2116 ἵνα
1790 2085 1826 2124 μὴ

1026 2137 1062 2168 εἰς
1074 2134 1186 2167 πολλοὺς
1211 2133 1358 2173 περιστήσῃ
1381 2133 1410 2162 τὸ
1425 2133 1491 2172 δέος,
1510 2134 1650 2173 ἀποσχίζει
1675 2132 1756 2163 αὐτὸν
1768 2143 1824 2172 φα·-

1025 2181 1116 2220 νερῶς,
1133 2179 1178 2208 καὶ
1203 2177 1324 2215 δεικνύει,
1341 2178 1381 2207 ὅτι
1407 2174 1442 2211 εἷς
1466 2180 1536 2207 ἐστιν
1563 2180 1576 2207 6
1602 2178 1661 2207 κατ’
1678 2179 1762 2207 αὐτοῦ
1780 2187 1824 2213 με·

1026 2225 1126 2254 λετῶν·
1142 2223 1181 2252 διὸ
1200 2223 1271 2262 λέγει
1283 2234 1290 2241 ο
1313 2234 1327 2252 α
1344 2222 1378 2253 Ὁ
1397 2223 1488 2252 ἐσθίων
1512 2222 1590 2263 ἄρτον
1607 2235 1668 2260 μου.
1686 2235 1700 2252 ›)
1723 2219 1820 2251 Εἰπόν-

170 2269 294 2298 dicemus
303 2269 335 2298 de
345 2270 434 2299 Juda?
446 2271 544 2298 Nonne
556 2270 634 2298 illum
646 2271 742 2307 elegit?
757 2271 844 2307 Elegit
857 2262 969 2308 quidem

1029 2281 1067 2302 τος
1083 2269 1110 2298 ’δὲ
1125 2270 1172 2297 τοῦ
1188 2269 1289 2305 Ἰησοῦ,
1318 2267 1419 2306 «Ἐγὼ
1440 2262 1498 2310 illam
1516 2266 1560 2300 οὒς
1572 2267 1746 2305 ἐξελεξάμην,
1762 2276 1777 2294 )›
1797 2263 1822 2292 τί

170 2323 233 2343 eum
247 2323 311 2342 cum
327 2315 415 2343 bonus
439 2319 522 2350 esset,
537 2316 608 2343 sicut
623 2320 650 2344 et
664 2316 726 2343 Saul
744 2316 766 2333 ³⁸
782 2326 788 2344 :
815 2316 862 2344 sed
876 2321 967 2344 muta-

171 2364 215 2388 tus
225 2364 275 2394 est,
291 2360 348 2396 ipse
363 2360 440 2388 liberi
466 2361 599 2388 exsislens
615 2361 732 2389 arbitrii.
758 2362 896 2389 Permittit
921 2370 969 2390 au-

171 2410 228 2433 tem
251 2405 400 2441 unicuique
422 2405 574 2433 secundum
601 2406 675 2442 quod
700 2406 757 2433 vult
776 2407 896 2442 operari;
912 2415 967 2434 non

170 2450 245 2478 enim
268 2449 357 2478 aufert
384 2450 500 2478 liberum
525 2451 677 2479 arbitrium.
705 2452 844 2479 Mntatum
876 2456 968 2480 autem

170 2495 273 2523 Judam
288 2495 399 2531 repulit,
414 2496 497 2531 691
515 2496 642 2531 quamvis
660 2496 735 2531 prius
756 2497 891 2532 elegisset.
912 2497 969 2525 Ca:-

170 2543 261 2567 tcrum
281 2539 348 2568 dum
380 2540 455 2574 dicit,
482 2551 495 2564 α
511 2545 542 2567 ut
563 2541 703 2576 Scriptura
725 2541 889 2576 impleatur:
906 2553 919 2565 η
934 2541 971 2569 ita

168 2585 289 2621 intelligo
310 2585 383 2612 sicut
404 2585 505 2613 similia
518 2585 569 2613 alia
587 2585 620 2613 de
640 2586 740 2621 quibus
753 2593 826 2622 saepe
841 2586 970 2614 diximus.

168 2631 263 2666 Neque
286 2630 360 2658 enim
379 2634 491 2666 propter
511 2629 564 2658 hoc
583 2634 697 2658 coactus
723 2630 775 2658 fuit
802 2631 887 2659 Judas
912 2639 972 2667 pro-

168 2675 244 2710 dere,
269 2679 300 2702 ut
324 2679 474 2710 appareant
497 2675 553 2703 veri
589 2683 731 2704 sermones
764 2676 923 2712 Scripturaa,
944 2676 972 2704 id

168 2720 242 2756 quod
269 2720 344 2748 omni
375 2719 546 2757 blasphemia
568 2720 698 2757 plenum;
723 2720 772 2749 sed
798 2722 829 2749 ut
852 2721 973 2749 sciamus

205 2795 228 2812 ³⁸
244 2798 253 2824 l
269 2798 336 2833 Reg.
351 2805 394 2830 1x,
407 2800 431 2825 2.

1024 2313 1142 2353 φήσομεν
1162 2312 1223 2352 περὶ
1239 2316 1285 2342 τοῦ
1309 2312 1421 2353 Ἰούδα,
1442 2306 1500 2351 ’Ἆρ’
1514 2312 1573 2352 οὐχὶ
1598 2312 1643 2341 καὶ
1668 2311 1750 2340 αὐτὸν
1775 2309 1818 2342 ἐξ-

1024 2351 1147 2396 ελέξατο;
1163 2357 1318 2391 Ἐξελέξατο
1335 2357 1381 2396 μέν
1398 2351 1443 2386 οὖν
1459 2356 1540 2385 καλὸν
1557 2356 1620 2386 ὄντα
1630 2381 1638 2393 ,
1662 2358 1699 2390 ὥς
1714 2354 1760 2384 καὶ
1775 2352 1818 2382 τὸν

1024 2403 1129 2433 Σαούλ·
1148 2402 1216 2432 ἀλλὰ
1231 2401 1391 2441 ξμετεϐλήθη
1403 2413 1409 2419 ·
1436 2401 1598 2435 αὖτεξούσιος
1619 2401 1670 2441 γάρ
1682 2413 1689 2419 ·
1713 2409 1820 2438 συγχω-

1026 2452 1064 2487 ρεῖ
1089 2447 1116 2477 δὲ
1143 2448 1265 2487 ἑκάστῳ,
1291 2446 1359 2475 καθὰ
1387 2445 1517 2485 βούλεται,
1554 2445 1690 2485 πράττειν’
1715 2445 1745 2474 οὐ
1769 2442 1818 2481 γὰρ

1025 2494 1128 2531 ἀναιρεῖ
1141 2492 1170 2521 τὸ
1187 2491 1364 2525 αὐτεξούσιον.
1385 2489 1593 2526 Μεταϐληθέντα
1610 2490 1637 2519 δὲ
1657 2490 1702 2519 τὸν
1719 2487 1819 2518 Ἰούδαν

1027 2537 1155 2566 ἀπώσατο
1168 2558 1176 2572 ,
1199 2538 1222 2565 εἰ
1247 2535 1292 2565 καὶ
1316 2535 1377 2576 πρὶν
1403 2534 1545 2568 ἐξελέξατο.
1570 2535 1610 2565 Τὸ
1626 2534 1672 2571 δὲ,
1692 2545 1707 2563 ι(
1727 2531 1816 2576 Ἵναῇ

1027 2582 1120 2622 Γραφὴ
1142 2582 1287 2622 πληρωθῇ,
1318 2574 1423 2608 «ὀῦτω
1439 2579 1500 2617 νόει,
1515 2581 1552 2614 ὡς
1572 2580 1617 2608 καὶ
1639 2579 1673 2608 τὰ
1699 2578 1766 2607 ἄλλα
1788 2574 1818 2604 τὰ

1026 2621 1105 2665 ὅμοια
1118 2649 1126 2663 ,
1141 2625 1202 2665 περὶ
1217 2621 1253 2654 ὧν
1269 2624 1397 2657 πολλάκις
1412 2624 1534 2662 εἴπομεν.
1552 2625 1592 2654 Οὐ
1610 2624 1661 2664 γὰρ
1687 2623 1730 2653 διὰ
1744 2623 1818 2651 τοῦτο

1028 2670 1182 2710 ἠναγκάσθη
1218 2672 1231 2699 6
1255 2670 1357 2703 Ἰούδας
1389 2670 1552 2710 προδοῦναι,
1579 2670 1623 2699 διὰ
1652 2668 1681 2698 τὸ
1708 2668 1817 2709 φανῆναι

1028 2715 1134 2752 ἀληθεῖς
1159 2713 1218 2748 τοὺς
1233 2714 1325 2754 λόγους
1349 2716 1395 2750 τῆς
1420 2715 1528 2754 Γραφῆς
1543 2714 1642 2754 (τοῦτο
1658 2713 1709 2753 γὰρ
1732 2709 1815 2745 πάσης
