1922 3077
87 163 148 190 157

482 159 678 188 ENARRATIO
697 160 731 188 IN
749 159 965 188 EVANGELIUM
983 160 1133 190 JOANNIS.
1151 176 1188 183 -—-
1207 163 1283 191 CAP.
1302 164 1368 192 XIII.

1693 167 1743 195 158

86 223 271 265 βλασφημίας
298 223 477 262 ἀνάμεστον),
493 223 554 253 ἀλλ’
571 222 614 252 ἵνα
639 224 743 262 γνῶμεν
755 245 763 260 ,
778 223 817 252 ὅτι
832 235 882 261 περ

950 223 1025 259 quod
1036 223 1071 252 de
1086 223 1140 253 hoc
1158 224 1258 253 dixerit
1272 226 1413 262 Scriptura
1434 235 1517 263 quem
1532 228 1658 257 videmus
1671 237 1744 258 nunc

83 264 187 299 τούτου
203 264 276 298 εἶπεν
300 272 316 305 ἡ
332 270 354 299 Γ
356 267 426 309 ραφή
437 291 445 305 ,
463 267 491 297 ὃν
515 270 618 308 ὁρῶμεν
632 271 677 298 ν’ὗν
691 267 721 297 τὸ
743 268 819 307 ἔργον
846 279 888 297 τε-

82 313 220 344 λέσαντα.
237 315 335 344 Ταῦτα
360 312 387 343 δὲ
404 312 508 349 πάντα,
532 314 606 353 φησὶ,
631 312 752 352 προλέγω
768 312 828 353 περὶ
845 314 891 341 τοῦ

82 358 232 398 προδότου,
249 369 264 387 (ι
278 357 322 387 ἵνα
342 358 405 387 ὅταν
431 357 556 396 γένηται,
582 357 759 395 πιστεύσητε,
782 356 822 387 ὅτι
839 357 891 396 ἐγώ

84 404 166 441 εἶμι·
186 414 200 432 )
218 402 365 441 τουτέστιν,
381 401 424 431 ὅτι
440 401 570 438 ἀληθεύω.

134 459 151 476 α
176 448 273 486 Ἀμὴν,
291 446 363 486 ἀμὴν
379 446 448 486 λέγω
464 448 544 485 ὑμῖν,
559 449 573 476 ὁ
587 445 748 485 λαμϐάνων,
768 446 814 476 ἐάν
830 458 892 476 τινα

84 492 195 532 πέμψω
206 516 214 529 ,
234 491 280 530 ἐμὲ
304 491 451 530 λαμϐάνεν
467 493 481 520 ὁ
496 491 524 522 δὲ
549 490 597 530 ἐμὲ
612 491 758 529 λαμϐάνων
781 491 891 530 λαμϐά-

83 549 129 566 νει
154 537 199 567 τὸν
224 536 369 577 πέμψαντά
392 548 436 575 με.
461 547 475 566 ι)
507 536 578 566 Ποία
601 536 743 566 ἀκολουθία
769 536 835 576 πρὸς
858 536 892 566 τὰ

83 581 240 622 ἔμπροσθεν
263 581 364 614 τούτοις
395 585 449 614 τοῖς
485 583 530 610 νῦν
568 580 733 620 λεγομένοις
764 582 812 612 Ἐν
839 580 892 622 ὅσῳ

81 626 142 666 γὰρ
164 626 287 665 περὶτοῦ
302 624 431 665 προδότου
448 625 531 665 ἔλεγε,
558 625 651 664 ἐπάγει
663 637 670 644 ·
701 636 715 654 (ι
732 625 766 655 Ὁ
782 625 892 665 λαμϐά-

81 682 155 708 νων,
173 671 219 700 ἐάν
234 682 293 700 τινα
307 670 420 710 πέμψω,
434 669 481 707 ἐμὲ
496 669 641 708 λαμϐάνει.
663 681 678 699 ))
697 670 823 709 Μεγίστη
843 671 891 709 μὲν

81 711 135 744 οὖν
152 715 307 745 ἀκολουθία.
327 715 440 751 Ἐπειδὴ
465 714 518 754 γὰρ
535 710 592 744 εἷπε
614 715 675 755 περὶ
691 718 735 744 τοῦ
759 716 892 755 προδοθή-

84 763 196 797 σεσθαι,
225 760 270 789 καὶ
302 762 346 789 τοῦ
377 760 482 798 μέλλειν
507 759 699 799 ἐγκαταλιπεῖν
722 760 816 794 αὐτοὺς
840 761 893 790 διε-

82 805 174 845 λέχθη
184 827 194 840 ,
210 803 321 842 ἔμελλον
338 804 364 833 δὲ
380 804 484 843 ἐξιέναιξ
494 804 598 842 λοιπὸν,
614 804 661 834 καὶ
682 807 871 845 σχορπίζεσθαι
881 828 889 842 ,

85 850 138 879 καὶ
154 850 243 879 πολλὰ
258 849 372 889 πάσχειν
387 849 474 878 δεινὼ
499 849 557 879 δυσὶ
571 848 676 888 τρόποις
691 849 784 883 αὐτοὺς
803 862 892 890 παρα-

945 276 1016 304 opus
1030 269 1182 298 admisisse.
1200 271 1269 298 Haec
1284 275 1377 299 autem
1393 272 1499 307 omnia,
1510 272 1608 309 inquit,
1620 273 1742 310 praedico

944 313 979 341 de
993 314 1145 349 proditore,
1163 327 1175 338 -
1191 319 1223 343 ut
1233 323 1297 343 cum
1312 315 1414 343 factum
1428 316 1520 351 fuerit,
1541 317 1659 347 credatis
1667 318 1743 355 quod

945 365 995 394 ego
1003 358 1066 393 sim,
1084 371 1097 383 ι»
1112 359 1164 387 hoc
1174 363 1225 392 est,
1239 359 1315 396 quod
1327 368 1390 389 vera
1403 361 1504 390 dicam.

981 440 1072 468 Vens.
1091 443 1134 468 20.
1152 451 1164 464 α
1179 441 1279 474 Amen,
1295 448 1377 469 amen
1390 441 1451 470 dico
1470 440 1564 470 vobis:
1580 441 1634 477 Qui
1647 443 1744 480 recipit

945 492 1136 521 quemcunque
1149 493 1200 521 ego
1214 486 1325 520 misero,
1341 494 1384 514 me
1400 486 1495 522 recipit
1509 497 1515 514 :
1531 487 1578 523 qui
1591 491 1684 516 autem
1697 497 1743 518 mc

946 529 1048 565 recipit,
1069 530 1164 566 recipit
1190 538 1257 558 eum
1278 531 1324 567 qui
1344 531 1421 559 misit
1442 539 1499 559 me.
1525 543 1538 555 ι
1553 533 1622 568 Qum
1645 540 1742 562 conse-

945 575 1057 610 quentia
1079 575 1203 610 priorum
1225 575 1261 603 ad
1279 583 1310 603 ea
1335 584 1396 612 qua:
1415 584 1491 604 nunc
1516 576 1660 606 dicuntur?
1681 586 1743 614 qua:

945 619 1038 647 subdit
1062 620 1185 648 sermoni
1209 620 1242 648 de
1261 621 1410 656 proditore,
1428 630 1443 648 ιι
1459 621 1513 656 Qui
1531 622 1625 658 recipit
1647 631 1742 660 quem-

945 672 1053 700 cunque
1067 672 1117 700 ego
1131 665 1244 698 misero,
1255 673 1301 693 me
1313 666 1419 701 recipit.
1432 678 1445 691 u
1458 667 1539 694 Certe
1549 667 1670 696 maxima
1679 676 1744 697 con-

945 709 1094 745 sequentia.
1116 709 1185 744 Quia
1201 710 1277 738 enim
1297 710 1402 738 dictum
1423 715 1482 738 erat
1493 711 1567 747 quod
1585 712 1742 748 prodendus

945 758 972 782 et
986 754 1164 782 derelictums
1186 759 1258 783 esset
1280 762 1338 788 eos,
1364 759 1391 783 et
1408 755 1468 791 jam
1491 757 1624 791 egressuri
1652 762 1743 786 essent

944 798 1128 835 dispergendi,
1143 803 1171 827 et
1181 799 1261 827 variis
1272 799 1349 828 malis
1364 799 1515 835 afﬂigendi,
1528 800 1638 829 duobus
1651 802 1742 832 modis

943 843 1049 872 solatur
1060 851 1108 872 eos
1125 851 1131 869 :
1154 848 1181 872 et
1204 852 1219 871 a
1238 852 1277 876 se.
1300 844 1448 873 ostendens
1471 845 1510 873 eis
1529 854 1593 880 quae
1606 847 1664 883 ipse
1677 855 1740 884 pas-

86 894 230 933 μυθεῖταιο
264 894 305 923 ἐνὶ
330 894 377 932 μὲν
400 895 438 934 τῷ
462 895 525 934 παρ’
549 895 655 924 ἑαυτοῦ.
683 893 818 928 Ὑπέδειξε
843 889 883 934 γὰι

947 896 1027 917 surus
1038 889 1075 917 sit
1087 893 1114 916 et
1124 895 1187 925 qum
1202 889 1334 925 proditori
1349 889 1454 924 fecerit,
1465 889 1528 918 lotis
1542 891 1601 927 ejus
1616 891 1740 927 pedibus,

86 939 184 972 αὐτοῖς
207 939 224 969 ἅ
248 951 277 968 τε
305 938 383 972 αὐτὸς
406 940 499 968 παθεῖν
527 939 631 977 μέλλει,
657 938 701 968 καὶ
718 939 735 968 ἃ
759 939 823 979 πρὸς
845 939 890 968 τὸν

85 983 223 1023 προδότην
239 983 365 1019 ἐποίησε,
383 982 458 1023 νίψας
475 984 554 1012 αὐτοῦ
576 983 635 1016 τοὺς
652 984 734 1016 πόδας
745 1006 754 1020 ,
776 983 821 1013 καὶ
836 995 890 1013 χοι-

85 1027 174 1057 νωνὸν
186 1027 320 1067 τραπέζης
339 1027 470 1066 ἑλόμενος.
486 1029 518 1058 Εἰ
536 1027 588 1068 γὰρ
605 1031 688 1058 ταῦτα
705 1029 889 1067 ἐνθυμηθεῖεν,

84 1072 198 1106 πάντως
214 1072 316 1102 οἴσουσι
332 1071 420 1101 πάντα
435 1072 468 1102 τὰ
491 1072 563 1102 δεινὰ
579 1072 686 1112 ῥᾳδίως.
712 1068 760 1106 Εἷς
780 1073 828 1112 μὲν
845 1068 889 1102 οὖν

85 1112 164 1150 οὗτος
186 1117 298 1156 τρόπος,
316 1117 349 1146 δι’
371 1112 408 1146 ὧν
422 1129 450 1146 τε
471 1116 601 1158 ἐποίησε,
620 1118 664 1147 τὸν
689 1118 783 1158 ἐχθρὸν
808 1119 889 1147 αὑτοῦ

86 1161 155 1201 ἄχρι
180 1162 271 1195 τέλους
291 1161 474 1201 θεραπεύσας,
502 1162 535 1190 δι’
558 1157 594 1190 ὧν
618 1173 647 1191 τι
672 1161 766 1199 ἔμελλε
793 1165 888 1192 παθεῖν

85 1206 331 1245 παραμυθουμένου
350 1205 445 1239 αὐτοὺς
456 1208 502 1235 τοῦ
519 1206 629 1246 Κυρίου.
647 1204 762 1246 ⁶Ετιρος
784 1206 811 1236 δὲ
826 1207 889 1247 τρό-

85 1261 139 1283 πος
164 1252 194 1280 ἐκ
210 1254 255 1280 τοῦ
277 1251 324 1284 τὰς
349 1251 455 1280 πάντων
483 1251 570 1284 αὐτοῖς
595 1251 680 1284 οἰκίας
701 1250 817 1287 ἀνοῖξαι,
842 1251 888 1281 καὶ

85 1295 301 1333 ἐπαγγείλασθαι
327 1297 413 1328 αὐτοῖς
425 1318 433 1331 ,
449 1294 490 1324 ὅτι
510 1295 610 1329 πάντες
635 1295 728 1329 αὐτοὺς
748 1295 888 1330 ὑποδέξον-

85 1352 143 1376 ται,
155 1341 179 1370 οἱ
196 1343 243 1370 τοῦ
261 1340 340 1379 λόγου
355 1341 442 1370 αὐτῶν
458 1340 629 1374 ἀκούσαντες.
673 1339 758 1382 ⁶Ορᾷς
775 1342 887 1371 ἀκολου-

85 1385 148 1415 θίαν
164 1389 217 1418 τοῖς
231 1387 278 1414 νῦν
289 1385 439 1424 λεγομένοις
452 1385 519 1425 πρὸς
533 1385 566 1414 τὰ
585 1385 637 1425 πρὸ
661 1385 765 1421 αὐτῶν,
782 1385 888 1425 Ἔμελ-

83 1429 133 1458 λεν
150 1429 244 1463 αὐτοὺς
255 1430 457 1470 ἐγκαταλιπεῖν,
474 1430 585 1468 ἔμελλον
600 1429 680 1469 μυρία
702 1431 795 1460 παθεῖν
817 1432 887 1462 κακὰ

85 1474 136 1504 καὶ
165 1473 253 1503 δεινά·
282 1474 492 1515 παρεμυθήσατο
519 1474 613 1508 αὖτοὺς
639 1475 677 1514 τῷ
703 1476 763 1504 καθ’
794 1476 886 1505 ἑαυτὸν

946 933 979 961 ad
990 941 1171 962 communem
1187 942 1312 962 mensam
1323 933 1447 962 admisso
1463 943 1470 962 :
1486 943 1552 963 nam
1565 936 1586 964 si
1600 936 1659 965 hanc
1668 938 1742 974 cogi-

945 979 1069 1012 taverint,
1089 978 1202 1007 omnino
1221 979 1311 1014 gravia
1325 979 1419 1007 omnia
1443 979 1521 1008 facile
1539 979 1636 1009 ferent.
1656 982 1742 1018 Igitur

945 1022 988 1051 hic
1003 1031 1075 1051 tinus
1091 1023 1201 1059 quidem
1213 1023 1370 1052 consolandi
1389 1023 1499 1057 modus,
1515 1032 1564 1060 per
1583 1033 1614 1054 ea
1630 1034 1693 1062 qum
1704 1026 1740 1055 Ie-

943 1072 1018 1096 cerat
1031 1067 1140 1096 inimico
1159 1076 1210 1096 suo
1224 1076 1310 1104 usque
1326 1068 1361 1096 ad
1382 1068 1477 1103 ﬁnem,
1493 1074 1520 1097 et
1537 1077 1599 1106 quae
1611 1079 1741 1106 passurus

944 1117 1011 1142 erat.
1029 1113 1108 1142 Alter
1117 1117 1211 1141 autem
1226 1113 1325 1141 modus
1335 1121 1372 1142 ex
1385 1121 1418 1142 eo
1433 1114 1506 1150 quod
1525 1115 1662 1150 promittit
1678 1123 1740 1145 om-

942 1158 1020 1186 nium
1032 1157 1133 1186 domos
1143 1158 1197 1186 illis
1213 1157 1319 1186 futuras
1334 1163 1452 1194 apertas,
1462 1163 1490 1187 et
1505 1160 1690 1196 suscipiendos
1705 1161 1740 1190 ab

943 1203 1070 1232 omnibus
1094 1203 1141 1239 qui
1165 1211 1320 1231 sermonem
1349 1211 1445 1232 eorum
1468 1204 1630 1233 audiverint.
1659 1206 1741 1235 Vides

943 1255 1018 1279 nunc
1030 1247 1170 1284 quomodo
1180 1247 1239 1276 haec
1252 1247 1384 1284 superiori
1397 1247 1571 1278 cohaereant?
1583 1250 1741 1279 Rclicturus

943 1297 1002 1320 erat
1013 1292 1083 1326 illos,
1104 1293 1248 1320 innumera
1263 1292 1334 1320 mala
1351 1293 1455 1328 passuri
1471 1297 1567 1322 erant:
1583 1295 1740 1323 consolatus

943 1341 983 1366 est
1001 1345 1048 1366 eos
1068 1345 1119 1365 suo
1139 1337 1276 1374 exemplo,
1291 1337 1452 1373 prodendus
1472 1346 1487 1366 ε
1502 1338 1646 1375 discipulo,
1661 1339 1740 1376 cujus

943 1382 1044 1411 laverat
1063 1382 1155 1418 pedes.
1175 1381 1287 1410 Solatur
1309 1382 1393 1410 etiam
1415 1383 1592 1418 praedicendo
1616 1384 1655 1412 eis
1666 1384 1740 1420 quod

942 1432 970 1455 et
986 1427 1035 1463 ipsi
1046 1427 1131 1455 multa
1146 1427 1215 1454 mala
1232 1427 1349 1463 passuri,
1361 1426 1409 1455 sed
1423 1435 1518 1455 omnes
1528 1427 1588 1456 illos
1601 1429 1739 1465 excepturi

941 1476 1032 1501 essent
1052 1482 1058 1500 :
1080 1475 1107 1500 et
1126 1471 1199 1505 dicit,
1218 1483 1229 1495 ι
1247 1471 1298 1506 Qui
1315 1472 1413 1507 recipit
1429 1480 1486 1506 vos,
1502 1480 1546 1500 me
1561 1473 1666 1509 recipit,
1683 1485 1696 1498 η
1712 1477 1740 1502 et

86 1518 284 1558 ὑποδείγματι,
319 1518 529 1559 προδοθήσεσθαι
557 1518 605 1557 μὲν
626 1518 730 1558 μέλλων
759 1519 811 1549 ὑπὸ
838 1523 883 1550 τοῦ

945 1521 1052 1553 propter
1066 1524 1110 1544 me
1131 1518 1219 1544 Deum
1234 1520 1260 1543 et
1280 1517 1398 1544 Patrem.
1414 1517 1530 1545 Attende
1543 1518 1739 1547 consolationis

87 1567 234 1602 μαθητοῦ,
255 1563 355 1593 νίπτων
372 1563 399 1593 δὲ
423 1566 534 1600 τοῦτον,
557 1564 650 1596 αὖτοὺς
672 1567 885 1603 παραμυθεῖται,

84 1607 135 1637 καὶ
149 1610 189 1648 τῷ
207 1608 342 1648 προειπεῖν
356 1609 459 1645 αὐτοῖς,
482 1608 522 1637 ὅτι
537 1609 560 1637 εἷ
575 1608 620 1637 καὶ
643 1609 730 1638 πολλὰ
751 1609 888 1640 πείσονται

85 1652 171 1689 δεινὰ,
184 1653 253 1682 ἀλλὰ
266 1652 362 1686 πάντες
372 1652 465 1686 αὐτοὺς
476 1652 656 1687 ὑποδέξονται.
703 1663 718 1681 α
731 1653 766 1684 ⁸0
778 1654 888 1693 λαμϐά-

941 1570 1038 1598 genus.
1059 1561 1133 1589 Sicut
1156 1563 1245 1589 Deum
1264 1561 1364 1597 ipsum,
1380 1561 1481 1598 inquit,
1496 1562 1522 1590 in
1538 1561 1642 1590 honore
1657 1563 1739 1592 habe-

942 1607 1011 1636 bunt
1025 1615 1073 1635 vos
1093 1606 1231 1641 homines,
1253 1609 1334 1642 atque
1348 1607 1385 1634 ita
1400 1611 1512 1643 propter
1530 1611 1738 1643 persecutorum

941 1652 1061 1681 malitias
1074 1659 1108 1679 ne
1123 1650 1270 1680 maneatis.

84 1710 139 1727 νων
154 1708 170 1727 υ
190 1697 256 1737 γὰρ,
278 1697 375 1739 φησὶν,
404 1709 418 1727 (ι
434 1699 518 1736 ὑμᾶς,
533 1697 580 1736 ἐμὲ
605 1697 754 1738 λαμϐάνει,
769 1710 783 1728 ))
807 1699 854 1729 καὶ
870 1699 903 1729 δι’
925 1701 1006 1738 ἐμοῦ,
1030 1697 1072 1727 τὸν
1095 1697 1164 1726 Θεὸν
1185 1697 1231 1726 καὶ
1247 1696 1369 1737 Πατέρα.
1390 1696 1492 1727 Σκόπει
1512 1698 1684 1738 παραμυθίας
1699 1693 1738 1728 εἶ-

85 1743 143 1775 δος.
187 1742 236 1776 Ὡς
255 1743 298 1773 τὸν
314 1743 382 1773 Θεὸν
403 1743 494 1779 αὐτὸν,
513 1743 592 1783 φησὶ,
614 1742 768 1781 τιμήσουσιν
795 1745 864 1783 ὓμᾶς
889 1747 912 1775 οἳ
938 1745 1084 1784 ἄνθρωποι·
1101 1741 1170 1772 ὥστε
1195 1741 1234 1779 μὴ
1257 1743 1382 1780 ἀθυμεῖτε
1405 1741 1448 1771 διὰ
1470 1742 1516 1776 τὰς
1542 1744 1594 1772 τῶν
1619 1743 1738 1773 διωχτῶν

85 1786 194 1821 κακίας.

134 1843 150 1861 ιι
166 1833 258 1862 Ταῦτα
275 1831 356 1862 εἰπὼν
366 1834 380 1861 ὁ
395 1831 497 1874 Ἰησοῦς
507 1856 514 1867 ,
531 1831 667 1872 ἐταράχθη
683 1833 720 1872 τῷ
734 1833 884 1874 πνεύματι,

84 1877 134 1906 καὶ
156 1876 337 1917 ἐμαρτύρησε,
353 1877 397 1906 καὶ
409 1872 480 1906 εἶπεν
491 1889 497 1896 ”
516 1876 599 1916 Ἀμὴν
609 1899 617 1913 ,
633 1877 705 1915 ἀμὴν
720 1877 790 1916 λέγω
807 1880 884 1916 ὑμῖν,

84 1922 129 1950 ὅτι
144 1917 180 1955 εἷς
194 1921 220 1956 ἐξ
231 1923 305 1960 eam
319 1921 472 1962 παραδώσει
485 1933 531 1960 με.
574 1921 712 1952 Ἐϐλεπον
725 1917 769 1952 οὖν
785 1925 821 1957 εἰς
836 1925 884 1952 ἆλ-

83 1966 186 2002 λτῖλους
199 1967 223 1995 οἱ
239 1965 376 2005 μαθηταὶ,
403 1966 581 2007 ἀπορούμενοι
604 1967 664 2006 περὶ
685 1967 754 2001 τίνος
767 1968 849 2007 λέγει.
869 1979 884 1997 υ

85 2011 234 2047 Ἐννοήσας
258 2012 272 2040 ὁ
291 2011 406 2051 Κύριος,
432 2011 472 2040 ὅτι
494 2013 508 2040 ὁ
531 2011 660 2052 προδότης
675 2012 806 2052 ἑκατέρων
829 2014 883 2042 ἀπ-

85 2056 238 2095 εστέρηται,
264 2055 310 2085 καὶ
333 2057 379 2091 τῆς
392 2056 419 2084 ἐν
441 2060 494 2089 τοῖς
515 2055 602 2089 πόνοις
617 2057 763 2094 ὑπομονῆς,
779 2057 824 2086 καὶ
839 2060 885 2094 τῆς

85 2102 118 2130 ἐκ
151 2102 203 2129 τῶν
232 2100 439 2140 ὑποδεχομένων
467 2099 625 2140 θεραπείας,
653 2100 814 2141 ταράττεται
846 2104 884 2143 τῷ

85 2144 367 2184 πνεύματι,τουτέστι,
379 2144 449 2184 λύπῃ
463 2145 589 2184 βάλλεται
599 2145 648 2181 τὴν
659 2145 757 2186 ψυχήν.
805 2158 819 2175 (ι
830 2147 883 2177 Καὶ

85 2190 257 2229 ἐμαρτύρησε
270 2211 278 2225 ,
303 2201 318 2218 ι)
343 2190 439 2230 φησὶν,
457 2190 516 2219 ἀντὶ
530 2192 591 2226 τοῦ,
607 2192 717 2230 προεῖπε
727 2216 735 2228 ,
752 2202 885 2231 προεμαρ-

976 1839 1065 1865 Vsus.
1083 1838 1128 1870 21,
1143 1838 1186 1863 22.
1204 1846 1216 1859 α
1229 1835 1299 1863 Cum
1310 1834 1369 1863 hac
1383 1834 1496 1863 dixisset
1507 1837 1597 1870 Jesus,
1612 1836 1739 1865 turbatus

940 1886 981 1910 est
995 1881 1102 1917 spiritu,
1117 1885 1144 1908 et
1165 1883 1280 1907 testatus
1295 1883 1347 1914 est,
1366 1879 1490 1916 dixitque
1512 1889 1520 1908 :
1538 1883 1638 1914 Amen,
1655 1890 1737 1909 amen

940 1926 1002 1956 dico
1017 1926 1105 1959 vobis,
1123 1924 1199 1961 quod
1220 1932 1291 1952 unus
1304 1932 1337 1952 ex
1351 1924 1430 1952 vobis
1449 1924 1608 1960 proditurus
1626 1929 1669 1953 est
1681 1934 1735 1954 me.

940 1971 1117 2008 Aspiciebant
1127 1977 1192 2006 ergo
1209 1968 1362 1997 seinvicem
1372 1969 1507 2005 discipuli,
1522 1969 1683 1998 hzcsitantes
1703 1971 1737 1999 de

940 2025 995 2053 quo
1004 2016 1117 2044 diceret.
1134 2027 1146 2040 ιι
1158 2014 1287 2050 Cogitans
1297 2015 1431 2042 Dominus
1443 2015 1612 2050 proditorem
1622 2019 1737 2052 utroque

943 2061 1118 2097 privandum,
1140 2063 1169 2087 et
1181 2058 1313 2095 patientia
1336 2059 1364 2087 in
1391 2059 1544 2093 laboribus,
1561 2064 1589 2087 et
1603 2060 1739 2096 excipien-

939 2106 1008 2134 tium
1024 2104 1191 2138 ministerio,
1212 2103 1339 2131 turbatur
1362 2104 1469 2140 spiritu,
1486 2103 1539 2132 hoc
1563 2109 1613 2138 est,
1629 2105 1737 2132 tristitia

938 2150 1119 2186 afﬁcitureius
1125 2149 1227 2176 anima.
1241 2160 1253 2172 ι
1265 2149 1300 2176 Et
1308 2152 1420 2176 testatus
1429 2153 1479 2182 est,
1494 2160 1505 2173 ι
1518 2149 1615 2184 inquit,
1624 2149 1676 2177 hoc
1685 2154 1736 2182 est,

939 2194 1076 2231 praedixit,
1089 2197 1236 2222 attestatus
1248 2197 1302 2227 est,
1315 2192 1475 2221 afﬁrmavit.
1489 2205 1501 2217 α
1516 2193 1602 2229 Igitur
1614 2193 1736 2229 discipuli

85 2234 198 2274 τύρατο,
214 2234 378 2274 ἀπεφήνατο.
403 2245 417 2262 (ι
437 2235 473 2264 Οἱ
489 2234 576 2264 τοίνυν
591 2235 710 2273 μαθηταὶ
733 2236 883 2275 ἀπορούμε-

945 2240 1107 2273 amsitantes,
1122 2238 1290 2274 aspiciebant
1304 2245 1334 2265 se
1348 2238 1464 2265 invicem
1482 2247 1489 2266 :
1505 2250 1518 2263 ι
1533 2246 1597 2266 nam
1613 2239 1737 2274 quamvis

85 2290 140 2316 νοι,
155 2278 268 2308 ἔϐλεπον
283 2281 319 2313 εἷς
332 2279 470 2315 ἀλλήλους.
486 2290 501 2308 n
549 2280 582 2309 Εἰ
595 2279 646 2319 γὰρ
657 2279 702 2308 καὶ
717 2279 827 2313 ἕκαστος
839 2282 884 2309 αὐ-

86 2325 140 2353 τῶν
165 2323 335 2363 καθαρότητα
355 2324 461 2364 συνῄδει
489 2325 590 2364 ἑαυτῷ,
612 2325 658 2353 καὶ
679 2325 751 2354 οὐδὲν
769 2325 882 2365 πονηρὸν

85 2369 145 2401 ταῖς
164 2370 265 2398 ἑαυτῶν
290 2368 415 2402 διανοίαις
439 2368 648 2408 συνεγίνωσκον,
675 2368 748 2408 ὅμως
771 2369 814 2400 τὸν
836 2373 882 2400 τοῦ

88 2413 187 2452 Κυρίου
211 2413 288 2452 λόγον
320 2413 529 2453 ἀξιοπιστότερον
561 2416 674 2452 ἡγοῦντο
702 2415 754 2442 τῶν
780 2414 882 2444 οἰκείων

86 2457 218 2488 διανοιῶν.
244 2457 293 2487 Διὸ
308 2457 353 2486 καὶ
376 2459 520 2488 λυποῦνται
537 2457 583 2487 καὶ
600 2458 799 2498 ἓξαποροῧνται.
827 2461 882 2489 Τοῦ

87 2502 216 2543 ἀψευδοῦς
229 2501 281 2542 γὰρ
299 2498 332 2538 ἦν
345 2504 362 2538 ἡ
384 2503 529 2543 ἀπόφασις,
550 2503 584 2539 ἣν
600 2503 760 2539 ἐκϐήσεσθαι
778 2504 883 2538 πάντως

87 2546 232 2577 ἐπίστευον.
275 2547 408 2583 Ἐνόησαν
424 2548 453 2577 δέ
467 2559 533 2581 τινες
548 2547 577 2577 τὸ
587 2571 595 2586 ,
622 2559 637 2577 ιι
658 2543 695 2582 εἶς
710 2548 736 2582 ἐξ
752 2550 841 2586 ὑμῶν,
864 2560 879 2578 n

86 2591 181 2624 οὕτως·
230 2603 245 2622 (ι
258 2587 318 2630 Εἷς,
329 2603 343 2621 ι)
361 2592 453 2632 φησὶν,
463 2591 582 2622 ἐκπεσὼν
593 2594 668 2631 ὑμῶν
680 2596 724 2623 τοῦ
733 2597 824 2632 χοροῦ,
838 2594 883 2623 καὶ

92 2647 106 2665 ιι
125 2636 152 2671 ἐξ
164 2638 240 2675 ὑμῶν
251 2648 267 2666 n
291 2636 414 2675 ἐξελθὼν,
436 2648 450 2666 ι(
466 2637 622 2679 παραδώσει
637 2650 684 2676 με·
702 2649 716 2667 n
732 2638 822 2679 ὥσπερ
837 2638 882 2668 καὶ

86 2680 124 2718 τὸ,
141 2692 156 2710 ιι
166 2681 234 2712 Ἰδοὺ
246 2681 351 2722 γέγονεν
366 2682 452 2720 Ἀδὰμ
464 2683 500 2714 ὡς
511 2677 547 2716 εἶς
560 2682 586 2716 ἐξ
599 2684 688 2721 ἡμῶν.
700 2693 714 2712 ι)
762 2677 818 2714 Καὶ
831 2682 882 2723 γὰρ

86 2725 221 2755 κάνταῦθα
235 2727 434 2767 περιεργότερον
448 2726 478 2756 τὸ
495 2726 574 2767 ῥητὸν
590 2727 756 2761 ἐξελάϐοντο.
803 2738 819 2757 (ι
835 2727 883 2757 Γέ-

121 2824 142 2841 ³⁹
155 2825 228 2853 Gen.
239 2833 284 2860 In,
301 2828 346 2853 22.

939 2284 1039 2320 singuli
1054 2284 1121 2311 bene
1136 2282 1238 2311 conscii
1253 2286 1355 2316 essent,
1370 2282 1404 2310 de
1419 2283 1496 2310 nullo
1510 2283 1584 2310 malo
1606 2287 1736 2319 arguente

937 2328 999 2357 illos
1011 2328 1186 2360 conscientia,
1201 2335 1358 2355 sermonem
1372 2331 1463 2355 tamen
1475 2328 1589 2355 Domini
1601 2329 1736 2356 veriorem

936 2374 992 2401 suis
1005 2372 1220 2409 cogitationibus
1240 2372 1444 2406 existimabant,
1460 2372 1533 2400 unde
1545 2377 1572 2400 et
1593 2373 1738 2401 tristautur

937 2426 968 2446 ac
983 2418 1121 2446 haesitant.
1147 2417 1286 2445 Sententia
1302 2417 1376 2444 enim
1401 2421 1459 2444 erat
1473 2417 1531 2452 ejus
1553 2417 1599 2453 qui
1628 2418 1736 2445 mentiri

936 2462 1082 2496 nesciebat,
1093 2470 1175 2498 quam
1184 2462 1296 2489 omnino
1311 2461 1395 2497 692
1404 2465 1562 2490 eventuram
1577 2462 1736 2490 credebant.

936 2507 1132 2536 lntellexerunt
1142 2511 1234 2535 autem
1247 2506 1369 2542 quidam,
1386 2517 1399 2530 οι
1417 2515 1486 2535 unus
1509 2515 1540 2535 ex
1550 2507 1636 2542 vobis,
1650 2519 1662 2531 ιι
1675 2508 1714 2535 sic
1728 2517 1735 2535 :

937 2552 989 2587 Qui
1006 2560 1022 2580 a
1037 2556 1127 2580 vestro
1141 2551 1227 2580 choro
1235 2551 1345 2585 excidit,
1360 2555 1387 2579 et
1399 2552 1524 2580 uavobis
1542 2564 1554 2576 υ
1566 2553 1642 2588 exiit,
1655 2563 1667 2576 ιι
1682 2556 1736 2579 tra-

937 2596 984 2626 det
992 2605 1052 2625 me:
1070 2609 1082 2622 n
1095 2597 1167 2625 sicut
1181 2596 1278 2630 ethoc,
1289 2608 1301 2621 η
1315 2598 1387 2625 Ecce
1397 2596 1486 2625 Adam
1499 2596 1585 2624 iactus
1596 2601 1636 2624 est
1648 2597 1736 2624 sicut-

937 2650 1009 2670 unus
1023 2650 1056 2670 ex
1080 2642 1160 2670 nobis
1172 2641 1202 2669 δ’,
1220 2653 1233 2666 ει
1249 2650 1314 2670 nam
1327 2646 1355 2670 et
1367 2642 1394 2669 in
1408 2650 1440 2669 eo
1457 2642 1516 2669 loco
1542 2641 1677 2669 curiosius
1695 2641 1736 2668 di-

937 2691 1013 2715 ctum
1047 2690 1234 2723 exposuerunt
1263 2697 1271 2715 :
1306 2688 1441 2715 «Factus
1476 2690 1531 2719 est,
1556 2686 1629 2719 dicit,
1665 2685 1736 2712 sicut

936 2739 1009 2760 unus
1020 2732 1066 2768 qui
1078 2740 1111 2760 ex
1131 2731 1236 2768 nobis;
1252 2731 1358 2764 cecidit.
1374 2731 1427 2759 hoc
1441 2734 1493 2765 est,
1512 2729 1646 2758 diabolus.
1660 2729 1735 2758 Sicut
