1922 3077
171 143 221 170 I59

165 205 241 232 enim
262 204 307 232 ille
316 203 417 232 excidit
428 211 444 232 a
457 203 549 235 nobis.
560 203 599 231 ita
615 207 690 231 certe
700 208 728 231 et
742 203 786 231 hic
800 207 911 240 propter
926 203 966 231 in-
978 206 1005 237 Α

166 249 350 277 obedientiam
364 248 452 276 factus
465 252 506 276 est
527 256 561 276 ex
577 248 673 282 nobis;
691 248 745 276 hoc
759 253 811 283 est,
828 248 928 277 excidit
949 257 965 277 a

167 293 258 322 nobis.

202 385 288 411 Vens.
301 385 396 410 23-26.
410 394 422 407 ν
438 384 505 410 Erat
518 386 611 411 autem
626 390 698 411 unus
706 390 741 411 ex
756 383 893 419 discipulis
907 383 966 419 ejus

167 428 330 456 recumbens
344 428 371 455 in
385 428 447 456 sinu
461 428 536 461 Jesu,
560 428 689 455 nimirum
705 428 727 456 is
743 436 825 464 quem
839 427 967 463 diligebat

169 474 259 501 Jesus.
283 473 375 500 Innuit
398 480 464 508 ergo
478 472 542 500 huic
565 472 661 500 Simon
678 474 782 506 Petrus,
799 477 830 501 ut
846 473 967 501 sciscita-

169 521 246 545 retur
267 517 329 552 quis
343 521 415 544 esset
429 516 462 544 de
477 524 533 552 quo
560 517 725 552 loqueretur.
739 519 832 552 Itaque
847 525 909 545 cum
923 525 966 545 re-

167 562 307 590 cubuisset
320 562 364 590 ille
384 569 465 597 super
484 565 577 597 pectus
596 563 672 595 Jesu,
686 561 750 589 dicit
770 562 795 589 ei
812 571 818 589 :
836 562 966 596 Domine,

169 607 232 643 quis
244 607 302 634 est?
311 606 466 641 Respondit
476 608 565 640 Iesus,
582 607 630 634 Ille
644 611 686 634 est
700 607 742 634 cui
754 615 805 643 ego
817 607 965 634 intinctum

169 659 268 687 panem
284 658 442 686 porrexero.
469 662 481 674 ι»
504 652 593 685 Quare
614 651 743 679 omnibus
757 651 815 678 aliis
835 655 862 679 et
885 653 966 679 Petro

169 697 230 732 ipso
245 696 366 731 principe
382 700 527 729 tremente.
543 697 663 724 Joannes
678 696 753 732 quasi
772 696 914 724 delicatior
927 705 968 724 re-

170 740 275 768 cumbit
286 740 315 768 in
331 741 390 768 sinu
406 740 535 768 Domini?
559 742 590 768 lit
606 741 718 774 iterum,
733 748 817 776 quare
830 741 863 768 de
877 741 968 776 seipso

170 784 238 813 dicit
251 784 325 820 quod
342 796 355 809 (ι
380 793 444 812 eum
460 784 589 820 diligebat
614 786 716 813 Jesus?
741 797 753 809 ν
779 785 969 813 Recumbebat

170 829 282 865 quidem
304 833 416 865 propter
444 829 512 857 duas
538 829 597 857 illas
615 837 728 858 causas:
751 838 804 857 una
829 834 882 864 est,
905 830 968 866 quia

171 881 227 909 prae
250 874 378 902 omnibus
396 874 456 902 aliis
476 874 640 909 diligebatur
661 874 790 902 maxime.
809 874 972 902 Dilectionis
987 870 1010 900 B

169 923 261 946 autem
288 918 409 955 signum,
435 919 594 946 recumbere
615 927 679 946 cum
703 919 833 946 Domino.
863 920 969 954 Altera,

170 963 234 1000 quia
248 963 356 990 volebat
370 971 400 991 se
413 963 560 991 ostendere
570 963 689 991 alienum
704 972 719 991 a
732 964 849 991 crimine
862 972 909 999 per
918 964 970 992 hoc

170 1007 244 1044 quod
257 1012 315 1035 tam
328 1007 412 1035 libera
426 1008 462 1035 illi
478 1016 541 1036 cum
557 1008 668 1036 Christo
689 1009 866 1036 familiaritas.
886 1010 927 1036 De
941 1016 970 1036 se

171 1057 262 1080 autem
275 1057 391 1080 testatur
404 1053 477 1089 quod
506 1053 632 1081 dilexerit
659 1053 750 1088 ipsum
772 1055 863 1087 Jesus,
885 1057 916 1081 ut
935 1061 970 1081 ne

171 1106 233 1125 cum
245 1102 275 1125 tu
288 1097 406 1125 audieris
421 1098 496 1134 quod
513 1098 608 1126 innuat
622 1099 649 1126 ei
670 1099 776 1133 Petrus,
798 1103 829 1126 ut
852 1098 970 1126 interro-

171 1147 257 1179 garet,
277 1147 356 1178 putes
367 1141 443 1178 quod
468 1147 600 1178 tanquam
624 1143 724 1179 majori
748 1143 798 1179 ipsi
826 1143 968 1171 innuerit:

172 1187 244 1215 unde
258 1187 324 1215 dicit
346 1187 516 1223 evangelista
531 1187 564 1215 de
585 1195 624 1222 se,
639 1188 714 1223 quod
736 1190 833 1216 Petrus
852 1188 904 1216 sibi
925 1189 969 1215 in-

171 1232 232 1260 nuit
251 1240 309 1260 non
330 1236 360 1259 ut
381 1232 493 1268 majori,
519 1233 565 1259 sed
581 1237 613 1260 ut
631 1233 656 1260 ei
678 1232 724 1269 qui
746 1232 862 1261 dilectus
881 1233 971 1269 magis

171 1276 262 1305 fuerat
282 1285 297 1304 a
313 1276 452 1310 Domino;
478 1281 504 1304 et
523 1277 558 1304 ita
579 1278 667 1313 magis
692 1277 863 1312 humilitatis,
883 1286 968 1314 quam

171 1322 362 1350 ostentationis
376 1322 491 1349 verbum
507 1326 558 1349 est.
573 1323 636 1349 Non
649 1322 723 1350 enim
743 1322 817 1357 dicit,
834 1323 891 1358 Ego
908 1323 968 1350 dili-

172 1367 269 1402 gebam
280 1367 388 1400 Jesum,
402 1366 478 1402 quod
488 1366 521 1394 de
535 1368 616 1394 Petro
629 1371 808 1402 protestatur,
823 1367 873 1395 sed
884 1367 967 1402 quid?

172 1411 221 1439 Ille
240 1411 327 1443 enim,
342 1411 438 1446 inquit,
458 1411 587 1446 diligebat
602 1419 656 1444 me,
670 1411 716 1447 qui
730 1416 842 1447 propter
859 1412 968 1439 miseri-

170 1455 293 1483 cordiam
318 1459 347 1483 et
376 1455 582 1483 miserationem
606 1464 687 1483 suam
718 1460 877 1491 susceperat
911 1463 966 1483 me.

173 1499 256 1536 Quod
269 1504 297 1527 et
315 1500 463 1535 Apostolus
477 1500 544 1528 dicit
557 1500 579 1516 ‘°
598 1510 605 1529 :
623 1511 636 1524 α
660 1501 823 1535 Persequor,
852 1500 874 1527 si
890 1507 966 1527 com-

172 1544 341 1581 prehendam
357 1545 385 1571 in
397 1553 430 1572 eo
440 1553 497 1580 quo
506 1549 532 1572 et
545 1545 762 1581 comprehensus
773 1552 834 1572 sum
843 1552 858 1572 a
870 1546 938 1572 Deo.
953 1556 965 1568 ι)
984 1557 1006 1588 C

173 1591 208 1617 Et
221 1589 321 1617 iterum
334 1588 366 1623 “,
382 1599 396 1615 ιι
412 1590 463 1624 Qui
475 1593 662 1625 cognoverunt
681 1590 783 1622 Deum,
798 1589 855 1616 imo
867 1589 967 1623 cogniti

175 1638 238 1661 sunt
249 1643 265 1662 a
278 1635 349 1662 Deo.
362 1645 374 1658 ι
390 1635 435 1661 Sic
450 1634 533 1670 igitur
545 1642 607 1661 cum
618 1633 695 1664 dicit.
709 1644 721 1657 α
735 1634 823 1668 Quem
838 1632 969 1668 diligebat

173 1680 263 1713 Jesus,
280 1690 292 1703 υ
310 1687 362 1706 non
379 1679 504 1714 gloriatio
520 1682 570 1712 est,
585 1677 634 1705 sed
648 1677 812 1704 humilitatis
826 1677 967 1706 iudicium.

174 1724 264 1758 Quare
279 1727 370 1751 autem
391 1725 487 1751 Petrus
502 1730 556 1750 non
578 1722 729 1757 interrogat
747 1722 907 1755 Dominum,
922 1723 968 1750 sed

174 1768 263 1796 innuit
284 1769 401 1797 Joanni?
416 1768 487 1803 Quia
505 1775 560 1803 prae
577 1766 660 1794 nimio
677 1765 782 1794 fervore
800 1775 872 1802 saepe
886 1767 970 1796 inter-

174 1817 316 1849 rogaverat
334 1813 500 1845 Dominum,
521 1815 549 1838 et
559 1811 712 1847 increpatus
727 1816 796 1846 erat,
810 1812 868 1848 ejus
883 1813 969 1848 gratia

173 1865 246 1885 nunc
260 1858 430 1893 interrogare
445 1855 574 1884 formidat
593 1865 600 1883 :
615 1861 646 1884 ut
659 1864 716 1884 non
740 1857 820 1884 etiam
834 1865 906 1885 nunc
928 1860 969 1885 te-

174 1903 308 1930 merarius
327 1905 458 1938 arguatur
478 1909 493 1928 a
518 1901 647 1929 Domino.
665 1902 756 1936 Quare
773 1906 864 1929 autem
884 1903 969 1930 Joan-

173 1954 222 1974 nes
247 1946 346 1975 accidit
370 1946 405 1974 ad
428 1949 524 1981 pectus
548 1946 614 1972 Jesu
639 1946 742 1982 absque
766 1946 919 1974 reverentia
944 1951 970 1974 et

174 1991 376 2019 submissionc?
391 1991 461 2025 Quia
476 1990 543 2017 nihil
555 1989 645 2017 adhuc
659 1998 790 2026 magnum
803 1990 837 2018 de
851 1991 970 2018 Domino

173 2036 316 2069 sentiebat,
338 2042 427 2070 neque
449 2038 527 2061 erant
549 2033 642 2061 edocti
673 2034 788 2069 dignum
809 2035 970 2063 reverentia:

175 2080 311 2107 honorem
326 2078 464 2112 exhibere;
485 2078 632 2114 piscatores
646 2079 720 2106 enim
748 2082 826 2106 erant
845 2083 872 2106 et
887 2079 970 2106 oflicii

174 2124 305 2159 imperiti.
326 2123 466 2150 Permittit
484 2127 576 2151 autem
593 2123 616 2151 ei
633 2123 769 2151 Dominus
786 2128 816 2151 ut
829 2124 970 2151 recumbat

174 2176 255 2204 super
276 2172 381 2204 pectus,
404 2175 552 2196 maerorem
574 2167 632 2203 ejus
654 2169 772 2202 solvens,
794 2173 822 2196 et
841 2168 971 2204 mitigans

177 2213 363 2240 turbationem
383 2212 482 2240 mentis
496 2213 578 2247 illius,
601 2217 630 2241 et
650 2212 678 2240 in
701 2221 809 2240 summa
832 2213 970 2241 tristitiam

176 2258 291 2293 sopiens.
316 2257 468 2285 Verisimile
483 2257 557 2285 enim
582 2258 664 2285 etiam
691 2258 775 2293 693
800 2258 827 2285 in
854 2257 971 2286 faeiebus

175 2310 272 2330 eorum
287 2303 405 2330 multum
431 2303 558 2330 mmroris
573 2303 739 2338 apparuisse.
770 2303 802 2329 Et
822 2310 911 2338 neque
931 2303 972 2331 sic

175 2348 359 2383 interrogatus
386 2347 524 2375 Dominus
547 2347 659 2375 nomine
689 2347 857 2383 proditorem
886 2347 972 2375 mani-

176 2391 265 2423 festat,
277 2391 325 2419 sed
336 2399 383 2426 per
399 2391 552 2419 buccellam
565 2395 630 2419 tunc
644 2391 821 2420 manifestum
836 2392 910 2426 facit,
926 2391 970 2420 ad-

176 2444 292 2463 monens
316 2435 496 2471 proditorem,
519 2440 545 2463 et
563 2436 591 2463 in
609 2436 772 2464 memoriam
789 2437 813 2464 ei
834 2437 967 2464 reducens

176 2488 300 2508 mensam
324 2484 352 2507 et
374 2488 475 2515 panem
495 2488 613 2516 quorum
632 2481 765 2516 particeps
789 2485 858 2514 erat,
884 2485 914 2509 ut
935 2489 970 2509 ne

177 2524 284 2561 prodat,
298 2529 325 2552 et
336 2529 430 2552 contra
444 2525 736 2560 pascenteminsaniat.
749 2526 858 2561 Accipe,
870 2526 970 2561 inquit,

176 2577 288 2605 panem,
299 2569 378 2605 cujus
385 2577 495 2597 mecum
507 2569 643 2605 particeps
651 2577 689 2601 es,
703 2577 812 2597 memor
826 2575 886 2597 esto
894 2578 972 2598 com-

176 2614 267 2642 munis
287 2621 399 2642 mensaa.
427 2616 463 2641 At
482 2621 537 2641 non
552 2613 684 2641 intellexit
711 2613 804 2642 anima
820 2614 890 2641 illius
913 2622 970 2650 pra:

177 2658 323 2687 affectione
337 2662 457 2694 gravata.
484 2658 511 2686 Si
527 2658 566 2686 vis
585 2662 613 2686 et
628 2658 685 2694 ipse
710 2667 795 2694 prope
814 2659 912 2687 Jesum
929 2667 972 2687 re-

177 2703 316 2738 cumbere,
333 2707 361 2732 et
382 2703 411 2731 in
432 2707 526 2739 pectus
549 2703 609 2738 ejus
630 2702 738 2737 cadere,
754 2707 782 2732 et
801 2703 914 2739 mystica
936 2704 970 2732 ab

213 2787 235 2804 ⁸ο
244 2788 364 2824 Philipp.
383 2795 434 2822 ιιι,
453 2791 496 2815 l2.
512 2788 531 2805 *ι
544 2787 635 2816 Galat.
650 2796 694 2822 ιν,
707 2791 734 2815 9.

682 141 940 169 THEOPHYLACTI
961 141 1139 169 BULGARI/E
1157 141 1316 169 ARCHIEP.

1794 141 1844 168 160

1018 216 1094 243 γονε,
1112 204 1191 244 φησὶν
1202 227 1210 240 ,
1227 205 1261 237 ὡς
1286 199 1322 237 εἷς
1336 203 1361 238 ἐξ
1383 204 1461 241 ἡμῶν
1480 213 1495 232 ι
1512 202 1622 243 πεσὼν,
1645 202 1816 241 τουτέστιν,
1832 203 1845 231 6

1021 249 1155 282 διάϐολος·
1181 248 1271 288 ὥσπερ
1286 248 1338 287 γὰρ
1352 249 1450 282 ἐκεῖνος
1474 248 1671 284 ἐκπέπτωκεν,
1691 247 1770 276 οὕτω
1797 247 1845 276 xui

1020 288 1092 326 οἶτος
1105 293 1147 322 διὰ
1158 295 1205 329 τῆς
1219 295 1358 332 παρακοῆς
1372 292 1519 332 γέγονεηέξ
1533 294 1614 332 ἡμῶν
1626 315 1636 332 ,
1658 291 1735 333 ὅπερ
1753 291 1846 329 ἐστὶν,

1021 337 1189 368 ἐκπέπτωκεν
1203 339 1280 376 ἡμῶν
1286 361 1293 368 .

1067 393 1080 411 ι(
1094 377 1148 412 ’Ἦν
1164 382 1190 412 δὲ
1205 382 1373 421 ἀνακείμενος
1389 377 1424 415 εἶς
1439 383 1490 411 τῶν
1502 382 1635 420 μαθητῶν
1654 381 1749 422 αὐτοῦ
1761 382 1790 410 ἐν
1806 383 1846 422 τῷ

1020 427 1112 468 κόλπῳ
1127 429 1217 464 Ἰησοῦ
1228 450 1236 463 ,
1256 427 1284 457 ὃν
1299 427 1391 465 ἠγάπα
1407 428 1526 462 Ἰησοῦς.
1570 425 1662 457 Νεύει
1686 421 1738 468 οξν
1754 426 1846 467 τούτῳ

1023 472 1114 510 Σίμων
1135 473 1237 511 Πέτρος
1261 473 1404 508 πυθέσθαι,
1426 472 1464 504 τίς
1484 470 1515 500 ἂν
1534 471 1574 507 εἴη
1597 470 1671 510 περὶ
1697 466 1730 500 οὗ
1762 471 1845 510 λέγει.

1021 516 1178 546 Ἐπιπεσὼν
1202 516 1228 546 δὲ
1244 518 1339 549 ἐκεῖνος
1356 516 1399 546 ἐπὶ
1418 516 1449 545 τὸ
1470 518 1564 551 στῆθος
1586 518 1638 545 τοῦ
1661 515 1779 551 Ἰησοῦ,
1797 516 1842 544 λέ-

1022 573 1062 600 γει
1077 563 1164 601 αὖτῷ·
1187 560 1281 600 Κύριε,
1297 561 1337 594 τίς
1358 562 1448 598 ἔστης
1472 560 1666 600 Ἀποκρίνεται
1683 561 1700 589 6
1715 561 1844 596 Ἰησοῦς·

1023 606 1140 639 Ἐκεῖνός
1158 606 1245 641 ἐστιν,
1261 601 1346 645 ᾧέγὼ
1368 605 1455 645 βάψας
1477 605 1507 633 τὸ
1529 605 1640 645 ψωμίον
1659 605 1808 635 ἐπιδώσω.
1826 615 1840 633 n

1023 650 1100 680 Διατί
1116 650 1221 680 πάντων
1240 650 1412 688 ἀγωνιώντων
1424 673 1432 686 ,
1451 649 1496 678 xui
1516 652 1596 679 αὐτοῦ
1619 653 1673 679 τοῦ
1687 650 1844 689 χορυςραίου

1025 696 1127 735 Πέτρου
1150 695 1304 735 τρέμοντος,
1321 697 1335 724 6
1348 694 1476 730 Ἰωάννης
1490 693 1582 735 ὥσπερ
1601 696 1756 734 ἐντρυφῶν
1773 694 1843 724 ἀνά-

1024 751 1108 769 κειται
1122 741 1148 769 ἓν
1165 742 1201 779 τῷ
1216 742 1262 769 τοῦ
1286 739 1384 777 Κυρίου
1403 739 1513 780 κόλπῳ;
1535 739 1581 767 xui
1604 738 1667 776 ἔτι,
1686 739 1766 768 διατί
1781 739 1844 778 περὶ

1024 787 1118 825 ἑαυτοῦ
1133 796 1228 825 φησιν,
1245 785 1284 814 ὅτι
1301 795 1315 813 (ι
1329 783 1356 813 ὃν
1371 784 1466 823 ἠγάπα
1481 785 1494 812 6
1509 783 1633 821 Ἰησοῦςς
1651 794 1669 812 ιν
1693 783 1843 814 Ἀνέκειτο

1025 830 1072 867 μὲν
1094 824 1143 858 οὖν
1158 830 1201 859 διὰ
1216 831 1300 858 ταῦτα
1323 829 1357 858 τὰ
1371 828 1430 857 δόθ’
1446 827 1473 857 ἓν
1491 828 1557 867 μὲν,
1580 828 1621 858 ὅτι
1649 828 1843 867 ἀγαπώμενος

1024 870 1056 910 ἧν
1072 874 1177 903 πάντων
1201 874 1318 911 μάλιστα
1335 875 1387 902 τῶν
1401 873 1502 902 ἄλλων·
1529 872 1640 911 ἀγάπης
1660 873 1692 902 δὲ
1720 875 1840 911 σημεῖον

1024 919 1055 948 τὸ
1071 920 1224 948 ἀνακεῖσθαι
1240 917 1308 957 μετὰ
1323 921 1369 947 τοῦ
1392 917 1503 957 Κυρίου.
1546 916 1667 958 Ἕτερον
1691 917 1740 954 δὲ,
1759 917 1840 948 ἀλλό-

1024 975 1095 1002 τριον
1117 963 1209 992 ἑαυτὸν
1225 966 1270 992 τοῦ
1293 962 1458 1001 ἐγκλήματος
1483 961 1563 996 δεῖξαι
1589 963 1769 1001 βουλόμενος
1797 962 1841 991 διὰ

1024 1010 1069 1037 τοῦ
1094 1007 1322 1049 παρρησιάζεσθαι
1343 1008 1389 1036 καὶ
1413 1008 1530 1047 θαρρεῐν.
1574 1007 1646 1046 Περὶ
1675 1009 1781 1036 ἑαυτοῦ
1809 1007 1837 1036 δὲ

1025 1057 1167 1092 μαρτυρεῖ,
1182 1052 1223 1081 ὅτι
1244 1051 1337 1090 ἠγάπα
1352 1051 1429 1081 αὐτὸν
1445 1053 1458 1080 6
1479 1052 1594 1087 Ἰησοῦς,
1611 1053 1735 1089 ζήτημα
1752 1051 1837 1081 λύων.

1023 1095 1084 1126 Ἵνα
1099 1097 1150 1137 γὰρ
1173 1097 1210 1135 μὴ
1233 1096 1336 1125 ἀκούων
1357 1095 1405 1132 σὺ,
1419 1095 1461 1126 ὅτι
1479 1095 1582 1125 ἔνευσεν
1598 1097 1677 1135 αὐτῷ
1701 1098 1717 1124 6
1735 1096 1840 1136 Πέτρος

1025 1142 1175 1181 ἐρωτῆσαι,
1201 1140 1332 1180 νομίσῃς,
1359 1140 1399 1169 ὅτι
1424 1142 1458 1174 ὡς
1486 1141 1585 1179 μείζονι
1617 1142 1699 1181 αὐτῷ
1727 1142 1838 1170 ἔνευσε’

1024 1185 1104 1225 φησὶν
1128 1187 1141 1214 6
1161 1185 1348 1225 εὖαγγελιστὴς
1363 1186 1423 1224 περὶ
1437 1186 1546 1220 ἑαυτοῦ,
1561 1183 1602 1213 ὅτι
1625 1186 1696 1224 Οὐχ
1714 1185 1754 1218 ὡς
1773 1185 1836 1223 μεί-

1024 1231 1078 1264 ζονί
1096 1242 1141 1268 μοι
1165 1230 1268 1259 ἔνευσεν
1283 1232 1296 1259 6
1317 1229 1432 1269 Πέτρος,
1447 1229 1505 1258 ἀλλ’
1527 1230 1562 1263 ὡς
1578 1230 1765 1270 ἀγαπωμένῳ
1786 1229 1839 1258 ὑπὸ

1024 1278 1068 1304 τοῦ
1096 1276 1223 1314 Χριστοῦ.
1250 1274 1332 1308 Ὦςτε
1359 1275 1460 1312 μᾶλλον
1487 1274 1703 1314 ταπεινόφρονος
1724 1273 1838 1313 γνώμης

1023 1320 1069 1348 οὐχ
1084 1321 1261 1354 ἐπιδεικτικῆς
1275 1320 1331 1348 ἐστι
1346 1322 1434 1349 τοῦτο.
1478 1318 1525 1354 Μὴ
1541 1317 1592 1358 γὰρ
1603 1318 1682 1357 λέγει
1700 1318 1745 1348 ὅτι
1761 1318 1838 1357 ³Εγὼ

1023 1364 1134 1402 ἠγάπων
1150 1363 1193 1393 τὸν
1215 1364 1320 1398 Ἰησοῦν
1332 1386 1340 1398 ,
1359 1362 1373 1391 ὃ
1389 1362 1434 1392 ἐπὶ
1448 1365 1494 1392 τοῦ
1517 1364 1621 1402 Πέτρου
1645 1375 1832 1403 προσμαρτυ-

1024 1410 1072 1448 ρεῖ,
1089 1408 1159 1437 ἀλλὰ
1172 1407 1212 1445 τί;
1234 1407 1365 1443 Ἐκεῖνος,
1381 1407 1473 1447 φησὶν,
1490 1407 1585 1445 ἠγάπα
1601 1408 1665 1445 ἐμὲ,
1685 1407 1734 1437 διὰ
1761 1408 1834 1440 ἔλεος

1023 1453 1069 1482 xui
1088 1451 1237 1493 οἷκτιρμοὺς
1261 1451 1477 1492 προσ-λαϐόμενός
1502 1464 1547 1490 με·
1564 1451 1578 1481 ὃ
1598 1452 1644 1481 xui
1700 1452 1835 1482 Ἀπόστο-

1023 1497 1066 1530 λος
1080 1497 1163 1535 λέγει·
1181 1508 1195 1525 (ι
1211 1496 1315 1532 Διώκω,
1327 1497 1349 1526 εἷ
1366 1497 1411 1526 xui
1425 1496 1584 1532 καταλάϐω,
1601 1497 1642 1536 ἐφ’
1655 1492 1680 1537 ᾧ
1698 1499 1749 1526 καὶ
1767 1509 1834 1526 κατ-

1023 1540 1137 1581 ελήφθην
1161 1541 1211 1570 ὑπὸ
1228 1542 1312 1571 Θεοῦ·
1337 1551 1352 1569 ι)
1380 1540 1426 1570 καὶ
1449 1541 1545 1579 πάλιν,
1571 1553 1584 1570 α
1603 1541 1724 1575 Γνόντες
1742 1542 1829 1578 Θεὸν,

1024 1587 1125 1624 μᾶλλον
1150 1586 1177 1614 δὲ
1198 1586 1356 1624 γνωσθέντες
1372 1586 1423 1615 ὑπὸ
1437 1586 1517 1616 Θεοῦ.
1536 1596 1550 1614 ι)
1597 1585 1697 1620 Οὕτως
1715 1582 1765 1615 οὖν
1782 1585 1830 1616 καὶ

1022 1630 1070 1667 τὸ,
1093 1642 1106 1658 ιι
1120 1629 1147 1659 ὃν
1163 1630 1257 1668 ἠγάπα
1275 1631 1289 1658 6
1302 1629 1422 1666 Ἰησους,
1436 1640 1451 1657 ι)
1473 1630 1501 1658 οὖ
1515 1629 1647 1669 καύχημα
1657 1653 1666 1667 ,
1685 1631 1763 1660 ἀλλὰ
1789 1642 1833 1659 τα-

1021 1674 1224 1714 πεινοφροσύνης
1239 1674 1375 1713 ἔνδειγμα.
1420 1673 1499 1703 Διατί
1514 1673 1540 1702 δὲ
1555 1675 1628 1713 οὐχὸ
1643 1675 1755 1714 Πέτρος
1766 1677 1830 1715 ἐρω-

1022 1724 1055 1760 τᾷ
1070 1719 1113 1748 τὸν
1130 1719 1245 1758 Κύριον,
1271 1718 1340 1748 ἀλλὰ
1364 1719 1401 1758 τῷ
1424 1717 1536 1757 Ἰωάννῃ
1556 1717 1680 1756 ἔνευσεν;
1711 1719 1828 1754 Ἐπειδὴ

1023 1763 1075 1793 ἀπὸ
1098 1765 1197 1800 πολλῆς
1230 1763 1390 1802 θερμότητος
1425 1763 1575 1803 εὑρίσκεται
1606 1764 1753 1803 πολλαχοῦ
1780 1764 1828 1802 μὲν

1022 1810 1110 1849 ὁρμῶν
1122 1832 1130 1845 ,
1143 1808 1336 1846 ἐπιτιμώμενος
1351 1807 1396 1846 δὲ,
1412 1807 1506 1837 τούτου
1519 1807 1606 1837 ἕνεκεν
1622 1810 1668 1836 νῦν
1689 1809 1830 1848 ἐρωτῆσαι

1023 1853 1156 1889 δέδοικεν,
1180 1853 1223 1882 ἵνα
1247 1853 1286 1891 μὴ
1301 1853 1347 1882 xui
1362 1855 1408 1881 νῦν
1425 1851 1556 1892 ἐπιπλήξῃ
1580 1853 1652 1892 αὐτῷ
1668 1855 1706 1886 ὡς
1730 1863 1828 1892 προπε-

1023 1899 1156 1938 τευομένῳ
1182 1900 1196 1927 6
1220 1898 1327 1937 Κύριος.
1372 1898 1450 1930 Τίνος
1477 1897 1503 1926 δὲ
1527 1896 1615 1926 ἕνεκεν
1649 1899 1662 1926 6
1692 1897 1826 1931 Ἰωάννης

1023 1943 1113 1972 πίπτει
1135 1943 1181 1971 ἐπὶ
1201 1944 1240 1982 τῷ
1264 1941 1354 1977 στήθει
1381 1944 1426 1971 τοῦ
1448 1941 1538 1977 Ἰησοῦ
1559 1941 1641 1974 οὕτως
1666 1941 1825 1974 ἀνευλαϐῶς

1024 1988 1068 2016 xui
1093 1986 1294 2022 ἀνυποστόλως;
1317 1985 1384 2016 Ὀτι
1404 1986 1478 2015 οὐδὲν
1495 1986 1597 2016 οὐδέπω
1618 1986 1679 2025 περὶ
1701 1986 1824 2024 Χριστοῦ

1023 2031 1094 2068 μέγα
1117 2030 1317 2069 ὑπελάμϐανεν,
1343 2030 1403 2059 οὐδὲ
1427 2026 1494 2066 ἦσαν
1516 2031 1744 2068 πεπαιδευμένοι,
1771 2030 1819 2064 τὴν

1024 2075 1097 2108 ἀξίαν
1123 2075 1203 2114 τιμὴν
1226 2075 1368 2114 προσάγειν
1391 2075 1444 2108 τοῖς
1468 2075 1578 2112 τιμίοις·
1605 2075 1689 2108 ἁλιεῖς
1712 2075 1766 2114 γὰρ
1794 2074 1818 2103 οἱ

1026 2119 1176 2159 ἄνθρωποι,
1193 2121 1238 2149 καὶ
1260 2122 1304 2149 τοῦ
1317 2119 1493 2159 προσήκοντος
1515 2121 1634 2157 ἀμαθεῖς.
1679 2119 1826 2158 Συγχωρεῖ

1025 2165 1051 2193 δὲ
1069 2166 1139 2205 αὖτῷ
1154 2167 1167 2194 6
1185 2164 1277 2203 Κύριος
1292 2167 1382 2193 πεσεῖν
1399 2163 1442 2192 ἐπὶ
1457 2163 1487 2193 τὸ
1508 2165 1619 2199 στῆθος,
1637 2163 1685 2199 τὴν
1704 2163 1822 2202 ἀθυμίαν

1024 2209 1092 2238 λύων
1113 2210 1208 2246 αὐτοῦ,
1225 2209 1270 2238 καὶ
1293 2208 1418 2248 πραΰνων
1434 2207 1478 2237 τὸν
1494 2207 1611 2247 τάραχον
1632 2211 1680 2244 τῆς
1704 2207 1822 2240 διανοίας

1025 2255 1118 2289 αὐτοῦ,
1144 2254 1190 2283 καὶ
1218 2253 1308 2287 ἁπλῶς
1324 2254 1371 2288 τὴν
1391 2251 1478 2288 λύπην
1500 2252 1710 2291 κατακοιμίζων,
1742 2251 1821 2284 Εἰκὸς

1025 2298 1075 2337 γὰρ
1099 2299 1144 2328 καὶ
1166 2298 1220 2332 τοῖς
1246 2298 1397 2337 προσώποις
1428 2299 1515 2326 αὐτῶν
1543 2297 1645 2332 πολλὴν
1671 2296 1820 2336 κατήφειαν

1025 2343 1216 2381 ἐπιφαίνεσθαι.
1243 2343 1297 2373 Καὶ
1319 2342 1376 2372 οὐδὲ
1397 2341 1478 2375 οὕτως
1505 2342 1642 2382 ἐρωτηθεὶς
1666 2343 1680 2371 6
1707 2341 1819 2381 Κύριος,

1025 2388 1152 2424 ὀνομαστὶ
1167 2388 1274 2427 φανεροῖ
1288 2387 1330 2416 τὸν
1348 2386 1489 2427 προδότην,
1509 2386 1577 2416 ἀλλὰ
1594 2387 1636 2415 διὰ
1652 2389 1697 2415 τοῦ
1711 2385 1819 2427 ψωμίου

1026 2433 1100 2468 δῆθεν
1118 2433 1251 2467 δηλοποιεῖ
1275 2432 1368 2468 αὐτὸν,
1387 2431 1517 2471 ἐντρέπων
1535 2431 1578 2460 τὸν
1598 2431 1749 2472 προδότην,
1774 2427 1818 2458 xui

1025 2478 1060 2509 εἷς
1083 2476 1203 2511 αἴσθησιν
1229 2476 1300 2515 ἄγων
1326 2476 1406 2505 αὐτὸν
1420 2478 1466 2511 τῆς
1489 2475 1622 2516 τραπέζης
1644 2476 1751 2505 καὶτοῦ
1768 2473 1816 2513 ἄρ·

1025 2533 1084 2550 του·
1106 2517 1142 2550 ὧν
1164 2520 1351 2558 μεταλαϐόντα
1372 2521 1420 2550 οὐκ
1443 2520 1495 2549 ἔδει
1519 2521 1661 2558 προδοῦναι
1676 2519 1722 2550 καὶ
1746 2516 1813 2558 κατᾲ

1025 2568 1070 2595 τοῦ
1094 2566 1208 2605 τροφέως
1232 2568 1358 2604 μανῆναι.
1385 2565 1482 2601 Δέξαι,
1510 2566 1589 2605 φησὶ,
1608 2565 1652 2594 τὸν
1677 2565 1771 2604 ἄρτον,
1788 2556 1815 2590 οὗ

1027 2609 1227 2647 συμμετέλαϐες
1257 2609 1329 2647 ἐμοὶ,
1353 2610 1388 2643 εἷς
1416 2609 1537 2645 αἴσθησιν
1563 2609 1620 2639 ἐλθὲ
1648 2612 1694 2645 τῆς
1724 2608 1810 2641 κοινῆς

1025 2655 1166 2694 τραπέζης.
1184 2654 1254 2683 Ἀλλ’
1269 2655 1299 2684 οὖ
1322 2656 1432 2689 συνῆκεν
1447 2654 1498 2684 ὑπὸ
1513 2657 1557 2683 τοῦ
1574 2654 1670 2687 πάθους
1689 2651 1814 2692 καρωθεὶς

1025 2699 1071 2735 τὴν
1087 2699 1186 2740 ψυχήν.
1214 2700 1248 2729 Εἰ
1265 2699 1346 2733 θέλεις
1364 2699 1410 2729 xui
1429 2699 1506 2733 αὐτὸς
1525 2701 1679 2729 ἀνακεῖσθαι
1699 2695 1807 2732 πλησίον
