1922 3077
88 171 146 198 161

481 169 676 198 ENARRATIO
696 170 730 197 IN
748 169 965 197 EVANGELIUM
983 169 1134 196 JOANNIS.
1154 183 1189 189 —
1207 169 1284 197 CAP.
1308 170 1373 197 XIII.

1699 172 1748 199 162

85 234 145 261 τοῦ
163 231 269 269 Ἰησοῦ,
287 231 334 262 καὶ
351 231 397 262 ἐπὶ
414 231 445 261 τὸ
460 234 554 268 στῆθος
580 233 658 261 αὐτοῦ
674 233 780 268 πεσεῖν,
794 231 839 261 καὶ
863 231 893 261 τὸ

953 239 986 259 eo
996 231 1112 265 discere,
1127 230 1163 259 da
1177 239 1290 267 operam
1304 235 1333 258 ut
1344 235 1457 267 propter
1467 231 1622 268 simplicem
1631 233 1748 261 bonam-

88 276 215 314 μυστικὰ
234 277 299 318 παρ’
316 278 397 307 αὐτοῦ
414 279 525 314 μαθεῖν,
553 276 702 306 σπούδασον
727 278 897 315 ἀγαπηθῆναι

87 324 171 361 αὐτῷ
198 321 242 351 διὰ
267 321 374 361 γνώμης
400 322 486 357 ἁπλῆς
512 322 558 351 καὶ
583 324 693 360 ἀγαθῆς.
729 322 782 351 Καὶ
804 321 853 360 γὰρ
883 323 897 350 6

87 367 223 402 Ἰωάννης
238 367 423 406 ἆκακώτερος,
439 366 485 396 καὶ
504 365 698 406 ἁπλούστερος,
723 366 768 395 καὶ
782 365 896 405 πραότε-

89 412 260 452 ρκπᾶντων
285 407 331 447 ἦν·
346 412 386 440 διὸ
410 411 455 440 καὶ
470 412 606 450 ἠγαπᾶτο.
626 411 680 441 Καὶ
705 409 736 439 σὺ
762 411 850 440 τοίνυν
875 411 897 440 εἶ

86 459 213 490 τοιοῦτος
233 456 288 492 εἴης
312 455 427 492 ἄκακος,
453 455 587 494 ἆξιωθήσῃ
617 456 662 485 καὶ
680 454 724 484 ἐπὶ
748 454 778 484 τὸ
805 457 898 490 στῆθος

85 503 141 530 τοῦ
164 501 257 536 Ἰησοῦ
283 502 426 530 ἀναπεσεῖν
448 499 472 539 (ὃ
494 503 540 529 τοῦ
574 501 724 538 θεολογικοῧ
750 499 899 538 ἀξιώματός

86 545 154 574 ἔστι
169 545 317 584 σύμϐολον.
336 545 383 575 Ἐν
398 545 449 585 γὰρ
469 547 503 585 τῇ
518 544 616 585 καρδία
633 540 700 574 οἶδεν
717 546 733 580 ἡ
756 543 851 584 Γραφὴ
864 543 899 573 τὰ

86 589 174 629 λόγια
202 593 247 620 τοῦ
274 590 374 631 Κυρίου
398 589 600 629 κρυπτόμενα),
625 588 670 618 καὶ
695 589 776 621 οὕτως
798 591 899 618 ἀποκα-

87 634 263 674 λυφθήσεταί
278 646 320 664 σοι
333 634 364 664 τό
385 646 413 663 τε
431 633 576 673 μυστήριον
593 634 681 669 ἅπαν,
697 633 742 662 καὶ
758 635 772 662 6
786 635 834 662 τοῦ
848 632 899 662 λό-

87 689 143 717 γου
173 679 314 719 προδότης.
351 679 400 717 Τῷ
427 678 479 718 γὰρ
507 678 555 713 τὴν
577 680 625 714 τῆς
659 676 792 716 θεολογίας
819 678 899 717 χάριν

87 723 278 759 πιστευθέντι,
305 723 352 753 καὶ
373 725 387 752 6
410 722 541 762 προδότης
559 725 606 752 τοῦ
625 722 704 762 λόγου
721 724 736 752 6
760 723 835 760 παρὰ
850 722 899 758 τὴν

88 767 192 806 ὀρθὴν,
209 768 293 808 φημὶ,
311 767 400 798 πίστιν
417 767 548 806 δοξάζων,
564 768 642 803 δῆλος
663 767 775 805 γίνεται.
795 766 832 796 τ0
848 767 900 806 γὰρ

952 283 1006 312 que
1020 280 1143 303 mentem
1162 275 1196 303 ab
1214 283 1247 303 eo
1261 275 1388 311 diligaris.
1405 276 1514 304 Etenim
1529 277 1651 305 Joannes
1665 278 1746 306 inno-

951 321 1137 354 centissimus,
1154 320 1375 356 simplicissimus
1391 325 1419 348 et
1440 321 1677 350 mansuetissimus
1688 331 1748 350 om-

951 365 1030 393 nium
1053 369 1122 399 erat,
1150 365 1213 392 ideo
1229 369 1257 392 et
1280 365 1451 400 diligebatur.
1469 366 1503 392 Et
1515 369 1545 393 tu
1566 373 1675 402 quoque
1688 367 1749 394 talis

951 413 1022 443 esto,
1036 413 1063 436 et
1077 409 1234 444 dignabitur
1249 413 1276 436 te
1289 409 1408 444 pectoris
1421 409 1464 437 sui
1485 409 1619 441 recubitu,
1634 410 1660 438 id
1676 411 1749 446 quod

951 453 1110 489 theologicae
1130 453 1270 489 dignitatis
1286 453 1444 489 symbolum
1464 458 1516 481 est.
1532 455 1564 481 In
1580 454 1662 482 corde
1676 455 1749 483 enim

952 498 1079 534 intelligit
1101 499 1241 534 Scriptura
1264 498 1370 534 eloquia
1391 498 1503 526 Domini
1526 498 1651 533 latentia,
1665 503 1693 527 et
1712 500 1748 528 ita

951 543 1115 571 revelabitur
1132 543 1180 570 tibi
1197 543 1359 578 mysterium
1373 545 1474 577 totum,
1485 547 1513 571 et
1524 543 1599 571 verbi
1615 543 1749 579 proditor.

953 587 1061 616 Etenim
1074 587 1121 615 cui
1139 587 1284 622 theologia:
1298 587 1462 615 beneficium
1485 588 1675 616 concreditum
1695 592 1748 623 est,

953 637 981 660 et
995 623 1120 668 pro‘ditor
1130 632 1204 660 verbi
1217 632 1262 668 qui
1279 640 1335 660 non
1360 637 1464 660 rectam
1479 637 1554 660 tenet
1579 633 1675 667 fidem,
1690 641 1750 662 ma-

951 677 1068 705 nifestus
1094 676 1134 704 ﬁt.
1170 677 1323 705 Haereticus
1349 677 1423 705 enim
1449 677 1608 705 adulterans
1630 679 1748 706 verbum

953 722 1082 756 veritatis,
1107 721 1152 757 qui
1168 725 1209 749 est
1224 722 1312 757 panis,
1334 721 1410 749 illum
1434 730 1488 750 non
1504 730 1616 758 purum,
1636 722 1687 751 sed
1703 723 1748 751 in-

954 766 1072 794 tinctum
1087 766 1186 794 habere
1195 765 1363 794 declaratur.

88 813 229 852 αἱρετικὸς
259 813 342 843 δολῶν
359 813 404 842 τὸν
431 812 509 851 λόγον
541 814 590 848 τῆς
614 812 756 848 ἀληθείας,
783 811 810 845 ὅς
835 812 907 841 ἐστιν
931 810 1025 850 ἄρτος,
1052 811 1100 841 οὗκ
1135 812 1232 850 ἀμιγῆ,
1262 810 1332 840 ἀλλὰ
1358 812 1528 851 βεβαμμένον
1561 811 1630 851 ἔχων
1656 814 1748 842 τοῦτον

89 857 243 888 δείκνυται.

140 913 156 932 α
168 902 225 932 Καὶ
242 901 364 942 ἐμϐάψας
375 901 405 931 τὸ
415 901 520 943 ψωμίον
529 924 538 940 ,
552 901 659 932 δίδωσιν
670 900 758 941 Ἰούδᾳ
774 900 893 939 Σίμωνος

987 905 1074 932 Vens.
1097 907 1192 932 26-30.
1210 915 1223 928 σι
1242 905 1274 932 Et
1287 912 1350 932 cum
1371 904 1527 933 intinxisset
1540 913 1654 940 panem,
1672 905 1749 934 dedit

91 946 278 986 ’Ῑσκαριώτῃ”
294 947 341 976 καὶ
361 946 430 984 μετὰ
457 946 487 976 τὸ
503 945 620 987 ψωμίον,
644 946 704 975 τότε
726 946 845 976 εἰσῆλθεν
861 946 897 979 εἰς

91 992 197 1021 ἐκεῖνον
221 993 236 1020 6
261 993 396 1024 Σατανᾶς.
424 991 503 1030 Λέγει
525 986 569 1020 οὖν
587 991 658 1030 αὖτῷ
685 992 699 1020 6
723 991 841 1024 Ἰησοῦς
857 989 896 1020 ⁸0

90 1037 190 1071 ποιεῖς,
218 1035 329 1072 ποίησον
355 1035 458 1075 τάχιον.
481 1037 570 1066 Τοῦτο
592 1035 619 1064 δὲ
649 1034 734 1068 οὐδεὶς
758 1035 825 1074 ἔγνω
844 1035 896 1064 τῶν

91 1080 296 1117 ἀνακειμένων,
311 1080 376 1120 πρὸς
390 1080 415 1109 τί
430 1075 503 1109 εἶπεν
522 1081 603 1119 αὐτῷ.
617 1081 693 1112 Τινὲς
707 1078 759 1119 γὰρ
775 1079 894 1114 ἐδόκουν,

91 1124 155 1154 ἐπεὶ
170 1124 200 1154 τὸ
215 1119 404 1164 γλωσσόκομον
424 1119 494 1164 εἶχεν
510 1125 523 1154 6
538 1124 654 1159 Ἰούδας,
671 1123 712 1154 ὅτι
730 1123 801 1162 λέγει
823 1124 896 1163 αὖτῷ

91 1170 107 1198 6
123 1170 247 1204 Ἰησοῖς·
275 1169 417 1209 Ἀγόρασον
432 1165 469 1198 ὧν
488 1168 580 1208 χρείαν
596 1168 695 1208 ἔχομεν
706 1169 753 1209 fele
772 1167 820 1203 τὴν
841 1169 898 1206 ἑορ-

93 1213 162 1251 τὴν,
176 1212 194 1249 ἢ
209 1215 262 1247 τοῖς
280 1208 397 1254 πτωχοῖς
410 1213 454 1242 ἵνα
470 1225 500 1254 ,τι
516 1214 562 1252 δῷ.
579 1212 679 1243 Λαϐὼν
690 1208 734 1242 οὖν
749 1213 779 1242 τὸ
793 1212 897 1252 ψωμίον

91 1259 206 1295 ἐκεῖνος,
225 1258 319 1291 εὐθέως
334 1258 448 1293 ἐξῆλθεν.
467 1253 523 1287 ’Ἦν
545 1257 572 1287 δὲ
592 1257 654 1296 νὺξ,
677 1256 719 1287 ὅτε
736 1256 852 1292 ἐξῆλθεν.
878 1267 893 1285 n

92 1302 212 1339 Ἐπειδὴ
227 1306 241 1332 ὃ
263 1303 310 1342 μὲν
335 1302 432 1342 Κύριος
449 1303 545 1332 δέδωκε
569 1302 599 1332 τὸ
618 1302 722 1342 ψωμίον
738 1303 777 1342 τῷ
793 1301 897 1341 Ἰούδᾳ,

91 1347 120 1376 εἴ
134 1358 192 1381 πως
205 1348 241 1381 εἰς
261 1347 432 1384 συναίσθησιν
454 1346 536 1376 ἐλθὼν
551 1349 598 1382 τ’ἧς
623 1345 759 1386 τραπέζης
782 1345 828 1375 καὶ
850 1348 897 1374 τοῦ

93 1391 198 1431 ἄρτου,
214 1392 359 1431 ἀπόσχοιτο
382 1393 429 1427 τῆς
457 1391 614 1431 προδοσίας,
639 1392 653 1420 6
669 1390 696 1420 δὲ
714 1390 814 1423 Ἰούδας
837 1389 896 1419 οὐδὲ

92 1435 180 1469 οὕτως
195 1436 340 1472 ἔϐελτιὼθη
350 1449 357 1455 ·
381 1436 441 1466 τότε
456 1436 504 1472 δὴ,
520 1435 578 1465 τότε
594 1435 753 1474 τελεώτερον
768 1438 813 1464 τοῦ
838 1435 896 1464 Σα-

92 1485 166 1510 τανᾶ
180 1481 285 1520 γέγονε,
306 1481 353 1510 καὶ
373 1481 507 1521 παριδρθη
532 1480 623 1509 λοιπὸν
640 1481 732 1519 αὐτῷ,
757 1481 793 1512 ὡς
809 1479 898 1519 ἀδιόρ-

93 1528 191 1558 θωτος.
208 1525 283 1559 Ἕως
309 1525 356 1564 μὲν
379 1521 423 1555 οὖν
446 1520 482 1559 εἷς
506 1525 591 1554 ἐδόκει
605 1526 657 1554 τῶν
683 1526 828 1562 μαθητῶν,
851 1523 897 1553 ut

92 1571 144 1600 τοῦ
169 1570 246 1609 ἁγίου
269 1573 349 1610 χοροῦ
366 1569 458 1609 μέρος,
486 1571 534 1599 οὐκ
551 1564 607 1608 εἶχε
632 1568 765 1604 τοσαύτην
781 1568 894 1607 πάροδον

94 1671 167 1698 ριος,
187 1658 232 1688 καὶ
251 1659 367 1699 ἀφώρισε
381 1661 432 1688 τῶν
449 1658 538 1687 ἄλλων
554 1659 696 1697 μαθητῶν,
712 1658 896 1697 παραδειγμα-

93 1703 174 1737 τίσας
199 1707 290 1733 τοῦτον
314 1703 357 1732 διὰ
372 1706 418 1732 τοῦ
440 1704 537 1742 ἄρτου,
565 1702 656 1732 ἔκτοτε
686 1703 719 1738 δὴ
741 1701 894 1741 παρέλαϐεν

94 1748 178 1777 αὐτὸν
205 1749 241 1781 ὡς
267 1747 507 1788 ἔγκαταλειφθέντα
535 1746 613 1776 αὐτὸν
633 1746 684 1775 ὑπὸ
708 1749 754 1776 τοῦ
781 1746 895 1785 Κυρίου,

93 1792 144 1822 καὶ
159 1793 379 1831 ἆποδιορισθέντα
403 1794 449 1821 τοῦ
466 1791 535 1821 θείου
551 1793 652 1830 ’χοροὶ
676 1790 750 1829 Ὅρα
774 1791 825 1829 γὰρ
849 1791 894 1819 καὶ

94 1837 145 1873 τὸ,
162 1848 176 1866 ιι
194 1838 324 1872 Εἰσῆλθεν
340 1838 376 1870 εἷς
392 1836 469 1866 αὐτὸν
486 1838 500 1866 6
515 1837 653 1871 Σατανᾶς,
667 1847 681 1864 )›
701 1834 847 1871 τουτέστιν,
859 1837 895 1868 εἷς

94 1880 132 1910 τὰ
148 1882 270 1911 ἐσώτατα
284 1884 331 1917 τῆς
346 1881 455 1921 καρδίας
471 1883 550 1910 αὐτοῦ
572 1880 658 1910 εἰσέδυ
670 1903 678 1917 ,
695 1880 740 1909 καὶ
764 1878 893 1919 κατέσχεν

94 1926 146 1961 τὴν
172 1927 253 1955 αὐτοῦ
276 1926 374 1966 ψυχήν.
402 1926 535 1966 Πρότερον
558 1923 606 1964 μὲν
627 1925 679 1965 γὰρ
705 1924 798 1958 ἔξωθεν
823 1925 895 1964 αὐτῷ

94 1970 271 2010 παρηνώχλει
288 1971 331 2000 διὰ
345 1973 392 2000 τοῦ
417 1972 464 2006 τῆς
486 1969 659 2010 φιλαργυρίας
675 1969 786 2002 πάθους·
800 1971 844 1998 ν’ῦν
867 1969 894 1999 δὲ

94 2015 187 2044 τέλεον
203 2016 282 2045 αὐτοῦ
297 2015 495 2054 κατεκράτησε,
513 2014 562 2050 τὴν
576 2013 719 2053 προδοσίαν
742 2014 815 2052 αὐτῷ
831 2014 895 2043 ὓπο-

95 2059 200 2090 ὅαλών.
235 2070 250 2088 α
276 2059 357 2098 Λέγει
379 2055 424 2089 οὖν
454 2060 527 2099 αὐτῷ
554 2060 569 2087 6
592 2059 712 2094 Ἰησοῦς·
737 2057 775 2087 ⁴Ο
798 2058 894 2095 ποιεῖς,

94 2103 209 2140 ποίησον
233 2104 335 2144 τάχιον.
356 2114 372 2133 1)
390 2106 478 2135 Τοῦτο
499 2103 526 2132 δὲ
548 2104 577 2133 οὖ
595 2102 808 2142 προτρεπομένου
825 2103 894 2132 ἐστὶν

97 2148 181 2177 αὖτὺν
197 2149 233 2182 εἷς
247 2148 392 2188 προδοσίαν
402 2171 409 2184 ,
426 2149 484 2177 ἀλλ’
497 2143 551 2177 οἷον
565 2148 732 2182 ὀνειδίζοντος
745 2148 816 2187 αὐτῷ
831 2147 896 2186 πρὸς

94 2192 146 2228 τὴν
161 2187 306 2231 προδοσίαν
324 2194 419 2223 ἐλθεῖν.
436 2192 476 2222 Τὸ
496 2193 559 2230 γὰρ,
581 2202 594 2220 ιι
610 2191 745 2230 Ποίησον,
765 2202 781 2220 n
801 2190 892 2229 εἰπὼν,
911 2187 936 2218 Ῑ)

95 2237 196 2267 ὡσανεὶ
217 2240 292 2267 τοῦτο
312 2237 397 2276 λέγει’
413 2236 480 2267 Ἰδοὺ
502 2235 602 2276 ἀφίημί
617 2248 665 2275 σε,
683 2236 793 2271 ποίησον
818 2235 832 2265 ὃ
852 2237 896 2265 θέ-

95 2283 166 2315 λεις·
183 2282 232 2311 οὐκ
245 2282 380 2320 ἐμποδίζω
395 2293 441 2311 σου
501 2281 611 2321 γνώμῃ,
632 2282 661 2310 οὖ
676 2280 783 2320 κατέχω
797 2292 827 2309 σε
844 2279 891 2311 ἔτι.

98 2326 159 2365 Πρὸ
173 2326 266 2356 τούτου
287 2326 339 2366 γὰρ
358 2326 434 2360 αὖτὸς
453 2328 563 2365 κατεῖχε
586 2325 634 2361 τὴν
649 2325 792 2365 πονηρίαν,
808 2326 895 2365 ἑαυτῷ

97 2370 143 2400 τὸν
157 2370 250 2410 καιρὸν
261 2373 306 2400 τοῦ
319 2371 432 2400 θανάτου
442 2373 547 2410 τηρῶν,
558 2370 624 2400 καθὸ
638 2371 682 2399 καὶ
696 2370 798 2407 ἔλεγεν·
815 2380 830 2398 ιι
843 2370 896 2399 Οὖ-

97 2415 150 2448 δεὶς
169 2415 236 2454 αἴρει
252 2415 299 2451 τὴν
315 2415 403 2456 ψυχήν
423 2426 472 2454 μου
492 2416 540 2443 ἀπ’
554 2416 636 2453 ἐμοῦ,
661 2413 720 2443 ἀλλ’
735 2413 788 2453 ἐγὼ
802 2413 894 2452 τίθημι

97 2459 198 2496 ταύτην
210 2458 257 2488 ἀπ’
272 2460 397 2498 ἐμαυτοῦ,
409 2470 424 2488 ι)
441 2476 482 2482 --
498 2471 513 2488 ιι
525 2461 613 2489 Τοῦτο
626 2458 653 2488 δὲ
665 2458 748 2491 οὐδεὶς
763 2458 829 2498 ἔγνω
841 2460 893 2487 τῶν

99 2503 291 2543 ἀνακειμένων.
319 2515 335 2533 ι)
353 2502 438 2538 Ἄξιον
461 2504 595 2540 ζητήσεως
619 2505 714 2539 τοῦτο,
729 2504 786 2536 πῶς
811 2502 895 2536 οὐδεὶς

98 2549 182 2588 ἔγνω,
209 2550 298 2578 καίτοι
322 2549 463 2588 ἐρωτηθεὶς
484 2551 498 2578 6
522 2549 620 2588 Κύριος
644 2548 684 2582 τίς
707 2549 777 2577 ἐστιν
793 2549 807 2576 6
828 2559 894 2587 προ-

99 2594 188 2630 δότης,
203 2589 291 2636 εἶπεν,
306 2594 348 2623 ὅτι
373 2605 388 2623 ιι
412 2588 450 2636 ⁷ῼ
476 2593 528 2633 ἐγὼ
548 2594 579 2623 τὸ
593 2593 697 2633 ψωμίον
724 2592 857 2623 ἐπιδώσω.
873 2604 889 2622 ι)

99 2638 232 2669 Φαίνεται
258 2634 303 2668 οὖν
329 2638 416 2678 λάθρα
435 2634 520 2667 εἰπεῖν
543 2641 621 2668 τοῦτο
648 2638 713 2678 πρὸς
743 2637 820 2676 μόνον
848 2638 894 2667 τὸν

98 2682 242 2720 Ἰωάννην,
264 2682 335 2713 ὥστε
357 2682 459 2722 μηδένα
481 2684 533 2712 τῶν
561 2683 649 2713 ἄλλων
675 2685 799 2713 ἀκοῦσαι.
817 2682 897 2712 Ἐπεὶ

98 2727 143 2757 καὶ
157 2728 283 2765 Ἰωάννης
298 2727 363 2768 πρὸς
374 2728 405 2757 τὸ
418 2729 510 2764 στῆθος
525 2727 615 2757 πεσὼν
624 2749 632 2765 ,
647 2728 735 2768 ἐρωτᾷ
755 2726 895 2767 μονονουχὶ

132 2818 154 2835 ι’
163 2819 246 2846 Joan.
257 2826 278 2847 ι
294 2821 337 2847 18.

912 1593 932 1622 (Ι

92 1615 134 1648 εἷς
154 1614 232 1644 αὐτὸν
247 1616 261 1643 6
278 1616 416 1648 Σατανᾶς
431 1614 489 1643 ἐπεὶ
505 1614 532 1643 δὲ
551 1613 696 1653 ἆπέσιισεν
712 1613 790 1642 αὐτὸν
805 1615 819 1642 6
837 1613 894 1642 Κύ-
912 1612 934 1622 “¹

948 948 1029 977 Iuda
1050 949 1170 976 Simonis
1192 949 1338 977 Iscariotaa.
1360 950 1394 976 Et
1415 954 1476 984 post
1495 949 1612 977 offulam
1645 949 1749 985 ingres-

951 1001 997 1021 sus
1011 997 1052 1020 est
1063 993 1090 1020 in
1107 1001 1171 1021 eum
1186 994 1309 1021 Satanas.
1326 993 1396 1021 Dicit
1409 993 1490 1029 igitur
1505 994 1527 1021 ei
1541 995 1621 1022 Jesus
1634 1002 1642 1020 :
1663 993 1746 1028 Quod

951 1036 1027 1071 facis,
1048 1037 1090 1065 fac
1109 1037 1200 1065 citius.
1227 1039 1288 1065 Hoc
1310 1042 1403 1065 autem
1416 1046 1499 1065 nemo
1515 1038 1747 1066 discumbentium

951 1081 1119 1118 intelligebat
1137 1082 1171 1109 ad
1185 1082 1252 1118 quid
1266 1082 1378 1110 dixisset
1391 1083 1427 1110 ei.
1443 1082 1561 1117 Quidam
1579 1083 1656 1111 enim
1668 1087 1747 1118 puta-

951 1126 1025 1160 bant,
1049 1127 1113 1162 quia
1127 1127 1231 1154 loculos
1253 1127 1372 1154 habebat
1383 1126 1482 1161 Judas,
1508 1127 1581 1163 quod
1597 1127 1709 1155 dixisset
1722 1127 1747 1155 ei

949 1171 1028 1199 Jesus
1041 1181 1047 1199 :
1060 1173 1129 1199 Eme
1138 1179 1168 1198 ea
1178 1179 1239 1206 qua:
1250 1171 1330 1198 nobis
1341 1179 1409 1206 opus
1419 1176 1484 1199 sunt
1495 1171 1528 1199 ad
1539 1171 1613 1199 diem
1626 1171 1728 1199 festum
1739 1182 1746 1200 :

949 1219 998 1243 aut
1014 1215 1106 1251 egenis
1134 1220 1165 1243 ut
1189 1216 1289 1252 aliquid
1313 1215 1400 1244 daret.
1425 1216 1494 1244 Cum
1514 1224 1578 1252 ergo
1599 1216 1750 1252 accepisset

951 1259 1080 1294 offulam,
1110 1261 1245 1288 continuo
1267 1260 1359 1288 exivit.
1385 1261 1450 1288 Erat
1478 1265 1570 1288 autem
1598 1268 1654 1288 nox
1683 1269 1747 1288 cum

950 1305 1059 1332 exisset.
1092 1317 1105 1329 u
1132 1305 1189 1332 Ubi
1214 1305 1352 1332 Dominus
1369 1305 1478 1340 quidem
1497 1305 1573 1333 dedit
1592 1305 1745 1333 buccellam

951 1349 1040 1382 Judze,
1053 1349 1075 1377 si
1091 1349 1161 1377 forte
1173 1350 1336 1384 recogitaret
1346 1350 1492 1377 amicitiam
1505 1357 1608 1378 meusm
1620 1354 1648 1377 et
1662 1350 1747 1386 panis,

951 1401 965 1421 a
981 1393 1138 1430 proditione
1150 1393 1293 1421 desisteret
1309 1403 1315 1420 :
1328 1394 1416 1422 .Iudas
1429 1399 1523 1422 autem
1538 1402 1600 1422 cum
1611 1402 1700 1430 neque
1710 1394 1749 1422 sic

950 1438 1151 1470 emendaretur,
1171 1442 1238 1466 tunc
1253 1439 1331 1474 plane
1347 1437 1437 1466 factus
1453 1443 1494 1466 est
1507 1441 1625 1471 Satanae.
1641 1443 1669 1466 et
1683 1443 1746 1466 tra-

950 1483 1025 1511 ditus
1047 1483 1072 1511 ei
1099 1486 1131 1510 ut
1158 1483 1379 1511 inemendabilis.
1408 1484 1495 1518 Igitur
1517 1484 1642 1519 quandiu
1672 1491 1746 1511 unus

950 1527 1148 1564 discipulorum
1173 1527 1327 1563 videbatur,
1351 1532 1379 1555 et
1402 1535 1433 1555 ex
1460 1532 1554 1555 sancto
1577 1528 1622 1555 illo
1649 1527 1746 1562 choro,

949 1580 1005 1600 non
1029 1572 1146 1600 habebat
1171 1576 1278 1600 tantum
1296 1580 1438 1600 accessum
1460 1572 1494 1600 ad
1515 1572 1592 1600 illum
1605 1573 1743 1600 Satanas:

948 1617 993 1644 ubi
1016 1621 1108 1644 autem
1124 1616 1202 1644 illum
1225 1616 1318 1644 divisit
1337 1617 1486 1650 Dominus,
1509 1620 1537 1644 et
1558 1617 1697 1652 separavit
1710 1617 1745 1644 ab

949 1661 1009 1689 aliis
1023 1660 1174 1697 discipulis.
1190 1661 1320 1689 traducto
1335 1669 1367 1689 eo
1378 1669 1426 1697 per
1437 1669 1544 1697 panem,
1561 1666 1626 1689 tunc
1643 1661 1744 1689 invasit

948 1713 1011 1732 eum
1026 1710 1057 1733 ut
1075 1713 1089 1733 a
1106 1705 1228 1733 Domino
1251 1706 1424 1739 derelictum,
1448 1710 1476 1733 et
1496 1714 1514 1733 a
1534 1705 1630 1733 divino
1656 1705 1744 1734 choro

949 1755 1113 1785 separatum.
1141 1750 1210 1778 Vide
1225 1750 1297 1778 enim
1320 1755 1348 1778 et
1361 1750 1413 1778 hoc
1433 1759 1439 1778 :
1465 1761 1478 1774 ι
1497 1752 1638 1786 Ingressus
1663 1755 1705 1778 est
1719 1750 1747 1778 in

948 1802 1013 1822 eum
1047 1795 1172 1828 Satanas,
1201 1795 1254 1822 hoc
1284 1799 1337 1827 est.
1374 1795 1515 1830 ingressus
1542 1800 1585 1822 est
1618 1795 1746 1823 interiora

948 1838 1040 1866 cordis
1053 1839 1123 1874 ejus,
1136 1843 1165 1866 et
1181 1839 1326 1874 occupavit
1347 1840 1469 1866 animam
1489 1839 1559 1874 ejus.
1578 1841 1650 1867 Nam
1669 1840 1744 1875 prius

948 1891 1013 1911 eum
1032 1883 1101 1911 foris
1115 1891 1163 1919 per
1174 1883 1294 1911 avaritiae
1315 1883 1410 1911 vitium
1426 1883 1565 1915 turbabat.
1593 1892 1668 1911 nunc
1693 1892 1743 1912 au-

949 1931 1004 1955 tem
1020 1926 1137 1963 perfecte
1149 1935 1212 1954 eum
1227 1927 1446 1963 comprehendit,
1469 1926 1658 1962 proditionem
1680 1935 1744 1963 sug-

949 1980 1057 2009 gerens.
1081 1983 1093 1995 -
1111 1971 1184 2000 Dicit
1207 1971 1292 2007 igitur
1317 1972 1342 2000 ei
1359 1973 1440 1999 Jesus
1466 1981 1472 1999 :
1498 1971 1580 2008 Quod
1601 1971 1679 2004 facis,
1703 1971 1747 2000 fac

949 2017 1037 2045 citius.
1055 2028 1068 2041 ι
1091 2017 1153 2044 Hoc
1166 2020 1259 2044 autem
1269 2019 1332 2051 Lnon
1349 2020 1391 2044 est
1411 2016 1582 2044 adhortantis
1603 2016 1639 2044 ad
1652 2017 1747 2052 prodi-

948 2061 1064 2095 tionem,
1098 2062 1145 2089 sed
1174 2061 1364 2097 exprobrantis
1392 2065 1419 2089 et
1447 2060 1631 2097 permittentis
1658 2061 1683 2088 ei
1711 2060 1747 2089 ad

949 2106 1134 2142 proditionem
1161 2106 1264 2133 venire.
1289 2106 1363 2133 Dicit
1385 2106 1474 2133 enim.
1509 2117 1521 2129 α
1538 2106 1602 2139 Fac,
1628 2117 1640 2129 η
1667 2106 1745 2141 quasi

949 2151 1052 2178 diceret
1068 2159 1074 2176 :
1102 2152 1171 2178 Ecce
1185 2150 1283 2186 reliqui
1298 2154 1326 2178 te
1342 2150 1430 2178 facere
1452 2149 1527 2186 quod
1539 2150 1580 2177 vis
1602 2158 1609 2176 ε
1624 2158 1680 2178 non
1692 2151 1745 2178 im-

951 2195 1030 2230 pedio
1052 2199 1129 2222 tuam
1154 2199 1290 2228 mentem,
1310 2203 1366 2222 non
1385 2195 1492 2222 retineo
1505 2199 1533 2222 te
1552 2195 1634 2222 ultra.
1661 2198 1747 2223 Antea

950 2240 1026 2267 enim
1051 2240 1109 2275 ipse
1122 2239 1268 2267 cohibebat
1281 2240 1413 2267 malitiam
1436 2240 1505 2275 eius,
1520 2238 1594 2274 apud
1613 2247 1642 2267 se
1660 2239 1746 2276 694

950 2288 1060 2320 tempus
1071 2283 1167 2312 mortis
1178 2292 1319 2312 reservans
1334 2294 1340 2311 :
1357 2284 1429 2312 sicut
1443 2288 1468 2311 et
1484 2284 1595 2312 dicebat
1610 2293 1616 2311 :
1629 2283 1667 2308 ιδ’
1682 2284 1749 2312 Nul-

951 2329 993 2356 lus
1004 2329 1078 2356 tollit
1089 2329 1212 2356 animam
1232 2336 1320 2356 meam
1339 2337 1355 2356 a
1369 2337 1424 2362 me,
1439 2328 1487 2356 sed
1500 2337 1550 2365 ego
1567 2336 1638 2364 pono
1653 2337 1715 2356 eam
1731 2337 1746 2357 ει

950 2381 1004 2401 me.
1019 2383 1034 2400 »
1050 2389 1084 2393 —
1105 2384 1118 2398 ι
1142 2375 1202 2401 Ηοο
1216 2377 1308 2401 autem
1322 2373 1414 2401 nullus
1435 2373 1566 2409 cognovit
1580 2374 1743 2401 accumben-

949 2418 1031 2446 tium.
1044 2429 1057 2443 ι
1075 2418 1164 2454 Digna
1179 2418 1305 2454 quaestio,
1320 2426 1375 2454 quo
1393 2422 1471 2453 pacto
1486 2417 1576 2445 nullus
1591 2418 1746 2452 agnoverit,

950 2470 1014 2491 cum
1030 2467 1141 2499 rogatus
1156 2463 1292 2490 Dominus
1316 2463 1379 2498 quis
1396 2467 1467 2490 esset
1483 2463 1619 2499 proditor,
1635 2462 1744 2496 dixerit,

951 2519 964 2531 οι
991 2507 1042 2535 Cui
1069 2515 1121 2544 ego
1147 2507 1295 2535 buccellam
1312 2506 1464 2535 tradidero.
1489 2518 1502 2531 ι
1527 2507 1641 2535 Videtur
1664 2507 1747 2543 igitur

949 2552 1019 2580 clam
1038 2552 1091 2580 hoc
1115 2552 1215 2580 dixisse
1234 2551 1345 2586 Joanni,
1365 2557 1396 2580 ut
1410 2551 1502 2580 nullus
1522 2552 1594 2580 alius
1619 2552 1743 2586 audiret;

951 2597 1014 2633 quia
1027 2601 1056 2625 et
1069 2598 1190 2625 Joannes
1210 2605 1275 2624 cum
1294 2604 1375 2632 supra
1391 2601 1487 2632 pectus
1502 2596 1684 2628 recumberet.
1699 2604 1746 2623 ro-

951 2641 1031 2677 gabat
1045 2642 1120 2678 quasi
1134 2642 1161 2669 in
1179 2649 1288 2675 aurem,
1303 2645 1334 2669 et
1355 2641 1394 2669 ita
1416 2641 1541 2677 proditor
1555 2649 1610 2668 non
1626 2639 1745 2667 manife-

949 2690 1039 2714 status
1052 2691 1103 2720 est,
1118 2686 1240 2723 alioquin
1261 2694 1325 2714 eum
1341 2685 1530 2721 discerpsisset
1553 2686 1650 2712 Petrus
1665 2683 1744 2717 forte,

949 2735 977 2759 et
990 2731 1136 2760 occidisset
1148 2739 1222 2760 eum.
1242 2735 1286 2760 An
1301 2739 1375 2767 ergo_
1384 2735 1411 2758 et
1427 2731 1547 2758 Joannes
1561 2737 1618 2757 non
1632 2732 1748 2757 noverat
