1922 3077
190 155 240 181 163

689 157 948 187 THEOPHYLACTI
966 158 1146 187 BULGARIIE
1164 158 1322 186 ARCHIEP.

1815 158 1864 185 164

188 217 268 262 eum?
279 217 375 252 Neque
388 217 451 245 iste.
464 218 644 254 Nequaquam
659 219 733 247 enim
752 225 937 257 exspectasset
952 226 978 250 ut

1038 222 1103 262 πρὸς
1122 221 1153 252 τὸ
1165 217 1225 258 οἷς,
1242 221 1311 251 ὥστε
1326 220 1364 259 μὴ
1378 220 1500 260 γενέσθαι
1524 221 1608 257 δῆλον
1635 219 1688 249 τὸν
1707 219 1864 259 προδότην·

188 259 336 296 discipulus
348 261 377 289 in
389 265 491 289 tantam
508 268 700 300 prorumperet
713 264 893 300 impietatem.
910 267 982 294 San-

188 308 231 332 cta
245 305 318 333 enim
333 305 378 333 illa
397 306 490 335 anima
517 308 611 343 procul
625 316 641 335 a
656 308 702 336 tali
719 309 872 345 impietate,
895 318 982 346 neque

186 349 222 378 de
234 349 289 378 alio
304 349 380 378 facile
395 350 456 378 tale'
470 351 611 387 quidpiam
626 353 762 388 suspicata
781 353 840 382 fuit.
857 366 869 379 ν
885 355 983 384 Nullus

186 402 252 430 ergo
272 394 412 430 cognovit,
434 404 449 421 »
472 395 521 424 sed
536 397 760 426 existimaverunt
787 399 861 435 quod
876 399 980 434 dicens,

188 450 201 463 α
215 439 268 467 Fac
279 439 369 473 citius,
381 449 395 465 η
412 439 518 468 diceret
531 441 564 469 de
576 442 670 478 aliquo
686 442 723 470 ad
736 442 839 471 festum
852 444 980 479 emendo,

187 495 198 508 «
215 484 255 511 vel
268 487 300 512 ut
310 484 378 520 quid
390 484 470 513 daret
489 486 664 522 pauperibus.
682 499 695 511 »
712 488 783 515 Nam
796 489 915 517 multam
929 497 982 518 cu-

186 536 246 557 ram
270 529 383 565 gerebat
408 537 570 566 pauperum.
598 533 632 559 Et
663 532 804 568 quomodo
842 533 888 570 qui
913 534 982 562 alios

185 573 318 602 admonet
331 582 365 602 ne
384 577 494 610 portent
508 583 615 611 peram,
637 585 727 613 neque
743 585 792 612 aes,
808 578 863 614 ipse
878 587 982 607 marsu-

186 619 263 655 pium
278 618 401 647 ferebat?
415 620 543 648 Ostendit
563 621 637 657 quod
652 626 679 649 et
693 623 864 658 possessione
885 632 980 652 caren-

183 669 252 698 tem,
274 668 301 692 et
323 664 486 693 cruciﬁxum
506 665 620 700 mundo,
643 674 774 702 magnam
795 672 902 704 oportet
922 669 981 706 ejus

184 709 268 746 partis
288 716 384 737 curam
400 709 510 738 habere.
536 721 549 735 α
581 711 718 739 Caeterum
744 720 799 740 nox
824 717 884 741 erat
913 722 979 742 cum

183 754 298 788 exisset;
311 764 324 778 ι
335 762 425 790 neque
437 753 490 782 hoc
498 755 637 790 superﬂue
649 756 795 792 assignavit
804 758 978 793 evangelista,

184 798 233 828 sed
247 802 278 827 ut
295 798 393 828 doceat
413 807 465 827 nos
480 799 555 835 quod
573 808 662 836 neque
682 805 793 837 tempus
812 802 981 837 prohibuerit

182 843 269 878 illum,
298 843 347 872 sed
370 848 451 872 nocte
482 844 578 872 dolum
603 846 742 873 struxerit.
775 847 867 875 Exivit
897 847 980 884 igitur

182 889 286 925 quinta,
301 892 331 916 ut
341 888 408 916 mihi
418 887 536 923 videtur,
548 897 671 925 vespera,
681 891 790 926 quando
804 902 817 916 (ι
829 895 857 920 et
867 891 979 920 intravit

182 932 317 968 in'ipsum
329 933 452 961 Satanas.
469 944 482 958 ιο
497 934 569 961 Nam
582 939 679 970 quarta
692 935 804 970 quidem
816 937 929 965 accessit
943 937 977 966 ad

181 977 271 1013 illum,
285 977 397 1014 quando
409 977 512 1007 scilicet
530 978 630 1006 mulier
647 987 709 1015 quae
720 980 794 1016 apud
803 981 976 1016 Matthaeum,

182 1026 352 1059 unguentum
385 1022 485 1051 effudit
517 1022 550 1051 ⁸³.
584 1025 646 1060 Ipse
685 1028 779 1053 autem
814 1029 844 1053 ut
881 1026 975 1061 abivit,

181 1067 289 1096 locutus
304 1071 346 1096 est
364 1075 430 1095 cum
444 1067 547 1096 Iudaeis
571 1067 606 1096 de
634 1068 794 1097 traditione.
821 1071 858 1097 At
882 1071 977 1106 quinta

181 1119 292 1148 vespera
314 1112 424 1140 intravit
437 1112 468 1140 in
491 1112 583 1147 illum,
600 1112 654 1141 hoc
682 1117 733 1148 est,
759 1115 904 1150 occupavit
929 1124 977 1144 cor

179 1157 239 1193 ejus
264 1165 272 1185 :
298 1157 371 1185 sicut
390 1156 463 1185 aliud
481 1161 524 1186 est
549 1162 688 1193 percutere
707 1159 864 1194 quempiam
893 1167 976 1188 manu

180 1201 261 1235 foris,
275 1206 302 1230 et
316 1201 393 1230 aliud
411 1205 453 1230 est
473 1201 623 1230 confodere
648 1203 740 1238 gladio
761 1203 871 1232 viscera.
888 1205 978 1233 Exivit

180 1246 261 1282 igitur
274 1246 358 1274 Judas
372 1250 398 1275 et
412 1246 575 1275 sensibiliter
587 1251 614 1275 et
629 1247 784 1276 mentaliter
797 1257 812 1276 a
825 1249 975 1284 Salvatore,

181 1301 195 1315 α
209 1292 274 1319 Erat
287 1295 382 1319 autem
400 1295 428 1319 et
441 1299 497 1319 nox
513 1299 521 1318 :
539 1303 552 1315 υ
565 1290 689 1320 fortassis
707 1297 735 1320 et
748 1293 898 1330 spiritualis
909 1302 975 1329 nox,

179 1336 299 1364 avaritiae
313 1335 500 1364 obtenebratio
514 1337 649 1365 invaserat
669 1345 743 1365 eum.

1037 263 1121 307 ἦγὰρ
1148 266 1177 296 ἂν
1202 266 1374 307 διεσπάσατον
1392 266 1529 306 μάχαιραν
1555 265 1635 305 τάχα
1668 264 1802 304 Πέτρος,
1819 264 1865 293 καὶ

1037 306 1138 341 ἀνεῖλεν
1164 311 1256 341 αὐτόν.
1271 306 1330 350 ’Ἆρ’
1354 306 1399 340 οὖν
1426 310 1485 340 οὐδὲ
1510 310 1644 346 Ἰωάννης
1669 309 1749 349 ἔγνω
1766 309 1863 345 αὐτόν,

1037 356 1107 386 Οὖδὲ
1132 351 1216 389 οὗτος.
1241 357 1282 386 Οὔ
1300 355 1352 395 γὰρ
1368 355 1400 385 ἂν
1417 355 1637 395 προσεδόκησεν,
1659 354 1706 383 ὅτι
1734 353 1864 393 μαθητὴς

1037 401 1081 430 ἐπὶ
1100 404 1222 431 τοσοῦτον
1247 400 1366 440 χωρήσει
1391 399 1573 441 παρανομίας.
1600 401 1717 440 Πόῤῥω
1734 398 1791 439 γὰρ
1815 401 1864 434 τῆς

1036 445 1159 482 τοιαύτης
1182 445 1310 486 πονηρίας
1334 448 1351 482 ἡ
1375 445 1439 484 ἁγία
1461 440 1527 474 οὖσα
1552 444 1644 481 ἐκείνη
1674 445 1758 484 ψυχὴ
1772 467 1781 481 ,
1803 444 1863 473 οὐδὲ

1036 491 1097 531 περὶ
1113 491 1203 531 ἑτέρου
1219 493 1297 520 τοῦτο
1313 490 1426 524 εὐκόλως
1441 489 1617 519 ὑπώπτευσεν
1636 489 1684 518 ἄν.
1717 500 1734 517 ε(
1763 488 1863 521 Οὐδεὶς

1036 531 1080 565 οὖν
1094 535 1177 576 ἔγνω,
1198 546 1213 564 n
1233 534 1292 564 ἀλλ’
1311 535 1456 573 ἐνόμισαν,
1471 534 1511 563 ὅτι
1535 535 1583 568 τὸ,
1616 545 1634 563 α
1651 533 1787 570 Ποίησον
1811 533 1859 563 τά·

1035 591 1107 620 χιον,
1121 591 1137 610 ι)
1155 579 1217 620 περὶ
1231 582 1277 610 τοῦ
1293 580 1423 619 ἀγοράσαι
1437 591 1461 608 τι
1483 590 1496 607 ι(
1511 580 1546 612 εἰς
1560 578 1609 616 τὴν
1628 578 1738 618 ἑορτὴν
1749 601 1760 617 ,
1785 589 1800 607 n
1819 577 1860 607 λέ-

1035 636 1097 664 γει,
1114 636 1129 654 σ
1144 624 1160 660 ἢ
1179 623 1222 654 ἵνα
1242 636 1267 654 τι
1281 626 1319 665 δῷ
1334 629 1387 658 τοῖς
1401 627 1529 664 πτωχοῖς.
1546 635 1559 653 1)
1588 624 1650 653 Καὶ
1669 623 1728 663 γὰρ
1745 622 1859 662 ξπολλὴν

1035 669 1159 709 πρόνοιαν
1182 671 1235 699 τῶν
1270 671 1386 710 πτωχῶν
1411 670 1538 706 ἐποιεῖτο,
1564 669 1610 698 καὶ
1641 670 1657 698 6
1680 672 1742 702 τοῖς
1767 668 1860 700 ἄλλοις

1035 716 1172 754 παραινῶν
1198 713 1235 753 μὴ
1260 714 1350 753 πήραν
1376 713 1458 753 ἔχειν,
1485 713 1523 752 μὴ
1553 712 1672 753 χαλκὸν,
1702 713 1788 746 αὐτὸς
1812 712 1857 742 καὶ

1035 759 1223 797 γλωσσόκομον
1240 759 1390 799 ἐπεφέρετο·
1408 757 1520 796 δεικνὺς,
1548 758 1589 787 ὅτι
1615 757 1669 787 καὶ
1696 758 1746 786 τὸν
1771 757 1858 792 ἀκτή-

1036 815 1103 842 μονα
1127 805 1174 833 καὶ
1187 803 1389 844 ἐσταυρωμένον
1405 805 1443 843 τῷ
1458 803 1552 842 κόσμῳ
1566 825 1575 842 ,
1594 801 1711 844 πολλὴν
1735 803 1779 831 δεῖ
1795 802 1854 832 τού-

1034 860 1079 877 του
1101 851 1146 877 τοῧ
1171 842 1414 888 μέρουςἺφροντίδα
1430 842 1578 877 ποιεῖσθαι.
1608 858 1625 876 α
1647 842 1711 877 ’Ἦν
1739 847 1770 876 δὲ
1795 846 1853 885 νὺξ,

1035 892 1132 933 φησὶν,
1147 893 1190 922 ὅτε
1206 893 1322 928 ἐξῆλθεν.
1339 904 1354 922 ι)
1370 891 1441 933 Οὐδὲ
1451 894 1527 922 τοῦτο
1539 891 1690 932 παρέργως
1708 892 1854 930 ἐπεσημή-

1032 949 1094 967 νατο
1109 940 1123 968 6
1136 938 1343 977 εὖαγγελιστὴς,
1357 937 1387 967 τὸ
1407 932 1473 967 εἶναι
1488 937 1585 974 νύκτα,
1604 936 1673 966 ἀλλ’
1691 937 1740 966 ἵνα
1759 936 1853 976 διδάξῃ

1031 984 1120 1021 ἡμᾶς,
1136 983 1176 1013 ὅτι
1192 981 1250 1012 οὐδὲ
1271 984 1284 1011 6
1308 982 1400 1022 καιρὸς
1417 981 1550 1011 ἐκώλυσεν
1574 981 1674 1018 αὐτὸν,
1704 980 1782 1010 ἀλλὰ
1807 981 1853 1010 καὶ

1031 1027 1124 1068 νυκτὸς
1135 1026 1217 1063 οὔσης
1235 1027 1335 1068 ἤρτησε
1413 1026 1523 1066 ἤρτυσε]
1538 1026 1582 1056 τὸν
1598 1026 1695 1056 δόλον.
1716 1025 1851 1062 Ἐξῆλθεν

1031 1067 1075 1101 οὖν
1087 1074 1120 1110 τῇ
1136 1071 1247 1111 πέμπτῃ
1263 1072 1335 1101 δοκεῖ
1347 1083 1393 1111 μοι
1407 1072 1535 1112 ἑσπέρας,
1550 1071 1595 1101 ὅτε
1615 1082 1631 1100 σ
1649 1071 1703 1100 καὶ
1721 1072 1852 1107 εἰσῆλθεν

1031 1117 1068 1150 εἷς
1092 1116 1169 1146 αὐτὸν
1185 1118 1200 1146 6
1223 1118 1356 1150 Σατανᾶς.
1374 1127 1388 1145 ι)
1410 1118 1453 1156 Τῇ
1480 1116 1528 1155 μὲν
1544 1115 1596 1155 γὰρ
1612 1116 1736 1156 τετράδι
1761 1126 1851 1156 προσ-

1031 1160 1125 1190 ἔϐαλεν
1141 1163 1223 1201 αὐτῷ,
1248 1161 1291 1190 ὅτε
1307 1160 1409 1197 δηλαδὴ
1433 1163 1449 1197 ἡ
1466 1160 1540 1200 παρὰ
1554 1162 1592 1200 τῷ
1609 1160 1761 1201 Ματθαίῳ
1782 1159 1849 1199 γυνὴ

1031 1205 1143 1235 ἐκένωσε
1172 1206 1202 1236 τὸ
1235 1205 1330 1246 μύρον·
1355 1205 1432 1240 αὐτὸς
1459 1205 1485 1235 δὲ
1511 1204 1635 1234 ἀπελθὼν
1671 1205 1849 1242 συνελάλησε

1030 1253 1084 1284 τοῖς
1108 1250 1246 1284 Ἰουδαίοις
1273 1251 1335 1290 περὶ
1360 1252 1406 1286 τῆς
1432 1249 1583 1291 προδοσίας.
1601 1251 1646 1290 Τῇ
1669 1249 1701 1279 δὲ
1732 1249 1848 1288 πέμπτῃ

1031 1295 1142 1335 ἑσπέρας
1177 1296 1296 1331 εἰσῆλθεν
1327 1297 1363 1329 εἶς
1387 1294 1482 1331 αὐτὸν,
1505 1294 1571 1334 ὅπερ
1598 1295 1679 1331 ἐστὶ,
1708 1294 1846 1334 κατέσχεν

1031 1340 1110 1369 αὖτοῧ
1125 1339 1174 1375 τὴν
1189 1341 1316 1380 καρδίαν·
1332 1339 1422 1379 ὥσπερ
1448 1339 1513 1369 ἄλλο
1532 1339 1589 1369 ἐστὶ
1609 1339 1640 1369 τὸ
1663 1338 1774 1374 πλῆξαί
1790 1350 1848 1368 τινα

179 1383 212 1421 τῇ
229 1381 300 1421 χειρὶ
324 1381 434 1418 ἔξωθεν,
449 1381 496 1410 καὶ
517 1381 584 1411 ἄλλο
599 1382 628 1411 τὸ
646 1383 789 1419 εἷσωθῆσαι
814 1383 850 1417 εἷς
873 1383 950 1413 αὐτὸν
977 1383 1008 1413 τὸ
1031 1384 1120 1424 ξίφος,
1147 1384 1193 1414 καὶ
1226 1384 1352 1422 ἐμϐαλεῖν
1381 1384 1445 1414 αὐτὸ
1472 1384 1541 1414 κατὰ
1568 1386 1620 1413 τῶν
1657 1384 1844 1423 σπλάγχνων.

180 1425 292 1462 Ἐξῆλθε
317 1426 344 1455 δὲ
360 1427 374 1455 6
398 1425 502 1460 Ἰούδας
523 1426 568 1456 καὶ
594 1428 727 1462 αἰσθητῶς
751 1427 798 1457 καὶ
824 1429 924 1463 νοητῶς
942 1428 995 1457 ἀπὸ
1009 1431 1054 1458 τοῦ
1072 1430 1209 1469 Σωτῆρος.
1233 1439 1248 1457 (‹
1271 1424 1325 1459 τΗν
1342 1429 1369 1459 δὲ
1383 1428 1439 1468 νὺξ,
1455 1440 1470 1459 γ)
1490 1429 1561 1469 τάχα
1578 1429 1604 1458 δὲ
1620 1429 1670 1458 καὶ
1687 1429 1778 1465 νοητὴ
1800 1427 1846 1461 νὺξ

179 1472 196 1508 ἡ
211 1473 385 1512 κατασχοῦσα
400 1472 477 1501 αὐτὸν
493 1473 540 1508 τῆς
558 1472 731 1512 φιλαργυρίας
747 1472 887 1506 σκότωσις.

212 1521 301 1549 Vsus.
318 1523 362 1554 31,
375 1523 418 1548 32.
433 1533 446 1545 «ι
460 1521 531 1548 Dicit
542 1521 622 1549 Jesus
634 1531 639 1549 :
656 1522 736 1549 Nunc
749 1521 919 1557 gloriﬁcatus
933 1525 976 1550 est
993 1524 1015 1556 C

176 1565 262 1593 Filius
284 1565 419 1599 hominis,
432 1569 460 1593 et
482 1567 557 1594 Deus
570 1565 742 1602 gloriﬁcatus
757 1569 799 1593 est
825 1573 874 1601 per
886 1565 973 1594 illum.

176 1610 203 1639 Si
212 1611 288 1638 Deus
298 1610 466 1647 gloriﬁcatus
478 1614 519 1638 est
534 1618 582 1646 per
595 1619 670 1644 eum,
685 1614 713 1638 et
723 1611 798 1638 Deus
810 1610 975 1646 gloriﬁcabit

176 1663 240 1684 eum
254 1663 304 1691 per
318 1663 358 1684 se.
384 1655 418 1683 Et
430 1655 564 1683 continuo
587 1654 750 1691 gloriﬁcabit
773 1662 848 1683 eum.
866 1667 878 1680 η
897 1656 973 1691 Quo-

175 1700 251 1729 niam
265 1699 444 1729 conciderant
458 1699 657 1736 discipulorum
676 1703 795 1734 mentes,
817 1699 916 1728 iterum
929 1708 974 1728 eas

175 1745 264 1782 erigit,
286 1746 389 1774 dicens.
413 1757 426 1770 ει
449 1746 528 1773 Nunc
543 1744 709 1781 gloriﬁcatus
728 1748 772 1772 est
785 1744 868 1773 Filius
883 1745 973 1772 homi-

175 1790 229 1819 nis.
247 1803 260 1816 ιι
272 1792 362 1820 Docet
375 1790 449 1818 enim
463 1798 510 1818 eos
522 1798 580 1817 non
592 1796 723 1823 moerere,
738 1789 787 1818 sed
805 1790 896 1827 magis
909 1798 974 1827 gau-

175 1834 248 1864 dere.
265 1836 361 1864 Gloria
384 1835 459 1863 enim
483 1839 524 1863 est
547 1834 608 1869 hoc,
634 1833 690 1870 ipsa
706 1835 795 1870 passio
819 1835 932 1870 scilicet,
947 1839 974 1863 et

174 1880 249 1916 quod
260 1889 309 1917 per
319 1880 503 1917 ignominiosa
516 1878 674 1907 hominibus
690 1879 778 1908 honor
797 1880 972 1909 conciliatur.

173 1926 209 1953 Et
229 1926 318 1960 aliter,
340 1926 392 1953 Per
411 1924 542 1952 miracula
565 1925 594 1951 in
616 1932 698 1952 cruce
724 1925 895 1961 gloriﬁcatus
920 1929 972 1959 est,

171 1970 231 1998 sole
253 1970 397 2004 exstincto,
424 1969 509 2005 petris
534 1969 634 2004 ruptis,
660 1969 720 1996 velo
739 1970 838 2004 scisso,
860 1969 974 2006 aliisque

173 2015 348 2043 mirabilibus
369 2013 448 2042 factis
474 2024 480 2041 :
501 2014 641 2049 quomodo
656 2018 748 2041 autem
772 2025 785 2038 ι
811 2014 974 2050 gloriﬁcabit

174 2061 250 2087 Deus
271 2059 373 2086 Filium
392 2058 421 2085 in
435 2058 541 2093 seipso?
557 2060 618 2086 Hoc
639 2062 691 2092 est,
708 2066 757 2094 per
771 2058 903 2094 scipsum,
916 2066 973 2086 non

173 2111 222 2139 per
233 2103 330 2136 alium,
344 2111 398 2130 non
413 2111 462 2138 per
481 2103 590 2138 angelos
607 2106 634 2131 et
646 2102 835 2140 archangelos,
853 2111 910 2131 non
924 2111 974 2139 per

174 2147 240 2175 alias
256 2147 381 2182 virtutes,
402 2147 450 2176 sed
470 2155 518 2183 per
532 2147 660 2183 seipsum.
683 2148 783 2176 Omnia
809 2147 882 2176 enim
904 2155 972 2184 ope-

173 2197 249 2220 ratus
272 2196 313 2220 cst
337 2191 372 2220 ad
395 2191 510 2228 gloriam
538 2192 608 2220 Filii.
638 2201 652 2218 «
676 2192 813 2221 Continuo
838 2204 851 2218 υ
879 2193 970 2229 igitur,

170 2237 271 2273 inquit,
289 2248 301 2261 «
319 2237 488 2274 gloriﬁcabit
499 2245 565 2265 eum
581 2247 587 2265 :
604 2249 617 2262 ιο
631 2237 684 2266 hoc
700 2242 741 2265 est
754 2246 812 2265 non
839 2237 970 2266 tardabit.

172 2282 219 2310 sed
239 2282 268 2310 in
278 2282 336 2318 ipsa
351 2282 435 2318 695
452 2290 533 2310 cruce
556 2291 563 2310 :
589 2286 616 2310 et
631 2282 732 2311 iterum
748 2286 810 2318 post
834 2286 889 2310 tres
904 2283 972 2317 dies,

172 2335 237 2355 cum
246 2327 416 2355 resuscitavit
426 2335 490 2355 eum
507 2331 552 2355 :et
567 2331 630 2363 post
645 2327 825 2364 quadraginta
836 2327 895 2356 dies
910 2336 972 2363 sup-

173 2371 292 2408 peditata
307 2372 394 2408 gratia
408 2371 523 2408 Spiritus
541 2371 692 2408 discipulis.
706 2372 858 2401 Videamus
880 2376 972 2400 autem

171 2421 200 2444 et
214 2425 248 2445 ex
261 2417 450 2453 superioribus
475 2421 600 2445 mentem
612 2417 770 2446 verborum.
787 2427 802 2444 «
823 2418 903 2445 Nunc
916 2417 973 2453 glo-

171 2461 294 2490 riﬁcatus
309 2466 350 2490 est
363 2462 448 2491 Filius
462 2462 592 2497 hominis,
616 2473 629 2487 n
646 2462 700 2490 hoc
718 2466 770 2496 est,
793 2464 850 2498 Ego
872 2462 972 2498 doceo,

171 2507 357 2542 miraculaque
383 2506 462 2542 facio,
487 2511 516 2536 et
534 2515 590 2535 uon
605 2507 634 2535 in
660 2515 706 2535 me
729 2506 852 2535 subsistit
873 2507 970 2543 gloria,

172 2552 221 2580 sed
239 2552 269 2580 in
290 2553 378 2579 Deum
401 2556 429 2580 et
445 2553 556 2580 Patrem
577 2552 688 2580 transit.
714 2552 788 2586 Quia
803 2551 886 2587 igitur
909 2559 971 2579 mea

170 2597 257 2633 gloria
286 2597 371 2634 gloria
393 2596 424 2625 ﬁt
459 2597 559 2631 Patris,
595 2605 630 2625 ne
659 2596 871 2625 contristemini.
900 2597 971 2624 Nam

170 2643 254 2671 Pater
264 2642 364 2670 iterum
377 2641 542 2678 gloriﬁcabit
553 2649 609 2675 me,
621 2645 652 2669 ut
667 2645 694 2669 et
712 2642 769 2677 ipse
785 2641 968 2677 glorificatur.

169 2687 314 2724 Numquid
340 2687 416 2715 enim
438 2694 489 2723 ego
513 2687 630 2723 gloriam
652 2686 718 2714 mihi
746 2686 869 2721 vindico,
894 2690 921 2714 et
935 2686 970 2714 ad

170 2732 250 2762 illum
263 2740 320 2761 non
334 2732 450 2761 transit?
469 2733 572 2760 Verum
592 2731 748 2761 communis
767 2735 809 2760 est
823 2731 921 2767 gloria,
943 2735 972 2760 et

206 2814 227 2836 "
246 2818 345 2847 Matth.
361 2826 448 2853 xxvr,
466 2821 494 2846 7.

1075 1518 1099 1548 (ί
1116 1518 1196 1557 Λέγει
1221 1521 1235 1548 6
1258 1520 1378 1555 Ἰησοῦς·
1404 1521 1461 1549 Νῦν
1491 1517 1619 1555 ἐδοξάσθη
1646 1520 1662 1548 6
1697 1518 1767 1553 Υἱὸς
1794 1519 1840 1548 τοῦ

1030 1562 1184 1604 ἀνθρώπου,
1226 1564 1274 1593 καὶ
1311 1566 1325 1593 6
1362 1563 1432 1597 Θεὸς
1461 1562 1588 1600 ἐδοξάσθη
1625 1564 1652 1592 ἐν
1687 1565 1775 1602 αὐτῷ.
1809 1563 1841 1593 Εἰ

1030 1609 1044 1637 6
1070 1607 1138 1641 Θεὸς
1172 1607 1301 1644 ἐδοξάσθη
1335 1609 1362 1637 ἐν
1391 1609 1480 1648 αὖτῷ,
1508 1608 1554 1637 καὶ
1585 1609 1598 1637 6
1627 1607 1704 1642 Θεὸς
1735 1607 1840 1641 δοξάσει

1030 1652 1108 1682 αὐτὸν
1126 1653 1151 1682 ἐν
1168 1653 1264 1693 ἑαυτῷ,
1281 1651 1327 1682 καὶ
1341 1651 1416 1686 εὐθὺς
1431 1652 1535 1687 δοξάσει
1562 1651 1652 1682 αὐτόν.
1673 1664 1689 1682 ι)
1722 1651 1837 1687 Ἐπειδὴ

1029 1697 1174 1727 κατέπεσον
1197 1699 1250 1727 τῶν
1267 1699 1392 1736 μαθητῶν
1414 1699 1438 1727 οῖ
1462 1696 1598 1736 λογισμοί·
1619 1707 1634 1726 (τ
1655 1698 1718 1727 Νῦν
1745 1696 1837 1731 ἐδοξά-

1029 1745 1079 1779 σθη
1107 1744 1120 1772 6
1148 1741 1212 1777 Υἷὸς
1237 1745 1284 1772 τοῦ
1310 1741 1468 1782 ἀνθρώπου,
1498 1752 1514 1771 ι)
1550 1741 1654 1780 λέγων,
1694 1741 1836 1777 διανίστη-

1029 1798 1070 1815 σιν
1095 1785 1199 1821 αὗτούς.
1226 1788 1317 1817 Πείθει
1336 1787 1387 1827 γὰρ
1408 1786 1502 1820 αὖτοὺς
1526 1785 1564 1824 μὴ
1585 1790 1740 1827 κατηφιᾷν,
1767 1784 1835 1814 ἀλλὰ

1029 1833 1129 1870 μᾶλλον
1155 1831 1269 1872 χαίρειν.
1296 1830 1367 1866 Δόξα
1393 1831 1445 1871 γάρ
1480 1832 1538 1861 ἔστι
1563 1832 1658 1870 τοῦτοξ,
1685 1831 1718 1860 τὸ
1741 1832 1835 1859 παθεῖν

1028 1877 1147 1913 δηλαδὴ,
1170 1877 1215 1906 καὶ
1244 1875 1287 1906 διὰ
1312 1879 1364 1906 τῶν
1393 1877 1495 1915 ἀτίμων
1530 1876 1610 1914 τιμὴν
1639 1879 1696 1910 τοῖς
1725 1874 1833 1914 ἀνθρώ-

1028 1933 1087 1955 ποις
1101 1921 1271 1961 προξενῆσαι.
1290 1921 1344 1951 Καὶ
1366 1920 1454 1954 ἄλλως
1468 1920 1506 1950 δέ·
1526 1920 1578 1950 Διὰ
1595 1919 1629 1949 τὰ
1644 1921 1672 1949 ἐν
1689 1921 1730 1960 τῷ
1750 1930 1833 1948 σταυ-

1030 1967 1067 2005 ρῷ
1094 1966 1219 2003 θαύματα
1247 1964 1391 2004 ἐδοξάσθη,
1417 1965 1492 2001 ἡλίου
1518 1964 1692 2001 σϐεσθέντος,
1724 1964 1830 2004 πετρῶν

1029 2011 1174 2050 ῥαγεισῶν,
1189 2012 1235 2039 τοῦ
1259 2009 1500 2049 καταπετάσματος
1521 2009 1693 2049 σχισθέντος,
1711 2009 1760 2038 καὶ
1780 2009 1831 2037 τῶν

1029 2054 1116 2083 ἄλλων
1141 2054 1245 2084 πάντων
1268 2053 1412 2094 τεραστίων
1428 2053 1586 2094 γενομένων.
1615 2055 1680 2088 Πῶς
1707 2053 1734 2083 δὲ
1757 2062 1772 2081 (ι
1787 2053 1830 2081 δο-

1028 2097 1101 2132 ξάσει
1126 2100 1141 2128 6
1166 2099 1234 2133 Θεὸς
1260 2099 1304 2128 τὸν
1320 2099 1384 2129 Υῐὸν
1409 2100 1435 2127 ἐν
1464 2100 1568 2139 {aerii};
1585 2109 1600 2127 ι)
1620 2098 1773 2134 Τουτέστι,
1796 2095 1829 2126 δι’

1027 2144 1140 2184 ἑαυτοῦ,
1164 2145 1193 2172 οὗ
1215 2144 1248 2172 δι’
1264 2143 1371 2184 ἑτέρου,
1387 2145 1416 2174 οὗ
1441 2144 1475 2173 δι’
1494 2143 1613 2183 ἀγγέλων
1628 2143 1674 2173 καὶ
1690 2139 1827 2183 ἀρχαγγέ-

1027 2188 1094 2225 λων,
1106 2187 1165 2218 οὐδὲ
1183 2188 1215 2217 δι’
1230 2188 1313 2224 ἄλλης
1327 2188 1480 2227 δυνάμεως,
1498 2188 1568 2217 ἀλλὰ
1585 2186 1620 2217 δι’
1632 2189 1743 2217 ἑαυτοῦ·
1759 2185 1826 2227 πείν-

984 2230 1010 2262 D
1025 2245 1058 2263 τα
1072 2233 1122 2273 γὰρ
1145 2232 1242 2273 ἔπραξε
1257 2234 1321 2274 πρὸς
1343 2233 1418 2267 δόξαν
1435 2235 1480 2262 τοῦ
1501 2233 1580 2263 Υἱοῦ.
1602 2243 1617 2261 ιι
1632 2232 1719 2264 Εὐθὺς
1734 2242 1749 2260 ι)
1771 2226 1824 2265 οὖν,

1029 2278 1111 2318 φησὶ,
1138 2290 1151 2307 σ
1176 2277 1280 2312 δοξάσει
1297 2278 1390 2308 αὐτόν·
1417 2291 1429 2304 ι
1454 2277 1607 2318 τουτέστιν,
1630 2277 1659 2306 οὔ
1688 2275 1824 2316 βραδυνεῖ,

1028 2317 1087 2352 ἀλλ’
1105 2323 1131 2352 ἐν
1148 2324 1219 2364 αὐτῷ
1237 2325 1274 2363 τῷ
1291 2324 1400 2363 σταυρῷ
1421 2322 1466 2352 καὶ
1485 2317 1519 2351 αὖ
1539 2321 1608 2360 μετὰ
1632 2325 1700 2361 τρεῖς
1725 2318 1824 2364 ἡμέρας

1028 2367 1180 2404 ἀναστήσας
1205 2368 1294 2404 αὐτὸν,
1325 2367 1372 2398 καὶ
1399 2367 1466 2406 μετὰ
1491 2366 1690 2406 τεσσαράκοντα
1722 2363 1823 2403 ἡμέρας

1026 2411 1074 2448 τὴν
1090 2415 1136 2442 τοῦ
1163 2412 1320 2452 Πνεύματος
1342 2413 1419 2453 χάριν
1444 2411 1641 2451 ἐπιχορηγήσας
1661 2414 1716 2444 τοῖς
1737 2410 1821 2453 μαθη-

1026 2457 1093 2491 ταῖς.
1118 2456 1231 2496 Ἴδωμεν
1253 2457 1281 2486 δὲ
1304 2451 1463 2486 καῖγᾶνωθεν
1479 2456 1523 2485 τὸν
1540 2455 1639 2485 σκοπὸν
1661 2456 1713 2484 τῶν
1732 2451 1820 2494 ῥημά-

1025 2514 1088 2532 των,
1110 2513 1125 2531 (ι
1140 2503 1199 2533 Νῦν
1213 2502 1351 2538 ἐδοξάσθη.
1364 2502 1457 2541 φησὶν,
1478 2503 1492 2530 6
1504 2500 1567 2534 Υἱὸς
1579 2503 1625 2529 τοῦ
1639 2499 1787 2540 ἀνθρώπου·
1798 2505 1814 2525 ι)

1025 2547 1172 2583 τουτέστιν,
1196 2546 1268 2586 Ἐγὼ
1290 2547 1439 2583 διδάσκων,
1467 2546 1688 2585 θαυματουργῶν,
1709 2543 1754 2573 καὶ
1774 2541 1819 2571 οὖκ

1025 2592 1061 2625 εἷς
1073 2591 1120 2631 ἐμὲ
1132 2591 1287 2631 περιίστατο
1302 2593 1318 2627 ἡ
1332 2591 1406 2627 δόξα,
1421 2591 1480 2620 ἀλλ’
1495 2592 1530 2624 εἷς
1542 2590 1585 2620 τὸν
1600 2589 1669 2621 Θεὸν
1680 2611 1689 2627 ,
1705 2587 1749 2618 καὶ
1763 2587 1819 2631 Πα-

1024 2628 1093 2677 τέρα.
1113 2628 1261 2667 ἆνέέαινεν.
1279 2635 1360 2667 Ἐπεὶ
1385 2635 1470 2665 τοίνυν
1493 2637 1510 2670 ἡ
1538 2633 1589 2673 ἐμὴ
1611 2634 1672 2669 δόξα
1695 2632 1755 2666 δόξα
1776 2628 1816 2677 χί-

1025 2673 1099 2711 νεται
1120 2683 1166 2710 τοῦ
1190 2681 1309 2721 Πατρὸς,
1339 2679 1377 2719 μὴ
1408 2683 1570 2720 κατηφιᾶτε.
1598 2678 1632 2709 Ὁ
1655 2678 1707 2718 γὰρ
1724 2673 1816 2721 Πατὴρ

1025 2725 1106 2756 πάλιν
1129 2724 1233 2760 δοξάσει
1255 2718 1294 2764 ἰμε
1306 2748 1315 2763 ,
1330 2723 1374 2755 ἵνα
1396 2725 1442 2756 καὶ
1457 2718 1533 2758 αὖτὸς
1549 2723 1672 2763 δοξασθῇ.
1697 2720 1743 2757 Μὴ
1767 2718 1815 2758 γὰρ
