1922 3077
57 161 109 187 165

443 155 640 184 ENARRATIO
660 155 693 183 IN
714 154 928 182 EVANGELIUM
945 154 1096 182 JOANNIS.
1115 169 1152 175 —
1170 155 1246 183 CAP.
1266 156 1332 184 Xlll.

1655 160 1707 186 £66

51 221 110 261 ἐγὼ
135 219 183 256 τὴν
208 219 287 254 δόξαν
315 219 511 260 σφετερίζομαι,
542 218 588 248 καὶ
613 219 650 250 εἷς
681 220 778 248 ἐκεῖνον
801 217 848 246 οὖχ

918 216 1016 245 iterum
1031 217 1193 253 glorificabit
1204 222 1294 251 me,et
1308 226 1364 246 non
1377 219 1504 254 tardabit,
1517 219 1567 248 sed
1581 232 1593 245 ι
1608 228 1683 254 mox,
1696 231 1709 245 π

53 265 211 302 ἀναϐαίνει;
226 264 310 294 Ἀλλὰ
324 263 399 300 κοινή
412 265 483 293 ἐστιν
503 266 520 299 ἡ
536 262 608 297 δοΈα.
622 262 711 293 ¹¹Ωστε
732 263 778 291 καὶ
797 263 850 291 πά-

51 311 96 340 λιν
115 310 219 345 δοξάσει
239 322 289 348 με·
315 309 362 338 καὶ
381 309 411 338 οὖ
439 309 574 348 βραδυνεῖ,
601 308 660 336 ἀλλ’
689 319 703 336 ιι
727 306 813 343 εὐθὺς,
837 318 851 335 ι)

53 355 121 385 ὅταν
137 354 171 384 τὰ
187 356 273 393 ἄτιμα
287 353 386 394 mier
406 354 492 389 πάθη,
507 353 571 382 ὅταν
594 353 663 381 δοχῶ
687 351 730 381 διὰ
752 353 797 380 τοῦ
813 353 861 380 θα-

52 400 137 430 νάτου
160 401 192 430 ἐκ
217 399 301 439 μέσον
315 398 446 437 γενέσθαι,
466 398 526 427 τότε
542 398 643 436 μᾶλλον
659 395 777 435 τιμήσει,
801 396 859 425 τότε

55 443 172 485 φανερὸν
194 443 360 479 καταστήσει
377 443 420 473 διὰ
441 445 489 478 τῆς
503 442 683 475 ἀναστάσεως.

101 500 117 518 ι
133 490 245 525 Τεκνία,
273 488 314 518 ἔτι
336 487 431 527 μικρὸν
457 488 515 525 μεθ’
537 488 611 524 ὑμῶν
636 487 703 524 εἶμι.
723 484 860 521 Ζητήσετέ

54 543 103 573 με’
119 534 167 563 καὶ
193 532 282 567 καθὼς
306 528 379 562 εἷπον
395 533 449 565 τοῖς
471 531 618 566 Ἰουδαίοις,
639 530 679 560 ὅτι
693 529 783 560 Ὅπου
807 529 859 568 ἐγὼ

54 578 166 618 ὗπάγω,
183 579 260 616 ὑμεῖς
274 578 303 607 οὗ
319 577 430 606 δύνασθε
448 577 543 613 ἐλθεῖν,
561 576 606 605 καὶ
622 577 684 614 ὑμῖν
699 575 769 614 λέγω
785 574 857 614 ἄρτι.

54 623 193 660 Ἐντολὴν
220 622 315 658 καινὴν
343 622 439 660 δίδωμι
462 623 535 659 ὑμῖν,
563 619 607 649 ἵνα
631 621 754 658 ἀγαπᾶτε
776 618 859 654 ἀλλή-

53 670 119 702 λους
131 691 140 707 ,
156 667 245 701 καθὼς
261 667 392 706 ἠγάπησα
414 668 482 705 ὑμᾶς
493 688 501 701 ,
519 664 563 694 ἵνα
579 664 623 694 καὶ
642 664 715 703 ὑμεῖς
737 665 858 704 ἀγαπᾶτε

55 712 203 748 ἀλλήλους.
245 712 295 742 Ἐν
320 712 407 751 τούτῳ
422 710 569 750 γνώσονται
594 708 706 746 πάντες,
733 708 774 737 ὅτι
799 707 858 747 ἐμοὶ

56 757 182 795 μαθηταί
207 758 282 792 ἔστε,
313 756 358 785 ἐὰν
385 756 491 794 ἀγάπην
517 754 599 794 ἔχητε
635 755 662 783 ἐν
687 753 820 788 ἀλλήλοις.
839 765 853 782 ι)

56 801 176 837 Ἐπειδὴ
198 801 309 838 ἔμελλον
329 800 397 839 μετὰ
424 799 515 839 μικρὸν
549 799 583 828 τὰ
609 797 718 838 λυπηρὰ
744 797 859 833 ὑποστή-

57 849 170 883 σεσθαι,
195 846 319 886 προλέγει
345 844 435 874 λοιπὸν
458 846 544 873 ταῦτα
567 843 674 879 αὐτοῖς,
699 842 768 872 ὥστε
784 843 809 872 ἕν
827 844 860 881 τῇ

57 891 156 930 μνήμῃ
193 891 260 920 αὐτὰ
300 890 386 930 ἔχειν,
415 889 461 918 καὶ
482 887 761 928 ,προπαρεσχευάσθαι
796 887 860 927 πρὸς

55 938 156 965 ταῦτα.
177 934 368 973 Συμϐάλλεται
385 934 412 963 δὲ
436 933 574 963 καὶτοῦτο
597 934 634 965 εἰς
649 932 698 968 τὴν
714 932 790 966 δόξαν
814 933 862 961 αὖ-

57 983 119 1010 τοῦ.
137 980 179 1010 Τὸ
203 979 256 1020 γὰρ
280 979 314 1009 τὰ
337 978 468 1018 μέλλοντα
487 977 674 1015 συμϐήσισθαι
698 981 761 1020 τοῖςῌ
772 979 862 1014 μαθη-

56 1027 117 1058 ταῖς
131 1026 178 1054 ὕπ’
205 1017 286 1054 αὐτοῦ
309 1024 572 1064 προαναφωνεῖσθαι,
597 1022 626 1051 οὗ
645 1021 728 1061 μικρὰ
744 1017 776 1057 ἦν
801 1021 862 1055 δόξα

57 1071 141 1099 αὐτοῦ
151 1092 159 1106 ,
174 1067 451 1107 ὺπομιμνησχομένων
474 1067 582 1107 ὕστερον
595 1067 647 1095 τῶν
667 1067 806 1104 μαθητῶν,
822 1066 862 1095 ὅτι

57 1118 147 1144 ταῦτα
169 1116 184 1143 ὁ
207 1113 302 1152 Κύριος
328 1114 414 1146 αὐτοῖς
437 1111 571 1151 προέλεγε.
591 1110 699 1144 Διιχνὺς
722 1109 749 1140 δὶ
771 1109 812 1139 ὅτι
832 1111 862 1140 οὗ

58 1162 104 1188 νῦν
121 1160 228 1198 πρῶτος
243 1157 279 1197 (f.
301 1157 430 1197 πρῶτον),
452 1157 521 1185 ἀλλὰ
537 1156 583 1185 καὶ
600 1156 652 1195 πρὸ
666 1156 764 1184 πολλοῦ
780 1154 862 1194 γινώ-

59 1215 121 1233 σκει
131 1226 139 1239 ,
158 1205 199 1232 ὅτι
219 1203 376 1238 ζητήσουσιν
392 1202 471 1231 αὐτὸν
487 1202 513 1230 ἐν
527 1204 684 1241 πειρασμοῖς
707 1200 793 1236 ὄντες,
809 1213 862 1241 φη-

59 1248 118 1284 σὶν,
134 1247 177 1276 ὅτι
192 1246 238 1276 καὶ
253 1250 306 1280 τοῖς
324 1245 462 1279 Ἰουδαίοις
477 1245 541 1274 αὐτὸ
557 1247 633 1275 τοῦτο
648 1240 720 1274 εἶπεν
731 1267 740 1283 ,
757 1246 792 1278 ὡς
811 1245 862 1284 πρὸ

58 1294 164 1322 πολλοῦ
178 1291 262 1325 εἰδώς.
277 1291 318 1321 Τὸ
337 1291 381 1327 δὲ,
398 1301 412 1319 σ
429 1289 520 1320 1Ὄττου
536 1290 588 1328 ἐγὼ
610 1289 719 1328 ὑπάγω,
735 1300 749 1317 »
766 1289 861 1328 εἰπὼν,

59 1337 183 1367 δείκνυσι
205 1336 250 1365 τὸν
266 1336 376 1365 θάνατον
393 1336 473 1364 αὐτοῦ
490 1334 638 1373 μετάϐασιν
661 1335 725 1364 ὄντα
743 1333 790 1363 καὶ
812 1346 861 1373 με-

58 1382 194 1412 τάστασιν
221 1380 358 1420 κρείττονα
387 1381 423 1414 εἰς
446 1380 526 1408 τόπον
555 1378 668 1417 σώματα
693 1378 797 1418 φθαρτὰ
823 1379 861 1416 μὴ

60 1426 218 1467 δεχόμενον.
235 1427 297 1458 Τοῖς
313 1425 359 1463 μὲν
387 1424 522 1457 Ἰουδαίοις
541 1424 644 1463 ἔλεγεν,
669 1423 710 1453 δτι
735 1434 750 1452 α
769 1423 861 1459 Ζητή-

61 1471 123 1501 σετέ
151 1482 204 1509 με,
231 1470 276 1499 καὶ
300 1469 366 1499 ὅπου
391 1469 444 1508 ἐγὼ
466 1467 576 1508 ὑπάγω,
603 1468 678 1506 ὑμεῖς
701 1469 730 1498 οὖ
752 1468 862 1497 δύνασθε

63 1517 150 1546 ἐλθεῖν
162 1538 170 1551 ,
188 1526 203 1544 υ
223 1513 303 1555 φόϐον
319 1515 406 1548 αὐτοῖς
425 1513 560 1543 ἐπισείων·
588 1513 641 1546 τοῖς
668 1511 696 1542 δὲ
719 1514 865 1552 μαθηταῖς,

61 1561 106 1590 τὸν
133 1560 216 1589 πόθον
232 1558 361 1593 ἐξάπτων.
387 1559 442 1589 Καὶ
466 1558 516 1597 γὰρ
533 1557 662 1596 εἰώθαμεν
677 1556 741 1586 ὅταν
765 1556 862 1595 ἴδωμέν

61 1617 137 1638 τινας
158 1605 213 1633 τῶν
226 1604 360 1643 φιλτάτων
374 1604 596 1642 ἀναχωροῦντας,
617 1602 735 1640 μάλιστα
757 1602 863 1641 διαθερ-

63 1650 224 1687 μαίνεσθαι,
241 1648 287 1678 χαὶ
313 1649 431 1686 μᾶλλον,
446 1646 509 1676 ὅταν
525 1648 561 1680 εἰς
581 1647 661 1676 τόπον
683 1646 813 1682 ἀπίωσιν,
830 1648 865 1680 εἷς

63 1695 93 1723 ὃν
110 1696 142 1724 οὗ
168 1693 279 1723 δυνατὸν
303 1695 368 1732 ἡμῖν
383 1692 516 1722 ἀπελθεῖν.
532 1692 586 1722 Τὸν
608 1691 688 1721 πόθον
709 1687 754 1720 οὖν
778 1692 864 1725 αὐτοῖς

63 1739 188 1773 ἐξάπτων
204 1738 288 1767 ταῦτά
304 1749 377 1779 φησι.
392 1737 441 1768 Διὸ
455 1736 502 1766 καὶ
525 1736 566 1772 τὸ,
587 1747 603 1766 σ
617 1737 642 1766 Τ
645 1735 730 1772 εχνία,
746 1746 762 1764 ι)
781 1747 864 1776 προσ-

63 1783 174 1819 έθηκεν
200 1781 244 1812 ἵνα
269 1783 307 1820 μὴ
339 1783 498 1820 νομίσωσιν,
530 1782 565 1814 ὡς
592 1781 645 1809 ἀπὸ
668 1783 714 1816 τῆς
743 1781 865 1817 τοιαύτης

65 1827 211 1861 διαθέσεως
232 1829 317 1856 ταῦτα
338 1822 410 1856 εἶπεν
435 1827 537 1862 αὐτοῖς,
551 1825 596 1866 ἀφ’
621 1820 652 1860 ἧς
667 1825 712 1866 κα]
728 1829 782 1857 τοῖς
797 1825 864 1855 Ἰου-

63 1873 165 1909 δαίοις,
183 1872 242 1901 ἀλλ’
266 1871 294 1905 ἐξ
310 1871 427 1910 ἀγάπης.
444 1864 594 1906 Ἐζήτησαν
621 1869 668 1906 μὲν
683 1864 727 1898 οὖν
743 1869 820 1898 αὐτὸν
840 1870 864 1899 οἱ

65 1916 210 1952 Ἰουδαῖοι,
226 1915 269 1945 ὅτε
289 1918 306 1952 ἡ
321 1915 396 1949 πόλις
411 1916 498 1944 αὐτῶν
524 1915 610 1953 ἑάλω,
631 1914 676 1944 καὶ
697 1915 715 1949 ἡ
740 1913 865 1949 θεήλατος

63 1962 130 2002 ὀργὴ
155 1962 284 1990 πάντοθεν
310 1960 369 1990 κατ’
387 1961 472 1990 αὐτῶν
495 1959 616 2000 ἐφέρετο,
639 1960 675 1992 ὡς
700 1959 745 1988 καὶ
771 1958 865 1995 Ἰώση-

63 2018 113 2040 πος
144 2010 277 2046 μαρτυρεῖ
305 2004 350 2034 διὰ
379 2005 424 2034 τὸν
450 2004 563 2034 θάνατον
591 2006 636 2033 τοῦ
663 2003 752 2039 Ἰησοῦ
779 2007 864 2035 ταῦτα

64 2052 154 2084 αὐτοῖς
175 2052 309 2085 γενέσθαι.
329 2051 364 2080 Οἱ
391 2049 418 2079 δὲ
445 2048 576 2088 μαθηταὶ,
599 2048 643 2078 ὅτι
666 2048 794 2088 ἔφευγον,
820 2048 863 2078 ὅτε

65 2097 152 2129 ἄλλως
180 2094 333 2125 ἐθλίϐοντο·
359 2094 399 2124 διὸ
421 2094 466 2123 καὶ
493 2095 630 2132 ἀλλαχοῦ,
649 2105 664 2121 ι
691 2092 864 2132 ’Ᾱρθήσεται,

65 2141 162 2180 φησὶν,
175 2142 190 2169 ὁ
202 2140 330 2179 νυμφίος,
347 2139 391 2168 καὶ
405 2138 592 2175 νηστεύσουσιν
609 2139 633 2168 oi
649 2137 719 2178 φίλοι
733 2141 778 2167 τοῦ
798 2150 865 2176 νυμ-

66 2187 161 2226 φῶνος.
187 2196 202 2214 ν
232 2184 377 2230 Προλέγειν
392 2181 502 2230 οῧνΑτὰν
532 2183 663 2230 μέλλοντα
690 2183 737 2230 κοιλ
761 2182 862 2230 τούτοις
878 2199 902 2230 D

65 2230 199 2264 κάκείνοις
209 2252 218 2268 ,
235 2232 288 2263 τοῖς
304 2229 351 2268 μὲν
368 2228 412 2258 διὰ
426 2228 474 2264 τὴν
491 2227 632 2264 ἀπιστίαν,
648 2233 701 2261 τοῖς
714 2227 741 2256 δὲ
757 2228 800 2257 διὰ
814 2227 863 2263 τὴν

67 2275 192 2314 ἀγάπην,
208 2274 254 2304 καὶ
273 2274 303 2304 τὸ
319 2273 356 2312 μὴ
373 2273 580 2313 ἀπροσδοκήτοις
600 2274 725 2312 ἐμπεσεῖν
739 2276 793 2306 τοῖς
813 2273 866 2301 διι-

66 2322 129 2353 νοῖς.
166 2319 279 2353 Ἐπειδὴ
310 2319 346 2352 εἰς
373 2317 482 2357 θόρυϐον
513 2317 607 2351 αὐτοὺς
638 2318 765 2355 ἐμπεσεῖν
798 2317 866 2350 εἰκὸς

67 2361 116 2401 ἧν,
130 2367 214 2394 ταῑτα
230 2362 373 2396 ἀκούοντας
387 2364 423 2396 ὡς
446 2362 558 2401 ἐρήμους
582 2361 727 2400 μέλλοντας
743 2361 848 2391 ἔσεσθαι
859 2383 867 2399 ,

67 2412 266 2449 παραμυθεῖται
288 2407 396 2445 αὖτοὺς,
422 2407 470 2443 Μὴ
497 2409 622 2447 ἀλγεῖτε,
647 2406 746 2445 λέγων’
771 2407 866 2444 δίδωμι

67 2453 120 2494 γὰρ
144 2455 206 2492 ὑμῖν
230 2453 337 2493 φύλακα
363 2452 470 2493 ἰσχυρὸν
500 2451 549 2488 τὴν
575 2452 695 2491 ἀγάπην.
723 2450 790 2480 Ἐὰν
815 2451 865 2491 γὰρ

67 2497 167 2534 ταύτην
190 2497 288 2538 ἔχητε,
305 2497 431 2534 ἀήττητοι
453 2495 545 2527 ἔσεσθε
556 2519 565 2535 ,
582 2496 628 2526 ὕπ’
643 2497 765 2532 ἀλλήλων
784 2496 864 2526 δυνα-

70 2544 207 2583 μούμενοι.
227 2539 294 2572 Εἶτα
310 2543 402 2583 ἐπειδὴ
419 2542 554 2581 ἠπόρησεν
571 2542 602 2571 ἄν
616 2552 668 2575 τις’
685 2543 748 2574 Πῶς
771 2541 864 2577 καινὴν

70 2588 177 2625 ἐντολὴν
193 2588 285 2624 δίδως,
304 2582 327 2616 ὦ
345 2587 445 2628 Κύριε,
468 2587 516 2623 τὴν
539 2587 663 2626 ἀγάπην,
679 2586 712 2623 ἢν
731 2585 776 2615 καὶ
791 2587 817 2615 ἐν
832 2588 865 2626 τῇ

71 2635 183 2672 Παλαιᾷ
215 2632 457 2671 νενομοθετημένην
495 2631 622 2669 omnim;
658 2631 794 2672 ἐπιφέρει,
825 2631 866 2660 ὅτι

72 2690 87 2707 ιι
106 2677 202 2711 Καθὼς
217 2677 271 2718 ἐγὼ
289 2678 419 2716 ἠγάπησα
433 2680 518 2715 ὑμᾶς,
531 2676 575 2706 ἵνα
591 2675 636 2705 καὶ
658 2677 788 2712 ἀλλήλους
802 2676 864 2714 ἀγα-

70 2727 146 2754 πᾶτε.
170 2734 185 2752 υ
205 2722 317 2763 ιὨσπερ
341 2721 392 2763 γὰρ
408 2721 480 2762 ἐγὼ,
507 2721 591 2762 φησὶ,
610 2721 710 2761 δωρεὰν
733 2720 864 2760 ἠγάπησα

106 2821 239 2851 “Matth.
257 2829 301 2856 ιχ,
317 2823 365 2855 15;
383 2821 452 2849 Luc.
468 2827 498 2849 ν.
512 2822 557 2848 35.

916 261 1027 296 quando
1050 262 1266 298 ignominiosam
1286 263 1441 298 passionem
1471 265 1568 300 patiar,
1601 265 1711 302 quando

915 305 1027 334 videbor
1045 315 1093 343 per
1119 311 1237 336 mortem
1265 315 1281 335 e
1304 307 1396 336 medio
1420 308 1503 336 tolli:
1529 312 1594 337 tunc
1622 310 1712 346 magis

916 350 1075 386 honorabit,
1108 355 1176 381 tunc
1207 360 1257 389 per
1281 353 1511 382 resurrectionem
1538 361 1584 382 me
1605 354 1711 384 clarum

914 395 1006 425 faciet.

949 488 1042 516 Vens.
1058 489 1157 521 33-35,
1173 499 1186 512 ι
1199 487 1299 521 Filioli,
1314 487 1406 516 adhuc
1417 487 1556 524 paulisper
1573 488 1713 517 vobiscum

913 540 984 560 sum.
1000 533 1137 567 Quzcretis
1149 541 1193 561 me
1208 542 1215 560 :
1232 538 1260 560 et
1272 532 1342 561 sicut
1358 532 1416 561 diri
1441 532 1545 562 Judaais
1559 543 1566 561 :
1579 535 1640 569 Quo
1661 541 1712 570 ego

913 577 994 610 vado,
1008 586 1057 605 vos
1067 585 1122 606 non
1134 578 1247 614 potestis
1258 578 1348 605 venire
1361 587 1367 605 :
1380 577 1418 606 ita
1431 582 1460 606 et
1471 578 1546 606 vobis
1557 577 1621 606 dico
1631 586 1712 607 nunc.

912 622 1089 658 Praeceptum
1115 630 1219 650 novum
1243 622 1280 650 do
1296 623 1384 656 vobis,
1408 627 1439 650 ut
1452 623 1570 659 diligatis
1585 623 1712 658 invicem,

912 666 983 694 sicut
997 666 1079 694 dilexi
1095 675 1154 700 vos,
1163 671 1195 694 ut
1215 671 1243 695 et
1254 675 1303 695 vos
1317 667 1438 703 diligatis
1460 667 1591 696 invicem.
1610 669 1640 695 In
1659 667 1712 696 hoc

913 711 987 739 enim
1005 716 1174 747 cognoscent
1189 720 1288 740 omnes
1302 712 1377 748 quod
1391 712 1517 748 discipuli
1532 713 1588 740 mei
1601 713 1676 746 estis,
1689 713 1712 741 si

912 755 1089 784 dilectionem
1110 756 1260 784 habueritis
1273 757 1345 785 inter
1358 764 1421 785 vos.
1439 768 1451 782 ι
1468 757 1607 792 Quoniam
1631 758 1712 793 paulo

913 805 976 836 post
996 802 1104 837 passuri
1119 806 1198 830 erant
1211 802 1315 837 gravia,
1339 809 1370 830 ea
1385 810 1460 830 nunc
1481 802 1603 838 praedicit
1616 803 1666 836 eis,
1682 807 1713 831 ut

915 853 946 873 ea
960 845 1079 874 habeant
1093 846 1120 874 in
1135 847 1266 874 memoria
1281 850 1308 874 et
1322 851 1475 883 praeparent
1489 855 1517 875 se
1532 847 1567 875 ad
1582 855 1624 875 ea.
1639 848 1712 876 Con-

877 896 901 927 B
915 890 967 918 fert
982 895 1074 919 autem
1095 891 1149 919 hoc
1170 891 1206 920 ad
1220 891 1336 928 gloriam
1361 892 1428 928 ejus.
1445 893 1506 920 Non
1532 900 1613 928 parva
1637 893 1713 921 enim

917 935 1005 971 gloria
1019 935 1080 971 ejus
1094 935 1158 969 fuit,
1172 936 1246 972 quod
1260 936 1400 972 discipulis
1415 936 1543 972 prmdixit
1557 945 1619 972 qua:
1630 945 1711 965 even-

916 983 978 1007 tura
991 984 1082 1007 essent
1093 980 1143 1014 eis,
1160 980 1368 1008 recordantibus
1381 985 1476 1016 postea
1488 980 1629 1017 discipulis
1638 981 1713 1018 quod

917 1024 961 1051 illa
975 1024 1016 1052 eis
1040 1028 1132 1052 essent
1153 1024 1292 1060 praedicta.
1314 1026 1470 1053 Monstrans
1488 1030 1591 1059 autem,
1609 1033 1638 1054 se
1656 1034 1712 1054 non

914 1072 981 1096 tunc
1000 1068 1118 1104 primum
1151 1077 1330 1104 cognoscere,
1351 1069 1400 1097 sed
1425 1070 1514 1098 multo
1534 1075 1614 1098 antea
1639 1070 1712 1106 quod

916 1113 1060 1149 quaasitnri
1071 1118 1163 1142 essent
1178 1114 1268 1149 ipsum
1278 1114 1306 1141 in
1321 1114 1542 1142 tribulationibus
1557 1115 1711 1149 constituti,

916 1157 993 1192 dicit,
1007 1157 1081 1194 quod
1097 1162 1125 1186 et
1147 1159 1251 1187 Judaeis
1270 1159 1344 1187 istud
1367 1159 1459 1195 ipsum
1482 1159 1591 1193 dixerit,
1619 1164 1713 1196 utpote

917 1203 964 1238 qui
988 1203 1077 1231 multo
1100 1207 1162 1231 ante
1184 1203 1302 1232 sciverit.
1327 1205 1388 1232 Hoc
1419 1208 1524 1238 autem,
1541 1216 1554 1229 σι
1571 1205 1633 1240 Quo
1661 1213 1712 1242 ego

917 1246 996 1281 vado,
1012 1257 1027 1274 ν
1044 1247 1146 1277 indicat
1159 1248 1218 1284 ejus
1232 1252 1363 1282 mortem,
1378 1256 1441 1284 quae
1463 1249 1594 1277 transitus
1609 1254 1667 1278 erat
1681 1257 1714 1278 ac

915 1292 1058 1320 translatio
1072 1292 1099 1320 in
1112 1296 1215 1321 statum
1228 1293 1382 1327 meliorem,
1399 1293 1427 1322 in
1446 1293 1536 1321 locum
1547 1294 1714 1330 corruptibi-

917 1337 953 1365 lia
973 1345 1088 1373 corpora
1103 1345 1159 1365 non
1178 1337 1385 1373 suscipientem.
1407 1338 1495 1375 lgitur
1513 1338 1616 1367 Iudaeis
1635 1339 1712 1367 dice-

916 1381 973 1415 bat,
991 1393 1004 1406 ιι
1023 1382 1157 1418 Quaeretis
1169 1390 1225 1416 me,
1246 1386 1273 1410 et
1290 1391 1345 1418 quo
1360 1391 1411 1419 ego
1425 1383 1505 1416 vado,
1522 1391 1570 1412 vos
1589 1391 1646 1412 non
1662 1391 1716 1419 po-

916 1427 994 1454 testis
1008 1428 1104 1455 venire
1120 1436 1128 1455 :
1153 1439 1165 1451 ·
1180 1427 1310 1455 timorem
1336 1427 1391 1456 illis
1411 1427 1558 1461 incutiens,
1571 1427 1713 1464 discipulis

919 1476 1011 1499 autem
1024 1471 1191 1500 desiderium
1205 1472 1367 1500 accendens.
1383 1473 1494 1501 Etenim
1508 1473 1714 1509 consuevimus,

919 1516 1029 1552 quando
1043 1516 1165 1544 videmus
1173 1516 1309 1552 quosdam
1321 1525 1354 1546 ex
1367 1517 1464 1545 amicis
1473 1517 1640 1552 secedentes,
1656 1525 1716 1546 ma-

878 1562 902 1594 C
918 1560 960 1596 gis
974 1560 1098 1595 accendi,
1113 1565 1141 1589 et
1164 1561 1285 1589 maxime
1300 1561 1323 1589 si
1347 1566 1411 1589 eant
1425 1561 1450 1589 in
1465 1561 1555 1590 locum
1577 1570 1632 1598 quo
1657 1570 1714 1590 non

918 1609 963 1632 est
980 1605 1108 1640 possibile
1120 1613 1172 1633 nos
1191 1606 1240 1634 ire.
1265 1606 1350 1640 igitur
1363 1605 1530 1634 desiderium
1545 1606 1598 1635 illis
1615 1615 1714 1635 accen-

919 1649 996 1683 dens,
1012 1649 1071 1678 haec
1084 1650 1158 1678 dicit.
1182 1651 1247 1679 Ideo
1262 1655 1291 1679 et
1306 1662 1319 1675 ι
1341 1651 1411 1684 Filii,
1433 1663 1446 1676 ιι
1463 1651 1565 1687 adjecit
1593 1660 1601 1680 :
1627 1656 1656 1680 ut
1680 1659 1715 1680 ne

917 1698 1015 1730 putent
1027 1695 1101 1731 quod
1116 1694 1212 1723 eadem
1227 1695 1374 1723 affectione
1387 1704 1441 1732 qua
1463 1696 1575 1730 Judmis,
1600 1696 1659 1724 haec
1676 1696 1716 1724 eis

918 1739 955 1767 sit
976 1739 1092 1771 locutus,
1109 1739 1157 1768 sed
1172 1748 1204 1768 ex
1230 1740 1370 1768 charitate.
1393 1742 1583 1775 Quaesiverunt
1604 1741 1715 1778 quidem

917 1791 982 1812 eum
995 1783 1096 1817 Judzei,
1122 1785 1234 1820 quando
1247 1785 1344 1813 civitas
1362 1785 1486 1821 ipsorum
1509 1790 1586 1822 capta
1610 1790 1662 1818 est,
1689 1790 1716 1814 et

917 1828 957 1856 ira
979 1829 1111 1857 divinitus
1133 1829 1255 1857 immissa
1271 1829 1392 1865 undique
1412 1830 1439 1857 in
1464 1838 1512 1857 eos
1538 1831 1620 1863 Venit,
1643 1830 1716 1858 sicut

918 1876 947 1901 et
960 1873 1100 1909 Iosephus
1113 1877 1229 1900 testatur
1250 1877 1360 1909 propter
1383 1878 1502 1902 mortem
1516 1875 1581 1902 Jesu
1601 1875 1641 1902 eis
1655 1875 1714 1902 huic

917 1917 1049 1946 evenisse.
1065 1918 1198 1953 Discipuli
1210 1922 1314 1953 autem,
1325 1918 1436 1954 quando
1450 1918 1587 1953 fugerunt,
1603 1923 1631 1946 et
1644 1919 1714 1947 alias

917 1961 1013 1991 afﬂicti
1027 1967 1101 1995 sunt,
1124 1966 1267 1998 propterea
1281 1967 1309 1990 et
1329 1963 1382 1991 alio
1406 1963 1466 1991 loco
1488 1963 1522 1997 “,
1539 1974 1552 1988 ιι
1577 1963 1712 1998 Tolletnr,

917 2007 1016 2042 inquit,
1033 2015 1159 2043 sponsus,
1174 2012 1201 2035 et
1211 2007 1373 2043 jejunabunt
1387 2007 1469 2036 amici
1489 2007 1612 2036 thalami.
1628 2020 1640 2033 1
1658 2009 1713 2036 lta-

917 2060 970 2088 que
989 2051 1080 2080 futura
1111 2052 1233 2088 prazdicit
1255 2057 1283 2081 et
1305 2052 1347 2080 his
1369 2057 1397 2081 et
1421 2053 1494 2081 illis:
1523 2053 1576 2081 illis
1601 2053 1713 2088 quidem

918 2102 1030 2133 propter
1053 2097 1279 2131 incredulitatem,
1294 2097 1336 2125 his
1348 2101 1440 2126 autem
1453 2103 1564 2134 propter
1577 2106 1713 2132 antorem,

918 2150 952 2170 ne
963 2142 1148 2178 inexspectata
1162 2142 1316 2170 inciderent
1330 2143 1410 2171 mala.
1430 2144 1464 2171 Et
1478 2143 1611 2179 quoniam
1637 2143 1710 2171 veri-

917 2186 1006 2214 simile
1033 2187 1198 2222 696erat,
1220 2186 1365 2215 audientes
1390 2187 1454 2216 talia
1479 2188 1583 2215 turbari
1607 2187 1712 2222 animo,

920 2234 950 2259 ut
963 2231 1101 2259 solitarius
1115 2231 1223 2260 futuros
1233 2232 1402 2266 consolatur,
1416 2233 1456 2260 Ne
1469 2231 1595 2267 deleatis,
1609 2233 1714 2267 dicens,

919 2276 955 2304 do
968 2276 1043 2304 enim
1057 2276 1135 2304 vobis
1144 2276 1286 2305 custodem
1297 2276 1410 2310 fortem,
1426 2277 1513 2312 ipsam
1525 2277 1713 2311 dilectionem,

919 2328 1004 2357 quam
1023 2321 1045 2348 si
1069 2320 1230 2354 habueritis,
1257 2321 1326 2349 inter
1344 2329 1392 2349 vos
1413 2321 1594 2355 corroborati,
1622 2322 1715 2350 invicti

918 2366 1005 2394 eritis.
1022 2365 1129 2393 Deinde
1142 2366 1164 2394 si
1176 2365 1346 2394 dubitaverit
1360 2366 1432 2402 quis,
1446 2366 1594 2401 Quomodo
1603 2367 1716 2396 manda-

920 2415 980 2438 tum
992 2418 1096 2438 novum
1110 2410 1171 2444 das,
1192 2419 1208 2438 o
1223 2411 1351 2445 Domine,
1364 2411 1525 2439 charitatem
1539 2419 1624 2448 quam
1645 2417 1672 2440 et
1686 2412 1712 2440 in

920 2455 1003 2483 veteri
1017 2455 1075 2491 lege
1084 2455 1177 2483 datam
1189 2455 1309 2484 scimus?
1324 2455 1428 2490 subdit,
1445 2466 1458 2482 ιι
1473 2457 1549 2484 Sicut
1562 2464 1612 2492 ego
1631 2457 1714 2485 dilexi

919 2508 979 2534 vos,
995 2500 1032 2528 ita
1046 2504 1074 2528 et
1088 2508 1137 2528 vos
1150 2505 1279 2528 mutuum
1298 2500 1426 2537 diligatis.
1444 2512 1456 2526 η
1471 2501 1715 2538 Quemadmodum

919 2545 992 2573 enim
1014 2553 1076 2581 ego,
1102 2545 1201 2581 inquit,
1228 2545 1311 2581 gratis
1337 2545 1418 2574 dilexi
1444 2553 1503 2580 vos,
1529 2546 1609 2574 nullis
1635 2547 1717 2574 bonis

919 2590 1047 2626 operibus
1059 2590 1159 2618 vestris
1173 2590 1399 2626 praecedentibus,
1413 2590 1462 2619 sed
1485 2595 1513 2619 et
1527 2599 1591 2619 cum
1606 2591 1717 2618 inimica

919 2639 993 2664 esset
1004 2635 1127 2663 humana
1141 2639 1251 2669 natura,
1267 2643 1329 2663 eam
1340 2636 1459 2672 suscepi,
1475 2635 1694 2671 sanctiﬁcavique
1708 2644 1714 2662 :

920 2681 957 2708 ita
972 2684 1000 2709 et
1009 2688 1058 2708 vos
1072 2680 1156 2717 gratis
1169 2692 1181 2704 ι
1198 2680 1301 2717 diligite
1323 2681 1395 2708 inter
1417 2688 1466 2709 vos
1483 2689 1489 2708 :
1508 2692 1520 2704 »ι
1535 2681 1618 2708 etiam
1632 2680 1655 2708 si
1672 2679 1715 2707 of-

918 2724 1036 2754 fenderit
1049 2729 1077 2754 te
1097 2724 1192 2759 frater,
1216 2733 1251 2754 ne
1270 2725 1421 2754 recorderis
1439 2725 1509 2761 ejus.
1539 2724 1618 2753 Vides
1643 2723 1718 2760 quod
