1922 3077
239 166 288 192 167

233 225 287 255 hoc
304 227 340 255 sit
362 235 466 255 novum
486 227 661 262 mandatum,
680 227 850 263 diligendum
875 228 1030 264 proximum

234 272 276 299 cui
290 271 361 299 nihil
384 271 501 300 debeas?
516 273 572 300 Lex
591 277 685 300 autem
706 272 813 301 dicebat
834 273 867 307 ⁸⁵,
885 284 898 297 αι
928 273 1032 308 Diliges

236 316 357 344 amicum
371 320 451 344 tuum
476 326 514 344 ιι
540 321 571 344 ut
585 316 709 344 debitum
733 317 858 352 proximo
888 317 935 353 qui
959 318 1033 353 prius

237 360 390 396 inceperat,
440 360 616 388 dilectionem
669 361 878 389 retribuendum
923 362 1031 398 jubens.

233 405 383 432 Declarans
410 409 505 433 autem
537 405 614 442 quod
651 414 709 433 non
735 406 925 441 exstinguendi
970 410 1032 442 post

235 456 314 476 suam
332 449 537 484 migrationem,
561 449 609 478 sed
633 450 763 478 clariores
782 450 867 478 futuri
888 451 952 484 sint,
988 451 1030 479 di-

235 493 274 521 cit
297 502 305 521 :
335 504 347 518 α
377 494 408 521 In
431 494 484 522 hoc
505 494 591 522 scient
615 502 722 522 omnes.
751 506 763 519 ιι
788 495 871 523 Vides
891 495 1031 531 quomodo

235 541 340 566 asserat
353 545 400 566 eos
414 538 449 566 ab
463 539 592 567 omnibus
607 539 823 574 cognoscendos,
840 547 888 575 per
901 539 953 567 hoc
971 540 1032 568 illos

235 589 291 610 non
305 590 404 618 parum
418 583 585 611 consolans?
602 583 723 619 Reliquit
738 584 870 611 indicium
888 588 916 612 et
933 584 1030 612 chara-

234 631 339 654 cterem
353 635 369 654 a
389 627 535 661 miraculis,
553 636 569 655 a
583 627 717 655 charitate
732 633 824 656 autem
843 637 917 656 nunc
930 637 1032 665 cogno-

235 671 344 699 scibiles
368 671 440 700 facit.
456 672 537 700 Multi
553 672 627 700 enim
642 677 716 706 sunt,
738 673 784 708 qui
813 673 945 700 miracula
961 673 1031 701 fece-

234 720 311 750 runt,
327 716 489 751 audituri“,
505 729 517 740 ιι
534 717 631 744 Nescio
646 725 703 744 vos.
720 729 733 741 ν
750 717 832 752 Quod
847 722 940 745 autem
957 722 1033 746 totus

235 761 309 788 orbis
322 761 463 788 miraculis
477 760 512 788 ad
523 761 604 789 [idem
620 761 755 789 adductus
764 762 810 796 sit,
830 762 896 798 quid
912 763 1034 790 mirum?

235 805 303 840 Quia
317 805 391 833 enim
407 806 527 833 charitas
540 805 646 839 aderat,
662 805 724 834 ideo
748 811 777 834 et
801 807 889 834 virtus
910 806 945 834 ad
967 814 1032 842 ope-

233 850 353 878 randum
381 850 514 878 miracula
535 858 591 878 non
617 850 720 879 deerat.
754 851 834 886 Quod
854 851 878 879 si
901 850 980 879 divisi
1007 855 1034 879 et

234 894 352 923 distincti
375 894 501 929 fuissent,
525 895 618 923 omnia
633 895 774 931 perissent,
795 900 823 924 et
838 896 929 924 nullus
947 896 1034 924 credi-

234 939 321 967 disset
355 939 407 967 illis
439 940 476 968 ita
502 944 597 968 contra
615 947 644 967 se
671 939 834 968 furentibus.
862 943 956 976 Itaque
987 948 1034 968 eos

234 984 333 1020 majori
352 985 487 1012 miraculo
511 985 607 1020 dignos
633 984 762 1018 faciebat,
783 985 856 1021 quod
878 994 933 1013 una
962 990 1034 1014 esset

233 1029 338 1064 anima,
352 1033 381 1056 et
396 1037 483 1057 unum
497 1037 546 1057 cor
563 1029 733 1057 credentium
744 1030 776 1057 ⁸⁷.

739 166 782 193 ΤΗ
787 165 998 194 EOPHYLACTI
1016 165 1195 194 BULGARl/E
1213 165 1370 194 ARCHIEP.

1833 170 1875 196 H38

1047 235 1074 267 Α
1089 229 1170 266 ὑμᾶς,
1195 230 1225 258 οὖ
1240 228 1468 268 προϋπαρχόντων
1484 229 1557 267 ὑμῶν
1572 228 1801 268 κατορθωμάτων,
1817 230 1873 259 ἀλλὰ

1088 274 1134 302 καὶ
1158 274 1252 313 ἐχθρᾶς
1269 273 1364 308 οὔσης,
1390 272 1434 302 καὶ
1455 273 1660 311 κατηργῃμένης
1679 275 1728 310 τῆς
1755 274 1874 314 ἀνθρωπί-

1087 329 1134 354 νης
1158 318 1276 357 φύσεως,
1310 317 1382 356 ὅμως
1407 317 1485 351 αὖτὸς
1509 318 1682 356 ἐπελαϐόμην
1716 318 1812 355 ταύτης
1839 320 1876 347 καὶ

1087 362 1203 400 ἠγίασα*
1227 363 1295 392 οὕτω
1318 362 1363 391 καὶ
1378 364 1453 400 ὑμεῖς
1476 362 1577 401 δωρεὰν
1609 373 1624 391 (ι
1649 363 1777 402 ἀγαπᾶτε
1800 363 1876 398 ἀλλή-

1087 408 1162 441 λους·
1175 418 1190 436 n
1209 407 1258 436 κᾶν
1271 406 1437 446 σκανδαλίσῃ
1454 418 1483 436 σε
1499 408 1513 435 ὁ
1526 407 1654 447 ἀδελφὸς,
1669 407 1709 445 μὴ
1724 409 1876 446 ἐπιμνησθῇς

1086 452 1192 481 τούτου.
1212 451 1297 492 Ὁρᾷς
1319 451 1361 481 ὅτι
1388 451 1467 480 τοῦτό
1491 452 1560 480 ἔστιν
1591 455 1608 488 ἡ
1625 452 1705 487 καινὴ
1733 453 1831 489 ἐντολὴ,
1852 453 1876 481 τὸ

1087 497 1169 534 μηδὲν
1186 496 1324 536 ὀφείλοντα
1347 497 1384 536 τῷ
1400 496 1514 532 πλησίον
1525 519 1533 533 ,
1550 500 1648 536 προῖκα
1666 497 1748 526 αὐτὸν
1763 499 1876 536 ἂγαπᾷν;

1086 541 1121 571 Ὀ
1136 541 1163 570 δὲ
1179 541 1271 579 νόμος,
1293 541 1487 579 «Ἀγαπήσεις,
1504 540 1588 579 ἔλεγε,
1603 541 1646 570 τὸν
1660 540 1739 581 φίλον
1751 553 1808 577 σου,
1821 552 1834 569 ι)
1849 544 1876 574 ὡς

1085 585 1162 626 χρέος
1175 585 1391 624 προκατάρξαντι
1403 588 1442 625 τῷ
1457 585 1569 621 πλησίον
1580 607 1588 621 ,
1602 586 1650 621 τὴν
1669 586 1778 624 ἀγάπην
1795 587 1876 614 ἀντιδι-

1086 632 1159 660 δόναι
1171 630 1296 660 κελεύων.
1313 629 1421 663 Δεικνὺς
1437 629 1474 666 δὲ,
1487 630 1526 659 ὅτι
1541 631 1571 659 οὗ
1582 630 1791 666 σϐεσθήσονται,
1805 631 1873 659 αὐτοῦ

1086 674 1259 709 ἀπελθόντος,
1287 674 1356 703 ἀλλὰ
1379 678 1530 714 περιφανεῖς
1554 674 1678 710 ἔσονται,
1698 674 1790 714 φησὶν·
1809 686 1823 703 ιι
1836 674 1875 704 Ἐν

1085 719 1170 759 τούτῳ
1189 719 1336 757 γνώσονται
1363 719 1469 752 πάντες.
1497 730 1511 748 n
1532 718 1616 759 Ὁρᾷς
1641 721 1701 752 πῶς
1725 718 1874 758 διαγνωσθή-

1087 767 1179 793 σεσθαι
1209 763 1304 797 αὐτοὺς
1329 763 1403 803 παρὰ
1432 767 1515 792 πᾶσιν
1543 763 1740 803 ἀποφαίνεται,
1764 775 1875 803 παραμυο

1086 808 1209 846 θούμενος
1237 808 1332 840 αὐτοὺς
1358 809 1386 836 οὖ
1413 810 1512 847 μικρῶς
1541 807 1585 836 διὰ
1610 807 1724 845 τούτου;
1750 807 1832 846 Ἄφεὶς
1854 807 1875 836 δὲ

1087 853 1140 881 ἀπὸ
1158 855 1211 882 τῶν
1238 852 1384 891 θαυμάτων
1412 851 1505 885 αὐτοὺς
1526 852 1743 892 χαρακτηρίσαι,
1768 852 1818 881 ἀπὸ
1838 853 1875 885 sic

1088 897 1194 937 ἀγάπης
1217 897 1418 937 χαρακτηρίζει.
1449 896 1550 926 Πολλοὶ
1575 897 1627 936 γὰρ
1653 897 1782 933 θαύματα
1810 895 1874 931 ποιή-

1087 953 1196 977 σαντες,
1214 942 1354 980 μέλλουσιν
1371 940 1486 978 ἇκούειν,
1512 942 1551 970 ὅτι
1571 952 1586 971 α
1609 942 1670 971 Οὐκ
1691 937 1752 970 οῖδα
1772 943 1846 979 ὑμᾶς.
1860 951 1872 968 n

1088 987 1122 1017 Εἰ
1138 986 1165 1016 δὲ
1180 988 1224 1016 καὶ
1239 991 1312 1015 πᾶσα
1324 989 1341 1022 ἡ
1359 986 1497 1024 οἰκουμένη
1512 986 1561 1014 ὑπὸ
1576 987 1628 1014 τῶν
1645 987 1792 1024 θαυμάτων
1805 997 1874 1025 προσ-

1089 1031 1160 1070 ήχθη
1175 1033 1208 1070 τῇ
1225 1031 1322 1067 πίστει,
1347 1031 1372 1059 τί
1389 1030 1558 1070 θαυμαστόνς
1583 1030 1659 1060 Διότι
1683 1031 1736 1070 γὰρ
1753 1033 1770 1066 ἡ
1796 1030 1874 1069 ἀγάπη

234 1076 341 1113 παρῆν,
365 1073 409 1103 διὰ
429 1076 506 1104 τοῦτο
535 1075 580 1104 καὶ
604 1074 668 1114 πρὸς
689 1074 720 1103 τὸ
747 1077 956 1113 θαυματουργεῖν
976 1077 1064 1109 αὐτοῖς
1090 1076 1202 1115 δύναμις
1226 1077 1297 1112 ἐνῆν.
1329 1076 1363 1105 Εἰ
1390 1075 1416 1104 δὲ
1440 1075 1581 1111 διέστησαν
1609 1075 1658 1104 ἀπ’
1682 1075 1807 1111 ἀλλήλων
1840 1075 1876 1103 καὶ

234 1118 429 1158 ἐμερίσθησαν,
451 1120 542 1148 πάντα
570 1118 602 1148 ἂν
631 1121 719 1152 αὐτοῖς
743 1119 795 1156 καὶ,
819 1119 974 1156 ἀπολώλει,
999 1120 1045 1149 καὶ
1076 1121 1160 1154 οὐδεὶς
1184 1121 1336 1149 ἐπίστευσεν
1368 1120 1437 1149 οὕτω
1466 1120 1525 1149 κατ’
1552 1120 1677 1155 ἀλλήλων
1707 1119 1874 1158 μαινομένοις

232 1162 323 1203 ὥσπερ
349 1159 393 1193 οὖν
419 1164 464 1193 καὶ
498 1165 599 1193 πολλοῦ
632 1163 768 1202 θαύματος
800 1163 894 1196 αὖτοὺς
928 1165 1012 1194 ἐποίει

233 1207 321 1247 ψυχὴν
337 1207 412 1247 μίαν.

268 1258 356 1285 Vens.
373 1260 464 1285 36-38.
489 1266 502 1284 (ι
519 1257 592 1285 Dicit
606 1257 630 1285 ei
644 1257 739 1286 Simon
754 1258 853 1285 Petrus
876 1266 883 1285 :
899 1257 1032 1292 Domine,

231 1309 286 1337 quo
301 1302 392 1329 vadis?
404 1302 557 1338 Respondit
568 1302 594 1329 ei
608 1303 688 1330 Iesus
700 1311 706 1329 :
720 1302 781 1336 Quo
805 1310 856 1338 ego
871 1302 950 1335 vado,
976 1310 1032 1330 non

232 1350 310 1382 potes
320 1354 367 1374 me
380 1355 452 1374 nunc
463 1347 540 1382 sequi
557 1357 563 1375 :
581 1347 705 1382 sequeris
727 1351 820 1374 autem
836 1350 938 1382 postea.
956 1346 1032 1374 Dicit

232 1391 254 1418 ei
264 1392 359 1419 Petrus
374 1401 380 1419 :
391 1391 519 1425 Domine,
529 1399 614 1427 quare
621 1399 676 1418 non
688 1399 801 1426 possum
810 1395 835 1418 te
850 1391 927 1427 sequi
938 1392 1031 1418 nunc?

232 1435 356 1463 animam
378 1443 470 1463 meam
490 1443 540 1470 pro
554 1440 580 1463 te
595 1443 704 1471 ponam.
719 1435 875 1470 Respondit
889 1436 912 1462 ei
927 1436 1006 1463 Jesus
1021 1444 1027 1462 τ

231 1480 366 1507 Animam
381 1484 456 1507 tuam
475 1487 526 1515 pro
550 1487 597 1508 me
620 1481 728 1514 pones?
747 1482 848 1512 Amen,
867 1487 947 1506 amen
967 1479 1029 1507 dico

232 1523 292 1557 tibi,
312 1532 369 1551 non
393 1528 473 1551 canet
493 1524 591 1558 gallus,
615 1523 702 1552 donec
716 1527 759 1551 ter
786 1531 831 1551 me
845 1524 994 1559 negaveris.
1012 1536 1025 1548 υ

230 1569 327 1595 Petrus
349 1576 405 1603 pra:
429 1569 517 1595 multo
546 1568 655 1596 fervore
676 1568 764 1604 magis
787 1576 907 1604 praceps
929 1568 1026 1602 factus,

231 1611 278 1647 qui
291 1612 434 1640 audiverat
443 1613 595 1640 Dominum
610 1612 760 1646 dicentem,
777 1624 789 1637 α
806 1614 869 1648 Quo
883 1621 934 1648 ego
947 1612 1027 1646 vado,

231 1664 281 1684 vos
290 1665 344 1684 non
356 1658 472 1693 potestis
485 1657 576 1685 venire
589 1666 597 1685 :
614 1669 627 1682 »
636 1658 795 1694 interrogat,
809 1670 819 1681 ιι
835 1658 896 1692 Quo
912 1657 1003 1686 vadis?
1016 1669 1028 1682 υ

232 1701 309 1737 quasi
325 1701 421 1730 dicens
435 1701 544 1730 Christo
560 1712 566 1730 ε
580 1703 648 1737 Quae
673 1702 723 1730 ista
743 1707 784 1729 est
805 1702 848 1730 via
873 1710 957 1738 quam
979 1710 1029 1738 ego

230 1746 347 1774 transire
371 1754 428 1774 non
451 1748 580 1782 possum?
602 1748 663 1774 Non
685 1747 757 1775 enim
785 1746 909 1774 discendi
935 1747 1028 1774 animo

230 1790 392 1827 interrogat,
406 1791 454 1820 sed
471 1791 577 1819 occulte
593 1792 644 1819 hoc
659 1791 854 1827 subsiguiﬁcat,
874 1791 949 1827 quod
971 1791 1028 1819 Etsi

230 1835 421 1864 difﬁcillimam
432 1836 557 1864 omnium
568 1837 641 1864 viam
649 1837 815 1864 transiturus
822 1837 870 1870 sis,
882 1840 908 1864 te
917 1844 1025 1872 sequar.

229 1881 271 1909 ιω
285 1889 393 1917 semper
414 1889 478 1909 cum
501 1881 610 1909 Christo
629 1889 688 1909 esse
710 1881 829 1909 amabat.
847 1881 912 1909 Ideo
929 1885 956 1908 et
971 1881 1027 1917 ipse

228 1925 264 1954 ad
285 1931 407 1954 mentem
429 1927 487 1962 ejus
507 1926 655 1962 respondit,
675 1938 687 1951 ιι
710 1927 773 1954 Non
797 1930 873 1962 potes
887 1934 933 1954 me
953 1933 1028 1954 nunc

227 1971 317 2006 sequi,
332 1975 424 2007 postea
440 1975 534 1998 autem
555 1971 685 2007 sequeris.
705 1982 717 1995 υ
741 1972 778 1998 At
792 1971 837 1998 ille
851 1971 886 1998 ita
907 1974 1027 1998 temera-

227 2015 284 2043 rius
298 2015 339 2048 lit,
361 2019 393 2042 ut
407 2015 606 2043 contradiceret
619 2015 730 2043 Christo
752 2019 780 2042 et
802 2023 859 2042 non
881 2019 1028 2042 contentus

229 2059 349 2087 oblatam
370 2067 429 2087 esse
444 2067 521 2095 spem
540 2059 644 2087 bonam
666 2059 740 2094 quod
765 2063 857 2094 postea
882 2063 1028 2086 secuturus

229 2107 310 2137 esset,
325 2107 404 2139 urget
424 2103 601 2138 pertinaciter
619 2113 626 2130 :
645 2114 658 2127 ιι
683 2103 776 2137 Quare
792 2111 848 2130 non
869 2110 981 2138 possum
999 2107 1026 2130 te

228 2147 313 2175 modo
327 2148 422 2183 sequi?
436 2148 557 2175 animam
569 2155 662 2175 meam
675 2155 724 2182 pro
743 2151 769 2174 te
786 2155 897 2182 ponam.
914 2159 926 2171 ι
947 2147 1026 2175 Vides

227 2191 426 2220 vehementiam
445 2191 595 2220 desiderii?
617 2192 685 2226 Quia
707 2192 859 2220 Dominum
883 2192 1022 2220 audiverat

226 2237 367 2265 dicentem
380 2235 403 2253 ⁸⁸
417 2246 424 2264 :
445 2247 458 2260 α
473 2236 607 2272 Majorem
619 2236 669 2264 hac
682 2235 846 2264 charitatem
861 2236 945 2272 697
962 2236 1024 2264 nul-

227 2281 272 2310 lus
283 2281 375 2315 habet,
389 2289 471 2317 quam
486 2285 518 2308 ut
535 2281 657 2309 animam
672 2289 751 2308 suam
771 2285 855 2317 ponat
867 2289 916 2317 pro
930 2281 1025 2309 amicis

227 2326 286 2353 suis
305 2334 313 2353 :
337 2337 349 2350 ιο
366 2325 504 2354 desiderat
524 2334 598 2353 nunc
612 2325 686 2353 hunc
702 2325 819 2361 gradum
838 2329 865 2353 et
886 2325 1024 2362 fastigium

226 2369 382 2404 charitatis;
398 2370 492 2398 etideo
500 2370 642 2406 pollicetur
649 2371 771 2398 animam
779 2378 856 2397 suam
868 2377 970 2406 ponere
977 2378 1024 2405 pro

226 2414 357 2442 Domino.
371 2416 457 2451 igitur
466 2415 590 2443 Salvator
598 2415 729 2446 ostendit,
737 2414 812 2451 quod
822 2415 876 2442 hoc
888 2415 928 2442 sui
937 2415 1022 2442 solius

226 2462 254 2486 et
268 2467 324 2486 non
335 2459 496 2495 cujusquam
512 2459 632 2487 hominis
642 2460 688 2494 sit,
703 2460 769 2487 talia
781 2467 845 2487 cum
859 2460 1022 2487 auctoritate

225 2503 346 2540 polliceri
364 2508 411 2532 :et
424 2504 502 2538 dicit,
527 2515 540 2529 α
566 2505 731 2540 Priusquam
757 2504 843 2540 gallus
866 2508 954 2538 canat,
980 2507 1022 2532 ter

225 2548 336 2584 negabis
350 2555 396 2576 me
420 2557 427 2576 :
450 2559 464 2576 υ
488 2549 540 2577 hoc
566 2553 616 2583 est,
632 2557 705 2577 nunc
728 2559 734 2577 :
759 2557 849 2585 neque
867 2549 941 2576 enim
963 2552 1022 2576 erat

225 2601 356 2629 magnum
371 2593 556 2621 intervallum.
571 2595 735 2629 Intempesta
750 2594 825 2621 enim
839 2597 919 2621 nocte
933 2593 1021 2621 disse-

224 2638 312 2672 rebat,
338 2642 366 2666 et
387 2646 451 2666 cum
474 2638 561 2674 prima
585 2646 616 2666 ac
639 2637 761 2666 secunda
782 2638 908 2666 custodia
932 2638 1020 2666 noctis

223 2683 381 2712 transierat.
397 2683 468 2718 Quia
483 2683 565 2718 igitur
579 2691 677 2719 magna
691 2683 810 2711 charitas
825 2682 1017 2711 contradicen-

224 2732 282 2756 tem
305 2729 418 2756 Petrum
440 2728 516 2762 fecit,
543 2728 706 2756 charitatem
730 2728 843 2764 quidem
872 2728 1018 2765 approbat,

258 2813 280 2829 ⁸⁵
300 2814 469 2848 Levit.x1x,
485 2817 530 2843 l8.
568 2813 590 2831 ³⁸
605 2813 704 2842 Matth.
722 2821 794 2847 xxv,
812 2815 930 2848 l2;vu,
947 2816 991 2841 22.

1041 1164 1127 1198 ἀξίους
1155 1164 1186 1194 τὸ
1213 1159 1281 1194 εἶναι
1309 1166 1361 1194 τῶν
1396 1164 1573 1194 πιστευόντων
1611 1163 1660 1200 τὴν
1698 1163 1808 1204 καρδίαν
1840 1162 1876 1192 καὶ

1131 1264 1147 1282 α
1162 1252 1242 1292 Λέγει
1256 1254 1327 1294 αὖτῷ
1341 1253 1433 1292 Σίμων
1446 1254 1559 1293 Πέτρος⁴
1577 1253 1657 1292 Κύριε
1667 1277 1678 1290 ,
1696 1255 1748 1283 ποῦ
1763 1251 1875 1291 ὑπάγεις

1086 1298 1228 1338 Ἀπεκρίθη
1254 1300 1325 1336 αὐτῷ
1348 1300 1362 1327 6
1384 1298 1502 1334 Ἰησοῦς·
1528 1297 1619 1327 Ὅπου
1646 1297 1702 1335 ἐγὼ
1730 1297 1875 1335 ὗπάγω,οὖ

1086 1342 1196 1372 δύνασαί
1213 1345 1328 1382 μοι,ν’ὖν
1351 1344 1544 1378 ἀκολουθῆσαι·
1568 1342 1678 1382 ὕστερον
1695 1342 1723 1372 δὲ
1740 1341 1875 1376 ἀκολουθή-

1085 1398 1138 1420 σεις
1153 1399 1209 1425 μοι.
1227 1387 1306 1426 Λέγει
1321 1388 1393 1427 αὐτῷ
1417 1387 1527 1426 Πέτρος·
1547 1387 1626 1426 Κύριε
1637 1410 1644 1423 ,
1669 1386 1745 1416 διατί
1760 1387 1788 1415 οὗ
1805 1385 1875 1414 δύνα-

1086 1432 1135 1470 μαί
1150 1443 1192 1460 σοι
1209 1432 1389 1467 ἀκολουθῆσαι
1414 1432 1488 1471 ἄρτι;
1512 1431 1559 1467 τὴν
1575 1432 1663 1472 ψυχήν
1692 1442 1742 1468 μου
1758 1430 1820 1470 ὑπὲρ
1835 1431 1873 1458 σοῦ

1084 1475 1167 1512 θήσω.
1182 1477 1324 1516 Ἀπεκρίθη
1350 1478 1422 1516 αὐτῷ
1448 1478 1462 1505 ὁ
1490 1476 1601 1512 Ἰησοῦς·
1630 1476 1689 1511 Τὴν
1722 1475 1810 1516 ψυχήν
1836 1485 1873 1503 σου

1083 1522 1148 1560 ὑπερ
1171 1522 1236 1559 ἐμοῦ
1261 1521 1365 1558 θήσεις;
1391 1521 1491 1559 Ἀμὴν,
1518 1521 1589 1559 ἀμὴν
1615 1522 1686 1560 λέγω
1713 1533 1772 1557 σοι,
1792 1520 1819 1549 οὗ
1841 1518 1871 1556 μὴ

1048 1576 1070 1606 C
1085 1565 1203 1604 ἀλέκτωρ
1219 1567 1342 1604 φωνήσῃ,
1368 1565 1416 1599 ἕως
1441 1561 1471 1594 οἷ
1487 1565 1629 1605 ἀπαρνήσῃ
1654 1577 1689 1603 με
1715 1565 1783 1605 τρίς.
1806 1575 1819 1593 ι)
1844 1562 1872 1592 Ὁ

1086 1610 1186 1649 Πέτρος
1202 1609 1255 1639 ἀπὸ
1269 1611 1370 1645 πολλῆς
1393 1610 1553 1649 θερμότητος
1578 1610 1788 1650 προπετέστερος
1805 1608 1870 1647 γενό-

1084 1664 1176 1691 μενος,
1215 1654 1306 1689 ἐπειδὴ
1336 1653 1434 1690 ἤκουσε
1462 1657 1508 1684 τοῦ
1544 1655 1643 1693 Κυρίου
1673 1654 1812 1689 εἰπόντος,
1839 1651 1872 1680 ὅτι

1085 1709 1100 1727 α
1117 1696 1208 1728 ’⁷οπου
1223 1697 1275 1737 ἐγὼ
1287 1698 1394 1737 ὑπάγω,
1408 1701 1482 1736 ὑμεῖς
1497 1699 1526 1727 οὗ
1544 1698 1654 1727 δύνασθε
1671 1700 1769 1734 ἐλθεῖν,
1780 1709 1794 1726 ι)
1814 1697 1870 1735 ἔρω-

1083 1747 1125 1783 τᾷ-
1148 1754 1161 1771 ι(
1178 1744 1236 1772 Ποῦ
1261 1743 1388 1781 ὓπάγεις;
1409 1754 1422 1770 n
1449 1742 1547 1772 ὡσανεὶ
1562 1746 1639 1771 τοῦτο
1653 1741 1742 1782 λέγων
1765 1744 1801 1782 τῷ
1813 1741 1871 1780 Χρι-

1082 1789 1145 1826 στῷ·
1169 1787 1239 1817 Ποία
1255 1787 1312 1821 ὁδός
1340 1789 1411 1817 ἐστιν
1439 1787 1520 1824 αὕτη,
1545 1787 1577 1822 ἢν
1594 1787 1623 1815 οὗ
1652 1787 1801 1826 δυνήσομαι
1827 1783 1870 1823 ἐγὼ

1082 1832 1179 1868 ἐλθεῖν;
1212 1833 1252 1862 Οὐ
1288 1831 1340 1871 γὰρ
1371 1834 1464 1870 μαθεῖν
1493 1832 1650 1871 βουλόμενος
1678 1835 1760 1861 τοῦτο
1788 1831 1870 1870 ἐρωτᾷ,

1082 1877 1151 1907 ἀλλὰ
1167 1877 1354 1916 κεκρυμμένως
1378 1879 1457 1905 τοῦτο
1471 1878 1615 1912 ὑποδηλοῖ,
1635 1876 1675 1905 ὅτι
1701 1876 1761 1906 Κᾶν
1783 1875 1868 1904 πασῶν

1081 1921 1280 1960 δυσκολωτέραν
1296 1921 1355 1950 ὁδὸν
1379 1922 1484 1959 μέλλεις
1507 1923 1604 1957 ἐλθεῖν,
1623 1920 1796 1956 ἀκολουθήσοι
1819 1927 1868 1947 σοι·

1081 1965 1163 1999 οὕτως
1177 1966 1272 2004 ἠγάπα
1288 1967 1328 1994 ἀεὶ
1343 1966 1459 1994 συνεῖναι
1475 1967 1513 2005 τῷ
1528 1966 1651 2006 Χριστῷ.
1675 1965 1726 1995 Διὸ
1740 1966 1785 1994 καὶ
1800 1961 1868 2006 αὐτὸς

1081 2010 1145 2049 πρὸς
1159 2010 1208 2046 τὴν
1231 2010 1350 2039 διάνοιαν
1366 2010 1446 2038 αὐτοῦ
1472 2004 1657 2050 ἀποκρίνεταν
1679 2021 1693 2038 α
1710 2010 1752 2040 Οὖ
1769 2004 1869 2038 δύνασαί

1082 2065 1127 2092 μοι
1145 2057 1190 2083 νῦν
1208 2055 1399 2089 ἀκολουθῆσαι·
1414 2053 1522 2094 ὕστερον
1542 2055 1568 2083 δὲ
1587 2055 1774 2091 ἀκολουθήσεις
1788 2063 1839 2090 μοι.
1851 2060 1864 2078 η

1081 2097 1116 2128 t0
1139 2098 1166 2127 δὲ
1198 2097 1267 2127 οὕτω
1291 2098 1492 2138 προπετεύεται,
1517 2098 1585 2128 ὥστε
1608 2098 1654 2128 καὶ
1678 2100 1808 2128 ἀντειπεῖν
1835 2095 1868 2132 τῷ

1080 2143 1200 2182 Χριστῷ.
1216 2144 1276 2172 Οὐκ
1293 2143 1429 2182 ἀρκεσθεὶς
1444 2143 1496 2182 γὰρ
1509 2142 1538 2172 τὸ
1669 2143 1790 2182 χρηστὰς
1805 2138 1868 2169 ἐλπί-

1080 2187 1127 2220 δας
1153 2188 1263 2224 λαϐεἶν,
1282 2187 1321 2216 ὅτι
1348 2187 1458 2227 ὕστερον
1482 2188 1674 2223 ἀκολουθήσει,
1700 2186 1815 2224 ἐπιμένει

1082 2233 1219 2272 ἐνστάσει,
1235 2233 1281 2261 καὶ
1305 2233 1506 2266 αὖθαδιάζεται·
1527 2243 1541 2260 ιι
1557 2232 1635 2262 Διατί
1658 2233 1688 2261 οὖ
1704 2229 1816 2268 δύναμαί
1830 2238 1866 2257 σοι

1079 2277 1272 2314 ἀχολουθῆσαι;
1299 2277 1348 2312 τὴν
1376 2276 1465 2316 ψυχήν
1500 2288 1551 2314 μου
1577 2276 1642 2313 ὓπὲρ
1675 2279 1723 2305 σοῦ
1749 2275 1827 2310 θήσω-
1849 2281 1861 2299 Β

1077 2320 1152 2361 ’Ὅρα
1168 2322 1333 2362 σφοδρότητα
1356 2322 1450 2350 πόθου·
1476 2320 1590 2356 Ἐπειδὴ
1615 2321 1695 2356 ἤκουε
1715 2322 1760 2349 τοῦ
1776 2316 1865 2362 Κυρίου

1079 2360 1215 2402 εἰπόντος,
1233 2366 1274 2395 ὅτι
1295 2376 1309 2394 (ί
1324 2366 1439 2400 Μείζονα
1455 2365 1552 2401 ταύτης
1575 2366 1683 2404 ἀγάπην
1707 2363 1790 2396 οὐδεὶς
1803 2360 1863 2401 ἔχει,

1077 2409 1094 2446 ἢ
1108 2409 1151 2440 ἵνα
1165 2423 1204 2444 τις
1215 2410 1264 2446 τὴν
1279 2409 1368 2451 ψυχὴν
1383 2412 1463 2440 αὑτοῦ
1479 2412 1510 2449 θῇ
1524 2409 1590 2449 ὑπὲρ
1602 2412 1648 2439 τοῦ
1664 2410 1740 2449 φίλου
1752 2408 1858 2451 atros,»

1076 2455 1176 2495 ἐφίεται
1200 2456 1292 2484 λοιπὸν
1314 2456 1406 2484 τούτου
1421 2457 1466 2484 τοῦ
1490 2456 1606 2494 βαθμοῦ,
1632 2454 1740 2489 καὶτῆς
1761 2447 1862 2495 ἀκροτᾷ·

1075 2492 1123 2536 της
1139 2500 1261 2539 ἀγάπης,
1286 2500 1325 2528 διὸ
1347 2500 1392 2528 καὶ
1407 2492 1576 2538 ὑπισχνεῖται
1598 2492 1689 2528 θεῖναι
1710 2498 1759 2534 τὴν
1784 2492 1862 2539 ψυχῇν

1075 2537 1244 2585 αὐτοῦ-ὑπὲρ
1269 2547 1313 2574 τοῦ
1338 2543 1446 2582 Κυρίου.
1472 2537 1514 2573 γὈ
1538 2543 1625 2572 τοίνυν
1652 2542 1748 2582 Σωτὴρ
1770 2537 1860 2585 δεικνὺς

1076 2590 1160 2629 αὐτῷ,
1183 2589 1223 2618 ὅτι
1239 2589 1318 2618 αὐτοῦ
1335 2589 1415 2626 μόνου
1430 2588 1498 2624 ἐστὶ,
1513 2587 1559 2617 καὶ
1571 2589 1619 2617 οὖκ
1637 2587 1776 2628 ἀνθρώπου
1790 2582 1860 2629 τινὸςι

1074 2633 1104 2663 τὸ
1135 2625 1250 2662 ’τοιαῦτα
1279 2625 1347 2672 μετᾶ
1375 2633 1511 2667 αὖθεντίας
1537 2625 1754 2671 ἐπαγγέλλεσθαι,
1788 2625 1860 2669 φησί·

1079 2690 1094 2708 α
1110 2677 1177 2718 Πρὶν
1202 2678 1333 2718 ἀλέκτορα
1355 2680 1499 2718 φωνῆσαι,
1525 2678 1580 2717 τρὶς
1612 2677 1754 2717 ἀπαρνήσῃ
1778 2680 1856 2718 μνη

1073 2713 1206 2762 τουτέστι,
1224 2725 1279 2753 νῦν.
1293 2713 1366 2753 ὸῦδέ
1384 2722 1435 2763 γὰρ
1450 2718 1482 2759 ἦν
1498 2713 1566 2752 πολὺ
1581 2721 1612 2752 τὸ
1634 2713 1769 2760 δισίστημα
1780 2729 1786 2737 ·
1800 2713 1860 2754 ἀωρὶ

1030 2811 1052 2829 ⁸⁷
1068 2814 1130 2840 Act.
1148 2820 1190 2847 iv,
1206 2815 1248 2840 32.
1287 2811 1309 2829 ⁸⁸
1321 2813 1400 2841 Joan.
1417 2819 1468 2846 xv,
1487 2813 1528 2839 l3.
