1922 3077
18 182 77 208 I73

411 176 610 205 ENARRATIO
629 177 661 205 IN
682 177 897 206 EVANGELIUM
913 178 1063 207 JOANNIS.
1083 191 1119 198 -—-
1138 178 1214 204 CAP.
1232 177 1296 204 XIV.

1627 179 1678 205 174

13 242 126 279 τὸν,⁴ι
153 241 296 276 τουτέστι,
316 241 353 279 τῷ
383 241 420 280 νῷ
445 241 539 278 ὑμῶν,
563 242 598 273 ὡς
621 239 676 269 ἔστι
698 240 826 278 δυνατὸν,

893 241 1017 275 nedium,
1038 252 1050 264 ι
1065 243 1093 267 et
1107 239 1211 267 vidistis
1220 246 1296 271 eum,
1310 249 1322 261 ι
1338 236 1390 265 hoc
1405 241 1457 270 est,
1469 242 1563 266 mente
1578 243 1677 272 vestra,

15 286 208 327 ἐθεωρήσατε.
236 284 317 316 Ἐπεὶ
339 284 392 324 γὰρ
417 284 464 322 ἐμὲ
495 284 591 322 Κύριον
619 284 694 323 ἔχετε
716 283 763 313 καὶ
791 285 829 314 διο

16 331 174 365 δάσκαλον,
192 331 226 360 δι’
242 331 307 368 ἐμοῦ
326 329 432 361 πάντως
447 328 493 358 καὶ
509 328 556 363 τὴν
574 330 618 358 τοῦ
636 328 741 368 Πατρὸς
759 331 829 367 γνῶ-

16 388 81 414 σιν,
111 378 146 409 ὡς
172 374 277 415 ἐφικτὸν
302 373 367 406 τέως
394 375 466 411 ὑμῖν,
492 372 540 402 καὶ
563 373 676 411 μετρίως
699 373 828 403 ἐλάϐετεο

16 420 75 456 τὴν
100 420 150 460 γὰρ
167 418 332 459 τελειοτέραν
356 418 430 447 οὔπω
453 417 587 452 ἐδέξασθε.
607 417 660 448 Καὶ
684 418 771 451 ἄλλως
793 418 829 448 δέ·

18 465 80 502 Τὸ,
98 476 112 494 α
125 466 162 495 Εἴ
177 463 317 504 ἐγνώκειτέ
330 463 429 502 με,καὶ
442 463 485 492 τὸν
502 463 611 501 Πατέρα
627 474 678 500 μου
690 462 828 502 ἐγνώκειτε

19 511 66 547 ἄν,
84 521 100 539 ιι
118 510 169 539 οὐκ
193 509 314 548 ἐμφαίνει
339 508 419 538 αὐτὸν
444 508 604 546 ἀγνοοῦντας
628 507 732 544 αὖτοὺς,
759 506 828 536 ἀλλὰ

18 554 148 584 τοιοῦτόν
162 555 221 584 ἐστι
235 553 266 583 τὸ
282 553 424 592 λεγόμενον
435 563 442 570 ⁸
456 547 539 582 Εἶπον
553 553 624 591 ὑμῖν,
641 551 681 580 ὅτι
702 563 717 581 ιι
735 551 828 582 εΌτιου

19 599 138 637 fam-17w,
154 599 243 628 οἴδατε
255 620 262 634 ,
276 608 291 627 ιι
307 596 427 627 τουτέστι
438 619 447 633 ,
463 597 527 635 πρὸς
543 596 731 637 τὸνηΠατέρα,
750 607 765 625 ιι
785 597 830 626 καὶ

18 645 74 680 τὴν
92 644 153 674 ὀξὺν
169 643 269 681 οἴδατε,
283 653 298 671 ο
313 642 458 678 τουτέστιν,
474 642 552 680 Ἐμέ.
570 636 639 671 Εἶπέ
652 653 697 677 μοι
711 643 831 679 Θωμᾶς·

24 700 40 717 (ι
65 690 132 718 Οὐκ
152 688 263 726 οἴδαμεν
275 690 326 716 ποῖῐ
346 686 475 726 ὑπάγεις,
489 697 503 714 ι)
523 685 568 716 καὶ
584 686 688 724 λοιπὸν,
706 687 765 715 οὐδὲ
780 687 828 722 τὴν

20 734 87 763 ὁδὸν
104 733 228 770 οἴδαμεν.
247 726 328 761 Εἶπον
342 733 379 772 τῷ
401 733 491 771 Θωμᾷ
503 742 510 749 ·
530 741 544 759 (ι
564 730 639 770 Ἐγώ
657 732 712 768 εἶμι
727 733 744 766 ἡ
760 730 829 767 ὁδὸς,

19 778 72 807 καὶ
84 777 175 811 οὖδεὶς
184 777 294 817 ἔρχιται
307 776 370 816 πρὸς
384 776 428 806 τὸν
442 775 563 815 Πατέρα,
576 776 599 804 ti
620 775 657 812 μὴ
679 775 711 804 δι’
725 777 801 813 ἐμοῦ.
812 786 826 804 ))

21 824 60 853 Εἰ
84 823 178 852 τοίνυν
193 821 241 859 ἐμὲ
259 821 413 859 ἐγνώκειτε,
427 820 475 850 καὶ
497 820 541 848 τὸν
558 821 668 859 Πατέρα
685 832 735 857 μου
747 820 832 859 ἔγνω-

21 879 53 896 τι
72 868 122 898 ἄν.
135 877 150 895 ι)
170 865 251 896 Ἀλλᾶ
269 866 320 903 μὴν
337 865 385 904 ἐμὲ
400 864 488 895 οἴδατε
499 888 507 901 ,
525 864 570 894 καὶ
586 864 630 893 τὸν
648 864 760 904 Πατέρα
780 876 831 903 μου

884 290 1017 321 quantum
1029 284 1156 321 possibile
1169 287 1221 317 est,
1234 282 1384 318 spectastis.
1398 282 1467 317 Quia
1480 283 1553 311 enim
1568 292 1612 311 me
1626 285 1680 312 Do-

884 331 993 358 minum
1008 329 1113 358 habetis
1134 334 1161 357 et
1175 328 1350 364 magistrum,
1366 335 1412 362 per
1428 335 1470 354 me
1486 327 1565 362 plane
1584 332 1610 356 et
1626 330 1681 356 Pa-

884 375 934 403 tris
946 375 1100 408 scientiam,
1115 377 1147 402 ut
1161 372 1330 409 apprehendi
1342 372 1430 407 potuit
1443 380 1457 399 a
1473 372 1561 406 vobis,
1574 374 1682 401 modice

884 419 1041 456 accepistis;
1058 427 1121 446 nam
1137 417 1326 454 perfectiorem
1341 417 1465 445 nondum
1479 418 1631 453 accepistis.
1646 419 1682 446 Et

883 464 962 492 aliter
977 473 984 492 :
1004 476 1017 489 ι
1034 464 1061 492 Si
1077 463 1272 500 cognovissetis
1286 470 1341 495 me,
1356 465 1384 490 et
1395 463 1503 490 Patrem
1518 470 1610 490 meum
1625 463 1681 491 uti-

884 517 936 545 que
955 509 1162 545 cognovissetis,
1180 520 1192 532 υ
1209 516 1264 535 non
1278 507 1367 543 arguit
1381 507 1455 543 quod
1470 507 1612 543 ignorent;
1633 507 1682 536 sed

884 553 958 590 quod
972 553 1083 588 dicitur,
1096 553 1168 581 hunc
1181 560 1293 580 sensum
1310 551 1392 579 habet
1409 561 1416 579 ς
1433 551 1491 579 Dixi
1508 552 1594 586 vobis,
1607 552 1682 588 quod

887 611 898 623 α
916 599 978 633 Quo
997 606 1048 634 ego
1064 597 1146 631 vado,
1159 597 1244 630 scitis,
1260 609 1272 620 η
1290 596 1342 624 hoc
1357 600 1408 629 est,
1424 595 1459 624 ad
1475 598 1583 626 Patrem
1600 607 1606 625 z
1625 609 1638 621 α
1655 601 1683 625 et

884 644 956 671 viam
967 643 1053 677 scitis,
1064 654 1077 667 1
1089 642 1141 670 hoc
1149 646 1200 676 est,
1214 643 1268 669 Mc.
1282 641 1358 668 Dixit
1367 641 1437 668 mihi
1447 641 1579 677 Thomas,
1592 654 1604 666 ι
1617 644 1684 671 Nes-

885 688 974 716 cimus
996 696 1051 724 quo
1076 687 1164 722 vadis,
1185 699 1196 710 -
1222 690 1250 714 ct
1273 694 1360 722 neque
1385 686 1456 713 viam
1484 686 1594 715 scimus.
1620 688 1682 716 Dixi

883 733 998 761 Thomze
1014 743 1021 761 :
1039 744 1050 756 ι
1066 734 1124 768 Ego
1134 739 1196 760 sum
1208 731 1252 759 via
1266 741 1272 758 :
1284 735 1311 759 et
1323 730 1413 759 nullus
1426 731 1501 759 venit
1515 731 1550 759 ad
1561 733 1682 766 Patrem.

886 778 937 805 nisi
953 786 1001 813 per
1024 785 1077 805 mo.
1104 789 1116 801 ιι
1132 792 1168 797 —-
1193 787 1206 802 (ι
1227 776 1257 804 Si
1271 776 1355 811 igitur
1375 784 1420 804 me
1435 777 1642 812 cognovissetis,
1657 782 1686 806 et

887 824 995 851 Patrem
1011 830 1105 850 meum
1127 822 1220 858 utique
1233 821 1436 857 coguovissetis.
1453 832 1466 845 ι
1488 823 1624 850 Cazlerum
1640 831 1684 851 me

886 867 973 901 scitis,
995 875 1060 903 ergo
1083 871 1110 895 et
1130 867 1240 894 Patrem
1263 874 1356 894 meum
1377 866 1462 894 scitis.
1486 867 1520 894 Et
1543 866 1595 895 hoc
1609 867 1684 896 enim

24 912 83 952 ἄρα
107 912 211 941 οἴδατε.
232 910 342 951 ’Ᾱπᾶρτι
363 910 435 950 γὰρ,
459 911 543 950 φησι,
567 909 712 948 γινώσκετε
732 909 830 948 αὐτὸν,

63 957 70 963 ι
94 958 103 963 .
159 956 165 963 .
269 955 278 963 .
300 955 306 963 κ
360 955 368 963 ς
395 955 402 963 ι
424 956 432 963 .
519 953 525 962 ι

893 912 939 949 ipsi
949 912 1110 949 cognoscitis
1126 919 1202 945 eum,
1218 914 1246 939 et
1258 911 1364 939 vidistis
1378 918 1453 944 eum,
1467 919 1514 939 me
1526 911 1594 940 viso.

24 957 75 986 καὶ
91 956 234 996 ἑωράκατε
249 955 339 990 αὐτὸν,
357 955 405 993 ἐμὲ
423 953 580 995 ἑωρακότες.

74 1013 90 1031 (ι
114 1000 198 1039 Λέγει
213 1001 286 1039 αὐτῷ
303 999 458 1034 Φίλιππος’
481 999 583 1038 Κύριε,
606 998 688 1032 δεῖξον
704 999 770 1037 ἡμῖν
791 998 835 1028 τὶν

26 1046 160 1085 Πατέρα,
189 1044 236 1074 καὶ
261 1047 336 1084 ἀρκεῖ
362 1045 438 1083 ἡμῖν.
470 1044 549 1082 Λέγει
578 1045 650 1084 αὐτῷ
674 1045 688 1072 ὁ
714 1043 836 1079 Ἰησοῦς³

25 1093 171 1122 Τοσοῦτον
191 1089 286 1129 χρόνον
310 1090 367 1127 μεθ’
395 1091 469 1128 ὑμῶν
498 1089 564 1126 εἶμι,
583 1089 630 1117 καὶ
649 1090 696 1118 οὐκ
721 1087 837 1126 ἔγνωκάς

28 1147 75 1175 με,
91 1135 240 1172 (hihi-me;
258 1133 294 1164 ⁸0
307 1134 431 1174 ἑωρακὼς
446 1132 504 1172 ἐμὲ,
522 1134 623 1173 ἑώρακε
640 1133 684 1161 τὸν
710 1132 836 1170 Πατέρα·

27 1180 79 1210 καὶ
104 1181 164 1212 πῶς
189 1178 221 1208 σὺ
246 1179 349 1218 λέγεις·
374 1179 464 1212 Δεῖξον
494 1179 560 1216 ἡμῖν
589 1177 632 1206 τὸν
657 1176 788 1217 Πατίρας
818 1188 832 1206 ›)

29 1225 147 1255 Ἐδόκει
166 1226 180 1253 ὁ
199 1224 356 1258 Φίλιππος,
381 1223 422 1252 ὅτι
440 1222 485 1252 τὸν
508 1223 556 1261 μὲν
581 1222 698 1262 Χριστὸν
723 1221 838 1262 ἀκριϐῶς

27 1270 181 1308 γινώσκει,
207 1271 294 1305 ἄγνοεί
327 1268 353 1296 δὲ
385 1267 430 1296 τὸν
465 1268 592 1306 Πατέρα-
621 1266 660 1295 διὸ
688 1266 733 1295 καὶ
762 1261 838 1295 εἶπε·

34 1326 49 1343 α
73 1313 171 1347 Δεῖξον
185 1313 250 1349 ἡμῖν
265 1313 310 1342 τὸν
328 1312 456 1352 Πατέρα,
480 1311 527 1341 καὶ
542 1313 617 1350 ἀρκεῖ
644 1313 719 1348 ἡμῖν.
740 1322 754 1339 )›
780 1310 838 1341 Κᾶν

29 1360 84 1398 γὰρ
113 1357 239 1397 μυριάκις
264 1357 342 1395 λέγῃς
359 1359 438 1394 ἡμῖν,
462 1357 502 1385 ὅτι
523 1367 536 1384 ιι
563 1357 594 1385 Εἰ
620 1356 667 1393 ἐμὲ
685 1355 838 1395 ἐγνώκειτε,

30 1402 81 1433 καὶ
103 1403 152 1431 τὸν
177 1401 288 1441 Πατέρα
304 1414 355 1439 μου
368 1401 508 1440 ἐγνώκειτε
524 1400 567 1436 ἂν,
582 1412 596 1429 ))
617 1401 647 1429 οὗ
673 1400 839 1438 δυνησόμεθα

31 1450 105 1478 οὕτω
121 1450 218 1485 μαοεῖν
236 1447 280 1475 τὸν
298 1446 419 1485 Πατέρα.
437 1445 527 1479 Δεῖξον
543 1441 587 1475 οὖν
606 1445 670 1483 ἡμῖν
695 1444 772 1473 αὐτὸν
787 1449 841 1478 τοῖς

33 1496 206 1530 σωματικοῖς
229 1492 382 1532 ὀφθαλμοῖς.
403 1491 519 1521 Ἀκούων
537 1491 588 1530 γὰρ
603 1491 617 1519 ὁ
632 1490 780 1525 Φίλιππος,
801 1489 841 1518 ὅτι

925 1003 1014 1030 Vsus.
1029 1004 1056 1033 8,
1067 1009 1092 1033 9.
1108 1012 1121 1025 α
1133 1000 1207 1028 Dicit
1219 1000 1242 1028 ei
1254 999 1394 1036 Philippus
1406 1009 1412 1028 :
1430 1000 1560 1034 Domine,
1573 1002 1686 1031 ostende

889 1047 970 1074 nobis
981 1047 1099 1078 Patrem,
1114 1049 1142 1073 et
1150 1044 1251 1073 sufﬁcit
1262 1044 1350 1072 nobis.
1364 1045 1435 1072 Dicit
1449 1045 1472 1073 ei
1485 1046 1564 1074 Iesus
1576 1055 1582 1073 :
1597 1047 1686 1075 Tanto

889 1095 1013 1127 tempore
1024 1090 1168 1118 vobiscum
1183 1098 1256 1121 sum,
1267 1094 1293 1117 et
1310 1097 1364 1117 non
1380 1090 1532 1125 cognovisti
1545 1099 1601 1123 me.
1620 1092 1686 1120 Plii-

890 1136 980 1172 lippo?
993 1135 1043 1170 Qui
1059 1135 1126 1163 vidit
1145 1143 1198 1168 me,
1218 1134 1289 1162 vidit
1306 1136 1417 1162 Patrem
1435 1144 1442 1162 :
1458 1140 1485 1163 et
1503 1135 1644 1172 quomodo
1655 1141 1685 1164 tu

889 1181 966 1213 dicis,
981 1180 1103 1208 Ostende
1123 1180 1204 1208 nobis
1219 1181 1347 1208 Patrem?
1365 1192 1378 1204 υ
1397 1180 1548 1208 Videbatur
1562 1181 1686 1218 Philippo

890 1226 963 1262 quod
987 1225 1126 1253 Christum
1147 1225 1260 1260 quidem
1282 1225 1350 1252 bene
1373 1231 1560 1260 cognosceret,
1577 1227 1687 1254 Patrem

891 1275 984 1298 autem
1001 1270 1149 1305 ignoraret.
1167 1269 1270 1297 Idcirco
1285 1274 1311 1297 et
1329 1268 1398 1297 dixit
1415 1279 1421 1296 :
1441 1282 1452 1294 α
1467 1271 1590 1298 Ostende
1608 1271 1688 1299 nobis

893 1316 1012 1348 Patrem,
1035 1323 1067 1342 ac
1079 1314 1180 1342 sufﬁcit
1193 1314 1281 1341 nobis.
1300 1326 1312 1337 ιο
1329 1315 1400 1342 Nam
1423 1314 1485 1342 licet
1500 1315 1600 1343 millies
1614 1316 1690 1344 dicas

892 1360 982 1393 nobis,
1003 1371 1015 1383 -
1031 1360 1060 1388 Si
1075 1367 1119 1387 me
1133 1359 1339 1395 coguovissetis,
1353 1363 1380 1387 et
1400 1360 1507 1387 Patrem
1523 1368 1614 1388 meum
1635 1361 1688 1389 uti-

893 1413 946 1440 que
960 1404 1170 1440 cognovissetis,
1188 1416 1200 1428 ι
1218 1412 1272 1431 non
1294 1412 1440 1439 possumus
1454 1405 1489 1432 ita
1519 1405 1624 1433 discere
1642 1407 1690 1434 Pa-

893 1454 974 1477 trem.
991 1449 1110 1477 Ostende
1126 1449 1209 1485 igitur
1223 1449 1303 1476 nnbis
1318 1449 1395 1476 illum
1417 1450 1604 1484 corporalibus
1621 1459 1690 1478 ocu-

895 1495 935 1522 lis.
954 1494 1079 1523 Audiens
1101 1495 1173 1521 enim
1190 1494 1326 1529 Philippus
1347 1494 1419 1529 quod
1435 1498 1461 1522 et
1475 1495 1615 1530 propheta:
1626 1503 1691 1523 cor-

35 1537 85 1566 καὶ
102 1538 129 1566 οἶ
145 1531 281 1577 προφῆται
294 1531 362 1565 εἶδον
378 1536 422 1565 τὸν
438 1535 520 1571 Θεὸν,
537 1534 688 1571 ἕπεούμηη
705 1534 750 1563 καὶ
766 1534 842 1567 αὐτὸς

893 1539 1032 1575 poralibus
1046 1539 1132 1567 oculis
1147 1539 1280 1566 vidissent
1298 1541 1397 1574 Deum,
1411 1539 1584 1567 desiderabat
1595 1544 1623 1567 et
1634 1541 1692 1576 ipse

35 1582 107 1611 οὕτω
123 1583 287 1619 σωματικῶς
310 1581 372 1610 ῑδιῖν
400 1581 498 1616 αὐτὸν,
515 1580 561 1609 οὐκ
586 1578 677 1616 εἰδὼς,
692 1579 732 1608 ὅτι
752 1579 839 1608 ἐκεῖνα

36 1627 69 1655 τὰ
93 1628 152 1656 τῶν
191 1627 351 1665 προφητῶν,
391 1624 590 1664 συγκατάϐασις
620 1619 664 1659 ἦν.
692 1623 727 1654 Ὀ
755 1622 840 1653 τοίνυν

39 1671 161 1711 Χριστὸς
176 1670 312 1700 διδάσκων
326 1669 370 1699 τὸν
387 1670 540 1706 Φίλιππον,
556 1670 598 1698 ὅτι
615 1669 663 1698 οὐκ
685 1667 742 1697 ἔστι
763 1668 841 1697 δυνα-

38 1716 81 1746 τὸν
107 1717 271 1753 σωματικῶς
294 1716 420 1754 ὁραθῆναι
442 1714 532 1751 Θεὸν,
557 1713 636 1752 φησί·
670 1723 684 1741 α
706 1714 840 1743 Τοσοῦτον

37 1761 136 1801 χρόνον
153 1760 210 1797 μεθ’
228 1761 300 1797 ὑμῶν
316 1760 386 1797 εἶμι,
401 1759 447 1788 καὶ
462 1760 508 1788 οὐκ
527 1758 645 1801 ἔγνωκάς
663 1769 695 1796 με
706 1779 714 1793 ,
739 1758 841 1787 Φίλιπ-

38 1798 92 1843 lit—£3
109 1803 183 1844 Ὀρα
199 1803 239 1833 ὅτι
249 1805 297 1834 οὐκ
311 1800 394 1840 εἶπεν,
409 1803 450 1833 ὅτι
463 1805 520 1833 Οὐκ
531 1798 597 1836 εἶδές
612 1814 655 1841 με,
668 1802 739 1838 ἀλλ’,
756 1813 771 1831 (ι
784 1803 841 1832 Οὐκ

39 1850 161 1889 ἔγνωκάς
181 1861 226 1888 με,
247 1861 262 1878 ο
291 1849 401 1888 ἀπάγων
424 1849 468 1878 τὸν
489 1848 626 1878 Φίλιππον
653 1848 706 1876 ἀπὸ
722 1850 765 1876 τοῦ
789 1859 842 1887 χα-

40 1895 177 1932 μαιζήλου
213 1893 396 1933 φρονήματος,
434 1895 480 1922 τοῦ
507 1894 643 1930 ἐπιθυμεῖν
681 1893 842 1929 σωματικῶς

41 1940 108 1968 ἰδεῖν
134 1939 180 1968 τὸν
207 1938 327 1978 Πατέρα.
350 1939 451 1971 Γνῶσις
464 1937 515 1978 γαρ
528 1960 544 1978 ,ν
561 1937 643 1978 φησὶ,
660 1937 768 1976 λέγεται
798 1934 842 1965 ἐπὶ

43 1985 129 2021 Θεοῦ,
155 1983 239 2023 οὖχὴ
264 1977 405 2020 σωματικὴ
428 1983 496 2023 ὄψις.
519 1977 586 2013 Εἶτά
610 1982 744 2021 ἐπιφέρειι
778 1992 793 2010 (ι
807 1980 842 2010 Ὁ

44 2026 172 2067 ἑωρακὼς
188 2028 254 2064 ἐμὲ,
279 2028 381 2067 ἑώρακε
404 2027 449 2056 τὸν
475 2027 594 2066 Πατέρα,
616 2038 629 2055 ι)
650 2026 688 2056 ⁸0
710 2026 736 2056 δὲ
752 2026 842 2065 λέγει,

44 2074 161 2103 τοιοῦτόν
182 2074 254 2102 ἐστι’
272 2072 311 2102 Σὺ
327 2073 392 2110 μὲν,
414 2068 436 2102 ὦ
452 2072 590 2107 Φίλιππε,
607 2072 640 2100 δι’
654 2071 739 2111 ὄψεως
751 2083 845 2108 σωμα-

45 2120 120 2152 τικῆς
138 2119 226 2153 ζητεῖς
251 2117 314 2146 ἰδεῖν
329 2117 373 2146 τὸν
397 2118 526 2156 Πατέρα,
548 2115 594 2145 καὶ
611 2116 694 2149 δοκεῖς
708 2137 723 2156 ,γ
736 2115 776 2145 ὅτι
797 2115 844 2153 ἐμὲ

46 2163 98 2199 ἤδη
122 2157 207 2195 εἶδες·
234 2161 289 2199 ἐγὼ
304 2161 331 2190 δὲ
355 2161 425 2200 λέγω
443 2155 556 2197 σοι,8τι
583 2161 605 2189 εἰ
630 2160 676 2199 ἐμὲ
697 2155 783 2198 εἶδες,
799 2159 844 2189 καὶ

893 1584 969 1612 illum
991 1584 1081 1612 videre
1097 1584 1285 1619 corporaliter,
1308 1583 1438 1619 ignorans
1458 1584 1531 1620 quod
1544 1585 1589 1612 illa
1603 1585 1690 1614 conti-

893 1629 983 1665 gerint
998 1628 1138 1664 prophetis
1153 1636 1200 1664 per
1212 1628 1485 1656 condescensionem.
1503 1629 1587 1665 Igitur
1600 1629 1692 1658 Chris‘

894 1677 952 1701 stus
967 1674 1067 1702 docens
1080 1673 1237 1709 Philippum
1253 1673 1327 1708 quod
1342 1681 1398 1701 non
1412 1674 1448 1701 sit
1463 1674 1589 1709 possibile
1605 1676 1692 1703 Deum

894 1718 979 1746 videri
1003 1718 1193 1753 corporalibus
1207 1718 1304 1749 oculis.
1321 1717 1389 1745 dicit
1405 1726 1412 1745 :
1428 1730 1441 1742 ιι
1455 1719 1544 1746 Tanto
1566 1723 1691 1755 tempore

895 1762 1036 1790 vobiscum
1053 1770 1126 1797 sum,
1155 1767 1182 1790 et
1206 1770 1262 1790 non
1277 1763 1428 1797 cognovisti
1452 1771 1509 1796 me,
1524 1763 1665 1800 Philippe?
1679 1777 1691 1789 ι

895 1807 964 1835 Vide
978 1807 1041 1843 quia
1054 1815 1111 1834 non
1128 1807 1209 1840 dixit,
1225 1807 1287 1834 Non
1301 1806 1391 1834 vidisti
1407 1815 1463 1841 me,
1477 1806 1526 1835 sed
1543 1819 1554 1832 ι
1573 1809 1634 1836 Non
1649 1817 1695 1837 co-

895 1851 1010 1888 gnovisti
1024 1859 1078 1884 me,
1089 1861 1104 1877 »
1120 1851 1258 1879 abducens
1273 1851 1430 1886 Philippum
1442 1851 1476 1879 ab
1490 1852 1587 1880 humili
1598 1861 1693 1888 sensu,

896 1905 951 1933 quo
965 1895 1139 1924 desiderabat
1151 1896 1262 1923 Patrem
1282 1895 1373 1923 videre
1393 1896 1577 1930 corporaliter.
1599 1898 1695 1925 Scien-

895 1941 932 1969 tia
947 1941 1022 1968 enim
1037 1939 1072 1968 de
1087 1941 1158 1973 Deo,
1179 1940 1280 1976 inquit,
1293 1939 1402 1973 dicitur,
1421 1940 1505 1976 700
1523 1949 1579 1969 non
1593 1949 1694 1978 corpo-

896 1985 960 2014 ralis
973 1989 1110 2021 aspectus.
1128 1984 1234 2013 Deinde
1247 1984 1339 2012 subdit
1354 1995 1360 2012 :
1379 1996 1392 2009 ι
1408 1986 1462 2020 Qui
1475 1986 1541 2014 vidit
1555 1994 1610 2020 me,
1626 1987 1695 2015 vidit

897 2032 1016 2059 Patrem.
1034 2042 1047 2055 ι
1070 2030 1150 2065 Quod
1165 2034 1257 2058 autem
1271 2029 1350 2064 dicit,
1366 2030 1401 2058 ita
1419 2038 1447 2058 se
1462 2030 1543 2058 habet
1556 2040 1562 2059 :
1577 2033 1619 2060 Tu
1633 2032 1694 2068 qui-

897 2075 973 2110 dem,
993 2083 1011 2103 o
1026 2075 1158 2111 Philippe,
1172 2075 1275 2111 quaeris
1287 2075 1379 2103 videre
1393 2076 1503 2104 Patrem
1525 2076 1583 2104 visu
1594 2085 1692 2111 corpo-

897 2121 957 2153 rali,
972 2124 999 2148 et
1012 2125 1092 2156 putas
1111 2120 1183 2156 quod
1198 2128 1240 2147 me
1250 2120 1309 2156 jam
1324 2119 1431 2148 videris.
1447 2121 1503 2156 Ego
1522 2125 1616 2149 autem
1631 2121 1693 2150 dico

898 2165 956 2199 tibi,
979 2165 1053 2201 quod
1066 2165 1090 2192 si
1105 2172 1150 2192 mo
1168 2164 1292 2197 vidisses.
1307 2165 1388 2192 etiam
1402 2165 1479 2193 illum
1502 2165 1597 2202 utique
1613 2166 1694 2195 vidis-

47 2209 145 2237 ἐκεῖνον
167 2206 200 2235 ἂν
218 2201 294 2240 εἶδες.
311 2207 367 2236 Νῦν
388 2205 414 2235 δὲ
431 2206 488 2235 ἐπεὶ
503 2206 601 2234 ἐκεῖνον
617 2206 666 2234 οὐκ
680 2201 746 2238 εἶδες
758 2228 765 2241 ,
782 2204 840 2246 οὐδὲ

895 2218 938 2238 ses
954 2219 961 2236 :
977 2217 1051 2237 nunc
1066 2213 1159 2237 autem
1180 2217 1243 2238 cum
1260 2209 1336 2237 illum
1352 2217 1405 2236 non
1421 2209 1534 2243 videris,
1547 2201 1636 2246 neque
1649 2219 1695 2239 me

47 2252 92 2290 ἐμὲ
104 2247 171 2284 εἶδες
190 2252 226 2284 ὥς
244 2250 298 2290 χρὴ
317 2250 438 2289 βλέπειν*
454 2250 522 2280 ἀλλὰ
540 2251 699 2288 σωματικῶς
715 2250 762 2288 μὲν
778 2244 843 2282 εἶδες

48 2296 105 2333 ἐμὲ,
122 2294 181 2325 ἐπεὶ
195 2296 242 2324 καὶ
259 2297 337 2333 σῶμα
355 2297 443 2336 φορῶ,
468 2294 515 2330 τὴν
537 2294 565 2324 δὲ
581 2294 652 2324 θείαν
669 2294 760 2324 οὐσίαν
771 2316 779 2330 ,
794 2294 842 2323 οὐκ

47 2336 124 2374 εἶδες·
137 2339 208 2369 ὥστε
223 2340 282 2369 οὐδὲ
298 2339 346 2374 τὴν
358 2342 404 2368 τοῦ
423 2339 528 2378 Πατρὸς
549 2339 611 2372 ἴδοις
626 2338 657 2368 ἂν
673 2340 840 2377 σωματικῶς.

48 2385 118 2415 Οὔτε
136 2379 180 2413 οὖν
197 2384 263 2422 ἐμὲ,
279 2383 339 2413 οὗτε
357 2384 400 2413 τὸν
427 2384 535 2423 Πατέρα
551 2384 661 2413 δυνατόν
686 2385 758 2413 ἐστιν
781 2384 844 2412 ἰδεῖν

48 2430 217 2467 σωματικῶς.
245 2440 260 2456 ιι
273 2427 308 2458 ⁸0
322 2428 373 2467 γὰρ
388 2428 511 2468 ἑωρακὼς
527 2428 574 2466 ἐμὲ
586 2450 593 2463 ,
610 2427 656 2457 καὶ
669 2429 713 2457 τὸν
736 2427 844 2465 Πατέρα

49 2475 174 2513 ἑώρακεν.
200 2483 214 2501 η
245 2472 326 2502 Ἀλλὰ
351 2473 404 2510 μὴν
426 2472 519 2502 πολλοὶ
548 2471 596 2511 ἐμὲ
619 2474 739 2502 δοκοῦσιν
765 2473 846 2512 ὁρᾷν,

50 2519 91 2547 τὸν
110 2519 137 2548 δὲ
165 2517 274 2557 Πατέρα
297 2519 348 2558 οὐχ
368 2519 480 2558 ὁρῶσιν·
507 2517 575 2546 ὥστε
591 2517 650 2547 οὐδὲ
672 2518 754 2556 ὁρῶσι
775 2516 845 2545 κατὰ

51 2564 95 2600 τὴν
111 2563 183 2592 Θείαν
199 2562 295 2602 φύσιν,
312 2562 381 2592 ἀλλὰ
396 2562 466 2592 κατὰ
486 2562 516 2591 τὸ
532 2562 708 2601 ἆνθρώπινον.
725 2561 845 2592 Δύνασαι

53 2609 77 2638 δὲ
97 2608 142 2637 καὶ
158 2607 321 2648 σαφέστερον
342 2606 411 2637 οὕτω
433 2609 541 2644 νοῆσαι·
563 2606 735 2646 Ὁμοούσιος,
751 2607 844 2647 φησιν,

53 2653 104 2690 εἰμὶ
117 2655 156 2693 τῷ
171 2652 273 2692 Πατρί.
295 2651 330 2683 ’0
353 2651 437 2683 τοίνυν
461 2651 585 2692 ἑωρακὼς
599 2652 666 2691 ἐμὲ,
682 2652 748 2692 ὅπερ
770 2652 844 2688 ἐστὶ,

54 2697 134 2736 γνοὺς,
159 2699 226 2737 ἔγνω
240 2697 285 2726 τὸν
303 2696 430 2738 Πατέρα·
447 2701 509 2735 μιᾶς
523 2697 576 2736 γὰρ
599 2696 679 2733 οὔσης
697 2696 787 2729 οὐσίας
801 2695 846 2725 καὶ

56 2742 170 2782 φύσεως,
200 2742 251 2780 μία
281 2742 328 2771 καὶ
356 2744 373 2778 ἡ
401 2743 510 2782 γνῶσις.
542 2742 715 2781 Αἰσχυνέσθω
747 2740 847 2781 Ἄρειος

57 2787 163 2823 ἀκούων,
177 2786 219 2817 ὅτι
233 2789 248 2816 ὁ
267 2786 392 2828 ἑωρακὼς
410 2787 454 2816 τὸν
479 2787 557 2822 Υἱὸν,
572 2786 704 2823 τουτέστι,
725 2786 772 2822 τὴν
789 2786 846 2816 Θεό-

59 2843 117 2868 τητα
144 2835 191 2863 τοῦ
219 2832 288 2863 Υἱοῢ
309 2831 406 2872 γνοὺς,
431 2831 475 2862 τὸν
499 2831 630 2872 Πατέρα,
651 2830 717 2873 ,ἤτοι
737 2831 786 2868 τὴν
806 2833 850 2861 τοῦ

897 2254 988 2282 vidisti
1011 2258 1042 2282 ut
1053 2254 1146 2282 videre
1170 2258 1287 2290 oportet.
1312 2254 1500 2289 Corporaliter
1521 2255 1634 2290 quidem
1653 2256 1694 2284 vi-

897 2299 963 2327 disti
980 2307 1035 2333 me,
1054 2299 1117 2335 quia
1134 2302 1162 2326 et
1175 2306 1276 2335 corpus
1291 2297 1366 2333 fero;
1383 2298 1502 2327 divinam
1523 2304 1614 2327 autem
1627 2301 1696 2328 sub-

897 2344 1027 2372 stantiam
1041 2352 1096 2371 non
1106 2343 1207 2375 vidisti,
1228 2347 1312 2379 atque
1327 2343 1363 2371 ita
1382 2351 1470 2379 neque
1482 2345 1590 2372 Patrem
1605 2345 1696 2374 vidisti

897 2388 1087 2424 corporaliter,
1101 2395 1191 2424 neque
1203 2388 1285 2423 igitur
1301 2396 1355 2423 me,
1370 2395 1459 2423 neque
1476 2389 1584 2417 Patrem
1599 2398 1696 2426 corpo-

898 2433 993 2461 raliter
1007 2433 1097 2461 videre
1111 2433 1182 2460 licet.
1197 2444 1208 2456 -
1224 2432 1331 2460 Etenim
1344 2433 1390 2468 qui
1404 2432 1472 2460 vidit
1483 2442 1537 2468 me,
1548 2438 1575 2462 ct
1588 2435 1696 2464 Patrem

898 2477 974 2506 vidit.
1003 2489 1015 2502 ι
1034 2479 1070 2506 At
1085 2477 1163 2505 multi
1179 2481 1276 2513 putant
1290 2477 1365 2514 quod
1385 2485 1429 2505 me
1444 2478 1563 2513 videant,
1589 2480 1696 2508 Patrem

898 2527 990 2551 autem
1003 2530 1058 2550 non
1073 2522 1175 2550 vident.
1187 2523 1283 2558 Itaque
1296 2530 1388 2559 neque
1400 2531 1444 2550 tne
1455 2522 1550 2551 vident
1558 2524 1636 2560 juxta
1649 2533 1697 2552 na-

899 2572 989 2596 turam
1009 2567 1141 2601 divinam,
1163 2567 1211 2595 sed
1232 2567 1310 2602 juxta
1331 2567 1490 2596 humanam.
1513 2569 1596 2596 Potes
1618 2573 1645 2596 et
1659 2569 1698 2597 sic

899 2612 1071 2640 manifestius
1099 2611 1249 2648 intelligere
1279 2612 1433 2648 :Ejusdem
1459 2613 1618 2641 substantia:
1633 2621 1696 2640 sum

899 2665 962 2685 cum
974 2658 1068 2691 Patre;
1083 2656 1132 2692 qui
1146 2665 1210 2692 ergo
1225 2664 1269 2684 me
1282 2656 1356 2691 vidit,
1372 2657 1424 2685 hoc
1436 2661 1487 2691 est,
1500 2657 1634 2693 cognovit.
1651 2665 1698 2684 co-

900 2701 995 2738 gnovit
1016 2705 1044 2729 et
1067 2702 1185 2729 Patrem.
1211 2702 1282 2729 Nam
1305 2709 1368 2728 cum
1394 2709 1448 2728 una
1473 2702 1510 2728 sit
1536 2702 1698 2732 substantia.

899 2746 1014 2775 scientia
1026 2753 1136 2782 quoque
1151 2754 1206 2773 una
1217 2750 1268 2773 est.
1281 2745 1475 2774 Confundatur
1484 2746 1565 2772 Arius
1575 2745 1698 2777 audiens,

900 2791 974 2828 quod
986 2790 1033 2827 qui
1046 2790 1113 2819 vidit
1126 2790 1238 2825 Filium,
1248 2790 1301 2819 hoc
1313 2794 1365 2824 est,
1379 2789 1508 2818 deitatem
1525 2790 1584 2819 Filii
1594 2797 1700 2826 cogno-

905 2836 954 2870 vit,
981 2836 1103 2870 Patrem,
1135 2835 1190 2864 hoc
1220 2839 1272 2870 est,
1297 2835 1427 2864 deitatem
1449 2835 1538 2864 Patris
1561 2833 1702 2873 cognovit,
