1922 3077
270 197 319 224 175

267 257 463 287 Confundatur
485 262 513 286 et
531 258 674 292 Sabellius,
699 259 745 294 qui
766 258 833 286 dicit
853 258 927 294 quod
949 267 1004 286 una
1028 258 1065 286 sit

266 302 421 338 hypostasis
431 306 457 330 et
470 311 526 330 una
539 310 654 338 persona
670 303 760 331 Patris
774 311 805 330 ac
819 303 890 331 Filii.
906 305 976 330 Ecce
988 303 1064 330 enim

265 346 379 376 diremit
402 346 561 383 hypostases
586 348 733 381 Dominus,
763 352 792 375 et
814 348 894 375 aliam
919 355 1064 383 personam

267 391 387 420 ostendit
410 391 509 426 Patris,
525 395 553 419 et
566 391 648 419 aliam
668 392 743 427 Filii;
766 392 858 420 dicens
873 392 959 427 enim,
983 403 996 416 ι
1012 391 1063 426 Qui

266 435 335 464 vidit
353 443 409 470 me,
426 447 438 460 ιι
455 436 574 463 ostendit
589 444 667 464 suam
689 445 845 472 personam,
866 441 894 465 et
908 441 1003 472 postea
1018 436 1064 464 di-

266 488 341 515 cens,
365 491 378 504 α
403 480 478 508 Vidit
500 482 619 515 Patrem,
647 493 660 505 ι»
676 489 737 510 ecce
761 486 788 510 et
807 481 886 510 aliam
906 489 1062 517 personam.

266 524 347 561 Quod
361 525 385 553 si
400 533 453 553 una
473 533 589 561 persona
604 530 685 561 esset,
700 526 768 554 nihil
789 527 843 554 tale
857 526 972 554 dixisset
994 536 1000 554 :
1016 526 1064 554 sed

265 569 392 605 Philippo
414 569 531 603 dicente,
556 582 568 594 «
590 571 708 598 Ostende
728 571 807 598 nobis
823 573 944 604 Patrem,
968 582 981 595 ιι
1006 579 1064 598 res-

266 614 417 650 pondisset,
439 616 502 643 Non
523 614 612 643 habeo
628 617 747 650 Patrem,
770 615 816 643 sed
835 623 886 652 ego
905 624 967 644 sum
985 617 1065 643 Pater

265 662 293 688 et
303 659 398 687 Filius.
417 659 541 687 Omnino
554 663 647 688 autem
659 664 789 688 extrema:
803 660 967 695 insipientia:
983 660 1065 688 fuerit

265 703 362 732 audire
373 703 484 741 quidem
494 703 594 732 Filium
604 705 751 739 dicentem,
763 714 775 731 ι(
788 705 834 733 Ad
847 706 956 733 Patrem
970 713 1062 733 meum

265 747 345 783 vado,
363 759 376 773 ιι
401 752 428 777 et
450 760 463 773 α
478 750 536 785 Ego
557 749 584 776 in
599 750 690 783 Patre,
707 761 719 773 ιι
741 753 768 777 et
782 757 951 785 quicumque
964 749 1064 778 similia

264 796 331 821 sunt
352 800 359 818 :
377 801 435 821 non
448 793 598 830 intelligere
612 798 706 822 autem
727 794 800 830 quod
822 795 872 822 alia
887 802 1003 831 persona
1029 794 1065 822 sit

265 836 375 872 Filii,et
387 838 439 866 alia
455 838 555 872 Patris,
575 839 622 867 sed
634 838 805 867 confundere
825 839 892 867 illas.
915 840 1063 875 Propterea

265 881 433 918 discipulum
453 883 592 911 Dominus
610 883 734 919 increpat
748 883 820 920 quod
846 887 922 912 tanto
938 888 1064 920 tempore

263 930 394 962 sequatur
407 935 437 955 se
452 927 604 963 videritque
619 928 697 964 signa
710 936 742 956 ac
756 928 868 956 deitatis
883 936 976 965 opera,
991 936 1061 956 non-

264 971 333 999 dum
347 976 440 999 autem
451 972 590 1008 agnoverit
604 980 667 1000 eum
683 976 713 1000 ut
723 974 824 1008 Deum,
839 981 893 1009 quo
908 981 957 1009 per
971 973 1062 1009 ipsum

263 1019 292 1044 et
311 1017 420 1044 Patrem
441 1021 626 1052 cognosceret.
654 1018 733 1045 Nunc
757 1021 849 1045 autem
872 1017 939 1045 dicit
964 1027 970 1045 :
991 1018 1061 1053 Quia

263 1060 441 1096 corporaliter
473 1061 574 1097 quaeris
604 1061 696 1090 videre
730 1063 850 1096 Patrem,
883 1062 1058 1090 manifestum

263 1105 337 1141 quod
350 1113 406 1134 non
420 1105 509 1134 credis
523 1114 610 1142 neque
630 1114 675 1134 me
688 1114 777 1143 neque
792 1107 870 1135 illum
885 1114 944 1135 esse
957 1108 1058 1135 Deum.

297 1195 384 1223 Vens.
398 1198 491 1223 10-12.
509 1207 522 1220 ιι
541 1197 600 1224 Non
614 1196 755 1232 cognoscis
769 1196 843 1232 quod
862 1204 913 1232 ego
927 1196 953 1224 in
967 1197 1057 1231 Patre,

262 1244 290 1268 et
303 1241 382 1268 Pater
395 1240 425 1268 in
438 1248 482 1268 me
497 1243 554 1268 est?
575 1241 665 1269 Verba
679 1249 741 1277 quae
762 1249 812 1277 ego
828 1241 926 1277 loquor
940 1242 1025 1275 vobis,
1042 1251 1057 1270 a

262 1284 369 1320 meipso
382 1292 439 1312 non
454 1284 553 1320 loquor
571 1294 576 1312 :
595 1286 675 1313 Pater
688 1290 779 1314 autem
795 1286 842 1323 qui
855 1286 884 1314 in
899 1294 942 1314 me
953 1291 1057 1322 manet,

262 1329 320 1365 ipse
333 1328 399 1357 facit
413 1337 504 1365 opera.
523 1329 631 1358 Credite
645 1330 723 1365 mihi,
735 1331 808 1367 quod
821 1339 872 1367 ego
885 1331 913 1358 in
925 1332 1013 1365 Patre,
1032 1336 1060 1360 et

261 1374 343 1402 Pater
359 1374 388 1402 in
404 1382 447 1401 me
462 1378 503 1402 est
522 1384 528 1402 :
545 1374 646 1410 alioqui
669 1379 779 1411 propter
793 1375 851 1411 ipsa
869 1375 942 1403 facta
956 1376 1058 1404 credite

260 1418 338 1446 mihi.
358 1430 370 1443 υ
384 1420 416 1446 Ιι]
431 1420 510 1446 Patre
531 1423 572 1447 est
586 1420 677 1455 Filius,
694 1419 848 1448 secundum
861 1420 934 1456 quod
954 1420 980 1447 in
995 1420 1059 1448 sub-

259 1463 362 1491 stantia
377 1463 451 1492 illius
464 1467 575 1500 apparet
589 1473 596 1492 :
610 1468 638 1492 et
649 1472 746 1492 rursus
761 1466 841 1492 Pater
853 1464 880 1491 in
892 1464 973 1499 Filio,
987 1465 1058 1493 sicut

260 1515 308 1536 rex
322 1508 349 1535 in
364 1507 481 1544 imagine
495 1516 544 1537 sua
558 1513 670 1545 apparet
693 1513 720 1537 et
733 1509 826 1545 imago
841 1509 869 1536 in
884 1516 954 1544 rege.
976 1510 1057 1537 Unus

259 1552 335 1580 enim
357 1552 500 1581 character
514 1553 642 1590 imaginis
663 1557 691 1581 et
704 1553 784 1589 regis.
801 1553 881 1588 Quod
894 1557 988 1581 autem
1004 1562 1056 1582 una

258 1596 411 1625 substantia
425 1605 487 1626 mea
508 1602 550 1626 est
563 1601 591 1626 et
605 1598 704 1632 Patris,
720 1597 911 1625 manifestum.
933 1609 946 1621 ιι
968 1598 1057 1626 Verba

258 1642 331 1670 enim
352 1649 414 1678 qua:
434 1650 483 1678 ego
496 1643 604 1678 loquor,
617 1650 632 1670 ει
654 1642 760 1677 meipso
780 1650 836 1669 non
851 1642 958 1677 loquor,
976 1654 988 1666 ι»
1004 1642 1057 1670 hoc

257 1690 309 1720 est,
323 1694 381 1714 non
393 1686 472 1714 aliter
486 1687 545 1714 haac
558 1686 635 1720 dico;
654 1686 702 1713 sed
722 1686 960 1722 quemadmodum
976 1688 1057 1715 Pater

256 1730 368 1765 diceret,
387 1731 426 1758 sic
443 1731 524 1766 701
550 1734 577 1758 et
598 1738 649 1766 ego
668 1730 773 1766 loquor.
789 1731 853 1758 Non
867 1730 940 1758 enim
966 1731 1055 1759 habeo

255 1775 386 1811 quiddam
396 1775 538 1811 proprium
545 1774 618 1810 quod
627 1782 720 1802 meum
729 1775 762 1803 sit
773 1779 801 1803 et
808 1779 966 1811 separatum
978 1784 994 1804 a
1004 1777 1056 1805 Pa-

255 1824 309 1855 tre,
324 1819 373 1848 sed
388 1819 480 1848 omnia
494 1819 662 1847 communia.
677 1821 742 1848 Una
754 1820 908 1849 substantia
926 1825 977 1854 est,
989 1821 1054 1849 sub-

254 1864 386 1893 sistentiis
407 1864 548 1899 separatis.
564 1865 625 1892 Non
640 1865 698 1893 sola
720 1869 813 1893 autem
829 1865 910 1894 verba
932 1873 994 1901 qua:
1014 1866 1053 1894 lo-

254 1917 333 1945 quor,
359 1908 448 1937 Patris
467 1912 541 1943 sunt,
562 1909 611 1937 sed
634 1913 662 1937 et
679 1918 771 1945 opera.
785 1910 854 1946 Quia
869 1911 944 1938 enim
964 1911 1054 1939 divina

254 1958 320 1982 sunt
328 1961 423 1989 opera,
437 1953 513 1981 Deus
523 1957 615 1981 autem
626 1958 667 1982 est
679 1955 766 1989 Pater,
779 1958 806 1983 et
818 1963 880 1990 ego,
892 1955 971 1983 unius
987 1955 1054 1984 sub-

258 1998 367 2026 stantias
399 2001 463 2025 sunt
476 2005 568 2034 opera,
589 2002 670 2034 atque
685 1999 722 2026 ita
738 1999 843 2027 etiamsi
866 2007 917 2035 ego
941 1999 1052 2034 faciam,

256 2043 337 2070 Pater
358 2041 439 2076 facit;
456 2046 484 2070 et
503 2042 528 2070 si
542 2043 632 2077 Pater,
646 2051 697 2079 ego
712 2044 792 2072 facio.
819 2055 832 2068 α
848 2043 959 2071 Credite
979 2044 1054 2080 quod

254 2094 304 2123 ego
318 2087 348 2115 in
373 2087 462 2120 Patre,
484 2091 512 2115 et
531 2088 612 2115 Pater
632 2087 661 2114 in
691 2096 746 2121 me,
771 2099 784 2112 ››
799 2087 852 2115 hoc
866 2092 919 2123 est,
941 2089 1055 2124 Oportet

253 2130 366 2168 quidem
379 2139 444 2159 cum
464 2132 564 2160 auditis
578 2134 689 2160 Patrem
709 2136 737 2160 et
758 2132 869 2167 Filium,
889 2133 955 2160 nihil
979 2133 1053 2162 aliud

254 2175 393 2212 inquirere
413 2184 463 2212 pro
481 2176 671 2205 constituenda
686 2177 858 2205 substantiali
880 2178 1051 2214 cognatione.

253 2221 301 2249 Sin
313 2228 377 2249 vero
393 2229 451 2249 non
465 2221 566 2250 sufﬁcit
578 2221 630 2250 hoc
645 2222 722 2250 vobis
736 2221 770 2250 ad
785 2221 987 2250 ostendendam
1004 2230 1053 2258 pa-

254 2273 314 2294 rem
326 2265 507 2294 susbtantiam
523 2271 551 2294 et
574 2266 720 2301 honorem,
745 2266 820 2303 quod
843 2267 923 2295 Pater
946 2267 975 2295 in
991 2275 1052 2295 mea

254 2311 407 2339 substantia
423 2315 546 2347 apparet,
560 2315 588 2339 et
602 2320 652 2348 ego
667 2312 694 2340 in
707 2312 796 2340 Patris
811 2321 818 2340 :
838 2323 852 2337 ι
877 2311 918 2340 vel
939 2317 1052 2348 propter

255 2363 337 2391 opera
350 2355 450 2385 credite
463 2356 542 2384 mihi.
558 2368 570 2381 ι
583 2357 673 2393 Opera
684 2357 758 2385 enim
770 2357 822 2385 Dei
835 2360 908 2385 sunt.

291 2491 379 2519 Vens.
395 2493 485 2519 12-14.
503 2502 516 2516 ι
534 2492 636 2525 Amen,
647 2499 729 2520 amen
741 2491 802 2520 dico
815 2491 892 2520 vobis
907 2491 977 2528 :Qui
990 2499 1049 2520 cre-

254 2534 295 2563 dit
314 2535 344 2563 in
363 2543 419 2569 me,
434 2544 518 2572 opera
537 2544 599 2572 quae
621 2545 671 2573 ego
689 2536 771 2570 facio,
787 2540 815 2565 et
834 2536 893 2572 ipse
915 2535 1006 2570 faciet,
1023 2540 1051 2564 et

253 2579 359 2616 majora
381 2580 413 2608 iis
426 2580 508 2608 faciet
523 2591 528 2608 :
545 2581 607 2617 quia
627 2589 677 2617 ego
689 2581 723 2609 ad
736 2582 845 2609 Patrem
859 2589 954 2609 meum
972 2581 1048 2609 vado.

252 2626 288 2653 Et
302 2624 435 2661 quidquid
454 2626 587 2661 petieritis
605 2626 635 2653 in
651 2626 765 2653 nomine
784 2633 857 2660 meo,
872 2625 924 2653 hoc
939 2625 1046 2661 faciam,

253 2673 283 2698 ut
302 2669 470 2706 gloriﬁcetur
489 2671 569 2698 Pater
588 2670 614 2698 in
635 2671 710 2698 Filio.
732 2670 760 2699 Si
775 2670 841 2706 quid
868 2670 1001 2706 petieritis
1018 2671 1048 2698 in

250 2715 366 2743 nomine
375 2722 446 2749 meo,
462 2722 511 2751 ego
527 2714 637 2743 faciam.
649 2727 662 2740 ιι
673 2715 829 2744 Ostendens
837 2715 964 2743 Christus
973 2715 1049 2751 quod

250 2767 307 2788 non
319 2759 378 2788 haec
391 2759 449 2788 sola
462 2760 551 2795 possit
564 2768 656 2796 opera,
676 2760 725 2788 sed
739 2764 768 2788 ct
788 2759 850 2795 alia,
866 2764 893 2788 et
907 2759 947 2788 his
961 2760 1048 2788 multo

251 2804 369 2840 majora,
391 2804 556 2833 excellenter
577 2813 607 2834 ea
623 2805 712 2842 ponit.
724 2806 787 2834 Non
808 2804 880 2833 enim
895 2804 961 2833 dixit
975 2804 1049 2841 quod

249 2849 285 2876 Et
306 2848 413 2885 majora
431 2849 476 2878 his
500 2849 588 2879 facere
600 2858 715 2887 possum
731 2858 739 2878 :
755 2850 802 2880 sed
813 2849 888 2886 quod
900 2849 986 2886 magis
1005 2853 1048 2878 est

766 196 1023 224 THEOPHYLACTI
1043 195 1221 223 BULGARi/E
1241 194 1399 222 ARCHIEP.

1844 197 1881 222 i76

1077 261 1103 292 Α
1119 257 1223 296 Πατρὸς
1239 257 1350 292 θεότητα
1369 256 1448 294 ἔγνω.
1472 255 1644 295 Αἷσχυνέσθω
1668 255 1712 284 καὶ
1732 255 1856 289 Σαϐέλλιος
1873 258 1882 285 6

1118 302 1217 341 λέγων·
1244 301 1302 331 Μία
1326 301 1470 333 ὑπόστασις
1502 301 1546 329 καὶ
1573 299 1601 329 ἓν
1629 299 1766 340 πρόσωπον
1795 300 1880 339 Harpe:

1117 347 1163 376 καὶ
1182 347 1260 376 Υῖοῦ.
1286 345 1355 376 Ἰδοὺ
1380 345 1432 384 γὰρ
1452 346 1547 384 διαιρεῖ
1567 344 1615 378 τὰς
1632 345 1784 378 ὑποστάσεις
1802 346 1815 373 6
1843 345 1881 374 Κύ-

1119 403 1187 431 ριος·
1201 391 1246 421 καὶ
1265 391 1330 420 ἄλλο
1346 390 1488 430 πρόσωπον
1515 389 1629 419 δείκνυσι
1649 392 1695 419 τοῦ
1718 389 1829 430 Πατρός,
1847 389 1881 418 καὶ

1119 436 1184 465 ἄλλο
1206 438 1251 465 τοῦ
1272 436 1346 465 Υἳοῢ.
1377 433 1468 464 Εἰπὼν
1489 433 1550 474 γὰρ,
1566 445 1596 474 να
1612 433 1646 465 Ὁ
1669 433 1786 473 ἑωρακὼς
1807 433 1878 471 ἓμὲ,ν

1119 480 1199 514 ἔδειξε
1214 482 1243 509 τὸ
1257 481 1351 509 οἰκεῖον
1371 479 1513 518 πρόσωπον
1523 490 1529 497 ·
1544 473 1618 515 εἶτα,
1638 489 1652 508 α
1674 478 1770 518 ἑώρακε
1783 478 1822 507 τὸν
1836 479 1880 508 Πι-

1118 524 1193 565 τέρα,
1213 537 1226 554 ι)
1248 524 1303 554 ἰδοὺ
1318 525 1362 554 καὶ
1385 525 1474 563 ἕτερον
1491 523 1642 563 πρόσωπον.
1663 524 1698 553 Εἰ
1719 523 1746 552 δὲ
1767 522 1792 552 ἓν
1813 522 1880 562 πρόσ-

1117 581 1189 598 ωπον
1205 565 1253 608 ἦν,
1267 565 1338 598 εἶπεν
1354 568 1385 598 ἂν
1402 568 1475 597 οὐδὲν
1486 570 1611 604 τοιοῦτον,
1626 567 1695 597 ἀλλὰ
1709 569 1753 596 τοῦ
1767 567 1880 597 Φιλίππου

1118 613 1243 651 εἰπόντος,
1263 624 1278 642 (ι
1298 614 1388 648 Δεῖξον
1404 615 1465 651 ὑμῖν
1478 613 1522 642 τὸν
1540 612 1664 652 Πατέρα,
1682 624 1697 639 ιι
1715 611 1831 651 ἀπεκρίθη
1845 611 1880 647 ἂν,

1117 658 1157 688 ὅτι
1172 660 1231 689 Οὖκ
1254 658 1309 687 ἔστι
1331 670 1376 697 μοι
1396 657 1503 697 Πατὴρ,
1526 657 1584 686 ἀλλ’
1601 657 1653 695 ἐγώ
1676 658 1730 695 εἰμι
1746 656 1830 695 Πατὴρ
1848 655 1881 684 καὶ

1118 703 1189 736 Υἱός.
1208 703 1261 733 Καὶ
1277 703 1343 736 ὅλως
1356 703 1382 732 δὲ
1398 702 1515 742 ἐσχάτης
1530 702 1655 738 ἀνοησίας
1673 701 1728 730 ἐστὶ
1738 724 1746 738 ,
1760 700 1788 730 τὸ
1803 701 1882 730 ἀκούειν

1118 747 1166 785 μὲν
1183 750 1229 777 τοῦ
1245 749 1309 778 Υἱοῧ
1323 746 1463 787 λέγοντος,
1482 745 1523 775 ὅτι
1545 757 1561 774 α
1578 746 1649 785 Πρὸς
1664 745 1707 775 τὸν
1723 744 1825 783 Πατέρα
1845 756 1881 782 μου

1117 792 1280 832 πορεύομαι·
1300 804 1314 821 ι)
1339 792 1400 828 καὶ,
1421 803 1436 820 (ι
1451 789 1524 829 Ἐγὼ
1539 791 1565 819 ἐν
1581 792 1618 829 τῷ
1641 790 1740 830 Haupt,
1754 800 1768 819 ι)
1787 789 1827 818 καὶ
1845 788 1881 818 ὅσα

1118 837 1187 866 ἄλλα
1209 839 1332 867 τοιαῦτα·
1356 835 1394 876 μὴ
1409 836 1477 866 νοεῖν
1494 836 1534 872 δὲ,
1557 835 1597 866 ὅτι
1617 835 1684 864 ἄλλο
1698 834 1828 874 πρόσωπον
1848 835 1882 862 τοῦ

1081 881 1195 918 ΒΥἱοῧ,
1221 882 1265 911 καὶ
1291 882 1356 911 ἄλλο
1371 883 1416 910 τοῦ
1442 879 1559 920 Πατρὸς,
1585 878 1794 919 ἀλλὰισυγχέιιν
1810 880 1881 907 ταῦτα.

1117 927 1250 966 Ἐπιτιμᾷ
1264 926 1350 956 τοίνυν
1372 927 1410 966 τῷ
1426 927 1533 964 μαθητῇ
1554 926 1568 953 ὃ
1594 925 1707 964 Κύριος,
1730 925 1763 957 ὡς
1783 925 1881 952 τοσοῦτον

1117 970 1165 1010 μὲν
1186 970 1278 1011 χρόνον
1303 971 1503 1004 ἀκολουθοῦντι,
1520 970 1620 1007 σημεῖα
1637 968 1666 998 δὲ
1690 967 1768 997 ἰδόντι
1782 967 1822 997 καὶ
1842 966 1882 996 θεό-

1116 1027 1193 1052 τητος
1207 1015 1271 1055 ἔργα
1286 1037 1294 1052 ,
1311 1015 1393 1054 μήπω
1408 1015 1435 1044 δὲ
1450 1014 1538 1054 γνόντι
1561 1014 1641 1043 αὐτὸν
1661 1014 1696 1046 ὡς
1709 1012 1790 1048 Θεὸν,
1803 1011 1840 1040 ἵνα
1859 1012 1881 1039 δι’

1117 1061 1197 1090 αὐτοῦ
1212 1061 1257 1089 καὶ
1279 1059 1322 1088 τὸν
1339 1059 1449 1099 Πατέρα
1470 1061 1533 1099 γνῷ.
1553 1060 1609 1088 Νῦν
1632 1057 1660 1087 δέ
1680 1067 1776 1098 φησιν·
1792 1054 1881 1090 Ἐπειδὴ

1117 1106 1265 1143 σωματκῶς
1280 1106 1365 1140 ζητεῖς
1382 1104 1426 1133 τὸν
1444 1103 1564 1143 Πατέρα,
1579 1103 1658 1140 δῆλον
1673 1104 1708 1136 ὡς
1727 1102 1755 1131 οὐ
1778 1100 1882 1132 πιστεύεις

1115 1148 1173 1179 οὔτε
1189 1148 1237 1187 ἐμὲ
1251 1148 1311 1178 οὔτε
1324 1149 1421 1178 ἐκεῖνον
1433 1143 1500 1177 εἷναι
1513 1146 1593 1178 Θεόν.

1160 1205 1174 1223 ιι
1191 1194 1230 1224 Οὐ
1246 1192 1381 1232 γινώσκεις
1392 1194 1402 1232 [
1413 1193 1456 1223 al.
1470 1190 1633 1232 πιστεύεις],
1647 1190 1688 1221 ὅτι
1701 1190 1752 1230 ἐγὼ
1765 1192 1788 1221 ἐν
1797 1190 1831 1229 τῷ
1843 1189 1884 1218 Πα-

1115 1237 1169 1279 τρὶ,
1193 1239 1238 1268 καὶ
1257 1240 1270 1267 6
1286 1237 1381 1277 Πατὴρ
1403 1238 1428 1266 ἐν
1455 1237 1514 1275 ἐμοί
1528 1238 1603 1274 ἐστι;
1620 1236 1668 1267 Τὰ
1691 1236 1797 1276 ῥήματα
1812 1233 1826 1262 ἃ

1113 1278 1187 1312 λαλῶ
1201 1283 1279 1321 ὑμῖν,
1297 1284 1345 1312 ἀπ’
1361 1284 1479 1321 ἐμαυτοῦ
1502 1282 1531 1312 οὗ
1547 1282 1621 1311 λαλῶ
1633 1293 1639 1300 ·
1657 1281 1672 1311 0'
1691 1281 1717 1310 δὲ
1734 1279 1822 1318 Πατὴρ
1840 1279 1851 1306 6
1865 1278 1883 1305 ἓν

1113 1328 1170 1366 ἐμοὶ
1192 1328 1278 1366 μένων
1288 1351 1296 1366 .,
1312 1328 1389 1360 αὐτὸς
1403 1330 1473 1356 ποιεῖ
1488 1327 1520 1356 τὰ
1538 1326 1614 1367 ἔργα.
1635 1323 1779 1356 Πιστεύετέ
1794 1334 1842 1362 μοι⁷
1855 1321 1883 1367 ὅτι

1112 1365 1164 1411 ἐγὼ
1181 1365 1205 1401 ἐν
1225 1375 1262 1412 τῷ
1277 1372 1374 1412 Πατρὶ,
1392 1371 1437 1401 καὶ
1452 1373 1466 1402 6
1483 1365 1580 1411 Πατῆρ
1596 1372 1622 1400 ἐν
1639 1370 1700 1410 ἐμοί
1723 1371 1799 1398 ἔστιν.
1818 1368 1845 1397 Εἰ
1864 1365 1882 1412 δέ
1900 1389 1901 1393 η

1180 1417 1223 1446 διὰ
1283 1410 1348 1456 ἔργα
1361 1416 1429 1445 αὐτὰ
1443 1415 1580 1445 πιστεύετέ
1596 1426 1650 1453 μοι.
1669 1426 1683 1444 ι
1700 1413 1748 1444 Ἐν
1763 1414 1798 1453 τῷ
1814 1410 1881 1460 "arpi

1111 1461 1180 1490 ἐστιν
1196 1463 1209 1490 6
1224 1461 1287 1493 Υἱὸς
1299 1484 1307 1499 ,
1323 1461 1388 1490 καθὸ
1403 1461 1429 1489 ἐν
1451 1463 1485 1498 τῇ
1502 1459 1578 1500 οὐσίᾳ
1593 1459 1694 1489 ἐκείνου
1711 1457 1834 1498 φαίνεται·
1848 1457 1880 1483 καὶ

1111 1507 1125 1533 6
1147 1505 1242 1545 Πατὴρ
1263 1501 1336 1539 αὖθις
1362 1506 1387 1534 ἐν
1403 1507 1436 1545 τῇ
1452 1507 1496 1534 τοῦ
1512 1505 1577 1534 Υῖοῦ
1589 1517 1595 1523 -
1611 1503 1703 1542 ὥσπερ
1726 1502 1769 1532 καὶ
1783 1503 1796 1530 6
1819 1502 1879 1545 βασις

1075 1558 1098 1591 C
1111 1549 1169 1583 λεὺς
1185 1552 1212 1579 ἐν
1273 1550 1355 1591 εἰκόνι
1375 1543 1457 1579 αὐτοῦ
1472 1548 1613 1590 φαίνεται,
1629 1549 1675 1578 καὶ
1692 1550 1710 1583 ἡ
1726 1545 1799 1576 εἰκὼν
1819 1543 1880 1591 ἐνῄτῷ

1111 1596 1226 1634 βασιλεῖ.
1248 1589 1296 1628 Εἷς
1311 1595 1362 1634 γὰρ
1377 1595 1391 1623 6
1408 1594 1549 1634 χαρακτὴρ
1562 1595 1609 1629 τῆς
1622 1593 1722 1626 εἰκόνος
1735 1590 1779 1621 καὶ
1792 1592 1831 1618 τοῦ
1844 1589 1881 1626 βα-

1110 1639 1213 1672 σιλέως.
1238 1638 1303 1669 ’Ότι
1317 1638 1344 1667 δὲ
1368 1638 1418 1676 μία
1444 1640 1460 1673 ἡ
1477 1638 1553 1667 οὐσία
1569 1638 1635 1675 ἐμοῦ
1650 1649 1680 1667 τε
1707 1636 1752 1666 καὶ
1774 1635 1816 1664 τοῦ
1834 1634 1881 1682 iis:

1108 1682 1180 1723 τρὸς,
1210 1683 1307 1718 δῆλον
1329 1693 1344 1711 ››
1363 1682 1407 1712 Τὰ
1428 1682 1480 1722 γὰρ
1503 1682 1612 1722 ῥήματα
1635 1681 1653 1710 ἃ
1667 1680 1722 1721 ἐγὼ
1739 1679 1824 1723 λαλῶ,
1846 1677 1875 1723 fl,“

1109 1720 1226 1765 ἐμαυτοῦ
1240 1728 1269 1757 οὗ
1281 1728 1372 1768 λαλῷ’
1388 1739 1403 1755 ιο
1421 1726 1567 1762 τουτέστιν,
1583 1726 1642 1756 Οὐκ
1655 1726 1744 1759 ἄλλως
1759 1722 1808 1763 ἐγὼ
1826 1720 1880 1772 λέγει

1108 1774 1194 1802 ταῦτα
1204 1776 1222 1809 ,"
1235 1772 1294 1802 ἀλλ’
1319 1766 1410 1811 ὥσπερ
1434 1771 1465 1801 ἂν
1486 1773 1499 1800 6
1521 1769 1618 1811 Πατὴρ
1638 1770 1719 1807 εἴποι,
1741 1768 1806 1798 οὕτω
1823 1766 1880 1811 κᾷγὼ

1108 1808 1267 1853 λαλῶ-νΜὴ
1292 1816 1344 1857 γὰρ
1369 1808 1424 1856 ἔχξω
1439 1827 1464 1845 τι
1483 1815 1548 1845 ἴδιον
1569 1808 1686 1854 ἐμαυτοῦ
1708 1808 1880 1857 κεχωρισμένον

1107 1865 1152 1892 τοῦ
1168 1855 1375 1902 Πατρὸςξᾶλλὰ
1390 1861 1478 1891 πάντα
1495 1860 1569 1890 κοινοί
1582 1872 1588 1879 ·
1605 1859 1654 1898 μία
1669 1860 1721 1900 γὰρ
1735 1856 1808 1888 οὐσία
1828 1855 1881 1903 διας

1109 1906 1240 1946 ρουμένων
1254 1908 1306 1935 τῶν
1319 1905 1502 1936 ὕποστάσεων.
1518 1906 1558 1935 Οὖ
1576 1904 1653 1943 μόνον
1669 1905 1697 1934 δὲ
1712 1903 1746 1932 τὰ
1760 1900 1855 1946 ῥήξεσιξα
1869 1907 1881 1924 α

1107 1942 1186 1990 λέγώ,
1197 1954 1243 1980 τοῦ
1255 1950 1359 1991 Πατρός
1375 1951 1449 1988 εἰσιν,
1462 1949 1531 1979 ἀλλὰ
1542 1949 1587 1978 καὶ
1600 1949 1632 1978 τὰ
1644 1949 1710 1989 ἔργα
1722 1950 1776 1993 θεῖα
1789 1944 1819 1973 τὰ
1831 1942 1881 1993 ξενία

1108 1987 1187 2025 Ἐττεῖ
1199 1995 1250 2035 γὰρ
1271 1987 1328 2025 Geloi
1342 1995 1376 2024 τὰ
1403 1994 1478 2034 ἔργα,
1498 1995 1566 2027 Θεὸς
1590 1993 1616 2022 δὲ
1637 1987 1665 2023 6V
1679 1987 1881 2038 Πατὴρζκάζώς

1108 2044 1170 2077 μιᾶς
1199 2031 1251 2080 ἆρα
1283 2040 1373 2073 οὐσίας
1406 2031 1458 2069 eiei.
1487 2038 1521 2068 τὰ
1545 2039 1621 2078 ἔργα.
1655 2037 1741 2068 ιὨστε
1770 2033 1817 2080 κᾶν
1840 2031 1882 2080 ἐζὼ

1107 2086 1190 2120 ποιῶ,
1252 2083 1347 2121 Πατὴρ
1376 2084 1460 2113 ποιεῖ·
1487 2082 1536 2112 κᾶν
1557 2085 1571 2112 6
1594 2082 1711 2122 Πατὴρ,
1738 2078 1788 2118 ἐγὼ
1814 2078 1879 2124 τξοιῦξ·

1111 2139 1126 2157 (ι
1148 2128 1308 2164 Πιστεύετε,
1331 2127 1370 2158 ὅτι
1387 2127 1439 2167 ἐγὼ
1455 2129 1480 2157 ἐν
1496 2130 1534 2168 τῷ
1551 2126 1642 2166 Πατρὶ
1653 2151 1661 2164 ,
1677 2121 1722 2156 καὶ
1735 2127 1748 2155 6
1763 2121 1848 2159 Πατὴρ
1861 2121 1880 2168 ἐξ

1300 2159 1307 2164 ,
1406 2159 1411 2167 .
1520 2159 1526 2168 ,
1617 2159 1622 2166 .
1653 2159 1660 2164 .

1107 2173 1166 2211 ἐμοί
1175 2185 1181 2192 ·
1194 2184 1209 2202 λ)
1229 2172 1358 2210 τουτέστι,
1369 2175 1416 2203 Δεῖ
1428 2173 1475 2212 μὲν
1491 2172 1632 2205 ἀκούοντας
1647 2173 1717 2210 ὑμᾶς
1730 2167 1832 2206 Πατέρα
1845 2159 1881 2214 κξὶ

1107 2218 1184 2255 Υἱὸν,
1217 2217 1299 2256 μηδὲν
1328 2218 1415 2258 ἕτερον
1438 2219 1569 2254 ἐπιζητεῖν
1596 2217 1632 2250 εἷς
1650 2216 1881 2262 παράστασιν-τηξ

1067 2253 1092 2284 D
1106 2253 1181 2292 κατὰ.
1197 2253 1246 2298 τῆν
1263 2262 1353 2292 οὐσίαν
1372 2253 1539 2302 ’συγγενείαφ
1567 2263 1600 2292 Εἰ
1622 2261 1648 2290 δὲ
1666 2253 1728 2300 ὑμῖν
1753 2257 1797 2287 οὐκ
1819 2253 1880 2302 ἀρκεξ

1104 2310 1182 2337 τοῦτο
1195 2307 1260 2347 πρὸς
1276 2307 1305 2337 τὸ
1322 2307 1405 2342 δεῖξαι
1420 2307 1450 2336 τὸ
1472 2306 1610 2345 ὁμοούσιον
1626 2306 1672 2335 καὶ
1688 2303 1880 2352 ὁμότιμοξγὶκξι

1105 2351 1145 2381 ὅτι
1162 2354 1175 2381 6
1193 2338 1290 2388 Has-7‘19
1306 2353 1333 2382 ἐν
1349 2338 1382 2392 {ﬁ
1403 2353 1454 2392 ἐμῇ
1467 2338 1543 2391 οὖσίᾳ
1564 2338 1709 2390 φαίνεται,
1727 2346 1782 2392 καὶ.
1795 2340 1842 2381 ἐγὼ
1859 2338 1880 2366 ἰν

1103 2399 1136 2436 τῇ
1151 2399 1196 2426 τοῦ
1210 2397 1325 2436 Πατρὸς,
1345 2408 1359 2426 α
1370 2390 1430 2426 ’κᾶν
1443 2390 1498 2425 Ἲδιὰ
1518 2390 1552 2425 τὰ
1568 2395 1633 2436 ἔργα
1645 2390 1782 2425 πιστεύετέ
1797 2395 1852 2428 μοι’
1865 2393 1877 2410 ⁷

1104 2441 1137 2470 τὰ
1154 2441 1218 2482 ἔργα
1237 2442 1309 2472 Θεοῦ
1322 2442 1399 2471 εἰσιν.
1754 2480 1762 2482 ᾗ
1793 2478 1800 2482 _
1823 2474 1828 2482 ‘
1868 2469 1873 2481 η

1147 2474 1174 2516 ιι.
1184 2474 1278 2526 Ἆμὴν,
1301 2485 1372 2525 ἀμὴν
1389 2485 1459 2525 λέγω
1472 2486 1533 2522 ὓμῑν
1543 2497 1550 2505 ν
1565 2485 1578 2514 6
1593 2484 1724 2514 πιστεύων
1741 2480 1776 2529 είς
1789 2474 1840 2529 ἐμὲ
1852 2474 1878 2529 τξ

1103 2530 1168 2571 ἔργα
1192 2520 1283 2571 ἃιέγὼ
1309 2532 1395 2568 ποιῶ,
1420 2532 1539 2564 κάκεῖνος
1569 2529 1691 2566 ποιήσει,
1716 2525 1761 2557 καὶ
1785 2520 1878 2561 tum”

1103 2576 1202 2605 τούτων
1222 2575 1344 2612 ποιήσει·
1360 2576 1400 2605 ὅτι
1426 2574 1478 2614 ἐγὼ
1496 2575 1560 2615 πρὸς
1578 2574 1621 2603 τὸν
1638 2573 1749 2620 Πατέρα
1773 2578 1819 2620 Pl?"
1837 2571 1878 2590 π⁰“

1104 2620 1230 2661 ρεύομοιι⁹
1254 2620 1299 2649 καὶ
1325 2620 1339 2650 ὃ
1366 2619 1411 2649 ἐὰν
1439 2619 1568 2656 αἰτήσητε
1583 2621 1609 2648 ἐν
1632 2621 1670 2659 τῷ
1694 2615 1877 2662 ὀνόμξιξξμοξλ

1101 2657 1178 2694 τοῦτο
1199 2665 1321 2702 ποιήσω,
1335 2663 1378 2693 ἵνα
1394 2663 1504 2704 δοξασθῇ
1519 2666 1534 2694 ὁ
1548 2663 1646 2704 Πατὴρ
1656 2657 1688 2693 ’ἐν
1703 2662 1739 2700 τῷ
1760 2657 1825 2704 ﬁlii"

1101 2709 1147 2739 ἐὰν
1171 2709 1298 2746 αἰτήσητε
1323 2710 1349 2738 ἐν
1371 2711 1408 2749 τῷ
1432 2708 1543 2747 ὀνόματί
1572 2721 1638 2747 μου,
1665 2706 1717 2748 ἐγὼ
1733 2700 1840 2749 ποιήσω·
1856 2703 1873 2749 ξ

1865 2735 1871 2746 1

1101 2753 1232 2784 Δεικνύων
1248 2756 1261 2784 6
1275 2754 1406 2795 Χριστὸς,
1423 2754 1464 2784 ὅτι
1484 2755 1513 2784 οὗ
1532 2756 1618 2783 ταῦτα
1638 2753 1705 2792 μόνα
1727 2748 1829 2795 δύναται

1101 2779 1343 2839 a;;',';s;‘;;{
1353 2779 1435 2838 2.2;;
1444 2779 1546 2839 imiin
1552 2779 1671 2828 ἶοῖτοπ
1678 2779 1682 2782 ’
1690 2779 1812 2839 μείιοχατ
1825 2779 1876 2839 rf?’

1101 2831 1249 2886 ὓτεερέολῆς
1262 2843 1331 2875 αὐτὰ
1347 2831 1460 2881 tier-jam
1476 2844 1517 2875 Οὐ
1528 2831 1586 2884 ⁵γὰρ
1598 2843 1669 2884 λέγει
1677 2831 1695 2881 ,1
1704 2839 1744 2870 ὅτι
1758 2831 1811 2867 Καὶ
1824 2831 1874 2869 lm'
