1922 3077
48 159 92 185 177

423 154 620 183 ENARRATIO
641 155 673 183 lN
693 153 910 184 EVANGELIUM
929 154 1078 182 JOANNIS.
1099 169 1133 175 -—
1153 155 1229 184 CAP.
1250 156 1315 184 XIV.

1638 159 1688 186 I78

46 223 100 256 ζονα
114 218 216 249 τούτων
233 219 350 256 δύναμαι
367 219 494 256 ποιῆσαι,
516 217 596 258 ἀλλ’,
620 217 635 248 8
657 219 748 259 πολλῷ
769 221 829 249 θαυ-

892 217 1108 253 suscipiendum,
1121 217 1188 246 Aliis
1207 219 1301 253 etiam,
1323 218 1422 255 inquit,
1437 218 1503 248 dare
1524 227 1638 256 possum
1657 225 1689 249 ut

45 264 202 305 μαστότιρον
226 260 277 301 ἦν,
298 263 352 294 Καὶ
368 263 466 303 ἑτέροις
488 262 603 301 δύναμαι
621 264 729 302 δοῦναι,
756 263 837 303 φησὶ,

45 309 86 339 καὶ
100 309 208 348 μείζονα
229 308 330 339 τούτων
344 310 469 345 ποιῆσαι.
492 307 574 348 Ὁρᾷς
593 307 642 343 τὴν
658 307 770 348 δύναμιν
790 311 836 338 τοῦ

45 356 216 393 Μονογενοῧς,
240 356 296 387 πῶς
318 353 434 388 τοσαύτη
450 352 547 393 ἐστὶν,
575 352 644 382 ὥστε
670 353 717 382 χαὶ
740 352 838 392 ἑτέροις

49 399 138 428 διδόναι
159 400 248 428 ποιεῖν
265 398 329 438 ἔργα
349 397 431 437 μείζω
446 391 481 426 ὧν
497 397 575 430 αὐτὸς
591 397 729 434 ἔποίησενς
748 397 837 428 ιιὈτι

44 444 90 483 ἐγὼ
104 443 166 484 πρὸς
180 443 227 473 τὸν
245 443 357 483 Πατέρα
371 455 421 481 μου
432 442 580 482 πορεύομαι
593 465 600 479 ,
618 454 632 471 ι)
652 445 731 472 τοῦτο
747 443 834 481 δηλοῖ,

43 488 78 518 ὅτι
91 488 182 526 Ὕμῶν
208 490 267 519 ἐστι
285 487 392 526 λοιπὸν,
415 487 446 516 τὸ
460 487 690 527 θαυματουργεῖν·
713 487 766 526 ἐγὼ
784 488 836 528 γὰρ

45 533 89 570 ἤδη
108 533 288 571 μεθίσταμαι.
309 531 484 571 Ἑρμηνεῦων
513 532 540 560 δὲ
563 534 649 570 ἡμῖν,
674 534 730 565 πῶς
753 533 766 561 6
788 545 836 562 πι-

44 577 133 608 στεύων
167 578 204 611 εἰς
236 577 316 607 αὐτὸν
342 577 482 613 δυνήσεται
510 578 621 611 ποιῆσαι
650 577 755 615 μεγάλα
789 578 835 606 καὶ

45 621 195 660 θαυμαστὰ,
209 622 302 662 φησὶν,
315 621 354 650 δτι
373 633 388 650 ιι
401 621 474 650 ’Όσα
489 620 520 650 ἂν
536 622 666 657 αἰτήσητε
682 623 708 650 ἐν
721 623 759 662 τῷ
774 622 834 651 ὀνό-

46 667 101 705 ματί
113 679 175 705 μου.
197 666 355 706 ι),Δεί›ινυο-ι
377 665 426 705 γὰρ
442 668 508 703 ἡμῖν
523 667 636 695 ἐνταῦθα
656 665 704 701 τὴν
725 666 834 705 μέθοδον

46 714 85 748 τῆς
104 711 330 751 θαυματουργίας.
357 710 408 740 Διὰ
431 710 482 750 γὰρ
509 711 657 747 αἰτήσεως,
680 710 725 740 καὶ
753 723 835 751 προσ-

45 758 131 796 ευχῆς,
161 755 208 786 καὶ
232 758 282 791 τῆς
307 754 474 790 ἐπικλήσεως
502 757 548 784 τοῦ
578 754 708 791 ὀνόματος
735 757 834 792 αὐτοῦ,

46 804 304 840 θαυματουργεῑνιτις
325 799 542 829 δύναταιροῦτω
557 800 603 829 καὶ
618 800 642 828 οἱ
666 800 814 830 ἀπόστολοι
825 812 832 819 '

889 262 974 290 etiam
989 262 1031 290 his
1054 262 1162 299 majora
1183 262 1296 292 faciant.
1323 263 1405 292 Vides
1429 269 1530 300 quanta
1550 265 1586 293 sit
1600 266 1687 294 virtus

888 307 1041 342 Unigeniti,
1065 312 1096 335 ut
1111 307 1195 344 etiam
1218 307 1280 336 aliis
1300 308 1365 336 dare
1386 308 1472 344 possit
1486 309 1561 345 quod
1587 309 1688 338 faciant

888 352 994 388 majora
1009 360 1092 388 quam
1107 353 1163 388 ipse
1183 351 1296 381 fecerit?
1310 353 1433 381 Dicendo
1447 354 1533 389 enim,
1550 366 1561 378 ιι
1577 355 1636 390 Ego
1649 355 1684 383 ad

888 398 996 425 Patrem
1012 404 1105 424 meum
1122 397 1200 430 vado,
1225 408 1238 421 ι
1257 397 1309 425 hoc
1329 397 1464 433 signiﬁcat
1479 408 1486 425 :
1506 398 1621 426 Posthac
1637 407 1686 427 vos

887 441 1070 477 operabimini
1084 441 1228 474 miracula,
1245 441 1297 470 hoc
1313 445 1407 470 autem
1423 450 1496 470 nunc
1508 446 1626 471 transeo.
1641 444 1685 471 ln-

886 489 1038 522 terpretans
1052 490 1145 513 autem
1156 485 1234 514 nobis
1247 486 1389 522 quomodo
1399 487 1446 522 qui
1456 486 1543 515 credit
1557 487 1583 514 in
1594 487 1682 521 illum,

888 531 988 566 poterit
997 530 1086 558 facere
1099 538 1196 567 magna
1205 534 1234 558 ct
1247 531 1395 566 mirabilia,
1404 532 1491 567 inquit
1505 540 1511 558 :
1524 543 1537 556 ι
1551 533 1684 566 Quaecun-

888 583 942 612 que
955 575 1104 611 petiveritis
1114 575 1142 602 in
1157 575 1269 603 nomine
1282 583 1353 603 meo.
1368 587 1382 600 ι»
1397 577 1469 604 Nam
1485 575 1537 603 hoc
1557 577 1617 604 loco
1631 585 1685 604 no-

887 619 930 648 bis
939 620 1106 655 operationis
1114 620 1309 648 miraculorum
1320 620 1480 649 methodum
1492 620 1620 649 ostendit.
1634 623 1685 650 Per

887 665 1047 700 petitionem
1063 664 1137 692 enim
1153 668 1181 692 et
1193 665 1349 693 orationem
1361 670 1388 693 ct
1406 664 1610 694 invocationem
1632 673 1684 694 no-

886 709 970 737 minis
993 709 1052 744 ejus
1068 709 1138 737 mira
1163 710 1270 744 operari
1290 709 1352 745 quis
1374 710 1497 746 poterit:
1516 710 1553 738 ita
1577 715 1605 738 et
1620 718 1685 747 apo-

886 753 949 782 stoli
962 761 967 779 :
983 765 995 777 u
1011 755 1042 781 in
1055 754 1168 781 nomine
1176 755 1242 782 Jesu
1253 754 1365 787 Christi,
1374 762 1456 790 surge
1466 754 1613 783 ctambula
1625 755 1655 782 ⁵ο.
1668 766 1682 779 ι

888 798 991 826 Idcirco
1006 806 1061 826 non
1081 798 1160 831 dixit,
1175 799 1353 835 Quaecunque
1375 799 1518 835 petieritis,
1534 799 1686 828 obsecrabo

47 857 60 872 ι
78 845 119 875 Ἐν
131 847 168 886 τῷ
184 845 299 883 ὀνόματι
324 846 414 879 Ἰησοῦ
437 845 574 884 Χριστοῦ,
596 843 707 883 ἔγειραι,
723 845 769 874 καὶ
783 857 829 875 πε-

92 890 98 897 l
204 891 210 897 Α
233 890 240 897 ι
280 890 287 897 ι
333 884 348 897 ἰ’
421 887 458 897 ΑΛ
509 889 522 897 ι
575 889 583 897 ι
610 889 617 897 I

888 844 995 870 Patrem
1009 847 1037 870 et
1050 842 1150 870 faciet:
1165 843 1223 876 sed,
1249 853 1262 869 ιι
1280 844 1336 879 Ego
1351 843 1463 877 faciam,
1489 853 1502 870 ι)
1527 852 1605 872 suam
1631 852 1682 880 po-

1036 887 1168 897 ..ηηη-
1227 887 1315 897 ,ηομ
1338 887 1362 897 ιι.
1386 892 1405 897 ν.
1457 889 1517 897 ,μμ
1548 889 1554 894 .
1586 889 1634 897 η...

47 890 149 928 ριπάτει.
164 901 179 919 ι)
196 890 246 920 Διὸ
261 890 310 918 οὐχ
323 887 405 919 εἶπεν.
421 887 497 919 Ὅσα
509 889 540 918 ἂν
556 889 697 927 αἰτήσητε,
710 901 834 929 παραχα-

46 935 106 963 λέσω
116 934 159 964 τὸν
172 934 297 974 Πατέρα,
310 934 356 963 καὶ
368 932 486 969 ποιήσει,
500 932 560 962 ἀλλ’
574 945 588 960 ε
603 932 676 971 Ἐγὼ
688 934 801 972 ποιήσω,
814 945 829 963 n

46 979 86 1014 τὴν
99 979 194 1008 οἰκείαν
211 978 332 1014 ἐξουσίαν
347 979 451 1014 δηλῶν,
471 989 486 1007 ιι
498 979 558 1008 Ἵνα
574 977 686 1017 δοξασθῇ
706 980 720 1008 6
737 979 832 1019 Πατὴρ

45 1025 68 1053 ἕν
85 1025 120 1063 τῷ
135 1024 204 1064 Υῑῷ.
229 1035 243 1052 ι
267 1022 357 1053 Ὅταν
370 1023 420 1063 γὰρ
434 1024 503 1062 φανῇ
517 1024 531 1052 6
553 1023 616 1055 Υἱὸς
633 1023 738 1062 μεγάλα
755 1024 832 1052 δυνά-

46 1078 123 1106 μενος,
149 1068 209 1098 τότε
236 1068 374 1102 δοξάζεται
396 1069 410 1097 6
433 1070 552 1097 τοιοῦτον
576 1067 641 1098 Υἱὸν
656 1068 830 1107 γεγεννηκώς.

45 1112 107 1153 Ὅρα
121 1113 171 1153 γὰρ
183 1113 232 1147 τὴν
248 1112 405 1142 ἀκολουθίαν
419 1114 467 1148 τῆς
488 1115 534 1142 τοῦ
553 1111 660 1152 Πατρὸς
676 1112 765 1147 δόξης·
783 1114 832 1144 Ἐν

46 1159 77 1198 τῷ
98 1159 203 1196 ὀνόματι
221 1160 271 1187 τοῦ
296 1157 394 1188 Κυσίου
414 1158 492 1194 ἡμῶν
514 1157 606 1192 Ἰησοῦ
636 1158 753 1197 Χριστοῦ
775 1158 832 1197 ἐγί-

46 1214 109 1233 νοντο
131 1203 164 1232 τὰ
187 1207 301 1241 σημεῖα,
327 1202 381 1232 ἀπὸ
405 1203 459 1231 τῶν
485 1203 604 1238 σημείων
631 1201 769 1232 ἐπίστευον
793 1205 832 1243 τῷ

45 1247 104 1287 λόγῳ
130 1249 181 1277 τῶν
208 1247 387 1283 ἀποστόλων,
418 1246 467 1276 καὶ
487 1246 579 1275 λοιπὸν
608 1247 644 1279 εἰς
672 1247 830 1285 θεογνωσίαν

47 1292 186 1331 ἐρχόμενοι,
209 1292 388 1330 ἐπεγίνωσκον
411 1290 456 1320 τὸν
473 1290 595 1330 Πατέρα,
616 1290 662 1320 καὶ
678 1290 759 1325 οὕτως
775 1293 831 1321 ἔδο-

48 1335 126 1370 ξιίζετο
143 1338 168 1367 ἐν
182 1338 220 1377 τῷ
234 1337 306 1377 Υἱῷ.
327 1335 488 1365 Εἰπάτωσαν
505 1337 530 1365 οἱ
551 1335 585 1364 τὰ
601 1337 646 1364 τοῦ
665 1335 766 1376 Ἀρείου
787 1348 830 1366 νο-

48 1383 156 1418 σοῦντες,
171 1380 204 1410 τὰ
219 1382 264 1410 διὰ
285 1382 337 1410 τῶν
363 1380 532 1416 ἀποστόλων,
560 1379 638 1413 αὖτὸς
654 1380 757 1420 ἐποίει,
784 1381 831 1412 χαὶ

48 1424 74 1453 τὰ
88 1426 117 1454 δι’
130 1427 219 1463 αὑτοῦ,
237 1426 288 1455 οὐχ
310 1424 388 1458 αὐτὸς
400 1446 408 1460 ,
423 1425 482 1453 ἀλλ’
495 1423 547 1454 ὑπὸ
561 1427 608 1454 τοῦ
624 1425 733 1463 Πατρὸς
758 1426 829 1466 ἔνερ-

48 1470 165 1509 γούμενος,
191 1470 283 1503 ἄλλοις
311 1470 396 1499 ἐδίδου
422 1469 533 1507 δύναμιν
545 1491 553 1505 ,
571 1469 616 1498 καὶ
633 1470 711 1503 αὐτὸς
727 1470 829 1506 ταύτην

48 1514 85 1542 οὐκ
97 1510 161 1554 εἶχε,
174 1515 252 1548 Τίνος
277 1514 304 1543 δὲ
327 1512 415 1543 ἕνεκεν
431 1514 461 1542 ἐκ
479 1513 600 1553 δευτέρω
612 1509 671 1543 εἷπε
691 1513 725 1543 τὰ
742 1515 826 1552 αὐτάς

889 890 1012 915 testatem
1028 887 1178 915 declarans.
1202 899 1214 911 «ι
1227 889 1267 916 Ut
1277 887 1442 924 gloriﬁcetur
1457 889 1538 916 Pater
1547 889 1575 916 in
1586 889 1681 917 Filio.»

886 933 956 961 Cum
971 932 1045 960 enim
1061 936 1173 968 apparet
1187 932 1285 960 Filium
1301 940 1397 968 magna
1410 941 1500 968 posse,
1515 933 1684 969 glorificatur

885 980 913 1004 et
927 976 972 1012 qui
988 980 1095 1003 tantum
1111 976 1209 1005 Filium
1224 976 1325 1012 genuit.
1342 977 1411 1004 Vide
1424 977 1498 1005 enim
1514 985 1683 1014 consequen-

885 1024 941 1048 tem
964 1020 1080 1055 gloriam
1104 1021 1199 1048 Patris.
1215 1022 1247 1048 In
1270 1021 1382 1048 nomine
1403 1022 1469 1049 .lesu
1485 1022 1586 1050 Christi
1610 1021 1683 1050 facta

885 1070 949 1093 sunt
967 1066 1057 1100 signa,
1073 1073 1089 1092 a
1103 1065 1186 1101 signis
1206 1065 1356 1093 credebant
1369 1066 1497 1101 apostoli.
1519 1071 1546 1094 et
1568 1067 1684 1096 tandem

884 1109 920 1137 ad
939 1109 986 1137 Dei
1002 1109 1126 1137 notitiam
1148 1110 1340 1146 pervenientes
1360 1110 1546 1146 agnoscebant
1562 1112 1682 1146 Patrem,

886 1158 913 1182 ct
928 1154 962 1182 ita
979 1154 1184 1190 glorilieabatur
1199 1155 1228 1182 in
1242 1155 1320 1183 Filio.
1336 1155 1436 1183 Dicant
1448 1156 1554 1190 Ariani,
1571 1164 1638 1184 num
1651 1165 1684 1185 ea

885 1206 947 1234 quae
972 1207 1020 1235 per
1047 1199 1188 1235 apostolos
1216 1199 1285 1235 ipse,
1312 1203 1339 1227 et
1365 1207 1396 1228 ea
1420 1207 1482 1236 quae
1496 1209 1544 1236 per
1565 1209 1605 1234 se,
1629 1209 1685 1230 non

884 1243 952 1279 ipse,
974 1242 1022 1271 sed
1041 1251 1057 1271 a
1081 1244 1164 1271 Patre
1188 1244 1376 1279 operationem
1400 1245 1532 1280 recipiens
1554 1245 1682 1280 faciebat,

884 1288 944 1316 aliis
958 1287 1040 1315 dabat
1053 1287 1169 1316 faciendi
1185 1292 1360 1324 potestatem,
1377 1292 1404 1316 et
1417 1289 1474 1324 ipse
1487 1289 1614 1318 eamdem
1626 1299 1683 1319 non

883 1332 1017 1360 habebat?
1031 1334 1120 1368 Quare
1149 1337 1243 1360 autem
1273 1333 1396 1362 secundo
1417 1333 1469 1362 hoc
1507 1334 1588 1363 dixit.
1613 1336 1683 1364 Cum

894 1377 968 1404 enim
991 1376 1115 1411 dixisset,
1134 1388 1146 1401 ι
1161 1377 1351 1413 Quodcunque
1366 1378 1394 1405 in
1409 1378 1521 1407 nomine
1535 1387 1597 1407 meo
1612 1380 1683 1416 peti-

882 1422 986 1455 veritis,
1003 1421 1054 1450 hoc
1076 1421 1187 1456 faciam,
1215 1433 1228 1446 ι·
1245 1426 1273 1450 et
1286 1422 1482 1459 subjuuxisset,
1502 1434 1515 1449 α
1536 1425 1576 1452 Ut
1598 1424 1684 1460 glori—

883 1467 980 1494 licetur
995 1468 1075 1494 Pater
1090 1466 1117 1494 in
1129 1466 1210 1499 Filio,
1228 1478 1240 1490 ι
1254 1467 1353 1494 iterum
1369 1467 1490 1496 secundo
1505 1467 1582 1501 dicit,
1599 1470 1682 1505 702

893 1532 905 1544 ,
918 1511 1092 1547 Quaecunque
1099 1511 1246 1547 petiveritis
1254 1511 1282 1539 in
1293 1512 1403 1540 nomine
1410 1520 1482 1546 meo,
1489 1520 1540 1548 ego
1551 1512 1659 1541 faciam.
1668 1525 1682 1538 ι

50 1553 187 1598 Εἰπὼνγγὰρ
199 1583 208 1597 ,
225 1570 240 1588 ι)
263 1558 302 1587 ⁸0
321 1558 372 1599 ,ἐὰν
397 1557 525 1594 αἰτήσητε
540 1559 565 1587 ἐν
581 1559 618 1598 τῷ
634 1557 745 1596 ὀνόματί
761 1571 829 1599 μου,

886 1556 1059 1584 Confirmans
1073 1563 1229 1584 sermonem
1251 1564 1332 1584 suum
1347 1556 1399 1584 hoc
1419 1557 1496 1591 dicit,
1522 1561 1549 1585 et
1563 1558 1685 1586 ostendit

49 1605 111 1633 τοῦτο
125 1597 242 1643 ποιήσω,
267 1614 282 1632 ιι
302 1597 359 1632 εἶτα
385 1603 545 1642 ἐπαγαγὼν,
576 1613 589 1631 (ι
603 1602 663 1632 Ἵνα
682 1603 795 1643 δοξασθῇ
811 1606 825 1634 6

51 1648 130 1689 Πατὴρ
145 1650 168 1677 ἐν
183 1649 221 1688 τῷ
236 1649 298 1688 Υἱῷ
310 1670 319 1685 ,
334 1658 349 1676 n
367 1647 449 1677 πάλιν
471 1648 502 1676 lx.
523 1647 645 1687 δευτέρου
661 1647 740 1688 φησὶν
751 1671 760 1685 ,
786 1647 826 1678 ὅτι

52 1703 63 1719 ιι
72 1692 136 1723 Ὅσα
146 1692 175 1722 ἂν
188 1692 319 1728 αἰτήσητε
330 1693 356 1722 ἐν
368 1694 405 1732 τῷ
416 1692 526 1729 ὀνόματί
538 1704 602 1731 μου,
617 1691 669 1731 ἐγὼ
679 1692 792 1728 ποιήσω,
807 1704 822 1722 ι)

49 1737 88 1766 Ἐκ
97 1737 210 1777 δευτέρου
222 1736 301 1768 τοῦτό
310 1748 386 1777 φησι,
401 1735 517 1776 βεϐαιῶν
529 1737 573 1765 τὸν
582 1737 663 1766 αὑτοῦ
678 1736 767 1776 λόγον,
781 1738 826 1768 καὶ

49 1780 164 1819 δεικνύων,
181 1781 221 1811 ὅτι
246 1781 327 1814 αὐτὸς
341 1785 424 1819 ποιεῖ,
448 1780 495 1810 καὶ
517 1781 546 1810 οὖ
567 1781 652 1811 δεῖται
667 1782 826 1812 ἐπεισάκτου

49 1824 176 1864 δυνάμεως,
190 1828 288 1858 Ταῦτα
304 1824 332 1855 δὲ
347 1824 436 1855 πάντα
451 1825 522 1865 λέγει
538 1830 590 1858 τοῖς
606 1827 740 1863 μαθηταῖς
750 1848 758 1863 ,
773 1839 827 1856 πα-

50 1871 223 1909 ραμυθούμενος
247 1869 362 1907 αὐτοὺς,
388 1870 433 1900 καὶ
461 1870 608 1905 δεικνύων,
635 1870 675 1901 ὅτι
691 1871 738 1900 οὐκ
760 1871 827 1900 ἆπο-

48 1914 126 1951 λιῖται,
142 1915 198 1945 ὠδὲ
212 1914 425 1956 ἀφανισθήσεται
449 1914 517 1953 μετὰ
532 1915 561 1944 τὸ
575 1917 672 1951 θανεῖν,
689 1915 759 1944 ἀλλὰ
775 1927 824 1953 με-

49 1963 78 1987 νεῖ
98 1960 171 1989 πάλιν
191 1961 235 1990 ἐπὶ
261 1962 307 1995 τῆς
323 1959 421 1994 οἰκείας
437 1959 521 1996 ἀξίας,
547 1959 594 1989 καὶ
622 1961 648 1990 ἐν
669 1963 722 1993 τοῖς
747 1960 826 2000 οὖρα-

49 2003 173 2036 νοῖςέσται.
187 2016 203 2034 α
219 2004 294 2044 Πρὸς
307 2004 349 2033 τὸν
374 2004 485 2044 Πατέρα
508 2004 560 2043 γάρ
579 2016 630 2042 μου
645 2026 653 2040 ,
670 2004 757 2044 φησὶ,
778 2016 825 2035 ποι

50 2047 140 2087 ρεύομαι
151 2060 158 2068 ·
172 2061 187 2079 n
206 2050 256 2085 Μὴ
274 2049 326 2089 γὰρ
341 2048 514 2089 ἀφανίζομαι,
531 2049 590 2078 ἀλλ’
605 2049 690 2078 ἐκεῖσε
711 2048 824 2088 ἄπειμι,

887 1601 960 1636 quod
972 1601 1029 1636 ipse
1049 1600 1124 1634 facit,
1138 1604 1166 1628 et
1184 1608 1240 1628 non
1256 1601 1375 1637 indigeat
1397 1601 1605 1630 subintroducta
1627 1603 1683 1631 vir-

881 1648 949 1672 tute.
976 1646 1041 1673 Hmc
1064 1649 1156 1673 autem
1172 1645 1263 1673 omnia
1285 1645 1350 1674 dicit
1372 1645 1522 1682 discipulis,
1538 1647 1684 1676 consolans

880 1696 939 1721 eos,
954 1694 981 1717 et
995 1689 1141 1717 ostendens
1153 1690 1227 1726 quod
1248 1698 1302 1717 non
1315 1690 1412 1725 peribit
1428 1699 1476 1718 nec
1491 1691 1683 1720 obscurabitur

881 1734 1038 1767 moriendo,
1053 1734 1100 1762 sed
1116 1734 1237 1762 manebit
1255 1734 1354 1762 iterum
1369 1735 1396 1762 in
1424 1736 1535 1772 propria
1551 1735 1682 1772 dignitate

881 1782 909 1805 et
922 1778 949 1805 in
961 1778 1036 1806 caelis
1051 1779 1104 1805 erit
1122 1787 1129 1806 :
1143 1790 1155 1802 ε
1173 1778 1216 1806 Ad
1231 1779 1341 1806 Patrem
1353 1779 1436 1812 enim,
1452 1780 1552 1816 inquit,
1565 1780 1646 1809 vado.
1665 1793 1678 1806 γι

879 1823 943 1850 Non
957 1823 1030 1850 enim
1046 1823 1178 1850 obscurus
1193 1823 1299 1856 ﬁo,nec
1314 1831 1373 1851 esse
1387 1831 1480 1857 cesso;
1497 1824 1546 1852 sed
1560 1825 1623 1853 illuc
1635 1833 1680 1860 eo,

880 1867 926 1894 ubi
939 1867 1046 1895 beatior
1058 1867 1113 1894 vita
1135 1877 1141 1894 :
1160 1871 1187 1894 et
1202 1867 1227 1894 iu
1243 1871 1353 1895 tantum
1375 1875 1430 1895 non
1446 1869 1584 1904 apparebo
1605 1869 1682 1897 inﬁr-

880 1919 954 1946 mus,
975 1911 1078 1939 etiamsi
1096 1911 1210 1944 moriar,
1235 1916 1265 1939 ut
1281 1911 1342 1940 aliis
1363 1911 1399 1939 ad
1414 1912 1518 1948 majora
1532 1921 1615 1948 opera
1637 1913 1679 1942 fa-

879 1956 973 1984 cienda
988 1956 1061 1983 vires
1074 1955 1188 1984 daturus
1205 1956 1268 1984 sim.
1288 1957 1323 1984 Et
1337 1964 1510 1992 quaecunque
1532 1958 1678 1993 petieritis,

881 2001 951 2029 dabo
975 2001 1053 2028 vobis
1079 2010 1086 2028 :
1115 2008 1149 2028 ne
1163 2008 1228 2036 ergo
1243 2001 1352 2029 tristitia
1377 2000 1533 2029 afﬁciamini
1566 2007 1678 2038 propter

880 2053 971 2073 meam
986 2049 1117 2080 mortem,
1132 2052 1194 2081 quae
1208 2046 1271 2073 talis
1294 2050 1337 2074 est
1351 2046 1461 2082 qualem
1476 2046 1677 2075 demonstravi.

49 2091 97 2122 ἔνοα
121 2094 308 2134 μακαριωτέρα
331 2096 348 2130 ἡ
374 2093 505 2133 διαγωγή.
543 2094 597 2123 Καὶ
627 2097 750 2123 τοσοῦτον
780 2095 828 2123 οὐχ
858 2095 968 2131 ἀσθενὴς
996 2095 1165 2136 ὀφθήσομαι,
1191 2095 1242 2124 χᾶν
1264 2095 1409 2131 ἀποθάνω,
1427 2094 1495 2125 ὥστε
1520 2096 1565 2126 καὶ
1584 2095 1680 2130 ἄλλους

50 2137 160 2177 ivit/ﬁcto
182 2140 291 2178 μείζονα
314 2138 378 2178 ἔργα
402 2142 500 2168 ποιεῖν·
515 2138 563 2169 καὶ
577 2138 627 2168 ὅσα
643 2137 674 2167 ἂν
699 2139 863 2178 βουληθῆτε,
886 2139 963 2170 δώσω
977 2141 1047 2179 ὖμῖν.
1068 2139 1117 2175 Μὴ
1136 2139 1223 2170 τοίνυν
1241 2141 1363 2179 ἀθυμεῖτε
1381 2139 1424 2169 διὰ
1443 2140 1488 2170 τὸν
1512 2141 1578 2181 ἐμὸν
1591 2141 1679 2172 θάνα-

49 2192 83 2209 τον
95 2185 202 2213 τοιοῦτον
221 2184 297 2219 ὄντα,
313 2179 368 2213 οἷον
384 2182 520 2217 ἀπέδειξα.

83 2238 94 2255 (ι
113 2227 173 2258 Ἐὰν
196 2228 323 2268 ἀγαπᾶτέ
339 2240 382 2266 με,
397 2226 444 2261 τὰς
463 2227 569 2261 ἐντολὰς
584 2227 631 2261 τὰς
647 2227 713 2266 ἐμὰς
733 2228 819 2267 τηρής

906 2230 995 2258 Vsns.
1021 2231 1112 2257 15-11.
1141 2238 1154 2255 α
1180 2229 1207 2256 Si
1231 2228 1341 2265 diligitis
1368 2237 1423 2264 me,
1448 2234 1586 2266 praecepta
1612 2238 1676 2259 mea

50 2281 116 2300 σατε·
130 2272 172 2302 χαὶ
188 2273 240 2312 ἐγὼ
258 2272 385 2312 ἐρωτήσω
398 2272 442 2302 τὸν
460 2272 588 2312 Πατέρα,
607 2271 653 2301 καὶ
669 2272 748 2301 ἄλλον
766 2274 828 2303 Πα-

51 2315 160 2352 ρᾶχλητον
182 2317 263 2347 δώσει
288 2319 372 2356 ὑμῖν,
390 2317 432 2346 ἵνα
454 2317 521 2357 μένῃ
547 2316 605 2355 μεθ’
630 2319 702 2355 ὑμῶν
728 2317 764 2350 εἰς
783 2318 827 2347 τὸν

49 2360 128 2398 αἰῶνα,
141 2361 169 2391 τὸ
185 2363 300 2402 Πνεῦμα
321 2364 368 2397 τῆς
385 2362 520 2398 ἀληθείας,
537 2360 551 2391 ὃ
572 2363 585 2391 6
606 2362 703 2400 κόσμος
734 2363 763 2390 οὐ
785 2362 828 2392 δύ‹

50 2414 113 2433 vum:
132 2406 232 2446 λαϐεῖν,
263 2407 304 2436 ὅτι
333 2408 362 2436 οὗ
386 2408 480 2446 Θεωρεῖ
507 2405 583 2445 αὐτὸ,
613 2406 672 2436 οὐδὲ
702 2405 827 2445 γινώσκει

51 2448 116 2477 αὐτό·
129 2451 200 2488 ὑμεῖς
214 2452 242 2481 δὲ
265 2450 410 2491 γινώσκετε
425 2450 501 2487 αὐτὸ,
523 2450 565 2481 ὅτι
580 2452 643 2491 παρ’
661 2452 722 2488 ὑμῖν
735 2450 806 2489 μένει
816 2473 825 2488 ,

53 2491 88 2521 καὶ
100 2494 122 2522 ἐν
135 2495 194 2533 ὒμῖν
208 2496 296 2526 ἔσται.
317 2506 331 2524 ιι
345 2495 437 2526 Εἰπὼν
454 2494 596 2536 ἀνωτέρω,
613 2495 652 2524 ὅτι
670 2507 684 2524 ιι
697 2493 772 2525 Ὅσα
794 2494 826 2524 ἂν

53 2536 169 2577 αἰτήσητε,
181 2540 298 2578 ποιήσω,
315 2552 331 2568 ι»
350 2540 465 2570 δείκνυσι
479 2543 524 2569 νῦν
534 2563 543 2577 ,
560 2540 601 2570 ὅτι
620 2541 669 2580 οὐχ
681 2539 772 2573 ἁπλῶς
787 2540 827 2569 δεῖ

54 2580 178 2620 αἰτεῖσθαι,
204 2585 274 2614 ἀλλὰ
293 2584 361 2622 μετὰ
385 2586 433 2620 τῆς
453 2584 520 2624 πρὸς
547 2584 626 2614 αὐτὸν
650 2585 758 2624 ἀγάπης
780 2584 827 2614 χαὶ

55 2625 90 2670 τῇ(
105 2628 230 2666 τηρήσεως
253 2630 305 2658 τῶν
329 2630 453 2660 ἐντολῶν.
470 2630 538 2659 Τότε
562 2629 614 2670 γὰρ
628 2629 744 2670 ποιήσω,
761 2627 825 2658 ὅταν

55 2667 119 2703 “am:
132 2673 245 2708 αἰτῆσθε.
273 2673 331 2704 Καὶ
359 2674 469 2711 ἄλλως,
492 2674 549 2704 ἐπεὶ
569 2667 641 2708 ὶῐάδς
669 2669 701 2710 ἧν
732 2672 826 2707 αὖτοὺς

57 2712 173 2750 ἀκούοντας
195 2717 236 2748 ὅτι
259 2718 469 2760 στερηθήσονται
503 2719 599 2757 αὐτοῦ,
625 2718 824 2758 σκυθρωπάζειν

85 2806 103 2823 ¹⁰
113 2809 166 2838 Act.
179 2818 226 2847 tu,
241 2814 268 2840 6.

880 2278 985 2302 servate
1003 2283 1010 2302 :
1027 2278 1053 2302 et
1073 2281 1124 2310 ego
1139 2274 1243 2310 rogabo
1259 2275 1379 2308 Patrem,
1401 2278 1428 2301 et
1451 2274 1535 2302 alium
1552 2275 1676 2304 Paracle-

881 2323 941 2347 tum
956 2319 1034 2347 dabit
1049 2319 1137 2352 vobis,
1157 2323 1187 2347 ut
1202 2323 1314 2347 maneat
1329 2319 1469 2347 vobiscum
1486 2320 1513 2347 in
1529 2324 1678 2355 maternum,

881 2364 1012 2400 Spiritum
1034 2364 1168 2396 veritatis,
1183 2371 1266 2399 quem
1281 2363 1400 2391 mundus
1419 2371 1474 2391 non
1496 2369 1587 2400 potest
1605 2366 1677 2394 acci-

881 2416 957 2444 pere,
972 2409 1034 2444 quia
1050 2417 1107 2436 nou
1124 2408 1198 2436 videt
1211 2416 1292 2441 eum,
1312 2416 1363 2436 nec
1376 2408 1453 2436 novit
1465 2417 1540 2438 eum.
1557 2411 1614 2438 Vos
1626 2418 1677 2438 au-

882 2458 937 2481 tem
951 2453 1117 2489 cognoscitis
1131 2460 1194 2480 eum
1211 2473 1218 2486 ,
1237 2453 1302 2488 quia
1324 2453 1396 2489 apud
1410 2461 1458 2481 vos
1478 2458 1581 2489 manet,
1605 2459 1631 2483 et
1651 2456 1678 2483 in

880 2498 958 2526 vobis
973 2498 1035 2525 erit.
1054 2509 1066 2522 ιι
1087 2497 1198 2525 Dixerat
1211 2497 1346 2532 superius,
1364 2509 1376 2522 α
1392 2499 1572 2535 Quaecunque
1593 2499 1677 2535 petie.

880 2542 950 2576 ritis,
966 2542 1064 2570 faciam
1085 2552 1090 2570 :
1108 2553 1121 2567 ››
1137 2542 1259 2570 ostendit
1272 2550 1345 2570 nunc
1360 2542 1435 2578 quod
1451 2551 1506 2570 non
1519 2543 1679 2580 simpliciter

881 2591 1005 2623 oporteat
1029 2591 1130 2623 petere,
1146 2587 1193 2615 sed
1217 2595 1280 2614 cum
1301 2586 1447 2615 dilectione
1468 2595 1531 2623 erga
1553 2596 1628 2622 eum,
1651 2592 1679 2616 et

880 2631 1072 2660 observatione
1086 2631 1279 2660 mandatorum
1297 2633 1391 2660 :Tunc
1405 2632 1479 2659 enim
1492 2632 1600 2666 faciam,
1612 2640 1677 2661 cum

880 2676 921 2704 sic
948 2676 1089 2712 petieritis.
1105 2677 1140 2704 Et
1153 2677 1233 2704 aliter
1251 2686 1259 2704 :
1274 2676 1505 2712 Quandoquidem
1529 2676 1675 2704 verisimile

880 2725 952 2749 esset
963 2721 1024 2749 illos
1041 2720 1184 2750 audientes
1197 2721 1271 2757 quod
1284 2722 1343 2757 ipso
1358 2720 1480 2756 privandi
1491 2724 1594 2756 essent,
1608 2728 1676 2749 con-
