1922 3077
219 181 271 208 179

725 178 981 207 THEOPHYLACTI
1001 176 1180 206 BULGARLE
1200 177 1355 206 ARCHIEP.

1844 181 1889 207 180

219 243 320 271 tristari
334 246 360 270 et
374 242 477 270 turbari
493 242 586 270 animo
603 251 609 270 :
626 243 689 270 Non
703 241 767 275 hoc,
782 241 882 278 inquit,
898 245 939 269 est
951 240 1013 268 dili-

1088 239 1115 269 αὶ
1138 241 1316 281 ταράττεσθαι
1340 240 1388 275 τὰς
1407 241 1495 282 ψυχὰς
1506 265 1514 279 ,
1529 243 1568 272 OG
1585 244 1690 278 τοῦτο,
1708 242 1807 283 φησὶν,
1823 241 1888 272 ἔστιν

220 296 281 323 gere
295 295 350 321 me,
375 287 476 314 tristari
490 289 518 314 et
533 291 629 314 moesto
653 295 712 314 esse
733 288 821 320 vultu,
841 287 889 314 sed
903 285 1015 314 credere

223 332 264 360 his
278 339 340 368 quae
354 339 368 359 a
383 339 426 359 me
438 331 574 359 dicuntur.
591 332 752 359 Mandatum
765 331 840 359 enim
854 331 913 359 dedi
927 330 1014 364 vobis,

221 385 256 404 ne
274 376 433 404 terreamini
448 376 482 403 ab
497 376 537 404 his
551 375 599 412 qui
614 376 743 404 occidunt
755 384 871 412 corpus;
887 380 967 411 atque
980 375 1016 402 ita

222 421 245 448 si
269 421 381 456 diligitis
397 428 451 454 me,
475 420 529 449 hoc
550 421 704 456 observate,
729 425 756 448 et
769 420 883 457 posthac
909 428 944 448 ne
959 420 1017 448 sitis

222 466 314 493 tristes
335 465 363 492 in
379 470 468 493 morte
493 473 566 493 mea.
583 467 654 493 Nam
676 465 785 493 tristitia
799 465 883 498 afﬁci,
899 472 954 493 non
976 469 1019 492 est

224 511 281 545 ejus
295 510 645 546 quiobservatmandatum
660 518 765 538 meum.
782 510 927 545 Quomodo
936 510 1019 545 igitur

224 563 280 582 non
306 554 485 582 observantes
509 555 670 583 mandatum
694 563 798 589 meum,
823 554 871 582 sed
892 556 1020 582 timentes

225 603 354 633 mortem,
377 599 468 627 dicitis
489 600 563 635 quod
591 600 710 636 diligatis
729 601 794 627 me?
818 601 931 635 Insuper
956 599 1019 634 quia

225 643 368 672 verisimile
390 648 432 672 est
454 644 551 672 dixisse
575 645 637 672 illos
652 645 687 672 ad
712 645 770 673 haec
791 653 798 672 :
824 647 858 672 Et
879 643 1019 680 quomodo

225 697 282 716 non
296 688 470 716 afliceremur
492 689 614 722 tristitia,
630 689 751 724 privandi
776 693 855 717 tanto
869 689 976 723 solatio,
994 692 1021 715 et

224 732 419 761 refocillatione
429 741 510 769 quam
525 741 558 761 ex
575 737 602 761 te
613 734 761 762 habemus?
772 733 863 769 inquit
876 743 883 761 :
895 734 957 761 Non
968 732 1022 760 erit

226 778 289 811 hoc,
302 786 358 805 non
371 777 547 813 privabimiui
558 779 752 806 consolatione.
764 789 778 802 ιι
790 778 903 814 Rogabo
917 790 928 801 ιι
937 778 1019 812 enim,

227 822 280 850 hoc
293 826 342 856 est,
361 822 509 850 obsecrabo
531 833 544 847 ι
563 825 684 857 Patrem,
699 827 727 851 et
743 824 827 851 alium
851 823 1022 850 Parat-letum

228 867 319 895 mittet
327 867 402 895 vobis
416 877 422 894 :
435 876 449 893 ι)
462 867 548 895 alium
556 867 628 895 sicut
635 876 688 896 me.
698 867 891 896 Confuudatur
900 867 951 895 hoc
961 867 1022 894 loco

227 912 360 943 Sabellius
373 935 380 947 ,
394 913 489 943 dicens
507 921 595 941 unam
609 921 754 948 personam
771 913 859 940 Patris
874 916 899 939 et
915 911 975 939 Filii
996 915 1024 939 et

227 960 344 996 Spiritus
357 961 459 988 sancti.
475 961 543 987 Ecce
558 958 633 986 enim
648 957 735 990 audit,
744 957 838 985 Alium
853 957 1024 984 Paracletum

227 1003 309 1039 dabo,
325 1009 352 1032 et
367 1005 404 1032 ita
427 1003 507 1032 aliam
524 1010 668 1039 personant
687 1002 815 1037 Spiritus.
831 1000 1024 1030 Coni'undatur

228 1053 255 1077 et
281 1049 468 1083 Macedonius,
493 1049 539 1083 qui
557 1047 624 1076 dicit
639 1047 752 1074 alterius
777 1046 937 1074 substantia
965 1053 1025 1074 esse

228 1093 373 1130 Spiritum,
389 1098 418 1121 et
430 1093 563 1121 minorem
573 1092 650 1120 Filio.
668 1091 749 1119 Audit
760 1091 832 1118 enim
841 1090 915 1126 quod
927 1094 954 1118 et
968 1090 1024 1126 ipse

227 1139 387 1167 Paracletus
405 1138 447 1171 sit,
460 1139 531 1166 sicut
548 1137 641 1166 Filius.
660 1136 786 1171 Ejusdem
809 1135 884 1163 enim
896 1134 1026 1162 substan-

228 1184 275 1212 tia:
289 1187 330 1211 est
341 1191 406 1211 cum
421 1183 490 1211 Filio
502 1182 629 1218 Spiritus,
645 1181 738 1217 utique
748 1185 842 1208 autem
857 1184 886 1208 et
899 1188 962 1207 cum
977 1180 1027 1207 Pa-

229 1232 281 1256 tre.
304 1229 377 1256 Nam
399 1229 479 1255 Pater
500 1231 527 1255 et
541 1226 625 1255 Filius
648 1226 772 1262 ejusdem
786 1224 958 1253 substantiae.
985 1225 1026 1252 Ne

232 1273 338 1301 mireris
352 1276 446 1300 autem
460 1271 534 1308 quod
547 1270 623 1305 dicit,
646 1282 658 1295 α
674 1270 788 1306 Rogabo
800 1271 927 1303 Patrem;
941 1282 954 1294 ι
968 1276 1026 1297 non

230 1318 305 1346 enim
322 1321 353 1346 ut
367 1325 461 1345 servus
483 1321 553 1351 orat,
576 1315 623 1344 sed
646 1316 703 1343 vult
725 1315 799 1351 quod
824 1313 1026 1342 sufﬁcientibus

229 1362 399 1398 argumentis
420 1365 536 1390 testetur
557 1360 696 1396 discipulis
710 1359 786 1396 quod
807 1359 921 1386 omnino
938 1359 1028 1386 veniat

230 1415 312 1443 super
324 1414 372 1435 eos
392 1406 508 1442 Spiritus
522 1405 679 1433 Paracletus
695 1414 702 1431 ι
719 1404 832 1440 ejusque
850 1403 937 1440 gratia
958 1411 1025 1430 cou-

231 1451 399 1481 desceudens
411 1451 465 1478 illis
477 1450 551 1484 dicit,
566 1460 579 1473 ιι
589 1448 705 1485 Rogabo
717 1450 834 1476 Patrem.
847 1459 858 1471 ιι
873 1449 942 1475 Nam
956 1448 979 1475 si
990 1447 1028 1475 di-

231 1497 326 1531 xisset,
342 1496 426 1531 703
443 1495 561 1527 Mittam,
577 1501 633 1521 non
653 1493 691 1521 sic
713 1491 896 1520 credidissent
921 1501 928 1520 :
953 1500 1027 1520 nunc

1069 287 1175 326 ἀγαπᾷν
1188 297 1222 324 με
1233 308 1241 322 ,
1258 286 1466 326 σκυθρωπάζειν,
1481 286 1529 316 καὶ
1546 286 1758 326 ταράττεσθαι,
1778 287 1848 316 ἀλλὰ
1862 287 1889 316 τὸ

1068 330 1205 360 πείθεσθαι
1220 331 1274 364 τοῖς
1298 331 1361 370 παρ’
1376 332 1443 369 ἐμοῦ
1465 331 1634 371 λεγομένοις.
1669 331 1814 367 Ἐντολὴν
1840 331 1888 372 γὰρ

1070 374 1154 404 ἔδωκα
1171 377 1232 413 ὑμῖν
1247 375 1284 414 μὴ
1299 376 1435 416 φοϐεῖσθαι
1515 375 1660 416 φοϐεῖσθε]
1679 376 1740 405 ἀπὸ
1759 377 1815 405 τῶν
1828 377 1888 406 aim-

1070 420 1224 449 κτεινόντων
1240 420 1270 449 τὸ
1287 422 1376 457 σῶμα.
1392 419 1481 450 νΩστε
1502 422 1547 451 ἐὰν
1563 421 1705 460 ἀγαπᾶτέ
1723 432 1759 459 με
1771 443 1780 458 ,
1794 421 1889 458 ταύτην

1132 465 1154 485 I:
1267 466 1272 475 \
1317 465 1324 475 \
1409 466 1422 473 -
1546 466 1552 476 ι
1594 467 1602 477 9
1678 468 1697 474 η
1788 466 1795 474 Ι
1872 469 1886 474 .-

1071 467 1196 505 φυλαςετε
1207 489 1214 501 ,
1231 477 1276 495 και
1291 477 1328 503 μη
1343 467 1467 495 λυπεισοε
1482 467 1572 496 λοιπον
1589 466 1640 495 uti
1657 478 1700 506 τῳ
1725 468 1836 505 θανατῳ
1855 478 1888 506 τῳ

1074 511 1082 520 Ί
1108 511 1125 517 ἰο
1153 511 1159 520 1
1171 512 1198 520 Ὶ-ιν
1287 511 1292 519 \
1355 510 1361 520 \
1468 515 1478 520 η
1569 512 1577 522 Ἷ
1621 510 1634 521 ν
1773 511 1780 520 1

1071 522 1136 549 εμῳ.
1159 512 1201 550 Ιῳ
1270 511 1316 549 το]
1332 522 1385 550 γαρ
1401 511 1540 551 λυπεισθιι
1552 523 1600 540 ουκ
1618 522 1685 540 εστι
1704 511 1887 551 φυλασσοντος

1072 554 1171 592 ταύτην
1196 555 1244 590 τὴν
1267 555 1386 590 ἐντολήν,
1407 556 1469 588 Πῶς
1493 550 1537 584 οὖν
1554 555 1591 593 μὴ
1621 550 1821 596 φυλάσσοντες
1841 556 1886 591 τὴν

1073 599 1179 634 ἐντολήν
1207 611 1274 638 μου,
1291 599 1361 640 αλλὰ
1377 599 1534 640 φοϐούμενοι
1556 601 1602 629 τὸν
1629 600 1775 636 θάνατον,
1803 601 1887 639 λέγετε

1074 646 1179 684 ἀγαπᾷν
1193 654 1243 681 με;
1270 638 1336 673 Εἶτα
1349 644 1439 679 ἐπειδὴ
1455 644 1522 677 εἰκὸς
1537 640 1569 680 ἦν
1591 644 1700 678 αὖτοὺς
1719 644 1790 684 πρὸς
1807 647 1886 674 ταῦτα

1075 690 1172 718 εἰπεῖν·
1200 688 1253 718 Καὶ
1281 690 1336 721 πῶς
1361 689 1390 717 οὗ
1412 688 1641 726 λυπηθησόμεθα,
1661 689 1815 726 μέλλοντες
1842 701 1886 718 τοι·

1075 734 1155 769 αύτης
1177 733 1370 773 παρακλήσεως
1391 733 1437 762 καὶ
1456 733 1636 774 ψυχαγωγίας
1659 736 1712 770 τῆς
1742 733 1820 773 παρὰ
1845 736 1886 763 σοῦ

1075 781 1249 818 στερηθῆναι;
1267 778 1362 818 φησίν·
1388 780 1447 808 Οὐκ
1469 778 1543 808 ἔσται
1568 781 1673 815 τοῦτο,
1700 779 1734 808 οὗ
1752 778 1886 818 στερηθή-

1075 825 1150 852 σεσθε
1166 823 1369 861 παρακλήσεως.
1393 833 1407 851 α
1423 823 1571 863 Ἐρωτήσω
1586 834 1602 852 ι)
1632 823 1703 863 γὰρ,
1727 823 1796 861 ὅπερ
1814 823 1883 859 ἐστὶ,

1075 867 1257 906 παρακαλέσαι
1276 879 1290 896 α
1307 867 1351 897 τὸν
1369 868 1479 908 Πατέρα
1491 889 1499 904 ,
1515 867 1561 897 χαὶ
1584 868 1675 897 ἄλλον
1707 868 1884 907 Παράκλητον

1038 913 1175 956 Βπέμψει
1199 913 1275 949 ὑμῖν,
1307 923 1321 940 »
1349 913 1444 948 ἄλλον,
1474 914 1508 946 ὡς
1534 912 1592 951 ἐμέ.
1627 913 1821 953 Αἰσχυνέσθω
1850 913 1884 942 ἔν-

1077 960 1161 986 ταῧθα
1181 958 1194 986 ὁ
1215 957 1378 993 Σαϐἐλλιος,
1401 958 1416 986 ὁ
1431 957 1514 996 λέγων
1530 957 1558 987 ἓν
1587 957 1747 998 πρόσωπον
1767 958 1884 996 Πατρὶς,

1077 1002 1122 1031 καὶ
1138 1002 1213 1037 Υἱοῧ,
1229 1002 1273 1030 καὶ
1289 1001 1364 1041 ἁγίου
1379 1003 1548 1039 Πνεύματος.
1560 1002 1634 1032 Ἰδοὺ
1653 1002 1712 1042 γὰρ
1729 1002 1834 1037 ἀκούει,
1851 1002 1884 1031 ὅτι

1078 1047 1157 1076 ἄλλον
1175 1046 1350 1086 Παρᾶκλητον
1369 1046 1480 1087 πέμψει,
1503 1045 1573 1076 ὥστε
1595 1047 1668 1077 ἄλλο
1692 1047 1841 1088 πρόσωπον
1860 1046 1885 1075 τὸ

1077 1094 1125 1121 τοῦ
1136 1092 1301 1129 Πνεύματος.
1320 1092 1493 1131 Αἶσχυνὲσθω
1507 1091 1552 1121 καὶ
1567 1091 1747 1125 Μακεδόνιος
1763 1093 1778 1120 ὁ
1788 1091 1883 1130 λέγων,

1078 1135 1118 1166 ὅτι
1140 1136 1222 1172 ἄλλης
1243 1136 1332 1169 οὐσίας
1350 1136 1380 1166 τὸ
1402 1137 1531 1174 Πνεῦμα,
1556 1137 1602 1165 καὶ
1619 1136 1824 1174 ὑποδεέστερον
1844 1138 1884 1164 τοῦ

1080 1181 1155 1211 Υἲοῢ.
1174 1180 1208 1210 Ὀ
1225 1180 1273 1219 μὲν
1287 1180 1339 1221 γὰρ
1359 1182 1465 1216 ἀκούει,
1488 1181 1528 1210 ὅτι
1546 1182 1593 1211 καὶ
1611 1182 1685 1210 αὖτό
1711 1179 1885 1220 Παράκλητός

1080 1226 1163 1263 ἔστιν,
1176 1224 1267 1265 ὥσπερ
1282 1225 1327 1255 καὶ
1345 1227 1359 1254 ὁ
1382 1225 1454 1259 Υἱός.
1472 1224 1637 1263 Ὁμοούσιον
1655 1221 1705 1255 οὖν
1725 1228 1767 1266 τῷ
1858 1225 1884 1253 τὸ

1081 1271 1209 1308 Πνεῦμα·
1231 1270 1337 1304 πάντως
1356 1270 1383 1300 δὲ
1405 1270 1450 1299 καὶ
1475 1270 1579 1311 Πατρί·
1602 1273 1654 1307 τῆς
1677 1270 1735 1311 γὰρ
1752 1272 1834 1306 αὐτῆς
1849 1269 1883 1298 οὖι

1080 1315 1137 1348 σίας
1155 1314 1249 1354 Πατὴρ
1270 1315 1315 1344 καὶ
1332 1314 1404 1348 Υἱός.
1423 1314 1470 1351 Μὴ
1486 1315 1630 1355 θαυμάσῃς
1646 1315 1676 1345 δὲ
1689 1315 1716 1344 εἴ
1736 1326 1833 1356 φησιν,
1848 1314 1882 1343 ὅτι

1083 1371 1099 1387 (ι
1113 1358 1259 1398 Ἐρωτήσω
1270 1359 1312 1389 τὸν
1328 1359 1454 1399 Πατέρα·
1466 1370 1480 1388 ι)
1498 1361 1526 1388 οὗ
1541 1359 1592 1399 γὰρ
1603 1362 1642 1393 ὡς
1658 1360 1756 1393 δοῦλος
1769 1369 1883 1399 παρακα-

1079 1405 1131 1441 λεῖ,
1144 1403 1212 1433 ἀλλὰ
1225 1403 1268 1433 διὰ
1280 1403 1310 1433 τὸ
1319 1405 1519 1444 πληροφορῆσαι
1533 1405 1592 1437 τοὺς
1611 1404 1756 1442 μαθητὰς,
1769 1403 1810 1433 ὅτι
1821 1402 1882 1432 πάν-

1081 1461 1132 1482 τως
1145 1448 1315 1478 ἐπελεύσεται
1331 1449 1417 1481 αὖτοῖς
1428 1449 1458 1478 τὸ
1475 1450 1587 1485 Πνεῦμα
1604 1449 1811 1488 Παράκλητος·
1826 1446 1879 1476 τού-

1081 1505 1126 1522 του
1142 1493 1228 1522 ἕνεκεν
1251 1492 1457 1532 συγκαταϐαίνει
1471 1494 1569 1527 αὐτοῖς,
1589 1493 1637 1522 καί
1654 1505 1754 1533 φησιν,
1769 1493 1810 1522 ὅτι
1824 1493 1879 1522 Πα-

232 1545 324 1569 autem
358 1539 561 1567 credibiliorem
597 1537 699 1565 faciens
730 1545 899 1570 sermonem,
929 1537 1025 1572 inquit,

1086 1538 1223 1577 ρακαλέσω
1239 1538 1281 1567 τὸν
1299 1537 1417 1578 Πατέρα.
1431 1539 1464 1567 Εἰ
1478 1537 1529 1577 γὰρ
1544 1533 1628 1574 εἶπεν,
1644 1537 1690 1567 ὅτι
1704 1538 1826 1578 Πέμψω,
1841 1536 1880 1565 οὐχ

234 1597 246 1609 σι
263 1584 378 1620 Rogabo
393 1585 512 1612 Patrem.
529 1595 541 1607 ι
556 1584 590 1610 Et
601 1583 622 1611 si
647 1590 715 1618 opus
730 1581 811 1610 fuerit
832 1582 982 1618 patrocinio
1001 1586 1029 1610 et

233 1629 369 1663 oratione,
384 1628 512 1656 omnibus
524 1627 612 1655 modis
627 1634 741 1662 operam
753 1626 824 1654 dabo
842 1630 872 1653 ut
885 1626 972 1654 veniat
984 1634 1028 1654 su-

234 1683 283 1711 per
297 1682 345 1702 vos
360 1673 486 1708 Spiritus.
505 1672 537 1700 Id
547 1671 620 1708 quod
631 1676 657 1699 et
671 1679 722 1699 nos
735 1679 926 1707 saepenumero
939 1671 1028 1700 dicere

233 1720 372 1748 solemus:
386 1717 517 1745 Animam
532 1725 625 1745 meam
640 1724 741 1753 ponam
756 1720 787 1744 ut
799 1717 851 1743 hoc
862 1717 918 1751 liat,
932 1724 1030 1752 quam-

233 1765 274 1792 vis
290 1771 373 1800 parvo
401 1762 494 1790 labore
520 1762 682 1798 plerumque
703 1769 748 1789 res
769 1765 848 1798 egeat
873 1771 879 1788 :
906 1765 1028 1789 attamen

236 1809 357 1837 volentes
371 1806 517 1836 ostendere
537 1806 611 1843 quod
627 1814 684 1834 non
699 1806 882 1834 detreclemus
894 1806 1027 1841 studium,

234 1855 273 1883 ita
284 1854 410 1882 dicimus.
423 1854 456 1880 Et
470 1852 550 1880 aliter
567 1852 656 1887 :Quia
671 1859 721 1887 pro
735 1851 815 1879 nobis
831 1851 966 1879 Dominus
985 1859 1028 1879 se-

234 1899 383 1935 metipsum
399 1898 499 1926 obtulit
516 1897 634 1925 hostiam
657 1897 740 1931 Patri,
757 1897 864 1932 placans
888 1897 965 1924 illum
983 1905 1030 1932 per

234 1953 313 1972 suam
324 1947 443 1972 mortem
456 1947 487 1970 ut
500 1941 637 1975 Pontifex,
652 1941 750 1969 deinde
770 1942 810 1969 sic
825 1941 940 1976 Spiritus
955 1942 1031 1969 venit

234 1990 264 2017 iu
275 1997 337 2022 nos,
353 1992 446 2023 utpote
459 1991 569 2023 peccato
581 1987 683 2019 soluto,
695 1991 721 2013 et
735 1986 885 2013 inimicitiis
894 1986 1010 2014 sublatis
1022 1995 1030 2015 :

235 2038 380 2069 propterea
400 2032 477 2066 dicit,
496 2043 507 2055 α
536 2030 652 2067 Rogabo
675 2031 794 2064 Patrem,
817 2035 845 2057 et
859 2030 1030 2058 Paracletum

236 2076 310 2105 dabit
324 2076 411 2109 vobis.
428 2087 441 2100 ιι
460 2075 514 2104 hoc
527 2079 578 2109 est,
591 2074 704 2110 placabo
717 2074 794 2102 vobis
808 2075 931 2108 Patrem,
947 2079 975 2102 et
986 2083 1031 2102 rc-

236 2121 384 2149 conciliabo
398 2120 474 2148 illum
488 2119 576 2153 vobis,
592 2119 637 2155 qui
648 2123 760 2154 propter
777 2123 918 2155 peccatum
929 2119 1032 2155 inimici

236 2166 334 2197 eratis:
351 2169 380 2193 et
392 2165 485 2193 mittet
495 2163 572 2192 vobis
590 2153 730 2199 Spiritum.
747 2153 796 2199 per
814 2172 903 2192 meam
919 2172 970 2201 pro
986 2153 1032 2193 vi)-

236 2210 278 2239 bis
298 2213 417 2238 mortem
433 2210 566 2246 placatus,
585 2213 613 2237 et
635 2208 827 2237 reconciliatus
841 2209 927 2238 vobis.
953 2211 1034 2246 Quod

236 2260 328 2284 autem
347 2255 425 2290 dicit,
450 2265 463 2279 -
477 2255 517 2283 Ut
538 2258 651 2282 maneat
663 2253 804 2281 vobiscum
816 2254 843 2281 in
856 2259 1002 2290 aeternum,
1018 2268 1031 2281 ια

236 2300 307 2328 dixit
320 2301 467 2328 consolans
478 2307 534 2327 eos.
549 2300 611 2327 Non
625 2298 698 2326 enim
712 2298 760 2333 ita,
774 2299 875 2335 inquit,
891 2304 1034 2336 tempora-

236 2345 278 2373 ria
305 2345 356 2373 erit
381 2344 440 2381 ejus
462 2343 632 2372 consuetudo
654 2343 808 2378 vobiscum,
833 2347 864 2371 ut
890 2352 962 2378 mea,
987 2345 1034 2374 sed

236 2397 323 2425 usque
339 2389 368 2417 in
380 2393 516 2418 aeternum
528 2389 640 2417 durabit
661 2398 668 2416 ε
686 2396 774 2423 neque
789 2388 897 2417 deﬁciet
908 2397 972 2417 cum
987 2398 1034 2418 vos

237 2434 340 2462 mortui
363 2434 480 2468 fueritis,
506 2434 554 2462 sed
573 2433 657 2462 simul
681 2433 862 2469 permanebit,
881 2437 909 2462 et
930 2434 1034 2470 glorio-

238 2479 324 2507 siores
357 2479 454 2507 reddet
487 2489 494 2507 :
520 2483 651 2507 cancrum
683 2486 748 2506 cum
770 2478 899 2506 omnibus
934 2479 1034 2507 sanctis

238 2531 346 2559 semper
360 2528 402 2552 est
428 2533 435 2552 :
451 2527 478 2552 et
492 2528 555 2559 post
567 2531 665 2552 eorum
695 2527 829 2558 mortem,
869 2527 946 2551 tanto
985 2532 1033 2560 po-

237 2570 292 2599 tius
331 2573 434 2606 quanto
474 2569 578 2597 scilicet
614 2568 791 2597 sublimiores
824 2572 890 2596 tunc
934 2576 1032 2604 corpo-

237 2615 340 2644 ralibus
364 2614 565 2643 affectionibus.
603 2625 615 2638 «ι
649 2613 781 2649 Spiritum
809 2617 902 2641 autem
932 2614 1033 2642 verita-

236 2660 280 2694 tis,
309 2671 323 2685 1
351 2660 450 2696 inquit,
478 2659 532 2687 hoc
564 2663 615 2693 est,
650 2658 784 2694 Spiritum
828 2665 886 2685 non
927 2658 1034 2686 Veteris

236 2705 405 2734 Testamenti
451 2703 526 2739 (nam
565 2703 609 2732 illa
645 2703 732 2739 ﬁgura
777 2706 819 2731 est
855 2706 883 2731 et
927 2703 1033 2739 umbra)

235 2750 284 2780 sed
308 2750 388 2785 Novi,
410 2749 485 2786 quod
514 2752 556 2778 est
596 2748 703 2776 veritas.
730 2747 875 2776 Habebant
900 2747 984 2784 igitur
1009 2752 1036 2776 ct

235 2796 274 2824 illi
295 2795 343 2832 qui
358 2795 387 2823 in
408 2795 477 2831 lege,
493 2794 635 2830 Spiritum,
658 2793 707 2821 sed
728 2792 758 2820 in
775 2793 862 2829 ﬁgura
877 2796 905 2820 et
919 2792 1034 2821 umbro-

236 2849 308 2874 sum,
328 2848 401 2870 nunc
426 2839 534 2870 Veritas
555 2839 614 2876 ipsa
635 2837 851 2867 substantialiter
872 2837 946 2866 venit
970 2845 1034 2865 cum

1083 1581 1114 1611 ἂν
1135 1581 1216 1615 οὕτως
1236 1583 1409 1612 ἐπίστευσαν
1437 1585 1483 1611 νῖν
1506 1583 1533 1611 δὲ
1549 1582 1710 1616 ἀξιόπιστον
1735 1583 1819 1611 ποιῶν
1840 1580 1878 1609 τὸν

1082 1626 1173 1666 λόγον,
1193 1626 1284 1666 φησὶν,
1310 1626 1350 1655 ὅτι
1375 1637 1390 1655 ιι
1410 1625 1557 1666 Ἐρωτήσω
1573 1626 1616 1656 τὸν
1644 1627 1778 1667 Πατέρα.
1796 1636 1810 1655 D
1830 1624 1879 1656 Κᾶν

1081 1671 1132 1710 γὰρ
1160 1671 1241 1711 χρεία
1267 1670 1391 1710 γένηται,
1416 1670 1498 1711 φησὶ,
1521 1671 1726 1710 παρακλήσεως
1753 1671 1797 1700 καὶ
1813 1668 1878 1703 ἀξιώ-

1083 1727 1162 1752 σεως,
1182 1715 1269 1745 πάντα
1285 1716 1380 1756 τρόπον
1395 1715 1556 1753 σπουδάσω,
1578 1714 1622 1743 ἵνα
1644 1717 1752 1757 ἐπέλθῃ
1776 1715 1834 1753 ὑμῖν
1854 1712 1878 1742 τὸ

1085 1761 1210 1798 Πνεῦμα’
1225 1759 1289 1800 ὅπερ
1310 1760 1356 1789 καὶ
1378 1762 1455 1799 ἡμεῖς
1475 1759 1605 1798 εἰώθαμεν
1619 1761 1758 1794 πολλάκις
1783 1759 1876 1798 λέγειν,

1083 1805 1123 1834 ὅτι
1142 1806 1199 1840 Τὴν
1214 1806 1302 1846 ψυχήν
1318 1817 1368 1843 μου
1383 1807 1466 1840 θήσω,
1481 1803 1524 1833 iva
1539 1804 1597 1834 τόδε
1613 1806 1744 1844 γένηται·
1759 1804 1878 1841 καίτοιγε

1082 1850 1172 1889 ὀλίγης
1189 1851 1304 1886 σπουδῆς
1320 1850 1448 1883 πολλάκις
1466 1849 1561 1889 χρῄζει
1577 1849 1607 1878 τὸ
1628 1849 1727 1890 ἔργον
1743 1848 1803 1879 ἀλλ’
1816 1846 1878 1885 ὅμως

1083 1895 1166 1928 δεῖξαι
1187 1895 1305 1928 θέλοντες
1321 1896 1356 1928 ὥς
1381 1896 1410 1924 οὖ
1429 1894 1658 1934 παραιτησόμεθα
1682 1893 1733 1930 τὴν
1756 1891 1878 1929 σπουδὴν,

1084 1939 1153 1969 οὕτω
1165 1939 1287 1978 λέγομεν.
1309 1936 1410 1972 Ἄλλως
1425 1950 1469 1968 τε·
1493 1938 1572 1969 Ἐπεὶ
1589 1940 1659 1979 ὑπὲρ
1678 1940 1758 1974 ἡπῶν
1775 1937 1877 1973 ἀνήνεγ-

1085 1995 1129 2013 κεν
1146 1984 1238 2013 ἑαυτὸν
1254 1983 1344 2013 ουσίαν
1361 1985 1374 2012 ὃ
1392 1983 1488 2022 Κύριος
1509 1985 1546 2023 τῷ
1563 1983 1654 2023 Πατρὶ
1664 2005 1674 2020 ,
1699 1981 1878 2023 ἐξιλασάμενος

1086 2027 1166 2057 αὐτὸν
1189 2027 1232 2057 διὰ
1255 2031 1300 2056 τοῦ
1329 2027 1425 2057 οἰκείου
1453 2027 1565 2057 θανάτου
1594 2029 1629 2061 ὥς
1654 2026 1811 2068 ἀρχιερεὺς,
1833 2019 1876 2053 εἶθ’

1086 2072 1154 2101 οὕτω
1180 2071 1210 2102 τὸ
1235 2073 1346 2111 Πνεῦμα
1377 2073 1488 2108 ἐπῆλθεν
1513 2074 1593 2110 ἡμῖν,
1618 2074 1656 2106 ὡς
1679 2075 1728 2107 τῆς
1755 2068 1878 2109 ἁμαρτίας

1086 2116 1227 2154 λυθείσης,
1251 2110 1371 2152 καὶτῆς
1396 2117 1490 2156 ἔχθρας
1515 2117 1716 2156 ἀναιρεθείσης⁶
1741 2115 1785 2145 διὰ
1810 2110 1876 2143 τοῦτό

1088 2173 1178 2201 φησιν,
1195 2161 1235 2191 ὅτι
1260 2173 1275 2190 α
1292 2155 1505 2201 Ἐρωτήσωτὸν
1521 2160 1643 2200 Πατέρα,
1660 2161 1708 2190 καὶ
1725 2160 1769 2190 τὸν
1792 2155 1875 2196 Παρά-

1090 2207 1186 2243 κλητον
1209 2206 1289 2235 δώσει
1311 2208 1385 2244 ὑμῖν
1409 2217 1424 2235 )›
1453 2206 1602 2242 τουτέστιν,
1624 2205 1804 2242 Ἐξιλοίσομαι
1818 2200 1875 2238 ὑπὲρ

1088 2252 1161 2289 ὑμῶν
1181 2250 1225 2280 τὸν
1246 2251 1376 2291 Πατέρα,
1403 2250 1449 2280 καὶ
1471 2250 1686 2285 ἀποκαταλλάξω
1703 2253 1795 2279 τοῦτον
1820 2248 1874 2283 ὑμῖν

1087 2297 1140 2330 τοῖς
1156 2297 1213 2336 ὲδιὰ
1239 2295 1286 2332 τὴν
1311 2295 1443 2335 ἁμαρτίαν
1471 2297 1583 2335 ἐχθροῖς,
1607 2295 1655 2324 καὶ
1680 2290 1756 2327 οὗτος
1783 2291 1873 2330 πέμψει

1088 2342 1148 2378 ὑμῖν
1162 2341 1192 2370 τὸ
1206 2342 1334 2380 Πνεῦμα,
1355 2340 1497 2374 ἔξιλασθεὶς
1512 2339 1556 2369 διὰ
1570 2342 1615 2369 τοῦ
1637 2341 1704 2377 ἐμοῦ
1720 2337 1785 2376 ὑπὲρ
1806 2335 1871 2380 ὑμῶν

1088 2386 1216 2424 θανάτου,
1235 2378 1285 2415 xui
1304 2385 1478 2423 καταλλαγεὶς
1493 2385 1565 2424 ὑμῖν.
1583 2384 1623 2415 Τὸ
1643 2384 1692 2421 δὲ,
1713 2382 1798 2413 «Ἵνα
1813 2378 1871 2418 μένῃ

1089 2432 1145 2469 μεθ’
1160 2432 1234 2470 ὑμῶν
1257 2431 1293 2464 εἷς
1305 2430 1350 2459 τὸν
1368 2431 1462 2468 αἰῶνα,
1475 2440 1490 2458 ι)
1510 2425 1596 2466 εἶπεν,
1613 2429 1670 2468 ἅμα
1690 2427 1737 2467 μὲν
1753 2434 1869 2470 παραμνς

1088 2465 1211 2511 θοῦμενος
1241 2474 1343 2508 αὐτούς.
1369 2475 1408 2504 Οὖ
1433 2465 1484 2515 γθιρ
1502 2465 1592 2512 οὕτω,
1614 2465 1699 2514 pinei,
1722 2465 1871 2515 πρόσκαιρος

1089 2521 1158 2550 ἐστιν
1183 2522 1200 2556 ἡ
1223 2520 1303 2549 αὐτοῦ
1322 2513 1453 2559 παρουσία
1463 2513 1476 2556 ,’
1497 2521 1532 2552 ὡς
1547 2521 1564 2556 ἡ
1590 2513 1652 2557 ἐμὴ,
1677 2515 1812 2555 ἄλλ’ἅχρι
1828 2513 1868 2559 τνῧ

1090 2566 1183 2598 αἰῶνος
1198 2564 1346 2604 διαρκέσει·
1367 2564 1414 2594 καὶ
1436 2564 1494 2593 οὐδὲ
1517 2563 1646 2593 θανόντων
1669 2563 1742 2600 ὖμῶν
1758 2554 1869 2604 ἀποστή-

1090 2621 1182 2646 σεται,
1195 2609 1263 2639 ἀλλὰ
1277 2612 1492 2648 συμπαραμενεῖ,
1508 2608 1555 2638 καὶ
1567 2607 1745 2647 ἐνδοξοτέρους
1759 2601 1867 2648 uariat"

1089 2654 1134 2684 καὶ
1149 2659 1216 2684 πᾶσι
1231 2654 1259 2683 δὲ
1270 2657 1324 2687 τοῖς
1337 2653 1419 2692 ἁγίοις
1433 2653 1475 2682 ἀεὶ
1490 2653 1608 2690 σύνεστι,
1624 2653 1668 2682 καὶ
1684 2652 1788 2682 θανοῦσι
1802 2645 1867 2692 μᾶλ“

1088 2700 1145 2736 λον,
1161 2699 1215 2739 ὅσῳ
1229 2697 1275 2728 καὶ
1290 2689 1448 2737 σωματικῶν
1464 2700 1555 2728 παθῶν
1567 2689 1723 2739 ὓψηλότεροι
1733 2694 1790 2740 16::
1803 2689 1865 2740 μξλς

1088 2745 1144 2775 λον.
1166 2755 1180 2773 (ι
1196 2745 1307 2782 Πνεῦμα
1318 2743 1345 2772 δὲ
1358 2742 1479 2779 ἀληθείας
1491 2753 1506 2771 ι)
1523 2743 1612 2782 φησὶν,
1627 2742 1684 2771 ἀντὶ
1695 2741 1751 2778 τοῦ,
1765 2736 1864 2785 Πνεῦμξὶ

1089 2789 1158 2818 ἐστιν
1187 2789 1216 2818 οὗ
1238 2790 1286 2824 τῆς
1316 2789 1439 2821 Παλαιᾶς
1464 2786 1598 2824 Διαθήχης
1623 2785 1723 2826 (ἐκείνη
1746 2782 1864 2826 γὰρεγτύ·

1089 2845 1137 2868 πος
1160 2832 1205 2863 καὶ
1221 2832 1310 2874 σκια),
1327 2832 1395 2863 ἀλλὰ
1410 2833 1458 2869 τῆς
1482 2831 1570 2871 Νέας,
1587 2823 1646 2868 ἥτις
1665 2829 1734 2861 ἐστὶν
1756 2823 1862 2860 ἀλήθεια·
