1922 3077
42 172 97 200 181

466 172 662 201 ENARBATIO
684 172 717 199 IN
737 168 952 199 EVANGELIUM
970 169 1118 197 JOANNIS.
1138 183 1174 190 —
1192 170 1267 197 CAP.
1287 170 1352 197 XIV.

1659 169 1709 198 182

40 230 147 275 Εἶχον
161 235 214 276 ’μὲν
230 231 276 266 οἷν
295 237 404 275 Πνεῦμα
427 236 473 266 καὶ
489 236 513 265 οἱ
539 237 566 265 ἕν
587 236 625 275 τῷ
652 235 725 275 νόμῳ
750 234 808 263 ἀλλ’
831 234 856 262 ἓν

914 231 1064 267 discipulis,
1086 236 1117 260 ut
1130 232 1166 260 ita
1188 232 1250 268 quis
1273 232 1354 260 dicat.
1369 233 1410 260 Ne
1423 236 1516 260 autem
1535 233 1596 269 quis
1610 233 1709 269 opine-

38 280 136 322 τύπῳ
157 282 204 311 καὶ
220 282 354 315 σκιωδῶς’
367 284 413 310 νῦν
429 280 455 310 δὲ
478 283 494 316 ἡ
514 280 623 315 ἀλήθεια
640 279 706 315 αὑτὴ
723 279 856 311 οὖσιωδῶς

39 328 229 364 συγκατῆλθε
245 331 299 360 τοῖς
320 328 470 364 μαθηταῖς,
486 327 520 358 ὡς
546 325 576 354 ἂν
601 324 669 354 εἴποι
687 336 735 357 τις.
752 323 812 354 Ἵνα
833 322 859 352 δὲ

40 370 89 407 μή
125 371 288 408 νομίσωσιν,
315 371 357 400 ὅτι
388 370 434 400 καὶ
459 369 525 399 αὐτὸ
554 371 724 410 σαρχωθῆναι
749 369 859 406 μέλλει,

39 414 152 456 ὥσπερ
167 416 256 451 αὐτὸς,
271 415 360 456 φησὶν,
372 415 413 444 ὅτι
436 426 450 444 α
468 415 502 445 Ὀ
516 414 614 453 κόσμος
634 415 664 444 οὗ
684 414 796 443 δύναται
807 414 859 442 λα-

41 459 111 489 ϐεῖν
129 460 205 490 αὐτό.
223 471 238 488 n
257 461 319 500 Οὐχ
339 459 419 496 οὕτω,
441 459 525 499 φησὶ,
543 459 643 493 διδάξει
664 461 752 496 ὑμᾶς,
768 456 859 496 ὥσπερ

41 505 126 543 ἐγώ·
151 505 182 534 οὐ
197 504 250 545 γὰρ
265 506 374 534 δύναται
397 504 461 533 αὐτὸ
481 506 495 533 ὃ
514 503 612 541 κόσμος
630 503 722 532 λαϐεῖν
739 513 859 540 σωματι-

41 551 125 583 ιῶς-
148 549 304 585 τουτέστιν,
330 549 378 580 Ἑν
401 550 492 582 αὑταῖς
517 548 619 584 οἰχήσει
643 549 699 582 ταῖς
721 546 860 586 ὑμετέραις

42 596 172 634 ψυχαῖς.
191 595 246 625 Καὶ
260 594 348 627 ἄλλως
360 595 404 623 δέ·
420 595 461 623 Οὐ
479 594 587 623 δύναται
609 593 701 622 λαϐεῖν
719 594 732 621 ὁ
746 591 859 630 κόσμος,

42 639 211 675 τουτέστιν,
227 641 241 668 ὃ
256 639 364 679 χυδαῖος
378 638 452 674 λαὸς,
464 638 510 667 καὶ
523 638 556 668 τὰ
571 640 616 667 τοῦ
630 638 731 676 κόσμου
745 638 857 677 φρονῶν,

49 695 67 712 ιι
93 683 143 713 ὅτι
169 685 201 713 οὖ
217 687 309 723 Θεωρεί
335 683 414 719 αὐτὸ,
438 683 583 719 τουτέστιν,
604 682 645 712 ὅτι
670 682 860 717 ἆχατοίληπτος

45 729 143 758 αὐτοῦ
165 729 237 758 ἐστιν
254 731 271 764 ἡ
291 728 382 757 οὐσία·
409 729 521 768 θεωρίαν
540 727 591 767 γὰρ
611 729 724 757 ἐνταῦθα
750 726 799 761 τὴν
816 725 860 755 διὰ

44 776 104 803 τοῦ
124 773 185 806 νοὸς
205 774 287 811 λέγει.
302 771 385 803 ’Ὅθεν
401 773 446 802 καὶ
471 773 601 812 ἐπιφέρει·
619 783 634 801 (
649 771 720 801 Οὐδὲ
737 770 860 810 γινώσκει

45 817 135 848 αὐτό.
152 829 167 846 n
188 817 279 858 Ὁρᾷς,
295 817 336 847 ὅτι
351 817 396 846 καὶ
412 818 457 853 τὸ,
481 818 546 846 ειοὖ
563 820 655 857 θεωρεῖ
669 827 683 845 n
706 815 798 858 εἴκων,
813 815 860 852 τὸ,

51 874 68 890 u
95 864 130 892 οὐ
146 856 290 901 γινώσκει,
308 873 322 891 n
349 862 482 899 ἐδήλωσες
509 863 714 900 Παραμυθεῖται
731 856 776 890 οὖν
798 860 857 894 τοὺς

45 908 226 940 ἀποστόλους
240 907 282 936 διὰ
295 909 340 936 τοῦ
356 907 450 942 εἰπεῖν,
467 906 508 936 ὅτι
522 917 537 935 ί(
549 905 584 936 ’0
595 907 694 944 κόσμος
707 906 736 935 οὗ
748 905 856 935 δύναται
872 918 898 952 Β

45 951 153 981 λαϐεῖν
169 952 248 980 αὐτό·
267 962 282 980 n
307 953 369 989 ὑμῖν
393 950 420 980 δὲ
439 954 516 981 τοῦτο
532 950 632 980 δίδοται
654 952 736 990 δῶρον
754 949 858 989 ἐξαίρε-

46 1007 113 1031 τον,
132 995 181 1026 καὶ
206 1006 221 1024 (ί
243 996 315 1033 μένει
336 995 401 1036 παρ’
417 995 493 1032 ὑμῖν·
520 1006 535 1024 n
555 990 613 1024 εἶτα
638 995 669 1025 τὸ
684 996 791 1032 μεῖζον,
818 994 858 1024 ὅτι

53 1052 70 1070 ι(
97 1040 159 1071 Καὶ
174 1041 200 1069 ἐν
215 1041 278 1078 ὑμῖν
290 1039 375 1070 ἔσται.
390 1051 404 1068 n
424 1040 464 1070 Τὸ
480 1039 527 1079 μὲν
542 1039 611 1080 γὰρ,
631 1051 646 1069 σ
663 1039 736 1078 Παρ’
746 1042 824 1078 ὑμῖν,
840 1050 854 1068 n

45 1086 105 1121 τὴν
125 1084 224 1119 ἔξωθεν
246 1085 275 1114 ἐκ
290 1087 334 1114 τοῦ
350 1083 474 1124 σύνεγγυς
496 1084 627 1124 βωήθιιαν
651 1085 743 1120 δηλοῖ’
761 1084 792 1113 τὸ
808 1083 835 1113 δὲ
849 1105 857 1120 ,

94 1129 104 1140 ν
121 1131 132 1136 ⁵
167 1131 176 1141 Ι
205 1133 214 1138 -
637 1128 644 1139 ‘
666 1130 677 1138 Ν
721 1128 727 1139 Ῑ
825 1139 833 1146 .

49 1140 67 1159 α
106 1131 149 1160 LV
165 1141 245 1168 υμιν,
260 1140 274 1158 ν
293 1129 342 1166 τὴν
358 1129 460 1159 ἔνδοθεν
475 1128 577 1164 οἴκησιν
601 1140 647 1158 χαι
663 1138 816 1166 ουναμωσιν
845 1127 859 1157 8

47 1173 101 1204 καὶ
112 1176 165 1204 τοῦ
179 1173 250 1205 Θεὸν
266 1168 350 1210 εἶναι,
367 1173 506 1204 δεικτιχόν.
523 1173 562 1204 Τὸ
574 1173 641 1213 γὰρ,
655 1184 670 1202 ν
691 1172 858 1209 Ἐνοικήσω,

47 1220 102 1249 καὶ
128 1218 342 1259 ἐμπεριπατήσω
365 1219 447 1256 ὑμῖν,
469 1230 485 1246 ι
503 1220 516 1248 ὁ
531 1218 601 1251 Θεὸς
625 1217 707 1257 λέγει.
730 1229 745 1247 α
760 1217 794 1248 Ὁ
811 1217 859 1256 μὲν

47 1259 99 1294 οὖν
128 1264 231 1302 κόσμος
251 1263 281 1293 οὐ
305 1264 415 1293 δύναται
433 1263 526 1293 λαϐεῖν
549 1263 580 1293 τὸ
605 1264 734 1302 Πνεῦμα,
761 1262 802 1292 δτι
829 1263 858 1291 οὖ

48 1307 187 1348 γινώσκει
207 1308 284 1346 αὐτὸ,
309 1309 383 1346 ὑμεῖς
404 1308 431 1337 δὲ
450 1308 594 1347 γινώσκετε
621 1308 693 1338 αὑτό.
721 1319 737 1337 σ
761 1307 857 1344 Διατί;

49 1354 135 1383 Διότι
145 1355 194 1382 οὐχ
210 1354 268 1382 ἐστὶ
283 1354 312 1382 εχ
323 1355 368 1382 τοῦ
383 1352 497 1391 κόσμου·
520 1363 535 1382 υ
554 1352 600 1382 καὶ
616 1353 660 1382 διὰ
676 1356 751 1383 τοῦτο
767 1353 856 1382 δεκτι-

51 1398 98 1427 κοί
125 1399 188 1427 ἐστε
210 1398 300 1428 αὐτοῦ.
319 1398 372 1428 Καὶ
401 1409 415 1426 (ι
434 1398 506 1436 μένει
526 1408 541 1426 ι)
567 1401 612 1427 ν’ὖν
633 1398 726 1438 «παρ’
742 1399 815 1436 ὑμῖν,
838 1407 853 1427 )›

52 1443 131 1473 ἀλλὰ
153 1453 169 1471 α
184 1443 229 1472 καὶ
243 1442 319 1472 ἔσται
333 1453 348 1471 ι)
366 1442 407 1472 ἀεὶ
427 1453 441 1471 α
454 1443 479 1471 ἐν
496 1442 569 1481 ὑμῖν.
582 1453 598 1471 ι)

101 1498 119 1516 ι
141 1487 203 1517 Οὐχ
218 1486 313 1527 ἀφήσω
332 1488 398 1524 ὑμᾶς
415 1487 553 1527 ὀρφανούς·
569 1487 683 1527 ἔρχομαι
697 1487 761 1526 πρὸς
781 1488 858 1524 ὑμᾶς.

53 1531 125 1563 Ἔτι
145 1531 252 1572 μικρὸν,
272 1531 317 1561 καὶ
337 1533 350 1561 ὁ
369 1531 466 1570 κόσμος
479 1544 513 1570 με
528 1532 576 1561 οὐκ
591 1533 630 1561 ἔτι
651 1532 760 1570 θεωρεῖ·
784 1531 858 1568 ὑμεῖς

53 1577 83 1606 δὲ
103 1577 230 1616 θεωρεῖτέ
253 1588 299 1615 με,
323 1576 363 1606 ὅτι
379 1576 431 1615 ἐγὼ
445 1578 496 1611 ζῶ·
511 1577 557 1606 καὶ
577 1577 651 1614 ὑμεῖς
673 1577 795 1612 ζήσεσθε.
812 1575 858 1605 Ἐν

54 1622 149 1661 ἐκείνῃ
237 1621 327 1662 ἡμέρᾳ
354 1621 487 1660 γνώσεσθε
508 1621 600 1660 ὑμεῖς,
625 1620 666 1650 ὅτι
692 1621 744 1660 ἐγὼ
768 1622 795 1650 ἐν
819 1622 858 1660 τῷ

53 1665 150 1706 Πατρί
166 1677 228 1703 μου1
251 1666 296 1694 καὶ
318 1665 392 1704 ὑμεῖς
407 1667 432 1706 ἐν
457 1666 516 1704 ἐμοὶ
538 1665 615 1706 κάγὼ
631 1667 658 1695 ἐν
675 1668 749 1704 ὑμῖν.
768 1677 782 1694 ι)
810 1665 857 1701 Μὴ

54 1705 205 1750 φοϐἡθῆτε,
230 1711 318 1750 φησὶν,
350 1710 391 1739 δτι
407 1705 480 1740 εἶπον
502 1712 564 1748 ὑμῖν
578 1733 585 1746 ,
605 1722 620 1738 α
645 1708 741 1740 ’Άλλον
764 1711 857 1750 Παρά-

55 1757 158 1792 κλητον
181 1755 293 1795 πέμψω,
312 1767 327 1783 υ
345 1755 509 1792 νομίζοντες,
525 1756 565 1784 ὅτι
582 1756 629 1785 οὐχ
651 1755 689 1785 ἔτι
705 1757 794 1785 λοιπὸν
811 1755 857 1793 ἐμὲ

55 1801 168 1841 ὄψεσθε·
181 1802 211 1830 οὐ
221 1800 273 1839 γὰρ
287 1800 510 1837 ἐπαναστήσομαι
525 1802 598 1837 ὑμῶν
610 1801 646 1833 εἰς
662 1800 743 1833 τέλος.
766 1811 779 1828 (ι
795 1799 860 1840 Ἐρ-

56 1856 146 1885 χομαι
160 1855 176 1873 ι)
205 1845 276 1883 γὰρ,
299 1844 344 1874 καὶ
364 1855 379 1873 α
400 1846 448 1873 οὐκ
469 1845 564 1885 ἀφήσω
593 1847 662 1882 ὑμᾶς
685 1844 823 1884 ὀρφανούς.
841 1857 856 1873 ιι

59 1890 140 1920 Ἐπεὶ
154 1890 316 1929 ἀρχόμενος,
335 1900 350 1918 α
363 1889 462 1920 Τεκνία
477 1900 492 1918 ι)
515 1889 608 1922 αὖτοὺς
622 1889 709 1928 ἔλεγεν
722 1913 729 1925 ,
748 1889 859 1919 ἀκολού-

60 1938 111 1968 θως
126 1938 170 1964 νῦν
188 1946 284 1974 φησιν’
302 1946 317 1962 α
338 1935 397 1964 Οὖιι
416 1934 510 1974 ἀφήσω
525 1936 593 1973 ὑμᾶς
609 1935 745 1975 ὀρφανούς,
766 1946 780 1963 )›
799 1933 859 1964 Ἴνα

59 1980 86 2009 δὲ
103 1982 143 2018 μὴ
157 1979 316 2017 νομίσωσιν,
328 1978 368 2008 ὅτι
380 1981 414 2012 ὡς
427 1981 554 2020 πρότερον
566 2003 573 2014 ,
589 1980 679 2018 μέλλει
695 1981 860 2017 ἐμφανισθῆ-

59 2037 103 2054 ναι
119 2024 167 2053 καὶ
185 2025 272 2057 αὐτοῖς
291 2024 339 2053 καὶ
360 2029 425 2053 πᾶσι
440 2025 508 2061 μετὰ
533 2024 677 2062 σώματος,
694 2025 773 2065 φησὶν
785 2047 794 2063 ,
819 2025 859 2054 ὅτι

63 2080 79 2099 σ
100 2069 138 2099 ⁸0
154 2068 253 2107 κόσμος
264 2070 310 2098 οὐκ
326 2068 365 2098 ἔτι
387 2071 479 2108 θεωρεῖ
502 2081 546 2107 με.
559 2080 574 2098 n
593 2069 686 2108 Ὑμεῖς
707 2069 768 2109 γὰρ,
781 2070 858 2108 φησὶ,

60 2113 137 2151 μόνοι
160 2113 257 2153 ὄψεσθέ
279 2125 312 2151 με
338 2114 382 2143 καὶ
407 2113 473 2150 μετὰ
489 2114 538 2148 τὴν
560 2114 715 2144 ἀνάστασιν.
737 2126 752 2143 σ
774 2116 819 2144 Ζῶ
845 2128 858 2144 υ

60 2159 123 2198 γὰρ,
136 2160 160 2188 εἷ
178 2158 223 2187 καὶ
238 2158 351 2187 Θάνατον
372 2158 500 2196 δέξομαι,
515 2159 561 2188 καὶ
588 2159 746 2197 ἀνίσταμαι.
765 2170 780 2188 (
806 2160 859 2189 Καὶ

62 2204 136 2241 ὑμεῖς
158 2203 186 2232 δὲ
209 2202 336 2244 ζήσεσθε·
355 2213 371 2231 ι)
397 2204 548 2240 τουτέστιν,
576 2203 687 2237 Ἰδόντες
709 2216 743 2242 με
769 2204 854 2244 χαρή-

61 2251 151 2284 σεσθε,
170 2248 217 2277 xai
240 2243 293 2276 οἷον
308 2249 548 2287 ἀπονεκρωϐέντες,
565 2248 728 2278 άναϐιώσετε
749 2252 781 2288 τῇ
806 2251 857 2289 ἐμῇ

62 2293 207 2333 ἓμῳανείᾳ.
237 2291 275 2322 Ἢ
299 2292 345 2321 καὶ
371 2292 466 2326 οὕτως·
491 2292 614 2332 θΩσπερ,
641 2294 729 2334 ιφησὶν,
759 2296 773 2323 ὁ
799 2294 861 2332 ἐμὸς

62 2337 175 2370 θάνατος
197 2338 232 2370 εἰς
252 2336 321 2372 ζωὴν
347 2337 469 2376 γέγονεν,
497 2337 567 2367 οὕτω
586 2337 636 2367 κᾶν
660 2338 734 2376 ὑμεῖς
757 2339 858 2369 ἀποθά-

63 2393 137 2418 νητε,
165 2393 180 2408 ιι
205 2382 327 2417 ζήσεσθε.
347 2393 361 2410 ι)
387 2382 433 2417 Μὴ
450 2382 534 2412 τοίνυν
559 2383 627 2420 μήτε
653 2383 694 2411 ἐπ’
718 2384 776 2420 ἐμοὶ
797 2383 860 2419 θνή-

64 2438 157 2456 σκοντι
173 2427 317 2463 λυπεῖσθε,
341 2426 409 2465 μήτε
424 2427 465 2466 ἐφ’
482 2429 594 2460 ἑαυτοῖς,
615 2426 673 2458 Κᾶν
692 2427 745 2467 γὰρ
757 2427 860 2464 θοίνητε,

63 2471 176 2507 ζήσεσθε
201 2471 249 2506 τὴν
283 2471 432 2508 μέλλουσαν
467 2472 547 2507 ζωήν,
583 2483 598 2500 υ
626 2471 673 2502 Ἐν
709 2473 796 2513 ἐκείνῃ
825 2475 859 2513 τῇ

63 2516 154 2558 ἡμέρᾳ
168 2516 300 2555 γνώσεσθε
310 2538 318 2551 ,
333 2516 374 2545 ὅτι
388 2515 440 2554 ἐγὼ
455 2517 481 2545 ἐν
504 2518 542 2556 τῷ
565 2517 653 2557 "arpi
678 2529 744 2555 μου·
766 2529 780 2546 ι)
800 2530 860 2547 του-

64 2561 164 2597 τέστιν,
186 2560 274 2590 Ὅταν
299 2561 418 2600 ἀναστῶ,
443 2572 458 2589 a
482 2561 629 2600 γνώσεσθε,
646 2573 660 2590 ι)
683 2562 722 2591 ὅτι
746 2564 793 2592 οὐχ
812 2564 862 2592 οἷπ-

64 2606 194 2646 έσχισμαι
213 2608 259 2635 τοῦ
282 2606 407 2645 Πατρὸς,
425 2606 494 2635 ἀλλὰ
508 2606 557 2642 τὴν
573 2607 655 2642 αὐτὴν
669 2606 724 2646 ἔχω
739 2608 860 2646 δύναμιν.

69 2661 84 2679 (ι
104 2650 162 2681 Καὶ
175 2651 250 2688 ὑμεῖς
267 2651 292 2679 ἓν
305 2650 366 2689 ἐμοί
381 2651 440 2680 ἐστε
452 2673 460 2685 ,
477 2661 491 2679 ι)
512 2651 706 2691 φυλαττόμενοι
720 2654 764 2681 ὑπ’
782 2653 846 2689 ἐμοῦ
856 2665 863 2671 ·

69 2705 84 2724 a
104 2694 192 2734 Κάγὼ
206 2695 233 2724 ἐν
249 2697 321 2733 ὑμῖν,
341 2706 356 2724 ι)
381 2694 439 2724 ἀντὶ
454 2697 517 2731 τοῦ,
541 2697 608 2725 Μεθ’
623 2698 696 2734 ὑμῶν
711 2698 776 2735 εἶμι,
795 2697 864 2732 ἐξαι-

67 2740 191 2780 ρούμενος
213 2741 264 2769 τῶν
280 2740 412 2780 θλίψεων,
434 2739 470 2769 τὰ
483 2740 609 2779 θαύματα
622 2741 654 2770 δι’
669 2743 744 2781 ὑμῶν
768 2743 863 2782 τελῶν,

101 2831 124 2850 ⁶¹
138 2831 164 2860 ll
175 2831 240 2860 Cor.
256 2839 300 2865 Vl,
318 2833 367 2866 16;
380 2831 471 2860 Levit.
486 2839 552 2866 xvr,
570 2835 614 2860 I2.

915 281 960 304 tur
975 277 1049 312 quod
1063 277 1146 305 etiam
1159 277 1276 313 Spiritus
1290 277 1362 304 sicut
1384 277 1442 312 ipse
1462 277 1645 305 incarnaudus
1662 278 1708 312 sit.

914 322 1013 357 inquit,
1031 334 1043 346 ι
1061 323 1150 358 Quem
1170 321 1288 349 mundus
1303 330 1357 349 non
1372 326 1463 357 potest
1483 329 1588 357 capere.
1607 334 1618 346 ν
1631 323 1706 356 Non,

915 366 1011 403 inquit,
1037 367 1147 395 docebit
1168 374 1216 394 vos
1237 366 1309 394 sicut
1331 374 1382 402 ego
1408 375 1416 393 :
1444 374 1501 394 non
1524 367 1599 394 enim
1625 375 1708 395 mun-

914 411 966 439 dus
986 420 1051 439 eum
1065 411 1246 447 corporaliter
1266 419 1362 447 capere
1381 415 1487 447 potest;
1513 411 1565 439 hoc
1584 415 1637 446 est,
1653 413 1710 440 ila—

914 456 1014 484 bitabit
1035 457 1064 484 in
1079 457 1145 492 ipsis
1163 457 1310 484 animabus
1331 457 1435 484 vestris.
1461 457 1496 484 Et
1509 457 1588 484 aliter
1614 465 1621 485 τ
1650 458 1710 485 Non

914 507 1003 538 potest
1017 502 1140 537 accipere
1156 501 1285 534 mundus.
1304 501 1357 530 hoc
1378 506 1429 535 est,
1447 502 1562 537 populus
1576 502 1618 529 ille
1645 510 1710 538 pro-

914 547 1037 575 miscuus
1062 551 1089 574 et
1103 547 1210 582 sapiens
1233 554 1294 582 quae
1318 546 1398 582 hujus
1419 547 1526 579 mundi,
1545 558 1558 570 ιι
1575 547 1639 582 quia
1654 555 1710 575 non

914 592 986 620 videt
1000 599 1075 625 eum,
1100 603 1113 616 1
1136 599 1169 619 eo
1193 592 1266 628 quod
1288 591 1572 627 incomprehensibilis
1592 592 1627 619 sit
1653 592 1711 628 ejus

914 637 1077 665 substantia.
1094 636 1360 673 Contemplationem
1376 637 1452 664 enim
1467 641 1495 664 et
1510 637 1643 664 visionem
1659 637 1711 665 hoc

914 681 975 710 loco
996 682 1096 709 mentis
1113 682 1179 709 dicit
1193 690 1199 709 :
1217 682 1288 709 unde
1302 681 1404 714 subdit,
1423 693 1435 705 ι
1460 683 1553 717 Neque
1567 682 1711 717 cognoscit

914 734 989 755 eum.
1009 726 1111 754 IVides
1121 726 1206 762 quod,
1220 731 1247 754 et
1262 738 1274 750 -
1291 727 1352 755 Non
1368 726 1453 761 videt,
1466 737 1478 749 ι
1494 726 1600 759 dicens.
1617 737 1630 751 ι
1647 728 1710 754 Non

913 772 1066 808 cognoscit,
1089 783 1102 796 ι
1124 771 1285 807 sigiiicavit?
1307 772 1451 807 Propterea
1472 773 1576 799 solatur
1588 771 1709 807 diseipu-

915 817 965 851 los,
986 817 1091 851 dicens,
1106 828 1119 842 ι
1137 816 1259 844 Mundus
1281 824 1338 844 non
1361 820 1452 852 potest
1465 824 1561 852 capere
1576 816 1653 844 illum
1670 825 1677 844 :
1695 826 1709 843 η

915 862 993 890 vobis
1013 867 1104 890 autem
1125 862 1178 890 hoc
1199 862 1303 890 donum
1326 862 1464 898 egregium
1487 862 1582 890 datum
1604 866 1655 895 est,
1683 867 1711 890 et

917 918 928 931 ι
944 911 1037 935 manet
1050 906 1123 943 apud
1135 915 1184 935 vos
1199 915 1206 935 :
1221 917 1235 933 ν
1245 911 1274 935 et
1285 906 1384 934 deinde
1399 906 1472 942 quod
1486 907 1575 942 majus
1586 911 1638 940 est,
1653 918 1665 931 ι
1675 908 1711 935 Et

917 963 929 976 ι
946 952 975 980 in
993 952 1069 980 vobis
1083 952 1142 979 erit.
1160 963 1173 976 ι
1190 967 1223 972 -—
1240 964 1252 976 ι
1270 951 1349 988 Apud
1364 959 1412 979 vos
1432 961 1445 977 ι)
1461 952 1547 986 enim,
1562 955 1708 980 externum

913 997 1066 1025 subsidium
1081 1000 1109 1024 et
1122 996 1307 1030 vicinitatem;
1325 1008 1338 1020 ι
1351 997 1380 1024 in
1394 996 1471 1023 vobis
1484 1008 1496 1020 ιο
1509 1000 1612 1029 autem,
1623 997 1708 1024 inter-

912 1049 978 1070 nam
1009 1040 1201 1069 habitudinem
1229 1045 1257 1069 et
1277 1041 1532 1069 corroborationem
1561 1041 1708 1077 signiﬁcat.

912 1086 1053 1115 Posterius
1072 1090 1165 1114 autem
1189 1085 1266 1120 illud,
1288 1085 1362 1122 quod
1386 1090 1414 1114 et
1436 1086 1511 1113 Deus
1525 1086 1561 1113 sit
1580 1086 1708 1122 Spiritus,

912 1131 1056 1167 signiﬁcat,
1079 1131 1125 1167 qui
1147 1131 1222 1165 dicit,
1250 1142 1264 1155 ι
1291 1131 1428 1159 Habitabo
1451 1134 1479 1158 et
1503 1131 1649 1159 ambulabo
1681 1131 1708 1159 in

913 1176 951 1204 eis
960 1176 992 1204 ".
1005 1188 1017 1200 ι
1027 1191 1062 1197 -
1074 1187 1087 1200 ι
1100 1177 1186 1212 Igitur
1199 1175 1318 1204 mundus
1329 1175 1440 1212 quidem
1451 1183 1508 1204 non
1520 1180 1609 1212 potest
1624 1176 1708 1212 704

912 1221 1035 1257 accipere
1048 1221 1190 1256 Spiritum,
1203 1221 1268 1257 quia
1285 1228 1341 1248 non
1353 1221 1492 1256 cognoscit
1508 1228 1583 1254 eum,
1601 1229 1649 1248 vos
1660 1229 1708 1249 au-

912 1269 969 1293 tem
993 1266 1157 1301 cognoscitis
1170 1273 1245 1294 eum.
1272 1277 1285 1290 ν
1307 1265 1415 1300 Quare?
1439 1265 1508 1300 Quia
1533 1277 1546 1290 ι
1569 1273 1625 1293 non
1643 1267 1709 1294 estis

912 1318 944 1339 ex
966 1310 1019 1338 hoc
1038 1310 1153 1345 mundo,
1177 1322 1190 1336 ι
1213 1314 1359 1346 propterea
1379 1318 1493 1346 capaces
1507 1310 1566 1346 ejus
1591 1311 1664 1344 estis,
1680 1315 1709 1339 et

914 1367 926 1380 ι
944 1359 1039 1383 manet
1050 1367 1063 1380 ν
1079 1362 1154 1383 nunc
1166 1366 1180 1381 ι
1197 1355 1269 1392 apud
1282 1362 1342 1389 vos,
1357 1366 1370 1380 ι
1382 1355 1430 1384 sed
1442 1367 1454 1380 ι
1467 1359 1495 1384 et
1506 1355 1559 1384 erit
1575 1366 1588 1380 ι
1599 1363 1708 1392 semper

914 1411 927 1424 ι
945 1400 972 1428 in
986 1400 1071 1429 vobis.
1087 1411 1101 1425 ι

948 1491 1037 1518 Vens.
1053 1493 1140 1518 18-20.
1156 1501 1169 1514 ι
1186 1491 1247 1518 Non
1260 1490 1413 1526 relinquam
1428 1497 1478 1518 vos
1489 1490 1627 1526 orphauos
1641 1500 1648 1519 :
1665 1498 1709 1519 ve-

912 1535 989 1563 niam
1004 1534 1038 1563 ad
1052 1543 1108 1563 vos.
1129 1535 1227 1564 Adhuc
1244 1535 1386 1571 pusillum,
1409 1539 1437 1563 et
1457 1535 1641 1572 mundusjam
1663 1544 1708 1565 me

916 1588 970 1608 non
983 1580 1055 1608 videt
1069 1590 1076 1608 :
1097 1587 1144 1608 vos
1160 1584 1251 1608 autem
1264 1580 1361 1608 videtis
1378 1588 1432 1613 me,
1447 1581 1511 1616 quia
1524 1588 1574 1616 ego
1589 1581 1660 1615 vivo,
1682 1585 1709 1610 et

914 1633 963 1653 vos
975 1625 1079 1653 vivetis.
1095 1626 1127 1652 In
1138 1625 1184 1653 illo
1199 1625 1244 1653 die
1256 1633 1304 1653 vos
1315 1625 1485 1661 cognoscetis
1494 1626 1566 1661 quod
1578 1633 1628 1661 ego
1645 1634 1707 1654 sum

912 1670 939 1697 in
955 1672 1035 1698 Patre
1050 1678 1121 1702 meo.
1137 1674 1163 1697 et
1176 1677 1223 1698 vos
1244 1670 1272 1697 in
1292 1677 1347 1703 me,
1369 1674 1397 1697 et
1416 1677 1467 1705 ego
1482 1670 1509 1697 in
1531 1670 1615 1697 vobis.
1636 1681 1649 1694 ι
1667 1672 1708 1699 Ne

913 1715 1052 1748 metuatis,
1067 1715 1167 1750 inquit,
1180 1715 1243 1750 quia
1257 1715 1312 1742 dixi
1332 1714 1408 1742 vobis
1423 1722 1467 1742 me
1489 1726 1501 1738 ι
1525 1715 1609 1743 alium
1626 1717 1707 1743 Para-

912 1760 1014 1787 cletum
1030 1759 1106 1787 vobis
1123 1760 1282 1792 missurum,
1300 1770 1312 1783 ι
1324 1759 1467 1786 credentes
1488 1759 1562 1794 quod
1579 1767 1622 1787 me
1637 1761 1707 1788 ultra

911 1811 967 1831 non
981 1803 1040 1831 sitis
1060 1804 1142 1831 visuri
1161 1813 1167 1831 :
1183 1811 1237 1831 non
1255 1804 1329 1831 enim
1345 1803 1428 1831 abero
1447 1811 1462 1830 a
1476 1804 1554 1831 vobis
1573 1811 1658 1840 usque
1678 1805 1706 1832 in

911 1848 1004 1876 ﬁnem.
1022 1859 1035 1872 ι
1052 1849 1164 1876 Veniam
1179 1859 1192 1872 ι»
1205 1849 1278 1875 enim
1292 1853 1319 1875 et
1336 1859 1348 1871 -
1366 1856 1420 1875 non
1434 1848 1583 1883 relinquam
1599 1856 1646 1875 vos
1659 1857 1706 1876 or-

912 1893 1026 1929 phanos.
1054 1903 1066 1916 ιι
1084 1893 1153 1927 Quia
1176 1893 1248 1928 prius
1273 1903 1284 1916 ι
1302 1892 1371 1920 iilios
1388 1904 1400 1916 ι
1425 1900 1472 1919 eos
1495 1893 1612 1925 dixerat,
1634 1901 1707 1921 nunc

910 1941 1110 1973 consequonter
1124 1937 1232 1972 inquit:
1252 1949 1263 1961 -
1287 1939 1347 1965 Non
1370 1937 1520 1972 relinquam
1539 1945 1586 1965 vos
1605 1938 1707 1972 orpha-

912 1991 973 2010 nos.
991 1994 1003 2007 ι
1019 1983 1059 2010 Ut
1076 1986 1168 2010 autem
1185 1989 1218 2009 ne
1237 1982 1391 2010 existiment
1409 1982 1482 2018 quod
1495 1983 1567 2010 sicut
1580 1983 1654 2018 prius
1673 1983 1708 2010 sit

912 2027 1128 2056 manifestandns
1147 2031 1174 2054 et
1197 2027 1261 2062 ipsis
1275 2031 1302 2054 et
1320 2027 1449 2054 omnibus
1469 2027 1496 2054 in
1518 2035 1642 2062 corpore,
1669 2027 1708 2055 in-

913 2073 973 2108 quit
987 2080 994 2099 :
1008 2083 1020 2096 ι
1035 2073 1153 2100 Mundus
1163 2072 1223 2106 jam
1239 2080 1283 2099 me
1298 2080 1352 2099 non
1368 2072 1439 2099 videt
1456 2081 1461 2098 :
1480 2084 1492 2095 ι
1506 2080 1553 2099 vos
1567 2073 1653 2104 enim.
1670 2073 1708 2100 in-

913 2117 983 2153 quit,
1001 2116 1052 2144 soli
1072 2116 1195 2144 videbitis
1217 2125 1269 2148 me,
1287 2116 1370 2143 etiam
1392 2121 1452 2150 post
1470 2117 1698 2144 resurrectionem

915 2172 927 2186 α
943 2162 1008 2188 Vivo
1020 2171 1033 2187 ι»
1045 2161 1128 2194 enim,
1140 2167 1165 2188 et
1176 2161 1299 2197 quamvis
1307 2165 1424 2188 mortem
1437 2160 1535 2195 feram,
1547 2169 1695 2195 resurgam:

916 2219 927 2230 ι
953 2210 981 2233 et
1004 2214 1052 2233 vos
1072 2214 1179 2242 quoque
1195 2206 1298 2239 vivctis,
1319 2218 1331 2230 ι
1357 2206 1408 2233 hoc
1431 2211 1481 2237 est,
1498 2215 1560 2233 cum
1587 2207 1709 2234 videbitis

917 2259 970 2285 me,
993 2251 1162 2285 laetabimini,
1179 2256 1206 2278 et
1229 2251 1306 2287 quani
1323 2251 1403 2278 occisi
1419 2251 1583 2278 revivisvetis
1601 2251 1627 2278 in
1647 2259 1708 2278 mea

915 2295 1143 2323 manifestatione.
1167 2296 1217 2323 Vel
1241 2295 1324 2323 etiam
1348 2296 1387 2323 sic
1421 2304 1427 2322 :
1456 2296 1709 2330 Quemadmodum,

914 2340 1013 2375 inquit,
1029 2348 1104 2368 mors
1120 2348 1178 2368 mea
1194 2339 1263 2368 facta
1287 2344 1328 2368 est
1351 2340 1384 2368 ad
1402 2341 1496 2373 vitam,
1520 2341 1555 2368 ita
1580 2340 1663 2368 etiam
1686 2341 1711 2368 si

914 2393 964 2413 vos
984 2385 1154 2419 moriamini,
1170 2397 1183 2409 ιι
1200 2385 1306 2413 vivetis.
1325 2397 1337 2409 ι
1353 2386 1391 2413 Ne
1406 2385 1489 2421 igitur
1503 2390 1591 2413 estote
1605 2386 1709 2419 tristes,

916 2431 956 2458 vel
991 2435 1101 2466 propter
1142 2438 1186 2458 me
1219 2430 1264 2466 qui
1292 2430 1407 2463 morior,
1442 2430 1482 2458 vel
1515 2434 1626 2466 propter
1656 2438 1710 2458 vos.

918 2476 988 2503 Nam
1024 2475 1086 2502 licet
1117 2475 1285 2507 moriemini,
1319 2474 1412 2502 vivetis
1440 2475 1468 2502 in
1509 2480 1642 2502 aeternam
1670 2474 1712 2502 vi-

917 2524 984 2548 tam.
1012 2520 1060 2547 illa
1086 2521 1161 2547 enim
1187 2519 1229 2547 die
1259 2519 1350 2547 scietis
1370 2519 1443 2556 quod
1463 2531 1475 2544 ι
1503 2521 1562 2556 Ego
1580 2520 1607 2547 in
1634 2521 1712 2547 Patre

917 2572 990 2598 meo,
1012 2577 1024 2589 ιι
1042 2564 1095 2592 hoc
1109 2569 1159 2596 est,
1180 2566 1248 2593 Cum
1263 2572 1384 2600 surgam,
1400 2575 1413 2589 α
1427 2564 1516 2592 scietis
1533 2576 1545 2589 ιο
1568 2563 1641 2600 quod
1656 2571 1713 2591 non

917 2610 970 2638 sim
989 2618 1003 2637 a
1019 2611 1097 2638 Patre
1111 2614 1261 2645 separatus,
1282 2610 1329 2637 sed
1349 2610 1475 2637 eamdem
1491 2609 1580 2637 habeo
1595 2612 1714 2644 potesta-

919 2658 982 2682 tcm.
998 2666 1011 2678 ιι
1029 2655 1064 2682 Et
1079 2663 1126 2682 vos
1140 2655 1168 2682 in
1184 2662 1228 2682 me
1239 2655 1314 2688 estis,
1332 2666 1344 2679 ιι
1360 2663 1430 2690 quos
1442 2662 1492 2690 ego
1502 2654 1634 2682 custodio.
1653 2664 1666 2677 α
1679 2652 1715 2680 Et

919 2707 968 2736 ego
980 2699 1006 2727 in
1021 2700 1106 2733 vobis.
1130 2711 1143 2724 ι
1160 2701 1212 2728 hoc
1225 2704 1277 2734 est,
1294 2699 1435 2728 vobiscum
1449 2707 1522 2733 sum,
1537 2707 1585 2726 vos
1599 2698 1715 2733 eripiens

919 2752 952 2773 ex
966 2745 1103 2782 periculis,
1117 2745 1250 2774 miracula
1268 2752 1317 2782 per
1339 2753 1387 2773 vos
1401 2753 1527 2780 operans,
1543 2743 1714 2780 gloriﬁcans-
