1922 3077
199 157 249 184 183

708 155 965 184 THEOPHYLACTI
985 153 1164 183 BULGARUE
1184 153 1338 182 ARCHIEP.

1833 152 1882 179 184

197 226 249 255 que
259 226 308 247 vos
315 226 363 255 per
371 218 471 246 omnia.
485 220 520 246 Et
531 218 609 247 aliter
622 228 629 247 :
641 229 655 243 ιι
666 220 698 246 In
708 219 785 247 vobis
797 227 869 251 sum.
882 231 894 244 υ
906 223 938 248 ut
947 227 994 247 ca-

1061 216 1164 252 ἴοξάζων
1187 218 1257 255 ὑμᾶς
1280 216 1372 248 ἁπλῶς
1393 214 1437 244 διὰ
1461 213 1580 246 πάντων.
1620 213 1687 245 Καὶ
1715 214 1813 248 ἄλλως
1840 214 1883 243 δέ·

198 267 249 300 put
266 264 296 291 in
323 263 473 298 membris;
496 263 620 292 membra
647 264 724 292 enim
744 264 846 293 Christi
867 265 908 298 ",
931 273 998 300 apo-

198 308 262 337 stoli
285 319 290 336 :
314 317 328 335 «
350 312 377 336 et
391 315 439 336 vos
456 308 486 336 in
509 316 565 343 me,
591 320 604 333 ι
620 309 692 337 sicut
706 309 829 337 membra
852 309 879 337 in
897 310 995 345 capite.

199 352 319 388 Quando
330 360 394 388 ergo
406 353 565 386 resurrexit,
579 353 754 382 manifestam
768 354 801 382 de
816 354 860 382 his
870 355 997 383 omnibus

199 397 338 426 scientiam
352 397 475 425 tradidit.
493 398 585 426 Gratia
598 398 672 426 cnim
685 399 803 434 Spiritus
823 404 884 435 post
904 407 995 428 resur-

199 442 351 470 rectionem
373 442 468 470 omnia
482 442 526 470 illa
547 443 640 471 docuit
655 451 710 471 eos.
726 444 794 472 Cum
809 448 901 472 autem
919 445 998 473 audis

200 486 276 524 quod
289 494 306 514 σ
319 487 376 522 Ego
388 487 414 514 in
429 487 521 521 Patre,
536 491 563 516 et
574 496 620 516 vos
633 488 659 516 in
674 496 730 521 me.
743 493 770 516 et
781 497 831 525 ego
844 489 870 516 in
882 489 969 523 vobis,
983 501 996 514 ι»

200 539 234 559 ne
250 531 375 559 similiter
388 531 531 568 intelligas.
549 534 618 560 Nam
634 533 717 561 Filius
732 533 843 569 quidem
858 535 886 561 in
904 536 997 569 Patre,

201 580 233 604 ut
246 575 284 604 illi
299 575 539 605 consubstantialis
553 586 560 604 :
574 578 601 605 in
615 578 746 614 apostolis
759 583 862 612 autem,
876 583 908 606 ut
922 579 997 615 adju-

202 624 246 648 tor
259 625 288 648 et
306 620 501 656 cooperarius;
524 625 552 649 et
572 622 687 657 apostoli
705 623 733 650 in
750 630 794 657 eo,
816 628 846 651 ut
863 623 909 660 qui
924 624 999 660 adju-

201 663 310 700 vantur,
322 668 350 692 et
359 669 568 701 cooperatorem
582 666 713 694 habentes
732 667 765 694 ab
781 668 841 703 ipso
850 667 976 696 foveatur
989 678 996 697 :

201 709 263 746 quia
281 713 308 737 et
322 710 407 737 multa
421 710 472 737 alia
492 711 602 738 nomina
621 710 656 739 de
675 713 734 739 Deo
744 716 772 739 et
784 712 939 741 hominibus
958 713 999 742 di-

202 757 312 788 cuntur,
327 754 376 782 sed
388 761 444 782 non
456 754 581 783 similiter
597 755 792 792 intelliguntur.
808 757 852 784 Dii
865 757 941 785 enim
958 758 998 786 di-

201 798 291 826 cimur
307 802 334 826 et
351 806 403 826 nos
416 798 447 831 ⁵³,
471 799 518 827 sed
533 807 588 827 non
616 808 649 828 ex
674 809 765 837 aequo.
795 801 901 829 Dicitur
917 802 999 830 Filius

1056 273 1071 291 ιι
1092 262 1139 293 Ἐν
1156 263 1219 300 ὑμῖν
1237 262 1306 300 εἶμι,
1324 271 1339 289 ι)
1356 261 1391 294 ὡς
1406 260 1510 300 κεφαλὴ
1532 260 1558 289 ἔν
1580 261 1648 293 τοῖς
1668 259 1776 298 μέλεσι
1793 258 1883 298 (μέλη

1052 307 1103 347 γὰρ
1115 308 1231 347 Χριστοῦ
1242 307 1266 335 οἳ
1281 305 1444 345 ἀπόστολοι)
1455 316 1464 324 ο
1484 304 1559 347 (ικαὶ
1571 306 1662 343 ὑμεῖς
1677 305 1709 333 ἐν
1722 304 1800 343 ἐμοὶ,
1816 314 1832 332 ι>
1851 305 1884 337 ὡς

1053 345 1121 391 μέλη
1138 345 1163 382 ἐν
1189 354 1222 391 τῇ
1247 350 1360 390 κεφαλῇ.
1382 349 1452 380 Ὅτε
1477 345 1522 378 οἷν
1550 350 1676 385 ἀνέστη,
1706 351 1776 378 τότε
1794 349 1883 383 αὐτοῖς

1052 396 1098 432 τὴν
1115 396 1174 435 περὶ
1192 396 1291 425 τούτων
1308 394 1414 424 πάντων
1436 396 1532 433 γνῶσιν
1555 394 1744 434 ἐτράνωσεν.
1765 392 1804 423 Ἣ
1831 393 1881 434 γὰρ

1052 443 1098 470 τοῦ
1128 440 1284 479 Πνεύματος
1312 439 1390 479 χάρις
1417 438 1484 477 μετὰ
1509 438 1557 474 τὴν
1581 438 1768 474 ἀνάστασιν,
1793 438 1880 468 πάντα

1054 484 1146 519 αὐτοὺς
1165 485 1356 519 ἐξεπαίδευσεν.
1379 482 1467 514 ⁸Ὀταν
1489 482 1517 512 δὲ
1540 482 1667 522 ἀκούῃς,
1697 482 1744 512 ὅτι
1764 494 1781 511 (ι
1808 481 1881 520 Ἐγὼ

1054 531 1079 559 ἐν
1099 531 1136 570 τῷ
1157 529 1263 569 Πατρὶ,
1289 529 1335 558 καὶ
1351 530 1424 566 ὑμεῖς
1445 529 1472 557 ἐν
1488 528 1566 565 ἐμοὶ,
1583 528 1674 567 κάγὼ
1703 528 1734 557 ἓν
1759 527 1827 564 ὑμῖν
1840 551 1848 564 ,
1862 539 1876 556 ι)

1054 575 1091 613 μὴ
1109 574 1204 612 ὁμοίως
1226 577 1310 603 ταῦτα
1331 572 1395 603 νόει.
1412 572 1446 602 Ὁ
1461 572 1512 613 γὰρ
1528 573 1591 604 Υἱὸς
1603 594 1612 608 ,
1630 574 1662 602 ἐν
1681 570 1736 611 μὲν
1764 574 1806 610 τῷ
1825 573 1881 602 Πα-

1054 620 1096 659 τρὶ
1109 620 1144 652 ὡς
1159 618 1298 657 ὃμοούσιος
1309 629 1316 636 ·
1332 618 1358 647 ἔν
1376 617 1403 647 δὲ
1418 617 1472 650 τοῖς
1487 617 1677 653 ἀποστόλοις,
1702 618 1742 650 ὡς
1767 617 1877 656 βοηθὸς,

1054 664 1100 693 καὶ
1112 663 1247 703 συνεργόςο
1267 662 1313 692 καὶ
1328 663 1351 692 οἱ
1370 661 1517 691 ἀπόστολοι
1533 662 1560 691 ἐν
1581 662 1665 701 αὖτῷ
1677 683 1687 697 ,
1705 662 1746 694 ὣς
1764 661 1880 701 βοηθού-

1056 720 1140 747 μενοι,
1157 708 1202 737 καὶ
1216 707 1432 747 συνεργούμενοι,
1453 706 1498 736 καὶ
1513 705 1558 735 ὑπ’
1571 706 1663 735 αὐτοῦ
1694 706 1876 745 θαλπόμενοι.

1055 752 1133 783 Ἐπεὶ
1147 752 1193 781 καὶ
1208 751 1277 781 ἄλλα
1298 751 1386 781 πολλὰ
1401 751 1521 790 λέγονται
1537 750 1581 780 ἐπὶ
1605 750 1689 780 Θεοῦ
1708 750 1760 780 καὶ
1778 750 1877 790 ἀνθρώ-

1055 809 1112 826 πων
1127 797 1258 835 ὂνόματα,
1276 797 1336 826 ἀλλ’
1352 797 1401 836 οὐχ
1415 795 1512 833 ὁμοίως
1526 798 1669 826 νοοῦν-ται.
1689 795 1803 826 Αὐτίκα
1826 795 1874 825 θεοὶ

201 844 294 879 imago
313 847 340 870 et
351 843 436 879 gloria
455 844 543 872 Patris
562 844 596 879 5‘,
610 849 637 873 et
649 845 733 873 homo
746 853 864 882 quoque,
880 846 927 875 sed
944 855 999 875 non

1061 842 1184 881 λεγόμεθα
1208 842 1254 870 καὶ
1283 843 1377 878 ἡμεῖς,
1406 841 1466 869 ἀλλ’
1494 842 1542 870 οὐκ
1569 839 1692 876 ἐπίσης·
1721 840 1835 879 λέγεται
1863 842 1875 868 ὁ

201 887 338 916 similiter.
354 888 393 915 Ita
411 887 468 916 haec
479 896 586 924 quoque
604 889 777 925 intelligenda
798 894 871 924 sunt,
890 891 960 919 sicut
974 897 1001 920 et

202 931 264 966 hoc,
280 943 292 955 ιι
305 931 546 967 Quemadmodum
561 933 638 961 misit
652 942 697 962 me
710 935 799 968 Pater,
813 939 840 962 et
854 943 905 971 ego
920 937 1001 965 mitto

202 984 261 1010 vos,
283 987 296 1000 ι»
319 984 386 1004 num
405 977 491 1013 igitur
504 977 543 1005 sic
561 978 693 1007 debemus
706 979 857 1015 intelligere
872 981 1001 1016 simplici-

203 1020 413 1048 ter?Minime".
421 1021 495 1049 Misit
501 1021 610 1057 quidem
620 1023 720 1051 Filium
729 1032 808 1052 suum
816 1026 906 1057 Pater,
918 1026 1000 1062 705

202 1064 247 1100 qui
271 1069 328 1093 erat
346 1065 535 1101 incorporeus,
551 1070 579 1094 et
599 1067 698 1095 deinde
719 1068 876 1096 incarnatus
899 1074 949 1104 est,
975 1075 1002 1098 et

202 1117 235 1137 ex
249 1109 352 1145 virgine
365 1114 444 1138 natus
457 1114 511 1145 est;
531 1111 612 1147 igitur
629 1115 658 1139 et
680 1113 794 1148 apostoli
813 1121 845 1141 ex
863 1114 934 1142 coelo
947 1115 1002 1142 nati

202 1157 325 1189 sunt,et
346 1154 510 1190 incorporei,
530 1159 558 1184 ct
575 1155 674 1184 deinde
696 1157 839 1191 incarnati,
853 1166 868 1185 e
889 1159 1003 1195 virgini-

202 1198 307 1234 busque
321 1199 376 1227 nati
392 1201 474 1228 sunt?
487 1200 541 1229 Sed
557 1200 597 1230 ita
615 1208 751 1238 exponere
764 1203 928 1239 Scripturas,
944 1211 1003 1232 ma-

205 1243 306 1272 nifeste
321 1244 439 1273 delirare
457 1249 506 1274 est.

239 1334 332 1362 Vens.
347 1336 392 1367 21,
407 1338 451 1362 22.
469 1347 481 1360 α
495 1335 547 1370 Qui
561 1335 644 1364 habet
652 1336 780 1365 mandata
790 1345 862 1372 mea.
873 1341 902 1366 et
913 1343 1004 1367 servat

203 1387 246 1413 ea,
262 1378 307 1406 ille
322 1383 363 1407 est
375 1379 420 1415 qui
433 1387 477 1407 me
492 1380 589 1416 diligit.
609 1381 663 1415 Qui
675 1385 767 1410 autem
784 1382 872 1417 diligit
889 1391 945 1417 me,
962 1383 1003 1411 di-

204 1423 303 1459 ligetur
318 1431 333 1451 a
345 1425 438 1457 Patre,
456 1428 484 1451 et
499 1432 549 1460 ego
568 1424 678 1461 diligam
690 1433 765 1459 eum,
782 1430 809 1454 et
824 1427 1002 1456 manifestabo

204 1467 228 1495 ei
243 1468 388 1503 meipsum.
401 1468 473 1496 Dicit
486 1469 511 1496 ei
527 1469 625 1503 Judas,
639 1477 695 1497 non
706 1470 751 1498 ille
763 1471 906 1500 Iscariotes
924 1482 930 1500 :
949 1474 1004 1500 Do-

205 1512 290 1546 mine,
304 1512 372 1548 quid
386 1511 492 1540 factum
507 1517 549 1540 est
565 1513 637 1549 quod
649 1515 870 1544 manifestaturus
880 1524 909 1544 es
924 1518 1004 1545 nobis

206 1557 336 1592 teipsum,
361 1561 388 1584 et
403 1565 458 1584 non
473 1557 596 1586 mundo?
613 1570 625 1582 υ
642 1559 717 1586 Sicut
745 1564 773 1588 et
786 1561 912 1596 superius
934 1561 1002 1589 dixi-

205 1607 279 1634 mus,
293 1601 385 1628 verbis
402 1600 558 1636 hujusmodi
573 1601 712 1630 tristitiam
726 1603 835 1632 illorum
850 1605 937 1641 sedat,
950 1605 1000 1634 do-

205 1652 271 1673 cens
288 1653 336 1673 eos
353 1645 429 1681 quod
448 1646 494 1674 illc
514 1646 606 1682 diligat
619 1647 722 1683 ipsum,
739 1657 795 1676 non
815 1650 862 1685 qui
881 1650 955 1678 dolet
974 1651 1002 1678 in

205 1694 297 1717 morte
316 1690 384 1725 ejus,
405 1690 479 1726 quod
499 1695 526 1718 et
549 1691 586 1719 illi
597 1693 782 1727 patiebantur,
804 1694 851 1722 sed
862 1695 907 1731 qui
927 1703 1004 1723 man-

206 1733 269 1761 data
296 1734 354 1770 ejus
369 1738 397 1762 et
416 1740 550 1771 prazcepta
567 1740 659 1764 servat
676 1737 711 1764 de
732 1739 930 1767 contemnenda
951 1740 1004 1768 vita

206 1782 351 1814 praesente,
367 1783 394 1807 et
406 1779 528 1815 ponenda
548 1781 639 1808 anima
652 1790 701 1818 pro
719 1782 827 1811 Christo
844 1788 872 1811 et
888 1784 1003 1818 virtute;

207 1823 287 1859 quasi
304 1824 339 1851 ita
354 1823 447 1852 dicens
466 1825 506 1853 eis
525 1835 530 1853 :
546 1827 602 1854 Vos
621 1826 732 1862 quidem
748 1828 848 1864 putatis
860 1828 935 1864 quod
949 1836 1005 1865 pra:

206 1865 349 1896 dilectione
368 1868 482 1897 doleatis
503 1869 533 1897 in
554 1875 643 1898 morte
665 1879 726 1899 mea
747 1879 754 1897 :
773 1880 824 1908 ego
839 1877 932 1900 autem
956 1881 1005 1909 pro

206 1911 346 1940 charitatis
356 1918 518 1949 argumento
536 1914 623 1943 habeo
634 1923 691 1943 non
708 1915 807 1944 dolere.
819 1917 899 1952 Quod
913 1921 1005 1945 autem

206 1955 259 1984 hoc
273 1957 355 1991 dicat,
379 1957 557 1987 manifestum
572 1964 613 1987 est
632 1968 665 1987 ex
679 1960 720 1988 his
736 1969 796 1996 qua:
811 1965 903 1996 postea
916 1961 984 1989 dicit
998 1971 1005 1990 :

208 2012 222 2025 ιι
243 2001 270 2030 Si
282 2001 427 2037 diligerctis
444 2011 498 2036 me,
519 2004 674 2038 gauderetis
693 2005 797 2040 utique,
815 2005 888 2040 quod
906 2005 941 2032 ad
956 2007 1007 2034 Pa-

206 2049 279 2073 trem
301 2054 402 2073 eam.»
424 2047 474 2080 Qui
494 2055 557 2083 ergo
577 2048 661 2084 diligit
679 2056 735 2082 me,
768 2048 851 2077 habet
877 2049 1007 2077 mandata

205 2097 279 2123 mea,
295 2090 350 2118 imo
369 2098 425 2118 non
442 2091 532 2119 solum
554 2091 647 2126 habet,
668 2092 716 2120 sed
735 2097 763 2120 et
776 2093 898 2122 custodit
916 2101 957 2126 ea,
977 2098 1007 2122 ut

204 2142 240 2162 ne
257 2133 300 2162 fur
309 2134 433 2162 diabolus
444 2136 553 2163 veniens
563 2137 652 2172 rapiat
661 2137 828 2166 thesaurum.
846 2139 922 2174 Opus
932 2138 1008 2167 enim

206 2183 247 2207 est
261 2179 380 2215 diligenti
396 2180 532 2212 custodia,
546 2185 575 2208 ut
590 2189 624 2208 ne
636 2181 784 2216 perdamus
794 2190 835 2211 ea.
852 2183 902 2218 Qui
915 2187 1006 2211 autem

206 2222 293 2260 diligit
309 2232 362 2258 me,
378 2225 457 2260 quale
469 2225 613 2261 praemium
628 2225 767 2254 inveniet?
779 2239 791 2251 ιι
806 2227 951 2263 Diligctur,
965 2228 1005 2256 in—

207 2268 274 2304 quit,
283 2276 298 2296 a
312 2269 391 2297 Patre
405 2277 478 2301 meo,
487 2274 570 2304 etego
580 2270 688 2307 diligam
699 2279 775 2305 eum,
783 2275 811 2299 et
820 2271 1003 2300 manifestabo

206 2312 242 2340 illi
252 2313 456 2348 memetipsum.
467 2325 480 2338 ι
494 2315 585 2349 Quare
597 2315 649 2343 hoc
658 2315 743 2344 dixit:
755 2328 767 2340 ιι
777 2315 957 2345 Mauifestabo
965 2317 1004 2344 illi

206 2357 420 2393 memetipsum?
451 2369 463 2384 ιο
495 2359 563 2394 Quia
586 2364 648 2395 post
668 2361 896 2389 resurrectionem
915 2369 944 2389 se
966 2361 1004 2389 eis

206 2401 428 2431 manifestaturus
451 2409 510 2431 erat
531 2412 596 2432 cum
620 2404 752 2433 diviniore
773 2413 899 2441 corpore,
915 2409 945 2433 ut
969 2413 1004 2434 ne

206 2451 303 2483 putent
316 2447 405 2483 ipsum
417 2448 543 2484 spiritum
557 2453 583 2477 et
599 2449 759 2485 phantasma
776 2458 846 2484 esse,
860 2455 1005 2486 propterea

206 2491 328 2528 praedicit
341 2492 380 2519 eis
392 2492 454 2526 hoc,
479 2498 510 2521 ut
530 2494 652 2522 videntes
669 2503 744 2530 eum,
764 2503 821 2523 non
836 2495 1004 2529 discredant.

205 2537 254 2565 sed
268 2539 444 2565 recordentur
459 2539 533 2574 quod
559 2546 591 2567 ea
612 2539 771 2575 praedixerit
787 2539 862 2576 ipsis,
888 2545 915 2568 et
930 2539 1005 2576 quod

205 2586 317 2618 propter
339 2583 531 2611 mandatorum
551 2591 666 2613 suorum
681 2584 900 2613 observationem
913 2585 1004 2613 mani-

204 2626 318 2655 festetur
336 2627 385 2661 eis,
410 2629 591 2665 studeantque
606 2637 715 2665 semper
731 2637 840 2658 servare
856 2629 910 2663 illa,
928 2634 958 2657 ut
977 2633 1004 2658 et

205 2672 260 2700 illis
272 2680 381 2708 semper
392 2671 592 2702 manifestetur.
608 2675 738 2710 Magnum
749 2675 852 2703 etenim
864 2683 1001 2703 resurrec-

203 2717 286 2746 tionis
305 2722 520 2750 sacramentum,
545 2718 657 2747 difﬁcile
681 2719 716 2747 ab
743 2719 783 2748 eis
808 2723 966 2756 susceptum
993 2729 1001 2747 :

1056 887 1118 920 Υἱὸς
1139 885 1215 915 εἰκὼν
1242 885 1286 915 καὶ
1303 885 1364 919 δόξα
1388 887 1433 914 τοῦ
1452 885 1569 926 Πατρὸς,
1593 885 1646 913 καὶ
1665 886 1682 914 ὃ
1711 885 1872 926 ἄνθρωπος,

1056 933 1115 960 ἀλλ’
1128 932 1178 971 οὐχ
1200 931 1306 968 ὁμοίως.
1328 929 1422 963 Οὕτως
1448 925 1492 958 οὖν
1518 930 1563 959 καὶ
1589 931 1690 959 ταῦτα
1719 930 1763 959 δεῖ
1788 933 1873 965 νοεῖν,

1055 975 1145 1015 ὥσπερ
1158 966 1204 1005 καὶ
1219 975 1257 1011 τὸ,
1278 987 1292 1004 (ι
1307 973 1401 1008 Καθὼς
1414 974 1553 1004 ἀπέστειλέ
1565 986 1599 1012 με
1618 976 1634 1003 ὃ
1657 974 1777 1015 Πατὴρ,
1800 974 1872 1013 κάγὼ

1055 1014 1154 1057 πέμπω
1179 1022 1256 1057 ὑμᾶς.
1281 1030 1297 1048 n
1326 1014 1394 1059 Ἆρα
1415 1019 1466 1060 γὰρ
1489 1018 1571 1052 οὕτως
1596 1019 1754 1059 ὀφείλομεν
1784 1020 1873 1053 ἁπλῶς

1056 1066 1141 1102 νοεῖν;
1167 1064 1282 1094 Οὔκουν.
1309 1063 1460 1094 Ἀπέστειλε
1486 1063 1533 1102 μὲν
1557 1065 1572 1093 ὁ
1597 1063 1709 1103 Πατὴρ
1736 1063 1785 1093 τὸν
1811 1064 1871 1094 Υἷὸν

1057 1111 1136 1138 αὐτοῦ
1152 1108 1293 1146 ἀσώματον
1316 1109 1388 1145 ὄντα,
1405 1104 1461 1137 εἶτα
1476 1107 1667 1148 σαρκωθέντα,
1688 1110 1722 1138 ἐκ
1739 1107 1871 1148 παρθένου

1057 1153 1084 1182 δὲ
1111 1153 1276 1192 γεγέννηται·
1305 1153 1351 1182 καὶ
1377 1154 1402 1182 οἳ
1433 1153 1575 1183 ἀπόστολοι
1601 1148 1652 1182 οὖν
1685 1152 1716 1187 ἐξ
1742 1154 1870 1193 οὖρανοῖὶ,

1057 1198 1103 1228 καὶ
1119 1198 1273 1236 ἀσώματοι,
1296 1193 1352 1227 εἶτα
1376 1197 1573 1236 σαρκωθέντες,
1601 1197 1652 1226 καὶ
1674 1198 1708 1228 ἐκ
1736 1197 1868 1238 παρθένου

1057 1243 1187 1282 γεννηθεὶς
1219 1242 1346 1280 ἕκαστος
1377 1241 1458 1272 Ἀλλὰ
1488 1243 1567 1283 λῆρος
1597 1241 1697 1283 σαφὴς
1727 1242 1761 1273 τὸ
1789 1242 1867 1276 οὕτως

1057 1287 1234 1326 ἐκλαμϐάνειν
1252 1287 1285 1317 τὰ
1297 1289 1342 1323 τῆς
1359 1287 1479 1327 Γραφῆς.

1102 1343 1117 1361 ιι
1138 1331 1175 1361 (Ο
1199 1331 1268 1372 ἔχων
1291 1331 1339 1365 τὰς
1364 1331 1469 1364 ἐντολάς
1489 1342 1550 1370 μου,
1576 1331 1624 1361 χαὶ
1654 1333 1751 1372 τηρῶν
1776 1331 1866 1369 αὐτὰς,

1058 1376 1153 1410 ἐκεῖνός
1177 1378 1247 1406 ἔστιν
1265 1378 1279 1405 ὁ
1295 1377 1404 1415 ἀγαπῶν
1428 1388 1471 1414 με.
1492 1375 1527 1406 Ὀ
1551 1375 1578 1405 δὲ
1596 1377 1720 1416 ἀγαπῶν
1737 1388 1772 1416 με
1799 1377 1864 1415 ἀγα-

1057 1421 1208 1457 πηθήσεται
1226 1421 1277 1451 ὕπὸ
1290 1423 1337 1450 τοῦ
1361 1421 1467 1460 Πατρός
1489 1433 1556 1458 μου,
1580 1422 1629 1450 καὶ
1653 1421 1712 1461 ἐγὼ
1733 1420 1864 1461 ἀγαπήσω

1058 1466 1148 1504 αὐτὸν,
1182 1466 1226 1494 καὶ
1251 1465 1389 1505 ἐμφανίσω
1418 1466 1490 1505 αὐτῷ
1515 1465 1643 1502 ἐμαυτόν.
1674 1465 1762 1506 Λέγει
1795 1465 1861 1504 αὖτῷ

1057 1510 1172 1546 Ἰούδας,
1192 1511 1241 1550 οὐχ
1262 1511 1276 1539 ὁ
1297 1509 1486 1550 Ἰσκαριώτης·
1505 1509 1669 1549 Κύριε,καὶ
1695 1511 1723 1540 τί
1741 1510 1860 1550 γέγονεν,

1059 1555 1098 1584 ὅτι
1125 1557 1190 1593 ἡμῖν
1221 1553 1325 1592 μέλλεις
1345 1554 1496 1594 ἐμφανίζειν
1519 1553 1642 1591 σεαυτὸν,
1674 1555 1723 1585 καὶ
1746 1555 1807 1595 οὐχὶ
1827 1555 1860 1593 τῷ

1058 1598 1168 1639 κόσμῳ;
1197 1598 1276 1629 Καθὰ
1305 1598 1336 1635 δὴ
1361 1599 1406 1628 καὶ
1429 1598 1552 1637 ἀνωτέρω
1579 1598 1717 1638 εἴπομεν,
1746 1600 1790 1629 διὰ
1813 1600 1859 1627 τῶν

1054 1643 1179 1673 τοιούτων
1208 1643 1334 1684 ῥημάτων
1357 1643 1405 1678 τὴν
1430 1643 1544 1681 ἀθυμίαν
1571 1644 1662 1672 αὐτῶν
1689 1643 1857 1679 ἀναστέλλει,

1055 1688 1188 1718 διδάσκων
1204 1686 1307 1723 αὐτοὺς,
1324 1687 1364 1717 ὅτι
1379 1690 1476 1720 ἐκεῖνος
1492 1688 1586 1727 ἀγαπᾷ
1605 1688 1709 1726 αὐτὸν,
1729 1690 1781 1728 οὐχ
1793 1689 1807 1717 ὁ
1819 1686 1857 1717 ἐπὶ

1056 1735 1094 1773 τῷ
1117 1733 1222 1772 θανάτῳ
1244 1733 1325 1762 αὐτοῦ
1342 1734 1449 1771 ἀθυμῶν
1462 1753 1470 1767 ,
1496 1731 1510 1761 ὃ
1532 1731 1579 1761 καὶ
1595 1733 1676 1762 αὐτοὶ
1699 1733 1855 1773 πάσχουσιν,

1058 1778 1118 1807 ἀλλ’
1138 1777 1211 1811 δτὰς
1236 1776 1342 1811 ἐντολὰς
1367 1777 1447 1806 αὐτοῦ
1470 1776 1516 1806 καὶ
1537 1775 1584 1810 τὰς
1605 1779 1795 1818 παραγγελίας
1815 1787 1858 1811 τη·

1059 1824 1120 1861 ρῶν,
1144 1822 1190 1855 τὰς
1214 1821 1275 1861 περὶ
1295 1824 1341 1850 τοῦ
1372 1821 1409 1860 μὴ
1436 1823 1627 1850 ἀντιποιεῖσθαι
1652 1825 1703 1858 τῆς
1727 1821 1858 1862 παρούσης

1058 1869 1138 1906 ζωῆς,
1154 1866 1224 1895 ἀλλὰ
1240 1866 1289 1902 τὴν
1305 1866 1394 1906 ψυχὴν
1410 1865 1476 1905 ὑπὲρ
1497 1868 1543 1895 τοῦ
1558 1867 1629 1896 Θεοῦ
1650 1866 1700 1896 καὶ
1715 1869 1761 1896 τοῦ
1779 1866 1855 1895 καλοῦ

1058 1911 1173 1940 τιθέναι·
1202 1911 1342 1950 μονονουχὶ
1357 1912 1437 1941 τοῦτο
1460 1909 1548 1949 λέγων
1563 1911 1652 1944 αὖτοῖς
1664 1924 1672 1930 ·
1698 1910 1793 1949 ’Υμεῖς
1813 1908 1857 1948 μὲν

1059 1956 1194 1994 νομίζετε,
1221 1955 1261 1984 δτι
1287 1955 1313 1989 ἐξ
1342 1955 1449 1994 ἀγάπης
1480 1956 1605 1985 λυπεῖσθε
1631 1956 1677 1985 ἐπὶ
1696 1957 1735 1996 τῷ
1757 1954 1855 1992 θανάτῳ

1061 2011 1119 2039 μου·
1135 1999 1187 2039 ἐγὼ
1202 1999 1228 2028 δὲ
1245 1999 1274 2028 τὸ
1291 1999 1328 2037 μὴ
1340 2001 1498 2035 λυπεῖσθαι,
1516 2000 1617 2038 μᾶλλον
1634 2001 1781 2040 τεκμήριον
1796 1998 1855 2037 ἀγά-

1059 2056 1112 2080 πης
1126 2047 1261 2083 ποιοῦμαι.
1274 2042 1340 2074 Ὀτι
1352 2044 1378 2073 δὲ
1394 2047 1469 2073 τοῦτο
1488 2044 1575 2084 λέγει,
1598 2045 1680 2080 δῆλον
1699 2045 1727 2079 ἐξ
1740 2039 1776 2074 ὧν
1789 2041 1852 2082 μετᾶ

1060 2089 1147 2118 πολλά
1163 2100 1254 2129 φησιν.
1273 2101 1285 2114 ι
1301 2089 1334 2118 Εἰ
1350 2087 1472 2127 ἀγαπᾶτέ
1485 2099 1518 2127 με
1529 2113 1536 2123 ,
1555 2089 1672 2129 ἐχάρητε
1685 2089 1728 2127 ἂν,
1744 2088 1783 2118 ὅτι
1795 2085 1853 2127 πρὸς

1060 2133 1105 2163 τὸν
1129 2133 1240 2173 Πατέρα
1257 2144 1306 2170 μου
1321 2132 1479 2173 πορεύομαι.
1498 2147 1510 2160 ι
1526 2133 1560 2163 Ὁ
1574 2135 1660 2164 τοίνυν
1684 2135 1796 2174 ἀγαπῶν
1807 2141 1851 2170 με,

1061 2179 1117 2218 ἔχει
1142 2177 1188 2211 τὰς
1210 2177 1316 2211 ἐντολάς
1332 2189 1398 2214 μου,
1416 2178 1460 2207 καὶ
1475 2179 1505 2207 οὖ
1522 2178 1600 2216 μόνον
1621 2179 1679 2219 ἔχει
1691 2201 1701 2217 ,
1727 2176 1795 2208 ἀλλά
1809 2175 1851 2205 καὶ

1062 2223 1188 2262 φυλάττει
1213 2222 1309 2257 αὐτὸς,
1337 2222 1380 2252 ἵνα
1409 2222 1447 2261 μὴ
1468 2221 1577 2252 ἐλθὼνὸ
1596 2223 1714 2260 κλέπτης
1737 2221 1850 2252 διάϐολος

1061 2268 1164 2308 συλήσῃ
1181 2267 1225 2296 τὸν
1246 2267 1386 2307 θησαυρόνι
1411 2269 1531 2307 φυλακῆς
1545 2267 1597 2306 γὰρ
1614 2268 1743 2308 ἀκριϐοῦς
1760 2265 1849 2307 χρεία,

1059 2312 1102 2342 ἵνα
1117 2312 1154 2351 μὴ
1175 2311 1348 2350 ἀπολέσωμεν
1362 2312 1468 2345 ταύτας.
1488 2311 1522 2342 Ὁ
1537 2313 1564 2341 δὲ
1579 2313 1692 2350 ἀγαπῶν
1713 2323 1746 2352 με
1756 2334 1764 2350 ,
1779 2313 1846 2339 ποῖον

1059 2357 1172 2387 ἔπαθλον
1198 2356 1327 2397 εὑρίσκεις
1349 2370 1360 2382 ι
1385 2356 1615 2396 Ἀγαπηθήσεται,
1631 2357 1714 2398 φησὶ,
1737 2355 1787 2386 ὑπὸ
1805 2355 1847 2383 τοῦ

1059 2402 1168 2441 Πατρός
1181 2413 1245 2441 μου,
1258 2402 1305 2431 καὶ
1320 2400 1373 2440 ἐγὼ
1391 2401 1524 2441 ἀγαπήσω
1540 2401 1637 2440 αὐτὸν,
1654 2402 1700 2431 καὶ
1716 2398 1845 2441 ἐμφανίσω

1060 2448 1131 2486 αὐτῷ
1152 2446 1277 2485 ἐμαυτόν.
1302 2460 1315 2472 ι
1337 2446 1417 2479 Τίνος
1440 2446 1468 2475 δὲ
1491 2445 1578 2475 ἕνεκεν
1603 2448 1680 2476 τοῦτο
1704 2441 1780 2483 εἷπε,
1801 2441 1843 2486 1‘0,

1059 2505 1071 2519 ι
1099 2485 1257 2530 Ἔμφανίσω
1284 2492 1356 2530 αὐτῷ
1384 2491 1516 2528 ἔμαυτόν;
1541 2503 1553 2516 ι
1569 2489 1682 2527 Ἐπειδὴ
1709 2489 1776 2529 μετὰ
1800 2485 1843 2521 τὴν

1061 2535 1204 2565 ἀνάστασιν
1225 2535 1336 2572 ἔμελλεν
1359 2536 1446 2568 αὐτοῖς
1473 2535 1657 2575 ἐπιφαίνεσθαι
1673 2534 1739 2573 μετὰ
1764 2535 1842 2575 θεοει-

1059 2580 1182 2620 δεστέρου
1213 2582 1257 2609 τοῦ
1287 2579 1428 2617 σώματος,
1460 2579 1503 2608 ἵνα
1534 2580 1571 2618 μὴ
1602 2580 1743 2619 νομίσωσιν
1770 2574 1842 2620 αῦτὸν

1057 2619 1164 2663 πνεῦμα
1191 2624 1236 2653 καὶ
1263 2624 1407 2664 φάντασμα
1432 2619 1516 2664 εἶναι,
1550 2624 1595 2655 διὰ
1626 2627 1703 2654 τοῦτο
1729 2619 1840 2662 προλέγει

1057 2672 1134 2700 τοῦτο
1150 2671 1252 2706 αὐτοῖς,
1273 2669 1317 2698 ἵνα
1338 2671 1396 2699 τότε
1417 2668 1455 2708 μὴ
1472 2670 1619 2699 ἀπιστῶσιν
1635 2671 1743 2709 ὁρῶντες
1754 2664 1837 2709 abfer!

1057 2715 1115 2745 ἀλλ’
1132 2713 1402 2754 ἀναμιμνήσκωνται,
1418 2713 1458 2744 ὅτι
1471 2716 1557 2744 ταῦτα
1569 2715 1656 2748 αὐτοῖς
1670 2715 1784 2753 προεῖπε,
1796 2706 1835 2738 καὶ

241 2792 263 2810 ¹²
281 2793 293 2821 ι
307 2793 371 2823 Cor.
387 2797 488 2829 ",15.
505 2794 530 2813 ⁵³
540 2794 644 2824 Pascal.
655 2803 750 2831 Lxxx,
763 2798 791 2825 6.
805 2795 828 2814 5‘
841 2797 851 2824 1
864 2795 927 2824 Cor.
944 2803 980 2830 ιι,
993 2799 1021 2824 7.
1036 2795 1150 2824 "Joan.
1160 2803 1190 2830 x,
1201 2797 1245 2824 36.
