1922 3077
75 211 128 238 185

458 205 656 234 ENARRATIO
676 205 708 232 IN
729 201 945 232 EVANGELIUM
963 200 1113 228 JOANNIS.
1132 214 1169 221 —
1187 200 1262 228 CAP.
1283 200 1349 228 XIV.

1675 201 1725 229 186

71 272 116 302 ὅτι
142 270 186 301 διὰ
209 270 240 300 τὸ
256 270 302 304 τὰς
325 268 431 302 ἰντολὰς
453 269 533 298 αὗτοῧ
563 269 667 308 τηρεῖν,
696 266 864 308 ἐπιφαίνεται

929 263 1027 292 idcirco
1043 266 1180 299 praeparat
1190 269 1236 290 eos
1245 261 1338 290 dicens
1346 261 1423 298 quod
1438 261 1666 291 manifestaturus
1682 263 1720 291 sit

72 316 179 349 αὖτοῖς*
197 314 244 344 καὶ
264 314 296 350 δὴ
320 314 492 345 σπουδάσωσι
515 313 630 343 πάντοτε
652 314 741 352 τηρεῖν
757 311 872 346 ταύτας,

71 361 118 390 ἵνα
132 360 177 391 καὶ
190 360 232 390 ἀεὶ
249 360 337 393 αὐτοῖς
359 359 533 398 ἐπιφαίνοιτο.
559 357 640 397 Μέγα
663 358 715 396 γὰρ
732 356 762 386 ὂν
780 357 810 386 τὸ
826 357 873 390 τῆς

73 405 248 439 ἀναστάσεως
287 403 450 443 μυστήριον,
480 402 612 436 δυσιόλως
649 401 680 431 ἂν
710 403 757 431 ὑπ’
787 401 873 430 αὐτῶν

71 449 239 489 παρεδέχθη.
269 448 320 479 Διὰ
343 451 420 478 τοῦτο
445 447 618 487 προομαλίζιι
644 447 671 475 ἐν
697 448 735 486 τῷ
764 446 872 484 λέγειν,

72 495 114 524 ὅτι
130 495 219 533 ἐμφαν
227 495 277 523 (ast
293 494 382 528 αὐτοῖς
402 492 504 523 ἑαυτόν.
523 491 602 522 Ἐπεὶ
623 491 668 521 καὶ
684 491 816 525 ἀναστὰς,
830 489 874 519 διὰ

71 541 151 568 τοῦτο
172 538 286 578 ἔφαγεν,
308 538 352 567 ἵνα
368 537 405 575 μὴ
431 536 540 571 δόξωσιν
572 536 650 566 αὐτὸν
677 536 831 577 φάντασμα·
859 534 874 564 8

71 583 119 612 καὶ
135 585 180 612 ν’ὖν
195 585 209 612 6
225 583 326 616 Ἰούδας
345 578 420 615 οἶτος
435 581 543 612 ἔπαθεν.
563 580 688 618 Ἐνόμισι
702 581 752 619 γὰρ
766 582 780 610 6
796 579 872 609 Ἰού-

71 629 120 661 δας
143 629 159 657 6
182 630 226 657 νῦν
246 627 492 666 μνημονευόμενος,
517 625 557 655 ὅτι
573 624 664 666 ὥσπερ
687 625 745 658 τοὺς
771 623 875 664 νεκροὺς

70 674 179 712 ὁρῶμεν
204 672 280 712 ὄναρ,
302 672 372 702 οὕτω
397 671 443 701 καὶ
465 670 542 704 αὐτὸς
568 671 656 704 αὐτοῖς
677 668 874 710 ἐμφανισθήσι-

70 729 129 746 ται·
147 718 188 748 διὸ
203 717 250 747 καί
263 725 340 756 φησι⁴
353 730 365 743 ι
382 716 479 756 Κύριε,
495 715 521 745 τί
536 715 658 754 γέγονεν,
670 714 710 744 ὅτι
724 716 789 751 ἡμῖν
805 713 872 752 μέλ-

71 763 128 795 λεις
153 763 307 803 ἐμφανίζειν
322 761 432 791 σεαυτὸν
445 783 454 797 ,
477 760 522 790 καὶ
538 759 599 800 οὐχὶ
617 761 655 800 τῷ
671 759 778 799 κόσμῳ;
796 772 807 785 ι
824 758 875 789 Ἐκ

71 807 175 836 πολλοῦ
200 808 253 847 γὰρ
275 806 392 845 θάμϐους
417 805 464 835 χαὶ
488 804 640 840 ἐκπλήξεως
671 804 752 834 τοῦτό
779 815 875 844 φησιν,

71 851 167 890 ὥσπερ
184 850 217 880 ἂν
233 853 256 881 εἰ
271 851 368 889 ἔλεγεν·
393 850 465 880 Οὖαὶ
479 853 544 887 ἡμῖν
559 849 599 879 ὅτι
617 848 804 884 ἀποθνήσκεις,
828 848 873 877 καὶ

71 895 168 936 ὥσπερ
183 897 207 925 οἳ
223 895 456 932 τετελευτηκότες,
475 894 580 933 μέλλεις
595 896 662 931 ἡμῖν
683 894 873 933 ἰμφανίζεσθαι

71 941 159 980 ὄναρὶ
186 941 227 971 Τὸ
251 941 322 981 γὰρ,
347 953 358 966 α
385 940 420 970 Τί
443 939 563 979 γέγονεν;

926 316 956 336 se
970 308 1010 336 eis
1025 318 1033 336 :
1045 308 1108 344 quia
1119 311 1147 335 et
1156 315 1219 335 cum
1234 307 1441 340 resurrexisset,
1453 311 1595 343 propterea
1606 307 1727 336 comedit

927 361 990 382 cum
1005 353 1054 386 eis,
1070 357 1101 380 ut
1114 360 1150 380 ne
1172 352 1309 380 videretur
1325 352 1363 380 eis
1379 351 1538 388 phantasma
1552 351 1587 380 ⁵⁸.
1607 352 1638 380 Id
1652 352 1725 388 quod

926 402 954 426 et
968 397 1049 426 Iudae
1061 405 1133 425 nunc
1145 397 1257 425 accidit.
1271 396 1444 432 Opinahatur
1457 396 1529 424 enim
1545 396 1631 424 Judas
1648 396 1727 432 cujus

927 451 999 470 nunc
1010 443 1178 470 mentionem
1190 442 1264 473 facit,
1277 441 1350 477 quod
1361 441 1433 469 sicut
1444 441 1471 468 in
1481 441 1590 468 somnio
1601 441 1727 470 videmus

928 491 1063 519 mortuos,
1081 487 1118 515 ita
1133 491 1161 515 et
1176 487 1313 514 Dominus
1332 486 1371 514 eis
1390 485 1607 513 manifestandus
1630 489 1703 513 esset
1718 495 1725 513 :

927 532 988 560 ideo
1002 537 1029 560 et
1041 532 1109 559 dicit
1124 541 1131 560 :
1149 543 1161 557 ι
1179 532 1309 564 Domine,
1327 530 1393 567 quid
1409 530 1510 558 factum
1526 534 1567 558 est
1581 529 1656 566 quod
1674 537 1727 557 no-

927 577 970 605 bis
984 577 1104 612 teipsum
1127 575 1356 604 manifestaturus
1378 583 1418 609 es,
1433 579 1461 603 et
1487 583 1542 603 non
1566 574 1693 604 mundo?
1712 587 1725 600 υ

929 623 987 650 Ριω
1006 622 1093 649 multa
1110 621 1184 649 enim
1199 621 1383 649 admiratione
1406 624 1434 648 et
1447 624 1560 656 stupore
1582 619 1637 648 hoc
1651 619 1727 648 dicc-

928 666 985 700 bat,
1007 666 1079 694 sicut
1094 666 1116 694 si
1132 665 1245 694 dixisset
1262 675 1268 693 :
1286 666 1334 693 Vae
1358 664 1438 692 nobis
1457 664 1532 701 quod
1552 664 1682 698 moreris.
1700 669 1729 693 et

927 711 1001 747 quod
1013 711 1083 739 sicut
1096 714 1222 738 mortuus
1237 709 1456 738 manifestandus
1470 717 1499 737 es
1513 708 1594 737 nobis
1608 709 1635 737 in
1650 717 1726 737 som-

929 756 989 784 niis.
1016 757 1085 783 Nam
1098 755 1173 792 quod
1187 754 1255 783 dicit
1271 764 1278 782 :
1297 765 1309 779 ι
1325 754 1398 790 Quid
1414 753 1516 782 factum
1531 758 1583 788 est,
1609 764 1622 778 ιο
1636 753 1716 782 obstu

929 805 1056 837 pescente
1069 804 1095 828 et
1106 800 1222 828 attonita
1236 804 1326 827 mente
1340 798 1460 827 dicebat.
1483 798 1557 834 Quid
1574 798 1654 835 igitur
1669 800 1728 826 Do-

928 846 1036 873 minus?
1051 844 1192 881 quomodo
1206 853 1221 873 a
1237 848 1329 873 mente
1351 844 1535 880 suspicionem
1555 843 1613 880 ejus
1632 847 1663 872 ut
1677 843 1726 871 fal-

932 890 1017 919 lacem
1032 889 1148 919 refellit?

586 928 800 974 ..ἀχπλνξκτιχῶς
827 937 874 967 καὶ
893 935 1089 976 τιθαμϐημένῳ
1114 935 1235 974 λογισμῷ
1261 928 1331 964 εἶπε.
1360 934 1397 964 Τί
1423 929 1468 963 οὖν
1489 934 1504 963 6
1532 933 1627 973 Κύριος
1661 933 1726 973 πρὸς

71 988 178 1022 non;
206 987 270 1018 Πῶς
295 986 374 1014 αὐτοῦ
396 984 444 1021 τὴν
463 984 587 1014 ὑπόνοιαν
612 983 713 1018 ταύτην
738 985 774 1016 ὡς
792 981 952 1024 ψιυδῆλύιι;

116 1040 131 1059 «
151 1029 292 1070 Ἀπεκρίθη
320 1029 441 1067 Ἰησοῦς,
469 1029 514 1058 καὶ
534 1024 606 1058 εἶπεν
633 1028 714 1068 αὐτῷ.
746 1028 811 1057 Ἐάν
834 1039 872 1060 τις

965 1034 1055 1061 Vsus.
1079 1035 1124 1066 23,
1145 1034 1189 1060 24.
1205 1042 1218 1058 α
1235 1031 1387 1067 Respondit
1402 1033 1493 1065 Iesus,
1509 1035 1537 1059 et
1558 1031 1628 1059 dixit
1641 1031 1678 1065 ei,
1697 1032 1726 1060 Si

71 1076 170 1115 ἀγαπᾷ
187 1087 220 1113 με
231 1097 240 1111 ,
255 1074 300 1104 τὸν
311 1075 387 1114 λόγον
403 1086 453 1112 μου
467 1073 594 1112 τηρήσει,
611 1073 656 1102 καὶ
670 1074 684 1102 6
701 1071 796 1112 Πατήρ
812 1083 864 1110 μου

71 1119 211 1158 ἄγαπ-ήσιι
239 1119 326 1149 αὐτόν’
349 1119 394 1148 καὶ
419 1118 485 1159 πρὸς
511 1117 590 1148 αὐτὸν
618 1117 797 1155 ἐλευσόμεθα,
827 1116 872 1145 χαὶ

71 1164 158 1202 μονὴν
171 1163 235 1204 παρ’
249 1165 321 1204 αὐτῷ
335 1163 491 1202 ποιήσομεν.
508 1162 543 1193 Ὁ
558 1162 596 1200 μὴ
611 1163 723 1200 ἀγαπῶν
741 1173 787 1200 με,
813 1161 872 1195 τοὺς

70 1209 166 1247 λόγους
181 1221 232 1247 μου
255 1210 285 1239 οὗ
306 1212 391 1248 τηρεῖ.
418 1209 473 1239 Καὶ
498 1209 512 1238 ὁ
531 1207 607 1246 λόγος
628 1207 657 1236 ὃν
682 1205 808 1242 ἀκούετε,
825 1207 872 1236 οὐχ

70 1253 146 1283 ἔστιν
175 1254 254 1292 ἐμὸς,
284 1253 354 1283 ἀλλὰ
377 1256 422 1283 τοῦ
447 1251 600 1292 πέμψαντός
617 1263 650 1290 με
675 1250 790 1290 Πατρός.
810 1264 822 1277 ι
837 1250 872 1280 ’0

71 1298 123 1336 μὲν
139 1297 243 1332 Ἰούδας
266 1297 320 1327 ἀπὸ
344 1299 446 1334 πολλῆς
471 1297 570 1331 δειλίας
593 1296 710 1334 ἐνόμιζεν
723 1318 731 1332 ,
748 1296 788 1325 ὅτι
804 1296 872 1325 ἀπο·

70 1342 160 1372 θανὼν
177 1345 191 1372 ὃ
211 1341 325 1382 Κύριος,
346 1341 411 1382 ὄναρ
427 1342 567 1383 ἐμφανίσει
589 1341 682 1371 ἑαυτὸν
698 1340 798 1374 αὐτοῖς’
812 1340 872 1370 ὅθεν

70 1387 120 1416 χαὶ
135 1388 240 1427 ἐρωτᾷ,
261 1387 382 1427 καθάπερ
405 1388 518 1427 εἴρηται.
537 1388 572 1416 Ὁ
586 1386 613 1415 δὲ
636 1385 733 1425 Κύριος
757 1385 872 1415 διαλύων

71 1433 154 1461 αὑτοῦ
168 1431 216 1467 τὴν
231 1432 371 1470 ὑπόνοιαν,
383 1431 463 1473 φησὶν
474 1454 482 1467 ,
499 1431 541 1461 ὅτι
555 1429 666 1470 Ὥσπερ
682 1431 696 1459 6
713 1429 807 1470 Πατὴρ
823 1431 872 1466 ἒμ-

72 1476 176 1516 φανίζει
192 1476 300 1514 ἑαυτὸν,
324 1476 394 1506 οὕτω
409 1475 482 1515 κάγὼ
504 1475 642 1517 ἐμφανίσω
663 1477 725 1512 ὑμῖν
747 1474 871 1513 ἐμαυτόν.

73 1535 84 1548 ι
99 1521 177 1560 Ἐγὼ
191 1522 255 1560 γὰρ,
280 1521 362 1561 φησὶ,
387 1521 433 1551 καὶ
456 1523 470 1550 6
483 1521 581 1560 Πατὴρ
606 1520 766 1556 ἐλευσόμεθα
783 1532 795 1546 ι
809 1519 873 1558 πρὸς

72 1566 116 1595 τὸν
133 1566 307 1606 φυλάσσοντα
331 1565 392 1600 τοὺς
412 1566 505 1605 λόγους
533 1577 594 1604 μου.
623 1565 664 1594 Οὔ
692 1565 750 1594 καθ’
776 1563 874 1597 ὕπνους

72 1610 411 1650 ὶμφανισθήσομαιίῦμῖν,
443 1611 502 1640 ἀλλ’
523 1610 580 1640 ἐπεὶ
603 1609 671 1647 μετὰ
695 1611 744 1638 τοῦ
769 1609 872 1648 ΙΙατρὸς

73 1655 166 1693 μέλλω
179 1655 273 1693 ἐλθεῖν,
284 1657 320 1689 ὣς
335 1655 403 1688 εἰκός
417 1655 474 1684 ἔστι
489 1654 532 1684 τὸν
545 1654 656 1694 Πατέρα
674 1654 871 1694 ἐμφανίζεσθαι,

72 1699 144 1729 οὕτω
157 1700 299 1739 γενήσεται
319 1700 365 1730 καὶ
381 1702 398 1735 ἡ
418 1700 469 1738 ἐμὴ
488 1700 553 1740 πρὸς
575 1701 644 1737 ὑμᾶς
659 1698 797 1739 ἐμφάνεια.
818 1698 872 1728 Καὶ

72 1745 101 1774 τὸ
117 1735 231 1785 [ﬁniit]
246 1746 330 1774 εἰπεῖν
346 1744 372 1774 δὲ
383 1766 391 1781 ,
407 1735 447 1774 ὅτι
469 1758 480 1771 ι
500 1735 598 1779 Maviij
615 1735 679 1782 παρᾶ
701 1735 775 1782 αὐτῷ
790 1742 872 1778 ποιή-
887 1735 910 1767 c

72 1801 174 1828 σομεν,
191 1803 204 1816 ι
220 1789 361 1829 ἀνατρέπει
383 1791 429 1818 τοῦ
448 1789 536 1818 Ἰούδα
552 1789 599 1824 τὴν
616 1788 754 1818 ὗπόνοιαν.
773 1789 806 1817 Οῐ
819 1787 870 1828 γὰρ

73 1834 184 1874 ὄνειροι,
203 1834 302 1874 φησὶν,
326 1835 356 1863 οὖ
377 1833 588 1873 παραμένουσιν·
607 1833 660 1872 ἐγὼ
683 1832 711 1862 δὲ
729 1832 874 1872 ἐμφανιζό-

73 1891 170 1916 μενος,
186 1881 333 1918 παραμενῶ
351 1879 419 1916 μετὰ
430 1883 476 1908 τοῦ
494 1877 611 1917 Πατρός·
628 1879 676 1907 οὒκ
692 1877 744 1917 ἄρα
765 1876 874 1916 ὀνειρώ-

75 1924 121 1960 δης
146 1923 224 1953 ἔσται
250 1925 265 1958 ἡ
289 1923 453 1963 ἐπιφοίτησίς
475 1935 537 1961 μου.
564 1922 695 1963 Προλέγει
719 1921 747 1951 δὲ
769 1922 872 1957 αὐτοῖς,

73 1970 107 2002 ὡς
126 1968 208 2008 ἔφην,
225 1966 265 1996 ὅτι
281 1967 526 2009 ἕμφανισθήσιται,
541 1967 585 1996 ἵνα
607 1967 644 2005 μὴ
664 1967 808 2008 φάντασμα
822 1967 874 1995 αὖ-

73 2013 117 2043 τὸν
142 2013 254 2050 δόξωσι,
277 2013 325 2042 καὶ
351 2012 407 2051 ἅμα
428 2012 548 2052 διεγείρει
565 2011 660 2045 αὐτοὺς
685 2012 720 2045 εἷς
739 2011 768 2041 τὸ
783 2016 873 2051 τηρεῖν

73 2057 121 2091 τὰς
136 2060 218 2087 αῧτοῧ
236 2056 357 2091 ἐντολὰς,
384 2057 486 2090 εἰδότας
501 2056 541 2086 ὅτι
565 2061 619 2090 τοῖς
633 2059 743 2095 τηροῦσι
759 2056 872 2093 ταύτας,

74 2102 248 2143 ἐμφανίζεται
260 2101 307 2131 καὶ
320 2101 410 2138 αὐτὸς,
426 2101 472 2131 χαὶ
486 2103 500 2131 6
517 2101 626 2140 Πατήρ·
641 2100 732 2140 ὥσπερ
748 2095 782 2129 αὖ
794 2101 874 2129 πάλιν

73 2149 120 2177 τοῦ
136 2147 176 2186 μὴ
201 2149 339 2186 τηροῦντος
364 2147 410 2180 τὰς
429 2146 536 2179 ἐντολὰς
558 2146 702 2186 ἀφίσταται
728 2144 773 2175 καὶ
797 2145 874 2178 αὐτὸς

74 2192 119 2222 καὶ
135 2194 150 2221 6
167 2191 274 2231 Πατὴρ,
297 2191 332 2224 ὡς
354 2191 392 2228 μὴ
412 2191 576 2229 ἀγαπῶντος.
596 2203 608 2217 ν
630 2189 665 2219 Ὁ
680 2190 731 2229 γὰρ
747 2189 784 2227 μὴ
806 2191 874 2227 ἄγα-

75 2238 132 2266 πῶν
149 2248 198 2275 με,
215 2236 296 2276 φησὶ,
311 2234 369 2268 τοὺς
385 2236 476 2274 λόγους
497 2247 548 2274 μου
566 2236 595 2265 οὖ
610 2236 694 2274 τηρεῖ’
709 2248 721 2260 ι
735 2233 804 2263 ὥστε
815 2233 873 2263 οὐδὲ

75 2281 118 2310 τὸν
136 2281 248 2320 Πατέρα
272 2281 380 2320 ἀγαπᾷ,
401 2283 415 2310 6
435 2279 472 2318 μὴ
495 2281 606 2318 ἀγαπῶν
620 2279 664 2308 τὸν
685 2279 759 2309 Υίόνο
786 2280 800 2308 6
823 2278 874 2318 γὰρ

75 2325 150 2365 λόγος
170 2314 221 2355 τοῦ.
232 2314 316 2360 Υῐοὶί,
333 2314 378 2354 xui
395 2314 440 2354 τού
456 2314 563 2363 Πατρός
580 2325 658 2353 ἐστιν.
673 2323 706 2354 Ὁ
722 2323 761 2362 μὴ
774 2314 874 2363 φυλάιί-

76 2381 128 2400 των
143 2365 189 2399 οὖν
203 2370 248 2399 τὸν
261 2369 339 2408 λόγον
352 2371 398 2399 τοῦ
411 2370 493 2405 Υίοῢ,
508 2369 567 2404 ἤτοι
579 2371 627 2399 τοῦ
642 2368 747 2407 Πατρὸς
756 2391 764 2405 ,
779 2369 814 2402 ὡς
830 2379 874 2407 μι-

77 2419 115 2454 σεῖ
129 2414 176 2444 τὸν
191 2413 274 2453 Υὶὸν,
297 2413 365 2444 οὕτω
386 2413 433 2443 καὶ
452 2414 497 2443 τὸν
514 2413 635 2454 Πατέρα.
658 2412 752 2450 Ὑμεῖς
767 2413 852 2443 τοίνυν
865 2435 873 2450 ,

75 2453 96 2488 ὦ
115 2459 252 2498 μαθηταὶ,
279 2458 338 2492 τοὺς
364 2458 456 2497 λόγους
481 2470 532 2497 μου
559 2453 716 2497 φυλάσσετε·
732 2456 802 2487 οὕτω
823 2457 874 2498 γὰρ

77 2503 106 2533 ἂν
123 2503 172 2539 τήν
195 2515 224 2532 τε
247 2503 314 2543 πρὸς
331 2503 381 2542 ἐμὲ
396 2503 442 2532 καὶ
463 2504 507 2533 τὸν
524 2503 634 2544 Πατέρα
658 2502 765 2541 ἀγάπην
791 2502 875 2531 ἐνδεί-

77 2548 164 2583 ξησθε.
181 2547 261 2582 Τινὲς
282 2547 309 2577 δὲ
336 2548 384 2577 οὐχ
400 2546 452 2576 ἀπὸ
467 2547 566 2580 δειλίας
587 2548 669 2588 φασὶ,
688 2547 733 2576 τὸν
753 2546 874 2586 μαθητὴν

77 2593 194 2631 Ἰούδαν,
217 2593 279 2622 ἀλλ’
307 2592 360 2621 ἀπὸ
385 2592 571 2633 φιλανθρώπου
593 2592 702 2631 γνώμης
718 2592 800 2621 εἰπεῖν
825 2591 873 2629 τὸ,

78 2638 153 2667 Διατί
175 2650 188 2664 ιι
205 2638 312 2676 μέλλεις
336 2637 486 2676 ἐμφανίζειν
508 2636 619 2666 σεαυτὸν
640 2637 720 2675 ἡμῖν,
746 2635 792 2666 καὶ
815 2636 874 2676 οὐχὶ

77 2683 112 2722 τῷ
134 2682 249 2722 χόσμῳ;
276 2695 288 2708 ι
303 2681 454 2712 Ὴϐούλετο
467 2681 518 2721 γὰρ
539 2681 577 2719 μὴ
600 2681 687 2719 μόνοις
713 2683 767 2713 τοῖς
783 2683 872 2720 μαθη-

78 2728 132 2760 ταῖς
146 2727 276 2766 ὑπάρχειν
301 2726 349 2762 τὴν
365 2727 395 2756 ἐκ
409 2729 456 2763 τῆς
471 2725 625 2766 ἐπιφανείας
640 2725 788 2766 ὠφέλειαν,
804 2725 874 2755 ἀλλὰ

78 2772 120 2801 καὶ
133 2771 214 2802 παντὶ
230 2773 269 2812 τῷ
282 2773 386 2812 κόσμῳ.
400 2769 436 2802 c0
459 2770 489 2801 δέ
503 2782 533 2810 γι
550 2770 649 2811 Σωτὴρ
665 2771 815 2808 δείκνυσιν,
833 2770 874 2800 ὅτι

110 2855 133 2873 ⁸⁸
149 2856 230 2886 loco.
245 2862 314 2891 nt,
331 2858 350 2884 4
363 2862 441 2892 seqq.

890 2350 914 2382 Ι)

929 1078 991 1114 quis
1006 1078 1094 1113 diligit
1107 1085 1162 1111 me,
1177 1085 1336 1105 sermonem
1350 1077 1434 1112 706
1450 1084 1543 1104 meum
1559 1076 1686 1110 servabit,
1702 1080 1730 1105 et

928 1125 1009 1152 Pater
1024 1131 1103 1151 meus
1125 1123 1222 1158 diliget
1242 1130 1317 1156 eum,
1333 1126 1362 1150 et
1383 1121 1417 1150 ad
1443 1129 1507 1149 eum
1533 1122 1685 1154 veniemus,
1700 1125 1729 1150 et

927 1168 1099 1196 mansionem
1114 1167 1188 1203 apud
1203 1175 1267 1195 eum
1283 1166 1423 1194 faciemus.
1438 1167 1490 1202 Qui
1506 1174 1563 1194 non
1572 1166 1661 1202 diligit
1671 1173 1727 1201 me,

926 1220 1068 1241 sermones
1080 1220 1158 1240 meos
1171 1219 1225 1240 non
1241 1216 1340 1240 servat.
1357 1213 1392 1239 Et
1406 1219 1498 1239 sermo
1518 1219 1600 1247 quem
1617 1210 1727 1245 auditis,

926 1265 981 1285 non
997 1261 1039 1285 est
1048 1265 1137 1291 meus,
1149 1256 1198 1285 sed
1209 1256 1268 1292 ejus
1282 1257 1329 1293 qui
1342 1255 1419 1284 misit
1434 1263 1478 1283 me
1492 1256 1593 1283 Patris.
1611 1267 1625 1280 ι
1643 1255 1728 1284 Judas

926 1302 1037 1338 quidem
1051 1309 1107 1338 prae
1122 1301 1207 1329 multa
1220 1301 1367 1329 formidine
1381 1300 1556 1328 existimabat
1565 1299 1640 1336 quod
1655 1308 1729 1328 mor-

926 1350 991 1374 tuus
1006 1346 1143 1374 Dominus
1165 1346 1192 1373 in
1217 1346 1333 1374 somniis
1346 1353 1376 1374 se
1398 1344 1568 1373 exhibiturus
1586 1349 1658 1373 esset
1676 1344 1728 1379 eis,

926 1391 1000 1419 unde
1015 1395 1043 1419 et
1060 1390 1247 1426 interrogabat
1258 1390 1331 1418 sicut
1344 1389 1450 1418 dictum
1463 1394 1511 1417 est.
1527 1390 1663 1417 Dominus
1676 1397 1726 1417 au-

926 1439 983 1464 tem
1003 1435 1130 1464 refellens
1149 1435 1206 1471 ejus
1218 1435 1414 1470 suspicionem,
1431 1435 1520 1470 inquit
1535 1444 1541 1462 :
1561 1434 1636 1462 Sicut
1650 1435 1729 1462 Pater

928 1479 1085 1508 manifestat
1105 1480 1237 1516 seipsum,
1262 1479 1297 1507 ita
1321 1483 1349 1507 et
1368 1487 1419 1515 ego
1444 1479 1524 1507 vobis
1544 1477 1728 1506 manifestabo

927 1525 1133 1561 memetipsum.
1158 1536 1172 1550 ‹‹
1189 1526 1247 1560 Ego
1262 1524 1348 1558 enim,
1368 1524 1468 1560 inquit.
1491 1527 1519 1552 et
1535 1525 1615 1551 Pater
1631 1523 1727 1551 venie-

927 1578 990 1598 mus
1005 1582 1017 1594 -
1033 1570 1069 1598 ad
1085 1577 1135 1598 eos
1147 1569 1192 1605 qui
1203 1569 1363 1597 custodiunt
1373 1576 1514 1596 sermones
1529 1576 1606 1596 meos
1622 1578 1627 1595 :
1644 1571 1728 1604 atque

927 1615 964 1643 ita
981 1622 1036 1642 non
1059 1615 1086 1642 in
1100 1614 1217 1642 somniis
1234 1613 1476 1642 manifestabimur
1498 1613 1586 1645 vobis,
1602 1612 1649 1640 sed
1664 1611 1728 1648 quia

925 1667 989 1687 cum
1006 1661 1084 1687 Patre
1099 1664 1231 1688 venturus
1242 1666 1316 1692 sum,
1332 1662 1362 1686 ut
1378 1665 1427 1694 par
1446 1662 1489 1686 est
1506 1660 1615 1685 Patrem
1638 1657 1727 1685 mani-

927 1703 1032 1738 festari,
1047 1704 1084 1731 ita
1106 1703 1154 1731 ﬁet
1177 1707 1205 1731 et
1219 1711 1280 1731 mea
1296 1702 1483 1730 manifestatio
1497 1710 1552 1738 qua
1572 1702 1648 1730 vobis
1666 1710 1728 1730 ma-

927 1748 1083 1776 nifestabor.
1097 1750 1133 1776 At
1147 1747 1277 1781 dicendo,
1295 1759 1307 1772 ι
1323 1747 1496 1775 Mansionem
1517 1747 1588 1783 apud
1603 1755 1666 1775 eum
1685 1746 1728 1775 fa-

927 1794 1040 1827 ciemus,
1066 1804 1079 1817 -
1105 1792 1241 1821 subvertit
1258 1792 1339 1820 Iudae
1352 1792 1546 1828 suspicionem.
1566 1793 1629 1819 Non
1651 1791 1727 1820 enim

926 1837 1035 1865 somnia
1045 1841 1169 1869 manent,
1184 1837 1282 1873 inquit.
1299 1838 1356 1872 Ego
1365 1841 1459 1864 autem
1473 1843 1537 1863 cum
1550 1835 1726 1869 manifestor,

927 1889 1028 1909 maneo
1040 1889 1104 1909 cum
1119 1882 1199 1908 Patre
1220 1890 1227 1908 :
1241 1888 1296 1908 non
1312 1880 1396 1915 igitur
1408 1880 1484 1916 quasi
1498 1880 1524 1907 in
1554 1880 1662 1908 somnio
1677 1880 1729 1908 erit

927 1926 1047 1954 visitatio
1063 1933 1132 1953 mea.
1148 1925 1274 1953 Praedicit
1290 1929 1383 1952 autem
1410 1925 1450 1952 eis
1471 1926 1512 1957 (ut
1525 1923 1594 1957 dixi)
1614 1931 1644 1952 se
1665 1932 1727 1952 ma-

927 1969 1127 2002 nifestaudum.
1143 1974 1173 1998 ut
1188 1978 1223 1998 ne
1248 1969 1409 2006 phantasma
1437 1969 1527 2004 ipsum
1552 1972 1649 2004 putent
1673 1978 1681 1996 :
1701 1973 1730 1996 ct

927 2015 1039 2043 interim
1052 2015 1214 2043 exhortatur
1228 2022 1276 2042 eos
1291 2014 1326 2041 ad
1341 2013 1506 2041 servandum
1523 2012 1651 2041 mandata
1666 2021 1727 2046 sua,

926 2060 1041 2089 scientes
1073 2060 1147 2095 quod
1181 2059 1352 2087 servantibus
1371 2058 1416 2086 illa
1448 2057 1667 2086 manifestandus
1693 2058 1729 2086 sit

926 2105 984 2141 ipse
997 2109 1025 2132 et
1042 2105 1131 2132 Pater.
1147 2104 1192 2132 Sic
1207 2111 1315 2140 quoque
1329 2103 1363 2130 ab
1375 2111 1408 2131 eo
1418 2103 1465 2138 qui
1478 2110 1533 2130 non
1546 2106 1637 2130 servat
1647 2109 1727 2130 man-

925 2150 999 2183 data,
1013 2149 1128 2177 discedit
1141 2153 1167 2176 et
1182 2149 1239 2184 ipse
1253 2152 1281 2176 et
1304 2149 1393 2182 Pater,
1412 2152 1543 2183 tanquam
1559 2155 1573 2175 a
1589 2155 1647 2174 non
1662 2147 1725 2175 dili-

927 2197 1017 2230 gente.
1035 2206 1046 2218 -
1064 2195 1134 2222 Nam
1155 2194 1200 2229 qui
1217 2201 1271 2220 non
1286 2192 1375 2227 diligit
1397 2200 1452 2225 me,
1469 2192 1570 2227 inquit,
1586 2199 1728 2220 sermones

929 2246 1005 2267 meos
1020 2246 1075 2266 non
1087 2242 1189 2270 servat,
1208 2249 1220 2262 1
1235 2242 1316 2273 atque
1332 2238 1368 2264 ila
1384 2244 1472 2272 neque
1494 2238 1606 2264 Putrem
1626 2236 1729 2271 diligit,

927 2283 974 2319 qui
990 2291 1045 2310 non
1060 2283 1148 2317 diligit
1171 2283 1278 2310 Filium.
1301 2282 1372 2309 Nam
1395 2289 1488 2309 sermo
1503 2281 1573 2314 Filii.
1588 2285 1616 2308 et
1637 2281 1728 2309 Patris

930 2333 979 2356 est.
992 2328 1047 2363 Qui
1060 2328 1142 2363 igitur
1156 2335 1212 2355 non
1231 2327 1351 2354 custodit
1362 2334 1520 2354 sermonem
1538 2325 1611 2359 Filii,
1623 2326 1662 2353 vel
1677 2327 1728 2353 Pa-

931 2373 995 2405 tris;
1011 2373 1082 2400 sicut
1103 2372 1160 2400 odit
1176 2371 1283 2405 Filium,
1305 2371 1343 2399 ita
1362 2375 1388 2398 et
1414 2372 1530 2399 Patrem.
1559 2371 1616 2398 Vos
1635 2370 1728 2406 igilur,

928 2417 1062 2453 discipuli,
1078 2416 1214 2445 custodite
1225 2423 1366 2444 sermones
1376 2423 1460 2443 meos.
1472 2417 1512 2443 Ita
1523 2414 1598 2443 enim
1606 2415 1726 2443 declara-

930 2462 990 2490 bitis
1008 2461 1181 2490 dilectionem
1197 2465 1255 2488 tam
1274 2468 1337 2495 erga
1358 2468 1411 2494 me,
1427 2467 1511 2495 quam
1529 2467 1593 2496 erga
1608 2461 1727 2489 Patrem.

929 2506 1046 2542 Quidam
1065 2510 1158 2534 autem
1181 2505 1279 2533 dicunt
1303 2505 1403 2533 Judam
1431 2504 1595 2540 discipulum
1620 2512 1675 2532 non
1696 2511 1728 2531 cx

928 2551 1089 2584 formidine,
1103 2550 1160 2586 ;sed
1182 2550 1352 2578 misericordi
1368 2553 1458 2578 mente
1473 2549 1573 2577 dixisse
1589 2559 1595 2577 :
1612 2560 1624 2573 -
1640 2549 1730 2583 Quare

928 2595 1154 2624 manifestaturus
1166 2603 1195 2623 es
1218 2599 1243 2623 te
1258 2594 1348 2628 nobis,
1364 2598 1392 2622 et
1406 2602 1461 2622 non
1483 2594 1605 2622 mundo?
1622 2605 1634 2617 ιι
1651 2592 1728 2620 Volo.

928 2639 976 2668 bat
992 2641 1064 2669 enim
1079 2648 1135 2668 non
1150 2639 1225 2668 solos
1238 2639 1400 2675 discipulos,
1423 2638 1470 2667 sed
1487 2642 1514 2666 et
1535 2642 1624 2666 totum
1646 2645 1728 2664 mun-

928 2685 994 2714 dum
1005 2685 1153 2713 utilitatem
1164 2692 1197 2712 ex
1207 2683 1428 2712 manifestatione
1446 2683 1504 2719 ejus
1519 2682 1670 2718 percipere.
1692 2682 1730 2708 At

928 2730 1052 2758 Salvator
1066 2729 1186 2758 ostendit
1200 2737 1254 2758 non
1268 2736 1367 2757 omnes
1381 2728 1445 2756 talia
1465 2726 1605 2762 consequi,
1618 2725 1667 2754 sed
1677 2733 1728 2753 nos

928 2774 1061 2804 duntaxat
1071 2774 1117 2811 qui
1132 2773 1260 2802 mandata
1275 2773 1347 2802 illius
1363 2779 1515 2805 servamus,
1533 2771 1610 2807 digni
1625 2769 1728 2799 videbi-
