1922 3077
209 210 259 237 187

205 319 297 344 autem
318 315 364 351 qui
386 315 506 343 custodit
520 314 662 348 mandata,
678 318 719 342 est
737 316 808 342 Deus
829 319 857 342 et
871 316 961 348 Pater,
976 319 1004 343 et

207 368 262 388 non
274 361 346 388 sicut
364 360 393 387 in
407 359 476 388 Filio
487 381 494 393 ,
505 360 542 388 ita
556 364 583 388 et
597 359 625 387 iu
638 360 698 387 hoc.
710 360 742 386 In
753 359 824 387 Filio
835 359 946 395 quidem
959 367 1004 387 na-

205 409 266 433 tura
285 408 337 438 est,
352 405 382 432 in
404 404 516 433 homine
529 409 621 433 autem
643 404 793 432 secundum
814 404 1003 432 habitudinem

207 449 367 486 quamdam.

241 585 326 612 Vens.
339 586 384 617 25,
400 586 442 611 26.
467 593 481 610 ιι
496 584 562 611 Haec
577 583 683 611 locutus
696 591 758 611 sum
778 583 854 611 vobis
868 583 940 619 apud
954 591 1003 611 vos

209 636 325 658 manens
349 638 356 657 :
379 628 535 656 Paracletus
560 632 652 656 autem
677 628 731 662 ille,
754 628 800 664 qui
821 632 863 656 est
887 628 1020 664 Spiritus.

205 678 325 707 sanctus,
341 681 422 710 quem
437 674 528 701 mittet
541 675 622 701 Pater
636 673 664 701 in
681 673 790 701 nomine
807 681 880 707 meo,
895 673 939 701 ille
955 681 1003 701 vos

206 718 317 747 docebit
334 717 438 751 omnia,
454 721 481 745 et
493 722 621 753 suggeret
632 718 706 745 vobis
721 717 815 745 omnia
830 725 1002 754 quaecunque

205 763 263 790 dixi
281 763 366 790 vobis.
380 774 392 787 π
412 763 550 797 Quoniam
565 762 678 790 obscura
701 767 777 790 erant
791 762 927 798 discipulis
941 770 1003 799 qua:

205 816 220 836 a
235 807 356 836 Domino
371 807 544 841 dicebantur,
558 812 586 835 et
599 808 650 835 alia
671 807 782 844 quidem
799 815 855 834 non
872 807 1002 843 intellige-

207 852 284 886 baut,
298 856 326 880 et
338 851 371 880 de
385 852 445 880 aliis
458 852 579 880 multum
598 851 760 880 dubitabant
782 861 788 879 :
805 856 836 879 ut
852 860 886 880 ue
902 852 1001 880 iterum

205 897 374 932 interrogent
388 904 451 924 eum
472 901 501 924 et
521 896 615 924 dicant
631 905 639 924 :
661 898 728 932 Quae
742 896 870 924 mandata
895 904 1002 925 servare

205 941 353 970 debemus?
368 941 466 969 liberat
478 949 524 969 eos
538 949 554 969 a
569 942 735 974 turbatione,
751 941 844 969 dicens
857 950 864 969 :
878 941 1001 969 Paracle-

203 991 247 1014 tus
262 986 378 1014 obscura
392 990 419 1014 et
432 985 571 1013 intellectu
588 985 718 1019 difﬁcilia,
732 986 840 1021 cognita
863 986 939 1014 vobis
958 985 998 1014 fa-

204 1031 266 1059 ciet.
288 1031 360 1059 Nam
384 1041 398 1054 ι
423 1029 482 1059 hmo
498 1042 511 1054 ι»
531 1037 593 1066 quae
616 1030 692 1058 vobis
722 1030 848 1058 videntur
871 1030 1000 1066 obscura,

206 1075 288 1110 707
304 1075 371 1103 dixit
383 1083 449 1103 cum
464 1087 475 1099 ι
491 1083 635 1103 manerem
646 1079 674 1103 et
683 1082 772 1103 essem
785 1074 858 1111 apud
871 1083 930 1103 vos.
944 1087 957 1100 »
971 1076 999 1104 Si

204 1124 297 1148 autem
311 1120 416 1154 abiero,
430 1120 464 1148 de
475 1119 603 1148 omnibus
615 1119 790 1148 docebimini.
801 1120 889 1156 Igitur
899 1119 934 1148 de
946 1120 1000 1148 dis-

204 1172 282 1193 cessu
299 1172 361 1192 meo
383 1173 440 1192 non
459 1168 568 1200 oportet
582 1172 630 1192 vos
654 1172 714 1192 esse
733 1164 835 1198 tristes,
860 1164 907 1200 qui
925 1169 1001 1193 tanta

205 1209 281 1238 vobis
293 1209 364 1237 bona
388 1213 550 1246 tantamque
567 1209 729 1245 sapientiam
751 1208 858 1237 afferet.
874 1209 1002 1244 Quandiu

205 1254 277 1282 enim
294 1262 345 1291 ego
366 1253 438 1290 apud
458 1262 506 1282 vos
527 1262 637 1286 maneo,
661 1258 688 1282 et
704 1253 822 1289 Spiritus
845 1262 901 1282 non
915 1254 1000 1289 venit,

203 1299 271 1327 nihil
299 1307 429 1336 magnum
449 1307 537 1335 neque
562 1299 679 1327 sublime
707 1298 858 1335 intelligere
877 1299 1000 1334 potestis.

204 1344 324 1373 Subinde
339 1348 429 1372 autem
446 1344 617 1372 Paracletum
638 1343 772 1378 nominat,
789 1347 901 1379 propter
913 1343 1001 1371 conti-

203 1396 274 1417 nuas
288 1389 413 1425 ipsorum
439 1388 610 1420 aiﬂietiones.
636 1387 710 1416 bono
741 1388 804 1416 illos
826 1387 920 1416 animo
942 1396 1002 1416 esse

202 1431 316 1467 faciens,
330 1433 404 1469 quod
417 1433 451 1461 ab
463 1433 510 1461 illo
525 1432 692 1460 rel'ocillandi
703 1436 805 1460 essent.
817 1432 899 1468 Quod
909 1437 1002 1460 autem

204 1477 282 1512 dicit,
298 1489 311 1503 (ι
336 1479 368 1506 In
382 1478 495 1505 nomine
510 1485 572 1504 meo
597 1488 610 1502 ι
646 1477 736 1504 veniet
758 1488 771 1501 α
795 1477 963 1510 Paracletus,
989 1489 1001 1502 ι

204 1522 258 1551 hoc
271 1522 339 1555 vult.
352 1522 427 1558 quod
441 1521 513 1549 Nihil
528 1521 648 1549 alienum
658 1529 674 1549 a
689 1529 732 1549 me
744 1521 876 1549 docturus
890 1526 932 1550 est
942 1529 1001 1556 vos,

204 1575 292 1603 neque
307 1567 446 1602 propriam
461 1566 576 1602 gloriam
589 1566 641 1594 sibi
661 1566 826 1600 vindicabit;
842 1566 889 1594 sed
910 1566 937 1594 in
953 1574 1002 1595 no-

205 1611 280 1639 mine
296 1619 358 1639 meo
373 1611 470 1644 veniet,
487 1611 540 1638 hoc
558 1615 609 1645 est,
625 1611 653 1638 in
666 1610 782 1646 gloriam
800 1611 855 1639 mei
871 1611 1002 1645 nominis,

205 1663 260 1683 non
276 1656 318 1683 sui
334 1665 341 1684 :
363 1656 390 1684 id
404 1656 478 1691 quod
494 1655 597 1683 faciunt
611 1655 749 1683 contraria
763 1656 904 1690 docentes,
924 1656 1004 1684 audi-

206 1700 311 1728 toribus
325 1701 381 1728 suis
396 1700 538 1736 proprium
556 1708 660 1728 nomen
685 1701 917 1728 commendantes.
936 1701 1005 1736 Qui-

205 1745 269 1772 dam
275 1749 367 1773 autem
375 1745 582 1781 sicintelligunt,
593 1757 605 1768 α
616 1746 646 1773 In
656 1745 769 1773 nomine
779 1753 841 1773 meo
853 1754 860 1773 :
873 1757 886 1771 ν
895 1747 1003 1774 Nomen

205 1789 319 1824 Christi,
329 1790 491 1818 Paracletus.
506 1791 646 1818 Habemus
663 1791 747 1822 enim,
764 1790 862 1826 inquit,
877 1790 1002 1818 Paracle-

206 1839 266 1863 tum
281 1835 376 1863 Jesum
390 1835 539 1864 Christum.
556 1836 624 1871 Quia
641 1835 724 1871 igitur
738 1840 765 1863 et
775 1836 889 1871 Spiritus
904 1835 949 1872 qui
961 1843 1004 1863 vc-

205 1880 246 1907 nit
266 1879 300 1908 ad
319 1880 475 1917 discipulos,
503 1881 659 1908 Paracletus
680 1880 767 1908 iactus
788 1885 837 1915 est,
861 1880 1004 1908 moestitias

205 1924 313 1953 illorum
328 1925 530 1958 consolaturus,
559 1926 586 1953 in
609 1926 720 1953 nomine
740 1925 839 1953 Christi
853 1926 935 1953 venit.
953 1926 1004 1953 Pa-

205 1971 321 1998 raclctus
331 1971 406 1998 enim
419 1974 447 1998 et
457 1972 514 2006 ipse
524 1970 596 1998 sicut
607 1970 743 1998 Christus.
759 1970 812 1998 Sed
822 1974 850 1998 et
862 1969 1003 1998 Christum

205 2015 305 2043 Paulus
316 2015 469 2042 nominavit
483 2015 625 2050 Spiritum,
637 2015 704 2042 dum
718 2014 795 2048 dicit,
815 2027 827 2038 ιι
843 2015 899 2042 Vos
912 2019 1003 2042 autem

206 2066 262 2087 non
287 2060 351 2087 estis
365 2060 392 2086 in
406 2067 498 2092 carne,
515 2059 561 2086 sed
577 2059 607 2086 in
627 2059 740 2094 Spiritu,
755 2058 778 2086 si
793 2058 902 2094 quidem
917 2058 1002 2094 Spiri-

207 2107 251 2131 tus
276 2103 326 2131 Dei
350 2103 453 2131 habitat
474 2103 504 2130 in
525 2103 611 2131 vobis.
634 2103 663 2131 Si
677 2107 769 2130 autem
790 2103 851 2138 quis
873 2103 1003 2138 Spiritum

208 2147 307 2176 Christi
322 2156 377 2176 non
400 2147 491 2180 habet,
516 2148 560 2176 hic
584 2155 641 2175 non
666 2152 707 2175 est
728 2148 786 2182 ejus
804 2146 837 2175 ⁵⁷.
857 2158 870 2171 ιι
898 2147 1004 2176 Deinde

206 2193 299 2221 subdit
311 2202 318 2220 :
332 2204 346 2217 ι
359 2193 387 2220 Si
405 2198 497 2220 autem
507 2192 634 2220 Christus
646 2193 672 2220 in
685 2192 762 2220 vobis
771 2192 805 2220 ⁸⁸.
821 2204 833 2216 ν
848 2192 930 2220 Vides
941 2200 1005 2229 quo-

712 207 970 235 THEOPHYLACTI
991 206 1171 234 BULGARl/E
1190 206 1347 235 ARCHIEP.
1794 206 1836 233 188

206 279 270 299 mur
283 270 369 307 ipsius
379 269 601 298 manifestatione
609 269 748 305 Patrisque
761 270 915 298 dilectione.
926 270 957 297 in
969 277 1001 298 eo
1016 283 1042 315 Α

1060 270 1089 299 οὖ
1106 269 1202 304 πάντες
1217 269 1402 304 καταξιοῦνται
1423 270 1476 300 τῶν
1488 268 1628 306 τοιούτων,
1645 268 1715 298 ἄλλα
1737 268 1805 308 μόνοι
1817 270 1839 298 οἱ

1059 314 1237 355 φυλάσσοντες
1250 316 1330 344 αὐτοῦ
1343 314 1392 348 τὰς
1411 314 1533 354 ἐντολὰς,
1555 313 1622 348 ἄξιοι
1636 314 1786 354 γενήσονται
1798 315 1839 348 τῆς

1058 371 1086 388 τε
1111 361 1190 389 αὐτοῦ
1213 359 1380 400 ἐπιφανείας,
1401 359 1447 389 καὶ
1470 361 1516 395 τῆς
1531 361 1578 388 τοῦ
1602 359 1708 398 Πατρὸς
1732 357 1837 396 ἀγάπης.

1058 404 1105 434 Ἐν
1129 403 1181 444 γὰρ
1201 407 1238 444 τῷ
1264 404 1426 444 φυλάσσοντι
1449 403 1495 437 τὰς
1521 403 1645 441 ἐντολὰς,
1662 403 1732 433 ἔστιν
1753 405 1766 431 ὁ
1780 403 1841 436 Θεὸς

1057 449 1102 478 καὶ
1120 449 1225 489 Πατήρο
1240 451 1300 479 ἀλλ’
1315 450 1365 489 οὐχ
1380 449 1470 488 ὥσπερ
1488 449 1514 478 ἐν
1529 450 1568 488 τῷ
1586 449 1661 488 Υἱῷ,
1681 448 1748 478 οὕτω
1762 448 1804 476 καὶ
1818 449 1841 476 ἔν

1058 493 1148 535 τούτῳ·
1164 495 1189 523 ἐν
1203 496 1241 535 τῷ
1264 495 1320 534 Υἱῷ
1335 495 1384 533 μὲν
1399 495 1449 535 γὰρ
1466 495 1599 535 φυσικῶς,
1620 495 1647 523 ἐν
1664 495 1702 534 τῷ
1723 492 1840 534 ἀνθρώπῳ

1057 538 1085 568 δὲ
1101 540 1240 578 σχετικῶς.

1098 597 1110 610 ιι
1125 585 1220 614 Ταῦτα
1236 583 1374 619 λελάληκα
1396 583 1474 622 ὑμῖν,
1499 585 1564 624 παρ’
1589 584 1650 622 ὓμίν
1675 581 1796 621 μένων-ὁ
1818 581 1842 611 δὲ

1058 629 1235 668 Παράκλητος
1251 629 1282 658 τὸ
1302 630 1415 666 Πνεῦμα
1435 627 1466 657 τὸ
1481 628 1555 667 ἅγιον
1568 651 1576 667 ,
1593 628 1606 657 ὃ
1619 627 1744 668 πέμψειὸ
1758 626 1842 666 Πατὴρ

1057 673 1083 702 ἓν
1098 675 1138 713 τῷ
1163 673 1273 712 ὀνόματί
1291 685 1358 713 μου,
1374 673 1472 706 ἐκεῖνος
1491 676 1560 711 ὑμᾶς
1582 673 1679 707 διδάξει
1694 672 1789 709 πάντα,
1803 671 1842 700 καὶ

1056 718 1203 756 ὑπομνήσει
1233 720 1301 757 ὑμᾶς
1329 718 1416 748 πάντα
1446 717 1463 747 ἃ
1493 714 1565 747 εἷπον
1594 720 1668 757 ὑμῖν.
1694 730 1706 744 ι
1741 715 1842 751 Ἐπειδὴ

1057 763 1147 803 ἀσαφῆ
1164 763 1216 796 τοῖς
1239 766 1369 801 μαθηταῖς
1385 758 1453 798 ἦσαν
1479 763 1513 792 τὰ
1540 763 1591 792 ὑπὸ
1617 765 1664 792 τοῦ
1680 761 1778 800 Κυρίου
1800 761 1842 790 λε-

1055 807 1170 845 γόμενα,
1187 807 1233 837 καὶ
1251 807 1285 838 τὰ
1298 808 1345 845 μὲν
1359 807 1418 837 οὐδὲ
1433 807 1573 844 συνίεσαν,
1591 807 1626 837 τὰ
1643 807 1670 836 δὲ
1685 805 1789 836 πλείονα
1801 806 1840 834 καὶ

1056 851 1239 892 ἄμερέϐαλλον·
1256 851 1301 882 ἵνα
1324 854 1362 890 μὴ
1379 852 1458 881 πάλιν
1482 852 1614 892 ἐρωτῶσιν
1630 852 1724 886 αὐτὸν,
1743 850 1786 880 καὶ
1802 849 1840 878 λέ-

1054 908 1130 936 γωσι·
1144 897 1228 931 Ποίας
1249 897 1355 931 ἐντολὰς
1376 897 1515 937 ὀφείλομεν
1535 897 1697 936 pulit-raw;
1715 894 1841 924 ἀπαλλάτ-

1054 953 1092 971 τει
1116 941 1209 975 αὐτοὺς
1232 942 1370 982 ὀχλήσεων
1393 941 1439 971 καὶ
1463 944 1597 981 ταραχῆς,
1624 941 1728 980 λέγων,
1752 939 1790 969 ὅτι
1811 938 1840 969 Ὁ

1055 986 1248 1026 Παράκλητος,
1260 985 1294 1016 τὰ
1310 987 1400 1025 ἀσαφῆ
1416 986 1462 1016 καὶ
1475 987 1621 1023 ὃυσνόητα,
1641 985 1773 1024 εὔγνωστα
1788 985 1840 1022 ὑμῖν

1055 1031 1230 1066 καταστήσει.
1254 1044 1265 1057 α
1281 1032 1373 1062 Ταῦτα
1389 1044 1401 1057 ιι
1428 1030 1476 1068 μὲν
1492 1026 1536 1060 οὖν
1558 1029 1593 1060 τὰ
1608 1031 1700 1071 ἆσαφῆ
1726 1030 1841 1059 δοκοῦντα

1054 1076 1131 1114 ὑμῖν,
1148 1089 1161 1102 ι
1176 1075 1312 1111 λελάληκα
1322 1098 1329 1112 ,
1342 1077 1406 1116 παρ’
1422 1077 1484 1114 ὑμῖν
1500 1075 1586 1114 μένων
1596 1097 1604 1113 ,
1619 1087 1631 1101 ι
1647 1075 1693 1104 καὶ
1708 1075 1764 1114 μεθ’
1777 1075 1842 1111 ὑμῶν

1055 1120 1100 1150 ὤν⁸
1118 1120 1161 1150 ἐὰν
1178 1121 1203 1150 δὲ
1218 1120 1400 1159 ἀποδημήσω,
1416 1121 1506 1150 πάντα
1522 1120 1725 1161 διδαχθήσεσθε.
1742 1118 1780 1149 Οὔ
1792 1118 1841 1148 τοί-

1055 1177 1099 1194 νυν
1114 1165 1166 1205 χρὴ
1183 1167 1250 1204 ὑμᾶς
1264 1166 1405 1195 λυπεῖσθαι
1426 1165 1471 1195 ἐπὶ
1487 1167 1520 1206 τῇ
1536 1165 1708 1205 ἀναχωρήσει
1726 1175 1791 1203 μου,
1805 1174 1842 1192 το-

1057 1210 1158 1240 σούτων
1182 1211 1290 1249 ἀγαθῶν
1317 1209 1435 1250 προξένῳ
1461 1209 1573 1249 ἓσομένῃ
1596 1210 1643 1240 καὶ
1658 1208 1786 1245 τοσαύτης
1804 1219 1842 1237 σο-

1057 1254 1126 1294 φίας.
1145 1253 1220 1288 "Em:
1235 1250 1266 1284 οὗ
1289 1256 1340 1295 γὰρ
1367 1255 1445 1289 αὐτὸς
1461 1255 1527 1295 παρ’
1557 1257 1619 1293 ὑμῖν
1644 1254 1731 1292 μένω,
1753 1252 1795 1282 καὶ
1817 1252 1842 1280 τὸ

1058 1300 1170 1338 Πνεῦμα
1188 1299 1225 1338 μὴ
1245 1299 1375 1339 ἔρχηται,
1399 1298 1473 1329 οὐδὲν
1500 1299 1584 1339 μέγα,
1605 1299 1667 1328 οὐδὲ
1688 1297 1785 1339 ὑψηλὸν
1803 1297 1840 1326 ἐν’

1056 1346 1149 1380 νοῆσαι
1162 1344 1316 1381 δυνήσεσθε.
1334 1346 1458 1384 Συνεχῶς
1474 1344 1500 1374 δὲ
1520 1343 1703 1384 Παράκλητον
1717 1341 1840 1381 ὀνομάζει,

1057 1388 1101 1418 διὰ
1115 1388 1161 1422 τὰς
1173 1389 1334 1428 συνεχούσας
1358 1389 1450 1422 αὐτοὺς
1475 1389 1590 1429 θλίψεις,
1606 1388 1747 1422 εὐέλπιδας
1761 1386 1843 1419 αὐτοὺς

1057 1434 1155 1473 ποιῶνξ,
1178 1434 1213 1466 ὡς
1235 1435 1279 1462 ὑπ’
1306 1433 1406 1462 ἐκείνου
1431 1433 1720 1474 ψυλαγωγηθήσονται.
1746 1432 1784 1462 Τὸ
1805 1430 1841 1467 δὲ,

1057 1491 1070 1504 ι
1084 1477 1129 1507 Ἐν
1148 1479 1185 1517 τῷ
1205 1478 1316 1516 δυοματί
1332 1490 1382 1515 μου
1396 1491 1408 1504 ν
1419 1479 1554 1507 ἐλεύσεται
1569 1491 1580 1504 ι
1601 1479 1614 1507 δ
1629 1477 1801 1517 Παράκλητος
1811 1498 1818 1511 ,
1832 1487 1841 1500 ¹

1058 1524 1133 1552 τοῦτο
1148 1523 1244 1558 δηλοῖ,
1259 1521 1299 1551 ὅτι
1321 1522 1406 1553 Οὐδὲν
1423 1522 1558 1563 ἀλλότριον
1574 1524 1638 1561 ἐμοῦ
1654 1521 1750 1556 διδάξει
1771 1523 1840 1558 ὑμᾶς.

1057 1567 1130 1596 οὐδὲν
1155 1567 1253 1596 οἰκείαν
1270 1567 1345 1601 δόξαν
1361 1567 1557 1607 σφετερίσεται,
1572 1568 1632 1596 ἀλλ’
1644 1568 1672 1596 ἐν
1692 1569 1731 1607 τῷ
1745 1565 1842 1602 ὀνόματι

1019 1620 1040 1652 c
1056 1613 1093 1651 τῷ
1109 1613 1164 1651 ἐμῷ
1182 1611 1257 1648 ἥξει,
1283 1611 1436 1649 τουτέστιν,
1458 1613 1494 1645 εἷς
1512 1611 1588 1645 δόξαν
1607 1614 1655 1641 τοῦ
1672 1613 1737 1650 ἐμοῦ
1755 1610 1843 1648 ὀνόμα-

1056 1667 1117 1692 τος,
1133 1656 1193 1695 οὐχὶ
1218 1658 1263 1686 τοῦ
1278 1657 1343 1686 ἰδίου
1355 1681 1361 1692 ,
1375 1655 1389 1685 ὃ
1404 1660 1522 1686 ποιοῦσιν
1539 1657 1562 1685 οἱ
1576 1657 1799 1688 ἀντιδιδάσκοντες
1812 1653 1843 1686 εἰς

1057 1701 1122 1730 ἴδιον
1145 1701 1245 1739 ὄνομα,
1271 1699 1330 1734 τοὺς
1350 1700 1613 1736 ἐπακολουθήσαντας
1639 1703 1729 1734 αὐτοῖς
1754 1697 1842 1737 ἐπαγό-

1058 1756 1143 1784 μενοι.
1160 1745 1236 1778 Τινὲς
1252 1745 1279 1775 δὲ
1294 1745 1338 1780 τὸ,
1351 1759 1362 1772 α
1380 1747 1406 1775 ἐν
1428 1747 1465 1786 τῷ
1487 1745 1597 1783 ὀνόματί
1615 1757 1683 1784 μου,
1705 1760 1718 1772 ι
1732 1743 1796 1774 οὕτω
1806 1753 1842 1772 νο·

1056 1792 1142 1820 οῦσιν’
1158 1788 1266 1827 Ὀνομα
1282 1793 1327 1820 τοῦ
1342 1791 1460 1831 Χριστοῦ
1472 1812 1480 1825 ,
1497 1791 1544 1825 τὸ,
1563 1790 1751 1830 Παράκλητος.
1767 1787 1842 1831 Ἐχοτ

1058 1846 1105 1873 μεν
1118 1834 1180 1874 γὰρ,
1203 1836 1286 1874 φησὶ,
1304 1829 1481 1874 Παρᾶκλητον
1503 1834 1609 1871 Ἰησοῦν
1621 1834 1749 1875 Χριστόν.
1771 1829 1840 1862 Ἐπεὶ

1057 1875 1100 1908 οὖν
1116 1882 1161 1909 καὶ
1181 1879 1211 1908 τὸ
1230 1882 1338 1917 Πνεῦμα
1356 1880 1429 1908 ἐλθὸν
1444 1883 1496 1913 τοῖς
1518 1879 1650 1917 μαθηταῖς
1677 1878 1841 1918 Παράκλητον

1056 1924 1164 1963 γέγονε,
1185 1924 1232 1957 τὰς
1249 1924 1336 1957 λύπας
1361 1925 1448 1957 αὐτοῖς
1464 1925 1744 1964 παραμυθησάμενον,
1766 1924 1789 1952 ἐν
1810 1920 1842 1959 τῷ

1057 1968 1168 2006 ὀνόματι
1179 1971 1223 1998 τοῦ
1237 1969 1355 2007 Χριστοῦ
1371 1965 1443 2004 ἦλθε·
1468 1963 1645 2008 Παρακλητος
1657 1969 1708 2008 γὰρ
1721 1967 1763 1996 καὶ
1776 1963 1842 2001 αὐτὸ,

1057 2014 1092 2046 ὡς
1107 2013 1152 2041 καὶ
1164 2015 1178 2042 ὃ
1194 2012 1319 2052 Χριστός.
1343 2013 1425 2042 Ἀλλὰ
1444 2014 1490 2042 καὶ
1506 2012 1622 2052 Χριστὸν
1647 2013 1694 2042 καὶ
1717 2009 1843 2048 Πνεῦμαδ

1058 2058 1166 2090 Παῦλος
1182 2051 1334 2096 ὠνομασεν,
1352 2060 1376 2087 ἐν
1398 2053 1434 2091 οἶς
1453 2051 1539 2097 λέγειί
1551 2072 1561 2083 ι
1576 2057 1670 2097 Ὑμεῖς
1687 2057 1713 2087 δὲ
1729 2057 1774 2086 οὐκ
1791 2051 1842 2084 ἐστὶ

1058 2102 1084 2130 ἐν
1099 2101 1193 2142 σαρκὶ,
1219 2102 1277 2131 ἀλλ’
1300 2103 1326 2131 ἐν
1342 2103 1495 2140 Πνεύματι,
1511 2102 1585 2143 εἴπερ
1608 2104 1720 2141 Πνεῦμα
1733 2102 1798 2131 Θεοῦ
1812 2100 1843 2143 <11-

1058 2150 1100 2175 κεῖ
1116 2148 1140 2175 ἐν
1154 2148 1225 2184 ὑμῖν.
1245 2148 1276 2177 Εἰ
1292 2146 1320 2176 δέ
1332 2159 1371 2180 τις
1393 2149 1504 2186 Πνεῦμα
1521 2148 1638 2187 Χριστοῦ
1657 2148 1702 2176 οὔκ
1720 2146 1790 2185 ἔχει.
1803 2145 1843 2172 οὗ·

1058 2203 1101 2224 τος
1115 2191 1162 2220 οὐκ
1178 2191 1248 2221 ἔστιν
1271 2192 1360 2222 αὐτοῦ.
1375 2205 1386 2218 ι
1409 2188 1474 2222 Εἶτα
1490 2193 1596 2231 ἐπάγει·
1622 2204 1637 2220 α
1655 2193 1685 2222 Εἰ
1699 2191 1725 2220 δὲ
1741 2187 1843 2229 Χριστὸς

207 2237 292 2265 modo
306 2245 388 2274 supra
408 2237 500 2265 dicens
524 2237 655 2272 Spiritum
678 2238 726 2265 Dei
758 2237 879 2266 habitare
902 2238 930 2265 in
954 2237 1001 2270 eis,

1059 2236 1085 2264 ἐν
1108 2237 1181 2274 ὑμῖν.
1198 2250 1210 2262 ν
1237 2236 1337 2276 Ὁρᾷς,
1365 2238 1420 2270 πῶς
1445 2237 1498 2265 ἄνω
1514 2236 1595 2266 εἰπὼν
1615 2237 1661 2266 καὶ
1681 2238 1789 2273 Πνεῦμα
1803 2233 1842 2260 τοῦ

207 2282 304 2310 deinde
317 2282 411 2311 subdit
427 2292 433 2310 :
452 2294 465 2307 κ
483 2282 607 2310 Christus
628 2282 655 2309 in
668 2282 755 2317 vobis,
774 2294 787 2306 η
802 2282 940 2310 Christum
951 2282 1003 2310 sci-

207 2327 269 2355 licet
283 2327 416 2363 Spiritum
430 2327 593 2355 nominans?
606 2327 673 2361 Quia
686 2327 767 2360 igitur
786 2327 900 2363 Spiritus
912 2327 1003 2355 Chris-

208 2376 251 2400 tus
265 2372 433 2404 nominatur,
450 2372 486 2400 ita
506 2372 589 2400 debes
604 2372 756 2408 intelligere
772 2382 779 2401 :
795 2383 808 2396 ι
833 2373 865 2400 In
890 2372 1004 2400 nomine

208 2425 273 2445 meo
281 2418 370 2444 mittet
378 2424 441 2444 eum
450 2419 540 2449 Pater,
550 2428 562 2442 ν
574 2416 627 2445 hoc
637 2421 688 2450 est,
704 2418 737 2444 Et
748 2417 806 2453 ipse
815 2417 1004 2444 nominabitur

209 2462 341 2490 Christus.
356 2461 443 2498 Igitur
457 2466 484 2490 et
496 2462 612 2497 Spiritus
624 2467 733 2490 sanctus
750 2466 777 2490 et
790 2461 884 2490 docuit
895 2466 924 2489 et
940 2469 1004 2498 sug-

209 2507 297 2543 gessit.
324 2506 425 2534 Docuit
442 2507 566 2543 quidem,
586 2514 754 2543 quaacuuque
769 2514 825 2535 non
847 2506 953 2534 dixerat
966 2507 1005 2534 eis

208 2552 342 2584 Christus,
367 2555 462 2587 utpote
488 2556 597 2587 portare
620 2559 677 2580 non
709 2552 838 2579 valentes.
868 2551 1006 2588 Suggessit

209 2604 285 2631 vero,
311 2604 482 2633 quaacunque
507 2596 613 2625 dixerat
643 2597 755 2632 quidem
784 2596 930 2629 Dominus,
956 2596 1005 2625 sed

208 2642 361 2675 obscurius,
379 2642 420 2670 vel
433 2649 494 2677 quae
516 2646 629 2677 propter
649 2641 866 2669 imbecillitatem
886 2641 1005 2669 rationis

209 2687 341 2716 memoria
359 2685 593 2723 comprehendere
611 2694 668 2715 non
682 2686 828 2715 valuerunt
841 2686 968 2723 apostoli.

245 2778 331 2806 Vsus.
344 2780 387 2805 27.
409 2789 422 2803 ι
447 2779 545 2806 Pacem
560 2776 686 2813 relinquo
701 2776 790 2812 vobis,
806 2783 900 2813 pacem
913 2784 1004 2805 meam

246 2853 268 2870 ⁸⁷
281 2854 363 2881 Rom.
379 2861 450 2889 vm,
466 2855 493 2882 9.
513 2852 535 2869 ⁵³
549 2852 617 2881 Ibid.
634 2856 675 2881 to.

1057 2281 1128 2310 Θεοῦ
1145 2282 1224 2310 οἰκεῖν
1248 2282 1275 2310 ἐν
1298 2282 1404 2318 αὐτοῖς,
1421 2278 1478 2310 εἶτα
1502 2282 1639 2320 ἐπήγαγε,
1665 2278 1796 2320 ιΧριστὸς
1819 2276 1842 2303 έν

1058 2326 1134 2363 ὗμῖν;
1156 2339 1168 2351 ν
1189 2325 1303 2366 Χριστὸν
1318 2327 1370 2365 γὰρ
1383 2325 1502 2363 δηλονότι
1520 2326 1551 2355 τὸ
1572 2327 1685 2364 Πνεῦμα
1706 2323 1840 2361 ὦνόμισεν·

1058 2369 1136 2399 Ἐπεὶ
1168 2365 1221 2399 οὖν
1237 2370 1267 2399 τὸ
1294 2371 1406 2409 Πνεῦμα
1433 2370 1548 2410 Χριστὸς
1576 2371 1747 2408 ὀνομάζεται,
1770 2365 1843 2396 οὕτως

1058 2414 1169 2454 ὀφείλεις
1190 2415 1257 2444 νοεῖν
1281 2415 1354 2445 αὐτό’
1383 2429 1395 2441 ιι
1410 2415 1458 2446 Ἐν
1477 2418 1516 2455 τῷ
1540 2415 1650 2454 ὀνόματί
1674 2426 1723 2453 μου
1747 2411 1840 2455 πέμψει

1059 2459 1122 2488 αὐτὸ
1143 2462 1156 2488 ὁ
1172 2460 1283 2499 Πατήρ·
1311 2474 1323 2486 ιι
1342 2459 1494 2496 τουτέστιν,
1519 2460 1560 2490 ὅτι
1581 2460 1626 2489 καὶ
1641 2459 1718 2492 αὐτὸς
1739 2452 1842 2499 Χρισξδεῖ

1058 2504 1276 2542 ὀνομασθήσεται.
1301 2505 1340 2535 Τὸ
1362 2499 1406 2533 οὖν
1430 2505 1505 2544 ἅγιον
1530 2506 1644 2544 Πνεῦμα
1668 2504 1712 2534 καὶ
1736 2497 1840 2544 ἐδίδαξέν

1059 2548 1104 2578 καὶ
1118 2550 1282 2588 ὑπέμνησεν*
1300 2549 1399 2583 ἐδίδαξε
1414 2549 1478 2587 μὲν,
1498 2549 1547 2578 ὅσα
1569 2550 1617 2579 οὐκ
1628 2544 1698 2579 εἶπεν
1712 2549 1725 2577 ὁ
1740 2541 1842 2588 Χρισῖρς

1060 2585 1218 2637 αὖτοῖςίῶς
1240 2594 1277 2632 μὴ
1300 2585 1454 2630 δυναμένοις
1470 2585 1625 2633 βαστάσαι·
1652 2585 1841 2637 ὑπέμνησξίδὲηι

1060 2638 1108 2667 ὅσα
1121 2633 1177 2667 εἷπε
1195 2638 1242 2675 μὲν
1258 2640 1271 2667 ὁ
1284 2638 1400 2677 Κύριος,
1416 2638 1468 2668 εἴτε
1481 2639 1508 2668 δὲ
1527 2639 1559 2668 δι’
1576 2639 1720 2679 ἀσάφειαν,
1736 2635 1751 2669 ἢ
1766 2631 1804 2661 διὰ
1816 2631 1841 2681 τέ

1060 2682 1138 2716 νωθὲς
1159 2686 1205 2712 τοῦ
1235 2683 1363 2722 λογισμοῦ
1386 2684 1433 2713 οὐκ
1456 2684 1626 2720 ἠδυνήθησαν
1652 2681 1791 2719 κατασχεῖν
1812 2684 1840 2712 τῃ

1060 2727 1154 2767 μνήμῃ
1169 2729 1191 2757 οἱ
1207 2728 1357 2758 ἀπόστολοι.

1101 2786 1113 2800 ι
1129 2772 1246 2813 Εἰρήνην
1267 2772 1364 2813 ἀφίημι
1379 2773 1456 2812 ὑμῖν,
1477 2772 1584 2814 εἰρήνην
1605 2772 1653 2810 τὴν
1673 2770 1739 2812 ἐμὴν
1754 2766 1840 2802 δίδωμί
