1922 3077
98 196 149 223 189

481 191 677 220 ENARRATIO
697 193 729 220 IN
749 192 965 221 EVANGELIUM
984 193 1134 222 JOANNIS.
1155 209 1189 214 —
1209 194 1284 222 CAP.
1306 194 1371 222 XIV.

1696 194 1748 223 190

97 260 170 296 ὑμῖν·
184 258 215 287 οὖ
232 257 322 291 καθὼς
346 258 360 286 ὃ
386 255 484 296 κόσμος
500 256 619 295 δίδωσιν,
643 255 696 297 ἐγὼ
711 257 807 295 δίδωμι
823 257 890 292 ὑμῖνι

950 255 988 284 do
1000 257 1079 285 vobis
1096 267 1103 284 :
1117 264 1171 284 non
1187 256 1259 284 sicut
1273 255 1394 284 mundus
1408 255 1464 290 dat,
1486 264 1537 291 ego
1552 256 1588 284 do
1603 257 1690 284 vobis.
1708 257 1748 284 Ne

96 303 146 340 Μὴ
162 302 340 342 ταρασσέσθω
363 303 438 338 ὑμῶν
456 304 473 338 ἡ
497 301 609 341 καρδία,
632 302 700 340 μηδὲ
725 302 858 333 δειλιάτω,
878 313 891 330 ιδ

96 348 185 378 Πάλιν
212 348 238 376 ἐν
255 347 352 380 λύπαις
372 343 441 383 ἦσαν
461 347 486 376 οἱ
511 346 667 383 ἀπόστολοι,
694 348 831 380 ἀκούοντες
849 350 894 376 τοῦ

99 392 197 431 Κυρίου
223 391 358 430 λέγοντος,
384 391 425 421 ὅτι
449 390 523 430 Ἐγὼ
552 391 600 430 μὲν
637 393 786 432 ἀναχωρῶ,
813 391 843 421 τὸ
869 391 895 421 δὲ

96 438 210 476 Πνεῦμα
236 435 416 466 ἐπελεύσεται.
444 436 492 467 Διὸ
518 437 586 475 ὁρῶν
611 437 637 465 ἐν
663 440 795 476 ταραχαῖς
816 432 896 466 οὖσαν

94 481 144 516 τὴν
159 482 273 522 καρδίαν
296 483 382 511 αὐτῶν
394 504 402 517 ,
424 482 469 510 καὶ
486 480 604 519 μάλιστα
620 481 662 510 διὰ
684 481 732 514 τὰς
749 481 896 520 μελλούσας

93 526 198 555 ἐπιέναι
214 528 303 559 αὐτοῖς
319 526 418 566 θλίψεις
434 525 480 555 χαὶ
496 525 554 558 τοὺς
570 525 713 564 πολέμους,
736 537 749 555 ιι
766 525 895 564 Εἰρήνην,

93 573 175 610 φησιν
187 595 196 610 ,
213 571 312 612 ἀφίημι
327 573 403 608 ὑμῖν·
419 583 433 600 ν
453 574 530 600 τοῦτο
550 571 634 610 λέγων
656 572 758 604 αὐτοῖς·
775 572 810 602 Τί
827 571 895 611 βλά-

92 619 193 646 πτεσθε
208 617 261 646 ὕπὸ
285 618 333 651 τῆς
356 618 403 645 τοῦ
424 616 524 653 κόσμου
541 618 679 656 ταραλῆς,
706 616 754 649 ῗως
770 615 800 645 ἂν
825 617 896 655 εἴρη-

91 660 190 696 νεύητε
206 660 273 700 πρός
288 672 335 698 tu;
353 661 393 690 Οὖ
407 661 458 700 γὰρ
472 661 584 696 τοιαύτη
601 660 671 690 ἐστὶν
689 663 703 696 ἡ
724 660 777 699 ἐμὴ
793 661 895 700 εἰρήνη,

91 705 139 735 οἷα
156 708 173 741 ἡ
195 708 243 735 τοῦ
260 706 376 744 κόσμου,
392 706 522 738 πολλάκις
548 706 591 734 ἐπὶ
612 707 688 744 κακῷ
702 706 828 744 γινομένη
850 706 895 734 καὶ

94 750 222 786 ἀνόνητος
234 745 313 780 οὖσα.
332 749 403 780 Ἀλλ’
418 749 470 788 ἐγὼ
483 749 610 784 τοιαύτην
629 750 736 788 δίδωμι,
754 750 822 779 ὥστε
837 751 895 788 μετ’

93 795 222 830 ἀλλήλων
244 794 405 834 εἰρηνεύειν,
430 795 475 823 καὶ
499 794 526 824 ἓν
551 796 630 832 σῶμα
647 789 723 824 εἶναι,
752 797 841 825 Τοῦτο
869 795 895 824 δὲ

91 839 290 879 ἶσ-χυρωτέρους
306 839 413 868 πάντων
434 840 502 877 ὑμᾶς
522 839 703 873 καταστήσει·
731 840 781 869 κᾶν
801 840 895 870 πολλοὶ

91 884 282 913 ἐπαναστῶσιν
301 885 364 922 ὑμῖν
374 907 382 920 ,
397 884 471 913 οὐδὲν
486 883 607 912 πείσεσθε
619 906 627 919 ,
643 886 675 923 τῇ
695 884 831 924 ὁμοψυχῖᾳ
849 884 893 915 καὶ

91 930 130 968 τῇ
149 929 208 966 μετ’
231 927 355 964 ἀλλήλων
383 928 474 968 εἰρήνῃ
498 928 685 969 φραττόμενοι.
713 924 779 958 Εἶτα
801 929 892 965 ἐπειδὴ

91 973 177 1002 πάλιν
201 968 290 1009 εἶπεν,
317 984 332 1002 α
360 974 486 1014 Ἀφίημι,
509 985 524 1000 ι
547 972 612 1012 ὅπερ
635 968 668 1009 ἦν
695 975 894 1013 ἀναχωροῦντος

91 1019 141 1047 διαὶ
166 1017 258 1047 ἱκανὸν
279 1017 371 1051 αὐτοὺς
394 1022 513 1057 συγχεῖν,
530 1017 637 1056 ἐπάγει·
667 1029 681 1047 (ι
700 1018 745 1053 Μὴ
764 1019 894 1057 ταρασσέ-

92 1065 150 1092 σθω
165 1064 240 1101 ὑμῶν
257 1065 274 1099 ἦ
298 1062 411 1103 καρδία,
429 1062 496 1100 μηδὲ
516 1062 649 1093 δειλιάτω.
674 1073 688 1091 lt
716 1063 756 1093 Τὸ
779 1063 826 1101 μὲν
849 1059 894 1092 οὖν

91 1107 300 1147 ταράσσεσθαι,
317 1107 370 1136 ἀπὸ
385 1107 570 1147 φιλοστοργίας
585 1107 630 1136 καὶ
645 1107 752 1146 chain—7,;
768 1110 815 1143 τῆς
830 1109 894 1148 πρὸς

92 1151 176 1180 αὐτὸν
191 1151 311 1192 ἔπασχον
323 1174 331 1188 ,
353 1154 387 1185 ὡς
402 1152 543 1189 μέλλοντες
567 1153 648 1181 αὐτοῦ
670 1154 846 1192 στερηθῆναι·
866 1153 895 1183 τὸ

92 1196 124 1226 δὲ
137 1197 251 1236 δειλιᾷν,
267 1197 310 1226 διὰ
325 1196 360 1226 τὰ
375 1196 562 1235 συμϐήσεσθαι
578 1197 709 1234 μέλλοντα
723 1198 811 1231 αὐτοῖς
824 1199 895 1227 xui:

93 1241 166 1280 μετὰ
186 1242 231 1271 τὸν
247 1242 327 1272 αὐτοῦ
343 1241 465 1271 θάνατον.
483 1241 566 1275 Αὐτὸς
579 1238 625 1271 οὖν
641 1241 699 1271 οὔτε
712 1241 763 1278 τὴν
785 1243 837 1272 ἀπὸ
853 1255 894 1284 φμ

91 1287 250 1325 λοστοργίας
280 1287 419 1327 ταραχὴν,
447 1286 507 1316 οὔτε
536 1286 585 1322 τὴν
608 1286 651 1315 διὰ
675 1286 722 1320 τὰς
748 1288 894 1325 μελλούσας

90 1331 197 1370 θλίψεις
227 1331 325 1360 δειλίαν
352 1331 460 1372 ἀφίησιν
488 1333 575 1364 αὖτοῖς
611 1331 807 1372 ἀθεράπευτον·
834 1333 893 1363 ἀλλ’

90 1377 171 1414 ὓμῶν
185 1377 204 1412 ἡ
219 1376 326 1415 καρδία,
347 1376 414 1414 μηδὲ
430 1376 565 1407 δειλιάτω.
584 1386 599 1405 ι

139 1431 155 1450 α
175 1420 337 1460 Ἠκούσατε,
352 1420 392 1450 ὅτι
418 1420 470 1460 ἐγὼ
494 1416 566 1450 εἷπον
593 1422 664 1458 ὑμῖν
691 1419 821 1461 ’Υπάγιιῃ
847 1422 892 1452 χαὶ

90 1465 210 1506 ἔρχομαι
234 1465 298 1504 πρὸς
314 1467 393 1503 ὗμᾶς.
417 1467 451 1496 Εἰ
476 1464 601 1504 ἠγαπᾶτέ
627 1477 676 1503 με,
705 1466 819 1506 ἐχάρητε
844 1466 895 1504 ἂν,

91 1510 135 1539 ὅτι
148 1505 222 1540 εἷπον
235 1522 241 1528 ·
260 1510 410 1549 Πορεύομαι
426 1511 490 1550 πρὸς
505 1511 550 1539 τὸν
566 1509 690 1550 Πατέρα,
705 1509 744 1539 ὅτι
767 1513 781 1540 ὁ
797 1512 894 1553 Πατήρ

91 1567 147 1593 μου
165 1556 261 1592 μείζων
280 1558 331 1593 μοῢ
347 1557 414 1585 ἔστι.
443 1555 498 1585 Καὶ
512 1557 557 1583 νῦν
580 1555 675 1595 εἴρηκα
691 1556 753 1594 ὑμῖν
768 1555 830 1593 πρὶν
847 1568 892 1596 γε-

90 1598 195 1629 νέσθαι’
220 1599 263 1628 ἵνα
288 1601 350 1629 ὅταν
374 1600 498 1638 γένηται,
527 1599 699 1636 πιστεύσητε.
728 1611 742 1630 n
779 1600 891 1637 Ἐπειδὴ

91 1644 166 1683 ἑώρα
183 1646 196 1674 ὁ
221 1644 315 1684 Κύριος
338 1644 396 1678 τοὺς
413 1644 575 1677 ἀποστόλους
598 1645 662 1684 μηδ’
679 1645 744 1678 ὅλως
766 1645 826 1685 περὶ
847 1648 893 1681 τῆς

91 1689 268 1722 ἀναστάσεως
295 1690 375 1718 αὐτοῦ
403 1689 572 1725 ἐλπίζοντας,
599 1690 663 1726 μηδ’
689 1688 790 1723 εἰδότας
809 1690 892 1725 αὐτὴν

93 1733 190 1768 ἁπλῶς
211 1733 239 1762 τί
254 1735 324 1770 ἐστι,
341 1734 388 1764 καὶ
412 1734 455 1763 διὰ
470 1737 547 1763 τοῦτο
565 1733 665 1774 σφόδρα
685 1733 890 1772 λυπουμένους,

92 1777 142 1808 καὶ
156 1777 368 1817 ταραττομένους
389 1779 424 1811 ὥς
440 1779 585 1817 μέλλοντας
611 1781 771 1818 στερηθῆναι
795 1780 892 1816 αὐτοῦ,

92 1822 305 1861 συγχαταϐαίνει
319 1822 384 1862 πρὸς
405 1823 453 1858 τὴν
468 1824 553 1852 αὐτῶν
571 1822 724 1859 ἀσθένειαν,
741 1823 786 1852 καί
803 1834 891 1864 φησιν’

96 1878 112 1896 σ
129 1866 195 1897 Ὀτι
215 1867 267 1906 ἐγὼ
282 1863 356 1897 εἷπον
377 1869 452 1904 ὖμῖν,
472 1867 602 1906 ⁸Υπάγω,
629 1868 674 1896 καὶ
691 1867 849 1907 ἐλεύσομαι,
872 1879 887 1896 ι)

91 1912 140 1942 καὶ
159 1912 232 1951 ὅμως
255 1912 294 1942 ἔτι
313 1913 458 1949 λυπεῖσθε,
487 1913 517 1942 οὖ
540 1911 590 1951 γὰρ
616 1913 736 1953 θαῤῥεῖτε
756 1913 825 1950 ἐμοὶ,
852 1911 892 1942 ὅτι

94 1956 146 1986 ιᾶν
163 1957 300 1992 ἀποθάνω,
317 1956 387 1996 ὅμως
400 1959 426 1987 ἐν
436 1960 496 1991 ταῖς
511 1957 627 1997 θλίψεσιν
643 1959 716 1994 ὑμῶν
736 1959 782 1986 οὐχ
797 1957 891 1997 ἀφήσω

92 2002 177 2039 ὗμᾶς.
204 2002 260 2032 MV
279 1997 323 2031 οὖν
339 2001 516 2039 ἀκούσαντες,
536 2001 577 2030 ὅτι
596 2013 610 2030 ιι
627 2001 698 2041 Πρὸς
715 2001 756 2031 τὸν
779 2001 890 2042 Πατέρα

94 2057 148 2084 μου
161 2046 323 2085 πορεύομαι,
338 2057 353 2075 ι)
371 2046 400 2076 ὃν
415 2048 491 2084 ὑμεῖς
507 2046 592 2085 μέγαν
608 2047 707 2076 δοκεῖτε
722 2047 767 2076 καὶ
784 2047 890 2085 μείζονα

94 2091 179 2129 ἐμοῦ,
196 2091 313 2130 ὀφείλετε
331 2090 454 2130 χαίρειν,
468 2091 509 2120 ὅτι
524 2090 589 2130 πρὸς
610 2093 707 2121 ἐκεῖνον
730 2091 824 2130 ἄπειμι
847 2092 891 2120 τὸν

95 2134 205 2172 μείζονά
220 2147 286 2173 μου,
307 2137 353 2165 καὶ
375 2135 521 2170 δυνάμενον
546 2135 635 2164 πάντα
657 2137 735 2165 λ’ῦσαι
759 2136 791 2165 τὰ
808 2136 889 2167 δεινά.

951 301 1075 330 turbetur
1088 310 1137 330 cor
1151 305 1283 335 vestrum,
1306 308 1395 337 neque
1408 300 1548 328 formidet.
1569 310 1583 327 ι
1601 302 1704 329 lterum
1720 301 1748 329 in

951 354 1070 375 nimi-ore
1099 350 1176 374 erant
1207 345 1344 381 discipuli.
1369 344 1511 373 audientes
1532 345 1681 373 Dominum
1706 345 1749 373 di-

950 396 1057 419 centem
1084 401 1090 419 ε
1114 393 1172 426 Εεο
1186 390 1299 426 quidem
1312 389 1433 423 discedo.
1456 389 1575 424 Spiritus
1589 393 1683 417 autem
1702 397 1749 417 ve-

951 436 1016 464 niet.
1040 435 1104 464 ideo
1132 435 1226 463 videns
1251 434 1355 462 turbari
1373 442 1423 462 cor
1445 441 1553 467 eorum,
1577 437 1605 462 ct
1630 433 1748 462 maxime

951 484 1061 517 propter
1073 480 1234 508 aiﬂictiones
1251 480 1428 507 imminentes
1443 482 1470 506 et
1484 478 1644 512 certamina,
1657 477 1727 506 dixit

953 537 965 550 ι
987 527 1083 554 Pacem
1107 525 1232 560 relinquo
1247 524 1336 557 vobis,
1358 535 1370 548 ιι
1387 523 1462 559 quasi
1478 524 1515 551 ita
1535 523 1630 551 dicens
1652 522 1748 557 :Quid

950 574 1051 598 noeent
1064 569 1140 597 vobis
1155 570 1250 597 mundi
1265 569 1442 602 turbationes,
1455 576 1519 596 cum
1530 575 1637 596 mecum
1653 575 1748 604 pacem

951 614 1090 643 habeatis?
1103 616 1162 643 Non
1175 615 1249 642 enim
1258 614 1319 642 talis
1333 618 1374 642 est
1389 621 1438 649 pax
1453 621 1522 645 mea.
1537 612 1626 649 qualis
1638 611 1748 646 mundi,

950 668 1012 696 qua:
1031 668 1103 696 same
1119 660 1145 687 in
1164 659 1236 687 malo
1252 659 1291 692 iit,
1317 662 1345 686 et
1367 658 1445 694 plane
1460 658 1541 686 stulta
1556 661 1598 685 est
1613 666 1621 686 :
1643 657 1691 685 sed
1707 662 1747 684 ta-

951 705 1006 732 lem
1017 713 1068 741 ego
1079 705 1125 738 do,
1142 709 1172 732 ut
1185 709 1212 731 et
1222 704 1293 731 inter
1306 712 1354 731 vos
1370 711 1464 739 pacem
1477 703 1611 735 habeatis,
1623 705 1651 730 et
1660 710 1747 729 unum

950 758 1049 785 corpus
1071 750 1142 777 sitis.
1167 751 1228 777 Hoc
1248 753 1340 776 autem
1365 747 1530 776 fortissimos
1554 747 1678 775 omnium
1700 754 1749 774 vos

950 794 1046 827 faciet;
1062 794 1169 822 etiamsi
1190 793 1268 821 multi
1283 797 1378 821 contra
1393 801 1441 820 vos
1459 791 1666 823 insurrexerint.
1681 790 1747 820 nihil

951 843 1041 866 tamen
1056 839 1208 874 patiemini,
1226 838 1370 866 concordia
1384 845 1502 874 paceque
1521 840 1617 864 mutua
1637 835 1747 864 muniti.

952 883 1056 911 Deinde
1082 883 1144 920 quia
1161 883 1260 911 iterum
1283 883 1368 918 708
1390 882 1468 915 dixit,
1484 894 1495 906 ι
1519 882 1670 918 Relinque,
1690 892 1703 905 ι
1721 880 1748 908 id

909 912 932 943 Β
951 929 1023 964 quod
1043 912 1194 956 recedentis
1217 932 1275 955 erat
1286 912 1414 955 -etvsatis
1435 912 1483 954 eos
1504 912 1619 954 turbare
1630 912 1748 962 poterat,

948 973 1058 1001 subdit:
1073 985 1084 996 α
1097 975 1137 1001 Ne
1147 973 1273 1000 turbetur
1283 980 1331 999 eor
1342 976 1472 1005 vestrum,
1485 979 1571 1006 neque
1579 970 1718 998 formidet.
1734 982 1748 994 »ι

949 1018 1035 1054 igitur
1061 1018 1243 1045 turbationem
1268 1017 1442 1053 patiebantur
1463 1024 1494 1044 ex
1517 1015 1618 1043 affectu
1646 1014 1749 1043 amoris

949 1067 976 1091 et
986 1063 1130 1091 dilectione
1142 1070 1205 1098 erga
1224 1062 1315 1095 illum,
1328 1061 1401 1097 quod
1422 1061 1469 1088 illo
1486 1060 1610 1096 privandi
1630 1063 1722 1088 essent
1738 1068 1747 1088 :

948 1107 1084 1136 timebant
1106 1111 1208 1140 autem,
1223 1114 1256 1134 co
1277 1106 1349 1142 quod
1368 1110 1497 1134 eventura
1517 1109 1594 1133 erant
1613 1104 1663 1132 illis
1676 1103 1747 1132 mala

950 1157 1011 1189 post
1028 1157 1147 1180 mortem
1161 1152 1230 1188 eius.
1246 1153 1256 1179 l
1260 1159 1306 1188 pse
1321 1151 1404 1187 igitur
1416 1159 1504 1186 neque
1514 1150 1698 1179 turbationem
1713 1158 1747 1178 ex

948 1205 1054 1230 amore.
1070 1204 1157 1233 neque
1170 1197 1300 1224 timorem
1315 1205 1348 1224 ex
1363 1196 1558 1224 afﬂictionibus
1571 1195 1675 1231 absque
1689 1202 1734 1223 me

949 1242 1083 1270 dicamine
1102 1241 1243 1277 relinquit;
1258 1241 1306 1269 sed
1327 1246 1442 1277 utraque
1457 1240 1533 1268 sedat
1545 1241 1637 1268 dicens
1651 1248 1658 1267 :
1677 1250 1690 1264 α
1704 1240 1745 1267 Ne

948 1287 1073 1315 turbetur
1090 1295 1138 1314 cor
1153 1291 1284 1320 vestrum,
1300 1294 1388 1322 neque
1410 1284 1549 1314 formidet.
1571 1294 1583 1311 ιι

921 1333 1063 1374 ἀμφότερα
1090 1331 1281 1370 καταστέλλει,
1311 1341 1325 1360 ιι
1348 1329 1406 1369 Μὴξ
1434 1330 1622 1372 ταρασσέσθω,
1644 1329 1744 1370 λέγων,

984 1433 1070 1459 Vsus.
1092 1433 1138 1464 28,
1160 1433 1204 1459 29.
1222 1442 1235 1455 ι
1257 1430 1380 1458 Audistis
1403 1429 1477 1466 quod
1499 1436 1549 1465 ego
1574 1427 1630 1456 dixi
1646 1428 1745 1456 vobis:

948 1476 1025 1504 Vado
1039 1480 1067 1504 et
1079 1475 1159 1503 venio
1175 1475 1210 1503 ad
1230 1483 1289 1502 vos.
1309 1475 1335 1503 Si
1356 1474 1506 1509 diligeretis
1520 1481 1575 1506 tne,
1591 1473 1747 1509 gauderetis

950 1521 1043 1556 utique
1056 1520 1130 1556 quod
1151 1519 1276 1553 dixerim,
1295 1519 1369 1547 Vado
1389 1519 1423 1547 ad
1440 1520 1560 1552 Patrem,
1584 1518 1647 1554 quia
1669 1519 1747 1546 Pater

947 1566 1036 1601 major
1058 1573 1102 1592 me
1115 1569 1165 1592 est.
1192 1565 1227 1592 Et
1243 1572 1315 1592 nunc
1339 1563 1395 1591 dixi
1416 1562 1492 1590 vobis
1513 1562 1673 1598 priusquam
1689 1561 1746 1595 fiat,

947 1614 1049 1637 utcum
1063 1610 1163 1637 factum
1175 1608 1268 1642 fuerit,
1280 1608 1405 1636 credatis.
1420 1619 1432 1632 ι-
1447 1607 1516 1644 Quia
1531 1606 1599 1634 vidit
1611 1606 1747 1635 Dominus

945 1655 1083 1690 apostolos
1096 1662 1151 1682 non
1173 1654 1250 1689 plene
1271 1653 1503 1681 resurrectionem
1526 1660 1605 1680 suam
1624 1659 1734 1687 sperare

946 1707 1034 1735 neque
1050 1699 1119 1727 scire
1142 1698 1206 1735 quid
1222 1702 1303 1732 esset,
1322 1702 1350 1726 et
1374 1702 1518 1734 propterea
1534 1696 1613 1724 valde
1629 1703 1745 1724 mmrere

946 1748 973 1771 et
988 1743 1093 1771 turbari
1109 1747 1140 1771 ut
1158 1751 1187 1770 se
1203 1743 1357 1778 privandos,
1376 1747 1561 1778 attemperans
1581 1749 1610 1769 se
1634 1741 1744 1769 illorum

945 1788 1110 1821 inﬁrmitati,
1134 1787 1199 1815 dicit
1220 1797 1225 1815 :
1245 1799 1257 1811 ι
1275 1787 1342 1821 Quia
1363 1795 1414 1823 ego
1437 1786 1493 1814 dixi
1510 1786 1598 1819 vobis,
1613 1785 1701 1818 Vado,
1718 1789 1745 1813 et

947 1833 1048 1860 iterum
1063 1833 1180 1865 veniam,
1195 1843 1208 1856 ν
1224 1831 1313 1860 adhuc
1328 1836 1422 1859 tamen
1432 1830 1561 1858 ettristes
1575 1829 1639 1857 estis
1655 1838 1662 1857 :
1677 1829 1743 1857 mihi

946 1877 1022 1904 enim
1042 1885 1096 1904 non
1116 1876 1210 1908 fiditis,
1234 1875 1308 1912 quod
1325 1875 1431 1903 etiamsi
1448 1875 1561 1907 moriar,
1578 1878 1702 1902 attamen
1717 1874 1745 1901 in

946 1921 1141 1949 afﬂictionibus
1157 1921 1254 1948 vestris
1269 1929 1323 1948 non
1338 1920 1491 1955 relinquam
1510 1926 1567 1946 vos.
1588 1919 1666 1946 Nunc
1680 1925 1745 1954 ergo

946 1974 1009 1994 cum
1029 1965 1189 1994 audiveritis
1208 1965 1280 2001 quod
1302 1977 1313 1989 ε
1333 1965 1367 1992 ad
1385 1965 1496 1992 Patrem
1513 1971 1606 1990 meum
1625 1962 1706 1996 vado,
1730 1974 1742 1986 -

945 2011 990 2047 qui
1010 2019 1135 2047 magnus,
1154 2015 1181 2038 et
1196 2019 1240 2038 me
1260 2010 1350 2046 major
1371 2010 1448 2037 vobis
1472 2009 1591 2040 videtur.
1607 2007 1744 2036 deberetis

945 2056 1061 2091 gaudere
1077 2055 1150 2091 quod
1163 2055 1197 2083 ad
1207 2055 1282 2083 illum
1297 2062 1371 2088 eam,
1387 2054 1432 2090 qui
1445 2062 1488 2081 inc
1498 2053 1596 2089 major,
1612 2056 1639 2079 et
1648 2052 1741 2080 omnia

945 2102 1012 2128 dura
1036 2101 1136 2136 poterit
1150 2100 1269 2128 auferre.
1296 2100 1378 2127 Vides
1396 2098 1619 2134 consequentiam
1634 2103 1744 2125 senten-

947 2146 993 2174 tiae
1009 2155 1016 2172 :
1029 2146 1170 2181 quomodo
1188 2153 1252 2172 cum
1267 2145 1344 2177 dicit.
1360 2156 1371 2168 ιι
1389 2143 1457 2179 Quia
1471 2145 1551 2171 Pater
1566 2150 1644 2170 meus
1655 2142 1744 2178 maior

95 2179 180 2220 Ὁρᾷς
199 2180 248 2215 τὴν
265 2180 420 2209 ἀκολουθίαν
437 2183 484 2209 τοῦ
498 2179 643 2218 νοήματος,
659 2182 714 2214 πῶς
728 2180 774 2217 τὸ,
797 2191 812 2210 ιι
825 2180 889 2212 Ὅτι

950 2198 990 2217 me
999 2179 1049 2224 est,
1066 2201 1078 2214 ι
1090 2194 1121 2217 ut
1132 2190 1290 2217 consoletur
1299 2189 1457 2224 discipulos,
1472 2187 1588 2215 dixerit?
1603 2188 1670 2215 Nam
1680 2186 1743 2222 quia

94 2226 108 2254 δ
125 2224 222 2264 Πατήρ
238 2236 287 2263 μου
303 2225 397 2262 μείζων
423 2227 472 2265 μοῦ
489 2226 562 2263 ἐστι,
580 2236 594 2254 x
614 2224 656 2254 διὰ
680 2225 710 2254 τὸ
726 2225 888 2265 παραμυθή-

97 2270 197 2298 σασθαι
212 2269 272 2302 τοὺς
297 2269 418 2308 μαθητὰς
437 2263 523 2306 εἷπεν;
543 2269 620 2300 Ἐπεὶ
642 2269 693 2309 γὰρ
710 2263 802 2300 ἐκεῖνοι
822 2272 889 2300 ἔλυ-

94 2316 193 2343 ποῢντο
202 2337 210 2352 ,
226 2315 261 2348 ὥς
273 2315 319 2344 οὐχ
332 2313 363 2344 ἂν
376 2313 554 2352 δυνησομένου
569 2317 614 2343 τοῦ
627 2315 744 2353 Χριστοῦ
758 2316 891 2354 ἐπαμῦναι

96 2357 205 2395 αὐτοὺς,
222 2358 318 2399 φησὶν,
341 2358 382 2388 ὅτι
404 2360 438 2389 Εἰ
454 2359 500 2388 καὶ
521 2358 558 2398 μὴ
582 2358 633 2398 ἐγὼ
652 2359 783 2398 δύναμαι,
799 2361 813 2389 ὁ
828 2362 890 2398 γοῦν

96 2403 194 2441 Πατήρ
217 2415 279 2441 μου,
303 2402 332 2433 ὃν
348 2402 455 2440 μείζονά
480 2415 531 2443 μου
547 2404 661 2441 δοκεῖτε,
687 2404 735 2433 οὐκ
751 2404 892 2444 ἀξιόχρεώς

94 2448 151 2476 ἐστι
167 2449 298 2487 βοηθῆσαι
310 2449 389 2486 ὑμῖν;
402 2447 512 2488 "nemp
527 2448 573 2478 χαὶ
585 2450 704 2488 ἀλλαχοῦ
717 2460 790 2488 φησι·
809 2459 825 2478 tl
842 2450 889 2486 Μὴ

95 2491 213 2530 δοκεῖτε,
235 2492 274 2522 ὅτι
302 2493 330 2522 οὗ
355 2493 471 2532 δύναμαι
495 2493 682 2533 παρακαλέσαι
707 2493 752 2522 τὸν
780 2493 890 2534 Πατέρα

96 2547 163 2574 μου,
187 2537 234 2567 καὶ
264 2537 433 2577 παραστήσει
458 2549 503 2577 μοι
518 2538 622 2568 δώδεκα
647 2539 778 2578 λεγεῶνας
807 2539 890 2579 ἀγγέ-

95 2582 163 2619 λων;
179 2592 194 2611 n
213 2582 284 2612 Οὐδὲ
299 2582 350 2622 γὰρ
367 2585 495 2620 ἐνταῦθα,
519 2584 555 2617 ὡς
572 2583 711 2620 ἀδύνατος,
733 2582 810 2613 τοῦτό
826 2595 890 2624 φησι

96 2627 168 2666 (πῶς
190 2626 254 2666 γὰρ,
271 2626 298 2660 ὃς
319 2626 366 2656 καὶ
384 2627 464 2666 μόνον
491 2628 627 2668 ἐρωτήσας
653 2627 713 2662 τοὺς
729 2627 890 2667 Ἰουδαίους,

97 2671 203 2712 ἔῤῥιψεν
223 2671 317 2705 αὐτοὺς
338 2672 438 2712 ἀθρόως
460 2672 562 2706 πάντας
582 2674 617 2707 εἷς
640 2673 673 2702 τὰ
694 2672 812 2713 ὁπίσω;)
831 2673 891 2704 ἀλλ’

96 2715 187 2752 ἐπειδὴ
215 2716 275 2756 περὶ
302 2717 381 2746 αὐτοῦ
409 2718 444 2752 ὥς
468 2717 605 2758 ἀνθρώπου
634 2717 708 2753 δόξαν
734 2713 821 2758 εἶχον,
847 2718 891 2748 διὰ

94 2763 169 2790 τιέἇτο
178 2761 262 2790 ταῦτά
274 2773 363 2802 φησιν*
374 2761 455 2796 οὕτως
474 2757 518 2792 οὖν
533 2762 577 2792 καὶ
594 2762 636 2798 τὸ,
652 2774 666 2790 ιι
681 2762 715 2792 Ὁ
732 2762 828 2802 Πατήρ
840 2775 889 2802 μου

95 2806 189 2844 μείζων
215 2808 265 2844 μοῦ
293 2807 359 2836 ἔστι.
380 2818 395 2837 ι)
417 2806 489 2847 Πρὸς
511 2806 564 2848 γὰρ
579 2806 626 2844 τὴν
654 2806 758 2837 ἐκείνων
775 2807 889 2838 διάνοιαν

129 2856 154 2876 η
169 2857 269 2886 Matth.
284 2865 373 2892 xxvr,
389 2860 434 2886 53.
443 2857 466 2876 "
479 2859 560 2888 Joan.
573 2865 664 2893 xvut,
678 2861 705 2886 6.

945 2235 983 2262 illi
999 2234 1089 2262 tristes
1099 2238 1179 2262 erant
1189 2234 1265 2269 quasi
1280 2241 1333 2261 non
1348 2237 1439 2269 posset
1448 2232 1598 2268 eosjnvare
1608 2231 1741 2263 Christus,

947 2279 1013 2306 dicit
1050 2288 1056 2307 :
1083 2278 1213 2314 Quamvis
1235 2286 1286 2314 ego
1309 2286 1365 2305 non
1393 2284 1513 2313 possent,
1538 2276 1636 2303 saltem
1664 2277 1744 2303 Pater

945 2331 1035 2357 meus,
1049 2331 1134 2359 quem
1148 2331 1196 2351 vos
1210 2331 1256 2351 me
1270 2323 1403 2358 majorem
1418 2322 1529 2357 putatis,
1544 2327 1639 2348 nonne
1651 2323 1744 2348 tantus

945 2368 1054 2396 habitus
1068 2372 1111 2395 est
1125 2368 1171 2403 qui
1188 2367 1342 2402 vosjnvet?
1361 2367 1437 2394 Sicut
1456 2371 1483 2393 et
1495 2366 1549 2393 alio
1564 2366 1624 2393 loco
1643 2364 1711 2392 dicit
1735 2373 1741 2391 ι

947 2423 960 2437 ι
985 2414 1059 2440 Num
1084 2412 1198 2448 putatis,
1225 2411 1300 2448 quod
1326 2419 1382 2439 non
1407 2411 1507 2447 possim
1533 2417 1613 2438 orare
1635 2411 1744 2438 Patrem

946 2465 1040 2485 meum
1055 2461 1084 2484 et
1104 2456 1244 2485 exhibebit
1260 2455 1325 2484 mihi
1351 2455 1496 2484 duodecim
1518 2455 1638 2490 legiones
1660 2461 1744 2490 ange-

945 2501 1036 2530 lorum
1050 2501 1105 2529 ενι
1121 2510 1136 2528 ι
1152 2502 1215 2529 Non
1233 2501 1307 2529 enim
1323 2500 1375 2528 hoc
1399 2501 1460 2528 loco
1485 2500 1562 2536 quasi
1578 2507 1633 2527 non
1647 2498 1742 2535 possit,

945 2546 998 2574 hoc
1023 2546 1102 2580 dicit,
1117 2545 1270 2582 (quomodo
1285 2546 1370 2579 enim,
1390 2545 1435 2581 qui
1450 2545 1508 2573 sola
1530 2544 1744 2579 interrogatione

944 2591 1057 2619 Iudaeos
1066 2591 1194 2620 collectos
1205 2591 1358 2627 prostravit,
1372 2595 1499 2626 retroque
1511 2589 1608 2618 cedere
1619 2587 1683 2616 fecit
1692 2587 1744 2622 5°?)

945 2644 1038 2664 verum
1060 2637 1124 2672 quia
1143 2635 1177 2663 de
1198 2643 1230 2664 eo
1246 2639 1275 2663 ut
1290 2635 1402 2663 homine
1422 2635 1561 2662 habebant
1572 2633 1743 2669 opinionem,

945 2685 1088 2717 eapropter
1112 2680 1171 2709 hmo
1185 2680 1287 2716 inquit.
1313 2682 1354 2708 ita
1371 2680 1454 2715 igitur
1475 2683 1502 2706 et
1520 2678 1592 2706 istud
1613 2686 1619 2705 :
1635 2689 1647 2701 -
1663 2678 1746 2704 Pater

945 2725 1033 2762 major
1050 2733 1096 2754 me
1110 2730 1161 2753 est.
1181 2737 1192 2750 ι
1209 2725 1283 2753 Dixit
1296 2725 1370 2753 enim
1387 2725 1439 2752 hoc
1459 2723 1536 2759 juxta
1556 2722 1666 2750 illorum
1678 2729 1744 2749 sen<

945 2770 1070 2805 tentiam,
1089 2769 1262 2799 credentium
1282 2769 1374 2806 ipsum
1395 2767 1505 2805 quidem
1521 2766 1674 2801 inﬁrmum,
1691 2767 1744 2795 Pa-

944 2819 1015 2844 trem
1029 2819 1122 2843 autem
1143 2822 1226 2851 posse
1239 2814 1268 2842 in
1282 2818 1408 2850 tempore
1427 2811 1588 2841 afﬂictionis
1607 2811 1743 2841 sufﬁcere.
