1922 3077
223 183 275 209 179

731 179 986 208 THEOPHYLACTI
1006 177 1185 206 BULGARLE
1204 179 1359 208 ARCHIEP.

1817 183 1863 210 180

223 244 325 272 tristari
339 247 365 271 et
379 243 482 272 turbari
497 243 591 270 animo
607 252 614 270 :
631 244 693 271 Non
708 242 772 275 hoc,
787 242 887 279 inquit,
903 246 943 269 est
956 241 1017 269 dili-

1085 240 1120 270 ιαὶ
1143 241 1321 282 ταράττεσθαι
1345 242 1393 276 τὰς
1412 242 1499 283 ψυχὰς
1510 267 1518 281 ,
1533 244 1573 274 Οὖ
1589 245 1677 280 τοῦτο,
1693 244 1783 285 φησὶν,
1798 244 1863 274 ἔστιν

224 297 286 325 gere
300 297 354 322 me,
379 288 480 316 tristari
495 290 523 315 et
537 292 634 315 mecsto
657 295 716 315 esse
738 288 825 320 vultu,
846 287 893 315 sed
908 285 1019 314 credere

227 333 269 361 his
283 341 344 369 qua:
359 341 373 360 a
387 341 431 360 me
442 332 578 360 dicuntur.
595 333 756 360 Mandatum
769 332 845 360 enim
858 331 918 360 dedi
932 331 1018 364 vobis,

225 386 260 406 ne
279 377 438 405 terreamini
452 377 486 404 ab
501 377 541 404 his
556 377 603 413 qui
619 377 747 404 occidunt
760 385 875 412 corpus:
891 380 972 412 atque
985 376 1020 403 ita

226 423 249 449 si
273 421 384 457 diligitis
401 429 455 455 me,
480 421 533 449 hoc
554 422 709 457 observate,
733 426 760 449 et
774 421 888 458 posthac
913 429 948 448 ne
963 421 1021 448 sitis

226 466 318 494 tristes
339 466 367 493 in
383 470 472 493 morte
497 473 570 493 mea.
588 467 658 494 Nam
680 466 789 494 tristitia
803 465 887 498 afﬁci,
903 473 959 493 non
980 469 1023 493 est

228 511 285 546 ejus
299 511 650 547 quiobservatmandatnm
664 518 769 539 meum.
786 510 931 546 Quomodo
941 510 1023 546 igitur

229 563 284 583 non
311 555 489 583 observantes
513 556 675 583 mandatum
698 564 802 590 meum,
827 555 875 583 sed
897 557 1024 583 timentes

228 604 359 633 mortem,
381 599 472 628 dicitis
493 600 567 636 quod
595 600 714 637 diligatis
733 602 799 628 me?
822 602 936 636 Insuper
960 600 1024 636 quia

230 644 372 673 verisimile
394 649 436 672 est
458 645 555 673 dixisse
580 645 641 672 illos
657 646 691 673 ad
715 645 774 674 haec
794 654 802 673 :
828 647 861 673 Et
883 644 1023 681 quomodo

229 697 286 717 non
300 689 474 717 afticeremur
496 689 617 723 tristitia,
634 690 755 725 privandi
780 693 859 718 tanto
873 690 980 724 solatio,
998 693 1025 716 et

228 733 422 762 refocillatione
432 742 514 770 quam
529 742 562 762 ex
579 738 606 761 te
616 735 766 763 habemus?
776 734 867 770 inquit
880 744 887 762 :
898 735 961 762 Non
972 734 1025 761 erit

230 779 293 812 hoc,
306 786 362 806 non
374 778 550 814 privabimini
562 780 756 807 consolatione.
768 790 781 803 ιι
795 780 906 815 Rogabo
921 791 931 802 ι
941 779 1023 813 enim,

230 823 284 851 hoc
296 827 346 856 est,
364 823 513 851 obsecrabo
535 834 548 848 ι
568 825 688 858 Patrem,
703 829 731 852 et
747 824 830 852 alium
854 824 1025 851 Parat-letnm

231 868 323 896 mittet
331 867 406 895 vobis
419 877 426 895 :
438 877 453 894 »
465 868 552 896 alium
560 868 631 896 sicut
639 877 691 896 me.
702 868 895 897 Confundatur
903 868 955 896 hoc
965 868 1025 895 loco

1074 288 1180 327 ἀγαπᾷν
1193 298 1227 325 με
1237 309 1246 324 ,
1263 287 1471 327 σκυθρωπάζειν,
1486 288 1533 318 καὶ
1550 288 1738 328 ταράττεσθαι,
1756 289 1821 318 ἀλλὰ
1836 289 1863 318 τὸ

1073 331 1210 362 πείθεσθαι
1225 333 1279 365 τοῖς
1303 332 1365 372 παρ’
1380 333 1447 370 ἐμοῦ
1470 332 1630 372 λεγομένοις.
1660 333 1789 369 Ἐντολὴν
1814 333 1863 374 γὰρ

1075 375 1159 405 ἔδωκα
1176 378 1237 414 ὑμῖν
1251 377 1289 416 μὴ
1303 377 1439 417 φοϐεῖσθαι
1519 377 1652 418 φοϐεῖσθε]
1668 378 1721 407 ἀπὸ
1739 379 1791 406 τῶν
1804 379 1864 408 ἀπο-

1075 421 1229 450 κτεινόντων
1244 421 1274 451 τὸ
1291 424 1381 458 σῶμα.
1397 421 1485 452 Ὥστε
1506 423 1551 453 ἐὰν
1567 422 1691 462 ἀγαπᾶτέ
1707 434 1739 461 με
1750 445 1758 460 ,
1771 423 1865 460 ταύτην
1905 424 1906 427 “

1075 466 1201 506 φυλάξετε
1211 490 1219 502 ,
1235 467 1280 496 καὶ
1295 467 1332 504 μὴ
1348 468 1471 496 λυπεῖσθε
1486 468 1576 497 λοιπὸν
1592 467 1635 496 ἐπὶ
1650 469 1687 507 τῷ
1709 467 1812 507 θανάτῳ
1830 469 1865 508 τῷ

1075 512 1140 550 ἐμῷ.
1274 512 1320 550 τὸ]
1337 511 1389 551 γὰρ
1405 513 1543 541 λυπεῖσθαι
1556 514 1602 542 οὒκ
1616 511 1674 542 ἔστι
1691 512 1863 552 φυλάσσοντος

1075 555 1175 592 ταύτην
1200 556 1248 591 τὴν
1271 556 1390 592 ἐντολήν.
1410 558 1473 590 Πῶς
1497 552 1541 586 οὖν
1558 557 1594 595 μὴ
1620 557 1798 597 φυλάσσοντες
1818 557 1863 592 τὴν
1901 572 1906 579 π

1077 601 1183 636 ἐντολήν
1211 612 1278 639 μου,
1294 600 1365 642 αλλὰ
1381 601 1538 642 φοϐούμενοι
1560 602 1604 631 τὸν
1627 602 1754 637 θάνατον,
1781 602 1865 641 λέγετε

1078 647 1183 686 ἀγαπᾷν
1197 655 1247 682 με;
1274 640 1339 674 Εἶτα
1353 646 1444 681 ἐπειδὴ
1459 646 1526 679 εἰκὸς
1540 641 1572 681 ἧν
1595 645 1688 679 αὖτοὺς
1705 646 1770 686 πρὸς
1785 648 1865 675 ταῦτα

1079 691 1176 719 εἰπεῖν·
1205 689 1257 720 Καὶ
1284 692 1339 723 πῶς
1365 691 1394 719 οὗ
1416 690 1637 728 λυπηθησόμεθα,
1654 691 1794 728 μέλλοντες
1820 702 1866 719 τοι-

1078 734 1159 770 αύτης
1182 735 1375 774 παρακλήσεως
1394 735 1441 764 καὶ
1460 735 1633 776 ψυχαγωγίας
1653 738 1699 771 τῆς
1727 734 1799 774 παρὰ
1824 737 1866 764 σοῦ

1078 782 1253 819 στερηθῆναις
1271 779 1366 820 φησίν·
1392 781 1451 809 Οὐκ
1472 780 1547 809 ἔσται
1571 783 1666 816 τοῦτο,
1689 780 1719 810 οὖ
1736 779 1866 820 στερηθή-

1078 826 1154 853 σεσθε
1169 825 1373 862 παρακλήσεως.
1396 835 1411 852 ιι
1427 824 1575 864 Ἐρωτήσω
1590 835 1605 853 n
1630 824 1693 864 γὰρ,
1714 824 1778 863 ὅπερ
1796 824 1865 860 ἐστὶ,

1078 869 1261 908 παρακαλέσω
1280 880 1295 897 ι(
1311 869 1354 898 τὸν
1372 869 1483 910 Πατέρα
1495 891 1502 905 ,
1519 869 1565 899 καὶ
1588 870 1668 898 ἄλλον
1696 869 1866 908 Παράκλητον

231 913 364 943 Sabellius
377 935 384 948 ,
399 914 493 944 dicens
511 922 598 942 unam
613 921 758 949 personam
774 913 863 941 Patris
878 917 903 940 et
918 912 978 940 Filii
999 916 1028 940 et

1085 913 1179 954 πέμψει
1203 915 1280 950 ὑμῖν,
1311 925 1325 942 ο
1353 914 1448 949 ἄλλον,
1477 915 1512 947 ὡς
1537 913 1595 952 ἐμέ.
1626 914 1804 953 Αἷσχυνέσθω
1832 913 1868 942 ἔν-

231 960 348 996 Spiritus
361 961 462 989 sancti.
479 962 547 988 Ecce
561 959 636 987 enim
652 958 739 991 audit,
748 958 841 986 Alium
856 957 1027 985 Paracletum

231 1004 313 1040 dabo,
329 1009 356 1032 et
371 1005 407 1032 ita
431 1004 511 1032 aliam
527 1010 671 1039 personam
691 1002 819 1038 Spiritus.
834 1001 1028 1030 Conl'nndatur

232 1054 259 1078 et
285 1049 472 1083 Macedonius,
497 1049 542 1084 qui
560 1048 628 1076 dicit
644 1047 757 1075 alterius
781 1046 940 1074 substantia:
968 1053 1028 1074 esse

232 1094 377 1130 Spiritum,
392 1098 421 1122 et
434 1094 566 1121 minorem
577 1093 654 1121 Filio.
672 1092 753 1120 Audit
763 1091 836 1119 enim
846 1091 918 1127 quod
930 1095 958 1119 et
971 1091 1028 1127 ipse

232 1140 391 1168 Paracletus
408 1139 451 1171 sit,
464 1140 534 1166 sicut
552 1138 644 1166 Filius.
664 1137 790 1172 Ejusdem
813 1136 887 1164 enim
900 1135 1029 1164 substan-

232 1184 278 1212 tiae
292 1188 333 1212 est
345 1192 410 1211 cum
424 1183 493 1212 Filio
505 1183 633 1218 Spiritus,
649 1182 741 1217 utique
752 1185 846 1209 autem
861 1185 889 1208 et
903 1189 965 1208 cum
980 1181 1030 1208 Pa-

233 1233 285 1257 tre.
308 1230 380 1256 Nam
402 1230 482 1256 Pater
503 1231 531 1255 et
545 1227 629 1255 Filius
652 1226 776 1262 ejusdem
790 1225 962 1253 substantiae.
988 1226 1030 1253 Ne

236 1273 342 1301 mireris
356 1277 449 1301 autem
463 1272 538 1309 quod
551 1270 627 1306 dicit,
649 1283 662 1295 α
677 1271 791 1307 Rogabo
803 1272 930 1304 Patrem;
945 1282 957 1295 ι
972 1277 1029 1298 non

234 1318 308 1346 enim
326 1321 357 1346 ut
371 1325 464 1346 servus
487 1321 557 1351 orat,
580 1315 627 1345 sed
650 1316 707 1343 vult
728 1315 803 1351 quod
828 1314 1030 1343 sufﬁcientibus

233 1363 402 1399 argumentis
424 1366 539 1390 testetur
561 1360 700 1396 discipulis
714 1359 790 1396 quod
811 1359 925 1387 omnino
941 1359 1032 1387 veniat

234 1415 316 1443 super
327 1415 375 1435 eos
396 1407 512 1443 Spiritus
526 1406 683 1433 Paracletus
699 1414 706 1432 :
723 1405 835 1440 ejusque
853 1405 941 1440 gratia
962 1412 1028 1431 con-

234 1451 402 1481 descendeus
414 1451 468 1479 illis
481 1451 554 1485 dicit,
569 1461 582 1474 α
593 1449 709 1486 Rogabo
721 1450 839 1476 Patrem.
850 1460 862 1472 ιι
877 1450 946 1476 Nam
959 1448 983 1475 si
994 1447 1032 1476 di-

234 1497 330 1531 xisset,
346 1496 429 1532 703
446 1496 565 1529 Mittam,
581 1503 637 1522 non
657 1494 694 1522 sic
717 1493 900 1521 credidissent
925 1501 932 1521 :
957 1501 1030 1521 nunc

1081 961 1165 988 ταῢθα
1184 960 1198 988 ὁ
1218 958 1382 994 Σαϐέλλιος,
1405 960 1419 987 ὁ
1435 959 1518 998 λέγων
1534 958 1561 988 ἒν
1589 958 1733 998 πρόσωπον
1752 958 1866 997 Πατρὸς,

1080 1003 1126 1032 καὶ
1141 1003 1216 1038 Υἱοῦ,
1232 1003 1276 1032 καὶ
1292 1003 1367 1042 ἁγίου
1383 1004 1552 1040 Πνεὺματος.
1564 1003 1633 1033 ’ἰδοὺ
1649 1002 1701 1042 γὰρ
1717 1002 1817 1038 ἀκούει,
1833 1002 1867 1032 ὅτι
1905 1024 1906 1030 η

1082 1048 1161 1077 ἄλλον
1178 1047 1354 1087 Παράκλητον
1373 1047 1484 1088 πέμψει,
1507 1047 1576 1078 ὥστε
1598 1048 1663 1077 ἄλλο
1684 1047 1823 1088 πρόσωπον
1842 1047 1869 1076 τὸ

1081 1095 1129 1122 τοῦ
1139 1093 1305 1131 Πνεύματος.
1323 1093 1497 1132 Αἷσχυνέσθω
1511 1092 1556 1122 καὶ
1571 1092 1733 1125 Μακεδόνιος
1748 1091 1867 1131 ὁλέγων,

1081 1137 1122 1167 ὅτι
1144 1137 1226 1173 ἄλλης
1246 1137 1336 1170 οὐσίας
1353 1137 1384 1167 τὸ
1405 1138 1535 1175 Πνεῦμα,
1559 1138 1605 1166 καὶ
1620 1136 1806 1174 ὑποδεέστερον
1827 1138 1868 1165 τοῦ

1082 1182 1159 1212 Υἱοῢ.
1177 1181 1211 1211 Ὁ
1228 1181 1276 1220 μὲν
1291 1182 1342 1222 γὰρ
1362 1182 1469 1218 ἀκούει,
1492 1182 1531 1211 ὅτι
1550 1183 1596 1212 καὶ
1613 1182 1682 1222 αὐτὴν
1701 1180 1869 1220 Παράκλητός

1084 1227 1166 1264 ἐστιν,
1179 1226 1270 1266 ὥσπερ
1286 1227 1331 1256 καὶ
1349 1228 1363 1256 ὁ
1386 1226 1458 1260 Υἱός.
1476 1226 1636 1264 Ὁμοούσιον
1652 1221 1696 1255 οὖν
1715 1228 1753 1266 τῷ
1768 1226 1824 1265 Υῖῷ
1842 1225 1869 1253 τὸ

1084 1272 1213 1309 Πνεῦμαυ
1235 1271 1341 1304 πάντως
1359 1271 1387 1300 δὲ
1408 1271 1454 1300 καὶ
1479 1271 1583 1312 Πατρί·
1605 1273 1652 1307 τῆς
1672 1270 1725 1311 γὰρ
1740 1272 1818 1306 αὐτῆς
1833 1270 1869 1299 οὗ·

1083 1316 1141 1349 σίας
1159 1315 1252 1355 Πατὴρ
1273 1316 1319 1345 καὶ
1335 1314 1408 1348 Υἱός.
1427 1315 1474 1352 Μὴ
1490 1316 1631 1355 θαυμάσῃς
1644 1315 1672 1345 δὲ
1684 1314 1708 1344 εἴ
1726 1326 1818 1356 φησιν,
1833 1315 1868 1344 ὅτι

1087 1371 1102 1388 α
1116 1359 1263 1399 Ἐρωτήσω
1274 1360 1317 1389 τὸν
1332 1359 1458 1399 Πατέρα·
1470 1371 1484 1388 ι)
1502 1361 1530 1389 οὖ
1545 1360 1595 1400 γὰρ
1606 1362 1641 1393 ὡς
1656 1361 1745 1393 δοῦλος
1757 1369 1870 1399 παραχα-

1082 1406 1135 1442 λεῑ,
1147 1404 1216 1434 ἀλλὰ
1229 1404 1271 1433 διὰ
1283 1404 1313 1434 τὸ
1323 1406 1524 1445 πληροφορῆσαι
1537 1405 1595 1438 τοὺς
1614 1404 1746 1442 μαθητὰς,
1758 1403 1796 1434 ὅτι
1809 1402 1870 1433 πάν-

1085 1462 1136 1483 τως
1148 1449 1318 1479 ἐπελεύσεται
1335 1450 1420 1482 αὖτοῖς
1432 1450 1462 1479 τὸ
1478 1450 1590 1486 Πνεῦμα
1608 1450 1798 1488 Παράκλητος·
1812 1446 1868 1476 τού-

1085 1505 1130 1523 του
1146 1493 1232 1523 ἕνεκεν
1255 1493 1460 1533 συγκαταϐαίνει
1475 1495 1572 1528 αὐτοῖς,
1592 1493 1638 1523 καί
1654 1506 1743 1534 φησιν,
1759 1493 1797 1522 ὅτι
1812 1493 1868 1523 Πα-

236 1546 327 1570 autem
361 1540 564 1568 credibiliorem
600 1539 703 1567 faciens
734 1546 903 1572 sermonem,
932 1538 1029 1574 inquit,

1087 1539 1227 1578 ρακαλέσω
1242 1539 1285 1568 τὸν
1303 1538 1421 1579 Πατέρα.
1435 1539 1467 1568 Εἰ
1482 1538 1533 1578 γὰρ
1548 1534 1630 1575 εἶπεν,
1645 1538 1685 1567 δτι
1699 1538 1813 1578 Πέμψω,
1829 1536 1868 1566 οὒκ

238 1597 251 1610 αι
266 1585 382 1621 Rogabo
396 1586 516 1613 Patrem.
532 1596 544 1609 ι
559 1584 626 1612 Etsi
651 1591 720 1619 opus
735 1583 815 1611 fuerit
835 1583 985 1619 patrocinio
1005 1587 1033 1610 et

237 1630 372 1664 oratione,
387 1630 515 1657 omnibus
528 1629 616 1656 modis
631 1636 745 1664 operam
757 1627 828 1655 dabo
845 1632 876 1655 ut
888 1628 976 1655 veniat
987 1636 1032 1656 su—

238 1683 286 1712 per
300 1683 348 1703 vos
363 1674 489 1710 Spiritus.
508 1673 540 1702 id
550 1673 623 1710 quod
635 1678 662 1701 et
675 1681 726 1700 nos
740 1680 930 1709 saepenumero
943 1673 1032 1701 dicere

237 1721 375 1748 solemus:
389 1719 521 1746 Animam
536 1727 629 1746 meam
644 1726 744 1754 ponam
760 1722 790 1746 ut
803 1718 854 1745 hoc
866 1718 921 1752 ﬁat,
935 1725 1033 1753 quam-

237 1766 278 1793 vis
294 1772 377 1801 parvo
404 1764 498 1791 labore
524 1764 686 1799 plerumque
707 1771 752 1790 res
773 1767 852 1799 egeat
876 1773 882 1790 :
910 1767 1032 1790 attamen

240 1810 360 1838 volentes
375 1807 520 1836 ostendere
541 1808 614 1844 quod
631 1816 687 1835 non
702 1807 886 1835 delreclemus
897 1808 1030 1843 studium,

237 1855 277 1883 ita
288 1855 413 1883 dicimus.
427 1855 460 1881 Et
474 1853 554 1881 aliter
571 1862 578 1881 :
590 1853 659 1888 Quia
675 1861 724 1888 pro
738 1853 818 1880 nobis
835 1853 969 1880 Dominus
988 1861 1032 1881 se-

238 1900 387 1936 metipsum
403 1899 503 1926 obtulit
520 1897 638 1925 hostiam
660 1897 743 1932 Patri,
760 1898 868 1933 plaeans
891 1898 968 1926 illum
986 1906 1033 1934 per

238 1953 317 1972 suam
329 1948 447 1972 mortem
459 1948 491 1970 ut
504 1942 641 1975 Pontifex,
656 1942 753 1970 deinde
774 1943 813 1970 sic
828 1943 944 1978 Spiritus
958 1943 1034 1971 venit

239 1989 268 2018 in
280 1997 341 2022 nos,
357 1992 451 2024 utpote
463 1992 573 2024 peccato
585 1988 686 2020 soluto,
698 1992 725 2015 et
738 1987 888 2014 inimicitiis
897 1987 1013 2015 sublatis
1025 1997 1033 2016 :

239 2038 383 2070 propterea
404 2032 481 2067 dicit,
499 2044 511 2056 «ι
540 2031 655 2068 Rogabo
678 2033 797 2066 Patrem,
820 2036 848 2059 et
862 2032 1034 2060 Paracletum

240 2077 314 2106 dabit
327 2077 414 2111 vobis,
432 2089 444 2102 υ
464 2077 517 2105 hoc
530 2081 581 2111 est,
594 2076 707 2113 placabo
720 2076 797 2104 vobis
810 2077 934 2111 Patrem,
950 2081 978 2104 et
989 2085 1034 2104 re-

239 2122 388 2150 conciliabo
402 2122 477 2150 illum
492 2122 579 2156 vobis,
595 2121 640 2157 qui
651 2125 763 2157 propter
780 2125 921 2157 peccatum
932 2121 1035 2157 inimici

240 2167 338 2198 eratis:
356 2171 384 2195 et
396 2167 488 2195 mittet
498 2167 575 2194 vobis
593 2155 733 2202 Spiritum.
751 2155 799 2202 per
817 2174 907 2193 meam
923 2175 973 2203 pro
989 2155 1035 2195 vo-

240 2212 282 2240 bis
302 2216 420 2241 mortem
436 2213 569 2249 placatus,
589 2215 616 2239 et
638 2211 830 2240 reconciliatus
844 2211 931 2239 vobis.
957 2213 1037 2248 Quod

240 2262 332 2286 autem
351 2257 428 2292 dicit,
453 2268 466 2281 ι
480 2258 520 2285 Ut
542 2260 654 2284 maneat
666 2255 807 2284 vobiscum
820 2255 847 2283 in
860 2261 1005 2291 aeternum,
1021 2270 1034 2283 ιι

240 2302 311 2330 dixit
323 2303 470 2331 consolans
482 2310 538 2330 eos.
552 2303 615 2330 Non
628 2300 701 2329 enim
714 2300 763 2335 ita,
777 2301 878 2337 inquit,
894 2305 1036 2338 tempora—

239 2347 281 2376 ria
308 2348 359 2376 erit
384 2347 443 2384 ejus
465 2345 636 2375 consuetudo
658 2345 811 2380 vobiscum,
836 2350 868 2373 ut
893 2354 966 2380 mea,
990 2347 1037 2376 sed

239 2399 327 2428 usque
342 2392 371 2420 in
384 2396 519 2420 aeternum
532 2391 643 2419 durabit
664 2400 672 2419 :
689 2398 777 2426 neque
792 2390 900 2420 deﬁciet
912 2399 976 2419 cum
991 2400 1038 2420 vos

240 2437 344 2465 mortui
366 2436 484 2471 fueritis,
509 2436 558 2464 sed
577 2435 661 2464 simul
684 2436 865 2472 permanebit,
885 2440 912 2464 et
933 2437 1038 2473 glorio-

241 2481 328 2510 siores
361 2481 457 2509 reddet
490 2491 497 2510 :
524 2485 655 2509 caeterum
687 2489 751 2509 cum
773 2481 902 2509 omnibus
937 2481 1037 2509 sanctis

241 2533 350 2561 semper
364 2530 406 2554 est
432 2530 481 2554 :et
495 2530 559 2562 post
571 2534 668 2554 eorum
699 2529 833 2560 mortetn,
872 2529 948 2554 tanto
988 2534 1036 2562 po-

241 2572 295 2601 tius
334 2576 438 2608 quanto
477 2571 581 2599 scilicet
617 2571 794 2600 sublimiores
827 2575 893 2598 tunc
937 2579 1036 2607 corpo-

240 2617 344 2646 ralibus
368 2615 568 2645 affectionibus.
606 2628 619 2641 u
651 2616 784 2651 Spiritum
812 2620 906 2644 autem
934 2617 1037 2645 verita-

239 2662 284 2696 tis,
313 2673 326 2688 υ
355 2662 453 2699 inquit,
482 2661 535 2690 hoc
567 2665 618 2695 est,
654 2661 788 2697 Spiritum
831 2668 889 2688 non
930 2661 1038 2689 Veteris

239 2708 408 2737 Testamenti
455 2706 529 2742 (nam
568 2706 612 2735 illa
647 2706 735 2742 ﬁgura
780 2709 823 2733 est
858 2709 886 2734 et
930 2706 1036 2742 umbra)

238 2753 288 2782 sed
311 2753 391 2788 Novi,
413 2752 487 2789 quod
517 2755 559 2781 est
600 2751 706 2780 veritas.
733 2750 879 2778 Habebant
903 2750 986 2787 igitur
1011 2754 1039 2778 ct

238 2799 277 2827 illi
299 2798 346 2835 qui
361 2798 389 2826 in
411 2798 480 2834 lege,
496 2797 637 2833 Spiritum,
661 2796 710 2824 sed
731 2795 761 2823 in
778 2795 866 2832 ﬁgura
880 2799 908 2823 et
922 2795 1036 2823 umbro-

239 2852 311 2878 sum,
331 2851 404 2873 nunc
428 2843 537 2873 Veritas
558 2842 616 2879 ipsa
638 2840 854 2871 substantialiter
875 2840 949 2869 venit
973 2847 1037 2868 cum

1087 1583 1118 1612 ἂν
1138 1583 1219 1617 οὕτως
1240 1584 1413 1613 ἐπίστευσαν
1441 1586 1487 1612 ν’ὒν
1510 1583 1536 1612 δὲ
1553 1582 1704 1616 ἀξιόπιστον
1727 1584 1808 1612 ποιῶν
1829 1581 1868 1610 τὸν

1086 1627 1176 1667 λόγον,
1196 1627 1288 1668 φησὶν,
1314 1627 1354 1656 δτι
1379 1639 1394 1657 α
1413 1626 1561 1667 Ἐρωτήσω
1576 1627 1620 1657 τὸν
1646 1627 1767 1667 Πατέρα.
1785 1637 1799 1656 1)
1818 1625 1868 1656 Κᾶν

1085 1672 1135 1712 γὰρ
1163 1673 1244 1712 χρεία
1270 1672 1394 1712 γένηται,
1419 1672 1501 1712 φησὶ,
1524 1673 1720 1712 παρακλήσεως
1745 1673 1788 1701 καὶ
1803 1669 1869 1705 ἀξιώ-

1086 1728 1165 1754 σεως,
1185 1717 1273 1746 πάντα
1289 1718 1384 1757 τρόπον
1399 1716 1560 1756 σπουδάσω,
1582 1716 1625 1745 ἵνα
1646 1717 1743 1757 ἐπέλθῃ
1767 1715 1824 1754 ὑμῖν
1844 1713 1869 1743 τὸ

1088 1763 1213 1799 Πνεῦμα”
1228 1760 1293 1802 ὅπερ
1314 1761 1359 1790 καὶ
1381 1763 1458 1800 ἡμεῖς
1479 1760 1609 1799 εἰώθαμεν
1623 1761 1750 1795 πολλάκις
1774 1760 1868 1799 λέγειν,

1086 1806 1126 1835 ὅτι
1146 1807 1203 1842 Τὴν
1218 1807 1306 1847 ψυχήν
1321 1818 1371 1844 μου
1387 1808 1469 1842 θήσω,
1485 1805 1527 1834 ἵνα
1543 1805 1601 1835 τόδε
1616 1807 1738 1845 γένηται·
1753 1805 1833 1835 καίτοι
1845 1813 1870 1842 γε

1085 1851 1175 1891 ὀλίγης
1193 1853 1307 1887 σπουδῆς
1324 1852 1451 1885 πολλάκις
1469 1850 1564 1891 χρῄζει
1581 1850 1610 1880 τὸ
1632 1851 1723 1891 ἔργον·
1739 1849 1795 1880 ἀλλ’
1808 1847 1870 1886 ὅμως

1087 1896 1169 1930 δεῖξαι
1190 1896 1309 1930 θέλοντες
1324 1898 1360 1929 ὣς
1384 1897 1413 1925 οὖ
1432 1896 1660 1936 παραιτησόμεθα
1682 1894 1730 1932 τὴν
1751 1893 1870 1930 σπουδὴν,

1087 1940 1156 1970 οὕτω
1168 1941 1291 1980 λέγομεν.
1312 1938 1413 1973 Ἄλλως
1429 1952 1457 1970 τε
1467 1952 1473 1958 ·
1497 1940 1576 1970 Ἐπεὶ
1593 1941 1661 1980 ὑπὲρ
1679 1941 1754 1976 ἡπῶν
1770 1938 1871 1975 ἀνήνεγ-

1088 1996 1132 2015 κεν
1149 1985 1241 2014 ἑαυτὸν
1258 1985 1348 2015 θυσίαν
1364 1987 1378 2014 ὁ
1396 1984 1491 2024 Κύριος
1512 1987 1550 2024 τῷ
1567 1985 1676 2025 Πατρὶ,
1699 1982 1872 2025 ἐξιλασάμεχος

1090 2029 1169 2059 αὐτὸν
1193 2029 1236 2058 διὰ
1258 2032 1304 2058 τοῦ
1333 2021 1569 2059 οἷκείουῗθανάτ-ου
1597 2021 1638 2063 ὥς.
1657 2027 1806 2070 ἀρχιερεὺς,
1828 2021 1869 2054 εἶθ’

1089 2075 1157 2103 οὕτω
1183 2073 1214 2103 τὸ
1239 2075 1350 2112 Πνεῦμα
1381 2075 1492 2109 ἐπῆλθεν
1516 2075 1597 2112 ἡμῖν,
1622 2075 1659 2108 ὥς
1678 2069 1727 2109 τῆς
1753 2069 1873 2111 ἁμαρτίας

1089 2118 1230 2155 λυθείσης,
1254 2118 1299 2148 καὶ
1327 2120 1374 2154 τῆς
1399 2119 1493 2158 ἔχθρας
1517 2119 1715 2157 ἀναιρεθείσης·
1739 2117 1781 2147 διὰ
1805 2112 1871 2144 τοῦτό

1091 2175 1182 2203 φησιν,
1198 2162 1239 2193 ὅτι
1264 2175 1278 2192 α
1295 2163 1444 2202 Ἐρωτήσω
1463 2163 1509 2192 τὸν
1526 2162 1648 2202 Πατέρα,
1663 2162 1708 2192 καὶ
1725 2161 1767 2192 τὸν
1789 2157 1872 2198 Παρά-

1093 2209 1189 2245 κλητον
1212 2207 1293 2237 δώσει
1314 2209 1388 2246 ὑμῖν·
1411 2219 1427 2237 ι)
1456 2207 1605 2243 τουτέστιν,
1628 2207 1801 2244 Ἐξιλάσομαι
1815 2202 1872 2241 ὑπὲρ

1091 2254 1164 2291 ὑμῶν
1184 2252 1229 2282 τὸν
1250 2253 1379 2292 Πατέρα,
1406 2252 1452 2282 καὶ
1474 2252 1688 2287 ἀποκαταλλάξαι
1704 2255 1794 2281 τοῦτον
1818 2250 1872 2286 ὑμῖν

1090 2298 1144 2332 τοῖς
1159 2298 1217 2338 idid
1242 2297 1290 2334 τὴν
1314 2297 1446 2337 ἁμαρτίαν
1474 2299 1587 2337 ἐχθροῖς,
1611 2297 1658 2326 καὶ
1683 2292 1756 2329 οὗτος
1781 2293 1871 2333 πέμψει

1091 2344 1151 2381 ὑμῖν
1166 2343 1195 2372 τὸ
1209 2344 1337 2382 Πνεῦμα,
1358 2342 1501 2376 ἓΞιλασθεὶς
1516 2342 1559 2372 διὰ
1573 2344 1618 2371 τοῦ
1641 2343 1705 2379 ἐμοῦ
1721 2340 1785 2379 ὑπὲρ
1806 2338 1870 2382 ῧμῶν

1091 2388 1219 2426 θανάτου,
1238 2387 1284 2417 καὶ
1307 2387 1481 2426 καταλλαγεὶς
1496 2387 1568 2426 ὑμῖν.
1586 2387 1627 2417 Τὸ
1647 2387 1674 2416 δὲ
1685 2409 1694 2423 ,
1715 2384 1798 2415 «Ἵνα
1812 2381 1870 2422 μένῃ

1091 2434 1148 2472 μεθ’
1163 2434 1237 2472 ὑμῶν
1261 2433 1296 2466 εἷς
1308 2432 1353 2461 τὸν
1371 2433 1465 2471 αἰῶνα,
1478 2443 1493 2461 ι)
1514 2428 1599 2469 εἶπεν,
1615 2431 1674 2470 ἅμα
1692 2430 1739 2470 μὲν
1754 2437 1870 2472 παραμυς

1091 2477 1215 2514 θούμενος
1244 2477 1347 2510 αὐτούς.
1371 2477 1412 2507 Οὐ
1436 2476 1488 2517 γὰρ
1506 2477 1592 2515 οὕτω,
1617 2476 1701 2517 φησὶ,
1724 2468 1871 2515 πρόσκαιρός

1092 2524 1161 2553 ἔστιν
1186 2525 1203 2558 ἡ
1226 2523 1306 2551 αὐτοῦ
1325 2521 1474 2561 παρουσία,
1500 2523 1567 2558 ὡςὴ
1593 2521 1655 2559 ἐμὴ,
1680 2519 1814 2558 ἀλλ’ἄχρι
1830 2517 1869 2561 τοῦ

1093 2569 1186 2601 αἰῶνος
1201 2567 1350 2606 διαρκέσει·
1371 2567 1417 2596 καὶ
1439 2566 1498 2595 οὐδὲ
1520 2566 1650 2595 θανόντοιν
1671 2566 1744 2603 ὑμῶν
1759 2557 1870 2593 ἀποστή-

1093 2624 1184 2648 σεται,
1199 2611 1267 2642 me:
1280 2615 1495 2651 συμπαραμενεῖ,
1511 2611 1558 2641 καὶ
1570 2610 1747 2650 ἐνδοξοτέρους
1761 2605 1870 2651 NOV/1M"

1092 2658 1137 2687 καὶ
1153 2662 1219 2686 πᾶσι
1234 2657 1262 2686 δὲ
1273 2660 1326 2690 τοῖς
1339 2655 1422 2694 ἁγίοις
1437 2655 1478 2685 ἀεὶ
1493 2656 1611 2692 σύνεστι,
1627 2655 1671 2684 καὶ
1687 2655 1791 2684 θανοῦσι
1805 2649 1869 2694 μᾶλ-

1091 2703 1148 2739 λον,
1164 2702 1218 2742 ὅσῳ
1232 2700 1278 2731 καὶ
1293 2693 1452 2740 σωματικῶν
1467 2702 1558 2730 παθῶν
1570 2699 1726 2741 ὑψηλότεροι
1737 2697 1795 2744 τότε
1807 2693 1869 2744 μὶὲλς

1091 2747 1147 2778 λον.
1169 2758 1183 2776 (ι
1199 2740 1310 2785 Πνεῦμα
1321 2746 1348 2775 δὲ
1361 2745 1482 2782 ἀληθείας
1494 2755 1509 2774 1)
1527 2740 1615 2785 φησὶν,
1630 2745 1688 2773 ἀντὶ
1699 2745 1755 2782 τοῦ,
1769 2740 1868 2789 Πνεῧμὶά

1092 2792 1161 2822 ἐστιν
1190 2792 1218 2821 οὖ
1241 2793 1289 2827 τῆς
1318 2791 1442 2824 Παλαιᾶς
1467 2789 1602 2826 Διαθήκης
1626 2787 1727 2828 (ἐκείνη
1750 2785 1811 2828 γὰρρ
1830 2785 1868 2809 τὺ·

1092 2848 1140 2872 πος
1163 2835 1209 2866 καὶ
1223 2847 1286 2867 σκια
1293 2835 1313 2877 ),
1330 2835 1398 2866 ἀλλὰ
1413 2837 1461 2872 τῆς
1485 2834 1573 2874 Νέας,
1590 2833 1649 2870 ἥτις
1669 2832 1739 2863 ἐστὶν
1761 2827 1868 2864 ἀλήθειαν
