1922 3077
71 171 116 200 181
473 169 670 197 ENARRATIO
691 169 725 196 1N
745 164 959 195 EVANGELIUM
977 165 1125 193 JOANNIS.
1145 179 1181 186 —
1199 165 1274 193 CAP.
1294 166 1359 193 XIV.

1666 164 1716 193 182

70 229 154 274 Εἶχον
169 233 223 273 ’μὶν
238 228 283 263 οἶν
302 234 412 272 Πνεῦμα
435 232 481 262 καὶ
496 233 520 262 οἱ
547 233 573 261 ἐν
594 233 632 272 τῷ
659 231 732 272 νόμῳ
757 230 815 260 ἀλλ’
838 230 863 258 ἓν

924 227 1071 263 discipulis,
1093 232 1124 256 ut
1137 228 1173 255 ita
1195 228 1258 264 quis
1280 227 1361 255 dicat.
1376 229 1417 256 Ne
1431 231 1523 256 autem
1542 228 1603 264 quis
1618 227 1716 264 opine—

69 278 146 320 τύπῳ
165 280 212 308 καὶ
228 279 360 312 σχιωδῶς·
374 281 420 307 ν’ὗν
436 277 463 306 δὲ
485 280 502 313 ἡ
521 277 630 312 ἀλήθεια
647 276 714 311 αὐτὴ
730 275 863 307 οὖσιωδῶς

69 318 238 363 συγκατῆλθε
252 328 306 357 τοῖς
327 326 477 361 μαθηταῖς,
494 324 528 355 ὡς
553 322 584 351 ἂν
608 321 677 351 εἴποι
694 332 743 354 τις.
759 319 820 350 Ἵνα
841 318 866 349 δὲ

69 368 109 407 μή
138 368 295 406 νομίσωσιν,
323 367 364 397 ὅτι
396 367 442 396 καὶ
467 366 532 396 αὐτὸ
561 368 731 406 σαρκωθῆναι
757 365 866 403 μέλλει,

69 412 161 453 ὥσπερ
177 414 263 449 αὐτὸς,
279 412 368 453 φησὶν,
379 412 421 441 ὅτι
443 423 458 440 α
475 411 509 442 Ὁ
523 411 622 449 κόσμος
642 412 671 440 οὖ
692 410 803 440 δύναται
815 410 867 438 λα-

69 457 126 487 ϐεῖν
140 452 213 488 αὑτό.
232 469 246 486 ι)
265 458 327 497 Οὐχ
346 456 427 492 οὕτω,
449 456 532 496 φησὶ,
551 455 650 490 διδάξει
672 457 760 492 ὑμᾶς,
776 452 866 492 ὥσπερ

70 502 137 542 ἐγώ·
161 503 191 532 οὖ
205 502 258 542 γὰρ
273 503 382 531 δύναται
405 501 469 530 αὐτὸ
489 503 503 530 6
522 499 619 538 κόσμος
638 500 730 529 λαϐεῖν
747 509 867 536 σωματι-

71 549 137 581 κῶς·
158 547 311 582 τουτέστιν,
338 546 386 577 Ἐν
409 546 500 578 αὑταῖς
525 544 626 580 οἰκήσει
650 545 707 578 ταῖς
728 543 868 582 ὑμετέραις

69 594 182 632 ψυχαῖς.
200 592 253 622 Καὶ
268 591 356 624 ἄλλως
368 591 412 620 δέ·
428 592 469 620 Οὔ
487 590 594 619 δύναται
616 589 709 619 λαϐεῖν
727 590 740 617 ὃ
754 587 867 626 κόσμος,

70 637 219 672 τουτέστιν,
235 638 249 665 6
264 636 372 676 χυδαῖος
386 635 460 672 λαὸς,
472 634 518 664 καὶ
531 635 564 664 τὰ
578 636 624 664 τοῦ
638 633 739 672 κόσμου
753 633 865 673 φρονῶν,

75 692 91 710 α
111 681 153 711 ὅτι
179 681 209 710 οὗ
226 684 317 720 θεωρεῖ
342 679 421 716 αὐτὸ,
447 680 590 716 τουτέστιν,
612 678 653 708 ὅτι
678 679 868 712 ἀκατάληπτος

71 727 154 756 αὐτοῦ
175 727 246 755 ἐστιν
263 727 279 761 ἡ
298 724 390 754 οὖσία·
417 725 529 765 θεωρίαν
548 723 599 764 γὰρ
619 725 732 753 ἐνταῦθα
758 722 807 757 τὴν
824 721 868 751 διὰ

69 773 120 800 τοῦ
137 770 194 803 νοὸς
213 771 295 808 λέγει.
309 768 394 799 ¹⁷Οθεν
409 769 455 798 καὶ
478 770 609 809 ἐπιφέρει·
627 779 642 797 α
657 767 728 798 Οὐδὲ
744 766 868 806 γινώσκει

70 814 147 846 αὐτό.
163 826 177 843 ιν
197 814 287 855 Ὁρᾷς,
303 813 344 844 ὅτι
359 813 404 843 καὶ
420 814 465 849 τὸ,
489 824 503 842 ¢
513 815 554 843 Οὐ
571 817 663 853 θεωρεῖ
677 823 692 841 n
714 811 806 847 εἰπὼν,
821 812 868 848 τὸ,

75 871 90 888 ιι
111 861 142 889 οὗ
156 860 298 898 γινώσκει,
316 870 330 888 n
357 858 491 896 ἐδήλωσες
518 859 722 897 Παραμυθεῖται
739 853 784 887 οὖν
806 856 865 890 τοὺς

69 905 235 937 ἀποστόλους
249 904 291 933 διὰ
303 905 348 934 τοῦ
364 905 459 939 εἰπεῖν,
475 903 515 932 ὅτι
530 914 545 932 (ι
557 902 592 933 Ὁ
604 903 702 941 κόσμος
716 903 745 931 οὐ
756 901 864 931 δύναται
880 914 907 948 Β

70 949 163 978 λαϐεῖν
179 949 257 978 αὐτό·
276 959 291 977 n
316 951 377 986 ὑμῖν
401 947 428 977 δὲ
448 951 524 978 τοῦτο
540 947 641 977 δίδοται
662 948 745 987 δῶρον
762 945 866 986 ἐξαίρε-

70 1005 128 1028 τον,
144 993 191 1023 καὶ
215 1003 230 1022 (ι
251 993 323 1030 μένει
344 993 410 1032 παρ’
426 992 502 1030 ὑμῖν-
528 1003 543 1021 υ
563 987 621 1022 εἶτα
647 991 677 1021 τὸ
692 993 799 1029 μεῖζον,
827 990 867 1020 ὅτι

75 1049 91 1068 u
112 1037 170 1068 Καὶ
184 1038 210 1066 ἐν
224 1038 286 1076 ὑμῖν
298 1037 384 1067 ἔσται.
398 1048 413 1066 n
432 1036 472 1067 Τὸ
488 1036 536 1076 μὲν
550 1036 619 1076 γὰρ,
639 1047 655 1066 α
672 1035 744 1075 Παρ’
755 1038 832 1074 ὑμῖν,
848 1046 863 1064 ›)

69 1082 120 1118 τὴν
138 1082 232 1116 ἔξωθεν
254 1082 284 1111 ἐκ
299 1084 343 1111 τοῦ
358 1081 482 1121 σύνεγγυς
505 1081 636 1120 βωήθειαν
659 1081 751 1116 δηλοῖ·
770 1081 800 1110 τὸ
817 1079 844 1109 δὲ
857 1101 866 1116 ,

71 1137 87 1156 ι
110 1127 160 1157 Ἐν
176 1128 254 1165 ὑμῖν,
268 1137 283 1155 ν
301 1126 350 1163 τὴν
367 1126 468 1156 ἔνδοθεν
483 1125 585 1161 οἴκησιν
610 1125 656 1154 καὶ
672 1125 824 1163 δυνάμωσιν
834 1135 842 1143 ·
853 1123 868 1154 ὃ

70 1171 175 1202 καὶτοῦ
190 1171 259 1202 Θεὸν
275 1166 359 1207 εἶναι,
375 1170 515 1200 δεικτικόν.
532 1170 571 1201 Τὸ
583 1170 649 1210 γὰρ,
664 1181 679 1199 ι)
699 1169 867 1206 Ἐνοικήσω,

69 1217 117 1246 καὶ
141 1215 351 1256 ἔμπεριπατήσω
374 1216 436 1254 ὑμῖν
448 1237 456 1252 ,
478 1227 494 1243 ι
511 1217 525 1245 6
540 1215 609 1248 Θεὸς
634 1214 716 1254 λέγει.
739 1226 754 1244 α
769 1214 803 1244 Ὀ
819 1213 867 1252 μὲν

69 1256 114 1291 οὖν
140 1261 239 1299 κόσμος
259 1261 290 1290 οὗ
313 1261 424 1290 δύναται
441 1259 536 1289 λαϐεῖν
557 1261 588 1290 τὸ
614 1261 743 1299 Πνεῦμα,
769 1259 810 1289 ὅτι
837 1259 867 1288 οὖ

69 1305 196 1345 γινώσκει
217 1305 293 1343 αὐτὸ,
318 1307 392 1343 ὑμεῖς
413 1305 440 1334 δὲ
460 1305 603 1344 γινώσκετε
630 1305 702 1334 αὐτό.
730 1315 746 1333 α
770 1303 865 1341 Διατί;

70 1351 147 1381 Διότι
157 1352 204 1380 οὐκ
219 1351 277 1379 ἐστὲ
291 1351 321 1380 In
332 1352 376 1379 τοῦ
392 1349 506 1388 κόσμου·
529 1360 545 1378 n
563 1349 609 1379 καὶ
625 1349 670 1378 διὰ
685 1352 760 1379 τοῦτο
776 1349 865 1378 δεκτι-

71 1395 114 1424 κοί
138 1396 198 1424 ἐστε
220 1395 309 1424 αὖτοῧ.
327 1395 381 1425 Καὶ
411 1405 424 1423 ιι
443 1395 516 1433 μένει
536 1405 550 1423 η
575 1397 622 1424 νῖὶν
642 1394 735 1434 «παρ’
752 1395 825 1433 ὑμῖν,
847 1404 862 1423 »

71 1440 143 1469 ἀλλὰ
164 1450 180 1468 α
194 1440 238 1468 καὶ
252 1439 328 1469 ἔσται
342 1450 357 1468 n
375 1439 416 1469 ἀεὶ
435 1450 450 1468 α
463 1440 489 1468 ἐν
505 1439 578 1478 ὑμῖν.
592 1450 607 1467 n

116 1495 132 1513 α
153 1484 213 1514 Οὐκ
228 1483 322 1524 ἀφήσω
341 1485 407 1522 ὑμᾶς
424 1484 562 1524 ὀρφανούς·
578 1484 692 1524 ἔρχομαι
707 1483 771 1522 πρὸς
791 1484 867 1520 ὑμᾶς.

72 1527 137 1560 Ἔτι
157 1528 262 1569 μικρὸν,
281 1528 326 1558 καὶ
346 1530 359 1558 6
378 1528 475 1566 κόσμος
489 1540 522 1568 με
538 1529 585 1558 οὒκ
600 1529 639 1558 ἔτι
661 1528 769 1567 θεωρεῖ·
794 1528 868 1564 ὑμεῖς

71 1573 99 1603 δὲ
118 1573 240 1613 θεωρεῖτέ
262 1585 308 1612 με,
333 1573 373 1602 ὅτι
388 1573 440 1612 ἐγὼ
454 1575 506 1608 ζῶ·
521 1573 566 1602 καὶ
587 1574 660 1611 ὑμεῖς
683 1573 805 1608 ζήσεσθε.
822 1572 868 1602 Ἐν

71 1619 160 1658 ἐκείνῃ
247 1618 336 1658 ἡμέρα
363 1618 496 1657 γνώσεσθε
518 1618 610 1656 ὑμεῖς,
634 1617 675 1647 ὅτι
701 1617 754 1657 ἐγὼ
778 1618 805 1647 ἕν
829 1618 868 1656 τῷ

71 1662 162 1704 Πατρί
177 1673 238 1700 μου,
261 1662 306 1692 καὶ
328 1662 401 1700 ὑμεῖς
416 1664 442 1704 ἐν
466 1662 525 1701 ἐμοὶ
547 1661 625 1702 κᾶγῶ
641 1663 667 1691 ἐν
684 1665 758 1700 ὑμῖν.
777 1673 792 1691 ι)
820 1661 866 1697 Μὴ

70 1702 215 1747 φοϐήθῆτι,
240 1708 327 1747 φησὶν,
360 1707 400 1736 ὅτι
416 1702 490 1737 εἷπον
512 1708 574 1745 ὑμῖν
587 1730 595 1743 ,
615 1719 630 1735 ιι
655 1705 750 1737 Ἄλλον
774 1707 867 1746 Παρά-

71 1754 170 1788 χλητον
191 1751 303 1792 πέμψω,
322 1763 336 1780 ι)
355 1752 519 1789 νομίζοντες,
534 1752 574 1781 ὅτι
591 1753 638 1781 οὐκ
661 1752 699 1781 ἔτι
714 1753 804 1782 λοιπὸν
821 1752 866 1789 ἐμὲ

69 1797 180 1838 ὄψεσθν
191 1799 220 1826 οὐ
231 1798 282 1836 γὰρ
297 1797 520 1834 ἄπαναστήσομαι
535 1798 608 1834 ὑμῶν
620 1798 656 1829 εἷς
672 1796 753 1830 τέλος.
776 1807 789 1825 ιι
805 1795 870 1836 Ἐρ-

69 1853 157 1882 χομαι
171 1852 187 1870 ι»
215 1841 265 1880 γὰρ
278 1863 286 1876 ,
309 1841 354 1870 καὶ
373 1852 388 1869 α
410 1843 458 1870 οὐκ
479 1841 574 1882 ἀφήσω
602 1843 671 1879 ὑμᾶς
696 1841 832 1881 ὀρφανούς.
851 1853 866 1870 ι

71 1886 151 1917 Ἐπεὶ
165 1887 326 1925 ἀρχόμενος,
345 1897 360 1915 α
373 1885 472 1916 Τεκνία
487 1897 501 1914 υ
525 1885 617 1919 αὖτοὺς
632 1886 719 1924 ἔλεγεν
732 1909 739 1922 ,
758 1886 869 1915 ἀκολού-

71 1935 122 1965 θως
137 1934 181 1961 νῦν
198 1943 276 1971 φησιν
287 1942 294 1949 ·
312 1943 327 1959 α
348 1932 407 1961 Οὐκ
425 1931 520 1970 ἀφήσω
535 1933 603 1970 ὑμᾶς
619 1931 755 1971 ὀρφανούς.
776 1942 790 1960 ι)
809 1930 870 1961 Ἵνα

114 1978 154 2015 μὴ
168 1976 326 2013 νομίσωσιν,
338 1975 378 2005 ὅτι
390 1977 425 2009 ὡς
437 1978 564 2017 πρότερον
576 2000 583 2011 ,
599 1977 689 2015 μέλλει
705 1978 870 2014 ἐμφανισθῆ-

70 2034 113 2051 ναι
129 2021 178 2051 καὶ
196 2022 282 2054 αὐτοῖς
302 2021 348 2049 καὶ
370 2025 435 2049 πᾶσι
451 2022 518 2058 μετὰ
543 2020 687 2059 σώματος,
704 2022 783 2061 φησὶν
795 2044 804 2060 ,
829 2021 869 2051 ὅτι

74 2077 89 2096 α
111 2066 149 2096 Ὀ
165 2065 263 2104 κόσμος
274 2066 321 2094 οὐκ
336 2065 375 2094 ἔτι
398 2068 489 2104 θεωρεῖ
512 2077 556 2104 με.
570 2076 584 2094 ιι
603 2065 697 2104 ⁸Υμεῖς
717 2065 778 2105 γὰρ,
791 2067 868 2105 φησὶ,

71 2111 147 2148 μόνοι
171 2110 267 2150 ὄψεσθέ
289 2121 322 2147 με
348 2110 393 2139 καὶ
417 2110 484 2147 μετὰ
499 2110 548 2145 τὴν
570 2111 726 2140 ἀνάστασιν.
747 2122 762 2140 ιι
785 2113 830 2141 Ζῶ
855 2125 868 2140 υ

70 2156 132 2195 γὰρ,
147 2157 170 2185 εἰ
189 2154 234 2184 καὶ
249 2155 361 2184 θάνατον
382 2155 510 2193 δέξομαι,
526 2156 572 2184 καὶ
598 2156 755 2194 ἀνίσταμαι.
775 2166 790 2185 α
816 2157 870 2186 Καὶ

71 2201 147 2238 ὑμεῖς
168 2200 196 2229 δὲ
219 2199 346 2240 ζήσεσθν
366 2210 381 2228 1)
407 2200 559 2236 τουτέστιν,
586 2199 698 2233 Ἰδόντες
719 2213 753 2239 με
779 2201 864 2240 χαρή-

71 2247 161 2280 σεσθε,
180 2245 227 2274 καὶ
250 2239 303 2273 οῖον
318 2245 558 2284 ἀπονεκρωθέντες,
576 2244 738 2274 ἀναϐιώσετε
759 2249 791 2285 τῇ
816 2248 866 2285 ἐμῇ

71 2290 217 2329 ἐμφανείᾳ.
247 2287 285 2318 Ἢ
310 2289 355 2317 καὶ
381 2288 477 2322 οὕτως·
501 2289 625 2329 υιὶσπερ,
651 2290 740 2330 φησὶν,
769 2293 783 2320 6
808 2291 870 2328 ἐμὸς

72 2335 185 2367 θάνατος
207 2334 243 2367 εἷς
262 2333 331 2369 ζωὴν
357 2334 479 2373 γέγονεν,
507 2334 577 2363 οὕτω
597 2334 646 2364 κᾶν
671 2335 745 2372 ὑμεῖς
767 2336 868 2366 ἀποθά-

72 2391 147 2415 νητε,
174 2390 190 2406 α
215 2379 337 2413 ζήσεσθε.
358 2389 371 2406 ιι
397 2378 443 2414 Μὴ
460 2378 545 2408 τοίνυν
569 2379 636 2416 μήτε
663 2380 704 2408 ἐπ’
728 2381 785 2416 ἐμοὶ
808 2380 870 2416 θνή-

74 2435 166 2453 natm
182 2423 309 2452 λυπεῖσθε
320 2446 327 2459 ,
351 2423 418 2461 μήτε
434 2424 475 2463 ἐφ’
492 2425 604 2457 ἑαυτοῖς.
625 2423 684 2454 Κᾶν
703 2423 754 2464 γὰρ
767 2424 870 2460 θάνητε,

73 2469 186 2503 ζήσεσθε
211 2467 259 2503 τὴν
293 2467 442 2505 μέλλουσαν
477 2468 558 2503 ζωήν.
594 2479 608 2496 υ
637 2468 684 2498 Ἐν
720 2469 806 2510 ἐκείνῃ
835 2472 869 2509 τῇ

73 2513 164 2555 ἡμέρα
177 2512 309 2551 γνώσεσθε
321 2535 328 2548 ,
343 2512 384 2542 ὅτι
398 2511 450 2551 ἐγὼ
465 2513 491 2542 ἐν
514 2515 552 2553 τῷ
576 2513 664 2553 Πατρί
688 2526 754 2552 μου·
776 2525 790 2543 ι)
809 2526 871 2544 του-

74 2558 172 2594 τέστιν,
197 2556 284 2587 Ὅταν
309 2558 428 2597 ἀναστῶ,
453 2568 468 2585 (ι
492 2558 640 2597 γνώσεσθε,
656 2569 671 2587 n
693 2558 733 2587 ὅτι
756 2560 803 2588 οὐκ
822 2561 873 2588 ἀπ-

75 2602 205 2642 έσχισμαι
224 2604 269 2631 τοῦ
292 2602 417 2641 Πατρὸς,
435 2602 504 2631 ἀλλὰ
518 2603 567 2638 τὴν
583 2603 665 2639 αὐτὴν
680 2603 734 2643 ἔχω
750 2605 871 2642 δύναμιν.

80 2657 94 2676 (ι
115 2647 171 2677 Καὶ
186 2648 261 2684 ὑμεῖς
277 2648 302 2676 ἐν
315 2646 376 2685 ἐμοί
390 2648 450 2676 ἐστε
462 2669 470 2682 ,
487 2657 502 2676 ι)
522 2648 716 2687 φυλαττόμενοι
730 2650 775 2678 ὑπ’
792 2650 856 2686 ἐμοῦ
867 2661 873 2668 ·

81 2701 94 2720 ιι
115 2691 203 2730 Κάγὼ
217 2692 244 2721 ἐν
259 2693 331 2730 ὑμῖν,
351 2703 366 2720 n
391 2691 448 2721 ἀντὶ
464 2694 527 2728 τοῦ,
552 2694 618 2722 Μεθ’
634 2694 707 2730 ὑμῶν
721 2695 787 2732 εἰμι,
805 2694 874 2728 ἰξαιι

78 2737 202 2776 ρούμενος
223 2738 275 2766 τῶν
290 2737 422 2776 θλίψεων,
445 2736 479 2766 τὰ
493 2736 619 2776 θαύματα
633 2737 665 2766 δι’
680 2739 755 2777 ὑμῶν
778 2740 874 2778 τελῶν,

112 2828 134 2847 ἰ
149 2828 176 2856 ΙΙ
187 2828 252 2857 Cor.
267 2835 310 2863 vr,
328 2830 377 2862 16;
390 2828 481 2856 Levit.
496 2835 562 2863 xvr,
580 2831 624 2856 I2.

922 277 968 301 tur
981 272 1056 308 quod
1071 273 1154 300 etiam
1166 273 1282 308 Spiritus
1297 272 1369 300 sicut
1391 272 1449 307 ipse
1469 272 1652 300 iucarnaudus
1669 273 1716 306 sit,

923 318 1020 353 inquit,
1039 330 1051 342 ι
1068 319 1158 354 Quem
1177 317 1296 345 mundus
1310 325 1364 344 non
1379 321 1470 353 potest
1491 325 1596 353 capere.
1614 329 1625 341 ιι
1640 318 1713 351 Non,

923 362 1018 399 inquit,
1045 362 1155 391 docebit
1175 370 1223 389 vos
1245 362 1316 390 sicut
1338 369 1389 398 ego
1416 370 1423 388 :
1451 369 1508 389 non
1531 362 1606 389 enim
1632 370 1716 390 mun-

921 407 974 435 dus
993 415 1058 436 eum
1072 407 1253 443 corporaliter
1273 415 1369 443 capere
1389 410 1494 442 potest;
1520 406 1572 434 hoc
1591 410 1644 440 est,
1660 407 1717 434 Ha-

922 452 1022 481 bitabit
1043 453 1071 480 in
1087 453 1152 487 ipsis
1171 452 1318 480 animabus
1338 451 1442 480 vestris.
1468 453 1503 479 Et
1516 452 1595 479 aliter
1621 460 1628 479 :
1657 453 1717 480 Non

922 502 1011 534 potest
1025 497 1148 533 accipere
1163 497 1293 530 mundus,
1311 497 1364 525 hoc
1385 501 1437 530 est,
1454 497 1570 532 populus
1583 497 1626 524 ille
1653 505 1718 532 pro-

921 543 1045 571 miscuus
1070 546 1097 570 et
1111 543 1218 578 sapiens
1240 549 1301 578 qua!
1326 541 1406 578 hujus
1426 542 1534 574 mundi,
1553 552 1566 565 ιι
1583 543 1647 578 quia
1662 550 1718 570 non

922 587 994 616 videt
1008 595 1083 621 eum,
1108 598 1121 612 ιι
1144 595 1177 615 eo
1201 587 1274 623 quod
1295 586 1580 622 incomprehensibilis
1600 586 1635 614 sit
1661 587 1719 623 ejus

922 633 1086 660 substantia.
1102 632 1368 668 Contemplationem
1384 631 1459 659 enim
1475 636 1503 658 et
1518 632 1650 659 visionem
1666 632 1719 660 hoc

921 677 983 705 loco
1005 677 1104 705 mentis
1121 677 1207 704 dicit:
1225 677 1296 705 unde
1310 676 1411 710 subdit,
1431 688 1443 700 ι
1467 678 1561 712 Neque
1575 677 1719 712 cognoscit

922 730 997 750 eum.
1017 721 1119 750 :Vides
1129 722 1215 757 quod,
1227 726 1254 750 et
1270 734 1282 746 ιι
1299 723 1360 750 Non
1375 721 1461 755 videt,
1474 733 1486 745 -
1502 721 1609 754 dicens,
1626 732 1638 745 -
1655 723 1718 750 Non

922 768 1075 803 cognoscit,
1097 778 1111 792 ι
1132 766 1293 802 sigiﬁcavit?
1315 767 1459 802 Propterea
1480 768 1584 794 solatur
1597 766 1717 802 discipu-

923 812 973 846 los,
994 812 1098 846 dicens,
1114 823 1127 837 ι
1145 811 1266 839 Mundus
1289 819 1346 839 non
1369 815 1460 847 potest
1474 819 1569 847 capere
1584 811 1661 839 illum
1679 820 1686 840 :
1703 821 1718 838 ιι

923 857 1001 885 vobis
1021 863 1112 885 autem
1133 857 1186 886 hoc
1208 857 1312 885 donum
1334 857 1472 893 egregium
1495 857 1590 885 datum
1613 861 1664 891 est,
1691 861 1720 885 et

925 914 936 927 -
952 907 1046 930 manet
1058 902 1131 938 apud
1143 910 1192 930 vos
1207 911 1215 930 :
1229 912 1243 928 ν
1254 906 1282 930 et
1293 901 1392 930 deinde
1407 901 1480 938 quod
1494 902 1583 938 majus
1594 906 1646 935 est,
1661 913 1674 926 ι
1683 903 1720 930 Et

925 959 938 972 ι
954 948 983 975 in
1001 947 1077 975 vobis
1091 947 1151 975 erit.
1169 959 1182 972 ιι
1198 963 1232 967 -
1249 959 1260 972 ι
1278 947 1358 982 Apud
1372 954 1421 974 vos
1440 957 1454 973 ι)
1469 947 1556 981 enim,
1571 950 1717 975 externum

921 993 1074 1021 subsidium
1089 996 1118 1020 et
1131 991 1316 1025 vicinitatem;
1334 1003 1346 1016 ι
1360 992 1389 1019 in
1403 991 1480 1019 vobis
1493 1003 1505 1016 ιι
1518 995 1620 1024 autem.
1632 992 1716 1020 inter-

921 1045 986 1066 nam
1018 1035 1210 1065 habitudinem
1239 1041 1266 1064 et
1287 1036 1540 1064 corroborationem
1570 1036 1717 1072 signiﬁcat.

921 1082 1062 1111 Posterius
1081 1086 1173 1110 autem
1197 1081 1275 1115 illud,
1297 1081 1371 1117 quod
1395 1086 1423 1109 et
1445 1082 1519 1109 Deus
1534 1081 1571 1109 sit
1589 1081 1716 1117 Spiritus,

921 1127 1065 1163 signiﬁcat,
1088 1127 1134 1163 qui
1156 1127 1231 1161 dicit,
1259 1137 1272 1151 ε
1299 1126 1437 1154 Habitabo
1460 1130 1488 1154 et
1512 1126 1658 1154 ambulabo
1690 1127 1717 1154 in

921 1172 960 1200 eis
970 1172 1001 1200 δ’.
1014 1184 1026 1196 ιι
1036 1187 1071 1193 --
1083 1183 1096 1196 ιι
1109 1173 1194 1208 Igitur
1208 1171 1328 1200 mundus
1338 1171 1449 1208 quidem
1461 1179 1518 1199 non
1529 1175 1618 1207 potest
1633 1171 1717 1207 704

921 1217 1044 1253 accipere
1057 1217 1199 1252 Spiritum,
1212 1216 1277 1253 quia
1294 1224 1350 1244 non
1363 1216 1502 1252 cogn0scit
1517 1224 1592 1249 eum,
1610 1224 1658 1243 vos
1669 1223 1717 1244 au-

921 1266 978 1290 tem
1002 1262 1166 1297 cognoscitis
1179 1269 1254 1289 eum.
1281 1272 1294 1285 ι
1316 1261 1424 1296 Quare?
1448 1261 1517 1296 Quia
1543 1272 1555 1285 ι
1578 1269 1634 1288 non
1652 1262 1718 1289 estis

921 1315 952 1335 ex
975 1306 1028 1334 hoc
1047 1306 1162 1341 mundo,
1186 1318 1200 1332 ιι
1222 1310 1368 1342 propterea
1389 1313 1502 1342 capaces
1516 1305 1575 1342 ejus
1600 1306 1674 1339 estis,
1689 1310 1718 1334 et

923 1363 936 1376 ι
953 1355 1048 1379 manet
1059 1363 1072 1376 ι
1088 1358 1163 1379 nunc
1176 1362 1190 1376 ιι
1206 1351 1278 1388 apud
1292 1358 1351 1385 vos,
1366 1361 1379 1375 ιι
1391 1351 1440 1379 sed
1451 1362 1464 1375 ι
1477 1355 1504 1379 et
1516 1350 1568 1378 erit
1585 1361 1597 1375 ι
1609 1358 1718 1387 semper

923 1407 936 1420 ι
954 1396 981 1424 in
995 1396 1080 1424 vobis.
1097 1407 1111 1421 ι

957 1487 1046 1515 Vens.
1063 1489 1150 1514 18-20.
1166 1497 1178 1510 ι
1195 1487 1257 1514 Non
1270 1485 1423 1522 relinquam
1438 1492 1487 1513 vos
1499 1485 1636 1522 orphanos
1651 1495 1657 1514 :
1675 1493 1718 1514 ve-

922 1531 997 1559 niam
1013 1530 1048 1559 ad
1061 1539 1117 1559 vos.
1139 1531 1237 1559 Adhuc
1254 1531 1396 1566 pusillum,
1418 1534 1447 1558 et
1466 1531 1585 1558 mundus
1593 1531 1650 1567 jam
1673 1539 1718 1560 me

925 1585 980 1604 non
992 1576 1064 1604 videt
1079 1586 1086 1604 :
1107 1583 1153 1604 vos
1170 1579 1261 1604 autent
1274 1575 1371 1603 videtis
1388 1583 1442 1608 me,
1457 1576 1520 1611 quia
1534 1583 1583 1611 ego
1599 1576 1669 1610 vivo,
1691 1580 1719 1604 et

924 1629 973 1649 vos
985 1621 1088 1648 vivetis.
1105 1622 1137 1648 In
1148 1621 1193 1648 illo
1209 1620 1254 1648 die
1266 1629 1313 1648 vos
1325 1620 1495 1656 cognoscetis
1504 1621 1577 1656 quod
1588 1628 1638 1657 ego
1654 1629 1717 1649 sum

922 1666 949 1694 in
964 1668 1044 1694 Patre
1060 1673 1131 1698 meo,
1146 1669 1173 1693 et
1186 1673 1233 1693 vos
1254 1665 1281 1693 in
1302 1673 1357 1698 me,
1379 1669 1407 1692 et
1426 1673 1477 1700 ego
1491 1665 1519 1692 in
1541 1665 1625 1692 vobis
1646 1676 1659 1690 ιι
1677 1667 1717 1694 Ne

922 1711 1061 1743 metuatis,
1077 1711 1177 1746 inquit,
1190 1710 1253 1746 quia
1267 1710 1322 1737 dixi
1341 1709 1418 1737 vobis
1433 1717 1476 1737 me
1499 1721 1511 1734 ιι
1535 1710 1619 1738 alium
1636 1712 1717 1739 Para-

922 1756 1023 1783 cletum
1039 1755 1115 1783 vobis
1132 1755 1292 1788 missurum,
1310 1765 1322 1778 ι
1334 1754 1476 1782 credentes
1498 1754 1572 1790 quod
1589 1763 1632 1782 me
1647 1756 1717 1783 ultra

921 1807 977 1828 non
990 1800 1049 1827 sitis
1070 1800 1151 1828 visuri
1170 1807 1246 1827 :non
1265 1799 1338 1827 enim
1355 1798 1438 1826 abero
1457 1806 1472 1825 a
1487 1799 1564 1826 vobis
1583 1807 1667 1835 usque
1688 1800 1715 1827 in

921 1844 1014 1872 ﬁnem.
1032 1855 1045 1868 ι
1062 1845 1174 1873 Veniam
1189 1855 1201 1868 ιι
1214 1845 1288 1872 enim
1302 1849 1329 1871 et
1345 1855 1358 1867 ι
1375 1852 1430 1870 nou
1444 1843 1593 1879 relinquam
1608 1852 1656 1871 vos
1669 1852 1716 1872 or-

922 1889 1035 1926 phanos.
1064 1900 1076 1913 ιι
1093 1889 1163 1924 Quia
1186 1890 1258 1924 prius
1282 1900 1294 1913 ι
1311 1889 1381 1916 ﬁlios
1398 1900 1410 1913 -
1435 1896 1482 1916 eos
1505 1889 1622 1920 dixerat.
1644 1897 1717 1917 nunc

920 1938 1119 1970 consequenter
1134 1934 1243 1969 inquit:
1262 1946 1273 1958 -
1296 1935 1357 1962 Non
1380 1934 1530 1968 relinquam
1549 1941 1596 1961 vos
1615 1934 1717 1968 orpha-

922 1987 982 2008 nos.
1001 1991 1013 2003 ιι
1029 1979 1069 2007 Ut
1086 1982 1178 2006 autem
1195 1986 1228 2006 ne
1246 1979 1401 2006 existiment
1419 1979 1492 2014 quod
1505 1979 1577 2006 sicut
1591 1979 1664 2014 prius
1683 1979 1718 2006 sit

922 2024 1138 2052 manifestandus
1157 2027 1184 2050 et
1208 2023 1271 2059 ipsis
1285 2027 1312 2050 et
1331 2024 1459 2051 omnibus
1479 2024 1506 2051 in
1529 2031 1652 2058 corpore,
1678 2023 1718 2051 in-

923 2069 983 2104 quit
997 2077 1003 2095 :
1018 2080 1030 2093 σι
1044 2070 1163 2096 Mundus
1173 2068 1233 2103 jam
1249 2076 1293 2095 me
1308 2075 1362 2095 non
1379 2068 1449 2095 videt
1465 2078 1471 2095 :
1491 2080 1502 2091 ιι
1516 2076 1563 2095 vos
1577 2069 1663 2100 enim,
1681 2069 1718 2096 in-

923 2114 993 2150 quit,
1011 2113 1062 2140 snli
1082 2112 1206 2140 videbitis
1227 2121 1279 2145 me,
1297 2112 1380 2140 etiam
1403 2117 1462 2147 post
1480 2113 1708 2140 resurrectionem

925 2169 938 2182 ι
953 2158 1019 2185 Vivo
1030 2167 1043 2183 ν
1055 2157 1138 2190 enim,
1150 2163 1175 2185 et
1186 2158 1309 2193 quamvis
1317 2161 1435 2185 mortem
1447 2156 1545 2191 fu-ram,
1558 2165 1706 2191 resurgam:

927 2216 938 2226 -
963 2207 991 2230 et
1014 2211 1062 2230 vos
1082 2211 1189 2238 quoque
1205 2202 1308 2235 vivetis,
1330 2215 1342 2226 ιι
1367 2202 1418 2229 hoc
1441 2207 1491 2233 est,
1508 2211 1570 2229 cum
1597 2202 1719 2230 videbitis

927 2256 980 2282 me,
1003 2248 1172 2281 Iaatabimini,
1189 2252 1216 2275 et
1239 2247 1317 2283 quani
1333 2247 1413 2274 occisi
1430 2248 1593 2274 revivisretis
1611 2247 1637 2274 in
1658 2255 1718 2274 mea

925 2292 1152 2320 manifestatione.
1178 2293 1227 2320 Vel
1251 2292 1334 2319 etiam
1359 2292 1398 2319 sic
1431 2300 1438 2317 :
1466 2292 1719 2326 Quemadmodum,

924 2337 1023 2372 inquit,
1039 2345 1114 2364 mors
1130 2344 1187 2365 mea
1204 2336 1274 2364 facta
1297 2341 1339 2364 est
1361 2336 1395 2364 ad
1412 2337 1507 2368 vitam.
1531 2337 1566 2363 ita
1591 2336 1673 2363 etiam
1696 2336 1721 2364 si

924 2390 974 2409 vos
995 2382 1164 2415 moriamini,
1181 2393 1193 2406 ιι
1210 2382 1316 2409 vivetis.
1335 2393 1348 2406 ιι
1364 2383 1402 2409 Ne
1416 2382 1499 2418 igitur
1514 2386 1601 2409 estote
1615 2382 1719 2415 tristes,

926 2427 967 2454 vel
1001 2431 1111 2462 propter
1152 2435 1196 2454 me
1229 2427 1275 2462 qui
1302 2427 1417 2460 morior,
1452 2426 1493 2454 vel
1526 2430 1636 2462 propter
1666 2434 1721 2454 vos.

928 2473 998 2500 Nam
1034 2471 1096 2498 licet
1127 2471 1295 2503 moriamini,
1329 2471 1423 2498 vivetis
1450 2471 1479 2498 in
1519 2476 1653 2498 retentam
1680 2470 1722 2498 vi-

927 2521 994 2545 tam.
1022 2516 1070 2544 illa
1096 2517 1171 2543 enim
1197 2516 1239 2544 die
1269 2516 1360 2543 scietis
1380 2516 1453 2552 quod
1474 2527 1485 2540 ιι
1513 2517 1572 2552 Ego
1590 2516 1617 2544 in
1644 2517 1722 2543 Patre

927 2569 1000 2595 meo,
1023 2573 1034 2585 ιι
1052 2561 1105 2588 hoc
1119 2565 1170 2592 est,
1190 2561 1259 2589 Cum
1273 2569 1394 2596 surgam,
1410 2572 1423 2585 «
1437 2561 1527 2589 scietis
1543 2572 1555 2585 ιι
1578 2560 1651 2596 quod
1666 2567 1723 2587 non

928 2606 981 2635 sim
999 2614 1014 2634 a
1029 2607 1108 2634 Patre
1121 2610 1271 2641 separatus,
1292 2606 1339 2634 sed
1360 2606 1485 2633 eamdem
1502 2605 1590 2633 habeo
1606 2608 1724 2640 potesta-

929 2654 992 2679 tem.
1009 2663 1021 2674 ιι
1039 2652 1074 2678 Et
1089 2659 1137 2679 vos
1150 2651 1179 2678 in
1195 2659 1238 2678 me
1249 2651 1325 2685 estis,
1342 2662 1355 2675 ι
1371 2659 1440 2686 quos
1453 2658 1503 2686 ego
1513 2650 1644 2678 custodio.
1663 2660 1676 2673 σι
1689 2649 1725 2676 Et

929 2703 978 2732 ego
991 2695 1016 2723 in
1031 2696 1116 2730 vobis,
1140 2707 1154 2720 ιι
1170 2697 1222 2724 hoc
1236 2701 1288 2731 est,
1304 2696 1446 2724 vobiscum
1459 2704 1532 2729 sum,
1547 2703 1595 2723 vos
1609 2695 1725 2729 eripiens

929 2749 962 2770 ex
976 2741 1114 2778 periculis,
1127 2741 1261 2770 miracula
1279 2749 1328 2778 per
1350 2749 1398 2770 vos
1411 2749 1538 2776 operans,
1554 2739 1724 2776 gloriﬁcans-
