1922 3077
193 148 243 175 183

703 147 960 175 THEOPHYLACTI
980 145 1159 174 BULGARIE
1179 144 1332 172 ARCHlEP.

1815 143 1864 170 184

191 216 244 245 que
253 216 302 237 vos
309 216 357 245 per
366 208 465 237 omnia.
480 210 514 237 Et
526 209 604 238 aliter
617 219 623 238 :
635 219 649 234 α
660 210 693 238 In
703 210 779 238 vobis
792 218 865 242 sum.
876 222 889 235 ν
901 214 933 239 ut
942 218 989 238 ca-

1053 207 1159 243 ἓοξάζων
1182 209 1252 246 ὓμᾶς
1276 207 1366 240 ἁπλῶς
1388 205 1432 236 διὰ
1455 205 1574 237 πάντων.
1610 205 1672 237 Καὶ
1698 205 1792 240 ἄλλως
1820 205 1864 235 δέ·

192 257 243 290 put
261 254 290 281 in
317 254 468 289 membris;
490 254 615 283 membra
642 255 718 283 enim
739 255 841 284 Christi
861 256 902 290 ",
926 264 992 292 apo-

192 298 256 327 stoli
278 309 285 327 :
308 307 322 326 «
344 302 371 326 et
386 307 433 326 vos
451 299 481 326 in
504 307 560 334 me,
585 311 598 324 ι
615 300 686 328 sicut
700 301 823 329 membra
846 300 874 328 in
891 301 989 336 capite.

193 343 314 378 Quando
324 351 389 379 ergo
401 345 559 377 resurrexit,
573 344 749 373 manifestam
762 345 796 373 de
811 345 855 373 his
865 346 991 374 omnibus

192 387 332 416 scientiam
347 388 469 416 tradidit.
487 389 580 417 Gratia
593 389 666 417 enim
680 390 797 425 Spiritus
818 394 879 426 post
899 398 989 418 resur-

193 433 345 461 rectionem
367 433 461 461 omnia
477 433 519 460 illa
541 433 635 461 docuit
649 442 705 462 eos.
720 435 788 462 Cum
803 439 896 463 autem
913 435 992 463 audis

193 477 269 514 quod
282 485 299 504 ιι
312 478 369 513 Ego
381 478 407 505 in
422 478 515 512 Patre,
529 482 556 506 et
568 487 614 506 vos
627 479 654 506 in
668 487 724 511 me,
737 484 764 507 et
775 487 825 515 ego
838 480 864 507 in
877 480 964 514 vobis,
978 492 990 505 ι)

194 529 228 550 ne
243 521 368 550 similiter
381 521 525 558 intelligas.
543 524 613 551 Nam
627 523 712 551 Filius
726 524 838 560 quidem
852 525 880 552 in
899 526 991 560 Patre,

194 571 226 595 ut
239 566 278 594 illi
293 566 532 595 consubstantialis
547 576 553 595 :
568 569 594 595 in
609 569 740 604 apostolis
753 573 857 603 autem,
870 574 901 597 ut
916 570 992 606 adju-

195 615 239 639 tor
253 616 281 639 et
300 611 494 647 cooperarius;
518 616 546 640 et
566 613 681 648 apostoli
699 613 727 640 in
745 621 788 647 eo,
810 619 840 641 ut
857 614 903 650 qui
917 615 993 650 adju-

194 654 304 690 tantur,
315 659 343 683 et
352 659 561 692 cooperatorem
576 657 707 685 habentes
726 658 759 685 ab
775 659 834 694 ipso
844 658 990 688 foventur:

195 700 257 736 quia
275 704 303 728 et
315 702 401 728 multa
415 701 466 728 alia
486 701 596 729 nomina
615 700 649 730 de
669 704 727 730 Deo
738 707 765 730 et
778 703 932 732 hominibus
951 704 993 733 di-

196 748 306 779 cuntur,
321 744 370 773 sed
382 753 438 773 non
450 745 575 774 similiter
590 746 786 782 intelliguntur.
802 747 845 775 Dii
859 748 934 776 enim
952 749 991 777 di-

196 789 285 817 cimur
302 793 328 817 et
345 797 396 817 nos
410 789 441 822 ⁵³,
465 789 513 818 sed
528 798 582 818 non
610 799 643 818 ex
667 799 759 827 aequo.
789 792 895 820 Dicitur
910 793 992 821 Filius

1050 264 1066 282 α
1087 253 1134 284 Ἐν
1151 254 1214 291 ὑμῖν
1231 254 1301 291 εἶμι,
1319 262 1333 281 n
1351 253 1386 285 ὡς
1401 251 1504 292 κεφαλή
1525 252 1552 280 ἔν
1574 252 1636 284 τοῖς
1655 251 1757 290 μέλεσι
1774 250 1863 290 (μέλη

1047 298 1098 338 γὰρ
1109 299 1226 338 Χριστοῦ
1237 298 1260 327 οἱ
1275 296 1438 336 ἀπόστολοι)
1450 307 1457 315 ·
1478 295 1553 338 (ικαὶ
1565 297 1649 334 ὑμεῖς
1664 296 1693 324 ἔν
1705 295 1780 334 ἐμοὶ,
1796 306 1811 324 ι)
1831 297 1865 329 ὡς

1047 337 1116 382 μέλη
1132 337 1157 373 ἓν
1241 342 1355 382 κεφαλῇ.
1377 340 1446 371 Ὀτε
1471 337 1516 370 οἷν
1544 342 1663 377 ἀνέστη,
1690 342 1757 370 τότε
1775 341 1865 375 αὐτοῖς

1047 387 1093 422 τὴν
1109 387 1168 426 περὶ
1186 387 1285 417 τούτων
1302 386 1408 416 πάντων
1429 387 1526 424 γνῶσιν
1549 385 1726 425 ἐτράνωσεν.
1747 384 1784 414 Ἣ
1811 385 1862 426 γὰρ

1046 434 1093 461 τοῦ
1122 431 1278 470 Πνεύματος
1306 430 1384 470 χάρις
1411 429 1478 469 μετὰ
1503 429 1550 465 τὴν
1575 429 1750 466 ἀνάστασιν,
1775 430 1863 460 πάντα

1048 475 1140 510 αὐτοὺς
1160 476 1351 510 ἐξεπαίδευσεν.
1373 473 1461 505 ¹¹Οταν
1483 473 1511 504 δὲ
1533 473 1655 513 ἀκούῃς,
1682 473 1728 504 ὅτι
1746 485 1763 503 ιι
1789 473 1863 512 Ἐγὼ

1048 522 1074 550 ἐν
1093 523 1130 560 τῷ
1150 521 1257 560 Πατρὶ,
1283 520 1329 549 καὶ
1345 521 1417 557 ὑμεῖς
1439 520 1465 548 ἐν
1482 519 1559 556 ἐμοὶ,
1577 519 1662 558 κάγὼ
1688 519 1718 548 ἕν
1743 518 1808 556 ὑμῖν
1822 543 1830 555 ,
1845 530 1859 548 n

1048 566 1085 604 μὴ
1104 565 1199 603 ὁμοίως
1220 568 1304 594 ταῦτα
1324 564 1388 595 νόει.
1406 563 1440 593 Ὀ
1455 564 1506 604 γὰρ
1521 564 1604 600 Υἱὸς,
1621 565 1650 594 ἐν
1668 561 1720 602 μὲν
1747 565 1788 602 τῷ
1806 565 1864 594 Πα-

1048 611 1090 650 τρὶ
1103 611 1138 643 ὣς
1153 609 1292 648 ὁμοούσιος
1303 620 1309 628 '
1326 610 1352 638 ἐν
1369 608 1396 638 δὲ
1412 609 1466 640 τοῖς
1481 608 1646 642 ἀποστόλοις
1656 631 1665 644 ,
1688 609 1725 642 ὡς
1750 609 1861 648 βοηθὸς,

1048 655 1093 684 καὶ
1106 654 1241 694 συνεργός·
1261 653 1306 683 καὶ
1321 654 1345 683 οἱ
1364 652 1511 682 ἀπόστολοι
1527 654 1553 682 ἐν
1574 653 1654 693 αὖτῷ
1665 675 1674 689 ,
1691 654 1730 686 ὡς
1747 653 1863 693 βοηθού-

1050 711 1134 738 μενοι,
1151 699 1195 728 καὶ
1210 698 1425 738 συνεργούμενοι,
1446 698 1492 727 καὶ
1507 697 1551 727 ὑπ’
1564 698 1652 727 αὐτοῦ
1681 697 1860 737 θαλπόμενοι.

1048 743 1126 774 Ἐπεὶ
1141 744 1186 773 καὶ
1201 743 1270 772 ἄλλα
1292 742 1379 773 πολλὰ
1394 742 1515 781 λέγονται
1530 742 1575 772 ἐπὶ
1598 742 1676 772 Θεοῦ
1695 742 1744 772 καὶ
1762 742 1862 782 ἀνθρώ-

1048 801 1105 818 πων
1121 788 1252 826 ὀνόματα,
1270 789 1330 817 ἀλλ’
1346 788 1394 828 οὐχ
1409 787 1505 825 ὁμοίως
1520 790 1658 818 νοοῦνται.
1676 787 1787 817 Αὐτίκα
1809 787 1859 817 θεοὶ

195 834 289 870 imago
308 837 334 861 et
346 834 430 870 gloria
449 835 537 862 Patris
555 834 589 869 5‘,
603 840 630 863 et
643 836 727 864 homo
740 844 857 872 quoque,
873 837 921 865 sed
937 847 992 866 non

1053 833 1178 872 λεγόμεθα
1202 833 1247 862 καὶ
1277 834 1370 870 ἡμεῖς,
1400 833 1459 860 ἀλλ’
1487 833 1535 861 οὔκ
1563 831 1680 867 ἐπίσης·
1707 832 1819 870 λέγεται
1847 833 1860 860 ὁ

195 878 332 907 similiter.
348 879 388 906 lta
404 878 461 906 haec
473 887 580 915 quoque
598 880 771 916 intelligenda
791 885 865 915 sunt,
883 882 954 910 sicut
967 888 994 911 et

195 922 259 957 hoc,
274 933 287 946 ιι
299 923 540 958 Quemadmodum
554 925 631 952 misit
646 933 690 952 me
704 926 793 960 Pater,
807 930 834 953 et
848 934 898 962 ego
913 928 994 956 mitto

196 975 256 1001 vos,
278 979 290 992 υ
312 975 380 995 num
398 968 484 1003 igitur
498 968 536 996 sic
555 969 686 998 debemus
700 970 850 1007 intelligere
866 972 995 1008 simplici-

197 1011 407 1040 terE‘Minime“.
415 1012 489 1040 Misit
495 1012 604 1048 quidem
614 1014 801 1043 Filium‘suum
810 1017 900 1049 Pater,
911 1017 993 1053 705

196 1055 241 1092 qui
264 1060 322 1084 erat
340 1057 529 1092 incorporeus,
544 1061 572 1085 et
593 1057 692 1086 deinde
713 1059 869 1088 incarnatus
892 1065 943 1096 est,
968 1066 996 1089 et

196 1108 228 1128 ex
242 1100 345 1137 virgine
359 1105 437 1129 natus
451 1105 504 1136 est;
524 1102 606 1138 igitur
623 1106 651 1130 et
674 1104 788 1139 apostoli
807 1111 839 1132 ex
857 1105 927 1133 cmlo
940 1106 996 1134 nati

196 1149 319 1181 sunt,et
340 1146 504 1182 incorporei,
523 1151 551 1175 et
569 1147 668 1175 deinde
690 1148 832 1182 incarnati,
846 1156 861 1176 e
882 1150 996 1186 virgini-

196 1189 300 1226 busque
314 1191 370 1219 nati
385 1193 467 1218 sunt?
481 1191 534 1220 Sed
551 1191 590 1220 ita
609 1200 744 1229 exponere
757 1193 922 1230 Scripturas,
938 1203 997 1223 ma-

199 1234 300 1264 nifeste
315 1235 432 1264 delirare
450 1241 499 1265 est.

233 1326 326 1354 Vsus.
340 1328 385 1359 21,
400 1329 444 1354 22.
462 1338 475 1351 α
488 1327 540 1361 Qui
554 1326 637 1355 habet
646 1327 774 1356 mandata
784 1336 855 1363 mea,
866 1333 896 1358 et
907 1334 997 1358 servat

197 1378 240 1404 ea,
256 1370 301 1398 ille
316 1374 357 1398 est
368 1371 413 1406 qui
426 1378 470 1398 me
485 1371 582 1408 diligit.
603 1372 657 1406 Qui
669 1376 761 1401 autem
777 1373 866 1408 diligit
882 1382 939 1409 me,
955 1375 997 1403 di-

198 1415 296 1451 ligetur
311 1422 327 1442 a
339 1416 432 1449 Patre,
449 1419 477 1442 et
493 1423 543 1452 ego
562 1416 671 1452 diligam
684 1425 758 1451 eum,
775 1421 802 1445 et
818 1418 996 1448 manifestabo

198 1459 221 1487 ei
235 1459 382 1495 meipsum.
394 1459 466 1487 Dicit
479 1460 503 1488 ei
521 1460 619 1494 Judas,
632 1469 689 1488 non
700 1461 744 1489 ille
757 1462 899 1491 Iscariotes
918 1473 924 1492 :
942 1465 997 1492 Do-

198 1504 283 1537 mine,
297 1504 366 1540 quid
380 1503 485 1532 factum
501 1508 542 1532 est
558 1505 630 1540 quod
642 1506 863 1535 manifestaturus
873 1516 902 1536 es
917 1509 997 1536 nobis

199 1549 329 1584 teipsum,
354 1552 382 1576 et
396 1556 451 1576 non
467 1549 589 1578 mundo?
606 1561 619 1574 »
635 1550 710 1578 Sicut
738 1556 766 1579 et
779 1552 904 1587 superius
927 1553 995 1581 dixi-

199 1599 272 1625 mus,
288 1592 378 1619 verbis
396 1591 551 1628 hujusmodi
567 1593 706 1622 tristitiam
719 1595 828 1624 illorum
843 1597 931 1632 sedat,
944 1597 994 1625 do-

199 1643 264 1665 cens
281 1644 330 1664 eos
347 1636 422 1673 quod
442 1637 488 1665 ille
508 1638 599 1674 diligat
612 1639 715 1674 ipsum,
733 1648 788 1668 non
808 1642 856 1677 qui
874 1641 949 1669 dolet
967 1642 996 1669 in

198 1685 290 1709 morte
310 1682 378 1717 ejus,
399 1682 473 1717 quod
492 1687 520 1710 et
542 1682 578 1710 illi
591 1684 776 1719 patiebantur,
797 1686 844 1714 sed
855 1686 900 1722 qui
920 1695 996 1714 man-

199 1725 263 1752 data
289 1725 347 1761 ejus
363 1729 390 1753 et
409 1731 543 1762 praecepta
560 1732 652 1756 servat
670 1728 704 1756 de
725 1730 924 1759 contemnenda
944 1731 997 1759 vita

199 1774 344 1805 praesente,
360 1774 388 1798 et
400 1771 522 1806 ponenda
541 1772 632 1800 anima
646 1781 694 1809 pro
712 1774 820 1802 Christo
837 1779 864 1803 et
881 1775 996 1810 virtute;

200 1814 281 1850 quasi
297 1815 332 1842 ita
348 1814 441 1843 dicens
460 1816 499 1844 eis
518 1826 524 1844 :
539 1818 595 1845 Vos
614 1818 726 1854 quidem
741 1819 841 1854 putatis
853 1820 928 1856 quod
942 1828 998 1856 prae

199 1857 343 1886 dilectione
361 1859 476 1888 doleatis
496 1860 526 1888 in
548 1866 636 1889 morte
658 1870 719 1890 mea
741 1870 747 1889 :
767 1871 817 1899 ego
832 1868 925 1892 autem
949 1872 998 1900 pro

199 1902 340 1931 charitatis
350 1909 512 1940 argumento
530 1905 616 1934 habeo
628 1915 684 1934 non
701 1907 800 1935 dolere.
812 1909 892 1942 Quod
906 1913 999 1936 autem

199 1947 252 1976 hoc
266 1948 348 1982 dicat,
373 1948 550 1978 manifestum
566 1955 607 1978 est
625 1959 657 1978 ex
673 1951 713 1979 his
729 1960 790 1987 quae
804 1957 896 1988 postea
910 1953 977 1981 dicit
991 1962 998 1981 :

201 2003 214 2016 α
236 1993 264 2021 Si
276 1993 421 2029 diligeretis
437 2002 492 2027 me,
513 1995 667 2029 gauderetis
687 1996 790 2032 utique,
807 1997 881 2032 quod
898 1997 935 2024 ad
949 1998 1000 2025 Pa-

199 2040 272 2065 trem
295 2045 365 2065 eam.
382 2048 395 2063 ››
417 2038 468 2072 Qui
487 2046 550 2074 ergo
570 2039 654 2075 diligit
672 2048 729 2073 me,
761 2041 844 2068 habet
869 2040 1000 2069 mandata

199 2089 272 2115 mea,
288 2081 344 2109 imo
363 2089 419 2110 non
436 2083 526 2110 solum
548 2083 640 2117 habet,
661 2083 709 2111 sed
729 2088 756 2112 et
770 2084 891 2113 custodit
908 2093 950 2119 ea,
970 2089 1001 2113 ut

197 2133 233 2154 ne
250 2125 292 2153 iur
302 2125 427 2154 diabolus
438 2127 547 2155 veniens
556 2128 645 2163 rapiat
655 2128 821 2157 thesaurum.
839 2131 916 2166 Opus
925 2130 1000 2159 enim

199 2174 241 2198 est
254 2171 373 2206 diligenti
390 2171 525 2204 custodia,
539 2176 569 2199 ut
583 2180 617 2200 ne
630 2173 777 2207 perdamus
787 2182 829 2202 ea.
845 2174 895 2209 Qui
908 2179 1000 2203 autem

199 2214 286 2251 diligit
302 2223 355 2250 me,
371 2217 451 2251 quale
462 2216 607 2252 praemium
622 2217 761 2245 inveniet?
773 2230 784 2242 ιι
800 2218 944 2254 Diligctur,
958 2219 998 2247 in-

200 2260 267 2296 quit,
276 2268 291 2288 a
306 2261 384 2288 Patre
399 2269 471 2292 meo,
480 2265 563 2295 etego
574 2261 681 2298 diligam
693 2271 768 2296 eum,
777 2267 804 2291 et
814 2263 996 2292 manifestabo

199 2304 235 2332 illi
246 2305 449 2340 memetipsum.
461 2317 473 2329 -
487 2306 579 2340 Quare
591 2307 642 2334 hoc
652 2307 736 2335 dixit:
748 2319 760 2331 «ι
770 2307 950 2336 Manifestabo
958 2308 997 2336 illi

199 2349 414 2385 memetipsum?
445 2361 456 2375 ιι
488 2351 556 2386 Quia
579 2355 642 2386 post
661 2352 889 2380 resurrectionem
908 2360 937 2381 se
958 2353 997 2381 eis

199 2393 422 2422 manifestaturus
445 2400 504 2423 erat
524 2403 589 2423 cum
613 2395 745 2424 diviniore
767 2404 892 2432 corpore,
908 2401 939 2425 ut
962 2405 996 2425 ne

199 2442 296 2475 putent
309 2439 399 2474 ipsum
410 2439 536 2474 spiritum
550 2445 576 2468 et
592 2440 753 2476 phantasma
770 2449 839 2475 esse,
853 2446 998 2477 propterea

200 2483 321 2520 praedicit
334 2483 373 2511 eis
385 2483 447 2517 hoc,
473 2489 503 2512 ut
524 2485 646 2513 videntes
662 2494 737 2520 eum,
758 2494 815 2514 non
829 2486 997 2521 discredant,

198 2528 247 2556 sed
261 2531 438 2556 recordentur
452 2530 527 2565 quod
552 2538 584 2558 ea
605 2530 764 2566 praedixerit
780 2531 856 2567 ipsis,
882 2536 909 2559 et
923 2531 998 2568 quod

198 2577 310 2610 propter
332 2574 524 2602 mandatorum
544 2583 659 2603 suorum
674 2575 893 2604 observationem
907 2576 997 2604 mani«

197 2617 312 2646 festetur
329 2618 379 2652 eis,
403 2620 585 2656 studeantque
599 2628 708 2656 semper
725 2628 833 2648 servare
850 2621 904 2654 illa,
921 2625 951 2649 ut
970 2625 997 2650 et

198 2663 254 2691 illis
266 2671 374 2700 semper
385 2663 585 2692 manifestatur.
601 2666 731 2701 Magnum
742 2667 845 2694 etenim
857 2674 995 2694 resurrec-

197 2708 280 2737 tionis
299 2714 513 2742 sacramentum,
538 2709 650 2738 difﬁcile
675 2710 709 2738 ab
736 2710 777 2739 eis
801 2714 959 2747 susceptum
986 2720 995 2739 :

1050 879 1112 911 Υἱὸς
1132 877 1209 906 εἰκὼν
1235 877 1280 907 καὶ
1296 876 1357 911 δόξα
1382 879 1427 905 τοῦ
1445 876 1563 917 ῌατρὸς,
1588 876 1638 905 καὶ
1655 877 1671 906 ὁ
1699 876 1858 917 ἄνθρωπος,

1050 923 1109 952 ἀλλ’
1122 923 1171 962 οὐχ
1193 922 1299 960 ὁμοίοις.
1321 921 1415 954 Οὕτως
1441 916 1486 950 οὖν
1511 921 1557 950 καὶ
1585 923 1679 950 ταῦτα
1707 921 1748 950 δεῖ
1773 925 1859 957 νοεῖν,

1049 966 1139 1006 ὥσπερ
1152 957 1197 996 καὶ
1212 966 1251 1003 τὸ,
1271 978 1285 995 (ι
1301 965 1395 999 Καθὼς
1407 965 1547 995 ἀπέστειλέ
1559 978 1596 1004 με
1613 967 1628 995 ὁ
1648 965 1763 1006 Πατὴρ,
1785 965 1859 1005 κάγὼ

1049 1005 1148 1048 πέμπω
1172 1013 1249 1048 ὑμᾶς.
1275 1022 1290 1040 n
1319 1005 1387 1050 Ἆρα
1409 1011 1460 1051 γὰρ
1482 1010 1565 1044 οὕτως
1592 1005 1743 1051 ὀφείλομεν
1770 1012 1859 1045 ἁπλῶς

1049 1057 1134 1094 νοεῖνς
1161 1055 1275 1086 Οὔκουν.
1302 1055 1453 1085 Ἀπέστειλε
1480 1055 1526 1093 μὲν
1551 1057 1565 1084 ὁ
1593 1055 1699 1095 Πατὴρ
1723 1055 1771 1085 τὸν
1797 1056 1859 1086 Υἷὸν

1050 1102 1130 1130 αὐτοῦ
1146 1099 1286 1138 ἀσώματον
1309 1100 1382 1136 ὄντα,
1398 1095 1455 1129 εἶτα
1470 1099 1660 1140 σαρκωθέντα,
1679 1102 1710 1130 ἐκ
1727 1100 1858 1140 παρθένου

1051 1144 1078 1174 δὲ
1104 1145 1270 1184 γεγέννηται·
1299 1144 1344 1174 καὶ
1370 1145 1396 1174 οἱ
1426 1144 1569 1174 ἀπόστολοι
1596 1139 1646 1173 οἷν
1676 1144 1705 1179 ἐξ
1730 1146 1857 1184 οὐρανοῦ,

1051 1189 1096 1220 καὶ
1113 1190 1267 1228 ἀσώματοι,
1290 1185 1346 1219 εἶτα
1370 1188 1566 1227 σαρκωθὲντες,
1596 1189 1646 1218 καὶ
1666 1190 1698 1219 ἐκ
1725 1189 1856 1230 παρθένου

1051 1234 1181 1273 γεννηθεὶς
1212 1233 1340 1271 ἕκαστοςς
1371 1233 1452 1263 Ἀλλὰ
1482 1235 1560 1274 λῆρος
1593 1233 1688 1274 σαφὴς
1716 1233 1748 1264 τὸ
1776 1234 1855 1268 οὕτως

1051 1278 1228 1317 ἐκλαμϐάνειν
1245 1278 1278 1308 τὰ
1290 1281 1336 1314 τῆς
1352 1279 1375 1308 Γ
1377 1280 1473 1319 ραφῆς.

1095 1334 1110 1353 ιι
1132 1322 1169 1353 ⁸0
1193 1323 1261 1363 ἔχων
1284 1323 1333 1356 τὰς
1357 1323 1463 1356 ἐντολάς
1483 1333 1544 1361 μου,
1570 1323 1618 1353 καὶ
1646 1325 1738 1364 τηρῶν
1763 1323 1852 1361 αὖτὰς,

1052 1367 1147 1402 ἐκεῖνός
1170 1369 1240 1398 ἐστιν
1259 1370 1273 1397 ὁ
1288 1369 1398 1407 ἀγαπῶν
1421 1379 1464 1405 με.
1485 1367 1520 1397 (Ο
1545 1367 1571 1396 δὲ
1589 1369 1708 1407 ἀγαπῶν
1725 1380 1759 1407 με
1785 1369 1853 1407 ἀγα-

1051 1412 1202 1448 πηθήσεται
1220 1413 1270 1442 ὕπὸ
1283 1415 1330 1441 τοῦ
1354 1412 1460 1452 Πατρός
1482 1424 1549 1450 μου,
1574 1413 1622 1442 καὶ
1645 1413 1701 1453 ἐγὼ
1721 1413 1852 1453 ἀγαπήσω

1051 1457 1142 1495 αὐτὸν,
1175 1457 1219 1486 καὶ
1244 1456 1383 1496 ἐμφανίσω
1411 1458 1484 1497 αὐτῷ
1508 1457 1636 1494 ἐμαυτόν.
1665 1457 1750 1498 Λέγει
1782 1458 1850 1497 αὖτῷ

1050 1501 1165 1537 Ἰούδας,
1185 1502 1235 1541 οὐχ
1256 1503 1270 1530 ὁ
1291 1501 1479 1541 Ἰσκαριώτης·
1498 1501 1597 1540 Κύριε,
1612 1502 1661 1531 καὶ
1685 1502 1712 1532 τί
1729 1502 1849 1542 γέγονεν,

1052 1546 1092 1575 ὅτι
1118 1549 1184 1584 ἡμῖν
1214 1545 1318 1583 μέλλεις
1338 1545 1490 1585 ἐμφανίζειν
1512 1545 1635 1582 σεαυτὸν,
1665 1547 1713 1576 καὶ
1735 1547 1795 1586 οὐχὶ
1816 1547 1850 1585 τῷ

1051 1590 1162 1630 κόσμῳς
1190 1589 1269 1620 Καθὰ
1298 1590 1330 1626 δὴ
1354 1590 1399 1620 καὶ
1422 1589 1545 1628 ἀνωτέρω
1572 1590 1706 1629 εἴπομεν,
1735 1591 1778 1621 διὰ
1801 1592 1850 1620 τῶν

1047 1635 1173 1664 τοιούτων
1202 1634 1328 1675 ῥημάτων
1350 1634 1398 1670 τὴν
1423 1634 1537 1672 ἀθυμίαν
1564 1636 1654 1664 αὐτῶν
1680 1635 1848 1672 ἀναστέλλει,

1049 1679 1181 1709 διδάσκων
1197 1678 1300 1714 αὐτοὺς,
1317 1679 1357 1709 ὅτι
1372 1681 1469 1712 ἐκεῖνος
1485 1680 1579 1719 ἀγαπᾷ
1599 1680 1699 1717 αὐτὸν,
1719 1682 1770 1720 οὗχ
1783 1681 1796 1709 ὃ
1809 1678 1848 1709 ἐπὶ

1049 1726 1087 1764 τῷ
1111 1724 1216 1764 θανάτῳ
1237 1724 1319 1753 αὐτοῦ
1335 1725 1463 1762 ἀθυμῶν,
1489 1722 1504 1753 ὃ
1526 1722 1572 1753 καὶ
1588 1724 1668 1754 αὐτοὶ
1691 1724 1846 1765 πάσχουσιν,

1051 1770 1111 1799 ἀλλ’
1131 1768 1204 1802 ὁτὰς
1229 1767 1336 1802 ἐντολὰς
1359 1769 1440 1798 αὐτοῦ
1463 1767 1509 1797 καὶ
1531 1767 1577 1801 τὰς
1598 1771 1786 1810 παραγγελίας
1806 1780 1850 1804 τη·

1052 1816 1114 1853 ρῶν,
1138 1813 1184 1847 τὰς
1207 1813 1268 1852 περὶ
1288 1815 1334 1842 τοῦ
1365 1813 1403 1851 μὴ
1429 1814 1621 1842 ἀντιποιεῖσθαι
1646 1816 1695 1850 τ’ῆς
1717 1813 1849 1854 παρούσης

1051 1860 1131 1898 ζωῆς,
1147 1857 1217 1887 ἀλλὰ
1234 1857 1282 1894 τὴν
1299 1858 1387 1898 ψυχὴν
1403 1857 1470 1897 ὑπὲρ
1491 1859 1536 1886 τοῦ
1551 1859 1623 1888 Θεοῦ
1645 1858 1691 1887 καὶ
1706 1861 1753 1888 τοῦ
1770 1858 1847 1887 καλοῦ

1051 1903 1167 1932 τιθέναι·
1196 1902 1335 1942 μονονουχὶ
1351 1904 1430 1932 τοῦτο
1453 1901 1541 1941 λέγων
1557 1902 1665 1936 αὐτοῖς·
1690 1902 1784 1941 (Υμεῖς
1804 1901 1848 1940 μὲν

1052 1947 1187 1986 νομίζετε,
1215 1946 1254 1976 ὅτι
1280 1946 1306 1981 ἐξ
1336 1946 1443 1986 ἀγάπης
1473 1947 1599 1977 λυπεῖσθε
1625 1947 1671 1977 ἐπὶ
1688 1949 1727 1988 τῷ
1749 1945 1848 1985 θανάτῳ

1054 2003 1113 2031 μου’
1129 1991 1180 2030 ἐγὼ
1195 1991 1221 2020 δὲ
1238 1991 1268 2020 τὸ
1284 1990 1321 2029 μὴ
1334 1992 1491 2027 λυπεῖσθαι,
1510 1992 1611 2029 μᾶλλον
1628 1992 1772 2032 τεκμήριον
1787 1990 1848 2029 ἀγά-

1052 2048 1106 2072 πης
1119 2039 1254 2074 ποιοῦμαι.
1267 2033 1333 2065 ’Ὅτι
1345 2035 1371 2064 δὲ
1387 2038 1463 2064 τοῦτο
1481 2035 1569 2075 λέγει,
1591 2037 1673 2072 δῆλον
1692 2037 1720 2071 ἐξ
1732 2032 1769 2066 ὧν
1782 2033 1846 2074 μετᾶ

1053 2080 1140 2110 πολλά
1157 2092 1247 2120 φησιν.
1266 2092 1279 2106 α
1294 2080 1327 2110 Εἰ
1342 2079 1465 2119 ἀγαπᾶτέ
1479 2091 1511 2119 με
1522 2104 1529 2115 ,
1548 2081 1666 2121 ἐχάρητε
1678 2081 1721 2119 ἂν,
1737 2080 1776 2110 ὅτι
1787 2078 1847 2119 πρὸς

1052 2124 1098 2155 τὸν
1123 2125 1233 2165 Πατέρα
1250 2136 1300 2162 μου
1314 2124 1472 2165 πορεύομαι.
1491 2138 1503 2151 ι
1519 2124 1553 2155 Ὁ
1567 2126 1654 2156 τοίνυν
1677 2127 1789 2166 ἀγαπῶν
1801 2133 1846 2162 με.

1054 2170 1110 2210 ἔχει
1135 2169 1181 2203 τὰς
1203 2169 1309 2202 ἐντολάς
1325 2180 1391 2206 μου,
1409 2169 1454 2199 καὶ
1469 2170 1498 2199 οὔ
1515 2169 1593 2208 μόνον
1615 2170 1673 2211 ἔχει
1685 2193 1694 2208 ,
1721 2169 1788 2200 ἀλλὰ
1804 2168 1846 2197 καὶ

1055 2214 1181 2253 φυλάττει
1205 2214 1302 2250 αὐτὰς,
1330 2213 1373 2243 ἵνα
1402 2213 1440 2253 μὴ
1461 2213 1570 2244 ἐλθὼνὸ
1590 2215 1708 2251 κλέπτης
1731 2213 1846 2244 διάϐολος

1012 2254 1038 2286 D
1054 2259 1157 2299 συλήσῃ
1174 2258 1218 2288 τὸν
1239 2258 1378 2298 θησαυρόν·
1404 2261 1524 2299 φυλακῆς
1539 2258 1590 2298 γὰρ
1607 2259 1736 2300 ἀκριϐοῦς
1754 2257 1844 2298 χρεία,

1052 2303 1095 2333 ἵνα
1110 2304 1147 2342 μὴ
1168 2303 1340 2341 ἀπολέσωμεν
1355 2303 1461 2337 ταύτας.
1481 2303 1515 2334 Ὁ
1531 2304 1557 2333 δὲ
1573 2305 1685 2342 ἀγαπῶν
1707 2315 1739 2344 με
1751 2326 1759 2342 ,
1773 2305 1844 2331 ποῖον

1052 2349 1165 2379 ἔπαθλον
1191 2348 1320 2389 sopiunt;
1342 2362 1353 2374 ι
1378 2347 1608 2387 Ἀγαπηθήσεται,
1624 2349 1707 2390 φησὶ,
1731 2347 1782 2377 ὕπὸ
1801 2347 1844 2374 τοῦ

1052 2394 1161 2433 Πατρός
1174 2405 1239 2433 μου,
1251 2394 1298 2422 καὶ
1314 2392 1367 2432 ἐγὼ
1384 2392 1517 2432 ἀγαπήσω
1533 2392 1631 2431 αὐτὸν,
1647 2393 1694 2422 καὶ
1710 2390 1842 2432 ἐμφανίσω

1053 2439 1125 2477 αὖτῷ
1145 2437 1270 2477 ἐμαυτόν.
1296 2451 1308 2464 ιι
1331 2437 1410 2471 Τίνος
1433 2438 1461 2466 δὲ
1484 2437 1571 2467 ἕνεκεν
1596 2440 1674 2467 τοῦτο
1699 2433 1775 2475 εἶπε,
1797 2433 1840 2470 τὸ,

1052 2497 1065 2510 ι
1092 2482 1250 2522 Ἐμφανίσω
1278 2483 1349 2522 αὐτῷ
1377 2482 1509 2520 ἐμαυτόν,
1534 2494 1546 2508 ι
1562 2481 1676 2518 Ἐπειδὴ
1703 2480 1771 2520 μετὰ
1796 2477 1840 2513 τὴν

1054 2527 1197 2557 ἀνάστασιν
1218 2527 1329 2564 ἔμελλεν
1352 2527 1439 2559 αὐτοῖς
1467 2526 1650 2566 ἐπιφαίνεσθαι
1666 2525 1734 2564 μετὰ
1759 2527 1840 2553 θεοει-

1052 2572 1175 2612 δεστέρου
1206 2574 1251 2601 τοῦ
1280 2570 1497 2612 σώματος,ήῐνα
1526 2571 1564 2610 μὴ
1595 2571 1737 2610 νομίσωσιν
1765 2566 1838 2612 αὑτὸν

1050 2610 1158 2655 πνεῦμα
1184 2616 1229 2645 καὶ
1256 2615 1400 2656 φάντασμα
1425 2610 1509 2655 εἶναι,
1543 2616 1588 2646 διὰ
1619 2618 1697 2645 τοῦτο
1723 2611 1838 2653 προλέγει

1050 2664 1127 2691 τοῦτο
1143 2662 1245 2697 αὐτοῖς,
1266 2660 1310 2690 ἶνα
1330 2662 1389 2690 τότε
1410 2659 1448 2699 μὴ
1465 2661 1612 2691 ἀπιστῶσιν
1628 2662 1738 2700 ὁρῶντες
1748 2656 1835 2700 αὐτὸν,

1050 2706 1109 2736 ἀλλ’
1125 2705 1379 2745 ἀναμιμνήσκωνται
1387 2729 1395 2745 ,
1411 2705 1452 2735 ὅτι
1464 2707 1550 2735 ταῦτα
1562 2707 1648 2739 αὐτοῖς
1663 2706 1781 2744 προεῖπε,
1793 2697 1834 2730 καὶ

234 2783 256 2801 ¹¹
274 2784 286 2812 Ι
300 2785 364 2813 Cor.
381 2789 482 2820 ",15.
498 2785 523 2805 ⁸³
533 2785 637 2815 Pascal.
648 2794 744 2822 Lxxx,
756 2789 784 2816 6.
798 2786 821 2806 ⁵⁸
834 2788 844 2816 1
857 2787 920 2816 Cor.
938 2791 993 2821 11,1

1061 2787 1143 2815 Joan.
1154 2793 1183 2821 κ,
1194 2788 1239 2815 36.
