1922 3077
83 206 132 233 185

466 201 663 231 ENARRATIO
683 203 716 230 1N
737 199 953 229 EVANGELIUM
970 198 1121 227 JOANNIS.
1140 213 1176 220 —
1195 199 1270 228 CAP.
1292 200 1357 228 XIV.

1683 203 1733 231 ιεθ

80 267 120 297 ότι
148 265 193 296 διὰ
218 265 249 296 τὸ
264 265 310 299 τὰς
333 265 439 298 ἐντολὰς
461 265 540 294 αὐτοῦ
570 266 675 305 τηρεῖν,
703 263 872 305 ἐπιφαίνεται

933 261 1035 290 idcirco
1050 265 1188 298 praeparat
1197 269 1244 289 eos
1252 261 1346 290 dioens
1353 262 1431 298 quod
1446 263 1673 292 manifestaturus
1690 265 1728 293 sit

81 311 187 344 αὐτοῖς·
205 310 252 340 καὶ
272 310 304 346 δὴ
328 310 499 340 σπουδάσωσι
522 310 637 340 πάντοτε
659 312 749 350 τηρεῖν
764 308 879 344 ταύτας,

80 356 123 385 ἵνα
138 355 185 386 καὶ
198 355 240 385 ἀεὶ
256 356 344 389 αὖτοῖς
366 355 541 395 ἐπιφαίνοιτο.
567 354 647 394 Μέγα
670 355 722 394 γὰρ
739 353 768 383 ὂν
787 354 817 384 τὸ
833 355 880 388 τῆς

83 401 255 434 ἀναστάσεως
294 399 458 440 μυστήριον,
487 399 619 433 δυσκόλως
656 398 687 428 ἂν
717 400 765 428 ὕπ’
794 399 880 428 αὐτῶν

81 444 246 485 παρεδέχθη.
275 444 327 475 Διὰ
350 447 427 474 τοῦτο
451 444 625 484 προομαλίζει
651 444 677 472 ἐν
704 446 741 483 τῷ
770 443 879 482 λέγειν,

81 490 120 519 ὅτι
137 491 226 528 ἕμφαν
234 490 284 519 ίσει
299 490 388 523 αὐτοῖς
408 489 511 519 ἑαυτόν.
530 488 608 519 Ἐπεὶ
630 488 674 518 καὶ
690 488 823 523 ἀναστὰς,
837 487 880 516 διὰ

81 536 159 563 τοῦτο
178 533 293 573 ἔφαγεν,
315 534 359 563 ἵνα
375 533 411 571 μὴ
438 533 546 567 δόξωσιν
579 533 656 563 αὖτὸν
683 533 838 574 φάντασμα·
866 532 880 562 ὃ

80 578 126 607 καὶ
142 581 187 608 ν’ὗν
201 580 215 608 ὁ
230 578 332 612 Ἰούδας
352 574 426 611 οὗτος
442 577 549 608 ἔπαθεν.
569 577 695 615 Ἐνόμισε
708 578 758 616 γὰρ
772 580 786 607 ὁ
802 576 879 606 Ἰού-

82 624 128 656 δας
152 625 166 652 ὃ
188 625 232 653 νῦν
252 623 499 662 μνημονευόμενος,
523 621 563 652 ὅτι
579 622 670 663 ὥσπερ
693 622 751 656 τοὺς
778 621 881 662 νεκροὺς

79 669 185 708 ὁρῶμεν
210 667 286 708 ὄναρ,
308 667 377 698 οὕτω
403 667 449 697 καὶ
471 666 548 700 αὐτὸς
574 669 662 701 αὐτοῖς
683 666 879 708 ἐμφανισθήσε-

80 724 136 741 ται·
154 713 194 743 διὸ
209 713 255 742 καί
268 721 345 752 φησι⁸
359 726 371 739 ι
389 712 485 752 Κύριε,
501 711 526 741 τί
542 711 646 751 γέγονεν
656 734 664 748 ,
676 711 715 741 ὅτι
729 713 794 749 ἡμῖν
811 711 878 750 μίλ-

80 758 134 790 λεις
160 758 312 798 ἐμφανίζειν
328 757 438 787 σεαυτὸν
451 779 460 793 ,
482 756 528 786 καὶ
544 756 604 796 οὐχ).
622 758 660 797 τῷ
676 756 784 797 χόσμῳ;
801 770 812 783 ι
830 756 880 786 Ἐκ

80 803 181 831 πολλοῦ
206 803 258 842 γὰρ
279 801 398 840 θάμϐους
423 801 470 831 καὶ
493 801 646 836 ἐκπλήξεως
676 801 757 831 τοῦτό
784 812 880 842 φησιν,

80 845 173 885 ὥσπερ
190 845 222 876 ἂν
237 849 260 876 εί
277 846 373 885 ἔλεγεν·
398 846 470 876 Οὖαὶ
484 849 549 883 ἡμῖν
564 846 604 876 ὅτι
622 846 809 882 ἀποθνήσκεις,
833 845 878 875 καὶ

80 890 174 931 ὥσπερ
189 892 212 920 οἱ
228 891 442 927 τετελευτηκότες
453 912 461 927 ,
480 891 585 929 μέλλεις
601 893 666 928 ἡμῖν
688 891 877 930 ἐμφανίζεσθαι

934 314 964 335 se
977 307 1017 334 eis
1032 316 1041 334 :
1053 307 1116 343 quia
1126 310 1227 334 etcum
1241 307 1448 341 resurrexisset,
1461 312 1603 344 propterea
1613 309 1735 338 comedit

935 359 998 379 cum
1013 351 1061 384 eis,
1077 355 1108 379 ut
1121 359 1157 379 ne
1179 351 1316 379 videretur
1332 352 1371 380 eis
1386 351 1546 387 phantasma
1559 352 1594 381 ⁵⁸.
1614 353 1646 381 Id
1659 354 1732 390 quod

933 400 961 424 et
975 395 1056 424 Judas
1068 404 1141 424 nunc
1153 396 1263 424 accidit.
1278 396 1451 432 Opinahatur
1464 397 1536 424 enim
1552 399 1565 424 .I
1571 397 1638 425 udas
1656 398 1734 433 cujus

934 449 1006 469 nunc
1016 441 1185 469 mentionem
1196 441 1270 473 facit,
1284 441 1357 477 quod
1368 441 1439 469 sicut
1451 441 1478 469 in
1488 442 1597 469 somnio
1608 442 1734 471 videmus

935 490 1070 518 mortuos,
1088 486 1125 514 ita
1140 490 1167 514 et
1182 486 1320 513 Dominus
1339 486 1378 514 eis
1397 485 1614 514 mauifestaudus
1637 491 1709 515 esset
1725 496 1732 515 :

934 530 994 558 ideo
1009 535 1035 558 et
1048 531 1115 558 dicit
1131 540 1138 558 :
1155 543 1167 556 ι
1186 531 1316 564 Domine,
1334 530 1400 566 quid
1416 530 1517 558 factum
1533 535 1574 559 est
1588 531 1662 567 quod
1681 539 1734 559 no-

934 575 976 603 bis
991 575 1110 611 teipsum
1134 575 1363 604 manifestaturus
1384 583 1425 609 es,
1440 580 1468 604 et
1493 584 1549 603 non
1572 575 1699 605 mundo?
1718 588 1731 601 ν

935 622 993 648 Prae
1012 621 1099 648 multa
1116 620 1190 648 enim
1205 620 1389 648 admiratione
1412 624 1440 648 et
1453 624 1566 656 stupore
1588 620 1643 649 hoc
1656 620 1732 649 dicc-

934 665 991 698 bat,
1013 665 1085 693 sicut
1100 665 1122 693 si
1138 664 1251 693 dixisset
1268 675 1274 693 :
1292 666 1340 693 Vae
1364 665 1444 692 nobis
1463 665 1537 701 quod
1558 666 1688 699 moreris,
1705 670 1734 694 et

933 709 1007 745 quod
1018 709 1089 737 sicut
1101 713 1227 738 mortuus
1243 709 1462 738 manifestandus
1476 717 1505 738 es
1519 709 1600 738 nobis
1614 709 1641 738 in
1656 718 1731 739 som-

934 755 994 782 niis.
1021 756 1090 782 Nam
1103 754 1178 790 quod
1193 754 1261 782 dicit
1277 763 1283 782 :
1303 765 1315 779 ι
1331 754 1404 790 Quid
1419 754 1521 782 factum
1537 759 1589 789 est,
1614 766 1627 779 ιι
1641 754 1722 783 obstu

934 803 1062 836 pescente
1074 803 1101 827 et
1112 799 1227 827 attonita
1241 804 1332 827 mente
1345 799 1465 827 dicebat.
1489 799 1562 834 Quid
1579 799 1660 836 igitur
1675 801 1734 828 Do-

933 844 1042 872 minus?
1056 843 1197 880 quomodo
1211 852 1226 872 a
1243 848 1334 872 mente
1356 844 1540 880 suspicionem
1559 844 1618 880 ejus
1637 848 1668 873 ut
1682 844 1731 873 fal-

937 888 1022 917 lacem
1037 888 1153 918 refellit?

79 928 166 975 ὄναρί
191 937 232 966 Τὸ
255 936 326 976 γὰρ,
352 949 363 962 ι
389 937 425 966 Τί
448 928 568 975 γέγονεν;
591 949 604 962 ι
623 928 805 972 ἐκπληκτικῶς
832 935 878 964 χαὶ
897 933 1094 975 τιθαμϐημένῳ
1118 935 1240 974 λογισμῷ
1266 928 1336 965 εἷπε.
1365 934 1402 964 Τί
1428 929 1472 963 οὖν
1495 935 1508 964 ὁ
1537 933 1632 974 Κύριος
1666 935 1731 975 πρὸς

80 983 183 1017 suum;
211 982 274 1014 Πῶς
299 981 379 1010 αὐτοῦ
401 980 448 1017 τὴν
468 980 592 1010 ὑπόνοιαν
616 980 717 1015 ταύτην
742 983 778 1014 ὡς
797 979 956 1021 ψευδῆλῦεις

121 1035 137 1053 α
157 1025 296 1065 Ἀπεκρίθη
324 1025 446 1063 Ἰησοῦς,
474 1026 518 1054 καὶ
538 1021 610 1055 εἶπεν
638 1025 719 1065 αὐτῷ.
750 1026 815 1055 Ἐάν
839 1037 874 1058 τις

970 1033 1059 1060 Vsus.
1083 1034 1128 1066 23,
1149 1033 1193 1060 24.
1210 1041 1223 1058 (ι
1240 1031 1392 1067 Respondit
1406 1033 1497 1065 Jesus,
1513 1035 1541 1060 et
1562 1031 1632 1060 dixit
1646 1032 1682 1067 ei,
1701 1033 1731 1062 Si

79 1070 175 1110 ἀγαπᾷ
191 1082 224 1108 με
236 1092 244 1106 ,
259 1070 304 1099 τὸν
315 1071 391 1110 λόγον
407 1082 457 1108 μου
472 1070 599 1110 τηρήσει,
615 1070 660 1099 καὶ
675 1071 688 1098 6
705 1069 800 1109 Πατήρ
817 1081 869 1108 μου

79 1115 215 1153 ἀγαπήσει
243 1114 330 1145 αὐτόν·
353 1114 398 1144 καὶ
423 1114 489 1155 πρὸς
515 1114 594 1144 αὐτὸν
622 1114 801 1153 ἐλευσόμεθα,
831 1114 877 1143 καὶ

79 1159 162 1196 μονὴν
175 1158 238 1199 παρ’
253 1160 325 1200 αὐτῷ
339 1159 494 1198 ποιήσομεν.
511 1159 547 1190 Ὁ
562 1159 600 1197 μὴ
615 1160 727 1197 ἀγαπῶν
745 1170 790 1197 με,
817 1158 876 1193 τοὺς

78 1203 170 1242 λόγους
185 1215 236 1242 μου
258 1205 289 1234 οὗ
309 1208 395 1244 τηρεῖ,
422 1205 477 1235 Καὶ
502 1206 516 1234 ὁ
535 1204 611 1243 λόγος
631 1203 661 1233 ὃν
685 1203 812 1240 ἀκούετε,
828 1204 876 1234 οὐκ

78 1247 151 1278 ἔστιν
178 1249 257 1287 ἐμὸς,
287 1249 357 1278 ἀλλὰ
380 1252 426 1279 τοῦ
450 1248 603 1289 πέμψαντός
620 1259 653 1286 με
678 1248 793 1288 Πατρός.
813 1262 825 1275 ι
841 1248 876 1279 Ὀ

78 1292 127 1330 μὲν
144 1292 246 1327 Ἰούδας
269 1293 323 1323 ἀπὸ
348 1294 450 1330 πολλῆς
474 1293 573 1328 δειλίας
596 1292 714 1331 ἐνόμιζεν
726 1315 734 1330 ,
751 1293 791 1322 ὅτι
807 1294 875 1322 ἄπο-

77 1336 164 1367 θανὼν
180 1339 194 1367 ὁ
213 1337 328 1378 Κύριος,
349 1337 414 1378 ὄναρ
430 1338 571 1379 ἐμφανίσαι
592 1338 685 1368 ἑαυτὸν
701 1338 802 1371 αὐτοῖς’
816 1337 875 1368 ὅθεν

77 1381 123 1411 καὶ
139 1382 243 1422 ἐρωτᾷ,
264 1383 385 1423 καθάπερ
408 1384 521 1423 εἴρηται.
540 1384 574 1413 “Ο
589 1383 616 1412 δὲ
639 1382 736 1423 Κύριος
761 1382 875 1412 διαλύων

77 1427 157 1456 αὐτοῦ
171 1426 219 1461 τὴν
234 1427 356 1457 ὑπόνοιαν
366 1451 374 1466 ,
386 1427 466 1469 φησὶν
477 1450 485 1463 ,
502 1427 544 1457 ὅτι
557 1426 669 1468 Ὥσπερ
685 1429 698 1456 ὁ
716 1427 810 1467 Πατὴρ
826 1428 875 1464 ξμ-

78 1470 179 1511 φανίζει
195 1471 303 1509 ἑαυτὸν,
327 1472 396 1502 οὕτω
411 1472 485 1511 χᾶγὼ
507 1472 644 1513 ἐμφανίσω
665 1473 728 1509 ὑμῖν
750 1472 874 1511 ἐμαυτόν.

79 1529 89 1543 ι
104 1516 180 1554 Ἐγὼ
194 1517 258 1556 γὰρ,
282 1517 364 1557 φησὶ,
389 1517 435 1547 καὶ
458 1519 472 1546 ὁ
485 1517 584 1556 Πατὴρ
608 1517 768 1554 ἐλευσόμεθα
785 1530 798 1542 ν
812 1517 875 1556 πρὸς

76 1559 120 1590 τὸν
136 1561 310 1601 φυλάσσοντα
333 1561 393 1596 τοὺς
415 1561 507 1601 λόγους
535 1573 596 1600 μου.
625 1562 666 1591 Οὖ
694 1563 752 1591 καθ’
779 1560 876 1595 ὕπνους

75 1605 412 1645 ἕμφανισθήσομαιξῦμῖν,
445 1607 504 1636 ἀλλ’
525 1606 582 1637 ἐπεὶ
605 1606 673 1644 μετὰ
698 1609 746 1635 τοῦ
771 1606 875 1646 ΙΙατρὸς

76 1650 168 1688 μέλλω
181 1650 274 1688 ἐλθεῖν,
286 1652 321 1684 ὡς
337 1651 404 1684 είκός
419 1652 476 1680 ἐστι
490 1650 534 1681 τὸν
546 1651 658 1690 Πατέρα
676 1651 873 1692 ἐμφανίζεσθαι,

75 1694 146 1724 οὕτω
160 1695 301 1734 γενήσεται
321 1695 366 1725 καὶ
382 1697 399 1731 ἡ
419 1695 470 1734 ἐμὴ
490 1696 555 1736 πρὸς
577 1697 646 1734 ὑμᾶς
661 1695 798 1736 ἐμφάνεια.
820 1696 873 1726 Καὶ

75 1739 105 1769 τὸ
248 1742 331 1770 εἰπεῖν
347 1739 392 1776 δὲ,
407 1733 448 1770 ὅτι
470 1754 482 1767 α
501 1733 598 1776 Μονὴνν
616 1733 681 1780 παρδ
702 1733 776 1780 αὖτῷ
791 1741 873 1776 ποιή-
889 1733 912 1765 C

74 1795 174 1823 σομεν,
193 1797 205 1811 ι
221 1785 362 1825 ἀνατρέπει
383 1788 430 1814 τοῦ
449 1785 537 1814 Ἰούδα
553 1785 600 1820 τὴν
617 1785 756 1815 ὓπόνοιαν.
774 1786 808 1814 Οἱ
820 1785 871 1826 γὰρ

75 1828 186 1869 ὄνειροι,
205 1829 302 1869 φησὶν,
327 1830 356 1859 οὖ
378 1829 588 1870 παραμένουσιν·
608 1830 660 1869 ἐγὼ
685 1829 712 1858 δὲ
730 1829 875 1869 ἐμφανιζό-

75 1885 170 1911 μενος,
187 1877 334 1913 παραμενῶ
351 1875 419 1912 μετὰ
431 1879 477 1905 τοῦ
495 1874 612 1914 Πατρός·
629 1876 677 1904 οὐχ
693 1874 745 1914 ἄρα
766 1873 875 1914 ὀνειρώ-

76 1919 122 1954 δης
148 1918 225 1948 ἔσται
250 1921 265 1954 ἡ
289 1919 454 1959 ἐπιφοίτησίς
476 1931 538 1955 μου.
565 1919 695 1960 Προλέγει
720 1918 747 1948 δὲ
770 1919 872 1954 αὐτοῖς,

74 1964 109 1997 ὡς
127 1962 208 2003 ἔφην,
225 1961 265 1992 ὅτι
281 1964 526 2005 ἐμφανισθήσεται,
542 1963 586 1993 ἵνα
608 1964 645 2002 μὴ
664 1964 808 2005 φάντασμα
822 1964 875 1993 αὖ·

73 2008 118 2037 τὸν
143 2007 254 2046 δόξωσι,
277 2009 325 2038 καὶ
351 2008 406 2047 ἅμα
428 2009 548 2048 διεγείρει
565 2008 660 2042 αὐτοὺς
685 2009 720 2042 εἷς
739 2009 768 2038 τὸ
784 2013 874 2048 τηρεῖν

73 2052 122 2086 τὰς
136 2055 218 2082 αὑτοῦ
235 2052 356 2086 ἐντολὰς,
384 2053 486 2087 εἰδότας
501 2052 540 2082 ὅτι
565 2058 619 2087 τοῖς
633 2056 742 2092 τηροῦσι
759 2054 872 2091 ταύτας,

74 2097 248 2138 ἐμφανίζεται
260 2096 306 2126 χαὶ
319 2097 409 2133 αὐτὸς,
426 2097 471 2127 καὶ
486 2100 499 2127 ὃ
516 2098 625 2137 Πατήρ·
641 2097 732 2138 ὥσπερ
748 2093 782 2126 αὖ
794 2099 874 2126 πάλιν

72 2144 120 2171 τοῦ
136 2142 175 2181 μὴ
201 2144 338 2181 τηροῦντος
363 2143 410 2175 τὰς
429 2142 535 2175 ἐντολὰς
557 2143 702 2182 ἀφίσταται
727 2142 772 2172 χαὶ
796 2143 874 2176 αὐτὸς

72 2187 119 2216 καὶ
135 2188 150 2215 ὁ
166 2186 274 2227 Πατὴρ,
296 2187 331 2219 ὡς
353 2186 391 2224 μὴ
411 2187 576 2225 ἀγαπῶντος.
595 2200 607 2213 υ
629 2186 665 2216 Ὀ
679 2187 730 2226 γὰρ
746 2187 783 2225 μὴ
805 2189 874 2225 ἄγα-

73 2232 131 2261 πῶν
149 2243 198 2270 με,
215 2231 295 2271 φησὶ,
310 2230 368 2264 τοὺς
384 2231 476 2270 λόγους
496 2243 547 2270 μου
565 2233 594 2262 οὗ
609 2233 693 2271 τηρεῖ·
708 2246 720 2257 ιι
735 2230 803 2260 ὥστε
814 2231 872 2261 οὐδὲ

72 2276 117 2305 τὸν
135 2275 247 2315 Πατέρα
271 2277 379 2316 ἀγαπᾷ,
400 2279 414 2306 ὁ
434 2275 471 2314 μὴ
493 2277 605 2315 ἀγαπῶν
620 2276 663 2305 τὸν
684 2276 758 2306 Υἳόν·
785 2278 799 2306 ὁ
821 2276 873 2316 γὰρ

72 2319 150 2359 λόγος
160 2310 220 2361 ποῦ.
231 2310 314 2355 Tios,
331 2310 376 2350 καί
394 2310 439 2349 τοῦί
455 2310 562 2360 Πατρός
579 2322 657 2350 ἐστιν.
672 2319 705 2351 Ὁ
721 2320 760 2360 μὴ
773 2310 873 2361 φυλξέτὶ

157 2360 174 2377 τ
220 2365 227 2375 \
260 2364 290 2393 λι
380 2367 395 2374 ρ-
459 2368 475 2374 ~
608 2367 625 2375 ιν
721 2366 728 2375 \
780 2360 791 2377 ⁷(

73 2376 127 2394 των
143 2376 188 2394 ουν
202 2376 247 2394 τον
277 2377 337 2404 ογον
351 2377 396 2395 του
447 2377 491 2401 ου,
506 2365 566 2401 ἤτοι
578 2377 624 2395 του
640 2367 762 2404 Πατρος,
778 2378 812 2399 ως
828 2377 872 2404 μι-

73 2413 114 2451 σεῖ
128 2409 174 2438 τὸν
189 2408 272 2448 Υἱδν,
295 2408 363 2439 οὕτω
384 2409 431 2438 καὶ
450 2410 496 2439 τὸν
514 2410 633 2451 Πατέρα.
657 2409 750 2448 Ὑμεῖς
765 2411 850 2441 τοίνυν
863 2432 871 2447 ,

71 2448 94 2482 ὦ
113 2454 251 2493 μαθηταὶ,
277 2453 336 2488 τοὺς
362 2454 454 2493 λόγους
479 2466 529 2493 μου
557 2448 714 2494 φυλάσσετεο
731 2454 800 2484 οὕτω
821 2454 873 2495 γὰρ

72 2498 104 2527 ἂν
121 2498 170 2534 τήν
193 2509 223 2527 τε
246 2498 312 2537 πρὸς
329 2499 378 2537 ἐμὲ
394 2499 440 2528 χαὶ
461 2500 505 2529 τὸν
522 2500 632 2540 Πατέρα
656 2499 762 2538 ἀγάπην
789 2500 873 2529 ἐνδεί-

72 2542 162 2578 ξησθε.
179 2542 259 2577 Τινὲς
280 2543 307 2572 δὲ
333 2544 381 2573 οὖκ
398 2543 450 2572 ἀπὸ
465 2544 564 2577 δειλίας
585 2544 667 2585 φασὶ,
686 2544 731 2573 τὸν
751 2543 872 2583 μαθητὴν

72 2587 192 2626 Ἰούδαν,
216 2587 277 2616 ἀλλ’
305 2587 358 2616 ἀπὸ
383 2588 568 2628 φιλανθρώπου
591 2588 700 2628 γνώμης
716 2589 798 2618 εἰπεῖν
823 2588 871 2627 τὸ,

72 2632 151 2662 Διατί
172 2645 186 2659 ι
203 2633 309 2670 μέλλεις
333 2633 483 2671 ἐμφανίζειν
506 2633 616 2662 σεαυτὸν
637 2633 718 2672 ἡμῖν,
743 2633 789 2662 καὶ
812 2634 872 2674 οὐχὶ

71 2678 108 2716 τῷ
132 2676 247 2717 κόσμῳ;
274 2690 286 2703 υ
301 2677 451 2707 Ἢϐούλετο
464 2677 515 2717 γὰρ
536 2677 574 2716 μὴ
598 2678 685 2716 μόνοις
710 2680 764 2711 τοῖς
781 2680 869 2717 μαθη-

70 2723 128 2754 ταῖς
144 2721 274 2761 ὗπᾶρχειν
298 2721 346 2757 τὴν
362 2723 392 2751 ἐκ
406 2725 452 2758 τῆς
468 2721 622 2762 ἐπιφανείας
637 2722 786 2763 ὠφέλειαν,
801 2723 870 2752 ἀλλὰ

71 2766 116 2796 καὶ
130 2765 211 2796 παντὶ
227 2768 266 2806 τῷ
279 2768 383 2807 κόσμῳ.
397 2765 433 2797 Ὁ
456 2766 486 2796 δέ
499 2778 531 2807 γε
547 2766 646 2807 Σωτὴρ
663 2768 811 2805 δείκνυσιν,
830 2767 871 2798 ὅτι

105 2850 129 2868 ⁵⁸
145 2850 227 2880 Joan.
242 2857 310 2886 ιιι,
327 2853 345 2879 4
359 2858 437 2888 seqq.

933 1077 995 1112 quis
1011 1076 1099 1113 diligit
1110 1084 1166 1111 me,
1181 1085 1340 1105 sermonem
1354 1077 1438 1113 706
1454 1085 1547 1105 meum
1563 1077 1690 1112 servabit,
1706 1082 1734 1106 et

932 1123 1013 1150 Pater
1028 1130 1107 1150 meus
1130 1122 1226 1158 diliget
1246 1129 1321 1155 eum,
1337 1126 1366 1149 et
1387 1122 1421 1150 ad
1447 1130 1511 1150 eum
1537 1123 1689 1155 veniemus,
1704 1127 1733 1151 et

931 1166 1103 1194 mansionem
1119 1167 1192 1202 apud
1206 1174 1271 1194 eum
1287 1166 1427 1194 faciemus.
1442 1167 1494 1202 Qui
1510 1175 1566 1195 non
1576 1167 1665 1203 diligit
1674 1175 1730 1202 me,

930 1218 1072 1240 sermones
1084 1219 1162 1239 meos
1174 1219 1229 1239 non
1244 1216 1344 1240 servat.
1360 1213 1396 1239 Et
1410 1219 1502 1239 sermo
1521 1219 1603 1248 quem
1621 1211 1730 1247 auditis,

930 1263 984 1283 non
1000 1259 1042 1284 est
1051 1263 1140 1291 meus,
1152 1255 1201 1284 sed
1213 1256 1271 1292 ejus
1285 1257 1333 1292 qui
1346 1256 1423 1284 misit
1437 1264 1481 1284 me
1495 1257 1596 1284 Patris.
1615 1268 1628 1281 ιι
1646 1257 1731 1285 Judas

929 1300 1040 1336 quidem
1055 1308 1110 1336 prae
1125 1300 1210 1328 multa
1223 1300 1370 1329 formidine
1385 1301 1559 1329 existimabat
1568 1300 1643 1337 quod
1657 1309 1732 1330 mor-

930 1348 994 1373 tuus
1008 1345 1146 1373 Dominus
1167 1346 1195 1372 in
1220 1346 1336 1373 somniis
1349 1353 1379 1374 se
1401 1345 1571 1373 exhibiturus
1589 1350 1661 1374 esset
1679 1346 1730 1381 eis,

929 1389 1003 1418 unde
1018 1394 1046 1417 et
1063 1390 1250 1426 interrogabat
1261 1390 1334 1418 sicut
1347 1389 1453 1418 dictum
1465 1394 1514 1418 est.
1530 1390 1666 1418 Dominus
1679 1399 1729 1418 au-

929 1437 985 1462 tem
1006 1433 1133 1462 refellens
1151 1434 1208 1470 ejus
1221 1435 1417 1470 suspicionem,
1433 1435 1522 1471 inquit
1538 1445 1543 1463 :
1564 1435 1639 1463 Sicut
1652 1437 1732 1463 Pater

930 1478 1087 1507 manifestat
1108 1479 1239 1515 seipsum,
1264 1479 1300 1507 ita
1323 1483 1351 1507 et
1370 1487 1421 1516 ego
1447 1479 1526 1508 vobis
1547 1479 1730 1508 manifestabo

929 1524 1135 1559 memetipsum.
1160 1535 1174 1549 ‹‹
1190 1525 1249 1560 Ego
1264 1524 1350 1559 enim,
1370 1524 1470 1560 inquit,
1493 1528 1521 1552 ct
1537 1525 1617 1552 Pater
1633 1525 1729 1552 venie-

929 1576 992 1596 mus
1007 1580 1019 1592 ι
1035 1569 1070 1597 ad
1087 1576 1136 1597 eos
1149 1569 1193 1604 qui
1205 1568 1365 1597 custodiunt
1375 1577 1516 1597 sermones
1531 1577 1608 1596 meos
1624 1579 1629 1596 :
1646 1573 1730 1605 atque

929 1613 966 1641 ita
983 1620 1038 1640 non
1060 1613 1088 1641 in
1102 1613 1219 1641 somniis
1236 1612 1477 1642 manifestabimur
1499 1613 1587 1646 vobis,
1603 1613 1650 1641 sed
1666 1613 1729 1649 quia

926 1665 990 1685 cum
1007 1659 1085 1686 Patre
1100 1663 1232 1686 venturus
1243 1666 1318 1692 sum,
1333 1662 1364 1686 ut
1379 1666 1428 1694 par
1448 1662 1491 1686 est
1507 1660 1616 1686 Patrem
1639 1658 1728 1686 mani-

929 1701 1034 1736 festari,
1049 1703 1086 1730 ita
1107 1702 1155 1730 ﬁet
1179 1706 1207 1730 et
1221 1710 1282 1730 mea
1298 1702 1485 1731 manifestatio
1498 1711 1553 1739 qua
1573 1703 1648 1731 vobis
1667 1711 1729 1732 ma—

929 1746 1084 1775 nifestabor.
1098 1749 1134 1775 At
1148 1747 1278 1780 dicendo,
1296 1759 1308 1771 ι
1324 1747 1497 1775 Mansionem
1518 1748 1589 1784 apud
1604 1756 1667 1776 eum
1687 1747 1729 1776 fa-

928 1791 1041 1825 ciemus,
1066 1802 1080 1816 ι
1107 1791 1242 1819 subvertit
1259 1791 1339 1819 Judas
1353 1792 1547 1828 suspicionem.
1567 1794 1629 1820 Non
1652 1793 1728 1821 enim

927 1836 1036 1863 somnia
1046 1840 1169 1869 manent,
1185 1836 1283 1872 inquit.
1300 1837 1357 1871 Ego
1366 1841 1460 1864 autem
1474 1844 1537 1864 cum
1550 1836 1726 1871 manifestor,

928 1887 1029 1908 maneo
1041 1887 1105 1908 cum
1119 1881 1199 1907 Patre
1221 1889 1227 1908 :
1242 1888 1297 1907 non
1313 1880 1396 1915 igitur
1408 1881 1484 1916 quasi
1498 1881 1525 1908 in
1554 1881 1662 1909 somnio
1677 1881 1730 1910 erit

928 1924 1047 1952 visitatio
1064 1932 1132 1952 mea.
1148 1924 1274 1952 Prtedicit
1290 1928 1383 1952 autem
1411 1925 1451 1952 eis
1472 1927 1513 1958 (ut
1526 1924 1594 1957 dixi)
1615 1933 1644 1952 se
1666 1933 1727 1954 ma~

927 1968 1127 2001 nifestandum,
1143 1973 1223 1997 utne
1248 1969 1410 2005 phantasma
1436 1969 1527 2004 ipsum
1552 1973 1649 2005 putent
1674 1979 1681 1997 :
1701 1974 1729 1998 et

927 2014 1039 2041 interim
1052 2014 1214 2042 exhortatur
1228 2021 1276 2042 eos
1292 2014 1326 2041 ad
1340 2013 1506 2042 servandum
1523 2013 1651 2042 mandata
1665 2021 1727 2048 sua,

926 2058 1040 2087 scientes
1073 2058 1147 2094 quod
1181 2058 1351 2086 servantibus
1371 2059 1416 2086 illa
1448 2058 1667 2087 manifestandus
1692 2059 1729 2087 sit

927 2102 983 2138 ipse
997 2107 1024 2130 et
1042 2104 1130 2130 Pater.
1147 2103 1192 2131 Sic
1207 2111 1315 2139 quoque
1329 2103 1363 2130 ab
1375 2111 1408 2131 eo
1418 2103 1465 2138 qui
1478 2111 1533 2131 non
1545 2107 1636 2131 servat
1646 2110 1726 2131 man-

925 2148 999 2181 data,
1012 2147 1127 2176 discedit
1141 2152 1167 2175 et
1182 2148 1238 2184 ipse
1253 2152 1280 2175 et
1303 2149 1393 2182 Pater,
1411 2151 1542 2183 tanquam
1558 2156 1572 2175 δ
1588 2155 1646 2175 non
1661 2148 1725 2176 dili-

927 2196 1017 2228 gente.
1034 2204 1046 2216 α
1063 2193 1134 2220 Nam
1154 2193 1199 2228 qui
1216 2201 1270 2220 non
1286 2192 1373 2227 diligit
1396 2200 1451 2225 me,
1468 2192 1569 2228 inquit,
1585 2200 1727 2221 sermones

928 2244 1004 2265 meos
1019 2245 1074 2265 non
1086 2241 1188 2269 servat,
1207 2249 1219 2261 υ
1234 2241 1315 2272 atque
1331 2238 1367 2264 ita
1383 2244 1471 2272 neque
1492 2238 1604 2264 Patrcm
1625 2237 1728 2273 diligit,

927 2281 973 2317 qui
989 2289 1044 2309 non
1059 2281 1147 2317 diligit
1169 2281 1276 2309 Filium.
1299 2282 1371 2309 Nam
1394 2289 1486 2309 sermo
1501 2281 1571 2315 Filii,
1587 2285 1615 2309 et
1636 2282 1727 2310 Patris

929 2330 977 2354 est.
991 2327 1045 2361 Qui
1059 2326 1140 2362 igitur
1154 2334 1211 2354 non
1229 2326 1350 2354 custodit
1361 2334 1518 2354 sermonem
1537 2326 1609 2359 Filii,
1621 2327 1661 2354 vel
1675 2328 1727 2354 Pa-

930 2371 994 2404 tris;
1010 2371 1080 2398 sicut
1101 2371 1158 2399 odit
1174 2370 1282 2404 Filium,
1303 2370 1341 2398 ita
1361 2375 1387 2398 et
1412 2372 1528 2399 Patrem.
1558 2371 1614 2399 Vos
1634 2371 1727 2407 igitur,

927 2415 1060 2451 discipuli,
1077 2415 1212 2443 custodite
1223 2423 1364 2443 sermones
1374 2423 1459 2444 meos.
1471 2417 1510 2443 lta
1521 2415 1596 2444 enim
1604 2416 1725 2445 declara-

928 2460 989 2487 bitis
1006 2460 1179 2488 dilectionem
1195 2464 1253 2487 tam
1272 2467 1335 2495 erga
1356 2468 1409 2494 me,
1425 2467 1509 2496 quam
1527 2468 1591 2496 erga
1605 2461 1724 2490 Patrem.

926 2504 1044 2540 Quidam
1064 2509 1156 2533 autem
1179 2503 1278 2532 dicunt
1301 2505 1401 2532 Judam
1428 2505 1592 2540 discipulum
1617 2513 1673 2533 non
1694 2513 1726 2534 ex

926 2549 1087 2583 formidine,
1101 2549 1159 2584 (sed
1181 2549 1350 2577 misericordi
1365 2554 1456 2577 mente
1471 2549 1570 2578 dixisse
1587 2560 1592 2578 :
1609 2561 1621 2574 ι
1637 2551 1728 2585 Quare

926 2593 1151 2622 manifestaturus
1163 2601 1192 2622 es
1215 2598 1241 2622 te
1256 2594 1345 2628 nobis,
1362 2598 1389 2622 et
1403 2602 1458 2622 non
1480 2594 1602 2622 mundo?
1619 2606 1631 2619 υ
1649 2593 1725 2621 Volc-

926 2637 973 2666 bat
990 2639 1062 2666 enim
1076 2646 1133 2666 non
1147 2638 1222 2667 solos
1236 2637 1396 2675 discipulos,
1420 2639 1467 2667 sed
1484 2643 1511 2667 et
1532 2642 1621 2666 totum
1643 2646 1725 2666 mun-

925 2683 992 2712 dum
1002 2683 1150 2712 utilitatem
1162 2691 1194 2711 ex
1204 2683 1425 2712 manifestatione
1443 2683 1501 2720 ejus
1516 2683 1667 2719 percipere.
1689 2683 1727 2708 At

926 2727 1049 2756 Salvator
1063 2728 1183 2756 ostendit
1197 2735 1251 2756 uon
1265 2736 1363 2756 omnes
1377 2728 1442 2755 talia
1462 2727 1602 2762 consequi,
1615 2725 1663 2754 sed
1673 2733 1725 2753 nos

925 2772 1058 2801 duntaxat
1068 2772 1114 2809 qui
1128 2772 1257 2801 mandata
1272 2773 1344 2801 illius
1361 2779 1511 2806 servamus,
1530 2771 1606 2808 digni
1621 2769 1726 2799 videbi-
