1922 3077
172 213 222 240 187

169 282 233 302 mur
246 273 332 310 ipsius
342 272 564 302 manifestatione
572 271 712 308 Patrisque
724 271 878 300 dilectione.
889 272 920 300 In
931 279 964 300 eo

169 323 260 348 autem
281 319 326 355 qui
349 317 470 346 custodit
484 317 626 350 mandata,
641 321 683 345 est
700 319 771 344 Deus
792 321 821 344 et
835 318 924 351 Pater,
940 321 967 345 et
979 310 988 317 ’

170 371 226 392 non
237 363 310 391 sicut
327 363 356 390 in
370 363 440 391 Filio
450 383 457 396 ,
468 363 505 391 ita
519 367 547 390 et
561 362 588 390 in
601 362 661 390 hoc.
673 363 705 389 In
716 362 787 390 Filio
799 362 909 397 quidem
922 370 968 389 na-

169 412 229 436 tura
248 411 300 441 est,
316 408 345 436 in
367 407 479 436 homine
492 412 584 436 autem
606 406 756 435 secundum
777 406 966 435 habitudinem

170 452 330 489 quamdam.

205 588 289 616 Vens.
302 590 348 621 25,
364 590 406 614 26.
430 597 445 613 ((
460 587 527 614 Haec
540 586 648 614 locutus
660 594 722 614 sum
742 586 817 614 vobis
832 586 905 622 apud
918 593 967 614 vos

172 640 289 661 manens
312 641 319 660 :
343 631 499 660 Paraeletus
524 635 617 659 autem
640 631 695 664 ille,
719 631 764 667 qui
785 635 827 659 est
851 631 984 667 Spiritus.

169 682 289 711 sanctus,
304 685 386 713 quem
400 677 492 704 mittet
505 677 586 704 Pater
600 676 628 703 in
645 676 754 703 nomine
772 684 844 709 meo,
858 676 903 703 ille
919 683 967 704 vos

170 721 281 750 docebit
297 721 402 755 omnia,
418 724 445 749 et
457 725 585 756 suggeret
596 720 671 748 vobis
686 720 780 748 omnia
795 728 966 756 quiscunque

169 766 227 794 dixi
244 766 330 794 vobis.
344 777 356 790 ιι
376 766 514 800 Quoniam
529 765 643 793 obscura
665 770 741 793 erant
755 765 891 801 discipulis
905 773 967 801 qua:

170 820 185 839 a
199 811 320 839 Domino
335 810 508 844 dicebantur,
523 814 550 838 et
563 811 615 838 alia
635 810 747 846 quidem
764 818 820 837 non
836 810 966 846 intellige-

171 856 248 889 bant,
263 859 290 883 et
302 855 335 883 de
349 855 410 883 aliis
422 855 543 882 multum
563 854 725 882 dubitabant
747 865 753 882 :
770 859 800 882 ut
817 862 851 882 ne
867 854 966 882 iterum

169 901 338 935 interrogent
352 907 415 927 eum
437 904 465 927 et
485 899 603 927 dicant:
625 901 692 935 Quze
707 899 836 927 mandata
859 907 967 927 servare

169 945 317 974 debemus?
332 944 431 972 liberat
442 952 489 972 eos
503 952 518 972 a
532 944 700 977 turbatione,
715 944 809 971 dicens
822 953 828 971 :
843 944 966 971 Paracle-

167 994 212 1018 tus
226 989 343 1017 obscura
357 993 383 1017 et
397 989 536 1017 intellectu
552 988 683 1022 dil'licilia,
697 988 805 1024 cognita
828 988 904 1016 vobis
923 987 963 1016 fa-

168 1034 231 1062 ciet.
253 1035 324 1062 Nam
348 1044 362 1058 ι
387 1033 447 1061 haec
462 1045 475 1057 ιι
496 1040 558 1068 qua:
581 1033 657 1060 vobis
687 1033 813 1060 videntur
836 1033 964 1068 obscura,

171 1078 253 1114 707
269 1078 336 1106 dixit
348 1085 414 1106 cum
428 1089 440 1102 ι
457 1085 600 1106 manerem
611 1081 639 1105 et
648 1085 736 1105 essem
750 1077 823 1113 apud
836 1085 894 1106 vos.
908 1089 921 1102 ιι
935 1078 964 1105 Si

168 1127 262 1152 autem
276 1123 381 1157 abiero,
395 1123 429 1151 de
439 1123 568 1150 omnibus
581 1122 754 1150 docebimiui.
766 1122 853 1158 Igitur
863 1122 898 1150 de
910 1122 964 1150 dis-

169 1175 247 1196 cessu
264 1175 327 1196 meo
347 1175 405 1196 non
423 1171 533 1203 oportet
548 1175 596 1195 vos
619 1175 679 1195 esse
698 1167 800 1200 tristes,
825 1166 872 1203 qui
890 1171 966 1196 tanta

169 1212 246 1241 vobis
258 1212 329 1241 bona
353 1216 515 1248 tantamque
532 1211 694 1248 sapientiam
716 1210 823 1240 afferet.
839 1211 966 1247 Quandiu

169 1257 242 1286 enim
259 1265 310 1294 ego
330 1256 404 1293 apud
423 1265 471 1285 vos
493 1264 602 1289 maneo,
626 1260 653 1284 et
669 1256 787 1292 Spiritus
810 1264 866 1284 non
880 1256 965 1291 venit,

168 1302 235 1330 nihil
264 1310 394 1338 maguum
414 1309 502 1338 neque
527 1301 645 1329 sublime
672 1301 823 1337 intelligere
842 1301 965 1337 potestis.

169 1347 289 1376 Subinde
304 1351 394 1375 autem
410 1347 583 1375 Paracletum
603 1346 737 1380 nominat,
754 1349 866 1382 propter
878 1346 966 1374 conti-

168 1399 240 1420 nuas
253 1393 378 1428 ipsorum
404 1391 576 1423 alﬂictioues,
601 1390 675 1418 bono
706 1390 770 1418 illos
791 1389 885 1418 animo
908 1398 968 1419 esse

168 1435 281 1470 faciens,
295 1436 369 1472 quod
382 1436 416 1464 ab
429 1436 476 1464 illo
490 1435 658 1463 rel'ocillandi
669 1439 771 1462 essent.
783 1435 864 1470 Quod
874 1439 968 1463 autem

169 1480 247 1515 dicit,
263 1492 277 1506 α
301 1482 333 1508 In
347 1480 461 1508 nomine
475 1488 538 1508 meo
563 1491 575 1504 ιι
611 1480 701 1507 veniet
724 1490 736 1503 ιι
760 1480 928 1512 Paracletus,
954 1491 966 1504 ιι

169 1525 223 1553 hoc
236 1526 304 1558 vult,
318 1525 393 1562 quod
406 1524 479 1552 Nihil
494 1524 614 1552 alienum
623 1532 639 1552 a
655 1532 698 1551 me
710 1523 841 1552 docturus
856 1528 898 1552 est
907 1531 967 1558 vos,

169 1577 258 1606 neque
273 1570 412 1605 propriam
427 1569 541 1605 gloriam
555 1569 607 1596 sibi
626 1568 792 1602 vindicabit;
807 1569 855 1597 sed
875 1569 903 1596 in
918 1577 968 1596 no-

171 1614 246 1642 mine
262 1622 323 1642 meo
339 1614 436 1648 veniet,
453 1614 506 1641 hoc
524 1618 575 1648 est.
591 1613 619 1641 in
631 1613 748 1649 gloriam
766 1614 821 1641 mei
836 1613 968 1647 nominis.

171 1666 227 1686 non
241 1659 283 1687 sui
300 1669 307 1688 :
329 1659 356 1687 id
370 1659 445 1695 quod
460 1658 563 1686 faciunt
577 1658 715 1686 contraria
729 1658 870 1692 docentes,
890 1658 970 1686 audi-

172 1703 277 1731 toribus
290 1704 347 1731 suis
362 1703 504 1740 proprium
522 1711 626 1731 nomen
650 1703 884 1731 commendantes.
902 1703 970 1739 Qui—

171 1748 333 1776 damautem
341 1748 548 1784 sicintelligunt,
558 1759 571 1772 α
582 1749 612 1776 In
622 1748 734 1776 nomine
745 1756 807 1776 meo
819 1756 826 1775 :
838 1759 852 1773 ιι
861 1749 970 1776 Nomen

171 1793 285 1828 Christi,
295 1793 457 1821 Paracletus.
471 1794 612 1821 Habemus
629 1793 713 1824 enim.
730 1793 829 1829 inquit.
843 1792 968 1820 Paracle-

171 1842 233 1866 tum
246 1839 341 1866 Jesum
356 1838 505 1867 Christum.
522 1838 591 1873 Quia
607 1838 690 1874 igitur
704 1842 731 1865 et
742 1838 856 1874 Spiritus
870 1838 916 1874 qui
927 1845 970 1866 ve-

171 1883 212 1911 nit
232 1883 266 1912 ad
285 1884 441 1920 discipulos,
468 1883 625 1911 Paracletus
646 1882 733 1911 iactus
754 1887 803 1917 est,
827 1882 970 1911 mmstitias

171 1928 279 1956 illorum
294 1929 497 1961 consolaturus,
525 1928 552 1955 in
575 1928 686 1956 nomine
706 1928 806 1956 Christi
820 1928 901 1955 venit.
919 1928 970 1955 Pa-

170 1974 287 2001 racletus
298 1974 373 2001 enim
386 1977 414 2001 et
423 1975 481 2009 ipse
491 1973 562 2001 sicut
574 1973 710 2001 Christus.
726 1972 779 2000 Sed
789 1977 816 2000 et
829 1972 969 2000 Christum

171 2019 272 2046 Paulus
283 2018 436 2046 nominavit
450 2018 591 2053 Spiritum,
604 2017 670 2044 dum
684 2017 761 2050 dicit,
781 2029 793 2041 ι
810 2018 866 2045 Vos
879 2021 970 2044 autem

173 2070 230 2090 non
253 2063 318 2090 estis
331 2063 358 2090 in
373 2070 465 2095 carne,
482 2062 528 2089 sed
543 2062 573 2088 in
593 2062 706 2096 Spiritu.
722 2061 745 2088 si
759 2061 869 2096 quidem
884 2060 969 2096 Spiri-

173 2110 218 2134 tus
243 2107 293 2134 Dei
316 2106 420 2134 habitat
441 2106 470 2134 in
492 2106 578 2134 vobis.
601 2106 629 2133 Si
644 2110 735 2133 autem
757 2106 818 2140 quis
839 2105 970 2140 Spiritum

174 2151 274 2179 Christi
289 2159 343 2178 nou
367 2150 458 2183 habet,
482 2150 527 2178 hic
551 2158 608 2177 non
632 2155 673 2178 est
695 2150 752 2185 ejus
771 2149 804 2177 ⁵⁷.
824 2161 837 2174 ιι
866 2149 971 2178 Deinde

173 2196 266 2224 subdit
278 2205 284 2224 :
299 2206 313 2220 ιι
326 2196 354 2223 Si
372 2200 464 2223 autem
474 2194 600 2223 Christus
613 2195 639 2222 iu
652 2195 728 2222 vobis
738 2195 771 2221 ⁵⁸.
787 2206 800 2219 ιι
814 2195 897 2222 Vides
908 2202 972 2231 quo-

980 968 1003 1000 Β

985 1622 1006 1654 C

675 209 933 237 THEOPHYLACTI
955 209 1134 237 BULGARME
1153 208 1310 237 ARCHIEP.

1766 205 1817 233 188

984 286 1005 318 Α
1023 272 1052 300 οὔ
1070 271 1166 306 πάντες
1181 271 1365 306 καταξιοῦνται
1386 272 1439 301 τῶν
1451 269 1592 307 τοιούτων,
1609 269 1678 299 ἀλλὰ
1703 269 1779 308 μόνοι
1793 269 1820 298 οἱ

1022 317 1200 357 φυλάσσοντες
1213 318 1293 346 αὐτοῦ
1306 315 1354 350 τὰς
1374 316 1496 355 ἐντολὰς,
1518 315 1586 349 ἄξιοι
1599 315 1757 355 γενήσονται
1770 315 1820 349 τῆς

1021 373 1049 390 τε
1074 363 1153 391 αὐτοῦ
1176 361 1343 402 ἐπιφανείας,
1364 360 1410 390 καὶ
1434 362 1480 396 τῆς
1494 362 1540 390 τοῦ
1565 360 1672 399 Πατρὸς
1698 359 1817 396 ἀγάπης.

1021 406 1068 437 Ἐν
1093 405 1144 446 γὰρ
1165 408 1202 446 τῷ
1227 406 1389 446 φυλάσσοντι
1412 404 1458 438 τὰς
1484 404 1609 441 ἐντολὰς,
1626 404 1698 434 ἔστιν
1719 405 1734 432 ὁ
1749 403 1822 436 Θεὸς

1020 451 1066 481 καὶ
1084 451 1188 490 Πατήρ·
1203 452 1263 481 ἀλλ’
1278 452 1328 491 οὐχ
1343 450 1433 490 ὥσπερ
1451 451 1477 479 ἐν
1493 451 1531 489 τῷ
1550 450 1625 490 Υῐῷ,
1645 449 1713 479 οὕτω
1728 448 1776 478 καὶ
1793 449 1822 477 ἐν

1021 495 1112 537 τούτῳ*
1128 497 1153 525 ἐν
1166 498 1204 537 τῷ
1227 496 1284 536 Υἷῷ
1299 496 1347 535 μὲν
1363 497 1413 536 γὰρ
1430 496 1562 536 φυσικῶς,
1584 496 1611 524 ἐν
1628 495 1666 535 τῷ
1687 493 1822 535 ἀνθρώπῳ

1021 541 1048 570 δὲ
1065 543 1203 580 σλετικῶς.

1062 600 1073 612 ιι
1089 587 1184 616 Ταῦτα
1200 585 1337 621 λελάληκα
1359 585 1438 623 ὑμῖν,
1463 586 1527 625 παρ’
1553 585 1614 623 ὑμῖν
1639 583 1736 622 μένων·
1751 585 1765 613 ὃ
1793 582 1823 612 δὶ

1022 632 1198 670 Παράκλητος
1215 631 1245 660 τὸ
1266 632 1379 668 Πνεῦμα
1399 629 1430 659 τὸ
1445 629 1519 669 ἅγιον
1532 652 1539 667 ,
1556 629 1570 658 δ
1583 629 1685 668 πέμψει
1696 629 1710 657 ὁ
1724 627 1823 668 Πατὴρ

1021 676 1046 704 ἔν
1062 677 1101 715 τῷ
1126 675 1237 714 ὀνόματί
1255 687 1322 714 μου,
1338 675 1436 708 ἐκεῖνος
1455 677 1524 713 ὑμᾶς
1546 674 1643 708 διδάξει
1657 673 1758 711 πάντα,
1774 672 1824 702 καὶ

1020 720 1167 758 ὑπομνήσει
1197 722 1265 759 ὑμᾶς
1293 720 1381 749 πάντα
1410 719 1428 749 ἃ
1457 715 1529 748 εἷπον
1557 721 1632 758 ὑμῖν.
1658 732 1670 745 ι
1707 717 1823 753 Ἐπειδὴ

1021 766 1112 805 ἀσαφῆ
1128 765 1181 798 τοῖς
1203 767 1334 803 μαθηταῖς
1349 760 1418 800 ἦσαν
1443 764 1477 793 τὰ
1504 764 1555 794 ὑπὸ
1581 766 1627 793 τοῦ
1644 762 1747 801 Κυρίου
1770 763 1824 792 λε-

1019 809 1134 847 γόμενα,
1151 809 1198 839 καὶ
1216 809 1249 839 τὰ
1263 810 1310 847 μὲν
1324 808 1382 838 οὐδὲ
1398 808 1537 845 συνίεσαν,
1555 808 1589 838 τὰ
1606 807 1634 838 δὲ
1649 807 1758 837 πλείονα
1771 809 1820 836 καὶ

1021 854 1204 895 ἀμφέϐαλλογ
1221 853 1265 884 ἵνα
1289 856 1326 892 μὴ
1343 854 1422 883 πάλιν
1446 854 1578 893 ἐρωτῶσιν
1594 853 1689 888 αὐτὸν,
1709 852 1755 881 καὶ
1773 851 1820 881 λέ-

1018 910 1094 938 γωσι·
1109 899 1193 933 Ποίας
1214 898 1320 932 ἐντολὰς
1341 899 1479 938 ὀφείλομεν
1500 898 1660 938 puluis-raw;
1678 896 1823 926 ἀπαλλάτ-

1019 955 1057 973 τει
1080 943 1173 977 αὖτοὺς
1197 943 1334 983 ὁχλήσεων
1358 942 1404 972 καὶ
1428 945 1562 982 ταραχῆς,
1589 942 1693 981 λέγων,
1717 941 1758 971 ὅτι
1783 940 1819 971 (Ο

1020 988 1212 1028 Παράκλητος,
1225 987 1258 1017 τὰ
1275 989 1365 1027 ἀσαφῆ
1380 987 1426 1017 καὶ
1440 988 1585 1024 δυσνόητα,
1604 986 1741 1026 εὔγνωστα
1756 987 1820 1024 ὑμῖν

1019 1033 1194 1068 καταστήσει.
1218 1047 1230 1060 ιι
1246 1034 1338 1063 Ταῦτα
1354 1046 1365 1058 ιι
1393 1031 1440 1070 μὲν
1457 1027 1501 1062 οῦν
1523 1031 1558 1061 τὰ
1572 1032 1664 1072 ἀσαφῆ
1689 1032 1820 1061 δοκοῦντα

1019 1078 1097 1116 ὑμῖν,
1113 1091 1125 1104 ι
1140 1077 1277 1113 λελάληκα
1287 1100 1294 1113 ,
1307 1078 1371 1118 παρ’
1387 1079 1448 1115 ὑμῖν
1465 1077 1551 1116 μένων
1561 1098 1569 1114 ,
1584 1089 1596 1103 ιι
1611 1076 1655 1105 καὶ
1671 1077 1729 1115 μεθ’
1743 1077 1822 1114 ὑμῶν

1021 1122 1065 1152 ὤν’
1083 1122 1127 1152 ἐὰν
1143 1123 1168 1152 δὲ
1183 1122 1365 1160 ἀποδημήσω,
1381 1123 1471 1152 πάντα
1486 1121 1688 1162 διδαχθήσεσϐε.
1705 1121 1747 1151 Οὖ
1760 1120 1820 1150 τοί-

1020 1179 1064 1196 νυν
1079 1167 1132 1206 χρὴ
1148 1168 1215 1206 ὑμᾶς
1229 1168 1369 1196 λυπεῖσθαι
1391 1166 1436 1197 ἐπὶ
1452 1169 1485 1207 τῇ
1501 1166 1670 1206 ἀναχωρήσει
1689 1177 1759 1204 μου,
1775 1177 1823 1195 το-

1022 1211 1123 1242 σούτων
1148 1213 1255 1251 ἀγαθῶν
1282 1211 1400 1251 προξένῳ
1426 1211 1538 1250 ἕσομένῃ
1561 1211 1607 1240 καὶ
1621 1210 1753 1247 τοσαύτης
1773 1222 1823 1240 σο-

1022 1257 1092 1297 φίας.
1110 1255 1185 1290 σΕως
1201 1252 1231 1286 οὗ
1254 1258 1306 1296 γὰρ
1332 1257 1410 1290 αὐτὸς
1426 1256 1493 1296 παρ’
1523 1258 1584 1294 ὑμῖν
1607 1255 1694 1292 μένω,
1717 1255 1763 1284 καὶ
1790 1255 1823 1285 τὸ

1023 1302 1136 1340 Πνεῦμα
1153 1301 1191 1339 μὴ
1211 1301 1340 1341 ἔρχηται,
1364 1300 1438 1330 οὐδὲν
1465 1300 1549 1340 μέγα,
1571 1300 1630 1330 οὐδὲ
1651 1299 1752 1340 ὑψηλὸν
1772 1301 1819 1329 ἐν-

1022 1348 1115 1382 νοῆσαι
1128 1346 1282 1382 δυνήσεσθε.
1300 1347 1423 1385 Συνεχῶς
1439 1345 1466 1375 δὲ
1485 1344 1666 1385 Παράκλητον
1681 1344 1820 1382 ὀνομάζει,

1023 1390 1066 1420 διὰ
1081 1390 1126 1424 τὰς
1138 1391 1299 1430 συνεχούσας
1323 1390 1415 1423 αὖτοὺς
1440 1391 1555 1431 θλίψεις,
1572 1389 1711 1423 εὐέλπιδας
1726 1389 1824 1423 αὐτοὺς

1022 1436 1165 1464 ποιῶν¹ὡ
1202 1435 1283 1463 ⁸’ἐ
1319 1434 1325 1445 ¹
1434 1446 1436 1449 ι
1572 1433 1579 1444 ¹
1739 1434 1790 1444 ’⁵

1106 1457 1120 1474 λ,
1168 1447 1179 1468 ς
1201 1447 1237 1464 υπ
1285 1446 1371 1464 κεινου
1396 1436 1684 1475 ψυέαγωγηθησονται.
1711 1435 1751 1464 To
1775 1434 1822 1471 οὲ,

1023 1493 1035 1506 ε
1049 1479 1095 1509 Ἐν
1114 1481 1151 1519 τῷ
1170 1480 1281 1518 ὀνοματί
1297 1491 1347 1516 μου
1362 1480 1520 1509 »ἐλεύσεται
1534 1492 1546 1505 ι
1566 1480 1579 1508 δ
1594 1479 1771 1518 Παράκλητος
1783 1501 1792 1515 ,
1810 1492 1822 1505 ι

1024 1526 1098 1554 τοῦτο
1114 1525 1209 1560 δηλοῖ,
1225 1523 1264 1553 ὅτι
1287 1523 1371 1554 Οὖόὲν
1388 1523 1524 1564 ἀλλότριον
1539 1525 1604 1562 ἐμοῦ
1618 1523 1715 1557 διδάξει
1738 1525 1821 1561 ὑμᾶς,

1023 1569 1096 1598 οὐδὲν
1120 1569 1219 1598 οἰκείαν
1236 1568 1311 1603 δόξαν
1327 1568 1523 1609 σςρετερίσεται,
1538 1569 1598 1597 ἀλλ’
1609 1569 1636 1596 ἐν
1656 1570 1695 1608 τῷ
1710 1568 1823 1606 ὀνόματι

1022 1615 1059 1654 τῷ
1075 1615 1130 1653 ἐμῷ
1147 1613 1223 1649 ἥξει,
1249 1613 1383 1643 τουτέστιν
1394 1635 1402 1651 ,
1424 1614 1460 1646 εἷς
1478 1613 1554 1646 δόξαν
1573 1615 1620 1642 τοῦ
1636 1614 1702 1650 ἐμοῦ
1720 1613 1826 1651 ὀνόμα-

1022 1669 1065 1691 τος
1075 1679 1083 1694 ,
1099 1658 1160 1697 οὐχὶ
1183 1660 1229 1687 τοῦ
1245 1658 1310 1688 ἰδίου
1320 1682 1326 1693 ,
1341 1657 1355 1686 ὃ
1370 1661 1488 1688 ποιοῦσιν
1504 1659 1528 1687 οἱ
1541 1658 1769 1692 ἀντιδιδάσκοντες
1786 1659 1826 1692 εἷς

1023 1703 1088 1732 ἴδιον
1111 1702 1210 1741 ὄνομα,
1238 1701 1296 1735 τοὺς
1316 1702 1579 1738 ἐπακολουθήσαντας
1605 1703 1693 1735 αὖτοῖς
1720 1703 1824 1742 ἐπαγό-

1024 1758 1109 1786 μενοι.
1126 1747 1203 1780 Τινὲς
1218 1746 1246 1776 δὲ
1260 1747 1304 1781 τὸ,
1317 1760 1328 1773 α
1346 1748 1372 1776 ἐν
1394 1748 1432 1788 τῷ
1453 1746 1563 1785 ὀνόματί
1581 1758 1648 1785 μου,
1670 1761 1682 1773 ιι
1697 1746 1766 1776 οὕτω
1779 1759 1824 1778 νο·

1023 1795 1108 1821 οῦσιν·
1124 1790 1233 1829 Ὄνομα
1248 1795 1293 1822 τοῦ
1307 1793 1426 1832 Χριστοῦ
1438 1814 1446 1828 ,
1463 1792 1510 1827 τὸ,
1529 1791 1717 1831 Παράκλητος.
1734 1790 1824 1832 Ἔχο-

1024 1848 1071 1875 μεν
1084 1836 1146 1876 γὰρ,
1169 1837 1252 1876 φησὶ,
1270 1837 1447 1876 Παράκλητον
1469 1835 1575 1872 Ἰησοῦν
1588 1835 1716 1876 Χριστόν.
1739 1835 1822 1866 Ἐπεὶ

1023 1877 1067 1910 οὖν
1082 1883 1127 1911 καὶ
1147 1880 1178 1910 τὸ
1197 1883 1305 1919 Πνεῦμα
1322 1882 1395 1910 ἐλθὸν
1411 1885 1463 1914 τοῖς
1484 1880 1616 1918 μαθηταῖς
1642 1881 1822 1920 Παράκλητον

1023 1926 1131 1965 γέγονε,
1151 1926 1199 1959 τὰς
1216 1926 1302 1959 λύπας
1327 1927 1414 1958 αὐτοῖς
1430 1925 1710 1965 παραμυθησάμενον,
1733 1928 1759 1955 ἐν
1784 1927 1824 1966 τῷ

1023 1970 1134 2008 ὀνόματι
1146 1973 1189 2000 τοῦ
1204 1971 1321 2009 Χριστοῦ
1337 1966 1410 2006 ἦλθν
1435 1970 1610 2009 Παράιιλητος
1622 1970 1673 2010 γὰρ
1686 1970 1731 1998 καὶ
1745 1970 1824 2010 αὐτὸ,

1024 2016 1059 2048 ὡς
1073 2016 1118 2043 καὶ
1131 2017 1144 2044 ὁ
1160 2014 1285 2054 Χριστός,
1310 2014 1391 2044 Ἀλλὰ
1411 2015 1457 2044 καὶ
1473 2013 1588 2054 Χριστὸν
1613 2014 1658 2043 καὶ
1682 2015 1794 2052 Πνεῦμα
1809 2017 1824 2045 ὃ

1025 2060 1133 2092 Παῦλος
1148 2060 1300 2097 ὠνόμασεν,
1318 2061 1343 2088 ἐν
1364 2054 1401 2092 οῖς
1419 2060 1499 2098 λέγει·
1517 2073 1528 2084 -
1541 2058 1635 2098 Ὑμεῖς
1653 2059 1678 2088 δὲ
1695 2059 1742 2089 οὐκ
1762 2060 1824 2090 ἐστὶ

1025 2104 1050 2132 ἐν
1066 2103 1159 2144 σαρκὶ,
1185 2103 1244 2133 ἀλλ’
1267 2105 1293 2132 ἐν
1309 2104 1461 2142 Πνεύματι,
1478 2103 1552 2144 εἴπερ
1574 2105 1685 2142 Πνεῦμα
1699 2105 1770 2134 Θεοῦ
1786 2107 1824 2134 οἶ-

1025 2152 1066 2177 κεῖ
1083 2150 1107 2177 ἐν
1121 2150 1191 2186 ὑμῖν.
1211 2149 1243 2179 Εἰ
1259 2148 1287 2177 δέ
1298 2161 1337 2182 τις
1360 2150 1471 2187 Πνεῦμα
1488 2149 1605 2188 Χριστοῦ
1622 2149 1668 2177 οὐκ
1686 2148 1761 2188 ἔχει,
1776 2144 1824 2178 οῦ-

1024 2205 1067 2226 10;
1082 2193 1128 2222 οὐκ
1145 2193 1215 2223 ἔστιν
1237 2194 1327 2224 αὐτοῦ.
1341 2207 1354 2219 ιι
1375 2189 1441 2223 Εἶτα
1457 2194 1562 2232 ἐπάγει·
1588 2205 1603 2221 ι
1621 2194 1651 2223 Εἰ
1665 2193 1691 2222 ἑὲ
1708 2195 1825 2233 Χριστὸς

1484 1256 1493 1269 θ

174 2240 259 2269 modo
273 2248 355 2277 supra
375 2240 467 2268 dicens
491 2239 622 2275 Spiritum
645 2240 693 2268 Dei
725 2239 847 2267 habitare
869 2240 897 2267 in
921 2239 966 2267 eis.

1035 2239 1051 2266 ἲν
1075 2239 1148 2275 ὑμῖν.
1165 2252 1177 2264 ιι
1204 2238 1304 2278 Ὁρᾷς,
1332 2240 1387 2272 πῶς
1412 2238 1465 2267 ἄνω
1481 2237 1562 2267 εἰπὼν
1581 2238 1627 2267 καὶ
1646 2239 1760 2277 Πνεῦμα
1777 2242 1823 2268 τοῦ

173 2286 270 2314 deinde
284 2285 379 2314 subdit
393 2295 400 2313 :
419 2297 432 2310 ι
450 2285 574 2313 Christus
595 2285 622 2312 in
635 2285 722 2318 vobis,
741 2296 754 2309 ιι
770 2284 907 2312 Christum
918 2285 970 2312 sei-

173 2330 236 2358 licet
250 2331 383 2367 Spiritum
397 2330 560 2358 nominans?
573 2329 640 2364 Quia
653 2329 734 2362 igitur
753 2330 867 2366 Spiritus
879 2329 970 2357 Chris-

175 2379 218 2403 tus
231 2375 400 2407 nominatur,
417 2375 453 2402 ita
473 2375 556 2402 debes
571 2375 723 2410 intelligere
740 2384 746 2403 :
763 2385 776 2398 ιι
801 2375 832 2402 In
857 2374 971 2402 nomine

175 2428 240 2448 meo
249 2421 337 2448 mittet
345 2427 407 2448 eum
417 2421 507 2452 Pater,
517 2431 529 2444 ιι
542 2419 594 2448 hoc
604 2423 655 2452 est,
671 2421 704 2446 Et
716 2419 773 2455 ipse
783 2419 972 2446 nominabitur

175 2465 308 2494 Christus.
323 2465 410 2501 Igitur
425 2469 451 2492 et
463 2464 579 2500 Spiritus
591 2469 700 2492 sanctus
717 2469 745 2492 et
757 2463 851 2492 docuit
863 2469 891 2492 et
907 2471 971 2500 sug-

176 2510 265 2547 gessit.
291 2509 392 2538 Docuit
410 2509 532 2546 quidem,
553 2517 722 2546 quazcuuque
736 2517 794 2537 non
814 2509 920 2537 dixerat
933 2509 972 2536 eis

175 2555 310 2588 Christus,
335 2559 430 2590 utpote
456 2558 564 2590 portare
587 2562 644 2582 non
676 2554 806 2582 valentes.
835 2553 973 2590 Suggessit

177 2608 253 2634 vero,
279 2607 449 2636 quazcunque
475 2599 580 2627 dixerat
610 2599 723 2635 quidem
751 2598 897 2632 Dominus.
923 2598 972 2627 sed

175 2645 328 2678 obscurius.
346 2645 387 2673 vel
400 2652 462 2680 quae
484 2648 596 2680 propter
618 2643 833 2672 imbecillitatem
853 2643 972 2672 rationis

176 2690 309 2720 memoria
327 2688 560 2726 comprehendere
578 2697 634 2718 non
650 2689 796 2718 valuerunt
809 2688 935 2725 apostoli.

212 2782 299 2809 Vens.
311 2783 355 2808 27.
377 2792 389 2806 ι
414 2781 512 2808 Pacem
527 2779 654 2816 relinquo
668 2779 757 2814 vobis,
773 2786 867 2815 pacem
881 2786 972 2807 meam

213 2856 235 2873 ⁸⁷
249 2858 330 2884 Rom.
347 2864 418 2892 vm,
433 2858 460 2885 9.
481 2855 503 2873 ⁵⁸
517 2855 584 2884 ibid.
602 2859 643 2884 Io.

1024 2283 1095 2312 Θεοῦ
1112 2283 1190 2312 οἰκεῖν
1215 2284 1241 2311 ἐν
1266 2283 1371 2319 αὐτοῖς,
1388 2279 1445 2312 εἶτα
1468 2283 1605 2321 ἐπήγαγε,
1630 2283 1769 2322 «Χριστὸς
1795 2285 1824 2313 ἐν

1025 2328 1101 2365 ὗμῖν;
1124 2341 1135 2352 ιι
1152 2327 1270 2368 ,Χριστὸν
1285 2329 1337 2367 γὰρ
1350 2327 1469 2364 δηλονότι
1487 2327 1518 2356 τὸ
1539 2329 1651 2365 Πνεῦμα
1673 2327 1822 2366 ὠνόμασεν.

1025 2371 1103 2402 Ἐπεὶ
1134 2367 1179 2401 οῦν
1204 2372 1234 2401 τὸ
1261 2373 1373 2410 Πνεῦμα
1400 2371 1515 2411 Χριστὸς
1543 2372 1715 2409 ὀνομάζεται,
1741 2372 1826 2406 οὕτως

1025 2416 1136 2456 ὀφείλεις
1157 2416 1224 2446 νοεῖν
1248 2417 1321 2446 αὐτό·
1350 2430 1362 2443 ιι
1377 2416 1425 2447 Ἐν
1444 2419 1483 2457 τῷ
1507 2416 1617 2454 ὀνόματί
1640 2428 1691 2454 μου
1717 2417 1822 2457 πέμψει

1026 2461 1090 2490 αὐτὸ
1110 2463 1124 2490 ὁ
1138 2462 1250 2501 Πατήρ·
1278 2475 1290 2487 ιι
1309 2462 1461 2498 τουτέστιν,
1487 2461 1527 2491 ὅτι
1548 2461 1593 2490 καὶ
1608 2461 1685 2495 αὐτὸς
1708 2462 1825 2500 Χριστὸς

1025 2506 1243 2544 ὄνομασθήσεται.
1269 2507 1307 2536 Τὸ
1329 2501 1373 2535 οὖν
1397 2506 1472 2546 ἅγιον
1497 2507 1610 2545 Πνεῦμα
1635 2506 1680 2536 καὶ
1706 2506 1823 2543 ἐδίδαξε,

1026 2550 1071 2580 καὶ
1086 2551 1250 2589 ὑπέμνησεν
1267 2550 1367 2585 ἐδίδαξε
1381 2545 1445 2589 μὲν,
1465 2550 1514 2579 ὅσα
1537 2551 1584 2580 οὖκ
1596 2545 1666 2580 εἶπεν
1681 2553 1694 2581 ὁ
1710 2552 1826 2591 Χριστὸς

1027 2595 1126 2630 αὐτοῖς,
1150 2597 1186 2628 ὡς
1208 2595 1245 2634 μὴ
1268 2595 1421 2631 δυναμένοις
1449 2595 1592 2635 βαστάσαι·
1620 2596 1755 2632 ὑπέμνησε
1781 2596 1826 2632 δὲ,

1027 2640 1076 2669 ὅσα
1089 2635 1144 2669 εἶπε
1162 2640 1209 2677 μὲν
1226 2641 1238 2669 ὁ
1252 2640 1368 2679 Κύριος,
1383 2640 1435 2669 εἴτε
1449 2640 1475 2669 δὲ
1494 2640 1526 2669 δι’
1544 2640 1671 2680 ἀσάφειαν
1681 2662 1689 2676 ,
1705 2640 1722 2675 ἢ
1738 2640 1782 2669 διὰ
1795 2640 1827 2670 τὸ

1027 2684 1105 2718 νωθὲς
1126 2687 1172 2714 τοῦ
1203 2685 1331 2724 λογισμοῦ
1354 2685 1400 2714 οὖκ
1424 2685 1593 2721 ἠδυνήθησαν
1619 2688 1766 2724 κατασχεῖν

1027 2729 1121 2769 μνήμῃ
1136 2731 1159 2758 οἱ
1175 2730 1324 2759 ἀπόστολοι.

1068 2788 1080 2802 α
1096 2774 1214 2814 Εἰρήνην
1234 2773 1332 2814 ἀφίημι
1346 2774 1423 2813 ὑμῖν,
1445 2773 1551 2815 εἰρήνην
1572 2773 1620 2810 τὴν
1641 2774 1710 2814 ἐμὴν
1726 2774 1825 2814 δίδωμι
