1922 3077
102 206 150 233 189

483 200 680 230 ENARRATIO
699 202 732 229 ΙΝ
751 201 968 230 EVANGELIUM
986 201 1136 230 JOANNIS.
1157 216 1191 222 —
1212 202 1287 229 CAP.
1309 201 1374 229 XIV.

1699 200 1751 229 l90

102 271 173 307 ὑμῖν·
188 269 219 298 οὗ
237 267 326 300 καθὼς
349 267 363 296 ὁ
388 265 487 305 κόσμος
503 266 622 304 δίδωσιν,
647 264 698 306 ἐγὼ
713 265 809 304 δίδωμι
826 265 897 300 ὑμῖν.

955 264 990 292 do
1002 265 1082 293 vobis
1099 274 1105 293 :
1120 272 1174 292 non
1190 264 1261 292 sicut
1276 263 1397 292 mundus
1410 263 1466 297 dat,
1489 271 1540 298 ego
1555 262 1590 291 do
1605 263 1694 291 vobis.
1711 263 1750 290 Ne

102 313 149 350 Μὴ
165 312 343 352 ταρασσέσθω
366 313 441 348 ὑμῶν
458 313 476 347 ἡ
500 311 612 350 καρδία,
635 311 703 349 μηδὲ
727 311 861 341 δειλιάτω.
881 322 894 338 ε

102 359 189 388 Πάλιν
217 358 243 386 ἐν
259 357 355 390 λύπαις
375 352 443 393 Ἰἦσαν
464 357 488 386 οἱ
514 356 670 391 ἀπόστολοι,
697 357 834 389 ἀκούοντες
853 358 897 385 τοῦ

104 402 201 441 Κυρίου
227 401 361 440 λέγοντος,
387 401 428 430 ὅτι
453 399 526 440 Ἐγὼ
555 400 604 438 μὲν
640 402 790 440 ἀναχωρῶ,
816 399 846 441 τὸ
871 400 898 430 δὲ

103 440 214 486 Πνεῦμα
239 446 420 476 ἐπελεύσεται.
447 446 495 476 Διὸ
521 447 589 484 ὁρῶν
614 445 640 474 ἐν
667 449 798 485 ταραχαῖς
819 440 899 474 οὖσαν

101 491 148 527 τὴν
163 492 276 532 καρδίαν
299 492 386 520 αὐτῶν
397 513 404 527 ,
427 491 472 520 καὶ
490 489 607 528 μάλιστα
623 490 666 519 διὰ
688 490 736 523 τὰς
753 490 900 529 μελλούσας

101 536 203 566 ἐπιέναι
218 538 306 569 αὐτοῖς
321 535 421 576 θλίψεις
437 535 483 565 καὶ
499 535 557 568 τοὺς
573 534 717 573 πολέμους,
739 546 753 563 (ι
769 534 899 573 Εἰρήνην,

102 583 180 620 φησιν
191 605 201 620 ,
217 581 316 621 ἀφίημι
330 582 406 618 ὑμῖν·
422 592 436 609 υ
457 583 533 609 τοῦτο
553 581 637 619 λέγων
659 581 762 613 αὐτοῖς·
778 581 814 610 Τί
831 580 899 619 βλά-

100 629 198 656 πτεσθε
213 626 264 656 ὑπὸ
289 627 336 660 τ’ἧς
359 627 406 654 τοῦ
427 625 528 663 κόσμου
544 627 683 664 ταραχῆς,
710 625 758 658 ἕως
774 624 804 654 ἃν
829 626 900 663 εἴρη-

100 670 195 706 νεύητε
211 671 277 710 πρός
292 682 338 708 με;
356 670 396 699 Οὖ
410 670 462 709 γὰρ
476 670 588 705 τοιαύτη
605 669 675 698 ἐστὶν
693 672 707 705 ἡ
728 669 781 708 ἐμὴ
797 670 899 708 εἰρήνη,

101 715 143 745 οἵα
161 718 178 751 ἦ
200 718 247 745 τοῦ
264 715 380 753 κόσμου,
395 715 526 747 πολλάκις
552 715 596 743 ἐπὶ
616 716 692 753 κακῷ
706 714 832 753 γινομένη
854 714 900 743 καὶ

103 760 227 796 ἀνόνητος
238 755 317 789 οὖσα.
335 759 407 790 Ἀλλ’
422 758 474 798 ἐγὼ
487 759 614 793 τοιαύτην
633 759 741 797 δίδωμι,
758 758 826 787 ὥστε
841 760 899 797 μετ’

102 805 226 840 ἀλλήλων
248 804 408 844 εἰρηνεύειν,
434 805 480 833 καὶ
503 803 530 833 ἓν
556 805 634 841 σῶμα
652 799 728 833 εἶναι.
757 805 845 834 Τοῦτο
873 803 899 832 δὲ

100 849 295 890 ἷσχυρωτέρους
310 850 417 878 πάντων
438 850 506 886 ὑμᾶς
526 848 707 882 καταστήσξν
735 849 785 878 κᾶν
805 849 900 878 πολλοὶ

101 895 286 923 ἐπαναστῶσιν
305 895 386 932 ὑμῖν,
401 894 475 922 οὐδὲν
491 892 611 922 πείσεσθε
623 915 631 929 ,
647 895 679 932 τῇ
699 893 836 933 ὁμοψυχία
853 893 898 923 καὶ

102 941 135 978 τῇ
154 939 214 976 μετ’
235 937 359 974 ἀλλήλων
387 938 478 978 εἰρήνῃ
503 937 690 978 φραττόμενοι.
718 933 784 967 Εἶτα
806 938 897 973 ἐπειδῆ

101 977 182 1012 πᾶλιν
206 979 295 1019 εἶπεν,
321 994 337 1012 α
364 977 491 1024 Ἇφίημι,
510 977 529 1010 ν»
551 981 616 1021 ὅπερ
640 977 672 1018 ἧν
699 984 898 1022 ἀναχωροῦντος

101 1030 146 1057 καὶ
171 1027 262 1057 ἱκανὸν
284 1027 376 1060 αὐτοὺς
398 1031 518 1067 συγχεῖν,
535 1026 642 1065 ἐπάγει·
671 1038 686 1055 ιι
704 1027 750 1061 Μὴ
768 1027 899 1066 ταρασσέ-

102 1075 156 1102 σθω
171 1074 245 1111 ὓμῶν
262 1075 279 1109 ἡ
303 1071 416 1112 καρδία,
433 1071 501 1110 μηδὲ
521 1071 654 1102 δειλιάτω.
679 1082 693 1100 ι
721 1072 761 1102 Τὸ
783 1072 831 1109 μὶν
853 1067 898 1101 οὖν

102 1117 284 1157 ταράσσεσθαι
296 1140 305 1153 ,
322 1117 375 1146 ἀπὸ
389 1116 576 1156 φιλοστοργίας
589 1116 636 1145 καὶ
650 1116 757 1155 ἀγάπης
773 1119 820 1151 τῆς
834 1118 899 1156 πρὸς

103 1162 181 1191 αὖτον
197 1161 316 1202 ἔπασχον
328 1184 336 1198 ,
358 1163 392 1194 ὡς
407 1161 548 1198 μέλλοντες
572 1161 653 1190 αὐτοῦ
675 1163 851 1201 στερηθῆναι·
871 1161 900 1191 τὸ

102 1206 130 1237 δὲ
143 1207 256 1246 δειλιᾷν,
273 1207 315 1236 διὰ
331 1206 365 1236 τὰ
380 1205 567 1244 συμϐήσεσθαι
584 1206 714 1243 μέλλοντα
728 1207 816 1239 αὐτοῖς
829 1207 900 1236 κακὰ

103 1251 172 1290 μετὰ
192 1252 236 1281 ¹τὸν
252 1252 333 1281 αὐτοῦ
347 1251 470 1280 θάνατον.
488 1251 572 1284 Αὐτὸς
584 1247 630 1280 οὖν
646 1250 704 1280 οὔτε
718 1250 768 1286 τὴν
790 1251 842 1281 ἀπὸ
859 1263 900 1292 ρι-

102 1297 256 1335 λοστοργίας
286 1296 424 1337 ταραχὴν,
452 1295 512 1326 οὔτε
541 1295 590 1331 τὴν
613 1295 657 1324 διὰ
680 1295 727 1329 τὰς
753 1296 900 1334 μελλούσας

101 1341 203 1381 θλίψεις
232 1341 331 1370 δειλίαν
357 1341 465 1382 ἀφίησιν
493 1342 580 1374 αὐτοῖς
616 1340 812 1381 ἀθεράπευτον
840 1341 898 1371 ἀλλ’

101 1386 177 1424 ὗμῶν
191 1387 210 1422 ἡ
224 1386 332 1425 καρδία,
353 1385 420 1424 μηδὲ
436 1385 571 1416 δειλιάτω.
590 1395 604 1414 ι

145 1441 162 1460 α
181 1430 342 1470 Ἠκούσατε,
358 1430 398 1460 ὅτι
424 1430 476 1469 ἐγὼ
500 1425 572 1459 εἷπον
598 1431 670 1467 ὑμῖν·
697 1428 826 1469 ’Υπάγιι›,
852 1431 898 1460 καὶ

101 1474 216 1515 ἔρχομαι
239 1475 304 1514 πρὸς
320 1477 400 1513 ὑμᾶς.
423 1476 457 1505 Εἰ
482 1473 607 1513 ἠγαπᾶτέ
633 1486 682 1512 με,
710 1475 824 1514 ἐχάρητε
850 1475 900 1512 ἂν,

102 1514 228 1550 ὅτιγεῖπον
241 1532 248 1538 ·
267 1520 416 1559 Πορεύομαι
432 1520 496 1559 πρὸς
511 1520 556 1548 τὸν
572 1519 696 1559 Πατέρα,
711 1518 750 1548 ὅτι
773 1521 787 1549 ὁ
803 1520 900 1561 Πατήρ
919 1514 942 1545 C

102 1576 154 1603 μου
172 1566 268 1602 μείζων
286 1568 337 1602 μοῦ
353 1566 421 1595 ἐστι.
450 1564 504 1595 Καὶ
518 1566 563 1593 νῦν
587 1564 681 1604 εἴρηκα
697 1565 759 1602 ὑμῖν
774 1563 836 1602 πρὶν
853 1577 898 1604 γε-

101 1608 201 1639 νέσθαι·
226 1609 270 1638 ἵνα
295 1610 357 1639 ὅταν
381 1609 505 1648 γένηται,
533 1608 705 1644 πιστεύσητε.
734 1620 749 1638 ι)
785 1609 897 1646 Ἐπειδὴ

102 1655 173 1693 ἑώρα
189 1657 203 1684 δ
228 1654 321 1694 Κύριος
345 1653 403 1687 τοὺς
419 1654 581 1687 ἀποστόλους
605 1654 668 1692 μηδ’
685 1654 751 1687 ὅλως
772 1654 832 1694 περὶ
853 1656 899 1689 τῆς

102 1699 275 1732 ἀναστάσεως
301 1699 382 1728 αὐτοῦ
410 1699 578 1734 ἐλπίζοντας,
606 1699 669 1735 μηδ’
695 1697 796 1731 εἰδότας
816 1698 898 1734 αὐτὴν

104 1743 197 1777 ἁπλῶς
219 1744 246 1772 τί
261 1745 332 1780 ἐστι,
348 1743 394 1773 καὶ
419 1743 462 1772 διὰ
477 1746 554 1772 τοῦτο
572 1742 671 1783 σίρόδρα
692 1742 896 1781 λυπουμένους,

103 1787 149 1818 καὶ
164 1787 375 1827 ταραττομένους
396 1789 430 1821 ὣς
447 1788 592 1826 μέλλοντας
618 1789 778 1826 στερηθῆναι
802 1788 898 1824 αὐτοῦ,

103 1832 312 1870 συγκαταϐαίνει
326 1832 390 1871 πρὸς
412 1833 460 1868 τὴν
474 1833 560 1861 αὐτῶν
577 1832 713 1861 ἀσθένειαν
723 1854 732 1868 ,
747 1832 793 1861 καί
810 1843 898 1872 φησιν·

105 1888 120 1906 α
136 1876 203 1907 Ὀτι
223 1877 274 1916 ἐγὼ
289 1872 363 1906 εἷπον
384 1879 459 1914 ὑμῖν,
479 1876 609 1915 ¹Υπᾶγ‹ι›,
636 1877 681 1906 καὶ
698 1876 856 1915 ἐλεύσομαι,
879 1888 894 1905 ››

101 1922 148 1952 καὶ
167 1922 240 1960 ὅμως
263 1922 301 1952 ἔτι
320 1922 466 1958 λυπεῖσθε,
494 1922 524 1951 οὗ
547 1920 597 1960 γὰρ
623 1922 743 1962 θαῤῥεῖτε
762 1921 832 1959 ἐμοὶ,
859 1920 899 1950 εἴτι

103 1966 154 1996 κᾶν
170 1967 307 2001 ἀποθάνω.
324 1966 394 2005 ὅμως
407 1968 433 1996 ἐν
443 1970 502 2000 ταῖς
517 1966 634 2006 θλίψεσιν
650 1968 724 2003 ὑμῶν
743 1968 789 1995 οὐκ
805 1965 899 2006 ἀφήσω

103 2012 184 2050 ὑμᾶς.
212 2012 269 2042 MV
286 2007 330 2041 οἷν
346 2011 524 2048 ἀκούσαντες,
544 2010 584 2040 ὅτι
603 2022 617 2040 (ι
635 2010 705 2050 Πρὸς
722 2010 763 2040 τὸν
786 2010 898 2051 Πατέρα

104 2067 155 2094 μου
169 2055 331 2095 πορεύομαι,
346 2066 360 2085 n
378 2055 407 2085 ὃν
423 2058 498 2093 ὑμεῖς
515 2055 599 2094 μέγαν
615 2056 714 2085 δοκεῖτε
729 2055 774 2084 καὶ
791 2056 897 2093 μείζονα

103 2101 186 2139 ἐμοῦ,
203 2101 321 2140 ὀφείλετε
340 2099 462 2140 χαίρειν,
476 2101 517 2129 ὅτι
532 2100 597 2139 πρὸς
617 2102 714 2130 ἐκεῖνον
737 2100 831 2138 ἄπειμι
855 2100 898 2129 τὸν

104 2144 212 2182 μείζονά
227 2157 294 2182 μου,
315 2146 360 2174 καὶ
383 2144 529 2179 δυνάμενον
553 2144 642 2174 πάντα
664 2146 743 2174 λῦσαι
766 2145 798 2174 τὰ
815 2145 897 2176 δεινά.

953 310 1078 338 turbetur
1091 318 1140 338 cor
1154 313 1286 342 vestrum,
1309 315 1397 344 neque
1411 307 1551 335 formidet.
1572 316 1586 334 ι
1604 309 1708 336 lterum
1723 307 1751 335 in

954 363 1073 383 mcerore
1101 358 1178 382 erant
1210 353 1347 389 discipuli.
1371 351 1514 380 audientes
1534 351 1685 380 Dominum
1709 351 1752 379 di-

953 404 1061 427 centem
1087 409 1094 427 2
1116 401 1175 434 Ego
1189 397 1302 434 quidem
1315 396 1436 430 discedo,
1459 396 1578 431 Spiritus
1592 400 1685 424 autem
1705 403 1752 423 ve-

954 444 1020 472 niet.
1043 444 1108 472 Ideo
1135 443 1230 471 videns
1254 442 1358 470 turbari
1377 449 1426 469 cor
1447 448 1556 474 eorum,
1581 444 1608 468 et
1633 440 1752 468 maxime

954 492 1065 525 propter
1077 488 1238 516 alﬂictiones
1254 487 1432 515 imminentes
1446 490 1473 513 et
1487 485 1648 518 certamina,
1660 484 1730 512 dixit

956 546 969 558 ι
991 535 1086 562 Pacem
1110 533 1236 568 relinquo
1251 532 1339 564 vobis,
1361 543 1374 555 ι
1391 530 1465 566 quasi
1482 530 1518 558 ita
1539 529 1634 558 dicens
1656 539 1662 558 :
1679 528 1752 564 Quid

954 582 1055 606 nocent
1068 578 1144 605 vobis
1159 577 1253 605 mundi
1269 576 1446 610 turbationes,
1458 583 1522 603 cuin
1533 582 1641 602 mecum
1657 581 1752 610 pacem

955 623 1094 651 habeatis?
1106 624 1166 651 Non
1178 622 1252 649 enim
1262 621 1323 649 talis
1336 625 1377 649 est
1393 629 1442 656 pax
1456 628 1526 652 mea,
1540 619 1629 656 qualis
1642 617 1752 652 mundi,

954 676 1016 704 qua:
1035 676 1107 703 sarpe
1123 667 1148 695 in
1167 667 1240 694 malo
1255 667 1294 700 iit,
1321 670 1349 693 et
1370 666 1449 701 plane
1463 665 1545 692 stulta
1560 668 1602 692 est
1617 673 1625 692 :
1647 663 1695 692 sed
1710 668 1750 691 ta-

955 713 1010 740 lem
1021 721 1072 749 ego
1083 713 1129 745 do,
1146 716 1176 740 ut
1189 716 1216 739 et
1226 712 1297 739 inter
1310 719 1358 738 vos
1374 718 1468 746 pacem
1481 710 1615 742 habeatis,
1627 712 1655 737 et
1664 716 1751 736 unum

955 766 1053 793 corpus
1075 757 1145 785 sitis.
1171 758 1232 784 iioc
1253 760 1344 783 autem
1368 754 1534 783 fortissimos
1557 754 1682 781 omnium
1704 761 1753 781 vos

954 802 1050 835 faciet;
1067 802 1173 830 etiamsi
1194 801 1272 828 multi
1287 804 1382 828 contra
1397 807 1445 827 vos
1464 798 1670 829 insurrexerint.
1685 797 1751 826 nihil

955 851 1046 875 tamen
1060 846 1212 882 patiemini,
1230 845 1374 873 concordia
1388 852 1506 881 paceque
1526 847 1621 871 mutua
1642 842 1751 870 muniti.

956 891 1060 920 Deinde
1086 891 1148 928 quia
1165 891 1264 918 iterum
1287 890 1372 926 708
1394 889 1472 922 dixit,
1488 901 1500 913 ι
1523 888 1673 925 Relinquo,
1694 899 1707 912 ι
1725 887 1753 915 id

915 921 937 951 Β
955 937 1028 973 quod
1047 921 1198 964 recedentis
1221 939 1279 962 erat
1291 921 1338 962 -θῖ
1346 921 1418 962 satis
1439 921 1487 961 eos
1508 921 1624 961 turbare
1635 935 1752 968 poterat,

952 981 1045 1010 subdit
1057 990 1063 1008 :
1078 993 1089 1004 -
1102 983 1142 1009 Ne
1151 981 1278 1008 turbetur
1287 987 1336 1007 cor
1346 983 1476 1011 vestrum,
1489 986 1576 1013 neque
1584 977 1722 1005 formidet.
1739 989 1752 1000 ι-

954 1026 1040 1062 lgitur
1066 1025 1248 1053 turbationem
1273 1024 1446 1060 patiebantur
1468 1031 1499 1050 ex
1522 1021 1623 1050 affectu
1651 1020 1754 1049 amoris

953 1075 980 1099 et
990 1070 1135 1099 dilectione
1147 1077 1209 1105 erga
1229 1069 1320 1103 illum,
1333 1068 1406 1104 quod
1427 1067 1474 1095 illo
1491 1066 1614 1103 privandi
1635 1070 1727 1094 essent
1743 1074 1752 1094 :

953 1115 1089 1144 timebant
1111 1119 1213 1148 autem,
1228 1122 1261 1141 eo
1281 1113 1354 1150 quod
1373 1117 1502 1140 eventura
1522 1115 1599 1139 erant
1618 1111 1668 1138 illis
1681 1110 1752 1138 mala

955 1165 1016 1197 post
1033 1164 1153 1188 mortem
1165 1160 1235 1196 ejus.
1251 1160 1310 1195 Ipse
1326 1159 1408 1194 igitur
1422 1166 1509 1193 neque
1519 1156 1704 1186 turbationem
1719 1164 1752 1184 ex

953 1213 1059 1238 amore,
1074 1212 1163 1241 neque
1174 1204 1305 1232 timorem
1321 1212 1353 1232 ex
1369 1203 1564 1231 afflictionibus
1577 1201 1680 1238 absque
1695 1209 1739 1229 me

954 1250 1089 1278 dieamine
1107 1249 1249 1285 relinquit;
1263 1248 1311 1276 sed
1333 1253 1447 1284 utraque
1463 1247 1538 1275 sedat
1550 1247 1663 1274 dicens:
1682 1257 1695 1270 α
1710 1246 1750 1273 Ne

953 1295 1079 1324 turbetur
1096 1302 1144 1322 cor
1159 1298 1289 1327 vestrum,
1306 1301 1394 1329 neque
1416 1291 1554 1321 formidet.
1576 1301 1589 1318 »

927 1341 1069 1382 ἀμφότερα
1096 1339 1287 1377 καταστέλλει,
1316 1349 1330 1368 ιι
1353 1336 1412 1376 Mhi
1439 1336 1628 1379 ταρασσέσθω,
1650 1335 1750 1376 λέγων,

989 1441 1076 1467 Vsus.
1098 1441 1144 1472 28,
1166 1440 1210 1466 29.
1228 1449 1241 1462 ι
1263 1436 1386 1466 Audistis
1409 1435 1483 1473 quod
1505 1443 1555 1472 ego
1580 1434 1636 1462 dixi
1652 1434 1750 1462 vobis:

953 1484 1031 1512 Vado
1045 1487 1073 1512 et
1085 1483 1165 1510 venio
1181 1483 1215 1510 ad
1236 1490 1295 1509 vos.
1315 1482 1341 1510 Si
1361 1480 1512 1516 diligeretis
1527 1487 1580 1512 me,
1597 1479 1753 1515 gauderetis

956 1528 1049 1564 utique
1063 1527 1136 1564 quod
1156 1527 1282 1560 dixerint,
1300 1526 1375 1554 Vado
1395 1526 1428 1554 ad
1447 1527 1565 1558 Patrem,
1590 1524 1654 1560 quia
1674 1525 1753 1552 Pater

953 1574 1042 1609 major
1064 1581 1108 1600 me
1121 1576 1171 1599 est.
1198 1573 1233 1599 Et
1249 1579 1321 1599 nunc
1345 1571 1401 1598 dixi
1422 1569 1498 1597 vobis
1519 1569 1678 1605 priusquam
1695 1567 1752 1601 fiat,

953 1622 982 1645 ut
992 1626 1055 1645 cum
1069 1617 1169 1645 factum
1182 1616 1274 1649 fuerit,
1286 1615 1412 1643 credatis.
1427 1626 1439 1639 ι
1453 1614 1522 1651 Quia
1537 1613 1606 1641 vidit
1617 1612 1753 1641 Dominus

951 1663 1089 1698 apostolos
1103 1670 1158 1690 non
1179 1661 1257 1697 plene
1277 1660 1509 1688 resurrectionem
1533 1666 1611 1686 suam
1631 1665 1741 1693 sperare

953 1715 1041 1743 neque
1056 1707 1125 1735 seire
1148 1706 1213 1742 quid
1229 1710 1309 1739 esset,
1329 1709 1356 1733 et
1380 1709 1525 1741 propterea
1541 1703 1619 1731 valde
1635 1710 1752 1730 mceret‘e

952 1756 979 1779 et
994 1751 1100 1779 turbari
1115 1754 1146 1779 ut
1165 1758 1194 1778 se
1209 1751 1364 1786 privandos,
1383 1754 1567 1784 attemperans
1587 1755 1617 1775 se
1640 1747 1750 1775 illorum

951 1795 1117 1829 infirmitati,
1141 1795 1206 1822 dicit
1226 1805 1232 1822 :
1252 1806 1264 1818 -
1281 1794 1349 1829 Quia
1370 1801 1421 1829 ego
1443 1793 1500 1821 dixi
1517 1792 1604 1826 vobis,
1620 1791 1707 1824 Vado,
1724 1795 1752 1819 et

953 1841 1054 1868 iterum
1070 1841 1188 1872 veniam,
1202 1851 1214 1863 ν
1230 1839 1320 1867 adhuc
1335 1843 1429 1866 tamen
1439 1842 1466 1865 et
1475 1837 1568 1864 tristes
1581 1836 1646 1864 estis
1662 1845 1669 1864 :
1684 1835 1750 1863 mihi

953 1885 1029 1913 enim
1049 1892 1103 1912 non
1123 1884 1218 1916 ﬁditis,
1241 1883 1315 1919 quod
1331 1882 1439 1910 etiamsi
1454 1881 1568 1913 moriar,
1584 1885 1708 1908 attamen
1724 1880 1751 1907 in

953 1929 1148 1957 afﬂictionibus
1164 1929 1261 1956 vestris
1276 1936 1330 1955 non
1345 1927 1498 1962 relinquam
1518 1933 1574 1952 vos.
1595 1926 1674 1952 Nune
1687 1932 1752 1960 ergo

953 1982 1016 2002 cum
1036 1973 1196 2002 audiveritis
1215 1972 1288 2009 quod
1309 1984 1320 1996 ιι
1340 1972 1374 2000 ad
1393 1973 1503 1999 Patrem
1520 1977 1613 1997 meum
1633 1969 1714 2003 vado,
1737 1980 1749 1993 υ

952 2019 997 2056 qui
1018 2027 1142 2055 magnus,
1161 2023 1247 2046 etme
1267 2017 1358 2053 maior
1378 2017 1456 2044 vobis
1479 2015 1598 2047 videtur,
1615 2013 1751 2042 deberetis

952 2064 1068 2099 gaudere
1084 2063 1157 2100 quod
1171 2063 1204 2091 ad
1214 2063 1290 2090 illum
1305 2070 1378 2096 eam,
1394 2061 1440 2097 qui
1453 2068 1495 2088 me
1505 2060 1604 2096 major,
1620 2063 1647 2086 et
1656 2058 1749 2086 omnia

953 2110 1019 2136 dura
1044 2109 1143 2144 poterit
1157 2107 1277 2136 auferre.
1303 2107 1386 2135 Vides
1403 2105 1627 2141 consequentiam
1642 2109 1752 2132 senten-

954 2154 1000 2182 tia:
1016 2163 1023 2180 :
1037 2153 1178 2189 quomodo
1196 2161 1259 2180 cum
1274 2152 1351 2184 dicit,
1367 2164 1378 2175 -
1396 2151 1464 2186 Quia
1479 2151 1559 2178 Pater
1574 2157 1652 2177 meus
1662 2148 1752 2184 maior

104 2189 187 2230 Ὁρᾷς
207 2190 256 2225 τὴν
272 2190 428 2219 ἀκολουθίαν
445 2192 492 2218 τοῦ
506 2189 651 2228 νοήματος,
667 2191 722 2223 πῶς
736 2189 782 2226 τὸ,
805 2200 820 2218 α
832 2188 897 2220 Ὅτι

955 2206 997 2226 me
1006 2202 1057 2232 est,
1073 2209 1086 2222 ι
1098 2202 1129 2225 ut
1140 2198 1297 2225 consoletur
1306 2195 1465 2232 discipulos,
1479 2194 1597 2222 dixerit?
1610 2195 1678 2222 Nam
1688 2192 1750 2229 quia

103 2236 116 2264 δ
133 2233 230 2274 Πατήρ
245 2245 296 2272 μου
311 2235 405 2272 μείζων
431 2236 480 2274 pob
497 2235 570 2272 ἐστι,
589 2245 602 2263 ι
621 2233 664 2264 διὰ
688 2233 718 2263 τὸ
734 2234 896 2273 παραμυθή-

105 2280 205 2308 σασθαι
219 2279 280 2312 τοὺς
306 2279 426 2318 μαθητὰς
445 2273 531 2316 εἶπεν,
551 2278 628 2309 Ἐπεὶ
650 2278 700 2318 γὰρ
717 2280 810 2308 ἐκεῖνοι
830 2281 897 2309 ἐλυ-

103 2326 201 2353 ποῦντο
210 2347 218 2362 ,
233 2325 269 2357 ὡς
281 2324 327 2353 οὖκ
340 2323 371 2353 ἂν
384 2323 562 2361 δυνησομένου
576 2326 622 2353 τοῦ
635 2324 753 2362 Χριστοῦ
766 2325 898 2362 ἐπαμῦναι

105 2367 213 2405 αὐτοὺς,
230 2368 326 2408 φησὶν,
349 2368 390 2398 ὅτι
412 2369 446 2399 Εἰ
462 2369 509 2398 καὶ
529 2367 566 2407 μὴ
590 2367 642 2406 ἐγὼ
660 2368 791 2406 δύναμαι,
807 2370 821 2397 ὁ
836 2371 898 2407 γοῦν

105 2413 202 2452 Πατήρ
225 2424 288 2451 μου,
312 2412 340 2442 ὃν
357 2413 463 2450 μείζονά
488 2425 539 2453 μου
555 2413 670 2450 δοκεῖτε,
696 2413 743 2442 οὐκ
759 2412 899 2452 ἆξιόχρεώς

102 2458 159 2486 ἐστι
175 2459 306 2497 βοηθῆσαι
319 2459 397 2496 ὑμῖν,
411 2456 521 2498 "nemp
536 2457 581 2487 καὶ
593 2459 713 2497 ἀλλαχοῦ
725 2469 799 2497 onor
818 2468 833 2486 tt
850 2459 898 2494 Μὴ

103 2502 221 2540 δοκεῖτε,
243 2501 282 2531 ὅτι
311 2503 339 2532 οὗ
364 2502 480 2541 δύναμαι
503 2503 691 2542 παρακαλέσαι
715 2502 760 2532 τὸν
789 2502 899 2543 Πατέρα

104 2558 172 2585 μου,
196 2546 243 2577 καὶ
273 2547 442 2587 παραστήσει
467 2558 512 2586 μοι
527 2547 630 2577 δώδεκα
655 2547 786 2587 λεγεῶνας
815 2547 898 2587 ἀγγέ-

103 2592 171 2629 λωνς
187 2602 203 2621 υ
222 2592 293 2622 Οὖδὲ
308 2592 359 2632 γὰρ
375 2594 504 2629 ἐνταῦθα,
528 2593 564 2626 ὡς
580 2592 720 2628 ἀδύνατος,
742 2591 819 2622 τοῦτό
835 2604 899 2632 φησι

104 2637 176 2675 (πῶς
199 2636 263 2676 γὰρ,
279 2635 308 2670 ὃς
329 2635 375 2666 καὶ
393 2637 473 2675 μόνον
499 2637 636 2678 ἐρωτήσας
662 2636 722 2671 τοὺς
738 2636 899 2675 Ἰουδαίους,

103 2681 212 2722 ἔρῤιψεν
233 2681 326 2714 αὐτοὺς
347 2681 447 2722 ἀθρόως
469 2681 571 2715 πάντας
591 2683 626 2715 εἰς
649 2682 683 2711 τὰ
703 2681 821 2722 ὀπίσιιη)
840 2681 900 2712 ἀλλ’

103 2725 196 2762 ἱπειδὴ
224 2726 285 2765 περὶ
311 2726 390 2756 αὐτοῦ
418 2728 453 2760 ὥς
477 2726 614 2767 ἀνθρώπου
643 2726 717 2762 δόξαν
743 2722 830 2766 εἶχον,
856 2726 900 2757 διὰ

100 2774 178 2800 τοῖτο
187 2770 271 2800 ταῧτοί
283 2782 372 2811 φησιν·
384 2770 464 2805 οὕτως
483 2767 528 2801 οὖν
542 2772 586 2801 καὶ
603 2771 645 2807 τὸ,
661 2783 676 2800 ι
690 2770 724 2801 Ὅ
742 2771 838 2811 Πατήρ
849 2783 898 2810 μου

102 2816 199 2854 μείζων
225 2818 275 2854 μοῦ
302 2816 369 2845 ἐστι.
390 2827 405 2846 ι)
427 2815 499 2856 Πρὸς
521 2815 573 2857 γὰρ
588 2815 636 2853 τὴν
663 2815 768 2846 ἐκείνων
784 2816 899 2847 διάνοιαν

137 2866 163 2886 ⁸⁸
177 2866 280 2895 Matth.
294 2874 382 2901 xxvr,
399 2867 476 2896 53."
488 2867 570 2896 Joan.
582 2874 673 2901 xvm,
687 2870 714 2896 6.

952 2243 991 2271 illi
1006 2242 1097 2270 tristes
1107 2246 1186 2269 erant
1197 2242 1273 2278 quasi
1288 2249 1341 2268 non
1356 2244 1447 2276 posset
1456 2239 1605 2275 eosjuvare
1616 2237 1749 2269 Christus,

955 2287 1021 2315 dicit
1058 2297 1064 2314 :
1091 2287 1221 2322 Quamvis
1243 2293 1294 2321 ego
1317 2293 1372 2313 non
1401 2291 1521 2320 possem,
1546 2283 1644 2310 saltem
1672 2283 1752 2310 Pater

953 2339 1043 2365 meus,
1058 2339 1142 2367 quem
1156 2338 1204 2359 vos
1218 2339 1264 2358 me
1278 2330 1410 2366 majorem
1426 2329 1538 2364 putatis,
1553 2334 1646 2355 nonne
1659 2330 1752 2354 tantus

953 2376 1063 2404 habitus
1077 2379 1119 2404 est
1133 2375 1179 2411 qui
1196 2375 1350 2409 vosjuvet?
1369 2374 1446 2402 Sicut
1464 2378 1492 2400 et
1503 2373 1557 2400 alio
1573 2372 1632 2400 loco
1651 2371 1720 2399 dicit
1743 2379 1749 2398 :

955 2431 968 2445 ι
993 2422 1068 2449 Num
1092 2420 1206 2456 putatis,
1233 2419 1308 2456 quod
1334 2427 1390 2446 non
1415 2418 1516 2454 possim
1542 2424 1621 2445 orare
1644 2417 1752 2444 Patrem

954 2473 1049 2493 meum
1064 2468 1092 2492 et
1113 2464 1252 2493 exhibebit
1268 2463 1334 2491 mihi
1360 2462 1504 2491 duodecim
1526 2461 1646 2497 legiones
1669 2468 1752 2496 ange-

954 2510 1045 2538 lorum
1058 2509 1114 2537 "'?
1130 2518 1144 2536 ν
1160 2510 1224 2538 Non
1241 2508 1315 2536 enim
1331 2507 1383 2536 hoc
1407 2508 1468 2536 loco
1493 2507 1571 2543 quasi
1586 2513 1642 2534 non
1656 2505 1750 2542 possit,

953 2554 1007 2583 hoc
1031 2554 1110 2588 dicit,
1125 2553 1278 2590 (quomodo
1293 2553 1378 2586 enim,
1399 2552 1444 2588 qui
1459 2552 1517 2580 sola
1538 2550 1752 2586 interrogatione

953 2599 1065 2628 Iudaeos
1075 2599 1203 2627 collectos
1214 2599 1367 2634 prostravit,
1381 2603 1508 2633 retroque
1520 2596 1616 2624 cedere
1627 2594 1692 2622 fecit
1701 2594 1753 2628 1‘9?)

954 2652 1047 2672 rerum
1069 2644 1132 2680 quia
1152 2644 1186 2671 de
1206 2651 1239 2671 eo
1255 2647 1284 2670 ut
1299 2643 1410 2670 homine
1431 2641 1570 2670 habebant
1581 2639 1752 2676 opinionem,

953 2693 1097 2725 eapropter
1122 2688 1180 2716 hinc
1194 2688 1296 2724 inquit.
1322 2690 1363 2715 Ita
1380 2687 1462 2723 igitur
1484 2690 1511 2714 et
1529 2684 1601 2713 istud
1622 2693 1628 2711 :
1644 2695 1656 2708 ι
1672 2685 1754 2711 Pater

955 2734 1042 2770 major
1059 2741 1106 2762 me
1119 2737 1170 2761 est.
1189 2744 1202 2757 ι
1219 2733 1292 2761 Dixit
1305 2732 1379 2760 enim
1395 2732 1448 2759 hoe
1468 2731 1545 2766 juxta
1565 2729 1675 2756 illorum
1687 2735 1754 2756 sen-

953 2778 1080 2813 tentiam,
1099 2777 1271 2806 credentium
1291 2777 1383 2813 ipsum
1404 2775 1514 2812 quidem
1530 2773 1684 2807 infirmum,
1700 2773 1754 2801 Pa-

953 2827 1024 2852 trem
1038 2827 1131 2851 autem
1152 2829 1234 2858 posse
1249 2822 1277 2850 in
1291 2825 1417 2858 tempore
1437 2819 1598 2848 afﬂictionis
1616 2818 1753 2847 sufﬁcere.
