1922 3077
162 178 208 207 191
657 181 914 212 THEOPHYLACTI
929 184 1108 213 BULGARIE
1126 186 1282 216 ARCHIEP.

1755 195 1810 222 192

161 252 174 266 ι
195 241 230 269 Et
240 248 313 270 nunc
327 241 384 270 dixi
398 242 476 271 vobis
487 243 646 279 priusquam
662 244 721 278 ﬁat,
733 248 765 273 ut
778 253 843 273 cum
857 245 950 274 facturr

1012 250 1088 278 τοῦτο
1104 244 1175 287 εἶπε,
1190 251 1243 279 τῶν
1265 251 1422 290 νομιζόντων
1449 252 1526 283 αὐτὸν
1555 254 1603 293 μὲν
1632 256 1746 293 ἀσθενῆ,
1761 257 1808 287 τὸν

156 285 251 320 fuerit.
262 286 390 322 credatis,
406 296 421 314 η
432 287 484 315 hoc
501 292 552 322 est,
567 290 607 316 ita
620 289 691 317 bene
701 289 768 323 ﬁdo,
784 294 956 327 mortemque

158 338 216 359 non
238 331 335 366 timeo,
353 339 443 368 neque
459 332 542 361 tristis
563 341 635 366 sum,
662 338 693 361 ut
712 338 739 362 et
762 335 909 370 praedicam
928 341 957 364 et

158 375 277 411 gaudere
301 383 349 404 vos
365 375 491 411 jubeam.
519 386 532 403 ι(
557 381 588 405 ut
602 378 712 413 quando
735 378 838 407 factum
863 379 954 414 fuerit,

158 419 276 448 credatis
290 420 369 454 mihi,
396 431 408 445 »ι
429 421 503 457 quod
527 421 596 449 sicut
617 422 681 450 scivi
695 423 858 452 aiﬂictiones
879 425 956 454 vobis

157 464 331 499 obventuras,
352 469 381 493 et
401 465 576 501 prmdixerim
601 474 647 494 eas
668 475 725 495 non
750 469 895 504 mentiens,
912 470 952 498 ita

157 516 248 546 neque
261 508 297 537 de
312 509 431 538 adventu
444 510 575 539 Paracleti
599 516 626 539 et
646 512 842 541 consolationis
856 514 954 549 praedi-

156 561 223 582 cens
249 554 376 588 mentiar.
400 554 448 582 sed
464 555 557 583 omnia
573 555 650 584 vobis
660 557 780 591 jucunda
796 563 951 586 occurrent.

155 598 272 633 Quidam
289 603 382 627 autem
401 600 520 633 Patrem,
536 600 686 629 secundum
701 601 773 636 quod
789 602 954 638 principium

155 647 183 672 et
201 651 281 672 causa
294 648 335 671 est
353 643 425 678 Filii,
442 644 598 681 intelligunt
619 645 754 681 majorem
775 654 843 675 esse.
864 648 954 684 Major

156 688 240 724 709
255 688 331 716 enim
344 695 388 716 me
409 692 461 722 est,
486 689 586 725 inquit,
601 691 687 725 Pater,
713 691 865 719 secundum
880 693 954 728 quod

155 733 321 769 principium
345 737 372 761 et
392 741 473 761 causa
496 742 557 762 mea
573 738 625 762 est.
643 737 682 762 Ex
706 735 764 771 ipso
777 736 850 764 enim
874 742 954 765 natus

154 785 226 806 sum.
244 780 280 805 At
290 777 425 813 majorem
441 778 499 814 ipso
510 787 568 807 esse
584 780 705 813 Patrem,
717 788 769 807 non
784 779 850 808 facit
864 781 953 817 ipsum

154 822 265 850 alterius
279 823 450 851 substantiae.
468 824 539 851 Nam
554 824 677 859 quamvis
689 824 716 851 in
738 824 896 853 hominibus
910 828 951 859 (ut

1012 293 1039 323 δὲ
1057 295 1165 334 Πατέρα
1182 295 1325 332 δυνάμενον
1341 297 1427 332 αὐτοῖς
1441 298 1588 338 ἐπαρκέσαι
1607 301 1633 329 ἔν
1647 303 1731 342 καιρῷ
1746 303 1810 331 θλί-

1011 340 1091 385 ψεων.
1114 350 1129 368 (ι
1143 339 1195 369 Καὶ
1211 343 1254 370 νῦν
1270 341 1362 380 εἴρηκα
1378 344 1440 380 ὑμῖν
1454 343 1515 382 πρὶν
1528 345 1669 385 γενέσθαι,
1683 339 1727 375 ἵνα
1742 347 1808 376 ὅταν

1010 384 1136 423 γένηται,
1158 385 1318 421 πιστεύσητε
1329 397 1336 404 ⁸
1352 397 1367 415 ι)
1386 387 1536 425 τουτέστιν,
1549 389 1628 419 Οὕτω
1645 384 1743 432 θαῤῥῶ,
1760 392 1809 422 καὶ

1010 430 1039 459 οὖ
1062 429 1169 459 δέδοικα
1191 430 1234 460 τὸν
1261 430 1386 470 θάνατον,
1406 433 1464 462 οὐδὲ
1489 433 1640 473 λυποῖὶμαι,
1661 429 1732 466 ὥστε
1759 437 1808 466 καὶ

1010 475 1148 514 προλέγω,
1163 474 1208 504 καὶ
1223 475 1325 514 χαίρειν
1342 479 1403 516 ὓμῖν
1425 478 1627 517 διακελεύομαι,
1649 492 1663 510 ιι
1680 480 1724 510 ἵνα
1739 482 1807 511 ὅταν

1009 519 1134 557 γένηται,
1153 519 1311 556 πιστεύσητέ
1335 533 1392 559 μοι.
1419 532 1434 551 ι)
1450 520 1515 552 Ὅτι
1546 523 1636 564 ὥσπερ
1662 526 1736 565 ᾔδειν
1758 527 1808 560 τὰς

1009 564 1108 604 θλίψεις
1132 564 1338 604 συμϐησομένας
1370 567 1447 604 ὑμῖν,
1474 567 1520 597 καὶ
1548 569 1680 608 προειπὼν
1705 572 1806 604 ταύτας

1009 609 1056 639 οὐκ
1071 609 1240 650 ἐψευσάμην,
1252 609 1332 644 οὕτως
1347 611 1405 640 οὐδὲ
1425 612 1458 642 τὰ
1473 612 1534 652 περὶ
1550 615 1595 649 τῆς
1608 616 1808 654 παρακλήσεως

1009 654 1054 683 καὶ
1076 654 1250 694 ψυχαγωγίας
1275 657 1347 693 ὑμῶν
1373 656 1525 696 προειπὼν,
1553 659 1806 700 διαψευσθήσομαι,

1010 698 1078 728 ἀλλὰ
1095 699 1181 728 πάντα
1197 701 1259 741 ὑμῖν
1273 699 1307 729 ’τὰ
1330 701 1488 741 χαρμόσυνα
1509 698 1703 739 ἀπαντήσουσι.
1725 698 1807 740 Τινὲς

1009 744 1036 773 δὲ
1053 744 1083 774 τὸ
1097 744 1204 783 μείζονα
1220 739 1287 774 εἶναι
1303 745 1347 775 τὸν
1359 746 1482 787 Πατέρα,
1498 747 1564 777 καθὸ
1588 748 1672 783 αἴτιός
1686 751 1742 780 ἔστι
1757 754 1806 780 “rd-3

1008 790 1091 826 Υἱοῧ,
1111 792 1208 820 νοοῦσι.
1232 790 1337 824 Μείζων
1364 790 1427 831 γὰρ,
1445 791 1539 831 φησὶν,
1565 792 1637 822 ἔστιν
1653 796 1667 824 6
1691 795 1804 835 Πατὴρ,

1007 833 1074 863 καθὸ
1097 833 1179 867 αἴτιος
1194 833 1240 864 καὶ
1267 835 1338 875 ἀρχή
1356 836 1507 880 μοῦκέστιν·
1531 836 1557 872 ἐξ
1583 839 1663 869 αὐτοῦ
1686 839 1737 880 γὰρ
1755 833 1805 878 γε-

154 867 271 902 exempli
292 874 371 894 causa
390 866 525 901 dicamus)
549 867 638 904 major
659 868 694 896 sit
716 873 791 904 pater
812 870 878 904 lilio,
906 871 950 899 sed

155 910 207 923 3,...-
221 919 275 923 ...μ-
297 911 409 923 -ιι,.με.λ..
424 915 530 923 ..ειη-μ
545 916 584 923 -ΑΑ.
621 914 687 923 “Aer.
715 913 797 923 ναῖκι
818 914 825 923 1
895 915 912 923 .·
932 915 937 921 ι

1173 866 1177 867 ν
1287 866 1361 875 In-I
1549 866 1557 872 υ
1606 866 1660 869 κη’
1692 866 1735 880 ΓΤ
1762 866 1787 878 I'

1010 878 1147 917 γέννημαι.
1165 879 1205 909 Τὸ
1220 878 1247 908 δὲ
1271 879 1379 917 μείζονα
1394 874 1462 923 εἶναι
1480 881 1524 910 τὸν
1549 881 1671 923 Πατέρα,
1687 885 1717 913 οὐ
1732 888 1806 913 ποιεῖ

149 910 208 947 jam
221 919 278 939 non
296 911 410 939 alterius
424 915 531 940 natura:
543 916 593 940 est.
621 914 691 940 Dein
707 913 798 941 dicant
818 914 950 950 hmretici,

152 955 304 984 secundum
314 955 380 991 quid
392 957 465 983 venit
475 956 510 984 ad
524 957 634 985 Patrem
642 957 763 986 Christus
773 959 785 986 Ρ
795 959 951 988 secundum

152 999 226 1036 quod
248 1001 334 1034 Deus,
349 1000 389 1027 vei
405 1001 559 1029 secundum
582 1001 657 1037 quod
679 1002 779 1030 homo?
792 1004 950 1032 Secundum

152 1044 226 1081 quod
246 1044 341 1073 homo.
357 1045 426 1080 Quia
439 1045 591 1074 secundum
615 1046 690 1082 quod
710 1049 784 1075 Deus
802 1056 909 1084 semper
923 1049 952 1077 in

152 1089 231 1118 caelis
249 1093 318 1123 erat,
342 1093 370 1117 et
391 1090 562 1126 inseparatus
575 1099 590 1119 a
603 1093 685 1120 Patre
701 1101 708 1120 :
732 1092 883 1121 secundum
899 1094 949 1122 hu-

153 1141 267 1163 manam
282 1134 366 1170 igitur
379 1138 508 1164 naturam
523 1135 613 1173 major
627 1144 659 1165 eo
672 1136 774 1165 dicitur
785 1145 844 1166 esse
860 1139 949 1168 Pater.

187 1252 275 1280 Vitas.
298 1253 343 1286 30,
364 1254 408 1280 31.
432 1263 445 1276 ι
467 1251 585 1280 Posthac
604 1260 661 1281 non
683 1253 771 1281 multa
785 1254 885 1290 loquar
899 1263 950 1283 vo-

152 1295 269 1324 biscum.
294 1296 377 1324 Venit
396 1296 470 1324 enim
491 1297 617 1333 princeps
641 1298 737 1326 mundi
758 1297 850 1335 hujus,
872 1303 899 1327 et
921 1299 950 1328 in

152 1348 197 1368 me
208 1348 266 1368 non
281 1340 364 1369 habet
378 1341 526 1377 quidquam
539 1350 546 1370 :
562 1342 610 1370 sed
623 1346 656 1370 ut
668 1347 816 1378 cognoscat
830 1344 950 1372 mundus

151 1385 225 1422 quod
247 1385 329 1422 diligo
341 1386 464 1420 Patrem,
480 1390 508 1414 et
521 1386 593 1414 sicut
607 1391 774 1423 praeceptum
793 1387 869 1416 dedit
880 1389 951 1417 mihi

151 1431 243 1463 Pater,
266 1429 304 1458 sic
315 1429 396 1458 facio.
420 1442 433 1455 ι
448 1431 518 1458 Cum
537 1431 695 1459 consolatus
709 1436 782 1460 esset
801 1432 950 1468 discipulos

150 1482 200 1510 per
215 1482 245 1502 ea
260 1482 322 1510 qua:
333 1482 417 1510 supra
436 1474 507 1502 dicta
519 1479 596 1509 sunt,
610 1475 710 1504 iterum
729 1475 798 1504 dicit
816 1476 850 1504 de
861 1482 951 1506 morte

151 1526 211 1547 sua.
233 1529 247 1544 »
265 1519 345 1547 Venit
362 1519 447 1554 enim,
462 1519 559 1556 inquit,
575 1520 702 1556 princeps
718 1520 799 1556 hujus
813 1521 922 1556 mundi,
937 1532 949 1545 υ

152 1563 205 1592 hoc
224 1567 277 1598 est,
301 1563 437 1592 diabolus.
463 1564 618 1600 Principem
641 1569 732 1592 autem
748 1565 952 1602 huncintellige

150 1607 259 1642 mundi,
281 1616 339 1636 non
361 1613 502 1643 creaturas,
524 1609 572 1637 sed
586 1609 684 1637 mundi
706 1608 813 1637 confusi
827 1614 855 1638 et
868 1618 949 1638 mun-

150 1652 222 1681 dana
236 1653 362 1689 sapientis
382 1663 389 1681 :
405 1661 462 1681 non
476 1653 550 1682 enim
575 1654 677 1681 caelum
699 1653 834 1689 gubernat
849 1663 881 1682 ac
895 1659 949 1683 ter-

150 1705 222 1732 ram,
236 1697 299 1734 quia
318 1698 411 1726 omnia
423 1698 565 1726 evertisset
579 1702 605 1726 et
619 1698 822 1733 conturbassct,
838 1699 886 1728 sed
901 1707 950 1728 eos

151 1742 198 1778 qui
219 1746 315 1778 sponte
329 1750 358 1770 se
380 1742 417 1770 illi
436 1742 573 1770 tradunt:
594 1742 656 1770 ideo
679 1746 707 1770 et
727 1743 855 1779 princeps
870 1748 949 1773 tene-

150 1787 260 1815 brarum
280 1787 391 1815 dicitur.
410 1789 463 1815 Per
477 1787 602 1815 tenebras
621 1787 739 1824 intellige
758 1796 838 1824 prava
855 1797 948 1825 opera.

152 1833 184 1859 Et
198 1831 263 1867 quia
288 1831 433 1860 verisimile
451 1836 511 1860 erat
526 1831 663 1868 quosdam
678 1833 810 1868 suspicari
839 1842 908 1862 num
924 1839 951 1862 et

149 1876 274 1905 Christus
296 1880 408 1913 propter
425 1881 536 1913 peccata
551 1882 622 1905 esset
637 1877 721 1905 morti
742 1877 870 1911 traditus,
885 1885 948 1914 pro-

151 1926 244 1958 pterea
258 1922 351 1950 subdit
365 1931 372 1950 :
388 1933 400 1946 ι
413 1923 445 1949 In
455 1929 502 1950 me
516 1931 572 1950 non
585 1922 668 1950 habet
679 1922 841 1958 quidquam,
857 1931 870 1948 »
886 1931 949 1950 cum

149 1975 205 1995 non
219 1966 352 1994 obnoxius
366 1967 418 1994 sim
440 1967 536 2001 morti,
559 1975 649 2002 neque
670 1967 821 2002 quidquam
835 1967 949 1995 debeam

149 2011 275 2046 diabolo;
290 2010 339 2038 sed
362 2014 472 2046 propter
493 2011 670 2039 dilectionem
685 2018 748 2046 erga
763 2012 884 2043 Patrem,
899 2019 948 2039 vo-

151 2055 285 2083 luntarius
312 2054 433 2082 sustineo
458 2055 623 2090 passionem.
639 2054 779 2082 Continuo
794 2057 886 2082 autem
906 2063 947 2083 re-

151 2100 218 2136 petit
231 2106 372 2127 sermones
392 2099 427 2127 de
442 2103 542 2132 morte,
562 2099 616 2126 illis
630 2098 783 2134 adjungens
798 2103 826 2126 et
837 2106 898 2134 quae,
914 2099 949 2127 ad

150 2143 370 2172 consolationem
397 2143 584 2179 pertinebant,
612 2147 643 2172 ut
671 2143 872 2172 credibiliorem
900 2144 991 2181 illisD

150 2189 263 2217 faceret.
290 2188 441 2216 Audientes
454 2188 527 2216 enim
546 2188 619 2223 quod
635 2188 781 2223 moriatur,
800 2188 910 2216 discunt
922 2194 949 2217 et

149 2233 223 2269 quod
250 2232 421 2261 voluntarius
450 2236 613 2261 contemnat
643 2232 795 2267 diabolum,
822 2236 849 2260 et
874 2233 948 2269 quod

148 2282 260 2314 propter
283 2278 445 2306 charitatem
461 2285 524 2314 erga
545 2279 652 2306 Patrem
667 2277 794 2306 moritur.
818 2278 845 2306 Si
866 2278 949 2314 igitur

149 2323 301 2360 perniciosa
316 2323 414 2350 fuisset
428 2323 528 2358 passio,
545 2327 572 2351 et
588 2331 644 2351 non
658 2322 794 2356 salutaris,
806 2323 947 2358 quomodo

149 2368 326 2404 approbasset
348 2369 441 2402 Pater,
466 2368 513 2403 qui
537 2367 685 2404 diligebat?
711 2367 852 2403 quomodo
881 2367 946 2395 item

147 2413 232 2442 Filius
247 2413 294 2449 qui
307 2412 479 2448 diligebatur,
491 2412 593 2440 obisset
602 2415 682 2441 eam?
696 2411 841 2447 Quomodo
854 2415 947 2440 autem

148 2457 333 2493 intelligemus
358 2457 432 2493 quod
460 2462 572 2493 propter
595 2465 720 2485 amorem
746 2464 809 2493 erga
835 2458 947 2484 Patrem

147 2502 297 2530 moriatur?
311 2503 401 2536 Pater,
416 2502 513 2538 inquit.
534 2502 580 2538 qui
597 2501 687 2538 diligit
701 2501 848 2535 mundum,
864 2508 946 2536 expo-

147 2547 202 2576 suit
215 2555 260 2575 me
275 2554 324 2583 pro
341 2546 454 2575 illorum
469 2551 567 2574 morte.
581 2548 638 2582 Ego
653 2554 764 2582 quoque
779 2547 888 2574 Patrem
901 2545 945 2573 di-

147 2592 243 2628 ligens,
265 2591 433 2620 voluntatem
454 2591 513 2627 ejus
534 2591 668 2627 approbo,
691 2594 720 2618 et
740 2589 855 2618 ostendo
873 2589 946 2626 quod

145 2637 258 2672 diligam
281 2637 405 2671 Patrem,
429 2643 476 2672 per
490 2636 543 2664 hoc
557 2635 631 2671 quod
653 2635 819 2663 mandatum
842 2634 877 2662 ab
901 2642 946 2669 eo,

146 2681 199 2710 hoc
208 2686 260 2715 est,
271 2681 467 2717 complacitum
481 2680 531 2714 illi,
551 2685 578 2708 et
590 2680 730 2708 decretum
744 2680 778 2708 ab
792 2687 837 2713 eo,
857 2680 945 2707 susci-

146 2727 193 2762 pio
206 2730 235 2754 et
248 2726 370 2762 perﬁcio.
388 2726 479 2754 Dicite
495 2725 642 2753 Arianistze
658 2735 664 2753 :
681 2725 708 2753 Si
722 2732 817 2752 servus
832 2723 885 2751 fuit
899 2724 944 2752 Fi-

146 2771 213 2804 lius,
228 2778 284 2798 non
297 2770 419 2805 dixisset,
435 2771 549 2806 Propter
567 2769 742 2798 dilectionem
757 2776 821 2805 erga
835 2769 945 2796 Patrem

146 2815 261 2843 morior.
286 2815 387 2844 Servus
414 2815 499 2850 enim,
526 2822 583 2843 non
607 2813 671 2851 quia
688 2813 778 2851 diligit
799 2813 945 2842 dominum

1008 923 1086 952 αὐτὸν
1102 924 1146 953 καὶ
1171 923 1260 963 ἐτέρας
1279 925 1369 958 οὐσίας
1393 920 1471 957 εἶναι.
1499 926 1553 956 Καὶ
1575 920 1688 967 γὰρκαὶ
1714 929 1741 958 ἓν
1757 930 1806 958 ἀν-

1007 968 1135 1008 θρώποις,
1151 968 1213 1014 φέρε
1239 970 1331 1014 εἰπεῖν,
1354 970 1451 1008 μείζων
1477 970 1548 1000 ἐστὶν
1573 973 1587 1001 ὁ
1612 972 1704 1014 πατὴρ
1727 975 1807 1011 υἱοῦ,

1007 1014 1066 1042 ἀλλ’
1081 1014 1128 1042 οὐκ
1141 1013 1192 1049 ἤδη
1207 1013 1254 1043 καὶ
1268 1014 1358 1054 ἑτέρας
1373 1013 1487 1055 φύσεως.
1503 1015 1621 1046 Ἔπειτα
1648 1019 1805 1048 εἰπάτωσαν

1006 1059 1030 1087 οἱ
1046 1057 1188 1098 αῖρετικοὶ,
1206 1058 1276 1088 κατὰ
1301 1058 1327 1088 τί
1351 1059 1491 1100 ἐπορεύετο
1505 1060 1569 1101 πρὸς
1592 1061 1636 1090 τὸν
1658 1063 1768 1102 Πατέρα
1791 1066 1806 1094 6

1005 1103 1131 1140 Χριστός·
1157 1102 1222 1132 καθὸ
1247 1103 1331 1140 Θεὸς,
1357 1103 1375 1140 ἢ
1398 1104 1464 1134 καθὸ
1487 1105 1640 1145 ἀνθρωποςς
1673 1107 1805 1147 Πάντως,

1006 1147 1071 1176 καθὸ
1087 1147 1238 1187 ἄνθρωπος,
1254 1148 1310 1178 ἐπεὶ
1325 1149 1390 1178 καθὸ
1407 1148 1489 1185 Θεὸς,
1511 1149 1553 1179 ἀεὶ
1567 1150 1594 1180 ἐν
1611 1153 1729 1192 οὐρανοῖς
1751 1148 1804 1190 ἦν,

1005 1192 1052 1221 καὶ
1080 1192 1228 1233 ἃχώριστος
1257 1195 1302 1222 τοῦ
1330 1194 1444 1233 Πατρός.
1472 1194 1550 1224 Κατὰ
1581 1195 1611 1225 τὸ
1637 1196 1804 1239 ἀνθρώπινον

1020 1233 1035 1248 τ
1088 1237 1094 1244 ι
1225 1237 1232 1248 ι
1325 1238 1333 1249 τ
1368 1240 1385 1247 ρ..
1413 1234 1428 1247 τ
1591 1240 1599 1251 /

1005 1248 1050 1267 ουν
1064 1238 1171 1277 λεγεται
1187 1239 1284 1276 μειζων
1304 1249 1385 1267 αυτου
1404 1250 1472 1268 ειναι
1488 1242 1503 1269 ὁ
1518 1240 1628 1280 Πατηρ.

1050 1293 1065 1311 ιι
1086 1284 1145 1312 Οὐκ
1159 1282 1198 1312 ἔτι
1210 1281 1297 1312 πολλὰ
1311 1282 1421 1318 λαλήσω
1436 1286 1495 1322 μεθ’
1506 1286 1590 1323 ὑμῶν.
1602 1284 1735 1326 Ἔρχεται
1748 1286 1804 1328 γὰρ

1004 1328 1018 1358 6
1044 1327 1134 1367 ἄρχων
1149 1329 1194 1357 τοῦ
1218 1327 1319 1366 κόσμου
1336 1328 1446 1365 τούτου,
1471 1329 1517 1358 καὶ
1541 1329 1568 1359 έν
1594 1330 1653 1369 ἐμοὶ
1676 1332 1726 1361 οὔκ
1744 1327 1804 1371 ἔχει

1004 1373 1088 1402 οὐδέν.
1105 1372 1175 1402 Ἀλλ’
1190 1371 1234 1402 ἵνα
1259 1373 1313 1412 γνῷ
1332 1375 1346 1402 6
1368 1372 1480 1412 κόσμος,
1494 1373 1534 1404 ὅτι
1557 1375 1654 1415 ἀγαπῶ
1680 1375 1723 1405 τὸν
1740 1377 1804 1406 Πα-

1005 1417 1084 1458 τέρα,
1116 1417 1161 1447 καὶ
1191 1416 1278 1451 καθὼς
1303 1417 1449 1448 ἐνετείλατό
1477 1430 1522 1456 μοι
1552 1420 1566 1449 6
1595 1420 1702 1460 Πατὴρ,
1730 1421 1804 1451 οὕτω

1003 1464 1085 1492 ποιῶ.
1113 1474 1128 1490 ν
1148 1462 1416 1501 Παραμυθησάμενος
1442 1462 1501 1497 τοὺς
1527 1465 1649 1501 μαθητὰς
1672 1465 1716 1495 διὰ
1745 1467 1802 1495 τῶν

1005 1507 1104 1537 ἄνωθεν
1119 1506 1279 1547 εἰρημένων,
1299 1507 1380 1536 πάλιν
1403 1507 1475 1547 λέγει
1488 1508 1522 1538 τὰ
1543 1509 1604 1548 περὶ
1629 1512 1677 1539 τοῦ
1701 1511 1802 1541 οἰκείου

1005 1552 1130 1582 θανάτου.
1152 1563 1166 1581 ιι
1184 1550 1314 1591 Ἔρχεται
1338 1551 1399 1591 γὰρ,
1421 1552 1512 1593 φησὶν,
1529 1554 1543 1582 6
1564 1556 1609 1583 τοῦ
1636 1554 1737 1592 κόσμου
1753 1555 1801 1595 ἅρ-

1004 1607 1077 1636 χων,
1091 1607 1106 1626 n
1123 1596 1272 1635 τουτέστιν,
1284 1597 1297 1625 6
1310 1596 1441 1630 διάϐολος,
1456 1595 1587 1637 Ἄρχοντα
1604 1598 1631 1628 δὲ
1642 1602 1733 1629 τοῦτον
1747 1600 1803 1630 νόει

1005 1653 1050 1680 μοι
1066 1644 1112 1670 τοῦ
1136 1641 1246 1677 κόσμου,
1271 1640 1308 1679 μὴ
1323 1641 1369 1676 τῆς
1391 1640 1512 1678 κτίσεως,
1532 1643 1601 1672 ἀλλὰ
1621 1646 1667 1673 τοῦ
1688 1645 1802 1684 χυδαίου

1003 1688 1079 1724 λαοῦ,
1095 1685 1141 1715 καὶ
1156 1685 1189 1715 τὰ
1203 1687 1249 1715 τοῦ
1264 1685 1364 1724 κόσμου
1383 1688 1548 1725 φρονοῦντος.
1567 1688 1607 1717 Οὔ
1622 1687 1674 1728 γὰρ
1687 1690 1801 1729 οὐρανοῦ

1004 1731 1082 1771 ἄρχει
1096 1730 1142 1760 καὶ
1157 1732 1221 1770 γῆς,
1237 1729 1294 1760 ἐπεὶ
1308 1729 1342 1759 τὰ
1363 1730 1452 1759 πάντα
1468 1730 1497 1759 ἂν
1517 1731 1656 1772 ἀνέτρεψε,
1671 1733 1716 1763 καὶ
1737 1746 1802 1764 συν-

1005 1776 1146 1816 ετάραξεν,
1172 1774 1241 1804 ἀλλᾶ
1263 1777 1315 1804 τῶν
1348 1774 1456 1808 ἑαυτοὺς
1494 1777 1691 1816 παραδιδόντων
1718 1779 1802 1820 αὐτῷ.

1005 1821 1056 1852 Διὰ
1082 1825 1157 1852 τοῦτο
1181 1821 1225 1850 καὶ
1254 1820 1344 1860 ἄρχων
1364 1822 1410 1850 τοῦ
1431 1819 1538 1855 σκότους
1559 1821 1680 1860 λέγεται·
1705 1819 1801 1860 σκότος

1005 1867 1032 1897 δὲ
1047 1866 1100 1896 νόει
1115 1866 1161 1899 τὰς
1176 1865 1292 1904 πονηρὰς
1314 1865 1433 1905 πράξεις.
1454 1865 1533 1895 Ἐπεὶ
1547 1866 1574 1895 δὲ
1600 1867 1670 1901 εἰκὸς
1683 1863 1716 1904 ἦν
1733 1871 1801 1900 ὁποι

1004 1911 1096 1947 νοῆσαί
1114 1921 1201 1944 τινας·
1216 1906 1284 1949 ’Ἆρα
1299 1910 1344 1940 καὶ
1360 1911 1374 1938 6
1405 1910 1519 1950 Χριστὸς
1542 1911 1574 1940 δι’
1590 1911 1724 1951 ἁμαρτίας
1745 1926 1798 1943 πα.

1005 1957 1139 1996 ραδίδοται
1154 1957 1192 1994 τῷ
1207 1954 1326 1994 θανάτῳ;
1345 1953 1464 1994 ἐπήγαγε
1480 1954 1522 1984 διὰ
1542 1958 1634 1993 τοῦτο,
1656 1957 1696 1986 ὅτι
1723 1967 1737 1986 (ι
1753 1958 1802 1989 Ἐν

1003 1999 1063 2038 ἐμοὶ
1079 1999 1137 2038 ἔχει
1151 1999 1235 2029 οὐδέν.
1251 2009 1267 2027 n
1285 1999 1344 2037 Οὖγ
1362 1999 1502 2032 ὑπεύθυνος
1519 1999 1570 2040 γὰρ
1584 1999 1620 2029 ὢν
1631 2001 1669 2041 τῷ
1682 2001 1799 2043 θανάτῳ,

1004 2045 1077 2074 οὐδὲν
1099 2043 1211 2084 ὀφείλων
1236 2044 1275 2082 τῷ
1296 2042 1423 2083 διαϐόλῳ,
1446 2044 1515 2072 ἀλλὰ
1530 2043 1573 2073 διὰ
1593 2045 1640 2080 τὴν
1660 2045 1725 2084 πρὸς
1751 2042 1799 2077 τὸν

1005 2088 1116 2129 Πατέρα
1131 2087 1253 2127 ἀγάπην,
1269 2086 1336 2116 ἑκὼν
1353 2088 1500 2128 ὑφίσταμαι
1515 2089 1545 2118 τὸ
1561 2089 1655 2123 πάθος.
1673 2091 1801 2132 Συνεχῶς

1004 2135 1031 2163 δὲ
1059 2132 1203 2162 ἀνακυκλοῖ
1218 2131 1277 2165 τοὺς
1301 2132 1363 2173 περὶ
1384 2135 1430 2162 τοῦ
1456 2133 1568 2163 θανάτου
1598 2134 1707 2174 λόγους,
1731 2131 1800 2166 ἂνα-

1004 2178 1096 2218 μιγνὺς
1119 2177 1206 2210 αὐτοῖς
1229 2177 1274 2206 καὶ
1297 2177 1330 2206 τὰ
1355 2177 1523 2216 παράκλησιν
1548 2178 1678 2219 φέροντα,
1694 2179 1739 2210 ἵνα
1756 2183 1801 2211 εὖ·

1002 2223 1168 2264 παράδεκτον
1181 2222 1259 2251 αὐτὸν
1271 2222 1334 2261 παρ’
1348 2222 1435 2255 αὐτοῖς
1447 2222 1557 2263 ποιήσῃ.
1573 2224 1611 2254 Οἱ
1624 2224 1675 2264 γὰρ
1688 2225 1799 2255 ἀκούον-

1001 2281 1060 2305 τες,
1084 2267 1124 2297 ὅτι
1145 2267 1329 2303 ἀποθανεῖται,
1347 2266 1509 2306 μανθάνουσι
1535 2268 1582 2297 καὶ
1607 2268 1647 2297 ὅτι
1664 2269 1731 2299 ἑκὼν
1747 2281 1800 2300 κα-

1001 2313 1126 2354 ταφρονεῖ
1148 2314 1195 2342 τοῖῖ
1210 2311 1350 2348 διαϐόλου,
1377 2311 1423 2341 καὶ
1438 2311 1479 2341 ὅτι
1498 2311 1540 2342 διὰ
1555 2312 1603 2349 τὴν
1620 2313 1728 2352 ἀγάπην
1746 2315 1798 2352 τὴν

1000 2359 1065 2398 πρὸς
1084 2357 1127 2387 τὸν
1147 2356 1257 2397 Πατέρα
1282 2356 1397 2392 θνήσκει.
1422 2357 1456 2386 Εἰ
1480 2357 1567 2387 τοίνυν
1585 2357 1700 2399 ὀλέθριον
1719 2355 1751 2395 ἧν
1768 2360 1800 2390 τὸ

1001 2403 1083 2436 πάθος
1103 2401 1148 2432 καὶ
1167 2402 1196 2431 οὖ
1215 2401 1362 2441 σωτήριον,
1378 2402 1434 2435 πῶς
1449 2400 1481 2431 ἂν
1505 2402 1645 2438 εὐδόκησεν
1667 2405 1682 2433 6
1699 2403 1798 2445 Πατὴρ

1001 2449 1014 2477 6
1030 2449 1156 2487 ἀγαπῶν;
1179 2447 1240 2480 Πῶς
1259 2447 1281 2475 δ’
1301 2446 1332 2476 ἂν
1348 2448 1361 2476 6
1384 2446 1446 2480 Υἱὸς
1466 2448 1479 2475 ὁ
1500 2447 1674 2486 ἀγαπώμενος
1689 2450 1798 2479 κατεδέ-

1002 2493 1064 2527 ξατο
1077 2495 1167 2528 τοῦτο;
1195 2493 1257 2524 Πῶς
1275 2491 1301 2520 δὲ
1317 2490 1444 2530 νοήσομεν
1462 2491 1505 2530 τὸ,
1528 2491 1572 2520 διὰ
1593 2492 1640 2528 τὴν
1664 2493 1731 2533 πρὸς
1750 2494 1796 2524 τὸν

1003 2538 1112 2578 Πατέρα
1130 2536 1236 2576 ἀγάπην
1261 2535 1401 2572 θνήσκειν;
1417 2535 1454 2566 Ὀ
1469 2536 1568 2575 πατὴρ,
1589 2536 1685 2577 φησὶν,
1702 2538 1798 2579 ἀγαπᾷ

1000 2582 1045 2612 τὸν
1070 2582 1184 2619 κόσμον,
1211 2580 1334 2610 ἐκδίδωσί
1360 2592 1393 2619 με
1415 2580 1481 2620 ὑπὲρ
1509 2582 1590 2610 αὐτοῦ
1614 2583 1652 2622 τῷ
1680 2582 1795 2623 θανάτῳ.

1002 2626 1075 2666 Ἐγὼ
1091 2627 1177 2656 τοίνυν
1194 2626 1304 2664 ἀγαπῶν
1319 2625 1362 2654 τὸν
1379 2624 1489 2665 Πατέρα
1499 2647 1508 2662 ,
1524 2627 1557 2665 τῇ
1574 2625 1678 2667 εὐδοκία
1699 2627 1793 2664 αὐτοῦ,

1001 2672 1046 2702 καὶ
1059 2673 1095 2711 τῷ
1112 2671 1242 2709 θελήματι
1257 2670 1420 2706 συνευδοκῶ,
1433 2670 1479 2699 καὶ
1494 2670 1630 2709 δείκνυμι,
1644 2670 1684 2700 ὅτι
1698 2672 1796 2710 ἀγαπῶ

1000 2716 1044 2746 τὸν
1068 2716 1196 2756 Πατέρα,
1213 2715 1243 2744 ἐκ
1267 2717 1313 2743 τοῦ
1338 2713 1369 2744 τὸ
1397 2715 1586 2753 ἐντεταλμένον
1611 2715 1675 2756 παρ’
1690 2716 1793 2755 αὐτοῦ,

999 2761 1134 2798 τουτέστι,
1168 2760 1197 2790 τὸ
1220 2759 1358 2796 εὖδοκηθὲν
1385 2759 1430 2789 καὶ
1461 2759 1575 2800 κυρωθὲν
1597 2760 1795 2800 καταδέχεσθαι

1000 2806 1046 2836 καὶ
1069 2806 1165 2837 τελεῖν.
1184 2805 1299 2843 Εἴπατε,
1326 2807 1350 2835 οἱ
1364 2804 1577 2845 Ἄρειανίζοντες,
1606 2805 1629 2834 εἰ
1654 2805 1745 2839 δοῦλος
1760 2802 1792 2842 ἧν
