1922 3077
102 200 150 226 193
489 198 684 226 ENARBATIO
703 197 735 226 IN
755 198 971 226 EVANGELIUM
988 198 1140 227 JOANNIS.
1159 213 1193 218 —
1213 198 1287 226 CAP.
1307 198 1361 226 XV.
1699 199 1745 227 l9!

99 262 114 290 6
129 260 209 296 Υἱὸς,
229 260 279 289 οὖκ
291 260 323 289 ἂν
343 259 448 299 ἔλεγεν,
461 259 501 289 ὅτι
516 259 569 290 Διὰ
585 260 633 296 τὴν
648 260 713 300 πρὸς
726 261 769 291 τὸν
787 260 897 301 Πατέρα

960 269 1044 292 suum.
1068 259 1135 289 facit
1156 260 1327 288 voluntatem
1350 259 1419 296 ejus,
1442 259 1490 288 sed
1505 260 1570 296 quia
1592 268 1686 290 servus
1708 265 1751 289 est

102 305 210 344 ἀγάπην
225 304 342 340 θνήσκω.
358 304 393 335 Ὀ
409 304 461 345 γὰρ
485 306 587 342 δοῦλος,
607 306 636 335 οὗ
655 305 720 335 διότι
740 307 832 346 ἀγαπᾷ
853 305 897 335 τὸν

102 349 190 389 κύριον
204 350 286 379 αὐτοῦ
297 372 306 387 ,
322 349 364 378 διὰ
379 352 456 379 τοῦτο
469 351 540 379 ποιεῖ
553 350 582 379 τὸ
595 351 700 389 θέλημα
718 350 815 389 αὐτοῦ,
829 349 898 380 ἀλλὰ

103 395 145 423 διὰ
164 395 194 424 τὸ
219 395 310 428 δοῦλος
336 389 420 431 εἶναι,
438 395 483 424 καὶ
498 394 636 435 φοϐεῖσθαι
658 396 704 429 τὰς
715 395 847 429 κολάσεις.
863 394 898 426 (Ο

103 440 130 469 δὲ
146 439 243 478 Κύριος
257 439 379 475 Ἰησοῦς,
396 438 453 468 ἐπεὶ
469 441 503 472 ὡς
519 440 630 478 ἀγαπῶν
651 444 722 469 ποιεῖ
748 441 778 469 τὸ
793 441 898 478 θέλημα

103 486 147 513 τοῦ
162 485 235 514 Θεοῦ
244 506 252 520 ,
264 484 294 513 οὖ
308 484 409 520 δοῦλος,
421 483 478 513 οὐδὲ
493 484 607 523 κτίσμα,
623 484 693 514 ἀλλὰ
707 487 744 524 τῷ
755 484 811 514 ὄντι
825 484 897 520 Υἱὸς,

105 529 212 568 Πατρὸς
241 529 346 566 θέλημα
373 529 493 568 πληρῶν.
523 526 614 559 Ὅταν
644 524 688 558 οὖν
718 529 831 568 ἀκούῃς,
858 529 900 559 ὅτι

106 585 122 601 κ
141 573 313 604 Ἐνετείλατό
329 585 373 609 μοι
388 575 402 602 ὁ
421 573 532 612 Πατὴρ,
549 584 564 602 n
582 573 620 613 μὴ
632 573 675 603 διὰ
689 573 735 610 τὸ,
758 585 772 602 α
783 573 898 604 Ἐνετεί-

104 620 187 655 λατο,
203 628 219 647 ι
245 617 414 658 ὕποϐιϐάσῃς
429 617 475 647 τὸν
492 617 589 658 Κύριον
605 619 642 652 ὡς
656 619 900 657 προστασσόμενον·

104 663 174 692 ἀλλὰ
185 662 230 692 διὰ
243 662 290 700 τὸ,
306 663 331 692 Π
341 663 401 698 ατὴ
411 674 439 702 ρ,
456 662 581 702 ἐπίγνωθι
592 662 669 693 αὐτὸν
682 663 746 693 Υἱὸν
761 662 900 702 ὁμοούσιον

103 709 142 748 τῷ
158 707 256 748 Πατρζ·
267 707 296 737 τὸ
309 706 348 746 δὲ,
366 718 381 736 α
392 707 561 737 Ἐνετείλατο
570 730 578 742 ,
590 719 605 736 ι)
622 707 685 745 νόει,
697 707 756 737 ἀντὶ
767 711 827 747 τοῦ,
846 707 901 744 ἠθέ-

105 747 200 791 λὴσεν,
219 747 310 790 εἶπεν,
326 751 474 793 ἐκύρωσεν,
489 753 642 789 εὐδόκησεν.

391 816 535 846 ΚΕΦΔΛ.
553 815 613 846 IE’.

105 878 167 911 Περὶ
181 880 226 908 τῆς
243 878 354 908 ἀληθινῆς
370 878 489 909 ἀμπέλου,
504 878 546 903 καὶ
568 881 689 910 γεωργοῦ,
705 878 748 903 καὶ
769 879 899 909 κλήματος.

951 310 979 334 et
999 306 1079 334 timet
1097 304 1239 341 supplicia.
1256 304 1392 332 Dominus
1416 308 1509 332 autem
1524 305 1617 340 Jesus,
1633 306 1694 342 quia
1720 310 1750 334 ut

952 350 1071 385 diligens
1084 349 1150 378 facit
1163 350 1334 378 voluntatem
1346 349 1404 381 Dei,
1415 356 1470 377 non
1485 356 1580 377 servus
1594 355 1646 384 est,
1659 358 1751 387 neque

951 399 1087 428 creatura,
1103 394 1152 423 sed
1170 403 1262 422 revera
1278 394 1371 428 Filius,
1389 394 1479 421 Patris
1499 393 1616 430 impleas
1629 395 1751 423 volunta-

953 444 1018 467 tem.
1041 440 1110 468 Cum
1132 439 1216 475 igitur
1232 438 1352 467 audieris
1371 438 1445 474 quod
1461 438 1546 474 710
1561 449 1574 463 ι
1591 439 1751 467 Mandatum

952 484 1027 513 dedit
1040 484 1110 512 mihi
1129 485 1218 517 Pater,
1243 495 1255 508 ι
1276 491 1332 511 non
1347 487 1458 519 propter
1478 483 1541 517 hoc,
1557 494 1571 508 ι
1588 483 1751 512 Mandatum

953 528 1039 562 dedit.
1057 541 1069 553 -
1085 529 1250 564 mancipium
1266 527 1352 555 facias
1370 527 1532 561 Dominum,
1548 532 1580 556 ut
1591 527 1750 563 subditum;

950 574 997 602 sed
1012 574 1075 610 quia
1088 575 1182 606 Pater,
1199 580 1334 609 cognosce
1357 572 1430 608 quod
1444 572 1503 608 ipse
1526 572 1612 601 Filius
1624 573 1661 600 sit
1677 572 1751 609 ejus-

952 618 1017 646 dem
1027 618 1190 646 substantia:
1202 617 1276 645 Patri
1288 628 1295 645 :
1309 628 1321 642 ι
1335 616 1494 645 Mandatum
1509 617 1594 653 dedit,
1609 628 1622 642 ι
1637 617 1690 646 hoc
1700 622 1751 652 est,

954 663 1040 691 voluit
1065 662 1144 697 dixit,
1165 662 1336 698 approbavit,
1353 661 1481 690 decrevit.

1256 816 1377 845 CAPUT
1395 816 1456 845 XV.

1135 885 1169 906 De
1182 889 1238 905 vera
1254 885 1306 909 vim,
1321 884 1428 910 agricola
1439 887 1459 905 cl
1471 884 1565 909 palmis.

147 943 163 961 tl
187 931 351 972 Ἐγιίρεσθε,
365 930 471 971 ἄγωμεν
488 932 616 983 ἐντεῦθεν.
631 932 705 971 Ἐγώ
716 933 771 971 εἰμι
786 935 802 969 ἡ
816 932 900 971 ἄμπι-

991 941 1079 969 Vsns.
1097 943 1154 968 1-3.
1177 951 1189 964 ι
1206 939 1323 975 Surgite,
1339 947 1434 967 eamus
1449 939 1520 967 hinc.
1536 940 1594 975 Ego
1608 947 1669 968 sum
1693 940 1754 968 vitis

106 979 150 1011 λος
162 979 179 1013 ἡ
197 976 324 1013 ἀληθινὴ,
340 976 385 1005 καὶ
399 977 413 1006 6
429 975 525 1017 Πατήρ
536 988 588 1015 μου
602 978 617 1005 ὃ
631 976 745 1017 γεωργός
758 977 823 1007 ἐστι.
842 978 900 1006 Πᾶν

107 1023 199 1062 κλῆμα
221 1023 247 1051 ἐν
272 1021 332 1060 ἐμοὶ
355 1021 392 1060 μὴ
415 1022 492 1062 φέρον
516 1021 635 1061 καρπὸν,
659 1021 729 1062 αἴρει
759 1022 835 1052 a016—
857 1021 902 1052 καὶ

106 1071 159 1096 πᾶν
183 1067 214 1096 τὸ
235 1065 337 1106 καρπὸν
360 1065 452 1105 φέρον,
478 1066 599 1106 καθαίρει
625 1066 707 1104 αὐτὸ,
725 1065 769 1096 ἵνα
794 1066 902 1096 πλείονα

109 1111 212 1151 καρπὸν
227 1110 305 1151 φέρῃ.
320 1109 394 1146 Ἤδη
409 1112 484 1148 ὑμεῖς
503 1110 615 1150 καθαροί
634 1111 692 1140 ἔστε
707 1110 751 1140 διὰ
767 1111 812 1140 τὸν
825 1111 902 1151 λόγον

107 1157 135 1185 ὂν
147 1155 284 1191 λελάληκα
297 1155 371 1193 ὑμῖν.
388 1165 403 1184 n
422 1154 502 1185 Ἐπεὶ
513 1154 630 1195 περὶτοῦ
641 1155 741 1189 πάθους
755 1156 904 1195 διαλεχθεὶς

107 1199 214 1239 πολλὰ,
237 1199 393 1229 κατέπεισεν
418 1200 505 1230 αὐτῶν
521 1199 569 1233 τὰς
594 1199 696 1240 ψυχὰς,
718 1199 765 1230 καὶ
787 1202 901 1236 συνῆκεν

108 1244 203 1278 αὐτοὺς
227 1245 379 1278 δειλιῶντας
401 1246 437 1278 ὡς
463 1245 490 1274 ἰν
514 1244 592 1284 τάχιι
625 1244 826 1284 ἆλωσομένους,
855 1245 901 1275 καὶ

108 1290 161 1319 ἄπο
184 1291 233 1325 τῆς
251 1291 353 1325 πολλῆς
379 1288 477 1323 δειλίας
496 1288 555 1319 οὐδὲ
577 1290 757 1330 προσέχοντας
777 1294 830 1323 τοῖς
854 1290 902 1320 λε-

107 1334 247 1375 γομένοις,
276 1334 471 1375 σχηματίζεται
499 1332 593 1368 αὐτοὺς
619 1335 655 1368 εἰς
682 1336 762 1364 τόπον
789 1334 902 1375 ἀπάγειν

107 1380 241 1420 κρυπτὸν,
264 1379 289 1408 ἐν
303 1377 326 1419 ᾧ
340 1379 390 1418 οὐχ
404 1377 567 1420 ἁλώσονται·
590 1379 635 1408 καὶ
653 1379 685 1415 δὴ
701 1380 834 1420 ἀπανιστᾷ
851 1380 904 1410 ἀπὸ

107 1418 154 1454 τοῦ
170 1423 270 1464 χωρίου
292 1418 392 1452 ἐκείνου
417 1424 443 1453 ἐν
468 1419 490 1464 ᾧ
514 1418 594 1460 ἦσαν,
616 1424 651 1458 ὥς
670 1423 702 1454 ἂν
731 1418 905 1461 καταστήσας

108 1469 152 1499 τὸν
169 1468 287 1509 τάραχον
309 1469 395 1498 αὑτῶν
420 1470 468 1504 τῆς
491 1469 594 1508 ψυχῆς,
612 1470 727 1509 παραδῷ
750 1470 840 1502 αὐτοῖς
871 1469 905 1499 τὰ

109 1513 297 1554 μυστικώτερα
311 1512 442 1551 δόγματα·
466 1512 566 1551 ἀπάγει
582 1512 609 1542 δὲ
629 1513 721 1547 αὐτοὺς
733 1536 741 1552 ,
761 1515 796 1548 ὡς
812 1513 904 1553 ἐφεξῆς

957 993 1029 1018 vera,
1049 989 1076 1014 et
1089 987 1168 1013 Pater
1181 992 1259 1012 meus
1273 984 1393 1020 agricola
1413 987 1463 1012 est.
1479 985 1600 1013 Omnem
1613 984 1754 1020 palmitem

957 1030 985 1058 in
1001 1038 1044 1058 me
1059 1037 1114 1058 non
1130 1029 1260 1057 ferentem
1282 1028 1402 1056 fructum
1417 1028 1489 1056 tollit
1509 1037 1517 1056 :
1538 1032 1567 1056 et
1580 1036 1694 1057 omnem
1706 1029 1754 1065 qui

956 1073 1010 1102 fert
1022 1074 1141 1102 fructum
1157 1077 1265 1109 purgat,
1278 1077 1309 1101 ut
1318 1072 1440 1101 fructum
1454 1073 1636 1108 copiosiorem
1648 1073 1754 1102 afferat.

955 1120 1019 1148 Jam
1042 1126 1092 1147 vos
1106 1118 1203 1146 mundi
1227 1118 1294 1146 estis
1319 1121 1431 1154 propter
1444 1125 1601 1146 sermonem
1616 1126 1698 1154 quem
1712 1118 1754 1147 lo-

956 1168 1038 1192 cutus
1056 1171 1119 1191 smn
1143 1162 1233 1191 vobis.
1261 1174 1274 1187 ιι
1289 1162 1426 1197 Quoniam
1442 1162 1542 1198 saepius
1567 1162 1602 1191 de
1628 1163 1755 1199 passione

958 1207 1080 1242 locutus,
1097 1208 1207 1236 illorum
1221 1207 1328 1235 animos
1342 1207 1492 1241 concussit,
1517 1211 1546 1235 et
1560 1206 1694 1236 intellexit
1707 1216 1754 1236 eos

958 1253 1105 1281 formidare
1126 1257 1257 1288 tanquam
1282 1252 1358 1280 brevi
1379 1251 1535 1287 capiendos,
1551 1256 1578 1280 et
1591 1260 1649 1288 prae
1667 1253 1754 1281 multo

957 1298 1057 1326 timore
1078 1305 1165 1334 neque
1186 1297 1266 1325 dictis
1280 1296 1461 1330 attendentes,
1486 1297 1565 1333 ﬁngit
1587 1305 1617 1326 se
1641 1297 1702 1325 illos
1727 1298 1754 1326 in

958 1343 1050 1370 locum
1062 1342 1202 1370 occultum
1228 1341 1421 1375 abducturum,
1437 1341 1465 1369 in
1489 1349 1544 1378 quo
1563 1349 1620 1370 non
1633 1342 1688 1370 sint
1709 1350 1753 1370 ca-

958 1387 1061 1424 piendi.
1076 1388 1111 1415 Et
1131 1386 1254 1423 exsurgit
1267 1394 1332 1414 sane
1356 1393 1372 1414 a
1393 1386 1454 1414 lci-.0
1482 1386 1512 1414 in
1547 1394 1602 1423 quo
1617 1390 1705 1421 erant,
1725 1391 1756 1415 ut

957 1431 1212 1468 perturbationibus
1245 1431 1399 1458 animarum
1415 1430 1528 1465 sedatis,
1562 1431 1681 1460 traderet
1716 1431 1756 1460 eis

958 1476 1086 1513 dogmata
1108 1476 1198 1511 magis
1223 1475 1347 1512 mystica.
1383 1475 1505 1503 Abducit
1526 1479 1619 1504 autem
1641 1483 1698 1510 eos,
1726 1480 1757 1504 ut

960 1521 1073 1557 posthac
1086 1521 1233 1554 discemus,
1258 1521 1286 1548 in
1304 1520 1417 1548 hortum
1437 1528 1521 1556 quem
1539 1521 1624 1549 Judas
1641 1521 1754 1549 sciebat.

110 1558 297 1597 μαθησόμεθα,
321 1558 356 1591 εἷς
378 1557 422 1587 τὸν
446 1559 547 1593 κῆπον,
571 1556 599 1587 ὃν
613 1557 726 1602 ἐΙούδας
757 1558 903 1598 ἐγνώριζεν·

960 1556 1053 1602 itaque
1067 1565 1140 1602 quod
1156 1565 1249 1600 ﬁebat,
1261 1573 1384 1593 secessus
1397 1573 1457 1593 esse
1479 1565 1619 1594 videbatur
1634 1575 1641 1594 :
1663 1573 1755 1594 revera

109 1603 179 1632 ὥστε
194 1604 233 1643 τῷ
247 1601 295 1641 μὲν
316 1603 399 1632 δοκεῖν
420 1601 588 1641 ἀναχώρησις
612 1597 644 1637 ἦν
665 1603 695 1632 τὸ
719 1597 847 1643 πρᾶγμα,
870 1605 903 1642 τῇ

109 1648 137 1678 δὲ
156 1647 269 1688 ἀληθεία
290 1647 391 1680 ἔκδοσις
406 1647 541 1683 ἑκούσιος,
555 1647 590 1680 εἷς
611 1649 728 1677 τοιοῦτον
743 1647 822 1678 τόπον
837 1648 904 1677 ἀνα-

107 1695 280 1733 χωροῦντος,
310 1691 337 1722 δν
354 1693 367 1721 ὁ
394 1690 496 1725 Ἰούδας
514 1691 584 1731 ᾔδει.
605 1692 640 1722 Τί
660 1692 749 1722 τοίνυν
775 1693 903 1732 μυστικὸν

110 1739 199 1771 αὐτοῖς
214 1737 412 1777 παραδίδωσιν;
442 1736 545 1775 «Ἐγώ
569 1738 636 1774 εἰμι,
663 1737 755 1777 φησὶν,
776 1740 793 1774 ἡ
816 1737 905 1775 ἄμπε-

108 1783 166 1818 λος,
181 1792 197 1811 ι
216 1781 367 1820 τουτέστιν,
385 1783 404 1818 ἡ
420 1781 491 1822 ῥίζα,
511 1791 526 1810 ιι
541 1781 615 1819 ὑμεῖς
635 1780 663 1810 δὲ
686 1782 718 1811 τὰ
739 1782 878 1822 κλήματα,
892 1783 906 1811 6

110 1827 138 1856 Si
151 1826 248 1866 Πατὴρ
264 1830 315 1866 μοῦ
331 1827 401 1867 ἐστιν
416 1828 431 1855 6
444 1825 569 1866 γεωργός.
586 1836 600 1854 υ
618 1826 685 1866 Περὶ
700 1826 759 1855 τίνα
775 1827 802 1857 δὲ
821 1828 904 1867 ἀσχο-

109 1873 195 1901 λεῖται
211 1872 225 1900 6
243 1871 358 1911 Πατήρς
374 1866 443 1911 ⁴Ἆρα
457 1870 519 1910 περὶ
534 1870 583 1906 τὴν
598 1871 689 1911 ρίζαν;
707 1871 789 1911 Οὐχὶ,
811 1866 907 1911 φησὶν,

111 1916 181 1946 ἀλλὰ
192 1915 254 1956 περὶ
266 1916 301 1945 τὰ
320 1915 459 1954 κλήματα.
482 1926 497 1944 Ι
517 1916 576 1945 Πᾶν
591 1915 642 1955 γὰρ
659 1916 761 1954 κλῆμα,
779 1916 852 1956 φησὶ,
868 1915 906 1954 μὴ

110 1960 189 2001 φέρον
205 1960 320 2001 καρπὸν,
348 1959 417 2000 αἴρει
439 1959 512 1989 αὐτό·
539 1970 554 1989 ν
583 1960 722 1998 τουτέστι,
746 1961 834 1990 πάντα
855 1960 906 1990 ἄν-

110 2008 234 2045 θρωπον,
249 2005 294 2035 τὸν
319 2005 363 2035 διὰ
384 2001 430 2040 τῑῇ
452 2004 566 2038 πίστεως
589 2004 637 2043 μὲν
662 2004 741 2045 μέρος
766 2005 907 2045 γενόμενον

109 2051 157 2085 τῆς
173 2051 263 2090 ῥίζης,
289 2049 336 2080 καὶ
362 2048 492 2078 ἑνωθέντα
517 2052 556 2090 τῷ
584 2050 673 2090 Κυρίῳ
696 2051 742 2080 καὶ
767 2051 906 2088 σύσσωμον

110 2095 192 2124 αὖτοῧ
207 2095 365 2134 γενόμενον,
391 2095 431 2123 δεῖ
455 2093 501 2123 καὶ
517 2094 620 2134 καρπὸν
643 2094 746 2135 φέρειν,
767 2094 906 2134 τουτέστι,

112 2140 169 2179 βίον
185 2139 256 2180 ἔχειν
271 2139 401 2179 ἐνάρετον·
414 2141 450 2172 ὥς
465 2139 510 2168 ἐάν
525 2150 556 2178 γε
575 2139 657 2178 μόνην
674 2139 720 2169 καὶ
737 2139 817 2180 ψιλὴν
838 2141 906 2170 ἄπο-

109 2183 204 2224 λογίαν
219 2185 266 2221 τῆς
279 2184 394 2217 πίστεως
413 2183 463 2224 ἔχῃ
477 2195 528 2220 τις,
544 2185 573 2213 οὐ
592 2183 644 2222 μὴν
664 2185 709 2213 καὶ
732 2185 775 2215 διὰ
796 2186 843 2220 τῆς
861 2197 908 2221 τη-

112 2229 215 2268 ρήσεως
253 2229 306 2258 τῶν
339 2229 453 2258 ὅντολῶν
485 2230 658 2268 καρποφορῇ,
687 2229 779 2270 νεκρὸν
808 2229 909 2270 γίνεται

111 2274 219 2312 κλῆμα·
238 2284 253 2303 α
275 2273 369 2306 Πίστις
383 2273 435 2314 γὰρ
449 2273 530 2314 χωρὶς
542 2271 626 2313 ἔργων
645 2269 740 2313 νεκρά,
755 2284 770 2303 n
790 2275 850 2307 Πᾶς
863 2269 908 2303 οὖν

111 2318 206 2351 πιστὸς
219 2319 246 2348 ἐν
261 2319 299 2358 τῷ
320 2313 429 2358 Χριστῷ
443 2317 491 2356 μὲν
509 2313 576 2346 εἶναι
593 2318 675 2355 δοκεῖ,
689 2317 756 2348 καθὸ
778 2319 907 2349 πιστεύει.

116 2373 132 2391 ιι
152 2364 211 2392 Πᾶν
227 2362 279 2402 γὰρ
294 2363 404 2401 κλῆμα,
430 2361 521 2403 φησὶν,
546 2361 602 2392 ὃέν
629 2363 699 2401 ἐμοὶ,
723 2362 768 2392 ἐὰν
786 2363 824 2402 μὴ
840 2364 907 2403 φέρῃ

111 2407 215 2447 καρπὸν
225 2430 233 2444 ,
249 2407 317 2447 αἴριι
339 2407 404 2437 αὐτὸ
420 2408 434 2436 ὁ
460 2406 566 2446 Πατὴρ,
582 2417 597 2436 η
623 2407 757 2438 τουτέστιν
770 2431 778 2446 ,
799 2408 848 2442 ἔξω
862 2410 908 2444 τῆς

113 2452 183 2491 μετὰ
198 2454 245 2482 τοῦ
269 2453 337 2482 Υἱοῢ
360 2452 498 2486 κοινωνίας
522 2453 621 2488 τίθησιο
652 2451 698 2482 τὸν
719 2451 746 2482 δὲ
769 2464 908 2493 καρποφο-

113 2500 228 2537 ρῶντα,
247 2507 262 2527 α
286 2496 417 2536 καθαίρει.
442 2507 457 2526 ι)
477 2496 612 2527 Ἐνταῦθα
627 2499 705 2527 τοῦτο
727 2497 907 2536 μανθάνομεν,

112 2543 154 2572 δτι
178 2541 230 2571 κᾶν
249 2542 350 2583 σφόδρα
374 2541 496 2582 ἐνάρετος
517 2542 558 2578 εἴη
582 2553 630 2579 τις,
655 2543 740 2572 δεῖται
759 2544 806 2578 τῆς
835 2543 909 2583 παρὰ

111 2589 159 2616 τοῦ
180 2588 252 2617 Θεοῦ
276 2585 441 2628 ἰῃμελιίας.
465 2586 506 2616 Τὸ
531 2585 578 2624 μὲν
593 2587 645 2627 γὰρ
660 2586 781 2628 ἄκαρπον
799 2587 859 2617 οὐδὲ
882 2588 908 2617 ἐν

112 2633 146 2671 T1]
161 2631 280 2672 ἀμπέλῳ
294 2625 362 2661 εἶναι
382 2630 501 2661 δύναται·
516 2630 546 2661 τὸ
567 2625 604 2660 δὲν
618 2625 812 2672 καρποιροροῧν,
836 2643 908 2671 γονι-

112 2675 232 2717 μώτερον
256 2676 395 2716 ἐργάζεται
419 2677 433 2706 6
461 2676 569 2718 Πατήρ.
594 2676 660 2707 Νόει
677 2676 704 2706 δὲ
720 2677 765 2706 καὶ
791 2676 835 2706 διὰ
862 2677 909 2711 τὰς

112 2721 213 2761 θλίψεις
227 2723 279 2751 τῶν
295 2723 421 2762 μαθητῷν
443 2721 568 2762 λέγςσθαι
591 2723 685 2751 ταῦτα.
706 2721 785 2752 Ἐπεὶ
805 2721 858 2762 γὰρ
881 2722 908 2752 αἱ

111 2766 214 2807 θλίψεις
237 2767 358 2797 δοκοῦσιν
382 2760 462 2803 εἶναι,
481 2760 537 2796 οἷον
562 2765 577 2796 ὃ
594 2765 715 2805 λέγουσιν
734 2767 759 2797 οἱ
782 2760 907 2807 γεωργοὶ,

147 2852 172 2872 ⁶⁰
183 2852 242 2882 Jac.
257 2859 294 2889 ιι,
309 2855 356 2881 20.

957 1615 1050 1639 autem
1065 1610 1200 1646 expositio
1211 1610 1361 1638 voluntaria
1372 1610 1399 1638 in
1409 1609 1489 1638 talem
1502 1610 1594 1638 locum
1604 1609 1757 1639 secedentis

958 1663 1040 1692 quem
1061 1655 1149 1684 Judas
1180 1655 1292 1683 sciebat.
1321 1654 1395 1691 Quid
1424 1654 1508 1691 igitur
1535 1655 1683 1691 mysticum
1706 1655 1758 1684 illis

958 1701 1059 1730 tradit?
1075 1711 1089 1725 ι
1116 1701 1172 1736 Ego
1187 1708 1261 1733 sum,
1276 1699 1375 1735 inquit,
1399 1699 1470 1732 vitis.
1492 1711 1505 1723 υ
1520 1699 1572 1728 hoc
1590 1704 1642 1734 est,
1667 1700 1757 1735 radix,

961 1756 974 1770 ι
991 1753 1039 1773 vos
1053 1748 1147 1773 autem
1163 1744 1297 1781 palmites,
1313 1748 1341 1772 at
1355 1745 1436 1772 Pater
1450 1752 1527 1772 meus
1542 1744 1660 1781 agricola
1673 1749 1723 1773 est.
1743 1757 1755 1770 ι

957 1789 1034 1818 Circa
1061 1797 1124 1825 qua
1151 1793 1244 1817 autem
1270 1793 1421 1824 occupatus
1445 1792 1488 1817 est
1511 1790 1605 1817 Pater?
1631 1789 1757 1826 nunquid

957 1834 1031 1863 circa
1053 1833 1194 1862 radicem?
1225 1834 1298 1866 Non,
1321 1833 1422 1868 inquit,
1450 1832 1499 1861 sed
1523 1833 1597 1862 circa
1620 1834 1756 1869 palmites.

962 1890 973 1904 ι
997 1879 1118 1907 Omnem
1133 1878 1207 1906 enim
1229 1877 1380 1913 palmitem,
1397 1877 1496 1912 inquit,
1517 1885 1575 1905 non
1592 1877 1757 1906 afferentem

959 1922 1080 1951 fructum
1103 1922 1175 1951 tollit
1197 1929 1273 1957 eum,
1300 1933 1313 1947 ι
1328 1922 1380 1950 hoc
1404 1925 1456 1955 est,
1478 1929 1590 1950 omnem
1615 1922 1758 1951 hominem

959 1967 1006 2004 qui
1027 1975 1074 2003 per
1105 1967 1189 1996 ﬁdem
1211 1966 1299 1995 factus
1326 1970 1368 1995 est
1388 1974 1451 2002 pars
1474 1966 1582 2000 radicis,
1614 1971 1642 1996 et
1667 1967 1759 1997 uuitus

959 2013 1092 2046 Domino.
1104 2016 1133 2040 et
1148 2011 1341 2048 incorporatus
1355 2011 1390 2045 ei,
1413 2015 1522 2047 oportet
1535 2015 1561 2039 et
1579 2011 1701 2040 fructum
1715 2011 1758 2041 af-

960 2057 1044 2091 ferre,
1067 2057 1120 2085 hoc
1143 2060 1197 2091 est,
1221 2056 1305 2084 vitam
1322 2056 1422 2085 habere
1443 2056 1589 2085 virtutibus
1603 2057 1758 2093 praeditam.

961 2102 1043 2137 Quod
1072 2102 1096 2130 si
1115 2101 1229 2138 quidem
1252 2101 1341 2130 solam
1373 2109 1406 2130 ac
1425 2101 1532 2129 nudam
1555 2101 1759 2131 confessionem

962 2147 1023 2175 ﬁdei
1047 2147 1109 2183 quis
1127 2145 1235 2180 habeat,
1257 2149 1284 2174 et
1299 2154 1355 2174 non
1374 2154 1422 2182 per
1436 2146 1657 2175 observationem
1679 2155 1759 2175 man-

961 2191 1089 2220 datorum
1102 2190 1224 2219 fructum
1239 2190 1319 2225 ferat,
1335 2195 1461 2219 mortuus
1474 2191 1579 2226 palmes
1594 2191 1632 2219 ﬁt.
1650 2202 1662 2216 ι
1679 2192 1760 2221 Fides

963 2237 1036 2264 enim
1051 2236 1154 2272 absque
1167 2235 1297 2272 operibus
1310 2239 1418 2263 mortua
1440 2240 1482 2264 est
1501 2235 1534 2264 ⁶⁰.
1557 2247 1570 2260 ι
1586 2236 1686 2265 Omnis
1705 2236 1760 2273 igi-

964 2285 1009 2308 tur
1033 2280 1120 2308 ﬁdelis
1146 2280 1173 2308 in
1194 2280 1305 2308 Christo
1326 2279 1438 2316 quidem
1466 2287 1526 2308 esse
1548 2279 1665 2316 videtur,
1691 2289 1759 2316 qua-

965 2329 1047 2353 tenus
1061 2324 1156 2353 credit.
1175 2336 1187 2349 ι
1201 2325 1300 2353 Omnis
1321 2325 1394 2352 enim
1408 2324 1524 2360 palmes,
1539 2324 1638 2361 inquit,
1651 2325 1705 2362 qui
1719 2329 1761 2355 est

963 2369 990 2398 in
1010 2378 1067 2403 me,
1081 2369 1103 2397 si
1117 2378 1174 2397 non
1190 2369 1308 2397 attulerit
1323 2369 1455 2403 fructum,
1471 2369 1542 2398 tollit
1555 2377 1620 2398 eum
1637 2371 1728 2405 Pater,
1746 2383 1760 2396 ιι

963 2414 1016 2442 hoc
1029 2418 1081 2447 est,
1095 2414 1172 2450 ponit
1184 2418 1259 2442 extra
1273 2413 1497 2442 communionem
1511 2422 1575 2442 cum
1588 2414 1657 2443 Filio
1673 2425 1682 2443 :
1695 2423 1761 2444 eum

964 2462 1058 2487 autem
1072 2458 1118 2494 qui
1132 2457 1291 2493 fructiﬁcat,
1308 2470 1320 2482 ι
1341 2462 1448 2495 purgat.
1465 2470 1478 2483 ι
1494 2459 1547 2487 Hic
1568 2463 1661 2488 autem
1681 2459 1763 2488 disci-

963 2511 1037 2537 mus,
1053 2503 1129 2540 quod
1144 2503 1195 2531 etsi
1215 2503 1292 2531 valde
1307 2503 1407 2532 virtute
1419 2503 1481 2540 quis
1494 2504 1626 2540 prmditus
1646 2504 1692 2539 sit,
1716 2505 1762 2533 in-

964 2548 1038 2584 diget
1051 2551 1143 2576 tamen
1157 2551 1187 2576 ut
1201 2555 1215 2575 a
1231 2549 1289 2576 Deo
1301 2551 1421 2576 curetur.
1434 2548 1506 2576 Nam
1520 2549 1594 2585 quod
1609 2548 1761 2577 infructuo-

963 2600 1037 2627 sum,
1045 2600 1134 2629 neque
1144 2593 1171 2621 in
1181 2593 1234 2621 vite
1246 2593 1346 2628 poterit
1357 2601 1416 2622 esse
1431 2602 1438 2621 :
1452 2593 1526 2630 quod
1536 2597 1627 2622 autem
1641 2593 1762 2622 fructum

964 2636 1028 2672 fert,
1056 2637 1172 2666 fertilius
1195 2637 1262 2666 facit
1280 2639 1367 2666 Pater.
1393 2637 1544 2667 Considera
1569 2642 1665 2666 autem
1688 2638 1762 2674 quod

965 2686 1077 2718 propter
1101 2681 1266 2710 afﬁictiones
1304 2682 1502 2718 discipulorum
1535 2682 1596 2710 haec
1625 2681 1760 2711 dicantur.

964 2726 1192 2763 Quandoquidem
1206 2727 1280 2755 enim
1293 2726 1454 2755 aiﬁictiones
1467 2726 1593 2755 videntur
1604 2734 1672 2761 esse,
1689 2727 1764 2763 quod

965 2771 1058 2800 rustici
1084 2771 1189 2807 dicunt,
1211 2771 1369 2808 putationes
1392 2781 1399 2800 :
1426 2770 1546 2800 ostendit
1570 2771 1608 2800 eis
1627 2771 1764 2801 Dominus
