1922 3077
169 187 218 214 195
677 181 934 209 THEOPHYLACTI
954 181 1132 208 BULGARl/E
1151 182 1307 209 ARCHIEP.

1768 188 1822 214 196

166 246 241 284 quod
266 255 313 283 per
332 247 413 282 711
436 245 598 273 afllictiones
620 243 764 272 fertiliores
783 247 873 277 erunt,
897 243 953 271 sicu

1023 243 1178 283 κλάδευμσν
1204 244 1333 274 δείκνυσιν
1358 247 1447 280 αὐτοῖς
1467 248 1480 275 ὁ
1502 247 1614 286 Κύριος,
1641 249 1677 282 ὡς
1697 248 1742 278 διὰ
1766 250 1823 278 τῶν

167 297 195 321 et
215 300 263 328 per
283 291 454 328 putationem
468 290 603 326 palmites.
628 289 806 316 'l‘eutationes
820 288 895 316 enim
919 296 965 316 eos

168 337 297 366 fortiores
317 335 500 364 declarabant.
527 334 596 362 Dein
619 341 654 361 ne
677 333 777 368 dicant,
806 334 846 360 De
867 333 965 369 quibus

166 382 226 410 hazc
240 381 326 409 dicis?
342 391 355 404 ι
373 381 441 414 Vos,
458 379 555 415 inquit,
578 378 642 406 estis
655 378 749 406 mundi
771 382 883 414 propter
905 386 965 405 scr-

167 434 282 455 monem
304 433 387 461 quem
407 425 515 452 loeutus
529 432 589 452 sum
605 423 688 451 vobis.
715 434 727 447 ιι
743 422 822 457 Vide,
842 423 966 458 superius

165 471 273 499 dicebat
298 478 416 507 purgare
440 471 559 502 Patrem,
586 476 661 496 nunc
685 468 784 495 iterum
808 475 838 495 sc
861 467 965 495 inducit

167 523 264 544 curam
278 519 415 551 agentem.
429 516 493 543 Una
507 513 589 550 igitur
602 512 722 549 operatio
738 512 828 540 Patris
847 516 874 540 et
891 511 962 540 Filii.

167 562 236 596 Ego,
251 560 348 596 inquit,
364 568 412 587 vos
424 559 537 596 purgavi
561 567 607 594 per
621 566 710 586 meam
724 557 876 586 doctrinam
893 567 899 585 :
915 557 962 586 de-

165 605 236 633 betis
263 605 354 641 itaque
379 604 453 641 quod
474 608 596 632 vestrum
629 607 670 631 est
693 602 827 638 conferre,
852 602 913 630 ideo
935 606 963 630 et

166 650 259 678 subdit
275 659 281 678 :

202 786 291 814 Vnus.
305 788 360 814 4-6.
378 796 389 809 ‹ι
404 785 509 813 Maneto
524 784 551 812 in
566 792 623 816 me,
636 787 664 811 et
675 791 725 819 ego
740 783 768 811 in
781 782 869 811 vobis.
886 783 961 811 Sicut

166 831 270 867 palmes
283 830 317 858 de
334 837 363 858 se
378 829 498 857 fructum
519 829 589 857 ferre
603 828 708 865 nequit,
729 828 781 856 nisi
802 831 911 855 maneat
933 827 960 855 in

165 876 219 903 vite
239 883 245 902 :
260 875 298 903 ita
312 882 402 910 neque
417 882 474 908 vos,
490 873 542 901 nisi
556 873 583 901 in
599 881 645 901 me
657 873 820 901 manseritis.
833 874 891 908 Ego
902 880 962 900 sum

165 919 236 953 vitis,
255 927 304 947 vos
318 919 455 955 palmites.
470 919 521 952 Qui
543 922 637 946 manet
651 917 677 945 in
696 925 751 951 me,
765 921 792 945 et
805 925 857 952 ego
876 917 904 944 in
918 925 963 951 eo,

164 963 208 992 hic
220 964 273 992 fert
286 963 406 992 fructum
421 964 552 997 multum,
572 963 635 999 quia
650 963 710 990 sine
723 970 768 990 me
780 970 834 989 non
847 962 961 997 potestis

163 1008 253 1037 facere
266 1008 427 1045 quidquam.
441 1008 499 1036 Nisi
518 1007 579 1043 quis
594 1007 726 1035 manserit
737 1007 767 1034 in
781 1015 837 1040 me,
856 1006 960 1043 cjectus

163 1057 205 1082 est
215 1053 290 1082 foras
303 1054 375 1081 sicut
389 1053 504 1089 palmes,
519 1056 546 1080 et
559 1052 630 1080 aruit
647 1063 653 1080 :
671 1056 698 1079 et
719 1054 888 1087 congregant
902 1060 959 1086 eos,

162 1102 190 1126 et
212 1098 240 1126 in
255 1098 346 1134 ignem
359 1098 520 1134 conjiciunt.
544 1101 573 1124 et
598 1096 703 1125 ardent.
724 1108 736 1121 ιι
759 1098 814 1132 ligo
837 1096 957 1132 quidem,

163 1143 258 1178 inquit,
275 1151 323 1170 vos
338 1142 448 1178 purgavi
466 1150 512 1178 per
523 1149 680 1170 sermonem
704 1149 795 1169 meum
817 1145 842 1168 et
856 1140 958 1168 doctri-

160 1195 237 1221 nam,
252 1191 280 1215 et
297 1188 363 1215 nihil
379 1187 452 1223 quod
466 1195 517 1224 ego
528 1186 620 1215 facere
634 1186 727 1219 debui.
741 1185 958 1221 praetermissum

159 1236 209 1260 est.
234 1232 347 1268 Oportet
363 1236 453 1260 autem
470 1239 544 1259 nunc
559 1235 588 1258 ut:
602 1230 767 1266 incipiantur
781 1234 809 1258 et
821 1238 851 1258 ea
865 1237 927 1266 qua:
942 1237 958 1257 a

159 1275 234 1305 vobis
253 1280 327 1304 sunt.
350 1288 364 1300 «ι
380 1277 499 1308 Mauete.
517 1287 529 1299 ιι
545 1275 642 1311 inquit.
661 1287 673 1300 α
691 1275 717 1303 in
735 1283 787 1302 me.
806 1287 818 1299 ι»
834 1276 904 1302 Nam
922 1283 957 1302 ne

157 1329 214 1357 pra
237 1322 337 1349 timore
352 1326 511 1356 separentur
539 1321 574 1348 ab
607 1329 651 1354 eo,
678 1319 806 1348 remissas
833 1319 956 1355 ipsorum

157 1366 263 1394 animas
275 1366 448 1401 constringit,
464 1369 492 1393 et
503 1365 665 1400 sibijungit,
680 1368 706 1391 et
726 1364 868 1391 meliorem
884 1372 956 1391 nunc

157 1410 195 1438 eis
209 1419 287 1446 spem
297 1411 344 1438 dat
357 1420 363 1437 :
378 1412 556 1445 Quaecunque
567 1409 726 1445 petiveritis.
737 1409 835 1444 inquit,
847 1408 868 1435 si
882 1416 957 1436 mau-

156 1455 244 1483 scritis
265 1455 291 1483 iu
307 1463 362 1490 me,
379 1455 528 1489 accipietis.
543 1454 586 1482 Ab
609 1453 734 1489 exemplo
749 1453 868 1488 palmitis
883 1453 955 1480 clare

155 1500 234 1528 nobis
252 1500 412 1535 qualitatem
434 1503 462 1526 et
485 1499 568 1526 vitam
588 1498 712 1534 exponit,
736 1505 820 1533 quam
841 1497 953 1533 largitur

155 1543 198 1571 his
220 1544 267 1580 qui
281 1543 333 1571 sibi
349 1544 467 1579 placent.
482 1544 552 1571 Nam
568 1542 639 1570 sicut
654 1542 697 1569 ille
721 1549 835 1569 manens
849 1542 876 1569 in
901 1541 952 1569 vile

154 1587 274 1615 fructum
294 1587 368 1621 facit,
393 1596 426 1615 eo
442 1587 516 1623 quod
539 1587 573 1614 ab
588 1587 632 1614 illa
648 1586 752 1614 vivendi
768 1586 953 1622 operationem

155 1632 251 1668 accipit
263 1641 269 1659 :
283 1632 320 1661 ita
335 1636 362 1660 et
376 1640 424 1660 vos
438 1643 451 1656 α
463 1631 485 1660 si
502 1631 652 1659 manseritis
663 1632 690 1660 in
702 1639 747 1659 me
761 1643 773 1655 ι
790 1639 839 1667 per
858 1630 953 1659 obser-

155 1677 296 1705 vationem
312 1677 509 1705 mandatorum
532 1676 665 1712 majorem
687 1675 808 1703 fructum
823 1675 951 1704 afferetis.

155 1721 210 1758 Qui
227 1726 318 1749 autem
339 1730 395 1749 non
417 1725 517 1756 manet,
542 1720 636 1749 aridus
655 1721 695 1754 ﬁt,
721 1721 774 1749 hoc
795 1725 847 1755 est,
863 1720 954 1756 abjicit

153 1766 227 1802 quod
244 1773 260 1794 a
275 1766 365 1794 radice
379 1766 492 1794 habuit:
508 1765 530 1794 si
545 1765 619 1802 quod
634 1765 773 1801 spirituale
787 1765 952 1793 beneficium

154 1811 313 1847 accipiebat,
337 1811 459 1848 privatur
483 1819 528 1846 eo,
550 1815 578 1838 et
599 1811 719 1839 nudatur
742 1810 842 1838 auxilio
858 1814 884 1838 et
900 1810 951 1838 vita

153 1864 215 1893 qua:
226 1855 261 1885 ab
274 1864 307 1885 eo
322 1856 413 1884 datur.
427 1858 460 1884 Et
472 1855 538 1893 quid
551 1855 676 1884 tandem?
689 1867 701 1880 ιι
713 1857 744 1883 Ιι]
756 1855 846 1892 ignem
863 1854 951 1883 mitti-

152 1904 207 1936 tur,
232 1905 259 1929 et
281 1901 368 1929 ardet.
386 1913 399 1926 υ
425 1902 486 1929 Hoc
500 1905 590 1929 autem
606 1901 667 1929 loco
692 1904 719 1928 et
734 1899 952 1929 consolationem

150 1953 206 1973 non
222 1954 334 1982 parvam
348 1946 386 1974 eis
396 1946 455 1980 dat,
470 1946 616 1974 ostendens
633 1944 705 1981 quod
717 1945 745 1972 hi
760 1945 805 1981 qui
822 1945 951 1972 insidian-

149 1994 195 2018 tur
214 1991 277 2024 sibi,
303 1995 333 2019 ut
355 1991 456 2025 Judas,
481 1990 676 2018 comburentur
691 1998 698 2017 :
715 1990 766 2025 ipsi
790 1993 881 2021 autem
903 1989 950 2025 qui

148 2035 301 2063 manserint
326 2035 354 2062 in
379 2043 423 2066 eo.
454 2034 576 2062 fructum
604 2033 730 2062 afferent.
753 2035 824 2062 Nam
849 2033 950 2068 absque

147 2087 229 2107 succo
242 2084 269 2107 et
284 2079 466 2106 viviﬁcatione
484 2086 547 2115 quae
567 2078 631 2106 inde
644 2077 778 2114 procedit,
799 2085 855 2105 non
869 2082 950 2114 pote-

148 2127 212 2152 runt
227 2123 374 2160 quidquam
385 2122 484 2152 facere.

182 2259 270 2286 Vnus.
286 2259 342 2286 7-8.
360 2266 375 2283 ((
399 2257 428 2285 Si
443 2255 595 2284 manseritis
609 2256 636 2284 in
652 2263 708 2290 me,
731 2260 757 2283 et
777 2255 858 2284 verba
884 2264 946 2284 mea

146 2303 175 2330 iu
190 2302 268 2330 vobis
291 2302 456 2335 manserint,
472 2300 607 2337 quidquid
627 2301 775 2336 volueritis,
793 2301 901 2337 petetis,
919 2306 946 2330 et

147 2346 193 2374 ﬁet
215 2346 302 2375 vobis.
326 2348 357 2374 In
383 2346 434 2374 hoc
462 2346 628 2382 glorilieatus
649 2349 691 2373 est
714 2347 792 2373 Pater
807 2353 892 2379 meus,
915 2350 946 2373 ut

145 2391 266 2419 fructum
282 2391 425 2427 copiosum
439 2389 571 2424 afferatis,
587 2394 615 2418 et
626 2389 784 2418 efﬁciamini
799 2391 852 2418 mei
867 2391 945 2418 disci-

144 2437 210 2472 puli.
233 2447 246 2460 ιι
268 2438 328 2464 Hoc
343 2436 403 2464 loco
417 2436 614 2471 interpretatur
635 2435 715 2463 nobis
731 2436 865 2463 Dominus
879 2435 944 2471 quid

143 2481 178 2508 sit
201 2480 275 2516 quod
290 2481 367 2515 dixit,
385 2492 398 2505 σι
414 2481 441 2509 Si
457 2480 615 2508 manseritis
630 2479 656 2508 in
673 2487 741 2513 me,,
759 2491 771 2504 ιι
788 2479 840 2508 hoc
854 2485 905 2514 est,
920 2481 942 2508 si

144 2525 271 2554 mandata
301 2534 361 2554 mea
385 2525 571 2553 custodieritis
592 2533 599 2553 :
624 2524 679 2552 hoc
703 2524 776 2552 enim
797 2525 941 2560 signiﬁcat,

144 2582 157 2595 ι
173 2571 201 2599 Si
214 2571 296 2599 verba
310 2579 370 2598 mea
384 2570 539 2598 manserint
553 2569 579 2598 in
594 2569 680 2597 vobis.
695 2580 708 2595 ι
723 2569 790 2597 Vult
805 2569 879 2597 enim
892 2570 942 2598 sibi

141 2623 188 2652 per
202 2624 286 2652 opera
299 2615 482 2644 adhaereatur.
498 2615 571 2642 Nam
590 2614 746 2650 quicunque
759 2615 818 2642 Deo
836 2615 942 2650 placere

141 2660 253 2697 cupiens
281 2661 357 2693 vivit,
381 2660 520 2688 voluntate
549 2667 598 2687 sua
626 2663 718 2687 manet
744 2659 772 2687 in
795 2660 857 2694 vite,
878 2668 941 2688 cum

140 2706 236 2734 unitur
255 2705 294 2734 illi
315 2714 361 2742 per
381 2705 554 2733 dilectionem
575 2708 604 2732 et
625 2704 808 2732 servationem
828 2704 940 2734 manda-

138 2754 243 2786 torum,
260 2751 437 2786 adhaeretque
451 2749 549 2785 spiritu
566 2749 654 2776 :sicut
666 2753 763 2777 contra
778 2749 851 2785 quia
865 2758 940 2778 man-

139 2794 268 2824 datorum
282 2795 471 2824 observatione
481 2794 568 2828 abest,
582 2793 665 2829 712
675 2798 772 2830 sponte
785 2803 800 2823 a
814 2795 936 2823 Domino

138 2839 280 2869 alienatur.
296 2841 327 2868 In
343 2840 396 2868 hoc
406 2843 499 2868 autem
514 2837 682 2875 gloriﬁcattu'
696 2840 775 2868 Pater
786 2847 877 2874 meus,
895 2841 938 2868 in-

1024 288 1134 329 θλίψεων
1157 289 1329 330 γονιμώτεροι
1345 291 1514 330 γενήσονται,
1529 291 1621 332 ὥσπερ
1644 292 1689 322 καὶ
1716 293 1759 322 διὰ
1774 295 1824 328 τῆς

1022 333 1147 366 κλαδείας
1160 333 1194 363 τὰ
1221 334 1358 372 κλήματα·
1386 337 1410 365 οἱ
1434 335 1484 375 γὰρ
1508 337 1655 377 πειρασμοὶ
1679 339 1824 377 ἰσχυροτέ-

1023 389 1080 418 ρους
1097 379 1198 417 μᾶλλον
1214 379 1311 412 αὖτοὺς
1335 380 1475 411 ἐδείκνυον.
1498 375 1565 410 Εἶτά
1593 381 1636 411 ἵνα
1653 382 1690 420 μὴ
1706 375 1824 421 ’λένωσν

1023 422 1089 462 Περὶ
1102 422 1180 452 τίνων
1195 426 1279 453 ταῦτα
1304 424 1402 463 λέγεις
1422 436 1436 454 α
1455 425 1560 464 Ὑμεῖς,
1577 427 1669 466 φησὶν,
1687 428 1745 457 ἐστὲ
1767 439 1823 456 κα-

1020 468 1094 507 θαροὶ
1110 468 1153 496 διὰ
1168 467 1212 497 τὸν
1227 469 1313 509 λόγον,
1329 468 1358 499 ὃν
1373 469 1509 512 λελέληκα
1527 472 1599 509 ὑμῖν.
1617 482 1630 500 ι)
1646 470 1734 512 “Ops,
1751 473 1823 502 ἄνω-

1019 512 1088 552 τέρω
1102 512 1148 541 τὸν
1171 513 1284 554 Πατέρα
1307 514 1394 554 ἔλεγεν
1413 509 1480 544 εῖναι
1503 515 1546 544 τὸν
1570 509 1747 556 καθαίροντα·
1773 520 1821 546 ν’ὗν

1019 557 1098 586 παλιν
1114 557 1206 586 ἑαυτὸν
1230 558 1330 598 εἰσάγει
1351 559 1396 588 τὸν
1425 559 1645 598 ἐπιμελούμενον.
1674 561 1733 591 Μία
1764 562 1819 601 ἄρα

1019 602 1034 636 ἡ
1051 601 1168 641 ἐνέργεια
1183 605 1228 631 τοῦ
1246 603 1352 643 Πατρὸς
1377 602 1423 633 καὶ
1438 606 1484 633 τοῦ
1510 605 1587 634 Υἱοῧ.
1604 603 1695 643 Ἐγὼ,
1722 606 1818 646 φησὶν,

1018 646 1086 692 ὑμᾶς
1108 646 1228 692 εκάθηρα
1256 646 1299 676 διὰ
1325 649 1372 683 τῆς
1403 649 1468 686 ἐμῆς
1491 649 1675 683 διδασκαλίας·
1696 650 1820 691 ὀφείλετε

1016 690 1060 719 οὖν
1088 690 1122 719 τὰ
1145 691 1261 732 ὑμέτερα
1285 692 1378 722 λοιπὸν
1406 693 1609 724 ἐπιδείκνυσθαι·
1625 694 1665 724 διὸ
1692 695 1738 724 καὶ
1755 696 1819 725 ἐπι-

1015 735 1097 776 φέρει⁸

1060 790 1075 809 tt
1092 780 1208 810 Μείνατε
1225 782 1251 810 ἐν
1265 780 1333 819 ἐμοὶ,
1348 781 1423 820 κάγὼ
1434 783 1460 811 ἔν
1477 784 1550 820 ὑμῖν.
1569 783 1663 818 Καθὼς
1676 783 1706 813 τὸ
1722 786 1818 822 κλῆμα

1017 825 1046 854 οὗ
1069 825 1178 854 δύναται
1195 825 1296 866 καρπὸν
1316 826 1403 866 φέρειν
1424 828 1469 866 ἀφ’
1484 829 1589 866 ἑαυτοῦ,
1612 828 1657 858 ἐὰν
1683 829 1720 867 μὴ
1737 830 1817 869 μείνῃ

1018 869 1044 898 ἐν
1061 871 1093 909 τῇ
1118 870 1240 910 ἀμπέλῳ·
1266 869 1348 904 οὕτως
1379 871 1438 901 οὐδὲ
1465 873 1553 910 ὑμεῖς,
1579 873 1625 903 ἐὰν
1651 873 1688 911 μὴ
1706 876 1732 903 ἐν
1756 876 1818 912 ἐμοὶ

1019 913 1135 952 μείνητε.
1159 915 1232 954 Ἐγώ
1252 916 1307 953 εἰμι
1330 918 1346 952 ἡ
1371 915 1502 955 ἄμπελος,
1519 918 1594 955 ὑμεῖς
1618 917 1651 947 τὰ
1673 919 1815 956 κλήματα.

1015 957 1047 988 Ὁ
1064 958 1151 997 μένων
1172 959 1198 988 ἐν
1214 959 1285 997 ἐμοὶ,
1302 959 1377 998 κάγὼ
1394 962 1420 990 ἐν
1437 962 1520 1001 αὐτῷ,
1535 957 1610 996 οἶτος
1622 961 1695 1002 φέρει
1710 963 1817 1002 καρπὸν

1015 1003 1111 1040 πολὺν,
1128 1003 1169 1033 ὅτι
1183 1003 1265 1044 χωρὶς
1288 1005 1354 1042 ἐμοῦ
1377 1006 1406 1034 οὔ
1421 1006 1532 1035 δύνασθε
1546 1009 1631 1036 ποιεῖν
1644 1007 1730 1037 οὐδέν.
1745 1007 1815 1038 Ἐὰν

1016 1048 1054 1085 μή
1073 1060 1111 1081 τις
1127 1048 1204 1087 μείνῃ
1222 1051 1247 1078 ἐν
1261 1049 1338 1086 ἐμοὶ,
1356 1050 1457 1086 ἐϐλήθη
1476 1049 1526 1084 ἔξω
1541 1052 1576 1084 ὡς
1590 1051 1620 1081 τὸ
1641 1053 1743 1091 κλῆμα,
1767 1053 1816 1082 καὶ

1014 1092 1153 1132 ἐξηράνθη’
1177 1093 1222 1123 καὶ
1259 1094 1415 1133 συνάγουσιν
1446 1095 1531 1131 αὐτὰ,
1555 1096 1602 1125 καὶ
1637 1097 1674 1130 εἷς
1699 1097 1729 1126 τὸ
1759 1101 1815 1138 π’ῦρ

1015 1139 1154 1177 βάλλουσι,
1177 1137 1223 1167 καὶ
1242 1138 1356 1168 καίεται.
1371 1150 1386 1168 D
1411 1139 1484 1178 Ἐγὼ
1501 1139 1560 1178 μὲν,
1578 1141 1662 1180 φησὶ,
1679 1141 1726 1170 καὶ
1742 1137 1815 1181 ὑμᾶς

1013 1182 1131 1220 ἐκάθηρα
1148 1182 1191 1210 διὰ
1207 1185 1251 1212 τοῦ
1267 1183 1345 1221 λόγου
1361 1196 1411 1221 μου
1433 1185 1479 1214 καὶ
1496 1187 1540 1220 τῆς
1555 1186 1747 1223 διδασκαλίας,
1764 1187 1814 1216 καὶ

1013 1226 1085 1255 οὐδὲν
1101 1229 1152 1255 τῶν
1168 1229 1232 1266 παρ’
1246 1228 1304 1266 ἐμοὶ
1324 1228 1451 1268 ἐνέλειψε.
1468 1229 1516 1259 Δεῖ
1537 1229 1564 1258 δὲ
1588 1230 1703 1270 ὑπάρξαι
1718 1231 1813 1262 λοιπὸν

1013 1270 1102 1300 καὶτὰ
1117 1274 1179 1311 παρ’
1193 1274 1278 1310 ὑμῶν.
1299 1284 1314 1301 (ι
1332 1274 1446 1303 Μείνατε
1469 1276 1495 1303 ἐν
1512 1274 1587 1312 ἐμοὶ,
1603 1286 1617 1304 ι)
1639 1276 1729 1314 φησίν.
1749 1274 1812 1306 Ἴνα

1010 1314 1061 1356 γὰρ
1084 1315 1122 1354 μὴ
1147 1317 1199 1345 ἀπὸ
1220 1319 1266 1352 τῆς
1287 1318 1384 1351 δειλίας
1404 1319 1602 1358 ἀποτχισθῶσιν
1630 1321 1719 1356 αὐτοῦ,
1743 1331 1814 1360 χαυ-

1010 1363 1138 1390 νωθεῖσαν
1163 1362 1248 1391 αὐτῶν
1268 1362 1315 1397 τὴν
1336 1363 1424 1403 ψυχὴν
1449 1363 1600 1404 ἐπισφίγγει
1614 1386 1622 1400 ,
1651 1365 1698 1393 καὶ
1718 1367 1810 1407 ἑαυτῷ

1009 1406 1154 1446 συγκολλᾷ,
1188 1406 1233 1435 καὶ
1262 1412 1381 1446 χρηστὰς
1409 1408 1539 1437 ὓποτείνει
1564 1408 1657 1438 λοιπὸν
1684 1406 1807 1447 ἐλπίδας,

1009 1448 1057 1477 ὅτι·
1076 1448 1152 1480 ⁸¹Οσα
1177 1449 1208 1479 ἂν
1234 1451 1395 1490 αἰτήσησθε,
1419 1452 1553 1492 λήψεσθε,
1580 1453 1625 1482 ἐὰν
1650 1460 1758 1492 μείνητε
1782 1456 1809 1484 ἐν

1009 1493 1080 1531 ἐμοί.
1146 1493 1211 1524 Ἀπὸ
1239 1495 1265 1524 δὲ
1296 1499 1342 1526 τοῦ
1368 1497 1561 1536 ὑποδείγματος
1595 1500 1642 1527 τοῦ
1671 1499 1810 1536 κλήματος

1023 1525 1028 1531 .
1467 1525 1484 1536 ,.
1671 1525 1808 1536 ..ν-..πην--τ

971 1525 1124 1578 οέναργῶς
1154 1544 1272 1580 παριστᾷ
1290 1541 1354 1578 ἡμῖν
1382 1542 1428 1575 τὴν
1460 1543 1523 1581 παρ’
1554 1543 1635 1571 αὐτοῦ
1665 1543 1808 1581 διδομένην

1009 1583 1138 1617 ποιότητα
1161 1586 1207 1613 καὶ
1231 1585 1299 1619 ζωὴν
1316 1589 1370 1619 τοῖς
1392 1586 1576 1626 εὖαρεστοῢσιν
1594 1588 1678 1628 αὐτῷ.
1695 1588 1808 1628 ’Ὠσπερ

1007 1627 1069 1673 γὰρ,
1088 1629 1171 1658 ἐκεῖνο
1198 1634 1359 1670 καρποφορεῖ
1384 1630 1460 1669 μένον
1489 1632 1515 1660 ἐν
1541 1633 1573 1670 τῇ
1605 1627 1732 1673 ἀμπέλῳ,
1760 1627 1808 1662 καὶ

1007 1672 1071 1713 παρ’
1094 1674 1196 1709 ἐκείνης
1215 1674 1355 1713 δεχόμενον
1382 1675 1430 1710 τήν
1459 1675 1524 1713 πρὸς
1548 1675 1577 1705 τὸ
1592 1677 1638 1716 ζῇν
1658 1672 1807 1716 συνεργίαν·

1006 1716 1075 1746 οῧτω
1102 1718 1148 1747 καὶ
1174 1719 1248 1756 ὑμεῖς
1277 1732 1288 1745 ιι
1310 1719 1355 1748 ἐὰν
1383 1719 1409 1748 ἐν
1435 1720 1494 1758 ἐμοὶ
1519 1720 1626 1757 μείνητε
1653 1735 1664 1748 ιι
1691 1723 1734 1751 διὰ
1757 1725 1807 1759 τῆς

1005 1761 1141 1802 τηρήσεως
1162 1765 1214 1792 τῶν
1246 1764 1376 1801 ἐντολῶν,
1404 1764 1464 1793 τότε
1493 1764 1602 1794 πλείονα
1628 1767 1730 1806 καρπὸν
1760 1767 1806 1796 ἐν·

1006 1806 1118 1848 έχκοιτε.
1144 1806 1178 1837 Ὁ
1199 1807 1226 1837 δὲ
1242 1807 1279 1846 μὴ
1296 1808 1380 1846 μένων
1398 1807 1557 1848 ξηραίνεται·
1573 1812 1723 1847 τουτέστιν,
1739 1811 1765 1840 εἴ
1779 1824 1807 1841 τι

1006 1847 1074 1892 εἶχεν
1090 1852 1142 1881 ἀπὸ
1154 1855 1202 1888 τῆς
1227 1853 1313 1893 ῥίζης,
1338 1853 1494 1883 ἀποϐάλλει·
1507 1853 1532 1883 εἴ
1546 1866 1604 1883 τινα
1627 1856 1707 1895 χάριν
1723 1867 1806 1886 πνευ-

1005 1897 1121 1935 ματικὴν
1143 1897 1268 1937 ἐδέχετο,
1292 1902 1436 1937 γυμνοῦται
1459 1898 1573 1935 ταύτης,
1598 1900 1643 1928 καὶ
1668 1905 1804 1939 στερεῐται

1004 1943 1051 1977 τ’ἤς
1072 1943 1170 1971 ἐκεῖθεν
1197 1942 1319 1982 βοηθείας
1349 1943 1394 1972 καὶ
1421 1945 1501 1979 ζωῆς.
1529 1944 1582 1974 Καὶ
1607 1943 1631 1973 τί
1649 1945 1679 1973 τὸ
1710 1945 1801 1983 τέλος

1005 1999 1016 2012 ι
1046 1987 1094 2020 Εἰς
1121 1989 1173 2026 πῦρ
1192 1988 1333 2026 βάλλεται,
1358 1988 1405 2017 καὶ
1428 1988 1543 2018 καίεται.
1572 2001 1584 2014 »
1606 1989 1744 2019 Ἐντεῧθεν
1772 1991 1804 2020 δὲ

1004 2030 1049 2060 καὶ
1071 2031 1242 2070 παραμυθίαν
1265 2032 1351 2065 αὐτοῖς
1372 2033 1402 2061 οὗ
1428 2032 1526 2073 μικρὰν
1550 2033 1656 2067 δίδωσι,
1682 2034 1802 2073 δεικνὺς,

1001 2075 1041 2105 ὅτι
1057 2077 1081 2106 οἱ
1097 2075 1144 2114 μὲν
1160 2076 1371 2110 ἐπιϐουλεύοντες
1395 2079 1483 2118 αὐτῷ,
1508 2073 1560 2112 οἶος
1576 2080 1590 2108 ὃ
1607 2078 1720 2116 Ἰούδας,
1740 2092 1799 2109 κα-

1002 2121 1195 2156 τακαήσονται·
1217 2122 1291 2151 αὐτοὶ
1316 2121 1342 2151 δὲ
1369 2123 1505 2160 μείναντες
1527 2124 1553 2153 ἐν
1579 2123 1669 2164 αὐτῷ,
1696 2125 1801 2165 καρπὸν

1002 2165 1110 2195 οἴσουσι.
1140 2166 1229 2205 Χωρὶς
1257 2167 1306 2207 γὰρ
1333 2169 1379 2203 τῆς
1405 2169 1450 2197 ὑπ’
1476 2168 1556 2197 αὐτοῦ
1580 2171 1720 2205 ποιότητος
1753 2169 1801 2199 καὶ

958 2213 984 2245 D
999 2210 1153 2249 ζωογονίας,
1170 2211 1199 2240 οὖ
1213 2211 1373 2247 δυνήσονται
1386 2217 1469 2242 ποιεῖν
1488 2212 1573 2243 οὐδέν.

1040 2269 1052 2282 ft
1069 2254 1135 2285 Ἐὰν
1152 2254 1257 2293 μείνητε
1273 2258 1299 2285 ὲν
1315 2257 1387 2295 ἐμοὶ,
1402 2257 1447 2286 καὶ
1460 2257 1493 2287 τὰ
1506 2257 1614 2297 ῥήματά
1626 2270 1677 2297 μου
1691 2259 1717 2288 ἐν
1732 2259 1798 2298 ὑμῖν

1001 2299 1094 2340 μείνῃ,
1107 2299 1120 2329 ὃ
1135 2299 1179 2329 ἐὰν
1196 2302 1302 2337 θέλητε,
1318 2302 1473 2341 αἰτήσεσθε,
1490 2305 1534 2332 καὶ
1555 2303 1698 2341 γενήσεται
1722 2305 1797 2341 ὑμῖν.

1000 2346 1046 2375 Ἐν
1063 2344 1147 2385 τούτῳ
1166 2345 1292 2382 ἐδοξάσθη
1308 2348 1322 2375 ὁ
1339 2347 1435 2387 Πατήρ
1450 2358 1519 2386 μου,
1530 2346 1575 2376 ἵνα
1590 2349 1694 2388 καρπὸν
1712 2348 1798 2378 πολὺν

998 2389 1110 2430 φέρητε,
1133 2390 1179 2420 καὶ
1193 2391 1303 2430 γένησθε
1326 2392 1384 2430 ἐμοὶ
1409 2391 1539 2430 μαθηταί.
1559 2404 1571 2418 ι
1588 2393 1724 2422 Ἐνταῦθα
1750 2394 1795 2434 ἑρ-

998 2434 1105 2472 μηνεύει
1128 2438 1191 2473 ἡμῖν
1204 2437 1217 2464 ὁ
1235 2436 1348 2476 Κύριος,
1373 2436 1400 2465 τί
1424 2437 1479 2466 ἐστι
1498 2437 1546 2472 τὸ,
1567 2450 1578 2462 οι
1598 2437 1665 2468 Ἐὰν
1689 2437 1798 2476 μείνητε

998 2480 1024 2508 ἐν
1048 2480 1118 2518 ἐμοί.
1137 2493 1150 2506 ι»
1175 2481 1320 2518 τουτέστιν,
1348 2481 1413 2510 Ἐὰν
1435 2482 1483 2516 τὰς
1507 2482 1613 2515 ἐντολάς
1637 2493 1687 2520 μου
1711 2483 1797 2524 φυλᾶ-

996 2523 1069 2560 ξητε·
1087 2525 1117 2554 τὸ
1131 2525 1182 2564 γὰρ
1193 2547 1201 2560 ,
1217 2539 1228 2551 κ
1245 2526 1298 2556 Καὶ
1319 2525 1352 2554 τὰ
1366 2526 1473 2566 ῥήματά
1492 2538 1542 2565 μου
1560 2528 1585 2557 ἐν
1600 2527 1661 2566 ὑμῖν
1678 2528 1765 2567 μείνῃ,
1781 2541 1794 2555 ι

996 2570 1073 2598 τοῦτο
1102 2569 1234 2608 σημαίνει.
1263 2569 1320 2606 Τὴν
1339 2571 1383 2600 διὰ
1414 2572 1464 2599 τῶν
1495 2570 1577 2612 ἔργων
1597 2572 1794 2612 προσκόλλησιν

995 2614 1079 2648 ζητεῖ.
1100 2613 1234 2648 ιἝκαστος
1252 2615 1304 2655 γὰρ
1325 2616 1378 2644 τῶν
1399 2616 1545 2656 θεαρέστως
1565 2616 1686 2656 ζώντων,
1700 2627 1795 2656 προαι-

996 2657 1067 2697 ρέσει
1081 2658 1165 2698 οἰκείᾳ
1189 2659 1262 2698 μένει
1276 2661 1303 2689 ἐν
1316 2662 1348 2699 τῇ
1368 2661 1491 2701 ἀμπέλῳ,
1516 2661 1654 2700 ἑνούμενός
1670 2673 1699 2692 τε
1723 2662 1794 2702 αὖτῇ

995 2702 1038 2732 διὰ
1053 2705 1100 2739 τῆς
1111 2703 1234 2742 ἀγάπης,
1252 2705 1296 2734 καὶ
1315 2708 1363 2740 τῆς
1379 2707 1431 2735 τῶν
1446 2707 1559 2736 ἐντολῶν
1574 2708 1729 2746 τηρήσεως,
1745 2707 1793 2736 καὶ

993 2748 1020 2777 ἐν
1038 2747 1170 2786 πνεύματι
1197 2748 1373 2789 κολλώμενοςο
1400 2750 1490 2791 ὥσπερ
1513 2752 1681 2788 τούναντίον,
1704 2753 1718 2780 6
1741 2753 1793 2793 ἄφ-

994 2792 1132 2831 ιστοίμενος
1147 2795 1194 2830 τῆς
1208 2796 1259 2824 τῶν
1274 2796 1387 2825 ἐντολῶν
1405 2796 1546 2837 ἐργασίας,
1563 2797 1791 2836 ἀπαλλοτριοῦται

994 2837 1061 2868 ἑκὼν
1074 2838 1127 2869 ἀπὸ
1136 2841 1182 2869 τοῦ
1196 2839 1302 2880 Κυρίου.
1315 2840 1363 2871 Ἐν
1376 2840 1461 2881 τούτῳ
1473 2840 1500 2870 δὲ
1519 2840 1653 2877 δοξάζεται
1664 2843 1678 2872 ὁ
1693 2841 1790 2881 Πατήρ
