1922 3077
108 132 164 159 I97

107 205 178 231 μου,
192 195 284 234 φησὶν,
306 197 332 225 ἐν
345 197 383 236 τῷ
404 195 492 235 φέρειν
512 197 582 234 ὑμᾶς
597 196 679 243 πολὺν
701 197 814 237 καρπόν.
834 197 904 231 Δόξα
921 211 947 243 Α

105 237 158 278 γὰρ
169 241 215 268 τοῦ
226 240 298 269 Θεοῦ
312 240 358 270 καὶ
372 240 489 280 Πατρὸς,
502 243 519 276 ἡ
532 243 559 270 εὐ
566 241 704 278 δοκίμησις
714 243 766 271 τῶν
781 245 827 272 τοῦ
839 243 904 272 Υἱοῦ

106 283 189 312 αὐτοῦ
203 286 341 322 μαθητῶν.
366 286 526 322 Λάμποντος
540 286 590 325 γὰρ
601 289 648 316 τοῦ
663 286 747 324 φωτὸς
763 289 814 316 τῶν
833 288 905 316 ἄπο-

106 328 209 358 στόλων
224 329 372 368 ἔμπροσθεν
396 331 448 358 τῶν
470 331 631 370 ἀνθρώπων,
654 331 818 365 ἐδοξάζετοὸ
842 332 904 361 Πα-

105 372 157 412 τὴρ
173 375 187 402 6
201 373 330 411 οὐράνιος.
355 374 463 413 Καρπὸς
479 377 530 404 τῶν
546 375 700 405 ἀποστόλων
716 377 761 404 καὶ
777 375 810 405 τὰ
825 376 904 414 ἔθνη,

106 418 140 446 τὰ
169 418 214 447 διὰ
248 420 296 454 τῆς
324 419 498 453 διδασκαλίας
528 420 614 448 αὐτῶν
650 421 836 461 προσαχθέντα
869 423 902 461 τῇ

104 461 204 498 πίστει,
217 463 262 492 καὶ
274 462 343 503 [τὰ]
359 464 395 495 εἰς
410 464 485 498 δόξαν
497 465 568 494 Θεοῦ
579 464 718 503 γενόμενα.
735 466 766 495 Εἰ
778 465 864 494 τοίνυν
876 466 902 494 ἐν

104 507 191 546 τούτῳ
208 507 344 541 δοξάζεται
363 510 376 536 6
394 508 507 548 Πατὴρ,
530 509 556 537 ἐν
571 511 609 548 τῷ
627 513 695 548 ὑμᾶς
711 511 903 550 καρποφορεῖν,

103 551 151 580 οὐκ
176 551 229 591 ἄρα
251 553 382 592 ἀμελήσει
403 555 450 589 τῆς
464 553 561 587 οἰκείας
578 554 671 592 δόξης,
687 555 756 584 ἀλλὰ
779 555 823 584 καὶ
842 567 902 584 συν-

103 596 213 634 εργήσει
235 599 297 634 ὑμῖν
324 598 359 630 εἷς
381 597 413 626 τὸ
440 597 549 628 πλείονα
572 603 768 639 χαρποψορεῐν,
794 599 838 628 ⁴ἵνα
857 599 902 628 καὶ

101 641 184 669 πλέον
209 641 359 678 δοξάζηται.
385 656 397 669 σ
415 642 461 673 Ἐν
480 642 566 682 τούτῳ
587 643 653 682 γὰρ,
668 644 760 684 φησὶν,
775 643 901 680 ἐδοξάσθη

103 687 119 714 6
138 686 236 725 Πατήρ
250 699 312 724 μου,
330 686 373 715 ἵνα
387 687 489 726 καρπὸν
504 688 585 717 πολὺν
602 687 713 728 φέρητε,
729 689 773 718 καὶ
789 689 901 728 γένησθε

101 729 161 765 ἐμοὶ
185 732 316 769 μαθηταί.
334 745 346 758 ι»
361 731 462 772 ⁸ορᾷς,
474 733 531 766 πῶς
552 735 566 762 ὁ
585 733 687 772 καρπὸν
710 733 813 774 φέρων,
834 734 901 762 ἕκεῖ-

100 774 144 806 νός
157 776 214 804 ἐστι
235 777 273 816 τῷ
294 776 349 806 ὄντι
377 776 514 815 μαθητὴς,
535 776 581 807 καὶ
607 779 621 806 6
644 778 740 816 Πατὴρ
768 780 794 808 ἐν
815 778 900 818 τούτῳ

100 818 254 858 δοξάζεται,
269 821 390 850 τουτέστι
408 821 512 861 χαίρει,
537 821 582 851 καὶ
607 821 682 856 δόξαν
705 822 804 852 οἰκείαν
823 824 900 851 τοῦτο

97 864 204 903 ἡγεῖται
209 887 216 894 .

502 134 697 162 ΕΝΑΒΒΑΤΙΟ
717 135 750 162 IN
771 135 883 163 EVANG

941 134 985 162 ΟΜ
1001 133 1149 162 JOANNIS.
1169 150 1204 156 —
1222 136 1297 164 CAP.
1317 137 1371 164 XV.

1712 143 1762 169 £98

961 195 1032 232 quit,
1045 195 1069 224 si
1085 204 1132 224 vos
1145 195 1264 225 fructum
1277 198 1395 228 multum
1406 199 1562 229 attuleritis.
1575 201 1671 231 Gloria
1686 203 1759 232 enim

961 241 1014 268 Dei
1034 245 1062 269 et
1081 241 1180 276 Patris,
1202 243 1361 278 approbatio
1389 243 1588 281 discipulorum
1610 247 1671 275 Filii
1691 248 1758 284 ejus.

958 286 1029 314 Nam
1046 285 1166 321 fulgente
1187 286 1247 314 luce
1268 288 1457 323 apostolorum
1479 298 1574 318 coram
1590 291 1758 327 hominibus,

957 330 1162 366 gloriﬁcabatur
1177 332 1256 359 Pater
1270 333 1399 360 erclestis.
1416 334 1531 362 Fructus
1555 335 1628 363 enim
1647 341 1757 372 aposto-

957 375 1225 411 lorumsuntgentcs,
1233 385 1295 412 quae
1301 377 1508 413 pcrdoctrinam
1516 379 1665 407 illorumad
1676 381 1756 410 ﬁdem

957 424 1021 447 sunt
1034 420 1169 451 adductae.
1182 426 1208 449 et
1221 429 1283 458 qua:
1294 423 1396 458 operati
1406 427 1470 451 sunt
1480 425 1512 451 ait
1526 425 1640 460 gloriam
1658 427 1717 453 Dei.
1727 428 1755 455 Si

957 464 1042 500 igitur
1064 465 1232 499 gloriﬁcatur
1247 468 1324 494 Pater
1343 467 1410 495 dum
1435 476 1483 496 vos
1503 468 1624 497 fructum
1639 469 1756 506 offertis,

957 509 1051 544 utique
1074 518 1152 538 suam
1176 511 1289 546 gloriam
1313 520 1367 540 non
1389 513 1517 549 negliget,
1539 514 1586 541 sed
1602 516 1757 550 operabilur

956 554 1108 588 vobiscum,
1132 559 1164 582 ut
1186 556 1366 591 copiosiorem
1396 557 1517 586 fructum
1539 558 1672 592 offeratis,
1700 569 1756 597 quo

956 599 1043 634 magis
1061 599 1238 635 gloriﬁcetur.
1255 612 1267 624 α
1282 603 1312 628 In
1334 602 1385 629 hoc
1401 602 1487 636 enim,
1503 603 1603 639 inquit,
1617 604 1754 640 gloriﬁca-

952 647 1000 671 tus
1020 648 1062 671 est
1077 645 1156 672 Pater
1171 653 1260 677 meus.
1283 650 1313 673 ut
1336 645 1457 675 fructum
1479 649 1600 676 multum
1620 649 1754 686 afferatis,

954 692 982 715 et
1001 688 1157 716 clllciamini
1180 690 1232 717 mei
1247 689 1381 726 discipuli.
1408 703 1420 715 ι
1445 692 1530 720 Vides
1549 694 1690 729 quomodo
1710 695 1754 724 ille

953 737 993 760 est
1011 733 1130 761 fructum
1143 733 1262 762 al't‘erens
1283 736 1329 772 qui
1346 743 1408 763 vere
1430 741 1472 764 est
1486 737 1644 774 diseipulus,
1659 744 1686 767 et
1701 741 1751 768 Pa-

954 780 996 804 ter
1018 778 1043 805 in
1059 778 1111 805 isto
1134 779 1312 815 gloriﬁcatur,
1329 780 1381 809 hoc
1400 784 1440 809 est
1465 781 1574 818 gaudet,
1597 787 1623 812 et
1637 785 1752 819 gloriam

954 829 1032 850 suam
1049 822 1101 851 boc
1116 824 1262 852 existimat.

141 923 155 936 ι
183 909 278 943 Καθὼς
295 910 421 949 ἠγάπησε
443 922 476 949 με
499 912 514 940 6
534 912 648 952 Πατὴρ,
667 911 742 948 κᾶγὼ
765 911 883 950 ἧγάπησι

937 929 938 935 η
988 903 1076 931 Vens.
1092 907 1119 936 9,
1137 906 1179 931 10.
1204 916 1217 929 ιι
1236 905 1311 932 Sicut
1323 905 1415 933 dilexit
1430 914 1474 935 me
1496 909 1585 942 Pater,
1608 909 1644 937 ita
1660 913 1686 938 et
1701 919 1751 947 ego

99 955 178 991 ὓμᾶς.
196 954 313 984 Μείνατι
329 957 355 985 ἐν
377 957 410 996 τῇ
431 955 522 996 ἀγάπῃ
537 958 570 992 τῆ
590 958 653 996 ἐμῇ.
682 956 746 986 Ἐὰν
761 957 808 989 τὰς
822 958 894 986 ἐντο-

97 999 146 1032 λάς
161 1011 213 1038 μου
228 999 379 1040 τηρήσητε,
404 1005 504 1037 μενεῖτε
520 1002 545 1030 ἐν
560 1003 592 1040 τῇ
616 1001 706 1041 ἀγάπῃ
726 1013 792 1039 μου,
809 1000 895 1035 καθὼς

98 1043 151 1081 ἐγὼ
179 1045 226 1076 τὰς
247 1044 356 1078 ἐντολὰς
383 1047 429 1074 τοῦ
461 1044 566 1084 Πατρός
593 1057 644 1083 μου
669 1046 823 1086 τετήρηκα,
849 1046 893 1076 καὶ

98 1087 171 1126 μένω
189 1089 270 1118 αὖτοῦ
295 1091 322 1118 ἐν
351 1091 383 1129 τῇ
411 1089 512 1128 ἀγάπῃ.
531 1104 542 1116 ι
569 1091 688 1131 Θαρῤιίν
709 1091 799 1124 αὐτοὺς
820 1102 892 1131 προ-

98 1133 225 1170 τρέπεται
252 1134 295 1163 διὰ
323 1137 370 1163 τοῦ
384 1134 485 1172 λέγειν,
505 1135 545 1164 ὅτι
564 1148 576 1161 ι
596 1135 741 1174 Ἠγάπησα
767 1138 851 1172 ὑμᾶς,
880 1150 892 1163 υ

97 1179 167 1206 οὕτω
183 1178 211 1207 δὲ
225 1179 371 1217 ἠγάπησα,
391 1180 426 1211 ὥς
438 1181 452 1207 ὁ
467 1179 562 1219 Πατὴρ
577 1180 634 1221 Egi.
651 1181 736 1210 Τοῦτο
751 1180 777 1210 δὲ
794 1182 892 1221 ἀνθρω-

95 1222 240 1261 πινώτερον
269 1223 380 1263 εἴρηκεν·
405 1237 416 1249 ιι
432 1225 547 1253 Μείνατε
575 1219 620 1253 οὖν
645 1225 671 1254 ἐν
693 1227 726 1265 τῇ
745 1226 834 1264 ἀγάπῃ
859 1228 892 1267 τῇ

96 1267 163 1305 ἐμῇ.
178 1282 190 1293 ι
202 1267 304 1297 Τούτου
319 1267 370 1306 γὰρ
385 1270 459 1305 ὗμεῖς
474 1270 533 1298 ἐστε
554 1268 649 1307 κύριοι.
667 1271 713 1306 Μὴ
733 1269 784 1309 γὰρ
800 1271 891 1306 ἐπειδὴ

95 1311 244 1348 ἠκούσατε,
267 1312 307 1341 ὅτι
321 1326 333 1339 ι
358 1313 506 1352 Ἢγάπησα
531 1315 614 1351 ὑμᾶς,
630 1328 642 1340 ιι
657 1316 887 1354 καταφρονήσητε.

95 1355 177 1385 Ἀλλὰ
195 1356 363 1386 σπουδάσατε
375 1361 464 1394 μεῖναι
479 1358 506 1386 ἐν
524 1360 556 1398 τῇ
573 1359 664 1398 ἀγάπῃ
680 1371 740 1396 μου.
766 1354 833 1389 Εἶτα
849 1361 890 1389 δι-

95 1400 188 1430 δάσκει
218 1400 328 1440 αὐτοὺς,
361 1403 417 1435 πῶς
453 1402 608 1437 δυνήσονται
638 1407 735 1442 μεῖναι*
768 1404 812 1433 ἐὰν
843 1406 890 1439 τὰς

94 1445 202 1478 ἐντολὰς
217 1447 296 1475 αὐτοῦ
316 1446 478 1485 τηρήσωσιν.
495 1446 544 1480 Ὡς
563 1448 614 1488 γὰρ
630 1447 756 1481 πολλάκις
769 1448 887 1488 εἴρηται,

94 1490 193 1523 ἐκεῖνός
216 1491 286 1519 ἐστιν
310 1492 324 1520 6
340 1492 450 1530 ἀγαπῶν
466 1491 560 1530 αὐτὸν,
582 1494 596 1521 ὁ
609 1493 656 1525 τὰς
677 1492 783 1527 ἐντολὰς
808 1495 888 1524 αὐτοῦ

93 1537 191 1572 τηρῶν,
218 1536 268 1565 Διὰ
283 1535 389 1565 πάντων
410 1535 437 1564 δὲ
459 1535 557 1565 τούτων
578 1536 704 1573 δεικνύει,
721 1537 762 1566 ὅτι
781 1538 839 1567 τότε
862 1540 888 1568 ἐν

92 1579 226 1619 ἀσφαλείᾳ
259 1580 380 1619 ἔσονται,
405 1580 448 1610 ὅτε
476 1580 532 1620 βίον
561 1582 674 1620 καθαρὸν
702 1583 886 1616 ἐπιδείξωνται.
903 1594 926 1626 C

91 1636 103 1650 α
123 1623 220 1657 Καθὼς
235 1623 287 1664 ἐγὼ
301 1625 347 1658 τὰς
363 1625 468 1658 ἐντολὰς
484 1627 529 1654 τοῦ
546 1627 652 1666 Πατρός
670 1638 721 1664 μου
736 1627 886 1667 τετήρηκα,

90 1668 134 1697 καὶ
149 1668 222 1706 μένω
237 1670 317 1698 αὐτοῦ
334 1670 361 1698 ἐν
426 1669 530 1710 ἀγάπῃ.
544 1684 557 1696 ι
584 1672 636 1700 Καὶ
655 1674 732 1701 τοῦτο
748 1683 886 1711 συγκατα-

91 1712 209 1748 ϐατικῶς
236 1713 279 1743 διὰ
305 1714 353 1749 τὴν
382 1715 517 1744 ἀσθένειαν
542 1716 593 1744 τῶν
621 1718 767 1746 ἀκουόντων
793 1718 885 1757 φησίν.

90 1758 131 1786 Οὐ
145 1758 197 1798 γὰρ
221 1759 253 1795 δὴ
269 1761 283 1788 6
297 1758 404 1788 πάντων
429 1759 571 1798 νομοθέτης
595 1760 646 1790 ὑπὸ
661 1760 767 1794 ἐντολὰς
782 1762 881 1799 ἔκειτο,

89 1803 135 1831 καὶ
152 1802 215 1832 ἄνευ
229 1804 281 1832 τῶν
297 1804 441 1844 Πατρικῶν
457 1804 568 1833 ἐντολῶν
584 1805 631 1834 οὐκ
650 1805 764 1840 ἠδύνατο
784 1807 884 1845 διάγειν

88 1846 137 1882 τὴν
165 1848 260 1877 ἑαυτοῦ
280 1849 359 1883 ζωήν·
382 1850 459 1877 τοῦτο
483 1849 534 1888 γὰρ
558 1850 729 1879 ἀτοπώτατον
755 1851 884 1887 ἐννοῆσαι.

89 1891 170 1930 Λέγει
185 1893 216 1921 τὸ
302 1893 351 1932 δὲ]
367 1895 457 1927 τοῦτο,
475 1893 519 1923 ἐπὶ
539 1894 620 1924 πλέον
636 1895 884 1934 παραμυθήσασθαι

90 1937 250 1975 βουλόμενος
273 1938 379 1979 αὐτούς.
408 1937 485 1967 Ἐπεὶ
511 1938 561 1978 γὰρ
590 1939 678 1979 ἔλεγεν
710 1940 814 1976 αὐτοῖς,
843 1942 883 1971 ὅτι

89 1979 199 2020 Ἀγαπῶ
213 1983 292 2020 ὑμᾶς,
310 1977 367 2011 εἶτα
382 1982 492 2021 ἔμελλον
508 1977 615 2023 ὕστερον
631 1977 733 2025 θλίψισι
748 1985 881 2024 παλαίειν,

87 2025 131 2054 ἵνα
161 2025 200 2064 μὴ
226 2027 469 2063 σκανδαλισθῶσιν,
495 2029 531 2062 ὡς
547 2030 594 2064 τῆς
610 2028 716 2067 ἀγάπης
731 2030 811 2059 αὐτοῦ
827 2043 882 2069 μη-

85 2069 135 2116 δὲν.
150 2070 373 2116 συμϐαλλομένης
397 2072 503 2108 αὐτοῖς,
526 2073 572 2108 Μὴ
592 2073 760 2113 θορυϐεῖσθε,
783 2075 877 2116 φησὶν,

83 2114 140 2159 ἐπεὶ
155 2115 225 2159 κάμὲ
240 2117 333 2159 ᾆγαπᾶ
354 2115 402 2159 μὲν
417 2119 431 2146 6
453 2117 550 2157 Πατὴρ
560 2140 568 2154 ,
583 2118 751 2159 παραδίδωσι
808 2120 878 2159 ὅμως

82 2156 118 2189 εἷς
144 2156 175 2185 τὸ
198 2154 268 2196 ὑπὲρ
289 2159 333 2186 τοῦ
355 2154 460 2195 κόσμου
487 2154 589 2188 παθεῖν.
612 2154 724 2198 ’Ὠσπερ
754 2154 799 2189 οὖν
823 2154 877 2192 ὀὐκ

82 2201 238 2230 ἐλαττοῦται
262 2202 278 2236 ἡ
308 2201 399 2240 ἀγάπη
417 2204 462 2231 τοῦ
478 2203 584 2243 Πατρὸς
601 2203 631 2232 ἐκ
651 2207 697 2233 τοῦ
711 2202 826 2245 πάσχειν
849 2207 912 2246 ἐμὲ,
935 2211 1018 2246 οὕτως
1046 2213 1105 2243 οὐδὲ
1130 2215 1204 2252 ὑμεῖς
1228 2210 1307 2251 ἧττον
1333 2216 1470 2254 ἀγαπᾶσθε

80 2245 184 2285 θλίψεσι
200 2250 351 2284 περιπεσεῖν
368 2248 496 2284 μέλλητε.

950 947 1031 975 dilexi
1050 956 1107 976 vos.
1129 950 1237 977 Maneto
1257 949 1284 977 in
1311 949 1459 979 dilectione
1479 960 1548 981 mea.
1573 953 1600 981 Si
1614 960 1750 991 prmcepta

951 999 1010 1019 mea
1030 993 1212 1028 servaveritis,
1231 994 1374 1023 tnanebitis
1389 996 1417 1023 in
1436 996 1578 1026 dilectione
1593 1006 1664 1032 mea,
1678 1000 1750 1029 sicut

949 1040 977 1064 et
998 1045 1048 1073 ego
1073 1042 1205 1074 praecepta
1229 1039 1316 1067 Patris
1338 1040 1391 1068 mei
1415 1041 1532 1075 servavi,
1560 1047 1586 1070 et
1602 1051 1699 1072 maneo
1722 1045 1748 1073 in

948 1081 1005 1116 ejus
1017 1081 1172 1110 dilectione.
1193 1094 1204 1106 -
1220 1083 1387 1112 Exhortatur
1400 1093 1447 1113 eos
1462 1091 1492 1113 ut
1508 1086 1575 1114 bene
1588 1088 1727 1117 confidant
1740 1100 1747 1118 :

947 1125 1012 1153 dicit
1031 1127 1116 1159 enim,
1134 1138 1147 1151 ιι
1170 1128 1257 1156 Dilexi
1285 1137 1340 1157 vos.
1372 1141 1384 1154 n
1404 1131 1449 1158 Sic
1469 1135 1560 1159 autem
1583 1132 1664 1161 dilexi
1689 1142 1748 1170 vos,

946 1170 1018 1198 sicut
1045 1179 1088 1199 me
1103 1172 1182 1199 Pater
1202 1173 1299 1209 diligit.
1317 1175 1376 1202 Hoc
1394 1178 1486 1202 autem
1506 1176 1652 1205 humanius
1669 1179 1744 1215 dixit,

948 1226 961 1239 ι
985 1217 1092 1244 Maneto
1108 1217 1188 1251 igitur
1199 1217 1227 1244 in
1242 1218 1390 1246 dilectione
1406 1227 1474 1247 mea.
1495 1232 1507 1244 ι»
1524 1221 1597 1249 Illius
1609 1223 1683 1251 enim
1697 1232 1745 1252 vos

946 1260 1011 1287 estis
1041 1261 1154 1289 domini.
1171 1263 1232 1289 Non
1259 1263 1332 1290 enim
1349 1264 1413 1300 quia
1428 1264 1570 1293 audivistis
1585 1267 1656 1303 quod
1672 1279 1685 1292 α
1701 1269 1746 1297 di—

946 1303 1058 1333 lexerim
1088 1314 1145 1339 vos,
1165 1319 1177 1331 η
1200 1309 1385 1336 contemnetis
1408 1318 1415 1336 :
1435 1310 1481 1337 sed
1503 1310 1603 1339 dabitis
1622 1321 1744 1349 operam,

945 1353 976 1376 ut
993 1359 1006 1375 ι(
1024 1351 1155 1379 maneatis
1167 1351 1193 1378 in
1207 1352 1353 1380 dilectione
1372 1361 1442 1381 mea.
1458 1366 1471 1378 ι
1488 1355 1594 1384 Deinde
1606 1357 1686 1385 docet
1698 1367 1745 1387 eos

943 1396 1082 1430 quomodo
1093 1401 1221 1430 poterunt
1234 1405 1362 1425 manere:
1376 1399 1398 1426 si
1410 1399 1536 1427 mandata
1545 1409 1593 1428 sua
1600 1403 1742 1431 servarint.

943 1439 1014 1466 Nam
1028 1441 1068 1472 (ut
1079 1447 1150 1476 saepe
1165 1440 1271 1469 dictum
1290 1445 1342 1475 est)
1357 1442 1402 1470 ille
1416 1447 1457 1471 est
1477 1444 1524 1480 qui
1539 1445 1625 1481 diligit
1642 1448 1741 1482 Deum,

943 1483 990 1518 qui
1015 1484 1141 1512 mandata
1157 1485 1214 1521 ejus
1231 1491 1322 1514 servat
1340 1487 1371 1514 ⁸·.
1397 1489 1446 1516 Per
1466 1489 1557 1517 omnia
1572 1495 1663 1519 autem
1683 1491 1742 1521 haec

941 1528 1061 1556 ostendit
1081 1529 1153 1565 quod
1166 1534 1230 1558 tunc
1249 1532 1339 1559 securi
1352 1537 1444 1567 erunt,
1463 1541 1527 1562 cum
1543 1535 1625 1564 vitam
1640 1544 1739 1572 puram

941 1573 1055 1609 egerint.
1073 1585 1086 1598 ι
1103 1575 1178 1602 Sicut
1199 1583 1250 1612 ego
1271 1577 1400 1604 mandata
1417 1578 1504 1606 Patris
1517 1580 1570 1607 mei
1583 1582 1697 1616 servavi,
1714 1587 1742 1610 et

942 1625 1042 1646 maneo
1060 1619 1089 1646 in
1111 1619 1258 1648 dilectione
1281 1621 1347 1657 ejus.
1364 1633 1377 1646 ι
1404 1623 1438 1650 Et
1459 1626 1512 1651 hoc
1533 1627 1691 1660 temperans
1711 1635 1740 1656 se

941 1661 1112 1691 audientium
1133 1664 1282 1692 infirmitati
1297 1666 1372 1694 dicit.
1385 1668 1447 1695 Non
1466 1668 1538 1696 enim
1551 1670 1597 1705 qui
1614 1671 1739 1700 omnium

941 1711 982 1734 est
997 1707 1141 1743 legislator,
1163 1709 1300 1737 mandatis
1322 1711 1470 1746 obnoxius,
1490 1717 1517 1740 et
1536 1714 1594 1742 sine
1618 1716 1738 1750 paternis

941 1751 1077 1780 mandatis
1091 1752 1191 1788 degere
1208 1762 1265 1782 non
1281 1759 1371 1790 potest
1385 1764 1463 1784 suam
1482 1757 1580 1792 vitam;
1598 1759 1649 1788 hoc
1663 1760 1738 1789 enim

938 1796 1058 1831 cogitare
1087 1797 1168 1825 fuerit
1192 1799 1428 1828 absurdissimum.
1454 1801 1526 1829 Dicit
1553 1808 1645 1832 autem
1674 1805 1737 1839 hoc,

938 1841 1058 1868 multum
1078 1849 1125 1869 eos
1148 1843 1283 1870 consolari
1309 1844 1411 1872 volens.
1436 1846 1505 1880 Quia
1527 1847 1601 1875 enim
1629 1848 1738 1877 dicebat

938 1884 988 1918 eis,
1006 1885 1097 1922 Diligo
1112 1894 1169 1921 vos,
1188 1891 1214 1914 et
1229 1887 1346 1915 habituri
1362 1894 1438 1917 erant
1451 1894 1544 1925 postea
1563 1900 1626 1919 cum
1647 1893 1736 1921 alllic-

937 1928 1055 1971 tionibus
1069 1934 1222 1965 certamen,
1237 1936 1268 1960 ut
1286 1941 1320 1960 ne
1334 1933 1522 1969 offendantur,
1538 1937 1614 1971 quasi
1627 1937 1735 1966 dilectio

937 1969 1074 2013 nihil‘illis
1094 1972 1237 2013 prodesset
1253 1982 1259 2000 :
1274 1974 1314 2001 Ne
1325 1974 1484 2009 turbemini,
1500 1969 1597 2012 inquit,
1609 1978 1671 2013 quia
1683 1979 1734 2006 etsi

936 2017 980 2037 me
998 2010 1093 2054 diligat
1104 2012 1320 2054 quidemVPator,
1340 2015 1473 2050 permittit
1492 2010 1587 2044 tamen
1602 2010 1633 2045 ut
1647 2019 1735 2054 patiar

935 2057 985 2085 pro
1000 2051 1111 2080 mundo.
1126 2053 1202 2080 Sicut
1215 2053 1297 2089 igitur
1309 2062 1364 2081 non
1374 2055 1508 2084 minuitur
1517 2056 1626 2085 dilectio
1642 2051 1733 2088 Patris

934 2096 1077 2132 propterea
1099 2092 1173 2128 quod
1192 2101 1243 2129 ego
1266 2095 1368 2129 patiar;
1399 2095 1436 2123 ita
1459 2104 1547 2132 neque
1569 2105 1619 2126 vos
1642 2099 1733 2127 minus

932 2130 1080 2166 diligemini
1097 2140 1113 2160 a
1131 2140 1185 2167 me,
1201 2133 1309 2162 etiamsi
1329 2134 1357 2162 in
1379 2135 1465 2164 varias
1481 2130 1631 2166 incideritis
1645 2138 1731 2167 afﬂic-

931 2170 1028 2199 tiones.

1497 2217 1541 2248 ὓπ¹
1571 2221 1636 2258 ἐμοῦ
1643 2243 1651 2256 ,
1679 2220 1729 2250 κᾶν

119 2304 131 2316 ι
145 2292 241 2321 Ταῦτα
256 2291 390 2346 λελάληκα
406 2293 484 2330 ὑμῖν,
496 2291 540 2321 ἵνα
555 2295 572 2330 ἧ
583 2293 686 2346 χαρὰῆὴ
771 2295 797 2346 ἐν
813 2296 874 2333 ὑμῖν

964 2302 1053 2330 Vsus.
1072 2304 1166 2331 11-13.
1184 2312 1198 2330 ι(
1217 2304 1285 2332 Hac
1305 2304 1412 2334 locutus
1425 2314 1487 2335 sum
1508 2307 1595 2343 vobis,
1611 2313 1642 2337 ut
1661 2317 1727 2346 gau-

79 2333 163 2374 μένῃ,
187 2335 234 2365 καὶ
255 2337 272 2371 ἡ
287 2336 359 2376 χαρὰ
374 2337 449 2373 ὑμῶν
465 2339 606 2377 πληρωθῇ.
632 2338 707 2374 Αὕτη
723 2339 752 2368 δέ
771 2340 842 2370 ἐστιν
857 2343 874 2378 ἡ

76 2380 166 2415 ἐντολὴ
178 2383 196 2416 ἠ
211 2381 280 2418 ἐμὴ,
293 2381 337 2410 ἵνα
350 2382 473 2420 ἀγαπᾶτε
488 2383 628 2418 ἀλλήλους,
648 2383 733 2416 καθὼς
745 2384 874 2423 ἠγάπησα

75 2425 154 2461 ὑμᾶς.
178 2425 296 2460 Μείζονα
324 2426 424 2461 ταύτης
439 2427 547 2465 ἀγάπην
562 2427 646 2461 οὐδεὶς
670 2427 740 2468 ἔχει,
764 2430 807 2457 ἵνα
835 2442 874 2464 τις

74 2468 122 2504 τὴν
136 2469 227 2510 ψυχὴν
252 2470 333 2500 αὐτοῦ
359 2473 391 2510 θῇ
416 2470 483 2511 ὓπὲρ
507 2473 558 2501 τῶν
587 2473 670 2513 φίλων
695 2474 784 2502 αὐτοῦ.
806 2488 817 2500 ι
832 2491 872 2498 —

74 2526 85 2539 ι
100 2515 212 2550 Ταῦτα,
227 2515 310 2554 φησὶ,
329 2515 468 2552 λελάληκα
491 2517 572 2555 ὓμῖν,
596 2530 609 2543 ι
628 2516 673 2546 ἵνα
696 2517 733 2556 μὴ
750 2518 871 2559 διακόψῃ)

74 2560 145 2596 ὑμῶν
163 2558 211 2595 τὴν
227 2560 325 2599 χαράν.
360 2559 491 2600 Ἐχαιρον
515 2562 563 2599 μὲν
587 2561 638 2602 γὰρ
660 2562 781 2597 συνόντες
797 2558 869 2605 αὐτῷ

73 2605 314 2644 θαυματουργοῧντι
352 2605 398 2634 καὶ
424 2605 598 2646 δοξαζομένῳο
631 2607 677 2637 καὶ
704 2607 794 2646 μέντοι
822 2610 868 2638 καὶ

74 2648 145 2677 αὐτοὶ
166 2648 293 2686 δαιμόνια
321 2648 493 2684 ἐκϐάλλοντες
522 2651 638 2692 ἔχαιρον·
663 2653 698 2686 ὡς
724 2653 769 2682 καὶ
791 2653 868 2688 αὐτός

73 2703 143 2733 φησι·
173 2706 186 2721 ι
201 2693 251 2731 Μὴ
275 2694 398 2735 χαίρετε,
413 2694 453 2725 ὅτι
477 2695 511 2725 τὰ
533 2697 658 2736 δαιμόνια
684 2697 838 2728 ἐκϐάλλετε.
855 2711 867 2724 ιι

103 2782 123 2802 ει
144 2783 225 2812 Joan.
244 2790 311 2817 xiv,
334 2787 376 2813 15.

930 2345 1006 2374 dium
1027 2355 1118 2375 meum
1133 2348 1160 2376 in
1175 2348 1252 2377 vobis
1273 2355 1392 2385 maneat,
1414 2355 1440 2379 et
1460 2352 1590 2388 gaudium
1607 2345 1726 2384 vestrum

928 2389 1082 2426 impleatur.
1100 2393 1161 2420 Hoc
1181 2398 1223 2421 est
1242 2399 1408 2430 prmeeptum
1436 2404 1540 2432 meum,
1561 2402 1592 2426 ut
1609 2398 1727 2436 diligatis

927 2443 976 2463 vos
990 2435 1117 2471 invicem,
1135 2437 1204 2466 sicut
1220 2438 1299 2466 dilexi
1316 2447 1372 2467 vos.
1393 2440 1525 2477 Majorem
1539 2441 1591 2470 hac
1601 2435 1725 2473 dilectio-

926 2487 989 2508 nem
1012 2489 1096 2509 nemo
1111 2481 1200 2514 habet,
1222 2487 1253 2510 ut
1267 2484 1327 2519 quis
1345 2484 1463 2513 animam
1483 2494 1561 2515 suam
1575 2493 1660 2523 ponat
1675 2497 1724 2525 pro

925 2525 1019 2553 amicis
1031 2526 1096 2554 suis.
1112 2537 1124 2551 ι
1141 2541 1175 2547 -
1187 2538 1200 2551 α
1213 2528 1288 2558 Eme.
1301 2528 1400 2564 inquit,
1414 2530 1519 2559 locutus
1532 2539 1593 2560 sum
1609 2532 1695 2568 vobis,
1709 2546 1721 2559 1

925 2572 955 2597 ut
976 2577 1032 2597 non
1055 2570 1222 2599 imminuam
1244 2573 1374 2609 gaudium
1392 2580 1521 2604 vestrum.
1553 2577 1634 2613 713
1651 2579 1722 2606 Nam

925 2614 1086 2650 gaudebant
1101 2616 1223 2652 quidem,
1239 2625 1303 2646 cum
1324 2624 1417 2648 essent
1432 2620 1513 2648 simul
1528 2629 1591 2649 cum
1609 2630 1641 2650 eo
1657 2630 1721 2650 cum

923 2658 1054 2687 miracula
1079 2659 1179 2688 laceret
1200 2665 1229 2689 et
1252 2663 1474 2698 gloriﬁcaretur:
1501 2668 1529 2692 et
1542 2665 1593 2701 ipsi
1611 2674 1721 2702 quoque

922 2702 1059 2733 daemonia
1076 2705 1213 2742 ejicientes
1226 2707 1392 2743 gaudebant,
1407 2708 1478 2737 sicut
1491 2712 1518 2738 et
1532 2709 1588 2745 ipse
1609 2710 1696 2746 inquit
1712 2719 1720 2738 :
