1922 3077
215 137 264 163 199

725 135 982 164 THEOPHYLACTI
1003 136 1181 164 BULGAerE
1199 136 1356 165 ARCHIEP.

1805 140 1850 166 200

209 208 222 221 σι
240 197 332 225 Nolite
343 197 462 233 gaudere
477 197 551 233 quod
565 197 703 225 daemonia
720 197 829 234 ejicitis.
843 207 858 224 ιι
875 198 1000 234 Quonian

1067 199 1144 228 Ἐπεὶ
1170 199 1197 228 δὲ
1225 199 1355 233 τὸπάθος
1381 199 1564 240 παρενέπιοε,
1593 200 1639 229 καὶ
1657 199 1692 229 τὰ
1717 201 1852 240 σκυθρωπὰ

207 245 298 270 autem
311 245 339 270 et
353 241 460 270 affectio
474 241 621 276 incidebat,
636 246 664 270 et
680 250 783 270 mceror
795 243 926 279 gaudium
940 243 1011 279 ipso-

206 294 270 315 rum
293 286 449 320 mutilabat,
471 286 582 322 inquit:
610 298 622 311 ιι
648 288 715 315 Haec
740 299 751 312 ι
774 288 902 315 solatoria
929 288 1009 316 verba

211 340 224 357 ιι
237 331 344 359 locutus
357 339 422 359 sum
436 331 524 365 vobis,
538 340 553 357 ››
568 335 598 359 ut
609 339 717 367 semper
732 336 760 360 et
777 341 863 368 usque
875 332 910 360 ad
926 332 1008 361 tinem

208 375 338 412 gaudium
360 379 480 403 vestrum
495 375 633 412 integrum
654 380 774 409 maneat,
795 377 960 412 plenumque
973 377 1009 405 sit

209 428 241 448 ac
254 419 417 456 perfectum.
438 421 501 448 Non
525 421 599 448 enim
619 428 739 449 moerore
753 421 834 458 digna
849 426 914 450 sunt
934 429 1007 458 pra:-

205 465 301 500 sentia,
320 465 367 493 sed
389 465 498 501 gaudio,
521 465 584 493 licet
603 474 681 499 crux,
701 465 764 494 licet
784 466 922 500 confusio,
943 467 1006 495 licet

210 509 363 546 ignominia
387 510 508 538 accedat.
521 510 588 545 Quia
610 515 701 538 autem
729 519 812 546 supra
836 511 916 543 dixit,
942 523 955 536 ι
977 511 1004 539 Si

206 554 337 583 mandata
354 562 414 582 mea
440 555 623 588 servaveritis,
648 566 661 579 ι
683 559 748 583 tunc
769 567 781 579 -
807 555 954 583 manebitis
976 556 1003 584 in

205 607 262 633 me,
277 609 291 626 n
309 607 383 627 nunc
396 599 513 628 ostendit
529 607 590 635 quae
603 600 731 628 mandata
744 599 863 628 debeant
873 608 982 629 servare
997 610 1003 628 :

205 648 233 672 et
253 644 320 680 ipsis
339 644 510 672 demonstrat
528 644 700 672 charitatem.
726 645 801 673 Dicit
823 645 909 679 enim,
933 657 945 670 ι
967 645 1007 674 Ut

205 688 322 725 diligatis
342 696 390 717 vos
408 689 531 722 invicem,
556 689 629 717 sicut
642 689 725 717 dilexi
745 697 803 718 vos.
825 701 837 714 ιι
861 691 923 718 Non
949 689 1007 718 for-

205 733 286 766 tuito,
307 741 396 770 neque
415 733 577 769 simpliciter
595 735 653 762 vult
671 742 722 762 nos
741 734 854 770 diligere
874 735 1006 769 invicem,

204 778 253 807 sed
272 777 343 806 sicut
362 786 414 806 nos
433 778 491 814 ipse
509 778 614 807 dilexit.
628 779 749 807 Observa
763 783 852 807 autem
866 780 1007 815 quomodo

1066 243 1186 274 διέκοπτε
1197 243 1244 281 τὴν
1261 244 1347 284 χαρὰν
1365 245 1452 274 αὐτῶν
1462 267 1470 281 ,
1496 245 1575 284 φησὶν
1584 267 1592 282 ,
1609 244 1650 274 ὅτι
1671 258 1685 272 ι
1696 245 1788 275 Ταῦτα
1800 259 1811 272 ι
1822 245 1850 274 τὰ

1064 289 1274 328 παραμυθητικὰ
1300 289 1407 329 ῥήματα
1439 303 1451 316 ι
1468 290 1604 325 λελάληκα
1620 291 1698 327 ὖμῖν,
1714 303 1726 316 ι
1749 288 1792 318 ἶνα
1813 290 1851 319 διὰ

1064 333 1162 367 παντὸς
1184 334 1229 363 καὶ
1250 333 1314 374 ἄχρι
1328 333 1417 367 τέλους
1434 336 1450 370 ἡ
1466 333 1540 374 χαρὰ
1563 335 1637 372 ὑμῶν
1659 334 1735 373 μείνῃ
1751 334 1850 364 ἆδιάκο-

1062 389 1111 411 πος
1130 378 1176 408 καὶ
1189 377 1294 418 πλήρης
1308 378 1354 407 καὶ
1369 378 1474 414 ἐντελὴς
1493 378 1546 414 εἴη.
1564 380 1605 409 Οὐ
1622 378 1674 419 γὰρ
1689 378 1774 414 λύπης
1796 378 1849 412 ἄξια

1060 422 1095 451 τὰ
1110 422 1242 462 παρόντα,
1259 422 1328 452 ἀλλὰ
1343 427 1447 463 χαρᾶς,
1461 422 1510 452 κᾶν
1525 423 1636 461 σταυρὸς
1646 445 1654 460 ,
1669 423 1718 452 κᾶν
1734 422 1849 462 αἰσχύνη,

1060 466 1105 496 καὶ
1123 467 1216 506 ἀτιμία
1239 470 1338 508 προσῇ.
1364 467 1443 498 Ἐπεὶ
1459 467 1487 497 δὲ
1508 467 1562 496 ἄνω
1575 463 1666 503 εἶπεν,
1689 467 1739 504 ὅτι,
1763 481 1775 493 ι
1788 467 1847 498 Ἐὰν

1058 511 1105 546 τὰς
1121 512 1225 546 ἐντολάς
1241 523 1291 550 μου
1306 511 1458 551 τηρήσητε,
1472 526 1485 539 ι
1501 512 1560 542 τότε
1572 526 1584 539 κ
1600 513 1703 551 μενεῖτε
1723 513 1750 541 ἐν
1762 511 1826 551 ἐμοὶ,
1840 526 1849 538 ι

1059 559 1104 586 ν’ὗν
1131 557 1246 586 δείκνυσι
1271 557 1350 590 ποίας
1377 557 1484 590 ἐντολὰς
1513 557 1651 598 ὀφείλουσι
1675 558 1780 597 τηρεῖν,
1808 556 1850 586 καὶ

1060 602 1240 632 ὑποδείκνυσιν
1257 603 1343 635 αὐτοῖς
1359 601 1408 637 τὴν
1426 602 1544 640 ἀγάπην,
1561 615 1574 629 ιι
1589 601 1651 632 Ἵνα
1671 601 1734 641 γὰρ,
1757 601 1847 641 φησὶν,

1061 648 1181 686 ἀγαπᾶτε
1199 645 1346 685 ἀλλήλους,
1372 646 1458 679 καθὼς
1472 646 1600 684 ἠγάπησα
1617 649 1696 684 ὑμᾶς.
1716 659 1728 672 ι
1743 647 1783 676 Οὗ
1801 646 1847 685 γὰρ

1061 691 1167 728 ἁπλῶς,
1189 690 1233 721 καὶ
1254 692 1290 724 ὥς
1306 691 1382 730 ἔτυχε
1392 714 1400 728 ,
1419 690 1544 731 βούλεται
1560 693 1631 729 ἡμᾶς
1647 692 1755 731 ἀγαπᾷν
1771 689 1848 726 ἀλλή-

1060 737 1136 773 λους,
1160 735 1229 765 ἀλλὰ
1255 735 1340 769 καθὼς
1355 735 1433 769 αὐτὸς
1453 739 1526 775 ἡμᾶς
1548 736 1684 774 ἠγάπησε.
1702 734 1849 775 Παρατήρει

1061 780 1107 817 δὲ,
1133 782 1189 814 πῶς
1214 780 1269 810 ἅνω
1293 780 1342 819 μὲν
1364 781 1548 817 πληθυντικῶς
1574 776 1632 810 εἶπε
1661 779 1708 813 τὰς
1735 778 1848 818 ἐντολόιςξν

207 830 289 859 supra
302 822 414 859 quidem
435 823 462 850 in
485 823 582 859 plurali
598 823 696 852 dixerit
718 824 864 858 mandata,
878 824 922 852 hic
940 833 1000 853 vero

1061 827 1172 856 ἐνταῦθα
1188 825 1215 855 δέ
1229 836 1318 866 φησιν,
1335 835 1350 854 «ι
1366 824 1485 867 Αὕτηᾲδέ
1500 826 1570 854 ἐστιν
1588 827 1604 861 ἡ
1618 824 1710 860 ἐντολὴ
1725 826 1742 860 ἡ
1758 823 1822 862 ἐμὴ,
1840 836 1849 850 ι

206 867 288 902 dicat,
312 879 324 892 ι
341 869 401 896 Hoc
411 871 505 896 autem
519 868 679 897 mandatum
701 877 794 897 meum
812 870 891 903 θεὶς»
906 869 934 896 in
949 869 1003 896 sin-

202 912 291 948 gulari
311 920 439 941 numero.
461 915 518 949 Ego
540 913 651 948 quidem
674 913 783 949 opinor,
809 914 871 949 quia
896 913 1004 942 dilectio

200 957 293 986 omnia
320 957 450 985 mandata
476 957 680 993 complectitur,
710 962 737 986 et
756 963 839 994 caput
866 963 917 991 est,
944 959 1004 987 ideo

201 1002 326 1038 usurpari
333 1003 469 1030 mandata
479 1006 506 1030 et
515 1003 686 1030 mandatum.
699 1004 785 1031 Porro
796 1003 904 1032 interim
912 1008 1005 1032 osten-

200 1046 240 1075 dit
254 1046 334 1075 nobis
362 1047 433 1075 viam
448 1055 502 1083 qua
517 1055 661 1075 servemus
676 1048 803 1076 mandata
816 1070 823 1082 ,
846 1056 944 1084 nempe
957 1057 1005 1084 per

201 1091 386 1120 servationem
401 1093 483 1120 unius
505 1092 641 1127 mandati,
661 1092 811 1121 charitatis.
828 1093 942 1129 Quando
956 1101 1003 1121 au-

201 1139 258 1164 tem
273 1135 352 1171 dixit,
370 1148 383 1161 ι
399 1137 475 1164 Sicut
487 1145 537 1173 ego
550 1136 633 1164 dilexi
651 1145 709 1172 vos,
725 1137 844 1174 diligatis
858 1143 886 1166 et
903 1146 951 1166 vos
966 1138 1005 1165 in'

201 1180 300 1215 vicem,
320 1192 332 1205 ι
352 1181 472 1209 ostendit
487 1181 602 1209 modum
624 1185 651 1209 et
670 1182 859 1210 summitatem
887 1182 1004 1210 charita-

199 1224 244 1253 tis.
263 1237 276 1250 ι
300 1225 434 1261 Majorem
451 1225 522 1253 enim
538 1225 589 1254 hac
615 1225 777 1254 charitatem
802 1235 884 1255 nemo
909 1226 1000 1262 habet,

200 1273 230 1297 ut
244 1269 306 1306 quis
329 1274 410 1305 ponat
432 1270 554 1298 animam
582 1278 660 1298 suam
685 1279 735 1306 pro
748 1271 853 1299 amicis.
881 1284 894 1295 ιι
910 1274 1001 1308 Atque

199 1314 238 1342 ita
252 1318 280 1342 et
299 1322 347 1342 vos
363 1322 411 1350 pro
428 1314 504 1342 vobis
527 1314 644 1343 invicem
662 1315 786 1343 animam
803 1315 919 1351 ponatis,
936 1316 999 1352 quia

199 1362 227 1387 et
247 1366 299 1395 ego
314 1367 363 1395 pro
379 1359 454 1387 vobis
469 1360 582 1388 morior.
606 1360 692 1396 Igitur
716 1369 750 1388 ne
767 1361 866 1396 putetis
888 1369 919 1388 ex
936 1361 999 1388 odio

199 1411 262 1440 erga
275 1411 323 1432 vos
344 1404 403 1432 ﬁeri
422 1404 572 1433 discessum
585 1404 660 1433 hunc
676 1414 683 1433 :
704 1405 735 1433 ﬁt
748 1406 822 1433 enim
838 1413 871 1434 ex
885 1413 998 1434 summa

198 1448 342 1476 charitate.

235 1543 326 1571 Vsns.
346 1545 430 1571 ιιι-ιθ.
449 1554 462 1568 u
479 1543 534 1571 Vos
549 1542 602 1571 mei
617 1543 699 1571 amici
730 1542 805 1577 estis,
826 1543 850 1572 si
879 1542 997 1572 feceritis

197 1594 369 1623 quaecunque
393 1595 443 1624 ego
466 1588 591 1624 principio
615 1588 701 1616 vobis.
729 1589 790 1615 Non
816 1588 928 1623 posthac
950 1596 998 1616 vos

199 1631 261 1660 dico
270 1639 375 1666 servos,
391 1632 452 1668 quia
472 1640 566 1660 servus
585 1632 674 1660 nescit
691 1632 755 1668 quid
769 1631 851 1660 faciat
868 1632 998 1661 dominus

199 1675 268 1712 ejus.
291 1676 347 1705 Vos
360 1681 453 1705 autem
473 1676 531 1704 dixi
550 1676 663 1710 amicos,
681 1677 745 1712 quia
762 1677 855 1705 omnia
868 1684 929 1713 quae
949 1685 999 1705 au-

198 1720 252 1749 divi
272 1728 288 1748 a
305 1722 384 1750 Patre
398 1729 470 1755 meo,
491 1726 554 1749 nota
569 1720 621 1749 feci
640 1720 725 1749 vobis.
742 1723 803 1750 Non
823 1730 870 1750 vos
883 1729 929 1750 me
946 1722 1000 1750 ele-

197 1765 284 1802 gistis,
311 1765 359 1794 sed
376 1774 427 1802 ego
447 1766 516 1801 elegi
542 1774 590 1794 vos
604 1769 632 1794 et
654 1767 782 1794 constitui
806 1774 866 1801 vos,
901 1771 931 1795 ut
950 1775 1000 1795 vos

197 1811 278 1844 eatis,
292 1814 320 1838 et
331 1810 452 1839 fructum
464 1810 598 1844 offeratis,
612 1815 640 1839 et
652 1810 756 1840 fructus
776 1815 865 1840 vester
879 1817 998 1846 maneat,

196 1859 228 1883 ut
240 1855 371 1892 quidquid
387 1856 520 1892 petieritis
546 1857 656 1885 Patrem
675 1856 703 1884 in
726 1857 839 1885 nomine
855 1865 930 1891 meo,
959 1857 1005 1885 det

198 1900 281 1930 vobis.
306 1912 318 1926 ι
338 1901 454 1929 Sursum
474 1901 658 1937 deorsumque
672 1906 764 1930 versat
778 1902 920 1930 charitatis
940 1901 1004 1930 doc-

198 1945 311 1979 trinam,
331 1945 504 1981 ostenditque
518 1946 597 1974 nobis
618 1946 712 1974 multis
735 1946 826 1974 verbis
838 1945 912 1982 quod
930 1946 1004 1974 istud

198 1990 360 2019 mandatum
379 1990 492 2026 majoris
507 1990 545 2018 sit
567 1990 711 2025 momenti,
728 1993 756 2018 et
771 1991 830 2026 plus
848 1989 1002 2018 curandum

197 2042 282 2070 quam
317 2033 378 2062 alia.
405 2034 588 2062 Commendat
607 2038 700 2062 autem
725 2038 752 2061 et
783 2034 925 2062 charitatis
944 2042 1002 2063 suae

198 2079 309 2114 signum
329 2078 492 2106 maximum.
514 2079 582 2106 Nam
609 2078 637 2106 in
656 2082 776 2112 tantum,
796 2078 902 2114 inquit,
916 2078 1000 2115 diligo

198 2130 257 2156 vos,
272 2127 303 2151 ut
313 2126 341 2150 et
360 2123 467 2150 occulta
488 2123 565 2150 vobis
584 2122 772 2151 revelaverim.
803 2123 903 2151 Servus
927 2123 1000 2151 enim

1058 873 1096 911 τῷ
1111 872 1190 911 ἑνικῷ
1215 871 1329 910 ἀριθμῷ.
1358 870 1412 900 Καὶ
1436 865 1526 908 οἶμαι,
1552 869 1593 900 ὅτι
1617 870 1674 899 ἐπεὶ
1695 870 1787 899 πασῶν
1802 870 1848 898 τῶν

1058 917 1169 946 ἐντολῶν
1194 914 1346 954 περιεκτικὴ
1373 914 1418 944 καὶ
1442 914 1587 955 κεφάλαιόν
1612 915 1685 944 ἐστιν
1706 913 1847 958 {nivei-im,

1057 961 1163 1000 λέγεται
1172 960 1218 989 καὶ
1230 961 1283 989 ἐντ
1291 960 1325 989 ολ
1333 959 1365 988 αὶ
1374 959 1419 988 καὶ
1429 960 1460 988 ἐν
1469 959 1558 999 τολξή.
1568 958 1641 997 Ἅμα
1651 959 1690 995 δὲ,
1701 958 1746 988 καὶ
1758 957 1850 988 δείκνυ-

1060 1018 1101 1037 σιν
1125 1005 1188 1044 ἡμῖν
1212 1004 1287 1043 ὁδὸν,
1311 1005 1368 1038 πῶς
1383 1003 1534 1044 τηρήσομεν
1555 1004 1603 1038 τὰς
1617 1003 1741 1040 ἐντολὰς,
1757 1002 1796 1033 ὅτι
1810 1001 1848 1031 διὰ

1059 1053 1106 1080 τοῦ
1136 1050 1199 1088 μίαν
1226 1048 1333 1085 ἐντολὴν
1365 1053 1454 1088 τηρεῖν
1483 1047 1531 1084 τὴν
1560 1048 1621 1088 περὶ
1654 1050 1703 1083 τῆς
1735 1047 1845 1086 ἀγάπης.

1058 1095 1168 1130 Ἐπειδὴ
1189 1094 1217 1124 δὲ
1233 1089 1316 1130 εἶπεν,
1340 1093 1380 1122 ὅτι
1401 1107 1413 1119 ι
1431 1093 1524 1127 Καθὼς
1546 1094 1598 1132 ἐγὼ
1617 1093 1749 1131 ἠγάπησα
1773 1093 1847 1130 ὑμᾶς,

1059 1142 1181 1179 ἀγαπᾶτε
1205 1139 1249 1168 καὶ
1273 1140 1348 1177 ὑμεῖς
1372 1138 1519 1177 ἀλλήλους,
1536 1152 1548 1165 ο
1575 1138 1692 1167 δείκνυσι
1715 1137 1745 1166 τὸ
1760 1136 1846 1176 μέτρον

1056 1187 1102 1220 τῆς
1118 1184 1224 1223 ἀγάπης
1247 1184 1292 1212 καὶ
1313 1184 1361 1219 τὴν
1388 1183 1533 1222 ἀκρότητα.
1552 1196 1565 1209 ι
1584 1183 1700 1216 Μείζονα
1715 1181 1766 1221 γὰρ
1786 1180 1846 1209 ταύ-

1056 1241 1102 1265 της
1123 1228 1230 1268 ἀγάπην
1246 1227 1329 1261 οὐδεὶς
1354 1227 1426 1267 ἔχει,
1451 1226 1493 1256 ἵνα
1509 1230 1542 1268 θῇ
1564 1239 1604 1260 τις
1618 1226 1666 1262 τὴν
1683 1225 1772 1267 ψυχὴν
1788 1224 1846 1264 ὑπὲρ

1055 1275 1107 1303 τῶν
1132 1274 1222 1314 φίλων.
1239 1286 1251 1298 ι
1284 1272 1373 1302 Ὥστε
1393 1272 1439 1301 καὶ
1464 1273 1540 1309 ὑμεῖς
1565 1271 1631 1311 ὑπὲρ
1658 1271 1782 1307 ἀλλήλων
1804 1269 1847 1314 τὰς

1053 1313 1149 1358 ψυχὰςξ
1165 1319 1283 1354 τίθεσθε,
1310 1317 1367 1346 ἐπεὶ
1394 1318 1470 1356 χάγὼ
1485 1316 1551 1356 ὑπὲρ
1568 1318 1642 1356 ὑμῶν
1657 1316 1779 1353 θνήσκω.
1805 1313 1845 1348 Μὴ

1053 1363 1085 1397 δὴ
1102 1358 1146 1392 οὖν
1163 1362 1281 1401 νομίζετε
1298 1361 1351 1391 ἀπὸ
1374 1364 1419 1391 τοῦ
1434 1361 1498 1401 πρὸς
1515 1364 1583 1399 ὑμᾶς
1608 1360 1703 1399 μίσους
1728 1359 1842 1400 γενέσθαι

1051 1406 1099 1444 τὴν
1115 1407 1285 1446 ἀναχώρησιν
1310 1404 1428 1443 ταύτην,
1445 1405 1477 1442 ἣν
1494 1407 1626 1446 ἀναχωρῶ
1642 1407 1688 1435 ν’ὗν
1705 1406 1751 1445 ἀφ’
1769 1404 1844 1441 ὑμῶν·

1051 1451 1104 1481 ἀπὸ
1131 1451 1182 1491 γὰρ
1210 1450 1316 1490 ἀγάπης
1343 1451 1445 1490 μᾶλλον
1473 1450 1518 1480 καὶ
1545 1449 1710 1490 τελεωτέρας
1747 1449 1840 1489 γίνεται

1054 1499 1139 1527 τοῦτο.

1092 1554 1104 1569 ιι
1120 1540 1215 1579 Ὑμεῖς
1232 1539 1302 1580 φίλοι
1327 1550 1378 1578 μου
1396 1539 1470 1576 ἐστὲ,
1497 1539 1542 1569 ἐὰν
1557 1541 1651 1576 ποιῆτε
1673 1539 1725 1568 ὅσα
1740 1537 1791 1578 ἐγὼ
1805 1536 1844 1566 ἐν·

1051 1585 1179 1624 τέλλομαι
1206 1586 1279 1622 ὓμῖν.
1305 1585 1364 1614 Οὔκ
1390 1583 1428 1613 ἔτι
1454 1585 1522 1622 ὑμᾶς
1544 1584 1616 1622 λέγω
1632 1583 1755 1620 δούλους,
1777 1581 1814 1611 ὅτι

1052 1630 1143 1663 δοῦλος
1158 1630 1205 1659 οὐκ
1230 1624 1303 1667 οἶδε,
1326 1628 1352 1657 τί
1375 1629 1446 1657 ποιεῖ
1470 1629 1549 1657 αὐτοῦ
1575 1630 1588 1657 6
1610 1627 1709 1668 κύριος·
1732 1629 1798 1666 ὓμᾶς
1822 1623 1846 1653 δὲ

1053 1673 1148 1714 εἴρηκα
1163 1675 1271 1714 φίλους,
1286 1672 1327 1702 ὅτι
1338 1672 1426 1702 πάντα
1449 1672 1498 1701 ὅσα
1511 1673 1614 1708 ἤκουσα
1631 1672 1708 1712 παρὰ
1727 1674 1772 1702 τοῦ
1787 1671 1846 1701 Πα-

1053 1718 1115 1759 τρός
1133 1730 1200 1758 μου,
1216 1718 1347 1758 ἐγνώρισα
1364 1719 1437 1757 ὑμῖν.
1464 1718 1523 1747 Οὖκ
1537 1718 1612 1755 tam
1630 1728 1664 1754 με
1685 1715 1844 1759 ἐξελέξασθε,

1054 1758 1116 1793 ἀλλ’
1145 1763 1198 1802 ἐγὼ
1222 1762 1381 1801 ἐξελεξάμην
1403 1764 1490 1801 ὑμᾶς,
1519 1761 1566 1791 καὶ
1588 1761 1672 1797 ἔθηκα
1704 1764 1783 1800 ὑμᾶς,
1806 1758 1845 1788 ἵνα

1057 1809 1133 1847 ὑμεῖς
1157 1808 1287 1848 ὓπάγητε,
1312 1808 1358 1838 καὶ
1379 1807 1481 1847 καρπὸν
1503 1806 1618 1848 φέρητε,
1643 1806 1690 1835 καὶ
1712 1807 1726 1835 ὁ
1752 1803 1845 1845 καρπὸς

1059 1854 1134 1891 ὑμῶν
1149 1854 1225 1893 μένῃ·
1237 1852 1281 1882 ἵνα
1299 1852 1315 1881 ὅ
1326 1864 1353 1882 τι
1368 1853 1414 1882 ἐὰν
1436 1851 1567 1888 αἰτήσητε
1581 1851 1626 1880 τὸν
1645 1850 1758 1891 Πατέρα
1772 1850 1798 1878 ἐν
1811 1848 1845 1893 τῷ

1058 1891 1168 1937 ὀνόματί
1200 1891 1267 1937 μου,
1297 1898 1335 1936 δῷ
1356 1899 1427 1936 ὓμῑν.
1441 1910 1454 1923 ιι
1481 1896 1551 1926 Ἀνω
1575 1897 1622 1926 καὶ
1645 1896 1721 1925 κάτω
1736 1894 1768 1924 τὰ
1791 1891 1846 1932 περὶ

1058 1944 1104 1977 τῆς
1129 1942 1236 1981 ἀγάπης
1258 1943 1379 1982 στρέφει,
1401 1945 1478 1971 τοῦτο
1506 1940 1606 1974 δεικνὺς
1637 1941 1703 1979 ἡμῖν
1731 1938 1773 1969 διὰ
1798 1938 1846 1966 τῶν

1057 1987 1163 2015 πολλῶν
1177 1987 1277 2016 τούτων
1297 1986 1422 2025 ῥημάτων
1445 1986 1485 2014 ὅτι
1501 1985 1568 2021 αὕτη
1586 1987 1602 2021 ἡ
1627 1984 1722 2020 ἐντολὴ
1743 1982 1842 2017 ἆξιολοτ

1055 2030 1158 2070 γωτέρα
1182 2033 1234 2060 τῶν
1259 2030 1348 2060 ἄλλων
1374 2030 1421 2060 καὶ
1448 2029 1734 2070 ἆξιοσπουδαστοτέρα.
1774 2027 1844 2065 Παρ⁴

1056 2075 1145 2111 ίστησι
1166 2075 1193 2105 δὲ
1216 2075 1262 2104 καὶ
1289 2077 1336 2111 τῆς
1358 2075 1464 2115 ἀγάπης
1484 2076 1564 2105 αὐτοῦ
1586 2079 1698 2113 σημεῖον
1720 2071 1843 2115 μέγιστον-

1053 2121 1186 2150 Τοσοῧτον
1208 2119 1271 2160 γὰρ,
1299 2113 1395 2160 φησὶν,
1420 2121 1516 2159 ἀγαπῶ
1542 2122 1627 2157 ὑμᾶς,
1650 2118 1721 2149 ὥστε
1748 2116 1793 2147 καὶ
1812 2113 1843 2144 τὰ

199 2167 284 2195 nescit
301 2167 431 2204 mysteria
450 2167 568 2202 domini,
590 2175 638 2196 vos
656 2171 748 2195 autem
766 2175 829 2195 cum
852 2176 925 2196 nunc
939 2168 1000 2196 sitis

1057 2165 1193 2216 ἐπόρῤητα
1218 2167 1279 2203 ὑμῖν
1304 2165 1469 2206 ἀνεκάλυψα.
1492 2164 1527 2195 ”Ο
1550 2165 1599 2202 μὲν
1625 2163 1785 2216 γὰριδοῖίλος
1800 2161 1843 2215 οξκ

198 2211 279 2240 amici
311 2211 377 2246 mei,
413 2211 552 2248 mysteriis
578 2211 652 2248 digni
669 2211 732 2240 facti
757 2212 834 2240 estis.
862 2224 876 2238 α
898 2213 999 2242 Omnia

198 2257 272 2286 enim
286 2265 457 2294 quaecunque
470 2256 561 2285 audivi
576 2265 590 2285 a
605 2258 685 2285 Patre
698 2265 770 2292 meo,
794 2261 860 2286 nota
879 2257 930 2286 feci
955 2266 1000 2286 vo-

199 2301 250 2330 bis.
277 2313 289 2327 ι
317 2302 466 2337 Quomodo
483 2302 563 2338 igitur
577 2301 666 2338 inquit
685 2301 738 2330 alio
761 2301 821 2330 loco
842 2310 849 2328 :
871 2314 884 2327 «ι
913 2303 998 2331 Multa

199 2345 287 2375 habeo
299 2347 376 2375 vobis
391 2346 490 2380 dicere,
500 2346 550 2375 sed
560 2355 616 2375 non
631 2346 744 2383 potestis
754 2351 863 2383 portare
873 2347 972 2376 modo?
983 2359 994 2372 -

199 2391 300 2420 Omnia
321 2395 387 2420 nota
410 2390 474 2420 fecit
497 2391 536 2420 eis
555 2399 617 2428 qua:
647 2391 685 2420 illi
708 2396 834 2428 poterant
848 2392 956 2426 audire,
969 2396 997 2420 et

197 2443 317 2473 quorum
335 2440 413 2464 erant
428 2444 551 2472 capaces.
572 2436 689 2472 Quando
703 2440 794 2465 autem
816 2436 883 2464 dicit
900 2437 994 2473 714,

199 2492 212 2506 ι
229 2482 407 2518 Quaecunque
428 2481 518 2509 audivi
542 2489 558 2510 a
579 2483 659 2509 Patre
674 2489 747 2515 meo,
764 2493 778 2508 π
801 2490 836 2509 ne
853 2482 998 2518 suspiceris

198 2526 274 2563 quod
288 2526 411 2555 doctrina
425 2526 509 2554 Filius
524 2534 592 2562 opus
608 2526 721 2561 habeat;
732 2526 779 2555 sed
793 2526 912 2555 ostendit
924 2526 999 2563 quod

199 2571 267 2599 nihil
287 2571 409 2600 alienum
429 2579 445 2599 a
461 2572 543 2599 Patre
562 2572 699 2608 loquatur,
718 2571 766 2600 sed
782 2579 813 2599 ea
828 2579 889 2608 qua:
909 2572 1000 2600 Patris

197 2620 273 2652 sunt,
286 2621 493 2653 etquazcunque
500 2615 609 2649 dixerit,
618 2616 690 2644 illius
702 2620 775 2644 sunt.
790 2617 938 2652 Postquam
949 2624 1000 2645 au-

197 2664 253 2690 tem
266 2661 344 2696 dixit,
358 2661 491 2689 Indicium
508 2660 648 2689 charitatis
666 2668 734 2689 meas
759 2668 825 2697 ergo
839 2669 887 2689 vos
905 2665 956 2695 est,
969 2665 1001 2689 ut

197 2711 263 2735 nota
275 2707 331 2735 sint
341 2705 419 2735 vobis
429 2714 461 2735 ea
474 2706 615 2743 mysteria.
630 2704 726 2734 subdit
737 2709 765 2733 et
776 2705 850 2734 aliud
860 2705 1002 2735 charitatis

197 2750 328 2780 indicium
347 2760 355 2780 :
372 2762 385 2776 ι
399 2752 470 2788 Ego,
485 2750 584 2787 inquit,
599 2750 666 2786 elegi
690 2758 750 2784 vos,
771 2762 785 2776 ιι
806 2750 859 2780 hoc
872 2755 924 2783 est,
939 2752 1002 2779 Non

200 2802 247 2824 vos
262 2803 351 2825 meam
376 2795 527 2825 accessistis
551 2795 712 2829 amicitiam,
733 2795 781 2825 sed
803 2804 854 2833 ego
871 2800 1001 2831 vestram,

1054 2203 1157 2240 ciae-1d
1179 2212 1226 2239 τοῦ
1249 2209 1377 2240 δεσπότου
1402 2203 1547 2249 μυστήρια·
1570 2210 1645 2248 ὑμεῖς
1664 2203 1696 2239 ’δὲ
1722 2208 1790 2244 ἤδη,
1812 2204 1843 2237 ὥς

1054 2254 1125 2295 φίλοι
1147 2254 1225 2294 ἐμοὶ,
1243 2254 1395 2295 μυστηρίων
1421 2253 1559 2290 ἠξιώθητε,
1583 2267 1596 2280 α
1610 2253 1708 2285 Πάντα
1733 2251 1782 2291 γὰρ
1797 2249 1842 2279 ὅσα

1052 2298 1163 2340 ἤκουσαῗ
1180 2298 1255 2340 παρὰ
1281 2294 1339 2329 τοῦθ
1355 2299 1459 2340 Πατρός
1491 2310 1542 2337 μου
1555 2322 1561 2334 ,
1594 2298 1727 2339 ἐγνώρισα
1747 2294 1817 2340 ὑμῖν.
1832 2306 1841 2317 ³

1053 2345 1115 2377 Πῶς
1141 2339 1185 2374 οὖν
1209 2338 1328 2384 άλλαχοῦ
1356 2338 1454 2384 φησιν,
1479 2342 1520 2373 ὅτι
1541 2357 1553 2371 α
1571 2343 1665 2374 Πολλὰ
1688 2343 1741 2384 ἔχω
1764 2338 1841 2376 λέγειν

1052 2389 1112 2427 ὑμῖν
1122 2411 1130 2425 ,
1144 2389 1204 2418 ἀλλ’
1221 2389 1251 2419 οὗ
1267 2389 1378 2418 δύνασθε
1394 2388 1553 2428 punitus;
1570 2402 1582 2415 ι
1599 2387 1694 2418 Πάντα
1710 2384 1840 2428 ἐγνώξισεν

1053 2434 1157 2470 αὓτοῖς,
1169 2433 1219 2463 ὅσα
1239 2433 1332 2467 αὐτοὺς
1349 2434 1484 2473 ἐνεδέχετο
1499 2435 1628 2470 ἀκοῦσαι,
1643 2432 1689 2462 καὶ
1713 2432 1760 2462 ὅσα
1777 2424 1841 2473 ἦσαγ

1053 2477 1126 2512 εὐθὺς
1135 2478 1256 2518 χωρητά.
1267 2478 1356 2509 Ὅταν
1368 2479 1395 2508 δὲ
1478 2500 1486 2514 ,
1501 2477 1542 2508 ὅτι
1552 2491 1565 2505 ι
1576 2477 1650 2508 Ὅσα
1662 2477 1762 2514 ἤκουσα
1773 2470 1842 2518 παρὰ

1053 2525 1098 2552 τοῦ
1125 2516 1231 2562 Πατρός
1256 2535 1326 2562 μου,
1344 2536 1356 2550 ι
1383 2522 1421 2562 μὴ
1447 2516 1583 2564 ὕπολάϐῃς
1601 2522 1640 2552 ὅτι
1677 2516 1840 2564 διδασκαλίᾳ(

1055 2567 1142 2597 δέεται
1155 2570 1168 2597 ὁ
1186 2568 1265 2604 Υἱὸς,
1281 2567 1351 2597 ἀλλὰ
1365 2570 1443 2597 τοῦτο
1458 2559 1605 2605 δείκνυσιν,
1625 2566 1665 2597 ὅτι
1681 2565 1752 2596 οὐδὲν
1766 2559 1840 2605 ἄλλά-

1054 2623 1125 2652 τριον
1150 2611 1308 2652 φθέγγεται,
1332 2612 1403 2642 ἀλλὰ
1420 2612 1454 2642 τὰ
1477 2615 1523 2642 τοῦ
1542 2612 1662 2652 Πατρὸς,
1686 2611 1731 2641 καὶ
1744 2609 1792 2640 ὅσα
1811 2604 1838 2634 ἂν

1054 2656 1134 2696 εἴπῃ,
1153 2657 1251 2687 ἐκείνου
1272 2657 1349 2689 εἰσίν.
1367 2657 1459 2688 Εἰπὼν
1475 2657 1522 2696 δὲ,
1545 2657 1585 2687 ὅτι
1609 2658 1668 2692 Τῆς
1691 2655 1753 2696 πρὸς
1777 2653 1840 2689 ὓμᾶς

1055 2701 1160 2741 ἀγάπης
1185 2702 1284 2741 δεῖγμα
1304 2705 1431 2741 ποιοῦμαι
1445 2701 1476 2732 τὸ
1499 2702 1640 2742 γνωρίσαι,
1653 2701 1714 2740 ὑμῖν
1737 2698 1838 2742 τὰνμυ·

1055 2746 1170 2787 στήρια,
1199 2746 1317 2788 ἐπιφέρει
1341 2747 1387 2777 καὶ
1415 2747 1504 2786 ἕτερον
1525 2741 1635 2786 σημεῖον
1662 2748 1709 2782 τῆς
1732 2741 1839 2788 ἀγάπης·

1057 2805 1070 2818 ι
1089 2791 1164 2832 Ἐγὼ
1179 2786 1360 2833 γᾶρίφησὶν,
1385 2791 1543 2831 ἐξελεξάμην
1563 2793 1643 2832 ὑμᾶς·
1659 2804 1672 2818 ιι
1697 2786 1837 2820 τουτέστιν)
