1922 3077
58 155 103 182 201

439 153 634 182 ENARRATIO
653 154 686 182 lN
705 153 920 182 EVANGELIUM
938 153 1087 182 JOANNIS.
1108 168 1143 173 —
1163 153 1238 180 CAP.
1258 153 1312 180 XV.

1645 155 1698 182 202

55 220 112 258 Οὗχ
123 219 196 257 ὓμείς
269 219 323 258 ἐμῇ
340 217 414 258 φιλίᾳ
436 217 634 258 προσεδροίμετε
644 240 652 254 ,
669 219 730 247 ἀλλ’
745 216 798 258 ἐγὼ

908 221 929 245 at
955 217 1032 253 prior
1050 223 1099 244 vos
1126 215 1217 244 dilexi.
1241 215 1388 250 Quomodo
1414 216 1496 252 igitur
1515 216 1697 253 relinquerem

55 265 134 302 ὑμῶν,
148 262 193 292 καὶ
208 264 314 302 πρῶτος
336 264 405 301 ilch
425 262 564 301 ἠγάπησα.
592 264 657 296 Πῶς
671 258 714 292 οὖν
731 263 847 303 ἔγκατα-

54 308 133 348 λείψω
156 309 225 346 ὑμᾶς
248 308 284 341 εἰς
313 307 344 336 τὸ
366 307 527 346 μετέπειτα;
552 307 633 337 Ἀλλὰ
658 321 670 334 ι
693 308 738 337 καὶ
760 308 844 342 ἔθηκα

55 354 132 390 ὑμᾶς,
144 364 157 381 n
175 353 310 382 τουτέστιν
321 375 328 388 ,
347 352 497 392 Ἐφύτευσα
509 353 592 390 ὑμᾶς,
613 363 627 380 ιι
638 352 681 381 ἴνα
702 354 776 391 ὑμεῖς
793 354 846 382 ὓπ-

56 398 144 437 άγητε,
155 411 167 423 ι
179 395 394 434 τουτέστιν,Ἶνα
403 397 544 433 αὐξηθῆτε,
555 397 600 426 καὶ
611 399 789 434 πλατυνθῆτι,
801 398 846 427 καὶ

56 442 204 478 ἅπλωθῆτε,
216 443 262 472 καὶ
271 443 410 479 ἐκταθῆτι,
432 453 446 470 ιι
457 442 502 472 καὶ
518 442 620 482 καρπὸν
634 442 739 483 φέρητε.
753 454 767 471 ι)
783 442 844 473 Ἐν-

55 489 134 517 ταῦθα
146 486 174 516 δὲ
189 488 330 528 προφανῶς
346 487 391 516 καὶ
407 487 522 527 γεωργὸν
536 487 629 516 ἑαυτὸν
647 488 757 526 εἰσάγει.
793 487 847 518 Καὶ

55 532 174 572 ἀνωτέρω
188 532 237 571 μὲν
257 532 309 572 γὰρ
322 531 384 561 ὅταν
397 531 498 571 ἔλεγεν,
511 531 551 561 ὃτι
569 543 583 561 (ι
594 532 714 572 Καθαροί
731 533 790 562 ἐστε
803 531 847 561 διὰ

53 577 94 606 τὸν
109 578 185 616 λόγον
196 600 205 615 ,
221 577 250 606 ὃν
274 576 411 614 λελάληκα
437 577 514 615 ὖμῖν,
529 589 543 605 n
568 576 667 611 ἔδειξεν
685 577 780 607 ἑαυτὸν
802 577 846 607 τὸν

55 622 222 662 καθαίρονται
238 624 283 651 νῦν
305 622 333 652 δὲ
355 621 526 662 ἐκδηλότερον
548 622 592 651 διὰ
615 625 663 652 τοῦ
690 623 788 661 εἰπεῖν,
806 623 847 652 ὅτι

58 678 71 695 ιι
85 666 160 705 Ἐγὼ
182 666 342 704 ἐξελεξάμην
357 667 438 704 ὑμᾶς,
462 666 509 696 καὶ
523 666 607 702 ἔθηκα
622 668 701 705 ὑμᾶς.
718 681 729 694 υ
746 666 780 697 ’0
794 667 846 707 γὰρ

53 711 165 752 γεωργὸς
194 712 322 748 δήπουθεν
347 712 501 750 ἐκλέγεται,
521 711 566 741 καὶ
588 712 674 748 τίθησι
700 712 770 742 κατὰ
798 714 847 751 γῆς

54 757 86 786 τὰ
100 756 238 796 κλήματα.
262 756 345 797 Ὁρᾷς
369 755 417 792 τὴν
441 756 551 792 ἰσότητα
569 757 675 797 Πατρὸς
698 757 744 787 καὶ
761 759 845 797 Υἱοῦ;

55 801 87 832 Ὁ
108 802 206 842 Πατὴρ
220 801 352 841 γεωργὸς,
373 803 387 830 ὃ
412 801 474 835 Υἱὸς
497 804 541 831 ν’ὖν
565 801 698 831 δείκνυται
719 803 845 843 γεωργός.

54 848 190 887 Αἰσχύνην
205 846 328 882 ἔνδυσαι,
340 845 427 886 Ἀρειε
437 869 445 884 ,
461 845 528 883 μετὰ
540 848 592 876 τῶν
605 846 652 876 σὺν
672 847 714 877 σοὶ
729 848 765 882 εἷς
783 848 846 878 ἀσέ-

55 891 127 921 ϐειαν
142 892 415 932 ἐκτραχηλισθέντων.
437 890 511 930 ’Ὅρα
528 891 555 920 δὲ
571 891 617 921 καὶ
638 891 736 932 ἕτερον·
758 904 772 922 (ι
786 893 847 924 Ἵνα

53 937 102 966 ὅσα
117 936 149 966 ἂν
165 937 294 972 αἰτήσητε
317 936 360 966 τὸν
377 935 484 976 Πατέρα
495 959 503 972 ,
522 936 559 965 δῶ
574 938 644 975 ὑμῖν·
661 947 676 965 ι)
695 937 827 968 τουτέστιν
838 962 845 976 ,

53 981 126 1020 Ἐγὼ
152 982 230 1011 δώσω
254 983 327 1018 ὑμῖν.
362 981 455 1011 Καίτοι
482 981 534 1010 ἔδει
556 981 625 1010 κατὰ
648 982 678 1012 τὸ
705 982 847 1013 ἀκόλουθον

52 1028 135 1060 οὕτως
150 1027 242 1056 εἰπεῖν·
263 1025 339 1056 ιὈσιλι
352 1026 384 1055 ἂν
405 1025 549 1062 αἰτήσησθε
568 1026 613 1056 τὸν
629 1027 754 1066 Πατέρα,
770 1028 848 1058 δώσει

52 1071 123 1109 ὑμῖν·
139 1073 153 1100 ὁ
167 1071 194 1101 δὲ
219 1066 308 1108 εἶπεν,
323 1070 363 1100 ὅτι
381 1083 395 1098 ιι
410 1069 485 1109 Ἐγὼ
500 1072 538 1100 δῶ
553 1071 630 1110 ὑμῖν,
646 1083 660 1101 )›
681 1073 724 1101 διὰ
740 1072 770 1101 τὸ
790 1074 847 1103 ἶσο-

51 1117 167 1154 ὃύναμον
183 1115 298 1149 πάντως.
324 1115 402 1145 Ἐπεὶ
423 1116 468 1145 καὶ
493 1116 507 1144 ὁ
530 1116 628 1155 Πατὴρ
651 1117 754 1150 διδοὺς,
774 1119 799 1147 ἐν
815 1121 847 1157 τῇ

51 1161 125 1202 δεξιᾷ
140 1163 220 1190 αὑτοῦ
235 1161 335 1190 δίδωσι·
352 1160 422 1194 δεξιὰ
440 1161 467 1190 δὲ
483 1161 563 1190 αὐτοῦ
578 1163 592 1190 ὁ
606 1161 678 1195 Υἱός.
705 1162 806 1192 Σκόπει
821 1163 849 1192 δέ

51 1218 97 1244 μοι
115 1206 272 1241 καὶτοῦτο,
295 1205 335 1234 ὅτι
354 1205 417 1236 ὅταν
437 1206 605 1246 φυτευθέντες
622 1209 847 1247 καρποφορῶμεν,

49 1250 108 1280 τότε
125 1251 170 1280 καὶ
185 1250 234 1280 ὅσα
249 1250 282 1279 ἂν
303 1250 491 1288 αἶτησώμεθα,
507 1250 586 1280 δώσει
602 1253 675 1288 ἡμῖν·
699 1252 743 1280 ἐὰν
768 1253 795 1281 δὲ
810 1253 847 1290 μὴ

49 1297 275 1336 καρποφορῶμεν,
285 1296 314 1324 οὖ
326 1296 476 1334 ληψόμεθα.
490 1295 569 1324 Ἐπεὶ
584 1298 598 1325 ὁ
609 1295 646 1334 μὴ
660 1299 846 1336 καρποφορῶν,

49 1341 108 1370 οὐδὲ
124 1341 294 1381 συμφέροντα
318 1340 362 1369 καὶ
377 1341 523 1380 ψυχωφελῆ
542 1342 675 1376 αἰτεῖται,
691 1341 761 1370 ἀλλὰ
778 1343 847 1371 πάν-

49 1397 102 1419 τως
118 1385 237 1423 κοσμικὰ
252 1385 298 1415 καὶ
321 1387 452 1425 ἀνωφελῆ
468 1385 507 1414 διὸ
521 1385 580 1414 οὐδὲ
597 1385 740 1424 λαμϐάνει·
758 1398 773 1416 α
794 1387 848 1423 Ζη-

48 1430 118 1459 τεῖτε
144 1430 212 1470 γὰρ,
237 1429 319 1469 φησὶ,
345 1430 390 1460 καὶ
416 1431 444 1459 οὖ
469 1430 640 1468 λαμϐάνετε,
668 1431 733 1461 διότι
759 1434 849 1467 κακῶς

50 1477 176 1505 αἰτεῖσθε.
194 1486 209 1503 ι)

93 1531 109 1549 ιι
123 1522 219 1550 Ταῦτα
236 1521 391 1558 ἐντέλλομαι
406 1521 482 1558 ὑμῖν,
499 1519 542 1549 ἵνα
565 1523 686 1559 ἀγαπᾶτε
703 1522 844 1558 ἀλλήλους.

51 1566 83 1595 Εἰ
95 1567 109 1594 ὁ
127 1565 227 1603 κόσμος
244 1567 312 1603 ὑμᾶς
327 1567 416 1603 μισεῖ,
434 1565 594 1604 γινώσκετε,
615 1565 654 1595 ὅτι
680 1566 726 1605 ἐμὲ
742 1569 845 1607 πρῶτον
861 1557 885 1590 G

51 1612 123 1647 ὑμῶν
145 1610 304 1649 μεμίσηκεν.
327 1611 358 1640 Εἰ
374 1611 403 1639 ἐκ
414 1613 460 1639 τοῦ
476 1611 577 1648 κόσμου
592 1607 655 1649 ἦτε,
670 1613 684 1640 ὁ
705 1612 802 1650 κόσμος
816 1612 846 1642 ἂν

50 1655 78 1684 τὸ
93 1655 158 1684 ἴδιον
172 1656 266 1693 ἐφῧιει.
294 1654 359 1685 "Ott
373 1655 400 1684 δὲ
415 1656 444 1684 ἐκ
458 1658 503 1684 τοῦ
517 1655 618 1694 κόσμου
631 1657 678 1685 οὐκ
699 1657 769 1693 ἐστὲ,
787 1657 848 1687 ἀλλ’

48 1700 101 1739 ἐγὼ
117 1699 276 1738 ἐξελεξάμην
299 1702 367 1737 ὑμᾶς
381 1701 411 1729 ἐκ
424 1703 468 1729 τοῦ
482 1701 602 1738 κόσμου,
621 1701 664 1730 διὰ
680 1705 758 1731 τοῦτο
775 1708 847 1740 μισεῖ

49 1747 119 1782 ὑμᾶς
133 1747 147 1775 ὁ
163 1745 272 1783 κόσμος.
288 1757 302 1774 ι)
322 1745 382 1775 Ἴνα
407 1744 445 1783 μὴ
460 1745 568 1780 δόξωσιν
585 1746 609 1774 οἱ
633 1746 788 1786 ἀπόστολοι,
807 1748 848 1777 ὃτι

47 1790 181 1824 ὀνειδίζων
204 1791 218 1818 δ
245 1790 341 1829 Κύριος
365 1789 492 1830 προφέρει
516 1791 622 1827 αὐτοῖς,
645 1790 675 1820 τὸ
695 1790 742 1826 τὴν
759 1791 846 1831 ψυχὴν

49 1835 128 1864 αὐτοῦ
147 1837 233 1864 θεῖναι
254 1835 319 1874 ὑπὲρ
344 1836 448 1871 αὐτῶν,
477 1834 523 1864 καὶ
547 1835 577 1865 τὸ
599 1835 773 1874 ἐκλέξασθαι,
805 1837 848 1866 διὰ

47 1879 126 1908 τοῦτό
149 1891 225 1920 φησι*
243 1891 258 1908 ιι
279 1881 375 1910 Ταῖτα
401 1879 557 1918 ἐντέλλομαι
582 1882 664 1918 ὑμῖν,
690 1891 704 1909 »
726 1882 773 1920 οὐχ
805 1880 848 1910 ἵνα

47 1925 180 1961 ὀνειδίσω,
201 1924 311 1954 οὐδ’ἵνα
331 1925 585 1962 ἒπαλαζονεύσωμαι
607 1926 642 1959 ὡς
658 1925 849 1966 κατορθώματί

47 1980 117 2008 τινι,
133 1969 194 1998 ἀλλ’
217 1967 261 1998 ἵνα
281 1969 328 2002 τὰς
352 1971 425 2008 ὑμῶν
442 1969 528 2010 ψυχὰς
550 1969 721 2010 βεϐαιοτέρας
744 1970 848 2006 ποιήσω

46 2014 73 2042 ἐν
135 2014 203 2054 πρὸς
219 2015 348 2051 ἀλλήλους
363 2014 456 2054 ἀγάπῃ
467 2037 475 2051 ,
492 2014 535 2043 διὰ
552 2018 629 2044 τοῦτο
642 2016 848 2055 ἆπαριθμοῢμαι

46 2058 80 2088 τὰ
121 2061 170 2095 ἧς
200 2059 265 2098 ἐμῆς
298 2060 362 2098 πρὸς
398 2061 467 2098 ὑμᾶς
497 2059 602 2099 ἇγάτι-ης
636 2060 844 2100 κατορθώματα,

52 2114 66 2130 α
81 2105 180 2133 Ταῦτα
202 2103 254 2143 γὰρ
280 2105 435 2143 ἐντέλλομαι
458 2106 520 2142 ὑμῖν
533 2128 540 2142 ,
557 2104 600 2133 ἵνα
617 2106 739 2142 ἀγαπᾶτε
764 2105 848 2142 ἀλλή-

47 2149 117 2182 λους.
136 2160 151 2178 )›
182 2147 262 2178 Ἐπεὶ
277 2149 304 2178 δὲ
324 2149 392 2189 βαρὺ
406 2151 500 2189 χρῆμα
511 2173 519 2186 ,
534 2149 580 2179 καὶ
596 2150 697 2190 σφόδρα
712 2151 844 2189 λυπηρὸν,

47 2193 76 2222 τὸ
100 2193 263 2230 διώκεσθαι,
288 2195 333 2224 καὶ
357 2197 508 2232 μισεῖσθαι,
533 2197 732 2234 παραμυθεῖται
753 2195 847 2229 αὐτοὺς

46 2237 150 2276 λέγων,
164 2238 206 2268 ὅτι
230 2239 262 2269 Εἰ
284 2239 328 2268 καὶ
344 2240 413 2277 ὑμᾶς
438 2233 580 2277 μισοῦσιν,
593 2240 668 2269 οὐδὲν
683 2239 783 2270 καινόν’
801 2241 847 2270 καὶ
861 2233 884 2265 υ

47 2283 98 2321 γὰρ
131 2282 179 2321 ἐμὲ
206 2284 311 2323 πρῶτον
332 2283 524 2323 μεμισήκασιν.
553 2283 641 2314 "Qa?!
724 2285 847 2326 κοινωνίᾳ

47 2328 93 2355 τοῦ
121 2331 274 2364 μισεῖσθαι,
314 2331 349 2362 ὡς
379 2329 483 2369 μεγάλῃ
521 2329 698 2370 παραμυθίᾳ,
730 2330 846 2369 ὀφείλετε

46 2374 208 2411 κεχρῆσθαι.
226 2372 341 2413 Ἐποὶγει
356 2373 383 2403 δὲ
403 2374 448 2404 καὶ
467 2374 554 2415 ἕτερον
568 2373 665 2415 τρόπον
679 2376 849 2414 παραμυθίας

47 2416 323 2458 ἄναγκαστικώτερον.
341 2419 502 2449 Τοῦναντίον
517 2419 568 2459 γὰρ
578 2441 586 2456 ,
611 2420 691 2460 φησὶν
701 2442 710 2457 ,
725 2419 778 2449 ἔδει
801 2421 850 2449 λυ-

47 2463 157 2490 πεῖσθαι
172 2463 242 2501 ὑμᾶς
253 2486 260 2500 ,
276 2465 300 2493 εἶ
311 2463 349 2502 μὴ
359 2465 429 2502 ὑμᾶς
444 2464 531 2502 ἐμίσει
544 2465 557 2493 ὁ
570 2464 668 2502 κόσμος
679 2487 686 2500 ,
705 2464 848 2501 τουτέστιν,

46 2507 68 2533 οἱ
93 2507 208 2543 πονηροὶ
224 2508 368 2548 ἄνθρωποι.
396 2508 565 2538 Ἐδεικνύετε
589 2509 640 2549 γὰρ
657 2509 687 2538 ἂν
704 2511 734 2539 ἐκ
749 2513 794 2539 τοῦ
811 2509 848 2548 μὴ

47 2549 204 2588 μισεῖσθαι,
228 2551 269 2579 ὅτι
291 2554 337 2584 καὶ
357 2555 431 2584 αὐτοὶ
449 2556 495 2589 τῆς
520 2555 602 2590 αὐτῆς
626 2554 734 2589 ἐκείνοις
757 2555 850 2589 κακίας

47 2593 92 2622 καὶ
122 2593 254 2634 πονηρίας
278 2603 434 2628 κοινωνεῖτε.
477 2600 533 2629 Νῦν
557 2598 583 2628 δὲ
611 2600 700 2636 ἐπειδὴ
729 2603 849 2638 μισοῦσιν

47 2639 119 2678 ὑμᾶς
142 2640 167 2668 οἱ
186 2640 319 2685 πονηροὶ,
331 2641 452 2682 χαίρετε.
470 2643 522 2673 Διὰ
534 2643 586 2684 γὰρ
602 2643 649 2681 τὴν
665 2645 761 2685 ἀρετὴν
781 2647 850 2684 ὑμᾶς

47 2689 184 2722 μισοῦσιν·
203 2679 285 2726 ἧγᾶρ
372 2679 417 2716 ξαν
433 2688 480 2717 οὐκ
495 2679 580 2728 εἴχετε
597 2679 702 2728 ἀρετὴν,
721 2679 849 2728 ὁ-κόσμος

46 2730 134 2771 ἐφίλει
149 2729 182 2760 τὸ
198 2729 274 2761 ἴδιον.
293 2730 370 2761 Ἐπεὶ
386 2731 413 2761 δὲ
431 2743 446 2761 ιι
464 2732 515 2772 ἐγὼ
535 2733 691 2773 ἐξελεξάμην
706 2738 774 2774 ὑμᾶς
787 2735 816 2764 ἐκ
831 2747 845 2764 )›

81 2810 105 2828 θ’
118 2811 181 2840 Jac.
199 2818 244 2846 ιν,
260 2814 288 2839 3.

196 2857 314 2884 ΡΑι-ιιοιη
334 2857 386 2886 Gn.
407 2857 512 2886 CXXIV.

898 270 946 290 vos
969 262 998 290 in
1013 262 1174 297 posterum?
1199 261 1252 289 Sed
1274 272 1286 284 ι
1308 264 1335 288 et
1356 261 1436 296 posui
1456 269 1514 295 vos,
1539 271 1554 287 ιι
1570 261 1624 289 hoc
1642 266 1695 295 est,

898 306 1014 342 plantavi
1031 314 1088 339 vos,
1112 318 1124 330 α
1143 310 1173 333 ut
1193 306 1274 339 eatis,
1291 317 1304 329 ν
1326 305 1378 333 hoc
1397 309 1449 339 est,
1474 309 1505 333 ut
1517 306 1655 340 crescatis,
1669 311 1697 334 et

898 351 1090 388 expandamini
1110 355 1138 380 et
1155 351 1353 384 extendamini,
1378 362 1391 375 ι
1406 350 1582 387 fructumque
1597 350 1697 379 affera-

898 397 942 425 tis.
959 409 972 421 -
998 398 1059 425 Hoc
1071 401 1165 425 autem
1184 396 1246 424 loco
1267 395 1411 424 manifeste
1425 395 1576 431 agricolam
1594 403 1624 424 se
1639 404 1699 424 esse

898 441 1056 470 introducit.
1088 442 1124 469 Et
1153 441 1278 478 superius
1305 440 1417 477 quidem
1445 440 1556 477 quando
1579 439 1696 475 dicebat,

902 497 915 511 ιι
935 486 1030 515 Mundi
1043 486 1107 515 estis
1122 491 1232 523 propter
1248 493 1406 514 sermonem
1419 494 1502 523 quem
1516 486 1624 514 locutus
1637 493 1701 514 sum

900 531 988 566 vobis,
1005 543 1018 556 ιι
1035 531 1158 560 ostendit
1171 531 1292 567 seipsum
1308 535 1473 567 purgantem
1489 541 1495 559 :
1520 539 1594 559 nunc
1608 535 1698 559 autem

899 576 1074 605 manifestius
1091 584 1140 613 pcr
1160 576 1212 604 hoc
1224 576 1299 613 quod
1313 576 1389 610 dicit,
1408 586 1421 602 α
1436 577 1494 612 Ego
1510 576 1578 612 elegi
1595 584 1653 610 vos,
1670 579 1698 604 et

900 621 976 657 posui
998 630 1055 650 vos.
1073 632 1085 647 ι)
1103 623 1174 650 Nam
1193 622 1312 658 agricola
1336 621 1461 649 videlicet
1473 621 1558 657 eligit,
1583 625 1610 649 et
1623 621 1701 657 ponit

899 665 952 694 sub
970 670 1070 694 terram
1089 666 1226 702 palmites.
1249 666 1332 694 Vides
1353 666 1537 702 aequalitatem
1560 666 1652 694 Patris
1672 670 1700 694 et

900 711 980 739 Filii?
1003 712 1038 739 Et
1058 713 1137 739 l‘ater
1157 711 1286 748 agricola,
1302 716 1330 739 et
1350 711 1433 739 Filius
1455 720 1530 739 nunc
1545 710 1700 739 ostenditur

901 756 1029 792 agricola.
1041 755 1240 784 Confusionem
1261 756 1387 790 induere,
1400 756 1510 790 Ariane,
1523 765 1588 784 cum
1599 756 1642 784 his
1652 756 1699 792 qui

900 805 993 829 tecum
1002 801 1036 829 ad
1045 801 1212 837 impietatem
1221 801 1374 837 prosiliunt.
1388 801 1456 830 Vide
1462 806 1554 830 autem
1568 805 1596 830 et
1604 801 1677 830 aliud
1692 809 1697 829 :

905 857 918 871 ιι
932 847 972 874 Ut
983 846 1115 882 quidquid
1125 846 1256 882 petieritis
1267 848 1378 874 Patrem
1390 847 1417 874 in
1428 847 1541 875 nomine
1552 854 1625 880 meo,
1637 846 1700 875 dem

902 891 991 925 vobis,
1003 902 1016 915 »
1032 891 1084 918 hoc
1099 895 1149 924 est.
1169 892 1224 927 Ego
1235 891 1306 919 dabo
1320 892 1408 919 vobis.
1423 892 1543 919 Tametsi
1556 891 1702 927 oportebat

898 936 977 972 juxta
991 936 1212 972 consequentiam
1229 937 1264 964 ita
1282 936 1372 964 dicere
1386 946 1392 963 :
1409 938 1586 972 Quaecunque
1599 937 1700 972 petive-

901 981 959 1009 ritis
975 982 1093 1014 Patrem,
1120 981 1197 1009 dabit
1221 981 1299 1008 vobis
1328 991 1334 1008 :
1361 981 1409 1009 sed
1427 981 1507 1015 dixit,
1526 993 1538 1005 ιι
1566 982 1621 1017 Ego
1636 981 1700 1008 dem

902 1026 989 1060 vobis,
1011 1038 1023 1050 ιι
1039 1034 1072 1054 eo
1086 1026 1160 1062 quod
1173 1026 1286 1054 omnino
1296 1026 1334 1053 sit
1343 1026 1465 1061 ejusdem
1481 1026 1621 1061 potentiae,
1635 1026 1700 1062 quia

902 1075 930 1098 et
951 1072 1032 1098 Pater
1054 1071 1102 1107 qui
1117 1071 1174 1105 dat,
1199 1079 1246 1106 per
1264 1071 1389 1099 dextram
1406 1078 1486 1099 suam
1502 1070 1550 1098 dat
1576 1080 1583 1098 :
1607 1070 1702 1098 dextra

902 1120 994 1143 autem
1018 1115 1077 1151 ejus
1100 1120 1142 1143 est
1165 1115 1258 1144 Filius.
1285 1115 1433 1143 Considera
1454 1119 1548 1143 autem
1573 1115 1624 1143 hoc
1640 1116 1701 1143 loco

903 1160 976 1196 quod
996 1160 1106 1196 quando
1120 1160 1231 1196 plantati
1248 1160 1369 1188 fructum
1384 1160 1538 1193 afferimus,
1551 1165 1618 1188 tunc
1631 1169 1704 1196 quie-

902 1214 1010 1241 cunque
1025 1205 1212 1240 petiverimus,
1227 1205 1303 1233 dabit
1313 1205 1402 1233 nobis.
1420 1206 1448 1233 Si
1458 1210 1550 1233 autem
1563 1214 1618 1233 non
1631 1205 1701 1233 affe-

903 1250 990 1277 rimus
1013 1250 1144 1284 fructum,
1170 1258 1227 1278 non
1246 1250 1402 1286 recipimus,
1424 1250 1489 1286 quia
1512 1249 1630 1278 fructum
1646 1259 1702 1278 non

901 1294 1027 1327 affercns,
1057 1303 1145 1330 neque
1169 1295 1270 1323 anima:
1303 1295 1370 1330 petit
1400 1295 1488 1329 utilia,
1513 1295 1561 1322 sed
1590 1295 1702 1322 omnino

902 1339 1039 1368 mundana
1054 1344 1081 1367 et
1095 1339 1200 1367 inutilia
1217 1349 1224 1367 :
1245 1339 1359 1376 ideoque
1374 1348 1430 1368 non
1443 1340 1541 1376 accipit
1557 1349 1563 1368 :
1588 1352 1600 1364 ει
1617 1341 1702 1375 Qua:-

901 1384 961 1412 ritis
983 1384 1069 1418 enim,
1085 1383 1182 1420 inquit,
1203 1389 1231 1412 et
1250 1393 1306 1413 non
1319 1384 1452 1421 accipitis,
1477 1393 1509 1413 eo
1530 1385 1606 1421 quod
1629 1385 1703 1413 male

902 1429 1000 1465 petatis
1012 1430 1044 1458 ⁶¹.
1063 1441 1075 1454 ι

937 1527 1023 1553 Vens.
1038 1529 1132 1554 11-19.
1154 1537 1166 1550 α
1182 1527 1247 1554 Haec
1262 1525 1366 1554 mando
1381 1526 1470 1560 vobis,
1485 1530 1515 1554 ut
1529 1525 1648 1562 diligatis
1662 1526 1702 1554 in-

901 1570 998 1598 vicem.
1007 1571 1034 1598 Si
1046 1570 1167 1599 mundus
1180 1579 1227 1599 vos
1237 1571 1305 1606 odit,
1317 1571 1393 1598 scitis
1403 1570 1476 1607 quod
1488 1579 1532 1599 me
1544 1571 1704 1608 priusquam

902 1624 950 1643 vos
963 1615 1026 1643 odio
1042 1616 1145 1643 habuit.
1160 1616 1186 1644 Si
1195 1616 1227 1644 de
1241 1616 1342 1644 mundo
1352 1615 1483 1650 fuissetis,
1494 1616 1613 1644 mundus
1628 1616 1704 1652 quod

902 1668 983 1688 suum
998 1665 1039 1688 est
1051 1661 1177 1696 diligeret
1194 1671 1200 1689 :
1217 1661 1280 1696 quia
1302 1669 1366 1689 vero
1384 1661 1419 1689 de
1434 1660 1540 1688 mundo
1555 1669 1609 1690 non
1626 1662 1704 1695 estis,

902 1705 951 1733 sed
972 1714 1022 1742 ego
1045 1705 1114 1741 elegi
1139 1714 1188 1734 vos
1208 1705 1243 1734 de
1264 1707 1380 1739 mundo.
1405 1710 1549 1742 propterea
1576 1705 1634 1734 odit
1655 1714 1703 1734 vos

902 1750 1030 1777 mundus.
1053 1762 1064 1774 ιι
1081 1751 1122 1779 Ut
1141 1758 1175 1778 ne
1195 1751 1341 1786 opinentur
1351 1751 1467 1786 apostoli
1476 1751 1551 1787 quod
1566 1751 1705 1779 Dominus

903 1794 1073 1830 opprobrans
1088 1795 1211 1831 proferat
1223 1795 1261 1823 eis
1273 1795 1347 1830 quod
1362 1795 1481 1823 animam
1495 1803 1575 1823 suam
1590 1803 1639 1831 pro
1651 1795 1706 1824 illis

902 1843 997 1875 ponat,
1008 1843 1036 1867 et
1050 1839 1124 1875 quod
1143 1839 1219 1867 electi
1231 1840 1296 1873 sint,
1310 1840 1371 1867 ideo
1385 1839 1465 1874 dixit,
1486 1851 1498 1864 ‹‹
1515 1840 1583 1867 Haec
1603 1839 1707 1868 mando

902 1884 989 1918 vobis,
1002 1896 1014 1908 ιι
1027 1892 1082 1911 ιιοιι
1095 1888 1125 1911 ut
1133 1884 1308 1919 exprobrem,
1319 1892 1408 1920 neque
1420 1888 1449 1912 ut
1459 1884 1492 1912 de
1503 1884 1576 1912 bono
1586 1884 1705 1920 quodam

902 1937 984 1964 opere
991 1933 1153 1965 arroganter
1161 1929 1267 1964 loquar,
1277 1928 1324 1957 sed
1334 1933 1365 1956 ut
1371 1929 1479 1956 animas
1488 1932 1592 1956 vestras
1600 1928 1706 1957 ﬁrmio-

903 1981 945 2001 rcs
958 1973 1055 2001 faciam
1071 1973 1098 2001 in
1107 1973 1240 2001 charitate
1253 1977 1360 2007 mutua,
1375 1973 1478 2002 idcirco
1493 1981 1626 2002 enumero
1634 1981 1704 2002 meae

903 2026 967 2055 erga
982 2026 1030 2047 vos
1043 2018 1183 2047 charitatis
1193 2026 1286 2054 opera.
1299 2030 1312 2043 ιι
1327 2019 1396 2047 Haec
1411 2018 1484 2047 enim
1499 2018 1600 2047 mando
1614 2018 1702 2053 vobis,

902 2067 934 2092 ut
953 2063 1071 2100 diligatis
1092 2064 1217 2092 Invicem.
1245 2075 1258 2088 υ
1286 2063 1355 2099 Quia
1377 2067 1470 2092 autem
1495 2072 1539 2092 res
1565 2063 1651 2092 ardua
1675 2068 1703 2092 et

904 2108 980 2137 valde
990 2109 1106 2137 molesta
1124 2113 1166 2137 est
1179 2109 1395 2145 persecutionem
1407 2109 1474 2145 pati,
1488 2113 1516 2137 et
1525 2108 1588 2137 odio
1600 2108 1705 2142 haberi,

902 2153 1058 2182 consolatur
1078 2161 1136 2188 eos,
1152 2153 1247 2182 dicens
1273 2164 1279 2182 :
1305 2153 1333 2182 Si
1353 2161 1401 2182 vos
1416 2153 1481 2182 odio
1501 2153 1614 2188 habent,
1636 2153 1704 2182 nihil

902 2207 1004 2227 novum
1021 2203 1063 2227 est
1082 2207 1089 2226 :
1111 2207 1177 2227 nam
1201 2203 1229 2227 et
1248 2207 1294 2227 me
1308 2199 1431 2235 primum
1451 2198 1516 2227 odio
1538 2198 1706 2241 habuerunt,

901 2248 982 2280 atque
1002 2243 1039 2272 ita
1054 2243 1115 2279 quia
1134 2251 1280 2272 commune
1296 2243 1379 2279 715
1395 2244 1447 2271 hoc
1461 2251 1570 2272 mecum
1585 2243 1701 2278 habetis,

903 2292 934 2317 ut
948 2288 1012 2317 odio
1035 2288 1204 2323 habeamini,
1227 2289 1264 2316 sit
1286 2288 1364 2317 vobis
1383 2296 1490 2325 magnae
1510 2288 1703 2317 consolationis

903 2334 973 2362 loco.
1004 2332 1101 2361 Subdit
1123 2337 1216 2362 autem
1240 2338 1268 2361 et
1290 2333 1375 2362 alium
1399 2333 1556 2362 consolandi
1583 2333 1702 2362 modum

902 2378 1091 2406 consolantem
1104 2378 1232 2406 maxime.
1249 2379 1354 2407 Contra
1369 2379 1453 2413 enim,
1467 2378 1543 2412 dicit,
1556 2378 1700 2414 oportebat

902 2431 951 2451 vos
965 2431 1088 2451 maerore
1097 2422 1181 2457 afﬁci,
1191 2423 1214 2451 si
1229 2423 1350 2452 mundus
1360 2431 1408 2452 vos
1420 2431 1477 2452 non
1491 2423 1605 2452 haberet
1620 2423 1700 2458 odio;

903 2467 1034 2502 mundus,
1049 2467 1102 2496 hoc
1115 2472 1167 2502 est,
1190 2468 1253 2496 mali
1272 2468 1409 2496 homines.
1432 2469 1470 2496 Ex
1484 2476 1517 2497 eo
1531 2468 1606 2497 enim
1628 2467 1704 2505 quod

901 2521 958 2541 non
966 2513 1135 2541 haberemini
1149 2513 1224 2547 odio,
1239 2512 1434 2541 ostenderetur
1446 2513 1522 2550 quod
1534 2518 1562 2542 et
1577 2513 1628 2549 ipsi
1643 2514 1703 2542 illo-

902 2565 964 2586 rum
987 2558 1095 2586 malitiae
1117 2562 1145 2586 et
1167 2558 1304 2595 iniquitati
1329 2558 1571 2587 communicaretis
1597 2568 1603 2586 :
1628 2566 1703 2586 nunc

903 2607 997 2631 autem
1023 2603 1087 2639 quia
1108 2603 1170 2632 odio
1187 2611 1234 2631 vos
1256 2603 1358 2631 habent
1379 2603 1456 2637 mali,
1481 2603 1606 2638 gaudete.
1631 2604 1701 2630 Nam

904 2652 1015 2684 propter
1030 2648 1156 2676 virtutem
1183 2652 1300 2676 vestram
1319 2657 1366 2676 vos
1388 2648 1517 2676 oderunt.
1544 2646 1654 2682 Alioqui
1676 2646 1701 2674 si

904 2702 959 2723 non
976 2695 1070 2723 essetis
1087 2695 1188 2723 virtute
1204 2695 1325 2732 praediti,
1345 2695 1465 2723 mundus
1476 2695 1549 2731 quod
1563 2701 1643 2721 suum
1660 2696 1703 2720 est

904 2744 1017 2769 amaret.
1037 2741 1106 2776 Quia
1125 2745 1218 2770 autem
1243 2753 1255 2765 ι
1278 2741 1334 2777 Ego
1355 2748 1404 2769 vos
1423 2740 1491 2776 elegi
1512 2739 1548 2768 de
1568 2737 1674 2767 mundo
1691 2748 1703 2762 ι

1548 2864 1562 2887 7
