1922 3077
240 137 292 164 203

748 135 880 163 THEOPH
885 135 1001 162 YLACTl
1023 134 1201 163 BULGARDE
1220 137 1375 164 ARCHIEP.
1833 137 1874 165 204

239 198 401 235 iniquitatis,
423 209 435 222 α
454 202 596 234 propterea
624 197 687 226 odio
702 205 749 226 vos
773 198 854 226 habet
869 197 1002 233 mundus,
1021 208 1032 221 ιι

1098 200 1134 234 τῆς
1152 210 1165 227 τι
1181 202 1224 229 τοῦ
1241 200 1342 237 κόσμου
1356 210 1371 228 ›)
1387 197 1532 239 πονηρίας,
1553 209 1567 227 (ι
1582 198 1625 228 διὰ
1637 200 1717 228 τοῦτο
1729 203 1800 238 μισεί
1814 200 1873 238 ὑμᾶς

239 246 277 273 uti
291 253 340 274 eos
354 246 400 281 qui
412 245 541 281 operibus
555 245 611 273 suis
625 253 682 273 non
693 245 910 274 communicant.

274 292 360 319 Vens.
379 293 424 324 20,
440 293 484 318 21.
508 302 520 314 α
537 292 705 318 Mementote
728 291 864 319 sermonis
880 291 932 319 mei
954 298 1036 327 quem

241 343 291 372 ego
302 335 357 364 dixi
367 335 455 363 vobis.
470 336 531 363 Non
542 339 583 363 est
596 343 691 364 servus
704 336 795 372 major
809 336 920 364 domino
935 343 994 364 suo.
1009 335 1036 363 Si

241 391 286 411 me
308 383 441 419 persecuti
460 382 570 416 fuerint,
591 387 619 411 et
642 391 690 412 vos
704 387 911 419 persequentur.
936 383 963 412 Si
977 391 1037 411 ser-

241 438 355 458 monem
374 437 469 458 meum
492 435 679 465 servaverunt,
695 435 721 458 et
736 435 857 459 vestrum
879 431 1035 459 servabunt.

239 477 293 506 Sed
306 478 366 506 haec
379 477 471 506 omnia
483 476 583 506 facient
596 477 800 514 vobis'propter
813 486 916 506 nomen
931 486 1035 513 meum,

240 525 304 561 quia
318 533 374 554 non
395 529 529 554 noverunt
551 533 613 554 eum
637 526 683 562 qui
699 525 759 554 misi
783 534 837 554 me.
856 537 868 551 ι)
889 527 950 554 Hoc
964 525 1037 562 quod

239 573 364 610 superius
377 573 453 608 dixit,
472 584 485 597 ‹ι
507 575 551 601 Me
572 573 691 610 priorem
706 573 783 602 vobis
807 573 871 602 odio
887 573 994 608 habuit,
1021 583 1035 600 »

241 620 266 649 id
280 629 353 648 nunc
366 620 496 655 dilatans,
511 621 646 657 majorem
660 620 712 648 illis
726 621 924 649 cosolationem
942 620 1035 649 affert.

240 668 310 696 Dicit
330 667 406 696 enim
425 678 430 695 :
454 679 466 692 ι
494 669 630 696 Memores
653 667 711 696 sitis
732 668 867 696 sermonis
882 668 947 703 mei,
963 668 1038 705 quod

239 723 296 744 non
312 715 347 743 sit
361 723 454 743 servus
472 715 561 751 major
582 715 695 743 domino
710 724 760 744 suo
789 724 796 743 :
817 727 829 740 ι
852 716 933 752 igitur
948 724 1038 752 neque

239 770 287 791 vos
309 770 355 791 me
376 762 503 798 majores.
529 762 625 791 Videte
640 762 719 799 igitur
742 771 796 800 quo
820 767 901 799 pacto
925 771 971 791 me
994 763 1036 791 usi

239 814 313 839 sunt.
334 810 362 838 Si
376 811 511 846 persecuti
525 809 636 838 fuerunt
652 810 815 845 Dominum,
838 815 866 839 et
883 819 929 839 vos
944 818 1038 839 servos

239 857 327 886 multo
337 857 424 894 magis
436 857 472 886 :si
484 865 528 886 me
538 865 594 886 non
602 858 737 894 persecuti
744 857 873 891 fuissent,
884 858 931 886 sed
941 866 1036 886 meum

238 912 396 933 sermonem
410 909 574 939 servassent,
592 910 621 934 et
639 909 762 933 vestrum
776 905 909 934 servaturi
922 910 1013 934 essent
1029 914 1036 934 :

238 951 267 980 id
280 951 355 988 quod
364 960 422 980 non
435 951 492 980 ﬁet.
508 954 602 988 Neque
616 953 690 980 enim
703 960 798 980 meum
813 961 902 989 neque
914 957 1037 982 vestrum

238 999 394 1028 servabunt.
421 1011 434 1024 α
457 999 512 1028 Sed
526 1000 619 1028 omnia
641 999 702 1028 haec
715 999 814 1028 facient
835 1000 912 1029 vobis
927 1005 1038 1037 propter

238 1055 283 1076 me
299 1057 306 1075 :
323 1059 336 1072 ιι
360 1051 443 1084 atque
462 1046 500 1075 ita
519 1047 542 1075 si
560 1047 710 1084 diligeretis
724 1056 780 1083 me,
796 1048 966 1077 sustineretis
981 1048 1034 1076 uti-

238 1102 291 1131 que
302 1099 412 1131 propter
424 1102 470 1122 me
481 1102 564 1130 quem
575 1094 700 1131 diligitis,
717 1099 748 1123 ut
758 1094 859 1124 dicitis.
872 1095 925 1124 Sed
937 1100 964 1124 et
973 1096 1039 1125 illud

239 1142 324 1170 etiam
343 1150 391 1170 vos
409 1142 574 1177 consoletur,
591 1142 655 1178 quia
678 1142 779 1179 injuria
792 1142 918 1171 afﬁciunt
932 1147 960 1171 et
975 1151 1038 1172 eum

239 1189 286 1226 qui
309 1197 355 1218 me
369 1189 455 1217 misit.
482 1191 577 1226 Itaque
591 1189 615 1217 si
637 1189 704 1218 nihil
729 1190 814 1225 aliud,
842 1194 915 1219 certe
938 1190 992 1219 hoc
1007 1190 1043 1219 sit

238 1236 316 1265 vobis
330 1237 360 1265 in
373 1236 600 1271 consolationem,
616 1236 692 1274 quod
707 1237 758 1274 ipsi
770 1242 798 1266 et
817 1238 909 1272 vestri,
926 1242 954 1266 et
972 1239 1039 1275 mei,

239 1289 265 1312 et
281 1284 372 1313 Patris
394 1283 450 1312 mei
466 1284 522 1312 sint
536 1284 647 1312 inimici.

273 1331 363 1358 Vsus.
379 1332 475 1357 22-25.
493 1341 504 1354 ιι
529 1329 556 1358 Si
572 1337 629 1357 non
644 1329 790 1365 venissem,
810 1334 837 1358 et
851 1330 960 1360 locutus
975 1332 1046 1361 fuis-

238 1383 297 1403 em
309 1375 359 1408 eis,
375 1378 519 1410 peccatum
535 1383 592 1402 non
611 1374 743 1404 baberent
759 1384 766 1403 :
782 1384 857 1404 nunc
877 1382 970 1406 autem
986 1386 1042 1406 non

238 1419 340 1448 habent
352 1419 426 1455 quod
437 1424 588 1456 pretexant
600 1425 714 1456 peccato
728 1427 789 1449 suo.
811 1421 864 1457 Qui
880 1429 923 1450 me
938 1422 1005 1458 odit,
1019 1423 1042 1451 is

239 1468 267 1493 et
275 1465 384 1492 Patrem
398 1472 493 1492 meum
501 1464 570 1492 odit.
581 1465 608 1492 Si
617 1473 698 1501 opera
708 1473 765 1493 non
774 1465 902 1494 fecissem
912 1466 985 1496 inter
994 1475 1041 1496 eos

239 1517 301 1546 quae
314 1517 396 1538 nemo
410 1509 480 1537 alius
490 1508 563 1544 fecit,
576 1514 720 1546 peccatum
733 1519 789 1539 non
800 1511 932 1540 haberent
948 1521 954 1540 :
968 1520 1041 1541 nunc
1057 1523 1081 1556 ο

240 1559 333 1583 autem
356 1558 385 1583 et
399 1554 533 1589 viderunt,
558 1559 586 1582 et
599 1555 717 1584 oderunt
735 1563 792 1584 non
807 1556 897 1584 solum
921 1565 978 1592 me,
995 1565 1039 1586 ve-

239 1607 304 1628 rum
333 1599 416 1628 etiam
429 1603 457 1628 et
469 1601 581 1628 Patrem
594 1608 691 1629 meum
714 1611 721 1630 :
745 1601 794 1629 sed
818 1605 849 1629 ut
863 1602 1039 1638 compleatur

240 1653 333 1674 sermo
347 1645 392 1682 qui
411 1645 440 1674 in
463 1646 522 1682 lege
537 1653 636 1674 eorum
657 1646 778 1682 scriptus
792 1651 843 1682 est,
859 1647 923 1676 odio
937 1647 1040 1677 habue-

239 1695 306 1719 runt
319 1699 364 1719 me
378 1690 471 1727 gratis.
490 1702 502 1715 ια
520 1692 594 1719 Num
609 1694 704 1719 autem
711 1691 796 1728 juste,
816 1692 914 1728 inquit,
929 1693 989 1721 haec
1000 1693 1039 1721 fa-

241 1736 326 1770 ciunt,
336 1740 363 1764 et
373 1736 436 1764 odio
451 1735 554 1764 habent
563 1740 590 1764 et
597 1744 652 1771 me,
667 1740 694 1764 et
703 1738 814 1765 Patrem
824 1745 929 1773 meum,
940 1742 967 1766 et
977 1740 1040 1766 vos?

241 1789 310 1810 num
324 1786 467 1818 propterea
485 1789 546 1817 quae
560 1781 618 1810 dixi
635 1781 677 1810 vel
697 1781 760 1816 feci,
776 1782 847 1811 hanc
859 1787 982 1812 mentem
997 1784 1039 1812 in-

241 1829 434 1863 sumpserunt?
450 1828 522 1860 Non,
544 1826 632 1863 inquit
654 1835 661 1854 :
678 1832 818 1864 peccatum
833 1829 907 1857 enim
920 1828 974 1857 hoc
995 1829 1041 1858 in-

217 1876 219 1879 '
241 1872 419 1901 condonabile
433 1876 482 1901 est.
497 1872 628 1909 Nunquid
642 1873 717 1901 enim
738 1881 794 1902 non
807 1874 867 1902 veni
891 1879 918 1903 et
941 1874 1043 1903 docui?

241 1917 270 1946 Si
283 1925 340 1946 non
354 1917 500 1952 venissem,
516 1918 540 1945 si
555 1926 612 1946 non
626 1917 739 1946 fuissem
761 1918 869 1947 locutus
883 1918 916 1954 ⁸³,
932 1920 1041 1956 potuis—

241 1966 303 1991 sent
316 1961 418 1996 dicere,
439 1963 502 1990 Non
516 1963 678 1991 audivimus.
701 1964 779 1991 Nunc
800 1969 893 1992 autem
909 1969 1041 2000 praetextu

242 2011 317 2035 caret
345 2014 442 2036 eorum
469 2007 584 2035 malitia.
610 2007 684 2035 Dein
710 2008 772 2043 quia
793 2008 860 2036 nihil
883 2008 957 2036 aliud
971 2017 1040 2045 prm-

243 2052 372 2080 texebant
384 2052 414 2079 in
435 2051 575 2086 omnibus,
595 2060 680 2087 quam
701 2052 775 2088 quod
802 2057 914 2088 propter
931 2054 1043 2082 Patrem

244 2095 411 2124 ulciscantur
432 2096 483 2129 (sic
495 2096 569 2124 enim
593 2096 698 2132 dicunt,
713 2098 806 2125 Homo
820 2098 904 2134 716
919 2097 964 2126 hic
984 2107 1041 2127 non

245 2145 307 2169 esta
316 2142 387 2175 Deo,
395 2145 423 2169 et
431 2141 550 2176 similia),
561 2141 665 2170 idcirco
675 2142 766 2170 subdit
776 2153 782 2170 :
797 2153 809 2167 α
819 2143 871 2180 Qui
883 2151 928 2172 me
938 2143 1005 2180 odit,
1015 2149 1044 2172 et

1091 245 1104 272 ὁ
1119 244 1234 282 κόσμος,
1251 255 1266 273 ))
1285 246 1320 278 ὡς
1338 243 1375 283 μὴ
1392 245 1580 277 κοινωνοῦντας
1595 247 1649 277 τοῖς
1660 243 1746 284 ἔργοις
1758 244 1843 275 αὐτοῦ.

1133 303 1143 315 ιι
1169 289 1356 328 Μνημονεύετε
1380 292 1425 319 τοῦ
1448 289 1544 328 λόγου,
1571 284 1600 318 οἷ
1625 287 1677 328 ἐγὼ
1707 283 1782 319 εἶπον
1812 291 1875 326 ὓμῖν·

1090 335 1149 364 Οὐκ
1164 333 1219 364 ἔστι
1242 336 1332 368 δοῦλος
1357 334 1452 373 μείζων
1474 337 1520 363 τοῦ
1543 333 1634 374 κυρίου
1659 335 1755 364 αὑτοῦ.
1784 335 1815 364 Εἰ
1837 334 1875 372 ἐμὲ

1092 378 1218 416 ἐδίωξαν,
1238 381 1284 410 καὶ
1309 381 1378 419 ὑμᾶς
1396 379 1543 414 διώξουσιν·
1559 379 1581 408 εἷ
1602 379 1645 409 τὸν
1667 378 1743 418 λόγον
1763 391 1811 417 μου
1826 379 1876 415 ἐτή-

1094 437 1186 464 ρησαν,
1211 427 1255 454 καὶ
1279 425 1322 454 τὸν
1352 425 1477 466 ὑμέτερον
1500 424 1672 464 τηρήσουσιν.
1701 423 1782 453 Ἀλλὰ
1803 426 1877 452 ταῦτα

1093 470 1180 500 πάντα
1197 469 1351 506 ποιήσουσιν
1365 471 1428 508 ὑμῖν
1445 469 1486 499 διὰ
1502 469 1533 498 τὸ
1547 468 1632 508 ὄνομά
1645 480 1695 508 μου
1705 492 1713 506 ,
1730 468 1771 498 ὅτι
1787 468 1831 499 οὐκ
1844 469 1877 498 οἴ-

1093 515 1153 545 δασι
1178 514 1223 545 τὸν
1245 515 1391 556 πέμψαντά
1424 526 1469 553 με.
1491 525 1505 543 n
1530 512 1620 554 ’Ὠπιρ
1659 514 1714 543 ἄνω
1738 509 1825 550 εἶπεν,
1843 513 1878 543 ὅει

1095 574 1106 588 α
1120 559 1188 599 Ἐμὲ
1206 562 1309 600 πρῶτον
1326 561 1400 599 ὑμῶν
1416 559 1550 598 μεμίσηκε
1563 582 1570 595 ,
1585 570 1600 588 n
1625 561 1705 589 τοῦτο
1721 562 1765 589 νῦν
1786 558 1878 588 πλατύ-

1092 618 1159 643 νων,
1201 605 1246 641 τὴν
1289 605 1456 646 παρηγορίαν
1495 605 1582 638 αὐτοῖς
1613 603 1730 641 ἐντίθησι.
1767 603 1875 634 πλείονα.

1097 661 1113 680 tl
1125 650 1269 687 Μνήσθητε
1282 650 1347 690 γὰρ,
1365 649 1446 691 φησὶ,
1468 652 1515 679 τοῦ
1527 649 1606 689 λόγου
1630 660 1696 688 μου,
1718 647 1758 678 ὅτι
1769 649 1815 678 οὐκ
1831 648 1877 679 ἔστι

1094 696 1184 729 δοῦλος
1209 695 1304 735 μείζων
1330 698 1377 725 τοῦ
1410 693 1500 734 κυρίου
1532 696 1625 724 αὑτοῦ
1656 705 1671 723 ι)
1706 694 1798 724 οὐκοῦν
1827 693 1876 724 οὖδλ

1094 742 1168 779 ὑμεῖς
1193 742 1256 779 ἐμοῦ
1279 740 1404 779 μείζονες.
1429 739 1513 770 Ἴδετε
1540 740 1625 770 τοίνυν
1647 741 1704 774 πῶς
1719 739 1781 779 ἐμοὶ
1806 739 1877 780 ἐχρή-

1094 797 1184 816 σαντο.
1231 787 1264 816 Εἷ
1289 785 1399 820 ἐδίωξαν
1423 785 1468 815 τὸν
1496 785 1654 822 Δεσπότην,
1680 784 1727 814 καὶ
1752 786 1818 823 ὑμᾶς
1831 783 1879 817 τοὺς

1054 841 1079 873 Β
1093 830 1199 865 δούλους
1212 832 1303 871 πολλῷ
1317 832 1428 870 μᾶλλον·
1447 831 1470 860 εἰ
1486 830 1523 870 μὴ
1540 829 1661 867 ἐδίωξαν,
1675 829 1746 860 ἀλλὰ
1759 830 1801 860 τὸν
1811 829 1877 868 λόγον

1094 888 1144 915 μου
1160 876 1307 917 ἐτήρησαν,
1322 876 1368 905 καὶ
1391 875 1435 905 τὸν
1451 875 1577 915 ὑμέτερον
1600 875 1773 915 τηρήσουσιν.
1817 873 1877 904 Ἀλλ’

1093 920 1210 952 οὐκέστι
1234 924 1320 951 τοῦτον
1345 921 1404 951 οὔτε
1427 921 1478 961 γὰρ
1492 920 1536 950 τὸν
1556 921 1637 960 ἐμὸν,
1657 919 1717 950 οὔτε
1740 919 1783 950 τὸν
1797 918 1876 957 ὑμέτε-

1095 979 1138 1007 ρον
1162 966 1333 1006 τηρήσουσιν.
1366 978 1381 996 (ι
1403 966 1481 996 Ἀλλὰ
1508 968 1593 995 ταῦτα
1622 966 1710 995 πάντα
1737 965 1876 1001 ποιήσουσιν

1095 1014 1156 1051 ὑμῖν
1173 1012 1206 1041 δι’
1219 1012 1276 1051 ἐμέ.
1292 1023 1307 1041 ›)
1325 1009 1412 1042 εὭστε
1434 1013 1456 1041 εἰ
1479 1011 1603 1050 ἀγαπᾶτέ
1626 1023 1660 1050 με
1671 1033 1679 1048 ,
1699 1010 1789 1052 φέρετε
1805 1009 1821 1039 ἃ
1835 1008 1876 1039 πά-

1095 1069 1172 1098 σχετε
1197 1057 1230 1086 δι’
1254 1056 1301 1096 ἐμὲ
1322 1057 1365 1087 τὸν
1390 1056 1582 1097 ἀγαπώμενον,
1610 1058 1645 1090 ὡς
1668 1055 1767 1096 λέγετε.
1809 1053 1876 1084 Ἀλλὰ

1095 1102 1141 1132 καὶ
1167 1102 1256 1142 ἕτερον
1271 1102 1336 1142 πρὸς
1349 1102 1521 1143 παραμυθίαν
1531 1124 1539 1138 ,
1563 1101 1602 1131 ὅτι
1620 1100 1730 1143 natm-tv
1746 1098 1877 1141 πέμψαντά

1097 1159 1130 1186 με
1153 1141 1378 1187 συνεξυϐρίζουσιν
1392 1141 1475 1186 λῦμῖν.
1499 1148 1533 1177 Εἰ
1553 1146 1591 1185 μή
1608 1158 1634 1176 τι
1656 1141 1701 1176 οὖν
1717 1146 1798 1183 ἄλλο,
1811 1147 1877 1175 τοῦτο

1097 1192 1165 1223 ἔστω
1184 1195 1246 1232 ὑμῖν
1263 1194 1299 1226 εἷς
1314 1192 1499 1234 παρηγορίαν,
1528 1191 1568 1221 ὅτι
1592 1193 1616 1221 οἱ
1637 1191 1713 1222 αὐτοὶ
1734 1191 1780 1221 καὶ
1798 1191 1876 1229 tam,

1097 1238 1142 1268 καὶ
1168 1240 1232 1278 ἐμοῦ
1243 1261 1251 1275 ,
1270 1237 1316 1268 καὶ
1332 1241 1376 1268 τοῦ
1394 1238 1499 1279 Πατρός
1515 1249 1565 1277 μου
1580 1237 1679 1278 ἐχθροί.

1139 1343 1150 1355 τι
1164 1330 1198 1359 Εἰ
1218 1328 1255 1367 μὴ
1276 1324 1354 1366 ’ἦλθον
1368 1351 1376 1366 ,
1392 1329 1436 1358 καὶ
1450 1328 1569 1364 ἐλάλησα
1584 1328 1682 1364 «Stoic,
1694 1325 1824 1367 ἁμαρτίαν
1838 1325 1877 1354 οὗιι

1101 1368 1179 1413 εἶχον·
1195 1376 1240 1403 ν’ὗν
1264 1374 1291 1402 δὲ
1316 1373 1448 1414 πρόφασιν
1471 1373 1519 1402 οὖκ
1536 1372 1627 1412 ἔχουσι
1642 1372 1705 1412 περὶ
1726 1373 1773 1407 τῆς
1794 1371 1877 1410 ἆμαρ-

1101 1418 1158 1452 τίας
1172 1420 1269 1449 αὑτῶν.
1285 1417 1320 1448 Ὁ
1335 1418 1382 1458 ἐμὲ
1402 1419 1486 1457 μισῶν
1501 1417 1546 1447 καὶ
1562 1417 1605 1447 τὸν
1619 1418 1731 1458 Πατέρα
1747 1428 1796 1455 μου
1811 1414 1878 1454 μισεῖ.

1097 1464 1129 1492 Εἰ
1145 1462 1177 1492 τὰ
1191 1463 1254 1503 ἔργα
1271 1462 1309 1502 μὴ
1325 1463 1438 1499 ἐποίησα
1453 1464 1479 1492 ἐν
1495 1463 1598 1499 αὐτοῖς,
1614 1462 1631 1491 ἃ
1644 1463 1730 1496 οὒδεῖς
1748 1461 1824 1494 ἄλλος
1836 1470 1876 1489 πε-

1097 1508 1224 1548 ποίηκεν,
1241 1508 1375 1548 ἁμαρτίαν
1391 1509 1437 1538 οὖκ
1457 1503 1541 1548 εἶχον.
1558 1509 1614 1538 Νῦν
1631 1507 1658 1537 δὲ
1675 1507 1722 1537 καὶ
1748 1505 1877 1546 ἑωράκασι,

1095 1553 1140 1582 καὶ
1155 1554 1323 1593 μεμισήκασι
1335 1553 1380 1583 καὶ
1392 1552 1451 1592 ἐμὲ,
1466 1554 1511 1582 καὶ
1524 1552 1567 1583 τὸν
1577 1551 1691 1592 Πατέρα
1705 1565 1765 1592 μου,
1776 1550 1830 1581 ἀλλ’
1844 1549 1878 1578 ἵνα

1095 1600 1223 1639 πληρωθῇ
1239 1600 1253 1628 ὁ
1267 1599 1343 1638 λόγος
1359 1600 1372 1628 ὁ
1388 1597 1574 1639 γεγραμμένος
1595 1600 1621 1628 ἐν
1641 1599 1681 1638 τῷ
1696 1597 1770 1638 νόμῳ
1791 1596 1878 1630 αὐτῶν,

1095 1643 1135 1672 ὅτι
1150 1638 1300 1683 Ἐμίσησάν
1317 1655 1351 1683 με
1374 1642 1485 1683 δωρεάν.
1506 1656 1518 1669 ιν
1534 1638 1602 1682 Ἆρα
1626 1642 1653 1672 δὲ
1675 1642 1783 1675 δικαίως
1804 1641 1878 1670 ταῦτα

1095 1691 1231 1726 ποιοῦσιν,
1264 1689 1310 1719 καὶ
1335 1690 1442 1727 μισοῦσι
1468 1688 1513 1718 καὶ
1540 1687 1608 1726 ἐμὲ,
1636 1688 1683 1717 καὶ
1713 1688 1756 1718 τὸν
1783 1684 1878 1723 Πατέρα

1097 1745 1158 1772 μου,
1174 1733 1220 1763 καὶ
1235 1735 1318 1773 ὕμᾶςς
1336 1729 1390 1774 ἆρα
1408 1733 1424 1769 ἢ
1437 1735 1489 1762 τῶν
1504 1733 1651 1773 λεχθέντων
1661 1732 1679 1769 ἢ
1696 1735 1748 1762 τῶν
1761 1728 1878 1771 πραχθέν-

1096 1790 1148 1808 των
1160 1778 1240 1819 χάριν
1254 1779 1377 1816 τοιαύτην
1388 1776 1497 1818 γνώμην
1519 1777 1689 1812 ἐπεδείξαντο
1702 1789 1710 1814 ;
1727 1776 1797 1816 Οὐχὶ
1809 1797 1816 1810 ,
1834 1785 1878 1819 φηα

1097 1823 1146 1853 σίν·
1160 1816 1346 1864 ἆσῦγγνωστος
1372 1816 1424 1864 γὰρ
1492 1822 1611 1863 ἁμαρτία
1629 1823 1727 1853 αὐτῶν.
1770 1820 1814 1855 Μὴ
1838 1816 1879 1856 γὰρ

1097 1870 1143 1899 οὐκ
1157 1863 1252 1906 ἦλθον,
1264 1869 1310 1899 καὶ
1325 1863 1429 1904 ἐδίδαξα
1438 1879 1446 1906 ;
1463 1869 1495 1898 Εἰ
1509 1868 1546 1907 μὴ
1562 1864 1658 1905 ἦλθον,
1674 1869 1699 1898 εἰ
1714 1866 1752 1906 μὴ
1764 1863 1879 1907 ἐλάλησα,

1097 1909 1167 1954 εἶχον
1185 1913 1216 1943 ἂν
1238 1914 1312 1944 αὐτοὶ
1335 1913 1439 1953 λέγειν,
1465 1915 1501 1947 ὡς
1525 1914 1583 1943 Οὐκ
1610 1911 1781 1954 ἠκούσαμεν·
1805 1904 1880 1954 vi???

1097 1950 1292 1998 ἆίίροφάσιστος
1312 1961 1329 1995 ἡ
1355 1950 1470 1999 πονηρία
1496 1959 1593 1988 αὐτῶν.
1624 1952 1692 1987 Εἶτα
1715 1950 1804 1990 ἐπειδὴ
1820 1950 1880 1999 οὖξὲν

1098 1997 1164 2033 ἄλλο
1175 1997 1387 2045 γπροειρασίζοντο
1410 1997 1550 2044 πανταχοῦ
1560 2026 1568 2041 ,
1587 2004 1609 2032 εἶ
1625 2002 1662 2042 μὴ
1678 2002 1710 2032 τὸ
1728 2001 1770 2031 τὸν
1783 1997 1881 2045 Πατέρα

1098 2042 1210 2078 ἐκδικεῖν
1224 2049 1233 2088 (
1245 2042 1258 2075 ι’
1269 2043 1355 2082 Οὗτος
1365 2048 1432 2089 γὰρ,
1443 2042 1522 2089 φησίν
1534 2071 1542 2085 ,
1560 2051 1574 2078 ὁ
1588 2049 1744 2088 ἄνθρωπος,
1763 2047 1808 2075 οὐκ
1819 2042 1881 2089 ἔστιν

1098 2096 1127 2123 ἐκ
1142 2096 1188 2123 τοῦ
1205 2087 1295 2133 Θεοῦ,
1313 2104 1328 2123 ι)
1349 2094 1396 2124 καὶ
1403 2087 1593 2134 ’τὰ-τοιαῦτα)
1606 2116 1614 2131 ,
1641 2091 1685 2123 διὰ
1701 2095 1775 2122 τοῦτο
1789 2087 1881 2134 ἐποίγευ

1100 2150 1114 2167 α
1132 2138 1166 2169 Ὁ
1189 2139 1235 2178 ἐμὲ
1260 2131 1345 2179 μισῶν
1361 2139 1406 2169 καὶ
1430 2138 1473 2169 τὸν
1490 2131 1602 2179 Πατέρα
1627 2151 1679 2178 μου
1697 2136 1775 2176 μισεῖ¹
1791 2147 1803 2161 ιι
1820 2131 1881 2179 ὥίξτξ

244 2187 352 2214 Patrem
374 2193 471 2215 meum
493 2174 558 2214 odio
578 2185 663 2214 habet
685 2196 692 2214 :
720 2198 732 2212 ι)
748 2174 843 2224 τιιιιιιο⁷
854 2188 891 2217 ita
910 2188 978 2216 nihil
992 2174 1036 2217 tali

1099 2183 1156 2213 οὐδὲ
1185 2186 1262 2214 τοῦτο
1288 2185 1372 2218 αὐτοῖς
1396 2186 1431 2218 εἷς
1454 2184 1598 2222 ἀπολογίαν
1623 2183 1820 2213 ἀπολέλειπται.
1834 2174 1879 2224 .οὖ

244 2230 371 2260 relictum
383 2235 425 2259 est
437 2231 477 2259 eis
493 2231 522 2259 in
536 2231 750 2260 excusationem.
766 2234 829 2261 Non
843 2233 935 2262 solum
950 2238 1043 2262 autem

245 2275 400 2304 doctrinam
407 2275 526 2311 exhibui,
542 2275 593 2304 sed
606 2279 634 2304 et
647 2284 730 2312 opera
742 2277 839 2313 adjeci,
856 2278 948 2315 qualia
954 2279 1046 2307 nullus

245 2319 323 2354 alius,
336 2325 367 2348 ut
380 2325 423 2349 est
435 2321 601 2349 miraculum
615 2321 649 2350 de
664 2328 748 2356 casco,
764 2322 927 2351 miraculum
942 2323 975 2352 de
989 2324 1045 2352 La-

245 2373 320 2400 zaro,
336 2369 364 2394 et:
378 2365 432 2394 alia
447 2366 579 2396 similiter.
593 2367 684 2402 Quam
704 2367 787 2404 igitur
806 2367 944 2396 habebunt
960 2377 1046 2397 excu-

244 2409 400 2439 sationem?
420 2411 582 2440 Doctrinam
605 2420 767 2441 sermonum
781 2413 896 2449 praebui,
911 2414 1000 2446 adieci
1019 2418 1047 2442 et

245 2463 336 2491 opera,
364 2455 434 2485 sicut
455 2460 484 2485 et
497 2458 591 2486 Moses
612 2458 742 2495 praecipit,
763 2458 802 2487 illi
821 2458 844 2480 ⁸4
860 2458 1045 2488 obediendum

244 2500 391 2536 mandans,
405 2501 454 2537 qui
467 2505 496 2530 et
509 2502 586 2538 signa
601 2501 715 2538 faceret,
736 2507 762 2532 et
777 2503 907 2540 pietatem
920 2503 1043 2533 doceret.

246 2557 259 2571 ι
280 2546 360 2574 Nunc
381 2550 474 2575 autem
492 2547 618 2576 viderunt
644 2559 657 2573 ν
673 2548 738 2577 talia
754 2557 847 2585 opera,
862 2554 890 2578 et
905 2549 1045 2578 nihilomi-

244 2598 296 2619 nus
312 2602 324 2615 ι
348 2592 394 2619 Me
410 2595 492 2628 atque
506 2593 618 2621 Patrem
639 2592 702 2621 odio
717 2593 882 2622 habuerunt.
907 2605 920 2619 ι
939 2595 1046 2624 Deinde

245 2635 338 2664 subdit
349 2640 376 2664 et
388 2636 550 2673 prophetam
562 2641 661 2666 testem
676 2647 682 2666 :
698 2650 710 2663 σ
728 2639 856 2668 Oderunt
868 2647 913 2668 me
923 2640 1016 2677 gratis.
1029 2647 1043 2667 ι)

243 2681 316 2710 Nam
336 2685 451 2718 propter
467 2683 554 2711 solam
575 2683 708 2712 malitiam
723 2688 751 2712 et
764 2685 869 2713 nullam
883 2685 964 2713 aliam
979 2693 1046 2714 cau—

244 2733 304 2755 sam
323 2730 423 2756 natum
436 2731 479 2756 est
490 2728 543 2757 hoc
557 2728 662 2758 odium.
679 2730 782 2767 Legem
799 2734 891 2760 autem
902 2738 959 2759 non
971 2730 1046 2761 solos

281 2810 302 2827 ⁵³
312 2811 390 2839 Joan.
405 2818 458 2845 xv,
472 2814 516 2839 22.
533 2811 554 2829 ει
569 2812 653 2841 Deut.
665 2820 700 2848 ιι,
712 2816 754 2842 13.

1102 2229 1180 2267 μόνον
1207 2229 1234 2259 δὲ
1258 2229 1431 2259 διδασκαλίαν
1453 2221 1646 2270 παρεσχόμην,
1670 2226 1738 2259 ἀλλὰ
1760 2224 1804 2256 καὶ
1826 2221 1879 2270 ἔργει

1100 2266 1272 2314 προσέθηκα,
1297 2270 1339 2305 οἶα
1368 2275 1449 2308 οὐδεὶς
1478 2266 1566 2308 ἄλλόέ-
1579 2266 1645 2304 Ποῖον
1672 2274 1703 2302 τὸ
1727 2273 1771 2318 τοῦ
1795 2266 1879 2318 ξιίῩξοῦ

1101 2310 1190 2361 (latina
1200 2310 1215 2359 ,Ἴ
1225 2320 1254 2350 τὸ
1264 2310 1309 2351 τοῦ
1322 2321 1463 2361 Λαζάρου,
1479 2319 1525 2350 καὶ
1541 2321 1565 2349 τ’
1585 2319 1654 2349 ἄλλα
1671 2317 1775 2358 ὁμοίωςο
1802 2310 1879 2361 Ῑξοξαν

1100 2354 1271 2406 οὖν’ἔχουσιν
1294 2354 1438 2406 ἀπολογίαν
1449 2354 1462 2403 ;’
1483 2364 1540 2402 Τὴν
1566 2364 1619 2394 ἀπὸ
1640 2354 1692 2393 τῶν
1715 2362 1796 2399 λόγων
1811 2354 1879 2385 διδν

1101 2411 1212 2440 σκαλίαν
1236 2411 1431 2452 παρεσχόμην,
1456 2409 1504 2446 τὴν
1540 2409 1593 2439 ἀπὸ
1619 2411 1671 2439 τῶν
1694 2408 1773 2448 ἔργων
1799 2408 1880 2452 Wo,"

1101 2455 1191 2493 έθηκα·
1220 2443 1305 2490 καθιίκ
1324 2443 1375 2486 ’καὶ
1392 2443 1555 2491 ’ὁΙΜωῦσῆς
1586 2453 1780 2488 διακελεύεται,
1802 2443 1879 2493 ἐκείνίξ

1101 2501 1236 2532 πείθεσθαι
1256 2501 1440 2541 ἐντελλόμενος
1451 2523 1459 2538 ,
1475 2501 1513 2541 τῷ
1528 2500 1572 2530 καὶ
1588 2501 1687 2539 σημεῖα
1703 2495 1823 2542 nam“???
1839 2497 1869 2542 κξι

1100 2546 1134 2576 τὰ
1156 2547 1220 2587 πρὸς
1245 2535 1379 2577 εὐσέϐειαν
1404 2535 1567 2576 διδοίσκοντι.
1586 2559 1597 2572 ι
1617 2535 1675 2573 NW
1700 2539 1726 2587 δι
1741 2535 1785 2587 ξαὶ
1798 2535 1876 2587 ξδ”Ρέξ

1100 2575 1336 2622 senatus;
1352 2575 1511 2632 'zpyg',ﬂxai
1534 2575 1608 2632 ἀμωε
1636 2597 1651 2617 ιι
1675 2582 1752 2632 Κᾷμὶ
1775 2578 1817 2632 καὲ
1839 2575 1877 2632 τὲῗ

1102 2619 1213 2678 Πατέρα
1308 2619 1505 2676 μεμιῖτῖήκασιν,
1532 2619 1555 2661 ι.
1573 2619 1640 2679 Εἶτα
1652 2619 1759 2679 Δὲπάγει
1775 2625 1821 2679 καὶ
1839 2619 1876 2679 tbi!

1100 2674 1242 2724 προφήτην
1258 2674 1397 2723 μάρτυρα,
1420 2680 1460 2711 ὅτι
1488 2691 1503 2710 s
1519 2677 1672 2725 Ἐμίσησάν
1689 2674 1872 2725 μεδοζρεάνχξ

1099 2720 1150 2760 Διὰ
1160 2720 1213 2770 γὰρ
1228 2720 1374 2769 πονηρίαν,
1389 2720 1471 2768 ιρησὶ,
1487 2725 1570 2764 μόνην
1592 2723 1687 2764 ἐτέχθη
1709 2720 1738 2752 τὸ
1753 2720 1836 2758 μῖσος,
1850 2720 1874 2739 ου
