1922 3077
38 171 88 197 205

443 168 638 197 ENARRATIO
659 168 691 196 IN
711 166 926 196 EVANGELIUM
943 166 1093 195 JOANNIS.
1113 180 1148 187 —
1167 166 1241 194 CAP.
1262 166 1315 193 XV.

1633 166 1686 194 206

38 232 68 262 δι’
85 231 172 263 αἰτίαν
189 232 285 269 ἄλλην.
301 231 392 272 Νόμον
407 232 434 262 δὲ
444 255 452 270 ,
473 234 508 266 ὣς
522 231 651 266 πολλάκις
661 230 773 271 εἴπομεν
783 253 792 269 ,
804 232 834 261 οὖ

895 229 976 258 libros
1002 228 1075 258 Mosi
1097 227 1173 263 dicit,
1198 228 1247 257 sed
1271 232 1299 256 et
1325 227 1536 264 prophetarum,
1561 231 1593 256 ut
1614 235 1687 265 saepe

38 277 116 315 μόνον
139 278 185 308 τὸν
209 277 375 315 Μωσαῖκὺν,
398 276 468 318 ἀλλὰ
483 276 530 307 καὶ
551 275 598 311 τὰς
622 279 675 307 τῶν
691 278 835 318 προφητῶν

39 322 144 361 βίϐλους
167 322 262 364 φησὶν,
286 323 378 363 ὥσπερ
402 317 606 364 οῧνᾲκᾶνταῦθιι
631 322 678 358 τήν
692 324 737 352 τοῦ
753 318 836 352 Δαυῒδ

37 367 116 406 νόμον
133 362 282 407 ὦνδμασεν.
324 362 426 407 Ὁνμὲν
443 362 487 397 οὖν
504 365 590 397 Δαυῒδ
611 367 752 406 Πνεύματι
768 366 836 407 ἁγίῳ

38 413 237 453 προανεφώνει,
265 412 280 443 8
313 412 422 451 ἔμελλεν
449 415 466 449 ἡ
492 412 578 442 αὐτῶν
603 412 717 452 πονηρία
739 411 834 442 ποιεῖν·

39 457 114 487 αὐτοὶ
138 459 167 488 δὲ
186 458 294 492 πάντως
315 459 350 492 ὣς
373 457 484 498 πονηροὶ
504 457 534 487 τὸ
549 456 694 498 προλεχθὲν
716 456 768 486 ὑπὸ
791 459 836 486 τοῦ

39 502 177 582 ῗδροέήτου
202 502 379 543 ἓπλήρωσαν,
411 502 458 533 καὶ
486 501 533 539 τὴν
558 501 722 543 προφητείαν
748 502 836 538 ἀληθῆ

67 559 91 576 ει
109 560 154 579 αν.

67 559 154 579 ειζαν.

82 603 99 622 α
112 591 202 624 Ὅταν
226 591 254 622 δὲ
287 592 350 633 ἔλθῃ
375 594 389 623 ὁ
414 592 607 633 Παρᾶκλητος,
625 591 654 622 ὃν
668 590 720 631 ἐγὼ
739 591 839 632 πέμψω

39 639 102 676 ὑμῖν
118 638 194 678 παρὰ
210 640 255 667 τοῦ
279 638 403 679 Πατρὸς,
421 638 452 668 τὸ
467 639 578 677 Πνεῦμα
602 639 649 674 τῆς
665 636 810 675 ἀληθείας,
825 636 839 666 ὃ

38 682 114 722 παρὰ
128 685 174 713 τοῦ
198 683 302 723 Πατρὸς
332 683 523 724 ἐκπορεύεται,
551 684 647 717 ἐκεῖνος
672 681 838 721 μαρτυρήσει

38 726 99 768 περὶ
117 730 193 767 ἐμοῦ.
214 727 270 758 Καὶ
285 728 364 769 ὕμεῖς-
379 729 406 758 δὲ
423 732 598 769 μαρτυρεῖτε,
622 727 662 757 ὅτι
685 728 732 756 ἀπ’
754 727 839 767 ἀρχῆς

39 773 97 810 μετ’
114 774 180 812 ἐμοῦ
203 773 274 803 ἕστε.
292 787 304 799 ιι
327 767 398 803 Ε’ἷπε
423 775 477 807 τοῖς
499 767 647 812 μαθηταῖς,
674 771 714 802 ὅτι
731 784 746 800 α
763 772 838 802 Διώ-

39 817 127 851 Ξουσιν
140 820 226 859 ξιμᾶς,
238 832 250 845 ι
266 818 306 847 ὅτι
322 832 333 844 ι
348 819 373 848 Τ
375 818 403 848 ὸν
418 818 494 859 λόγον
508 820 582 857 ὑμῶν
602 819 631 848 οὗ
643 817 812 859 τηρήσουσιν.
825 830 837 844 ι

38 861 97 893 Ἵνα
124 857 169 892 οὖν
184 863 222 901 μὴ
247 862 330 903 ἔχωσι
356 857 460 902 λέγειν(
478 863 531 893 Καὶ
555 863 662 900 λοιπὸν,
688 858 710 892 ὦ
737 862 836 903 Κύριε,

38 910 88 937 ποῦ
115 899 229 947 πέμπεις
254 899 345 947 ημᾶς
376 899 432 942 πῶς
458 907 604 943 ἀξιόπιστοι
633 907 766 947 ἕσόμεθας
782 899 837 942 ’τίς
856 899 879 932 Β

39 952 163 990 προσέξει
187 955 270 992 ἡμῖν,
297 953 336 987 τίς
364 953 554 992 πεισθήσεται;
575 953 618 983 διὰ
641 955 719 983 τοῦτο
734 952 837 992 ἐπάγει·

46 1009 59 1026 ι(
77 997 169 1028 ιὈτιιν
189 997 216 1027 δὲ
310 1000 324 1028 ὁ
346 998 541 1039 Παράκλητος,
563 998 660 1032 ἐκεῖνος
675 997 838 1039 μαρτυρήσει

40 1042 102 1083 περὶ
137 1043 210 1081 ἐμοῦ.
238 1054 252 1073 n
287 1042 464 1080 Ἀξιόπιστος,
493 1043 574 1084 φησὶ,
605 1043 707 1083 μάρτυς
743 1043 839 1077 ἐκεῖνός

40 1089 123 1118 ἐστιν·
151 1087 219 1117 ὥστε
252 1087 305 1118 ὑπὸ
329 1090 376 1118 τοῦ
406 1088 563 1128 Πνεύματος
587 1088 773 1129 ἐλεγχόμενοι,
799 1088 839 1119 ὅτι

40 1131 232 1172 ἀναπολόγητα
269 1132 465 1174 ἁμαρτάνουσι,
503 1133 695 1175 παραδέξονται
726 1133 757 1163 τὸ
783 1132 838 1170 κή-

39 1190 139 1217 ρυγμα.
164 1188 179 1206 ε
196 1177 248 1208 Καὶ
264 1178 341 1217 ὑμεῖς
354 1178 382 1209 δὲ
401 1180 558 1219 μαρτυρεῖτε
569 1201 577 1215 ,
601 1178 649 1208 ἀπ’
665 1179 750 1219 ἀρχῆς
766 1178 838 1213 ὄντες

39 1223 98 1260 μετ’
113 1224 178 1263 ἐμοῦ
190 1245 198 1260 ,
216 1233 231 1252 n
248 1221 289 1252 ὅτι
300 1223 346 1253 καὶ
359 1223 447 1263 λόγοις
459 1225 504 1264 καὶ
519 1224 605 1264 ἔργοις
621 1223 837 1264 ἀπροφασίστους

39 1267 136 1302 αὐτοὺς
164 1266 286 1303 ἐποίησα.
313 1269 445 1309 eaeeae.
474 1263 584 1299 οὖν-νοῦ
610 1263 666 1309 γὰρ
687 1269 839 1310 ἀμάρτυρον

38 1314 116 1342 ἔσται
130 1312 161 1343 τὸ
176 1312 318 1352 κήρυγμα,
337 1313 407 1344 ἀλλὰ
424 1314 470 1343 καὶ
489 1314 519 1343 τὸ
536 1315 648 1353 Πνεῦμα
672 1325 838 1355 συνεπιμαρο

39 1357 150 1399 τυρήσει
175 1357 294 1397 σημείοις
315 1357 360 1387 καὶ
377 1357 480 1399 τέρασι,
511 1358 559 1388 καὶ
582 1358 734 1399 ἀξιόπιστος
764 1358 839 1389 ισται

41 1404 152 1442 μάρτυς·
175 1403 286 1441 Πνεῦμα
298 1402 348 1443 γάρ
363 1404 436 1433 ἕστιν
459 1403 596 1440 ἀληθείας.
647 1403 696 1438 Ὠς
712 1398 756 1434 οὖν
771 1405 840 1441 ἀλη-

41 1448 112 1482 Θείας
134 1449 265 1486 Πνεῦμα,
286 1448 451 1488 μαρτυρήσει
474 1450 587 1486 τάληθῆο
609 1450 644 1483 ὥς
663 1448 690 1478 δὲ
707 1448 779 1489 παρὰ
794 1452 839 1479 τοῦ

42 1492 148 1539 Πατρὸς
162 1492 381 1539 ἐκπορευόμενον,
399 1493 489 1523 πάντα
507 1489 575 1524 οἶδεν
598 1493 729 1539 ἀκριϐῶς-ν
743 1495 839 1524 ἐκεῖθεν

40 1538 89 1578 γάρ
105 1539 194 1575 ἐστιν,
206 1538 232 1572 ἐξ
246 1538 275 1568 οὗ
292 1538 401 1568 πάντων
418 1542 435 1576 ἡ
451 1541 558 1578 γνῶσις.
576 1539 616 1570 Τὸ
635 1539 672 1576 δὲ,
692 1551 707 1569 c
720 1538 773 1570 ⁸ον
789 1540 841 1580 ἐγὼ

40 1585 152 1624 πέμψω,
167 1597 180 1610 π
199 1582 248 1620 τὴν
271 1583 386 1620 ἰσότητα
401 1584 476 1625 δηλοῖ
492 1584 540 1622 τὴν
559 1585 624 1625 πρὸς
646 1584 735 1615 αὐτόν.
780 1584 841 1615 Ἀλ-

39 1629 125 1669 λτλοῦ
150 1628 203 1668 γὰρ
224 1628 268 1658 τὸν
291 1627 401 1668 Πατέρα
430 1624 489 1659 εἷπε
519 1624 633 1669 πέμπειν
663 1629 693 1659 τὸ
721 1631 840 1667 Πνεῦμα·

40 1676 154 1704 ἐνταῦθα
173 1674 219 1710 δὲ,
233 1673 325 1704 ἑαυτὸν
341 1674 457 1713 πέμπειν
473 1677 551 1705 τοῦτο
568 1674 649 1704 εἰπὼν
659 1697 667 1711 ,
684 1674 756 1704 οὐδὲν
768 1675 843 1713 ἄλλο,

39 1718 54 1754 ἢ
77 1719 129 1755 τὴν
153 1718 264 1755 ἰσότητα
289 1719 375 1756 δηλοῖ.
402 1719 465 1749 Ἵνα
491 1719 519 1749 δὲ
543 1719 580 1759 μὴ
597 1720 659 1760 δόξῃ
684 1722 843 1760 ἀντανιστᾷν

41 1763 132 1793 ἑαυτὸν
147 1765 186 1804 τῷ
202 1763 290 1804 Πατρὶ
301 1786 309 1800 ,
336 1765 372 1798 ὡς
387 1764 434 1793 ἀπ’
452 1765 535 1801 ἄλλης
550 1765 670 1800 ἐξουσίας
683 1765 798 1804 πέμπων
813 1765 844 1796 τὸ

41 1811 168 1848 Πνεῦμα,
184 1809 337 1848 προσέθηκε·
354 1820 368 1838 α
380 1810 460 1850 Παρὰ
474 1813 520 1840 τοῦ
536 1810 656 1851 Πατρὸς.
670 1824 682 1837 ιι
696 1826 736 1833 -
747 1824 759 1837 ιι
772 1810 844 1849 ΙΙίμ·

95 1865 111 1883 υ
132 1853 182 1893 μὲν
204 1853 257 1893 γὰρ
278 1853 372 1890 αὐτὸς,
396 1854 466 1884 ἀλλὰ
490 1866 506 1883 ιε
520 1855 595 1895 παρὰ
621 1857 670 1885 τοῦ
696 1855 811 1895 Πατρός·
824 1867 838 1885 υ

42 1899 195 1935 τουτέστιν,
212 1899 376 1933 εὐδοκοῦντος
391 1901 436 1929 τοῦ
457 1900 565 1940 Πατρὸς
575 1922 583 1937 ,
600 1900 645 1929 καὶ
661 1901 843 1930 συναποστέλ-

42 1945 139 1979 λοντος.
157 1944 199 1974 Οὖ
225 1943 276 1984 γὰρ
300 1943 326 1978 ἐξ
351 1944 456 1974 οἰκείων
481 1945 586 1975 κόλπων
613 1945 692 1979 αὐτὸς
716 1945 844 1985 προίεμαι

42 1989 70 2019 τὸ
86 1991 220 2028 Πνεῦμα,
244 1988 312 2018 ἀλλὰ
334 1989 409 2029 παρὰ
433 1992 479 2020 τοῦ
496 1989 604 2030 Πατρὸς
631 1990 664 2019 δι’
691 1991 755 2029 ἐμοῦ
777 2001 842 2031 χορ-

43 2036 155 2074 ηγεῖται.
170 2033 261 2064 Ὅταν
277 2033 304 2064 δὲ
321 2035 449 2075 ἀκούσῃς,
467 2034 508 2065 ὅτι
520 2049 532 2062 ι
549 2035 754 2075 Ἐκπορεύεται,
772 2049 784 2062 ιι
804 2035 842 2075 μὴ

43 2080 92 2109 νόει
116 2079 272 2115 ἀποστολὴν
294 2078 342 2114 τὴν
366 2079 539 2120 ἐκπόρευσιν,
560 2080 618 2110 οἵαν
636 2079 842 2110 ἀποστέλλονται

44 2125 76 2154 τὰ
95 2125 266 2165 λειτουργικὰ
279 2123 435 2164 πνεύματα,
458 2125 528 2155 ἀλλὰ
550 2126 648 2166 φυσικὴ
673 2125 781 2164 ὕπαρξις
795 2128 842 2156 τοῦ

47 2170 202 2210 Πνεύματός
226 2170 298 2200 ἐστιν
329 2172 345 2206 ἡ
372 2170 536 2211 ἐκπόρευσις.
565 2171 599 2201 Εἰ
628 2170 680 2211 γὰρ
707 2170 745 2210 μὴ
774 2170 842 2201 οὕτω

889 275 1017 303 diximus.
1028 272 1269 309 Quemadmodum
1280 277 1308 301 et
1320 272 1372 301 hoc
1384 273 1444 301 loco
1459 272 1573 301 Davidis
1584 272 1686 302 librum

889 320 977 357 legem
991 318 1155 349 nominavit.
1178 318 1264 355 Igitur
1279 318 1369 346 David
1387 317 1489 354 Spiritu
1505 321 1599 346 sancto
1615 325 1685 354 prat-

889 365 959 394 dicit
972 365 1060 402 qualis
1075 363 1167 393 futura
1182 367 1254 392 esset
1268 363 1378 392 illorum
1392 362 1509 397 malitia,
1524 366 1553 390 et
1580 361 1643 398 ipsi,
1655 367 1688 390 ut

889 410 968 446 mali,
982 409 1087 439 dictum
1105 417 1122 438 a
1136 408 1269 446 propheta
1280 408 1472 445 impleverunt,
1481 406 1685 444 etpropbetiam

890 463 986 485 veram
1001 463 1061 484 8830
1074 454 1334 492 comprobaverunt.

927 598 1017 626 Vsus.
1044 598 1090 630 26,
1103 598 1146 624 27.
1165 604 1179 621 α
1193 595 1264 624 Cum
1286 597 1381 623 autem
1400 594 1506 623 venerit
1531 593 1688 624 Paracietus

893 644 986 679 (quem
1000 649 1050 678 ego
1068 641 1178 669 mittam
1193 640 1272 669 vobis
1290 648 1306 668 a
1320 640 1410 675 Patre)
1432 639 1539 677 Spritus
1554 640 1686 674 veritatis,

892 687 970 724 quia
993 688 1072 715 Patre
1097 685 1230 722 procedit,
1261 685 1307 714 ille
1329 685 1519 714 testimonium
1536 684 1690 722 perhibebit

892 731 926 761 de
940 739 995 760 me.
1020 733 1054 759 Et
1070 738 1117 760 vos
1131 735 1216 760 testes
1233 729 1309 765 estis,
1333 730 1397 767 quia
1416 729 1451 758 ab
1475 729 1557 758 initio
1579 738 1689 759 mecum

893 777 965 806 estis.
982 787 995 803 ιι
1022 777 1137 805 Dixerat
1148 775 1300 812 discipulis,
1316 785 1330 802 α
1352 775 1525 804 Persecuturi
1546 779 1612 804 sunt
1629 783 1688 810 vos,

892 830 1049 851 sermonem
1068 825 1188 850 vestrum
1203 829 1258 849 non
1277 819 1435 850 servabunt.
1452 830 1466 847 »
1484 821 1523 849 Ut
1541 820 1623 857 igitur
1643 819 1688 849 di-

892 876 953 896 cere
967 875 1022 896 non
1047 867 1161 903 possint,
1183 867 1218 895 Et
1236 874 1319 901 nunc,
1341 873 1358 894 ο
1384 865 1512 900 Domine,
1528 873 1582 902 quo
1602 865 1690 894 mittis

893 914 959 941 nos?
974 912 1114 950 quomodo
1137 911 1214 948 digni
1237 911 1290 940 lidc
1309 911 1430 939 erimus?
1444 911 1504 947 quis
1524 908 1559 939 ad
1573 918 1625 939 nos
1647 915 1689 939 at-

893 957 1003 986 tendet?
1013 957 1077 994 quis
1088 956 1314 992 persuadebitur?
1328 955 1388 984 ideo
1401 955 1493 984 subdit
1508 965 1515 982 :
1531 965 1544 982 α
1558 955 1628 984 Cum
1641 963 1689 984 au-

893 1007 949 1031 tem
965 1003 1070 1031 venerit
1088 1001 1256 1036 Paracletus,
1270 1001 1316 1030 ille
1331 1000 1478 1029 testabitur
1491 1000 1526 1029 de
1542 1008 1597 1028 me.
1613 1011 1627 1026 ‹‹
1643 1000 1690 1029 Fi-

892 1047 971 1083 delis,
993 1047 1093 1084 inquit,
1107 1046 1184 1075 testis
1196 1046 1239 1074 ille
1250 1050 1300 1078 est,
1315 1050 1344 1074 et
1357 1045 1394 1074 ita
1409 1045 1546 1082 redarguti
1559 1054 1575 1074 a
1587 1045 1690 1082 Sipritu

893 1092 968 1129 quod
989 1092 1092 1129 absque
1107 1091 1281 1120 excusatione
1300 1091 1450 1127 peccarint,
1466 1090 1689 1127 praedicationem

893 1137 1057 1174 suscipiant:
1073 1147 1087 1163 α
1102 1138 1135 1165 Et
1149 1144 1198 1165 vos
1208 1144 1316 1173 quoque
1331 1135 1510 1170 testabimini,
1526 1136 1572 1172 qui
1587 1135 1622 1164 ab
1640 1135 1691 1164 ini-

894 1183 933 1211 tio
946 1191 1056 1211 mecum
1072 1182 1147 1217 estis,
1170 1191 1185 1208 »
1207 1181 1268 1217 quia
1288 1185 1315 1209 et
1335 1180 1464 1217 operibus
1477 1185 1506 1208 et
1518 1181 1692 1210 sermonibus

894 1227 943 1256 feci
960 1227 1055 1257 deesse
1079 1227 1146 1264 ipsis
1163 1226 1376 1255 excusationem.
1399 1227 1476 1255 Bono
1499 1225 1582 1262 igitur
1599 1225 1692 1254 animo

893 1273 964 1307 sitis,
979 1272 1140 1309 praedicatio
1160 1279 1218 1300 non
1241 1271 1358 1300 caritura
1373 1275 1414 1299 est
1434 1270 1561 1305 testibus,
1588 1270 1636 1300 sed
1660 1275 1690 1300 et

894 1318 1010 1355 Spiritus
1019 1326 1084 1346 cum
1099 1317 1184 1354 signis
1198 1320 1226 1345 et
1237 1316 1370 1353 prodigiis
1381 1316 1538 1351 testabitur,
1551 1315 1692 1352 ﬁdelisque

893 1363 973 1391 testis
986 1363 1046 1391 erit.
1062 1363 1112 1391 Est
1124 1362 1197 1390 enim
1211 1372 1226 1388 ιι
1235 1361 1352 1398 Spiritus
1364 1361 1493 1390 veritatis.
1506 1371 1520 1387 ιι
1533 1361 1620 1398 igitur
1630 1361 1692 1396 Spi-

895 1408 964 1436 ritus
984 1407 1106 1436 veritatis
1122 1415 1184 1435 vera
1209 1406 1403 1435 testiﬁcabitur
1420 1415 1427 1434 :
1453 1413 1520 1434 nam
1545 1415 1560 1432 α
1574 1413 1590 1434 a
1613 1407 1692 1434 Patre

895 1453 1028 1490 procedit,
1052 1462 1066 1479 »
1082 1456 1110 1481 et
1122 1452 1216 1481 omnia
1237 1452 1309 1480 clare
1323 1450 1406 1480 novit.
1423 1452 1472 1479 Est
1485 1450 1556 1479 enim
1578 1458 1611 1479 ex
1625 1458 1659 1479 eo
1676 1458 1693 1479 a

895 1506 950 1535 quo
964 1498 1091 1527 omnium
1108 1497 1234 1526 scientia.
1249 1497 1312 1525 Jam
1325 1495 1402 1533 quod
1414 1496 1490 1530 dicit,
1509 1507 1520 1520 ι
1537 1496 1626 1531 Quem
1640 1503 1692 1532 ego

896 1544 1015 1578 mittam,
1038 1554 1050 1568 ι
1067 1542 1251 1579 aequalitatem
1266 1549 1330 1578 erga
1342 1542 1449 1569 Patrem
1463 1541 1605 1577 significat.
1620 1541 1692 1569 Nam

896 1589 952 1617 alio
966 1588 1029 1617 loco
1046 1587 1080 1616 de
1094 1589 1175 1616 Patre
1195 1587 1266 1616 dixit
1279 1586 1353 1623 quod
1367 1586 1459 1615 mittat
1471 1585 1604 1622 Spiritum
1619 1593 1626 1612 :
1641 1585 1694 1614 hoc

897 1638 989 1663 autem
1003 1633 1064 1662 loco
1078 1632 1154 1670 quod
1169 1633 1227 1669 ipse
1240 1632 1344 1664 mittat,
1359 1632 1453 1668 utique
1473 1639 1539 1660 sane
1553 1630 1694 1667 inqualita-

897 1683 954 1707 tem
985 1678 1149 1715 signiﬁcans.
1173 1679 1214 1707 Ut
1237 1682 1330 1706 autem
1357 1685 1392 1705 ne
1413 1676 1539 1705 videatur
1561 1675 1694 1704 obluctari

897 1723 981 1758 Patri,
995 1723 1074 1760 quasi
1088 1723 1124 1751 ab
1138 1722 1190 1751 alia
1213 1721 1367 1750 substantia
1382 1721 1474 1750 mittat
1485 1720 1628 1758 Spiritum,
1648 1720 1695 1749 ad-

896 1768 974 1802 didit,
991 1778 1005 1794 ιι
1020 1770 1043 1796 Α
1057 1769 1146 1796 Patre.
1163 1777 1177 1794 ι»
1194 1767 1263 1795 Nam
1273 1771 1301 1795 et
1311 1767 1368 1803 ipse
1381 1766 1494 1803 quidem
1509 1777 1522 1790 -
1540 1766 1661 1800 Mittam,
1678 1775 1692 1792 π

896 1813 944 1842 sed
960 1823 974 1840 ιι
988 1815 1012 1841 Α
1024 1814 1114 1846 Patre,
1129 1823 1143 1837 υ
1157 1812 1211 1840 hoc
1223 1816 1274 1846 est,
1289 1811 1464 1848 approbante
1475 1812 1566 1845 Patre,
1575 1810 1693 1839 etsimul

897 1859 1036 1887 mittente.
1063 1858 1127 1886 Non
1153 1857 1229 1885 enim
1261 1864 1295 1884 ex
1318 1856 1428 1892 proprio
1454 1856 1516 1884 sinu
1537 1855 1595 1892 ipse
1620 1855 1694 1892 prius

898 1903 992 1937 mitto,
1009 1901 1060 1932 sed
1073 1910 1089 1930 a
1111 1904 1189 1930 Patre
1204 1909 1250 1938 per
1268 1909 1313 1929 me
1328 1900 1526 1937 suppeditatur.
1554 1900 1626 1928 Cum
1647 1907 1694 1928 au—

896 1952 953 1977 tem
977 1947 1097 1976 audieris
1117 1945 1192 1984 quod
1211 1956 1225 1973 «
1241 1945 1380 1980 Procedit,
1403 1956 1416 1970 ι
1434 1953 1468 1974 ne
1491 1944 1628 1981 intelligas
1647 1952 1696 1981 per

897 1993 1102 2030 processionem
1114 1992 1277 2021 missionem
1292 1990 1364 2027 quali
1379 1990 1543 2019 emittuntur
1554 1989 1694 2018 ministra-

896 2038 962 2067 torii
983 2037 1106 2075 spiritus,
1127 2037 1177 2066 sed
1192 2035 1326 2066 naturalis
1346 2036 1428 2072 717
1444 2035 1618 2064 subsistentia
1634 2034 1695 2071 Spi-

897 2084 965 2112 ritus
986 2087 1029 2112 est
1042 2083 1189 2119 processio.
1214 2083 1284 2111 Nam
1308 2081 1363 2110 nisi
1378 2081 1581 2118 processionem
1602 2080 1641 2108 sic
1656 2080 1696 2108 in~

895 2129 1096 2163 tellexerimus,
1121 2127 1171 2156 sed
1188 2131 1326 2156 externam
1349 2126 1501 2163 quamdam
1523 2124 1695 2161 missionem,

897 2174 1033 2203 incertum
1047 2174 1100 2202 erit
1117 2173 1151 2202 de
1165 2180 1219 2209 quo
1234 2171 1330 2209 spiritu
1346 2171 1419 2200 dicat
1443 2179 1450 2200 ι
1465 2170 1603 2200 innumeri
1622 2170 1696 2199 enim

45 2215 173 2255 νοήσομεν
189 2214 239 2251 τὴν
254 2214 427 2255 ἐκπόρευσιν,
445 2215 515 2245 ἀλλά
535 2225 593 2245 τινα
612 2214 763 2251 ἀποστολὴν
776 2215 840 2249 ἔξω-

898 2223 964 2248 sunt
980 2219 1029 2256 qui
1046 2218 1073 2247 in
1087 2217 1273 2246 ministerium
1294 2216 1443 2245 mittuntur
1466 2220 1576 2253 propter
1589 2223 1638 2244 eos
1651 2215 1697 2252 qui

46 2262 85 2289 Οιν
105 2259 265 2300 γινομένην,
293 2259 390 2296 ἄδηλον
416 2259 492 2290 ἔσται
517 2260 576 2301 περὶ
600 2260 674 2290 ποίου
695 2260 843 2299 πνεύματος

47 2303 127 2343 λέγει.
148 2304 244 2345 Μυρία
265 2304 317 2345 γάρ
340 2306 391 2335 εἶσι
406 2304 441 2335 τὰ
463 2307 498 2340 εἰς
520 2305 655 2336 διακονίαν
680 2306 843 2336 ἀποστελλόα

48 2360 130 2386 μενα,
158 2349 204 2378 διὰ
228 2349 288 2382 τοὺς
317 2350 462 2388 μέλλοντας
489 2351 664 2390 κληρονομεῖν
693 2350 840 2391 σωτηρίαν.

47 2394 126 2424 Ἀλλὰ
155 2394 210 2433 μὴν
241 2396 354 2425 ἐνταῦθα
381 2395 516 2436 ἱξαίρετόν
536 2408 562 2425 τι
577 2396 622 2426 καὶ
647 2395 843 2436 κεχωρισμένον

48 2438 143 2478 ἰδίωμά
159 2450 227 2480 φησι
249 2439 279 2468 τὸ
305 2439 514 2481 ἐκπορεύεσθαι,
538 2440 577 2471 ἑνὶ
593 2443 630 2482 τῷ
646 2440 742 2482 κυρίως
760 2441 844 2471 Πνεύ-

49 2495 109 2521 ματι
132 2484 380 2526 προαφωρισμίνον.
420 2487 479 2516 Οὐκ
514 2486 566 2527 ἄρα
598 2487 628 2516 τὸ
657 2486 845 2526 ἐκπορεύεσθαι

50 2528 258 2559 ἀποστέλλεσθαι
275 2530 405 2569 νοήσομεν
417 2554 425 2569 ,
449 2531 508 2561 ἀλλ’
523 2533 554 2562 ὶκ
572 2533 617 2561 τοῦ
641 2531 748 2571 Πατρὸς
771 2530 844 2571 ἔχειν

50 2572 93 2609 τὴν
112 2573 228 2615 φυσικὴν
255 2574 378 2614 ὕπαρξιν.
408 2577 496 2606 Τοῦτο
511 2576 543 2613 δὴ
565 2576 596 2606 τὸ
612 2577 725 2615 Πνεῦμα
741 2576 845 2616 μάρτυς

51 2617 122 2648 ἔσται
137 2621 186 2649 τοῦ
201 2618 382 2659 κηρύγματος·
402 2634 414 2648 ε
432 2621 478 2651 καὶ
499 2623 574 2662 ὑμεῖς
590 2622 618 2652 δὲ
634 2625 794 2662 μαρτυρεῖτε
804 2644 812 2659 ,
828 2635 840 2648 ι

51 2663 112 2694 διότι
127 2664 177 2694 οὐκ
201 2663 229 2699 ἐξ
245 2663 333 2695 ἄλλων
347 2666 482 2703 ἀκηκόατε
495 2689 504 2705 ,
531 2668 592 2697 ἀλλ’
613 2667 688 2697 αὐτοὶ
713 2666 738 2700 ἐξ
761 2667 845 2707 ἀρχῆς

52 2709 165 2740 σύνεστι.
190 2709 232 2740 Οὐ
254 2709 339 2751 μικρὰ
361 2709 389 2740 δὲ
406 2711 476 2748 αὕτη
499 2712 635 2753 μαρτυρία
656 2711 708 2742 ὑπὸ
729 2712 781 2741 τῶν
797 2712 844 2741 ἀπ’

54 2754 137 2795 ἆθκῆς
156 2753 289 2786 συνόντων
304 2755 441 2796 γινὸμίνη·
469 2755 484 2786 ὃ
502 2756 548 2788 καὶ
563 2756 640 2788 αὐτοὶ
659 2757 683 2787 οἱ
698 2755 842 2787 ἀπόστολοι

88 2849 109 2867 ⁵⁵
123 2849 210 2879 Hebr.
229 2857 252 2885 ι,
267 2853 294 2878 4.

898 2263 1097 2293 ὴειιεὰὶιὼυιιι
1111 2262 1227 2291 salutem
1237 2262 1271 2289 θ’.
1287 2262 1424 2290 Caeterum
1437 2261 1491 2290 hoc
1502 2261 1564 2290 loco
1577 2260 1696 2297 singula-

899 2309 936 2337 ris
955 2307 1083 2346 qutndam
1106 2312 1134 2336 et
1155 2311 1282 2344 separata
1306 2306 1461 2343 proprietas
1481 2309 1523 2334 est
1538 2305 1695 2342 procedere,

899 2354 946 2382 uni
959 2353 1069 2390 proprio
1085 2351 1195 2389 Spiritui
1218 2351 1360 2381 attributa.
1383 2352 1446 2380 Non
1456 2350 1540 2388 igitur
1559 2350 1696 2387 intellige-

899 2406 963 2427 mus
981 2406 1029 2435 per
1048 2397 1250 2434 processionem
1267 2396 1420 2433 simplicem
1441 2395 1624 2431 emissionem,
1649 2395 1698 2425 sed

898 2443 1056 2472 naturalem
1069 2451 1103 2472 ex
1121 2444 1202 2472 Patre
1218 2441 1436 2471 subsistentiam.
1454 2441 1506 2470 Hic
1517 2440 1601 2478 igitur
1615 2440 1698 2477 Spiri-

899 2493 945 2518 tus
958 2489 1037 2518 testis
1058 2489 1111 2517 erit
1122 2487 1336 2524 pmdicationis,
1351 2498 1363 2512 σ
1379 2487 1415 2515 Et
1428 2494 1477 2515 vos
1490 2494 1600 2523 quoque
1614 2490 1696 2515 testa;

898 2533 1006 2569 bimini,
1024 2545 1033 2559 ι
1048 2532 1123 2570 quod
1137 2540 1192 2561 non
1213 2540 1247 2561 ex
1268 2531 1329 2561 aliis
1342 2531 1510 2566 audiveritis,
1531 2530 1581 2560 sed
1599 2531 1651 2567 ipsi
1664 2531 1700 2560 ab

897 2578 975 2607 initio
990 2586 1102 2608 mecum
1116 2578 1191 2607 estis.
1211 2578 1274 2606 Non
1287 2584 1401 2614 parvum
1425 2581 1519 2606 autem
1535 2584 1569 2605 ex
1583 2576 1635 2605 hoc
1657 2579 1698 2604 te-

898 2623 1059 2653 stimonium
1072 2623 1107 2652 ab
1124 2623 1204 2651 initio
1215 2622 1297 2652 simul
1309 2630 1385 2652 esse:
1402 2621 1477 2658 quod
1486 2625 1514 2650 et
1522 2621 1572 2658 ipsi
1582 2620 1701 2657 apostoli

898 2672 996 2707 postea
1012 2668 1171 2698 concionati
1182 2671 1258 2703 sunt,
1272 2667 1404 2702 dicentes,
1417 2667 1474 2704 Qui
1485 2666 1566 2695 simul
1577 2665 1701 2694 comedi-

899 2721 973 2750 mus,
987 2713 1126 2751 simulque
1134 2712 1256 2742 bibimus
1269 2720 1335 2742 cum
1346 2719 1389 2742 eo.
1403 2712 1513 2749 Duplex
1527 2710 1611 2748 igitur
1621 2710 1700 2739 testi-

899 2759 1041 2795 monium,
1066 2767 1083 2788 a
1108 2758 1187 2788 vobis
1207 2762 1234 2788 et
1258 2766 1273 2787 ο
1288 2757 1402 2795 Spiritu.
1425 2758 1498 2786 Nam
1512 2756 1574 2785 licet
1601 2760 1650 2785 vos
1667 2753 1705 2784 ad
