1922 3077
72 175 131 202 213

461 177 655 206 ENARRATIO
675 179 707 206 IN
729 178 942 206 EVANGELIUM
959 177 1105 207 JOANNIS.
1122 194 1157 201 —-
1175 180 1249 208 CAP.
1271 181 1336 208 XVI.

1676 186 1724 213 ΞΜ

74 241 128 275 τ’ἧς
138 238 266 275 ἀληθείας
279 262 286 276 ,
303 239 429 279 ὁδηγήσει
442 241 511 278 ὑμᾶς
523 243 560 275 εἰς
574 245 662 271 πᾶσαν
679 242 727 278 τὴν
741 243 864 278 ἀλήθειαν

935 242 1038 270 venerit
1059 242 1104 270 ille
1118 243 1166 279 qui
1185 246 1227 271 est
1247 244 1366 280 Spiritus
1381 245 1512 280 veritatis,
1533 246 1614 276 ducet
1636 256 1685 276 vos
1699 249 1726 276 in

73 285 120 314 Οὖ
146 284 198 324 γὰρ
223 285 337 320 λαλήσει
358 286 403 326 ἀφ’
424 287 537 323 ἑαυτοῦ,
554 286 612 316 ἀλλ’
637 287 685 317 ὃσα
708 287 738 316 ἂν
761 287 877 327 ἀκούσῃ,

77 329 210 366 λαλήσει,
228 330 274 359 καὶ
299 330 331 359 τὰ
346 330 478 370 ἐρχόμενα
501 332 640 371 ἀναγγελεῖ
665 334 735 370 ὑμῖν.
763 332 879 366 Ἐκεῖνος

79 374 132 414 εμὲ
146 374 270 413 δοξάσει,
286 374 326 404 ὅτι
342 376 372 405 ἔκ
386 378 432 406 τοῦ
450 377 515 414 ἐμοῦ
530 377 659 417 λήψεται,
677 377 722 407 χαὶ
738 378 878 416 ἀναγγελεῖ

77 422 154 462 ὑμῖν.
176 419 272 450 Πάντα
294 421 344 450 ὅσα
359 421 416 461 ἔχει
430 423 444 451 6
462 421 573 462 Πατὴρ,
590 422 642 460 ἰμά
663 423 727 452 ἑστι·
744 421 786 452 διὰ
801 425 878 453 τοῦτο

78 460 158 495 εἷπον
166 487 175 502 ,
186 465 228 495 ὅτι
243 466 273 495 ἐκ
282 468 330 495 τοῦ
345 467 410 504 ἐμοῦ
422 466 547 506 λήψεται,
562 468 607 497 καὶ
621 468 763 506 ἀναγγελεῖ
775 468 848 507 ὑμῖν.
859 478 874 496 ι)

75 510 171 541 Εἰπὼν
187 510 243 540 ἄνω
254 533 262 547 ,
284 510 324 540 ὅτι
344 522 360 541 α
376 511 511 552 Συμφέρει
527 514 604 551 ὑμῖν,
616 511 660 542 ἵνα
670 513 790 550 ἀπέλθω,
804 526 816 540 ι
831 515 877 543 νῦν

73 555 208 585 πλατύνει
221 558 314 592 τοῦτο,
329 556 374 586 καί
386 569 478 598 φησιν,
494 557 535 587 ὅτι
554 568 569 586 α
582 559 638 588 Νῦν
659 557 707 596 μὲν
721 559 751 588 οὗ
766 558 877 588 δύνασθε

76 601 231 641 βαστάζειν
248 600 293 630 ίαν
308 601 336 631 δὲ
351 601 414 641 ἔλθῃ
429 603 544 641 ἐκεῖνος,
562 616 574 629 υ
590 603 648 632 τότε
664 603 696 638 δὴ
710 605 761 633 τῶν
777 603 876 634 ἐκείνου

75 646 282 680 ἀπολαύσαντες
295 646 431 686 χαρίτων,
449 649 485 681 εἷς
507 652 598 678 πᾶσαν
619 648 667 683 τὴν
686 647 812 684 ἀλήθειαν
830 649 875 678 ὁδ-

73 691 257 730 ηγηθήσεσθε.
278 692 362 722 Ποίαν
375 691 403 721 δὲ
418 692 542 728 ἀλήθειάν
555 692 660 732 φησι,ἢ
675 693 722 728 τὴν
738 693 798 734 περὶ
811 693 877 724 πείνη

74 748 130 765 των
156 738 273 775 γνῶσιν,
298 736 381 770 Αὐτὸς
409 737 457 775 μὲν
479 738 531 777 γὰρ
559 740 572 767 ὁ
599 738 694 776 Κύριος
715 738 788 768 οὐδὲν
816 739 877 778 περὶ

77 783 176 810 ἑαυτοῦ
203 781 272 820 μέγα
295 781 442 821 ἐφθέγξατο·
459 782 515 820 ἅμα
539 781 587 820 μὲν
603 782 648 812 καὶ
667 784 876 824 ταπεινοφροσύο

76 837 125 862 νης
139 825 240 859 τύπους
251 826 350 862 διδοὺς,
366 826 422 865 ἅμα
440 827 466 856 δὲ
484 827 528 856 καὶ
544 826 587 856 διὰ
602 828 650 863 τὴν
667 829 803 858 ἀσθένειαν
825 831 876 858 τῶν

77 871 279 910 ἀκροωμένων,
301 871 347 901 καὶ
363 871 411 908 τὴν
432 873 483 901 τῶν
508 872 644 903 Ἰουδαίων
669 873 874 912 ἀγνωμοσύνην.

76 915 150 947 Ἀλλ’
175 916 234 945 οὐδὲ
250 915 297 951 τὴν
322 918 374 946 τῶν
397 918 514 956 νομικῶν
533 918 771 958 παρατηρημᾶτων
795 919 874 949 ἔκλυ-

76 973 119 991 σιν
138 963 260 1001 φανερῶς
274 962 424 1001 εἰσηγεῖτο,
443 960 488 992 ἵνα
505 962 543 1001 μὴ
571 962 686 996 ἀντίθεος
706 968 773 992 πᾶσι
801 964 875 1004 δόξῃ.

74 1007 134 1037 Τοῦ
151 1006 180 1036 δὲ
205 1006 386 1046 Παρακλήτου
408 1007 538 1043 ἐλθόντος,
561 1007 579 1043 ἥ
603 1019 632 1037 τε
656 1010 701 1037 τοῦ
734 1010 798 1038 Υἱοῦ
816 1010 875 1044 ἀξία

74 1051 256 1091 διετρανώθη,
272 1051 319 1080 καὶ
342 1054 358 1087 ἡ
381 1052 481 1089 ἀληθὴς
498 1053 559 1093 περὶ
580 1053 688 1082 πάντων
705 1055 801 1092 γνῶσις
824 1055 877 1089 ἐξε-

74 1096 167 1137 φάνη,
182 1096 229 1125 καὶ
245 1098 298 1126 τῶν
310 1096 400 1126 τύπων
419 1098 472 1127 τῶν
487 1099 601 1136 νομικῶν
623 1098 755 1138 ἀρθέντων
777 1100 803 1128 ἐν
826 1100 876 1138 μέ-

74 1153 142 1176 σου,
168 1141 214 1171 καὶ
232 1141 468 1181 καταργηθέντων,
492 1144 527 1176 εἰς
550 1143 598 1179 τὴν
623 1144 749 1180 ἀληθινὴν
779 1145 824 1174 χαὶ
848 1147 875 1175 ἐν

73 1186 212 1225 πνεύματι
238 1187 363 1226 λατρείαν
386 1188 582 1227 ὡδηγήθημεν,
611 1188 654 1218 διὰ
683 1190 735 1218 τῶν
758 1190 876 1228 σημείων

73 1233 130 1261 τῶν
150 1233 177 1262 ἐν
194 1231 334 1273 Πνεύματι
349 1233 530 1271 τελουμένων,
548 1233 741 1273 βεϐαιωθείσης
760 1237 809 1271 τῆς
829 1236 874 1265 πί-

72 1288 170 1311 στεως.
188 1272 256 1307 Εἶτα
269 1277 361 1313 ἐπειδὴ
377 1277 484 1317 μεγάλα
499 1272 558 1308 τινα
576 1273 633 1308 εἷπε
651 1279 714 1319 περὶ
727 1282 774 1310 τοῦ
791 1280 875 1310 Πνεύ-

73 1333 182 1361 ματος,
207 1321 250 1351 ἵνα
277 1322 314 1360 μὴ
341 1322 473 1359 νομίσωσί
499 1335 584 1359 τινες,
611 1323 651 1353 ὅτι
674 1325 771 1363 μείζων
794 1325 873 1356 αὐτοῦ

72 1368 132 1396 ἔστι
146 1366 178 1396 τὸ
193 1367 304 1405 Πνεῦμα
315 1390 323 1403 ,
347 1367 372 1396 εἴ
390 1380 419 1407 γε
442 1368 506 1397 αὐτὸ
521 1368 648 1407 ὁδηγήσει
666 1369 730 1409 πρὸς
741 1369 788 1405 τὴν
806 1370 873 1406 ἀλή-

71 1413 165 1450 θειαν,
191 1411 236 1441 καὶ
263 1412 370 1448 ποιήσει
396 1412 562 1453 χωρητιχυὺς
593 1413 638 1442 καὶ
663 1414 797 1448 δεκτικοὺς
821 1417 873 1444 τῶν

71 1457 182 1487 πολλῶν
197 1455 244 1486 καὶ
259 1457 399 1495 μεγάλων,
417 1457 433 1487 ἃ
443 1480 450 1494 ,
462 1461 512 1499 ,τοῦ
530 1459 645 1499 Χριστοῦ
660 1459 805 1498 παρόντος,
825 1461 873 1490 οὐχ

70 1501 206 1537 ἠδύναντο
225 1501 366 1541 βαστάσαι·
387 1501 430 1532 ἵνα
447 1498 492 1532 οὖν
511 1498 650 1542 μὴντοῦτο
664 1507 793 1545 νομισθῇ,
812 1506 870 1534 ἐπι-

933 295 1042 315 omnem
1059 287 1208 316 veritatem.
1226 290 1287 317 Non
1302 289 1376 317 enim
1387 290 1515 325 loquetur
1528 299 1543 319 ει
1557 293 1702 329 semetipso
1717 303 1724 321 :

931 331 980 360 sed
1003 340 1172 369 quacunque
1195 333 1319 367 audierit,
1336 334 1464 370 loquetur
1489 339 1539 363 :et
1559 344 1620 372 qua:
1636 336 1725 366 futura

931 381 1006 411 sunt,
1026 377 1202 406 annuntiabit
1222 378 1307 406 vobis.
1333 378 1382 407 llle
1402 386 1446 406 me
1468 379 1640 415 gloriﬁcabit,
1662 382 1725 418 quia

931 421 965 450 de
980 429 1044 450 meo
1057 422 1180 458 accipiet,
1195 427 1223 451 et
1239 423 1414 452 annuntiabit
1429 424 1514 452 vobis.
1536 425 1635 454 Omnia
1650 434 1725 462 qum-

931 475 1050 504 cumque
1065 467 1149 496 habet
1159 469 1250 503 Pater,
1260 476 1322 497 mea
1331 473 1413 502 sunt;
1429 473 1573 505 propterea
1588 470 1643 499 dixi
1653 471 1727 508 quod

931 511 966 540 de
981 520 1043 541 meo
1053 513 1175 549 accipiet,
1186 518 1214 541 et
1225 513 1401 542 annuntiabit
1414 513 1498 542 vobis.
1512 526 1524 538 υ
1533 515 1605 543 Cum
1614 515 1727 545 dixisset

930 565 1024 593 supra,
1042 569 1055 581 σι
1075 557 1189 594 Expedit
1205 558 1283 586 vobis
1296 562 1328 586 ut
1337 558 1443 592 abeam,
1461 568 1473 585 »
1490 567 1564 587 nunc
1578 559 1630 588 hoc
1644 560 1727 589 latius

931 602 1114 638 prosequitur,
1131 606 1158 630 et
1171 602 1237 630 dicit
1251 602 1326 638 quod
1347 612 1360 628 ιι
1376 604 1456 631 Nunc
1471 603 1580 639 quidem
1595 612 1651 633 non
1675 614 1726 640 po-

931 646 1007 674 testis
1022 651 1130 682 portare
1143 655 1149 674 :
1161 647 1184 674 si
1199 651 1291 674 autem
1307 647 1411 675 venerit
1424 647 1480 681 ille,
1498 660 1509 671 ιι
1527 652 1591 676 tunc
1604 648 1726 678 fruentes

930 691 1002 718 illius
1017 691 1106 725 donis,
1130 691 1158 719 in
1178 699 1290 720 onmem
1306 692 1449 720 veritatem
1471 692 1620 722 ducemini.
1637 696 1726 730 Quam

930 740 1024 764 autem
1045 737 1187 764 veritatem
1210 737 1298 772 inquit
1325 737 1378 765 nisi
1404 738 1548 766 scientiam
1569 737 1605 767 de
1633 740 1726 768 omni-

931 780 1002 809 bus?
1024 783 1095 809 Nam
1110 782 1177 810 nihil
1201 781 1234 809 de
1252 790 1281 810 se
1300 790 1433 818 magnum
1449 783 1505 819 ipse
1521 784 1659 812 Dominus
1682 785 1726 813 lo-

930 831 1011 855 cutus
1030 831 1093 855 est:
1114 827 1213 863 partim
1234 827 1303 855 dans
1318 827 1399 856 nobis
1413 828 1529 865 ﬁguram
1555 829 1725 864 humilitatis,

931 872 1031 908 partim
1045 877 1074 900 et
1093 877 1204 908 propter
1218 872 1409 901 inﬁrmitatem
1424 873 1608 909 audientium,
1633 879 1659 904 et
1682 876 1724 904 in-

930 917 1124 953 gratitudinem
1135 917 1312 952 Iudaeorum;
1328 922 1357 945 at
1375 926 1465 954 neque
1479 919 1607 955 legalium
1627 920 1726 948 obser-

933 962 1073 990 vationum
1095 962 1262 990 solutionem
1289 962 1433 991 manifeste
1466 964 1666 998 introduxerat,
1695 969 1725 993 ut

931 1015 966 1034 ne
979 1008 1038 1034 Deo
1052 1007 1207 1035 contrarius
1222 1007 1360 1035 videretur
1383 1008 1523 1036 omnibus.
1548 1009 1603 1037 Ubi
1630 1014 1723 1038 autem

931 1051 1005 1080 venit
1024 1051 1191 1086 Paracletus,
1214 1056 1241 1080 et
1260 1051 1433 1081 manifestata
1446 1052 1499 1081 fuit
1514 1053 1630 1090 dignitas
1651 1055 1724 1089 Filii,

929 1101 957 1125 et
974 1104 1034 1125 vera
1056 1097 1090 1125 de
1115 1097 1244 1125 omnibus
1270 1098 1384 1126 scientia
1413 1098 1440 1126 in
1467 1097 1556 1126 lucem
1578 1099 1722 1134 producta,

930 1141 1039 1170 abolitis
1063 1145 1092 1170 et
1119 1141 1232 1170 sublatis
1252 1149 1267 1170 e
1286 1141 1378 1170 medio
1404 1142 1499 1178 ﬁguris
1525 1143 1667 1180 legalibus,
1697 1144 1724 1172 in

929 1195 1027 1216 verum
1048 1191 1076 1216 et
1100 1187 1267 1224 spiritualem
1295 1187 1400 1216 cultum
1423 1187 1528 1217 inducti
1549 1197 1656 1224 sumus,
1677 1198 1725 1226 per

928 1232 1007 1269 signa
1019 1240 1082 1269 quae
1100 1233 1128 1261 in
1140 1233 1244 1269 Spiritu
1255 1232 1335 1267 ﬁunt,
1354 1233 1517 1262 conﬁrmata
1533 1233 1597 1262 ﬁde.
1618 1234 1724 1263 Deinde

928 1278 991 1314 quia
1019 1285 1120 1314 magna
1148 1277 1276 1314 quadam
1299 1278 1403 1306 dixerat
1429 1278 1463 1307 de
1487 1279 1601 1315 Spiritu,
1632 1283 1662 1308 ut
1690 1288 1724 1308 nc

929 1326 1023 1358 putent
1047 1322 1131 1358 aliqui
1146 1322 1221 1359 quod
1242 1323 1331 1359 major
1353 1323 1412 1359 ipso
1432 1323 1468 1352 sit
1488 1324 1615 1360 Spiritus,
1637 1325 1722 1360 siqui-

927 1366 991 1395 dem
1006 1367 1063 1403 ipse
1078 1367 1105 1395 in
1122 1367 1262 1395 veritatem
1277 1368 1313 1395 sit
1327 1367 1542 1402 introducturus,
1556 1373 1583 1396 et
1604 1368 1722 1397 facturus

928 1420 1042 1448 capaces
1053 1412 1189 1448 majorum
1202 1416 1229 1440 et
1239 1412 1358 1448 plurium
1372 1421 1446 1449 quae,
1457 1413 1566 1442 Christo
1576 1419 1721 1450 praesente,

928 1462 1037 1494 portare
1050 1465 1106 1485 non
1130 1461 1257 1494 poterant
1286 1467 1292 1486 :
1317 1466 1353 1486 ne
1375 1458 1455 1494 igitur
1479 1458 1531 1487 hoc
1556 1459 1617 1496 quis
1630 1460 1722 1488 existi-

928 1506 995 1536 met,
1019 1503 1113 1531 subdit
1129 1512 1135 1530 :
1159 1514 1171 1527 ι
1189 1505 1253 1532 Non
1268 1503 1342 1532 enim
1356 1503 1487 1540 loquetur
1501 1512 1516 1532 a
1531 1505 1690 1541 semeptiso,
1704 1515 1718 1531 »

70 1546 155 1587 ιρέρει·
186 1557 200 1575 (ι
218 1547 259 1576 Οὖ
280 1547 332 1587 γὰρ
357 1547 468 1583 λαλήσει
488 1549 531 1588 ἀφ’
547 1550 654 1578 ἑαυτοῦ·
677 1559 693 1577 ι)
715 1550 864 1586 τουτέστιν,

926 1547 977 1576 hoc
991 1552 1044 1582 est,
1059 1547 1124 1576 nihil
1145 1548 1287 1584 proprium
1305 1549 1432 1585 loquetur
1446 1553 1547 1584 praeter
1562 1557 1632 1578 mea.
1650 1551 1720 1578 Cum

70 1592 159 1622 Οὐδὲν
174 1591 241 1622 ἴδιον
256 1591 330 1631 παρὰ
352 1591 385 1621 τὰ
407 1593 458 1630 ἐμὰ
482 1593 545 1632 ἐρεῖ.
569 1594 610 1624 Τὸ
625 1592 692 1633 γὰρ,
712 1607 724 1619 ι
747 1593 822 1624 ⁹¹Οσα
838 1595 870 1625 ἂν

70 1637 174 1677 ἀκούσῃ
185 1660 193 1673 ,
213 1650 225 1662 ιο
240 1639 316 1666 τοῦτο
333 1637 427 1674 δηλοῖ,
441 1637 470 1680 τὸ
489 1638 571 1677 μηδὲν
593 1638 666 1672 ἐκτὸς
679 1640 730 1668 τῶν
741 1641 786 1669 τοῦ
803 1641 870 1680 Χρι-

68 1686 135 1712 στοῦ
159 1681 272 1716 διδάξαι.
295 1680 407 1722 ⁵Ωσπερ
429 1677 473 1712 οὖν
494 1682 539 1712 καὶ
553 1682 629 1717 αὐτὸς
646 1685 660 1712 6
674 1684 770 1724 Κύριος
786 1677 869 1725 λέγων

68 1727 131 1768 περὶ
156 1729 252 1756 ἑαυτοῦ
263 1750 270 1763 ,
286 1726 327 1756 ὅτι
356 1738 370 1755 α
388 1727 462 1757 Ὅσα
478 1727 582 1763 ἤκουσα
608 1728 681 1768 παρὰ
696 1731 742 1759 τοῦ
765 1730 870 1771 Πατρός

69 1783 121 1810 μου
134 1772 235 1809 ,λαλῶι
254 1786 265 1797 ιι
287 1773 316 1801 οὖ
338 1772 528 1812 διδασκόμενον
543 1774 636 1803 ἑαυτὸν
657 1774 760 1812 εἰσάγει
776 1775 868 1815 ὥσπιρ

67 1829 93 1846 τι
106 1816 205 1852 νήπιον
215 1838 223 1852 ,
244 1816 306 1845 ἀλλ’
320 1816 360 1846 ὅτι
373 1817 446 1847 οὐδὲν
459 1817 533 1851 ἐκτὸς
547 1820 600 1848 τῶν
611 1821 659 1848 τοῦ
679 1819 787 1859 Πατρὸς
805 1820 866 1850 οὔτε

67 1861 211 1900 γινώσκει,
225 1860 285 1891 οὔτε
309 1861 439 1892 διδάσκει·
461 1861 531 1892 οὕτω
554 1863 600 1892 καὶ
622 1863 683 1904 περὶ
705 1866 751 1893 τοῦ
778 1865 865 1895 Πνεύ-

69 1919 163 1945 ματος·
191 1907 251 1936 ἐπεὶ
266 1906 306 1935 ὅτι
328 1907 357 1936 οὗ
377 1907 462 1936 δεῖται
483 1907 657 1942 διδασκαλίας
680 1908 711 1937 τὸ
735 1909 865 1948 Πνεῦμα,

69 1952 183 1981 ἄκουσον
205 1950 230 1980 τί
245 1963 324 1991 φησιν
345 1953 359 1981 6
374 1953 492 1986 Παῦλος·
511 1966 523 1979 α
536 1953 644 1993 ⁰Ωσπερ
665 1953 748 1987 οὐδεὶς
764 1949 818 1984 οἶδε
833 1954 867 1984 τὰ

66 1999 113 2026 τοῦ
135 1995 292 2035 ἀνθρώπου,
315 1998 338 2026 εἰ
364 1996 446 2036 μὴτὸ
469 2000 575 2037 πνεῦμα
591 1998 622 2028 τὸ
646 1999 673 2028 ἂν
698 1999 782 2039 αὐτῷ·
798 1999 867 2029 οὕτω

67 2041 159 2071 καὶτὰ
177 2043 223 2071 τοῦ
245 2043 317 2072 Θεοῦ
336 2041 420 2076 οὐδεὶς
442 2038 511 2072 οἶδεν
522 2064 530 2078 ,
545 2043 567 2072 εἰ
582 2043 620 2081 μὴ
641 2043 671 2073 τὸ
692 2038 805 2083 Πνεῦμα
820 2047 866 2074 τοῦ

67 2089 151 2118 θεοῦ.
163 2097 178 2115 n
195 2085 278 2127 Ὁρᾷς
288 2086 476 2117 αὖτοδίδαιιτον
491 2087 522 2117 τὸ
537 2087 611 2128 ἅγιον
628 2089 756 2126 Πνεῦμα,
773 2088 866 2130 ὥσπερ

67 2132 113 2161 καὶ
128 2131 160 2161 τὸ
181 2131 326 2172 ἡμέτερον;
351 2131 404 2162 Καὶ
423 2133 454 2162 ἐχ
468 2134 521 2162 τῶν
534 2133 594 2169 ἑξῆς
609 2133 637 2163 δὲ
652 2133 774 2174 μαθήσῃ,
792 2136 806 2163 6
822 2135 865 2164 εὖ·

67 2177 199 2217 γνώμων,
219 2179 265 2206 τοῦ
285 2177 438 2216 Πνεύματος
453 2178 501 2214 τὴν
518 2178 640 2215 θεότητα.
662 2190 677 2208 ιι
692 2179 735 2210 Τὰ
750 2179 801 2219 γὰρ
819 2180 863 2219 ἑρ-

925 1594 1000 1622 enim
1015 1593 1094 1627 dicit,
1121 1602 1134 1619 (ι
1149 1594 1328 1630 ρυεθσυιιιιυο
1349 1593 1480 1628 audierit,
1509 1604 1523 1621 »
1554 1594 1606 1623 hoc
1629 1595 1721 1631 signat

925 1638 998 1674 quod
1021 1639 1089 1667 nihil
1115 1638 1246 1667 docturus
1275 1639 1311 1667 sit
1338 1642 1413 1667 extra
1441 1647 1474 1667 ea
1497 1647 1562 1676 quae
1593 1639 1721 1668 Christus

924 1683 1029 1713 docuit.
1057 1684 1132 1712 Sicut
1158 1684 1240 1720 igitur
1266 1688 1294 1712 et
1320 1684 1457 1712 Dominus
1481 1685 1538 1720 ipse
1563 1684 1658 1714 dicens
1685 1685 1720 1714 de

925 1738 964 1763 se,
993 1743 1005 1755 ιι
1029 1730 1203 1766 Quazcuuque
1217 1729 1309 1758 audivi
1335 1737 1351 1758 a
1374 1731 1453 1758 Patre
1468 1738 1543 1764 meo,
1558 1731 1678 1766 loquor:
1706 1743 1718 1756 ιι

924 1782 980 1802 non
1007 1778 1039 1802 ut
1062 1774 1213 1802 discentem
1237 1778 1264 1802 et
1286 1782 1402 1810 puerum
1428 1783 1459 1803 se
1483 1775 1644 1810 introducit,
1672 1776 1720 1805 sed

924 1818 999 1855 quod
1019 1818 1085 1847 nihil
1109 1819 1149 1847 vel
1174 1819 1228 1846 scit
1251 1819 1292 1847 vel
1308 1818 1403 1853 docet,
1426 1827 1511 1856 quam
1537 1828 1599 1856 qua:
1614 1822 1717 1850 Pater:

925 1864 960 1892 ita
976 1867 1005 1891 et
1025 1863 1060 1891 de
1075 1863 1178 1899 Spiritu
1193 1863 1352 1891 dicendum.
1368 1864 1447 1899 Quod
1468 1868 1561 1892 autem
1576 1873 1630 1892 non
1649 1873 1718 1901 opus

923 1908 1021 1936 habeat
1048 1908 1130 1944 721
1151 1907 1265 1936 doctore
1295 1907 1420 1944 Spiritus,
1447 1908 1511 1936 audi
1536 1909 1654 1937 Paulum
1673 1909 1717 1937 di-

919 1958 1028 1982 centem
1053 1962 1059 1980 :
1078 1963 1092 1979 «
1109 1952 1350 1988 Quemadmodum
1374 1953 1466 1981 nullus
1489 1953 1564 1981 novit
1578 1961 1641 1990 quae
1664 1954 1716 1982 ho—

921 1990 1004 2027 minis
1016 2002 1091 2033 sunt,
1110 1998 1161 2026 nisi
1175 1998 1288 2034 spiritus
1307 1998 1354 2034 qui
1371 2002 1414 2026 est
1431 1997 1459 2026 in
1474 2005 1507 2026 eo
1531 2007 1538 2026 :
1556 1999 1596 2026 ita
1611 2003 1639 2027 et
1653 2007 1719 2036 qua)

922 2043 986 2079 Dei,
1000 2043 1091 2072 nullus
1105 2043 1194 2078 novit,
1212 2043 1261 2071 nisi
1272 2043 1390 2078 Spiritus
1404 2043 1455 2071 Dei
1471 2043 1503 2071 ⁷ο.
1519 2053 1532 2070 »
1550 2043 1634 2073 Vides
1644 2044 1718 2081 quod

921 2093 1033 2117 sanctus
1061 2088 1181 2124 Spiritus
1200 2089 1244 2116 sui
1270 2087 1355 2124 ipsius
1387 2088 1485 2116 doctor
1517 2088 1563 2123 sit,
1593 2089 1664 2117 sicut
1691 2093 1719 2118 et

920 2135 1033 2162 noster?
1052 2135 1086 2161 Et
1105 2142 1138 2162 ex
1152 2133 1196 2162 his
1219 2140 1281 2169 qua:
1293 2137 1455 2169 sequuntur,
1474 2133 1562 2162 discet
1585 2133 1716 2163 cordatus

920 2179 1053 2208 deitatem
1074 2179 1190 2215 Spiritus
1215 2186 1222 2205 :
1245 2188 1260 2204 (ι
1273 2180 1341 2215 Quae
1355 2178 1430 2206 enim
1455 2182 1568 2207 ventura
1585 2183 1659 2214 sunt,
1675 2180 1716 2207 in-

67 2222 187 2262 χόμινα,
204 2221 286 2262 φησὶ,
308 2223 447 2262 ἀναγγελεῖ
462 2224 536 2261 ὑμῖν·
557 2234 572 2252 ι)
594 2223 732 2261 τουτέστι,
748 2225 781 2254 τὰ
797 2224 863 2263 μέλ-

926 2225 990 2262 quit,
1013 2223 1186 2252 annuntiabit
1214 2223 1299 2251 vobis.
1324 2233 1338 2250 ν
1367 2224 1485 2251 Maxime
1515 2224 1589 2252 enim
1608 2224 1716 2260 propria

66 2268 164 2303 λοντα,
179 2267 245 2307 ὅπερ
271 2267 389 2305 μάλιστα
403 2270 475 2298 Θεοῦ
498 2267 582 2305 ἴδιον,
597 2270 614 2304 ἡ
638 2270 691 2298 τῶν
713 2269 864 2307 μελλόντων

65 2313 171 2351 γνῶσις·
187 2311 245 2341 ἐπεὶ
268 2311 319 2352 γὰρ
333 2313 408 2342 οὐδὲν
433 2312 499 2342 ἄλλο
522 2313 565 2342 διὰ
591 2313 672 2343 πόθου
696 2313 779 2348 οὕτως
806 2315 862 2344 ἐστὶ

66 2358 98 2396 τῇ
115 2356 269 2397 ἀνθρωπίνῃ
285 2356 377 2397 φύσει,
401 2359 436 2391 ὡς
449 2360 466 2393 ἡ
480 2359 542 2398 περὶ
560 2359 614 2388 τῶν
629 2359 780 2396 μελλόντων
794 2361 862 2398 γνῶ-

66 2413 122 2440 σις,
149 2405 347 2441 παραμυθεῖται
370 2402 430 2436 τοὺς
451 2402 615 2437 ἀποστόλους
639 2403 685 2433 καὶ
707 2405 737 2433 lx.
759 2404 861 2435 τούτου.

66 2448 202 2477 Τοσοῦτον
226 2449 278 2487 γὰρ
289 2469 297 2484 ,
324 2447 420 2488 φησὶν,
447 2448 614 2488 εὐεργετήσει
629 2451 716 2487 ὑμᾶς,
734 2448 803 2480 ὥστε
819 2450 862 2479 καὶ

66 2492 96 2522 τὸ
113 2493 204 2530 μεῖζον
225 2493 316 2522 δοκοῦν
331 2492 438 2522 πάντων
457 2492 535 2523 δώσει
559 2495 621 2531 ὑμῖν
633 2516 641 2532 ,
664 2493 711 2530 τὴν
733 2495 785 2524 τῶν
807 2495 864 2525 ἐσο-

67 2536 155 2575 μένων
179 2537 341 2577 πρόγνωσιν.
371 2537 444 2576 Ἀμα
468 2538 496 2568 δὲ
520 2539 578 2569 ἐπεὶ
608 2538 654 2568 καὶ
678 2538 742 2578 πρὸς
767 2551 860 2579 πειρα-

67 2582 148 2620 σμοὺς
168 2582 282 2620 ἔμελλον
297 2583 475 2613 ἄποδύσεσθαι
486 2605 494 2620 ,
508 2583 642 2622 Ἐκεῖνος,
657 2585 735 2624 φησι,
750 2585 815 2625 πρὸς
830 2585 864 2615 τὰ

69 2627 199 2666 μέλλοντα
225 2629 289 2666 ὑμῖν
315 2627 486 2667 συμϐαίνειν,
501 2629 704 2670 παρασκευάσει
720 2631 804 2669 ὑμᾶς,
828 2633 864 2664 ὡς

68 2673 103 2711 μὴ
121 2673 282 2714 ἀφυλάκτως
302 2673 328 2708 ἐξ
344 2674 450 2713 ἀγνοίας
462 2675 597 2713 ἐμπεσεῖν.
616 2688 628 2701 α
645 2675 758 2710 Δοξάσει
773 2674 800 2705 δὲ
816 2676 861 2705 καὶ

67 2718 122 2755 ἐμέ
138 2731 154 2746 υ
176 2720 204 2748 ἐν
219 2718 273 2759 γὰρ
290 2720 327 2758 τῷ
347 2719 405 2760 ἐμῷ
419 2719 530 2758 ὀνόματι
551 2721 639 2750 πάντα
662 2720 708 2750 καὶ
731 2721 844 2757 λαλήσει
856 2745 864 2759 ,

67 2764 110 2793 καὶ
127 2763 250 2801 ποιήσει,
270 2763 316 2794 καὶ
337 2764 410 2794 οὐδὲν
441 2764 559 2794 ἐναντίον
585 2767 646 2805 ἐρεῖ·
672 2765 741 2795 ὥστε
763 2777 796 2805 με
822 2766 864 2796 διὰ

100 2857 330 2891 7°1Cor.n,ll.

921 2275 963 2298 est
983 2269 1031 2298 Dei
1047 2268 1203 2297 futurorum
1224 2268 1353 2304 cognitio.
1372 2269 1442 2296 Nam
1465 2269 1527 2304 quia
1552 2269 1619 2297 nihil
1641 2269 1715 2298 aliud

920 2313 1102 2342 desiderabile
1123 2313 1160 2341 ita
1186 2317 1228 2341 est
1242 2313 1370 2342 humana:
1394 2318 1499 2342 naturae
1514 2318 1545 2341 ut
1559 2313 1716 2342 futurorum

919 2359 1052 2395 cognitio,
1077 2357 1236 2386 consolatur
1259 2358 1399 2394 apostolos
1420 2363 1447 2386 et
1460 2366 1494 2386 ex
1523 2358 1585 2386 hoc.
1607 2360 1639 2387 In
1653 2363 1714 2387 tan-

919 2409 980 2433 tum
995 2403 1083 2434 enim,
1097 2403 1197 2440 inquit,
1213 2402 1361 2431 benefaciet
1373 2403 1459 2438 vobis,
1474 2407 1505 2432 ut
1516 2407 1543 2432 et
1557 2403 1715 2433 futurorum

919 2449 1123 2486 praescientiam
1137 2448 1225 2482 vobis,
1239 2455 1300 2484 quae
1315 2448 1437 2476 maxime
1449 2449 1576 2477 omnium
1596 2450 1715 2483 videtur,

917 2495 1031 2523 daturus
1045 2494 1089 2522 sit.
1107 2495 1243 2522 Przeterea
1257 2494 1323 2529 quia
1342 2493 1377 2521 ad
1391 2494 1558 2522 tentationes
1571 2495 1714 2523 erudiendi

919 2544 1008 2573 erant,
1024 2539 1072 2567 llle
1097 2547 1146 2567 vos
1165 2538 1342 2575 praeparabit,
1366 2538 1465 2575 inquit,
1491 2539 1525 2568 ad
1547 2539 1638 2568 futura
1652 2548 1714 2576 quae

918 2585 995 2614 vobis
1020 2584 1190 2620 contingent,
1213 2591 1248 2612 ne
1267 2591 1316 2620 per
1330 2583 1512 2620 ignorantiam
1537 2584 1640 2621 absque
1665 2593 1714 2612 cu-

919 2630 997 2658 stode
1011 2629 1140 2658 incidatis
1153 2629 1181 2657 in
1193 2629 1249 2657 illa.
1264 2638 1277 2656 (ι
1296 2629 1467 2658 Gloriﬁcabit
1482 2633 1575 2658 autem
1587 2633 1616 2657 et
1628 2637 1682 2657 mc.
1698 2639 1712 2655 »

920 2676 951 2703 ln
965 2675 1079 2703 nomine
1102 2675 1177 2703 enim
1201 2682 1261 2702 meo
1276 2675 1366 2703 omnia
1385 2679 1413 2702 et
1433 2674 1561 2710 loquetur
1581 2678 1610 2701 ct
1623 2673 1728 2706 faciet,

919 2725 948 2748 et
962 2720 1027 2748 nihil
1048 2720 1188 2748 diversum
1203 2719 1274 2748 dicet
1290 2731 1295 2748 :
1319 2724 1401 2756 atque
1416 2720 1452 2748 ita
1469 2723 1497 2747 et
1520 2727 1568 2754 per
1583 2718 1715 2746 miracula

919 2773 981 2802 qua:
1000 2773 1049 2801 per
1068 2765 1143 2793 illum
1159 2765 1234 2796 ﬁent,
1253 2765 1327 2793 Deus
1340 2764 1446 2798 credar,
1459 2771 1523 2792 cum
1549 2764 1577 2792 in
1602 2770 1650 2790 vos
1670 2762 1712 2790 di-
