1922 3077
212 171 262 199 215

720 168 975 196 THEOPHYLACTI
997 170 1175 198 BULGARl/E
1195 171 1349 198 ARCHIEP.

1829 171 1878 198 2l6

213 231 335 268 scipulos
356 239 434 260 meos
455 231 604 259 abundans
635 230 796 259 effundetur
815 232 904 268 gratia
928 232 1011 260 etiam

1070 235 1116 263 τῶν
1137 235 1181 263 ὑπ’
1207 233 1306 264 ἐκείνου
1339 233 1486 273 γινομένων
1514 232 1664 269 θαυμάτων
1697 234 1877 268 πιστευθῆναι

213 281 274 314 post
301 285 393 304 meam
418 280 548 310 mortem,
576 284 641 304 eum
670 284 767 304 meum
797 284 901 304 nomen
924 277 1011 313 magis

212 321 328 357 fulgebit
346 331 353 349 :
376 321 450 357 quod
472 320 539 349 citra
561 321 780 349 controversiam
801 329 900 358 magna
926 322 1011 358 gloria

215 370 268 402 est,
291 366 312 394 si
336 365 397 402 quis
416 365 598 401 ignominioso
621 366 737 399 occisus,
752 366 841 401 magis
864 366 1012 394 clarescere

214 411 335 446 incipiat.
370 409 476 438 Deinde
511 410 575 446 quia
603 409 764 438 audiverant
794 410 948 438 Dominum
973 410 1011 438 di-

216 460 335 486 centem.
354 463 369 481 «
390 456 469 483 Unus
489 459 578 482 vester
591 458 633 482 est
648 455 778 491 magister
797 454 923 483 Christus
938 455 976 490 7',
996 465 1010 482 )›

215 505 247 528 ut
258 508 292 528 ne
301 499 537 534 existimentQuia
553 507 624 527 unus
634 499 763 535 magister
777 503 806 527 tu
819 507 858 534 es,
873 500 1013 536 quomodo

216 545 286 573 dicis
312 544 392 572 nobis
413 548 440 572 et
466 544 552 572 alium
583 544 641 572 fore
664 544 829 580 magistrum
857 545 1013 581 Spiritum?

216 589 316 623 subdit,
335 599 349 615 ι(
360 589 422 625 quia
433 590 473 616 De
484 596 545 616 meo
556 588 683 624 accipiet,
699 598 712 615 »
725 589 777 616 hoc
787 594 838 624 est,
852 597 884 617 ex
899 590 942 618 his
951 598 1013 626 qua:

215 634 290 666 novi,
305 638 333 662 et
347 642 378 661 ex
390 641 451 661 mea
465 633 588 662 scientia.
606 633 654 661 Vel
667 638 696 661 et
709 633 787 661 aliter
804 643 810 661 :
829 643 842 659 «
855 635 895 662 De
909 642 981 668 meo,
998 647 1011 660 ι»

215 679 269 707 hoc
279 683 331 712 est,
342 678 377 706 de
387 686 450 706 meo
461 678 600 711 thesauro,
611 678 658 714 qui
669 678 771 706 scilicet
782 679 868 706 Patris
876 683 926 707 est.
940 680 1013 714 Quo-

216 725 295 752 niam
315 724 389 752 cnim
406 733 419 749 «
447 725 623 760 Qumcunque
642 723 723 751 habet
738 725 828 758 Pater,
847 732 906 752 mea
920 730 984 752 sunt
995 735 1009 752 »

217 773 244 796 et
254 776 324 796 mea:
332 769 435 797 divitiae
447 777 453 795 :
468 768 624 796 Paracletus
633 772 725 796 autem
736 776 767 796 ex
778 770 858 796 Patre
868 769 1010 805 loquetur:

218 813 404 841 verisimiliter
425 813 487 840 dico
503 813 576 849 quod
595 822 609 838 «
628 814 669 840 De
684 821 746 840 meo
759 818 919 849 accepturus
934 814 979 848 sit,
997 825 1010 840 »

1066 278 1151 315 Θεὸν,
1178 281 1240 317 ὑμῖν
1265 284 1317 313 τοῖς
1341 280 1413 318 ἐμοῖς
1432 281 1561 319 μαθηταῖς
1585 278 1772 318 ἐπιχυθείσης
1797 279 1878 307 πλου-

1065 323 1124 357 σίας
1152 327 1198 360 τῆς
1223 324 1347 364 χάριτος,
1372 324 1417 353 καὶ
1445 323 1512 362 μετὰ
1538 323 1583 353 τὸν
1603 323 1673 361 ἐμὸν
1691 322 1811 352 θάνατον
1832 326 1876 352 τοῦ

1066 369 1128 407 ἐμοῦ
1157 369 1285 408 ὀνόματος
1312 370 1462 407 λάμποντος
1488 370 1599 408 μᾶλλον
1625 368 1642 398 ὃ
1672 367 1741 402 δόξα
1771 367 1874 408 μεγάλη

1066 414 1122 443 ἐστὶ
1143 414 1188 443 καὶ
1209 414 1404 454 ἀναμφίλεκτος
1414 437 1421 450 ,
1437 414 1500 444 ὅταν
1514 416 1528 443 ὃ
1543 413 1690 453 νεκρωθεὶς
1713 412 1763 442 καὶ
1778 414 1876 452 ἀτιμα-

1067 458 1151 496 σθεὶς,
1171 459 1239 497 μετὰ
1253 462 1338 488 ταῦτα
1352 460 1452 498 μᾶλλον
1467 459 1576 498 λάμπῃ.
1597 454 1673 489 Εἶτα
1685 457 1785 493 ἐπειδὴ
1799 457 1876 494 ἤκου-

1067 516 1115 532 σαν
1131 506 1175 533 τοῦ
1192 503 1289 544 Κυρίου
1310 504 1448 544 λέγοντος,
1465 504 1504 534 ὅτι
1528 516 1541 532 ιι
1563 499 1610 537 Εἷς
1626 504 1708 541 ὓμῶν
1725 505 1741 532 6
1756 505 1877 541 καθηγη-

1066 548 1113 585 τὴς
1128 549 1265 589 ὁΧριστός
1278 551 1347 579 ἐστιν
1357 572 1365 586 ,
1379 563 1391 575 ν
1401 548 1445 578 ἵνα
1462 549 1499 588 μὴ
1514 548 1678 586 νομίσωσιν,
1694 547 1738 577 ὅτι
1757 547 1872 583 Ἐπειδὴ

1067 589 1103 627 εἷς
1118 594 1275 627 διδάσκαλος
1289 595 1418 634 ὑπάρχεις
1433 594 1510 627 αὐτὸς
1521 616 1528 629 ,
1549 595 1605 626 πῶς
1630 592 1724 632 λέγεις
1739 595 1809 629 ἡμῖν
1831 592 1873 621 καὶ

1067 638 1147 668 ἄλλον
1162 638 1267 668 ἔσεσθαι
1283 638 1442 668 διδάσκαλον
1468 638 1497 667 τὸ
1518 639 1653 676 “vstitu;
1672 637 1816 678 ἐπιφέρει,
1837 636 1873 666 ὅτι

1072 695 1085 712 (ι
1101 683 1151 713 Ἐκ
1165 686 1210 713 τοῦ
1225 685 1292 722 ἐμοῦ
1305 685 1429 724 λήψεται·
1451 695 1465 713 ι)
1493 683 1630 713 τουτέστιν
1643 705 1653 721 ,
1673 682 1725 717 ἘΞ
1746 677 1785 711 ὧν
1801 682 1874 716 αὐτὸς

1067 724 1124 759 οἶδα
1135 751 1143 764 ,
1159 729 1188 758 ἐκ
1202 731 1249 764 τ’ἤς
1260 729 1325 766 ἐμῆς
1340 728 1470 767 γνώσεως.
1488 726 1529 758 Ἦ
1544 728 1590 757 καὶ
1607 727 1713 760 ἄλλως·
1725 728 1753 756 Τ
1754 726 1786 763 ὸ,
1802 741 1814 752 ιι
1825 726 1873 757 Ἐκ

1066 775 1112 802 τοῦ
1125 774 1188 813 ἐμοῦ
1200 796 1208 810 ,
1220 785 1234 802 ι)
1255 773 1390 803 τουτέστιν
1399 795 1408 808 ,
1420 773 1470 803 Ἐκ
1488 776 1535 802 τοῦ
1550 774 1614 809 ἐμοῦ
1633 775 1780 812 θησαυροῦ
1789 794 1797 807 ,
1811 771 1872 811 ὅπερ

1066 818 1122 847 ἐστὶ
1137 820 1182 847 τοῦ
1208 818 1320 858 Πατρός.
1337 818 1415 847 Ἐπεὶ
1434 817 1486 857 γὰρ
1503 829 1518 846 (ι
1531 817 1620 846 πάντα
1636 817 1692 847 ὅσα
1709 817 1769 856 ἔχει
1785 819 1799 846 ὁ
1817 818 1872 846 Πα-

218 859 271 886 hoc
285 862 337 892 est,
357 857 485 885 thesauro
500 862 528 885 et
541 857 643 885 divitiis
662 858 796 886 scientiae.
813 859 903 893 Quare
918 864 1010 888 autem

1070 863 1128 902 τὴρ,
1145 862 1197 901 ἐμοί
1221 857 1292 896 ἐστι,
1308 874 1323 891 ι)
1342 863 1386 892 καὶ
1402 862 1462 900 ἐμὸς
1477 865 1602 898 πλοῦτος,
1617 862 1667 891 καὶ
1682 864 1698 891 ὃ
1719 861 1870 901 Παράκλη-

217 903 333 939 Spiritus
359 906 433 930 tanta
462 901 540 930 dedit
563 902 643 930 nobis
667 902 749 937 bona,
776 907 804 930 et
824 911 881 931 non
903 903 1012 933 Filius?

217 948 305 984 Igitur
326 948 448 983 primum
462 947 573 983 quidem
599 947 718 975 dicimus
743 947 818 984 quod
841 949 914 976 viam
929 949 1009 977 donis

217 993 333 1028 Spiritus
363 992 451 1020 Filius
466 992 606 1027 paraverit,
631 996 658 1019 et
673 992 729 1028 ipse
743 992 778 1019 sit
800 993 895 1020 talium
923 994 1011 1022 bono-

218 1045 280 1065 rum
303 1041 409 1064 auctor.
434 1037 492 1064 Nisi
515 1037 590 1064 enim
618 1037 674 1072 ipse
707 1042 850 1072 peccatum
873 1038 1008 1069 solvisset.

218 1082 358 1118 quomodo
371 1089 422 1109 nos
441 1081 573 1117 Spiritum
599 1081 835 1110 obtinuissemus?
855 1084 917 1110 Non
936 1083 1012 1110 enim

217 1127 353 1155 habitabit
377 1126 494 1162 Spiritus
521 1126 550 1154 in
573 1134 688 1162 corpore
711 1127 820 1155 subdito
845 1128 962 1163 peccatis
978 1128 1011 1156 γ’.

218 1172 292 1200 Hinc
306 1176 347 1199 est
360 1171 435 1207 quod
455 1172 477 1198 si
492 1179 625 1207 magnum
641 1170 707 1207 quid
731 1171 806 1199 dedit
821 1172 947 1207 Spiritus,
965 1180 1012 1200 oc-

217 1217 342 1245 casiones
361 1224 377 1243 a
401 1215 508 1244 Christo
534 1215 640 1243 habuit.
670 1215 778 1244 Deinde
803 1216 866 1252 quia
891 1217 1012 1244 haeretici

218 1261 328 1297 Spiritui
353 1265 431 1288 erant
458 1260 617 1294 detracturi,
645 1260 723 1296 quasi
758 1261 850 1289 minor
877 1266 948 1290 esset
973 1262 1014 1290 di-

219 1307 331 1341 gnitate,
347 1313 381 1333 eo
394 1304 471 1342 quod
486 1305 620 1340 posterius
642 1305 762 1340 veniret;
780 1310 925 1342 propterea
942 1315 1013 1334 con-

219 1350 293 1378 cedit
307 1350 331 1378 ei
358 1350 461 1386 majora
483 1350 590 1385 operari
620 1358 666 1385 per
681 1351 830 1386 apostolos.
852 1354 883 1377 ut
903 1359 950 1386 per
965 1351 1012 1378 do-

218 1403 318 1423 norum
341 1394 560 1430 magnitudinem
586 1395 732 1430 compulsi,
757 1395 798 1422 vel
824 1395 900 1422 inviti
924 1395 1011 1431 digni-

219 1443 304 1468 tatem
332 1439 449 1475 Spiritus
474 1443 634 1474 agnoscant,
661 1443 689 1466 et
713 1446 770 1466 non
792 1439 853 1474 quia
879 1439 1014 1475 posterior

219 1484 356 1520 apparuit,
372 1487 515 1519 propterea
534 1483 627 1510 minor
641 1483 778 1518 judicetur
792 1483 870 1511 Filio.

1068 919 1110 941 τος
1125 908 1151 936 δὲ
1175 909 1204 936 ἐκ
1218 911 1264 937 τοῦ
1285 908 1391 947 Πατρὸς
1412 907 1533 942 λαλήσει·
1549 906 1663 939 εἰκότως
1677 905 1771 945 λέγω,
1789 920 1801 932 ε
1824 905 1870 936 Ἐκ

1067 955 1114 981 τοῦ
1128 953 1192 990 ἐμοῦ
1212 953 1342 992 λήψεται,
1357 963 1372 981 ι)
1392 952 1526 987 τουτέστι,
1551 953 1706 990 θησαυροῦ,
1726 950 1774 980 καὶ
1793 950 1870 980 πλού-

1067 1009 1130 1033 του,
1147 997 1192 1026 καὶ
1213 999 1260 1032 τῆς
1282 996 1414 1035 γνώσεως.
1443 996 1521 1030 Τίνος
1547 997 1575 1025 δὲ
1592 996 1686 1025 ἕνεκεν
1710 995 1742 1024 τὸ
1763 996 1870 1033 Πνεῦμα

1068 1045 1182 1071 τοσαῦτα
1203 1043 1268 1079 ἡμῖν
1283 1042 1394 1071 δέδωκεν
1411 1041 1513 1079 ἀγαθὰ,
1526 1041 1571 1070 καὶ
1588 1042 1640 1080 οὐχ
1659 1042 1673 1069 δ
1690 1040 1777 1078 Υἱός;
1796 1041 1870 1079 Πρῶ-

1067 1099 1111 1115 τον
1134 1086 1182 1125 μὲν
1198 1082 1241 1115 οὖν
1258 1089 1335 1116 τοῦτο
1359 1087 1490 1125 λέγομεν,
1515 1086 1554 1115 ὅτι
1578 1085 1628 1121 τὴν
1656 1086 1718 1114 ὁδὸν
1743 1085 1804 1118 ταῖς
1828 1086 1871 1113 τοῦ

1069 1132 1226 1168 Πνεύματος
1248 1132 1359 1170 δωρεαῖς
1379 1133 1392 1160 ὁ
1409 1132 1471 1164 Υἱὸς
1494 1130 1622 1166 ἐποίησε,
1640 1129 1690 1159 καὶ
1707 1129 1788 1161 αὐτός
1803 1131 1870 1158 ἐστιν

1067 1178 1081 1205 ὁ
1105 1175 1187 1209 αἴτιος
1210 1177 1261 1205 τῶν
1285 1176 1448 1211 τηλικούτων
1467 1176 1583 1215 ἀγαθῶν.
1615 1176 1649 1204 Εἰ
1667 1175 1707 1212 μὴ
1732 1174 1784 1214 γὰρ
1798 1173 1870 1206 αὐτὸς

1068 1219 1116 1255 τὴν
1131 1220 1265 1259 ἁμαρτίαν
1279 1221 1371 1258 ἔλυσε,
1388 1222 1443 1253 πῶς
1455 1219 1487 1249 ἂν
1510 1219 1666 1257 ἠξιώθημεν
1688 1221 1769 1257 ἡμεῖς
1786 1217 1868 1248 Πνεύ-

1069 1276 1168 1304 ματος;
1195 1266 1234 1294 Οὐ
1257 1265 1309 1305 γὰρ
1333 1265 1485 1300 κατοικήσει
1509 1265 1538 1294 τὸ
1563 1266 1683 1302 Πνεῦμα
1712 1265 1739 1293 ἐν
1766 1263 1867 1301 σώματι

1069 1310 1211 1351 καταχρέῳ
1237 1310 1392 1349 ἁμαρτίαις.
1418 1309 1503 1339 "Qa-rt
1519 1309 1543 1339 εἴ
1566 1321 1592 1338 τι
1618 1309 1692 1348 μέγα
1722 1307 1821 1337 δέδωκε
1840 1308 1868 1336 τὸ

1070 1356 1180 1392 Πνεῦμα
1191 1377 1199 1390 ,
1211 1356 1241 1384 ἐκ
1254 1358 1299 1383 τοῦ
1311 1356 1428 1394 Χριστοῦ
1441 1354 1486 1387 τὰς
1499 1353 1621 1394 ἀφορμὰς
1634 1353 1729 1393 ἔσχεν.
1747 1351 1868 1387 Ἔπειτα,

1069 1399 1126 1428 ἐπεὶ
1141 1400 1164 1428 οἱ
1190 1399 1316 1438 αἱρετικοὶ
1338 1400 1448 1437 ἔμελλον
1472 1399 1628 1438 σμικρύνειν
1645 1401 1694 1428 τοῦ
1715 1398 1866 1435 Πνεύματος

1068 1443 1116 1479 τὴν
1130 1443 1203 1477 ἀξίαν
1219 1445 1248 1473 ἐκ
1262 1446 1309 1473 τοῦ
1330 1443 1439 1483 ὕστερον
1456 1444 1554 1478 ἐλθεῖν,
1572 1443 1669 1473 τούτου
1692 1442 1781 1472 ἕνεκεν
1801 1443 1867 1480 αὐτῷ

1070 1492 1229 1529 παραχωρεῖ
1243 1488 1277 1517 τὰ
1300 1488 1406 1526 μείζονα
1423 1490 1448 1517 ἐν
1465 1492 1518 1522 τοῖς
1535 1487 1699 1522 ἀποστόλοις
1723 1487 1867 1527 ἐνεργῆσαν

219 1528 264 1558 ἵνα
279 1528 323 1557 διὰ
340 1530 386 1562 si:
409 1529 461 1557 τῶν
483 1528 586 1567 δωρεῶν
609 1527 813 1566 μεγαλειότητος
837 1530 1063 1569 ἀναγκαζόμενοι,
1079 1527 1125 1563 χαλ.
1145 1527 1266 1570 ἔχοντες,
1289 1534 1415 1572 ἐπιγνῶσι
1440 1533 1488 1569 τὴν
1515 1533 1589 1567 ἀξίαν
1617 1535 1665 1562 τοῦ
1693 1532 1865 1571 Πνεύματοὴ

220 1574 266 1603 καὶ
283 1573 320 1611 μὴ
336 1572 401 1601 διότι
417 1572 526 1612 ὕστερον
548 1572 643 1611 ἐφάνη,
669 1572 711 1601 διὰ
731 1576 808 1602 τοῦτο
829 1573 937 1604 ἔλαττον
953 1577 1053 1615 κριθείη
1069 1581 1114 1608 τοῦ
1135 1579 1212 1609 Υἷοῦ.

258 1627 347 1654 Vens.
379 1628 471 1653 16-18.
503 1637 515 1649 κ
544 1625 687 1660 Pusillum,
717 1630 744 1654 et
765 1634 822 1654 non
842 1627 938 1656 videtis
958 1637 1013 1663 me,
1033 1624 1055 1655 C

220 1675 249 1699 et
268 1671 370 1698 iterum
396 1670 527 1706 pusillum
545 1673 573 1698 et
586 1670 712 1698 videbitis
731 1679 785 1706 me,
808 1672 872 1707 quia
893 1672 962 1701 vado
980 1674 1014 1702 ad

220 1717 339 1744 Patrem.
360 1716 496 1743 Dixerunt
517 1723 581 1752 ergo
607 1715 719 1751 quidam
739 1724 772 1744 ex
793 1716 934 1753 discipulis
957 1718 1015 1755 ejus

219 1761 290 1788 inter
302 1769 331 1788 se
347 1759 440 1797 :Quid
464 1764 507 1788 est
520 1759 573 1788 hoc
596 1761 670 1796 quod
685 1761 752 1789 dicit
765 1761 855 1796 nobis,
880 1763 1012 1791 Pusillum

220 1810 248 1834 et
264 1813 320 1833 non
334 1805 433 1834 videtis
447 1812 503 1837 me,
529 1809 557 1832 et
571 1805 670 1833 iterum
688 1806 819 1842 pusillum
839 1811 868 1835 et
890 1807 1014 1836 videbitis

219 1858 273 1883 me,
299 1854 327 1878 et
345 1850 415 1886 Quia
443 1850 513 1878 vado
537 1850 572 1878 ad
594 1852 722 1878 Patrem?
751 1852 887 1880 Dicebant
912 1861 976 1889 ergo
1006 1863 1013 1881 :

219 1895 290 1932 Quid
304 1899 346 1924 est
370 1896 423 1924 hoc
437 1895 511 1931 quod
530 1895 597 1923 dicit
610 1896 763 1932 pusillum?
777 1897 915 1925 nescimus
930 1898 1012 1933 722

219 1941 285 1978 quid
325 1941 460 1977 loquatur.
494 1952 506 1964 ιο
531 1941 621 1976 Quare
659 1941 785 1969 Christus
813 1950 951 1969 recessum
986 1947 1014 1970 et

219 1990 336 2014 mortem
356 1993 435 2013 suam
459 1985 486 2012 in
505 1985 670 2013 memoriam
696 1985 736 2013 eis
759 1985 874 2020 reducit,
888 1987 1014 2022 quamvis

219 2030 305 2066 magis
327 2029 487 2058 occultanda
509 2029 670 2058 videantur?
685 2031 809 2058 Mentem
825 2038 921 2058 eorum
937 2039 1013 2060 exer-

219 2075 307 2108 cebat.
332 2077 360 2102 et
380 2074 566 2110 probatiorem
595 2073 758 2102 efﬁciebat:
781 2079 924 2111 propterea
942 2083 1013 2104 sem-

220 2127 268 2155 per
304 2126 528 2146 commemorans
561 2118 668 2151 tristia,
702 2118 847 2147 assuefacit
880 2120 950 2154 illos,
988 2125 1016 2149 et

219 2163 255 2191 ad
270 2163 506 2199 exspectationem
531 2162 642 2191 illorum
661 2163 798 2198 provehit,
820 2172 854 2192 ne
866 2164 887 2192 si
901 2170 1015 2200 repente

220 2208 354 2242 eveniant,
371 2211 578 2243 perterreantur
595 2216 601 2234 :
616 2207 697 2235 simul
720 2212 817 2236 autem
844 2213 871 2236 et
885 2209 1013 2246 adjungit

217 2253 342 2282 tristibus
363 2253 436 2281 laeta.
453 2252 541 2288 Igitur
555 2252 595 2280 sic
609 2253 661 2281 hoc
685 2253 757 2287 loco,
783 2265 796 2278 α
816 2254 967 2289 Pusillum,
989 2260 1016 2283 et

222 2307 278 2326 non
300 2297 466 2349 videtisIme
484 2310 496 2322 ν
511 2297 616 2331 dicens,
637 2298 672 2326 ad
694 2298 771 2326 triste
789 2300 883 2328 statim
911 2299 1016 2329 addidit
1029 2318 1054 2349 D

220 2343 319 2371 laetum
330 2342 464 2379 quiddam
477 2351 484 2370 :
500 2354 513 2367 ει
529 2343 565 2370 Et
580 2343 678 2370 iterum
692 2343 833 2379 pusillum,
847 2348 874 2372 et
888 2345 1015 2373 videbitis

219 2395 276 2421 me,
293 2399 305 2412 ι›
320 2391 357 2421 et,
374 2387 415 2416 Ad
429 2389 520 2416 Deum
535 2387 617 2422 vado,
635 2388 682 2424 qui
697 2396 745 2416 vos
752 2388 849 2424 juvare
864 2393 973 2425 potest:
986 2394 1014 2418 et

220 2440 276 2460 non
299 2440 392 2468 pereo,
418 2432 467 2460 sed
494 2437 606 2461 transeo
631 2443 638 2459 :
663 2437 691 2461 et
707 2433 741 2461 ad
765 2441 879 2469 parvum
901 2434 1013 2470 quidem

218 2481 329 2513 tempus
348 2485 469 2505 secessus
491 2477 553 2511 erit,
570 2482 663 2513 postea
684 2482 775 2506 autem
796 2483 927 2515 perpetuo
946 2487 1014 2507 con-

218 2521 350 2549 versabor
362 2521 511 2549 vobiscum.
534 2522 575 2549 llli
598 2522 711 2558 quidem
725 2531 781 2551 non
804 2524 1013 2558 intellexerunt;

217 2565 292 2594 unde
317 2565 469 2594 admiretur
493 2567 628 2603 quispiam
650 2567 789 2603 quomodo
814 2576 870 2596 nou
895 2576 1012 2604 agnove-

217 2610 272 2638 rint
287 2618 348 2647 quas
363 2610 482 2640 dicebat.
500 2611 612 2639 Videtur
626 2619 691 2648 ergo
704 2612 747 2640 vel
763 2611 876 2640 tristitia
891 2617 1012 2641 mentem

216 2663 313 2684 eorum
348 2657 417 2684 adeo
454 2656 599 2691 invasisse,
629 2661 660 2684 ut
697 2656 849 2693 abjicereut
873 2658 1012 2686 dictorum

217 2701 401 2735 memoriam,
433 2701 473 2729 vel
503 2705 613 2737 propter
648 2701 843 2730 obscuritatem
867 2703 1013 2731 verborum

216 2746 307 2773 evenit
325 2754 361 2774 ne
375 2746 571 2783 intelligerent.
592 2745 659 2774 ldeo
673 2748 752 2775 Iesus
772 2747 878 2776 videtur
893 2748 932 2777 eis
946 2756 1011 2776 con-

251 2821 272 2838 “
293 2821 392 2850 Matth.
414 2829 508 2857 XXIII,
527 2826 556 2851 8.
571 2822 592 2839 ⁷³
608 2823 670 2859 Sap.
689 2831 712 2859 1,
727 2826 754 2852 4.

1114 1634 1129 1651 (ι
1144 1623 1261 1662 Μικρὸν,
1278 1623 1324 1651 καὶ
1344 1624 1372 1651 οὐ
1387 1622 1510 1663 θεωρεῖτέ
1529 1634 1572 1660 με·
1588 1622 1636 1651 καὶ
1655 1623 1741 1652 πάλιν
1759 1621 1864 1662 μικρὸν,

1069 1667 1114 1708 καὶ
1129 1667 1225 1708 ὄψεσθέ
1238 1676 1282 1705 με·
1298 1667 1338 1697 ὅσι
1354 1667 1405 1706 ἐγὼ
1426 1666 1521 1706 ὑπάγω
1534 1667 1599 1705 πρὸς
1614 1667 1662 1696 τὸν
1680 1668 1792 1706 Πατέρα
1808 1677 1862 1704 μου.

1069 1706 1156 1741 Εἶπον
1168 1707 1212 1741 οἷν
1228 1713 1257 1741 ἐκ
1277 1713 1328 1740 τῶν
1352 1713 1478 1750 μαθητῶν
1494 1712 1573 1741 αὐτοῦ
1588 1712 1657 1752 πρὸς
1674 1712 1816 1747 ἀλλήλους·
1832 1709 1863 1739 Τί

1069 1758 1124 1786 ἐστι
1144 1759 1222 1786 τοῦτο
1243 1756 1258 1785 ὃ
1281 1756 1353 1796 λέγει
1379 1756 1454 1795 ἡμῖν’
1474 1756 1595 1795 Μικρὸν,
1623 1758 1672 1786 καὶ
1700 1758 1729 1786 οὔ
1749 1753 1863 1795 θεωρεῖτέ

1069 1813 1111 1840 με·
1138 1802 1186 1831 καὶ
1213 1802 1294 1831 πάλιν
1324 1802 1437 1841 μικρὸν,
1458 1802 1503 1830 καὶ
1529 1801 1627 1841 ὄψεσθέ
1656 1813 1708 1840 με,
1731 1801 1776 1830 καὶ
1801 1799 1861 1828 Ὀτι

1068 1846 1162 1885 ὑπάγω
1175 1846 1239 1886 πρὸς
1255 1847 1298 1876 τὸν
1314 1845 1426 1886 Πατέρα
1443 1857 1512 1884 pou;
1530 1845 1646 1884 Ἰἐλεγον
1664 1842 1719 1876 οὖν·
1740 1847 1826 1875 Τοῦτο
1839 1842 1862 1872 τί

1068 1892 1156 1930 ἐστιν,
1177 1891 1190 1920 ὃ
1215 1891 1285 1930 λέγει
1301 1891 1331 1920 τὸ
1356 1890 1466 1930 μικρὸν,
1487 1891 1533 1920 οὖκ
1559 1890 1671 1929 οἴδαμεν
1697 1890 1724 1920 τί
1739 1889 1824 1918 λαλεῖ.
1843 1898 1856 1915 n

1067 1936 1145 1968 Τίνος
1175 1935 1261 1965 ἕνεκεν
1289 1935 1369 1965 πάλιν
1397 1935 1484 1968 αὐτοῖς
1509 1937 1523 1964 ὁ
1545 1935 1661 1974 Χριστὸς
1686 1935 1720 1964 τὰ
1735 1933 1794 1973 περὶ
1819 1934 1861 1966 τῆς

1069 1980 1264 2020 ἀναχωρήσεως
1289 1979 1334 2009 καὶ
1369 1983 1415 2009 τοῦ
1443 1980 1556 2009 θανάτου
1584 1981 1667 2009 αὐτοῦ
1693 1981 1730 2013 εἷς
1758 1977 1859 2017 μνήμην

1069 2024 1143 2064 ἄγει,
1159 2024 1246 2054 καίτοι
1270 2025 1324 2054 ἔδει
1350 2025 1450 2063 μᾶλλον
1472 2024 1621 2064 συγκρύψαι
1637 2027 1739 2060 ταῦτα;
1764 2025 1785 2053 Γ
1785 2020 1861 2059 υμνά-

1069 2071 1119 2103 ζων
1144 2070 1231 2098 αὐτῶν
1257 2069 1305 2105 τὴν
1323 2070 1454 2105 διάνοιαν,
1477 2069 1522 2099 καὶ
1539 2070 1723 2109 δοκιμωτέραν
1748 2069 1858 2106 ἀπεργα-

1068 2114 1190 2150 ζόμενος,
1207 2113 1252 2144 καὶ
1267 2114 1310 2144 διὰ
1332 2116 1409 2143 τοῦτο
1425 2115 1466 2143 ἀεὶ
1477 2114 1641 2153 μνημονεύει
1655 2116 1708 2144 τῶν
1725 2112 1857 2151 λυπηρῶν,

1069 2160 1104 2193 εἷς
1122 2158 1278 2198 συνεθισμὸν
1297 2158 1392 2192 αὖτοὺς
1408 2159 1499 2199 ἄγων,
1520 2159 1564 2188 καὶ
1578 2160 1614 2192 εἷς
1629 2157 1790 2198 προσδοκίαν
1804 2154 1858 2199 τούέ

1069 2215 1136 2239 των,
1154 2203 1196 2233 ἵνα
1219 2203 1256 2242 μὴ
1281 2205 1319 2244 τῷ
1343 2197 1668 2243 ἀθρόῳ-καταπλαγῶσιν·
1687 2202 1745 2241 ἅμα
1772 2201 1799 2230 δὲ
1818 2197 1858 2229 καὶ

1069 2248 1231 2286 προσπλέκει
1244 2250 1298 2282 τοῖς
1322 2250 1451 2288 λυπηροῖς
1474 2248 1508 2278 τὰ
1523 2250 1747 2288 ψυχαγωγοῦντα-
1773 2244 1856 2282 ὥσπερ

1069 2289 1113 2323 οὖν
1139 2295 1288 2330 κάνταῦθα,
1321 2307 1333 2320 α
1358 2293 1479 2333 Μικρὸν,
1507 2293 1552 2322 καὶ
1579 2295 1609 2322 οὐ
1641 2290 1762 2332 θεωρεῖτέ
1788 2300 1819 2328 με
1841 2298 1852 2315 υ

1070 2339 1150 2369 εἰπὼν
1175 2339 1204 2369 τὸ
1241 2339 1378 2380 λυπηρὸν,
1408 2339 1528 2378 ἐπήγαγε
1562 2339 1607 2368 καὶ
1636 2339 1668 2368 τὸ
1696 2336 1855 2380 εὖφρόσυνογ·

1075 2395 1089 2413 (ι
1104 2384 1158 2415 Καὶ
1179 2384 1259 2414 πάλιν
1273 2377 1384 2425 μικρὸν,
1401 2384 1447 2414 καὶ
1463 2377 1560 2424 ὄψεσθέ
1582 2395 1624 2422 με·
1636 2394 1651 2412 p
1674 2383 1718 2412 καὶ
1736 2382 1775 2410 ὅτι
1793 2377 1856 2425 ill-1:“

1069 2429 1113 2458 τὸν
1125 2429 1194 2460 Θεὸν
1211 2429 1316 2468 ἄνειμι,
1329 2429 1373 2458 τὸν
1389 2429 1531 2467 δυνάμενον
1544 2431 1605 2467 ὑμῖν
1621 2430 1741 2467 βοηθεῖν,
1758 2423 1855 2468 καὶούκ

1070 2475 1236 2513 ἀπόλλυμαι,
1253 2467 1322 2504 ἀλλὰ
1347 2474 1518 2512 μεθίσταμαι·
1535 2473 1580 2503 καὶ
1604 2473 1668 2512 πρὸς
1683 2471 1768 2509 ὀλίγον
1784 2467 1828 2513 μὲν
1843 2467 1855 2494 ὃ

1069 2511 1204 2560 χωρισμὸς
1215 2511 1232 2554 ,ν
1249 2511 1352 2552 αἰώνιος
1376 2519 1403 2548 δὲ
1427 2521 1444 2555 ἡ
1461 2511 1528 2557 μεθ’
1547 2511 1630 2556 ὑμῶν
1641 2518 1676 2550 εἰς
1693 2517 1722 2546 τὸ
1733 2514 1796 2564 *ἑξῆς
1819 2511 1853 2564 δξ·

1069 2564 1174 2604 αγωγή.
1189 2564 1305 2594 Ἐκεῖνοι
1321 2563 1411 2602 μέντοι
1425 2564 1454 2593 οὖ
1474 2563 1606 2593 συνίεσαν·
1622 2562 1679 2592 ὅθεν
1699 2559 1743 2590 καὶ
1757 2559 1851 2604 θαυμά-

1069 2602 1139 2639 σειεν
1161 2609 1192 2638 ἄν
1207 2620 1249 2646 τι,
1273 2610 1330 2641 πῶς
1353 2610 1400 2638 οὐκ
1423 2608 1598 2646 ἐπεγίνωσκον
1614 2607 1630 2637 ἃ
1651 2606 1732 2645 λέγει.
1750 2602 1849 2646 Ἔοιξιεν

1067 2649 1112 2683 οὖν
1128 2656 1144 2690 ἠ
1160 2653 1231 2689 λύπη
1254 2655 1341 2683 αὐτῶν
1364 2653 1411 2690 τὴν
1430 2653 1544 2683 διάνοιαν
1567 2653 1758 2692 κατασχοῦσα,
1776 2644 1849 2692 ἐπιϐα-

1067 2699 1121 2728 λεῖν
1148 2698 1195 2734 τὴν
1215 2698 1323 2736 μνήμην
1343 2700 1396 2728 τῶν
1423 2698 1587 2738 λεγομένων,
1606 2697 1623 2732 ἢ
1646 2695 1700 2741 duo
1722 2695 1767 2741 τῆς
1789 2691 1849 2741 ἅσς’

1066 2744 1140 2784 φείας
1156 2744 1207 2773 τῶν
1224 2744 1368 2783 ῥημάτων,
1389 2744 1418 2773 τὸ
1433 2744 1470 2781 μὴ
1496 2743 1610 2772 συνιέναι
1630 2739 1716 2772 αὐτοῖς
1732 2738 1842 2774 ἐπιγενε·
