1922 3077
69 194 121 221 217

463 187 657 217 ENARRATIO
677 187 710 215 IN
729 184 945 214 EVANGELIUM
963 184 1111 213 JOANNIS.
1131 199 1165 205 —
1185 185 1258 212 CAP.
1279 185 1344 212 XVI.

1669 187 1722 214 218

74 259 145 286 σθαι.
171 255 221 286 Διὸ
235 255 282 284 καὶ
305 255 426 284 δοκοῦσιν
445 251 552 283 ἐναντία
566 251 625 280 τινὰ
648 251 736 284 αὐτοῖς
760 249 803 278 τὸν
820 248 864 284 Ἰη-

927 248 1012 276 traria
1032 247 1160 284 quaedam
1172 247 1264 276 dicere
1280 256 1288 275 :
1310 248 1382 276 Nam
1400 247 1421 275 si
1445 247 1556 284 quidem
1571 247 1724 277 videbimus

73 305 134 332 σοῦν
158 301 326 342 φθέγγεσθαι·
356 300 388 329 Εἰ
413 297 460 337 μὶν
484 297 534 337 γὰρ
549 295 667 342 δψόμθά
689 297 803 342 σιηποῢ
821 295 864 323 ὑπ-

925 297 961 326 te,
979 301 1033 329 quo
1054 293 1147 321 vadis?
1162 292 1185 321 si
1202 296 1294 320 autem
1307 292 1393 325 vadis,
1408 292 1547 328 quomodo
1570 293 1723 324 videbimus

73 346 145 386 ἄγεις
153 337 170 382 ;’
183 337 218 376 Ei
230 337 269 374 ⁷δὲ
290 343 417 383 ὑπάγεις,
431 344 487 377 πῶς
509 340 686 383 ὀψόμεθάιση
714 339 864 380 Αἰνίγματα

926 340 970 367 te?
983 338 1118 367 Videntur
1133 337 1206 367 enim
1221 337 1282 367 haec
1296 337 1441 374 aenigmata
1456 344 1526 366 esse.

72 391 126 431 γὰρ
141 390 248 420 ἐδόκουν
263 391 360 431 ταῦτα.

114 429 126 462 '.
142 433 237 474 Ἔγνω
251 429 296 464 οὖν
310 435 324 463 6
338 433 461 472 Ἰησοῦς,
476 431 516 462 ὅτι
530 431 624 468 ἤθελον
645 431 724 460 αὐτὸν
747 431 850 471 ἐρωτᾷν
862 453 871 468 ,

74 480 123 510 καὶ
136 475 212 510 εἶπεν
233 479 332 512 αὐτοῖς·
349 478 417 518 Περὶ
435 476 527 507 τούτου
541 478 642 513 ζητεῖτε
659 477 718 514 μετ’
733 475 870 511 ἀλλήλοιν,

72 524 115 554 ὅτι
131 520 217 554 εἶπον·
235 523 356 563 Μικρὸν,
380 521 427 552 καὶ
451 523 481 551 οὗ
505 520 628 562 θεωρεῖτέ
653 532 696 559 με’
719 520 764 550 καὶ
791 520 871 550 πάλιν

71 570 188 609 μικρὸν,
203 569 250 599 καὶ
271 567 366 608 ὄψεσθέ
384 579 429 606 με.
446 565 532 605 Ἀμὴν
543 589 552 605 ,
568 565 640 605 ἀμὴν
655 564 726 604 λέγω
738 567 816 604 ὑμῖν,
832 563 872 594 ὅτι

71 615 224 652 κλαύσετε,
240 613 287 643 καὶ
305 613 447 652 θρηνήσετε
463 614 551 650 ὑμεῖς,
566 613 580 640 6
601 610 629 640 δὲ
641 610 740 649 κόσμος
754 609 871 650 χαρήσε-

69 671 135 695 ται,
164 661 240 698 ὑμεῖς
266 657 294 688 δὲ
313 657 498 694 λυπηθήσεσθε
510 678 518 692 ,
537 655 598 686 ἀλλ’
621 657 637 691 ἡ
653 655 726 691 λύπη
742 656 815 693 ὑμῶν
836 656 872 688 εἷς

68 704 162 744 χαρὰν
176 703 329 743 γενήσεται.
348 701 384 732 Ἦ
398 701 479 742 γυνὴ,
498 701 562 730 ὅταν
577 699 655 740 τίκτῃ
666 723 674 736 ,
689 700 776 736 λύπην
795 698 852 739 ἔχει
862 721 870 736 ,

67 750 111 779 ὅτι
127 745 209 785 ἦλθεν
221 750 238 784 ἡ
258 747 316 789 ὥρα
330 747 421 783 αὐτῆς·
437 747 501 777 ὅταν
514 745 542 776 δὲ
557 745 672 785 γεννήσῃ
694 745 725 775 τὸ
747 744 869 784 παιδίον,

70 795 121 823 οὐκ
143 794 184 822 ἔτι
203 791 366 832 μνημονεύει
380 794 428 827 ἧς
442 792 554 832 θλίψεως
569 791 612 821 διὰ
636 790 684 826 τὴν
706 789 794 830 χαρὰν
805 812 814 826 ,
830 789 870 832 ὅέι

69 829 209 878 ἐγεννήθη⁷
229 829 364 878 ἅνθρωπος
390 838 426 871 εἰς
448 829 498 866 τὸν.
513 836 625 875 κόσμον.
651 829 802 874 Καὶηῦμεῖς
825 829 869 864 οὖν

69 883 160 919 λύπην
177 883 226 922 μὲν
243 885 287 912 νῦν
304 882 393 922 ἔχετε,
408 881 488 911 πάλιν
500 881 526 911 δὲ
542 881 642 921 ὄψομαι
657 882 742 920 ὑμᾶς,
761 880 806 909 καὶ
821 891 871 919 χα-

961 435 1047 463 Vsns.
1065 435 1157 462 19-22.
1173 445 1186 458 α
1200 433 1333 470 Cognovit
1343 437 1436 462 autem
1448 434 1529 462 Jesus
1539 433 1613 470 quod
1623 434 1724 463 vellent

926 479 1096 516 interrogare
1107 486 1136 506 se
1145 483 1173 507 et
1181 478 1250 507 dixit
1259 479 1299 506 eis
1310 487 1317 506 :
1334 479 1376 506 De
1386 478 1439 507 hoc
1448 478 1571 515 queritis
1582 479 1652 507 inter
1665 487 1723 514 vos,

925 524 998 560 quod
1013 524 1068 552 dixi
1085 533 1092 552 :
1109 523 1252 557 Pusillum,
1266 527 1293 551 et
1307 531 1362 552 non
1378 522 1475 551 videtis
1493 531 1537 551 me
1553 532 1559 549 :
1577 527 1605 552 et
1620 523 1722 553 iterum

926 569 1068 605 pusillum,
1082 573 1110 597 et
1123 568 1252 596 videbitis
1264 576 1319 596 me.
1338 569 1439 601 Amen,
1452 576 1532 596 amen
1547 568 1609 597 dico
1623 568 1699 597 vobis
1713 579 1721 598 :

926 614 1074 642 Plorahitis
1085 617 1114 641 et
1121 613 1339 642 lamentabimini
1353 621 1411 646 vos,
1422 612 1542 641 mundus
1552 617 1646 642 contra
1658 622 1722 650 gau-

924 658 999 686 debit
1015 668 1021 686 :
1033 666 1081 686 vos
1094 663 1186 686 autem
1197 665 1316 686 maerore
1326 657 1492 692 afﬁciemini,
1507 657 1555 686 sed
1568 666 1671 687 mmror
1679 667 1723 687 vc-

923 707 981 731 ster
994 707 1115 732 vertetur
1129 703 1157 732 in
1169 703 1310 740 gaudium.
1323 703 1421 731 Mulier
1430 711 1493 731 cum
1505 703 1586 739 parit,
1597 703 1722 732 dolorem

925 748 1017 783 habet,
1031 748 1094 785 quia
1104 748 1177 776 venit
1191 748 1255 776 hora
1265 748 1324 784 ejus
1339 757 1345 776 :
1359 755 1424 776 cum
1435 751 1527 776 autem
1541 748 1646 784 peperit
1657 757 1723 784 pue-

923 801 996 826 rum,
1016 793 1074 829 jam
1095 801 1152 821 non
1167 793 1292 821 meminit
1312 792 1465 826 anxietatis,
1481 797 1627 829 propterea
1648 793 1723 830 quod

921 838 1017 866 audeat
1028 838 1171 866 hominem
1183 842 1279 866 natum
1289 845 1349 866 esse
1363 838 1392 865 in
1404 837 1517 865 mundo.
1533 839 1567 866 Et
1576 846 1624 866 vos
1638 839 1722 875 igitur

923 890 995 911 nunc
1008 882 1118 918 quidem
1134 890 1284 911 mmrorem
1306 882 1421 916 habetis,
1443 881 1491 910 sed
1506 882 1605 911 iterum
1625 883 1722 912 videbo

71 928 189 968 ρήσεται
204 929 280 967 ὑμῶν
296 929 313 962 ἡ
330 926 439 967 καρδία,
459 926 506 955 καὶ
516 926 573 968 *τὴν
587 925 673 966 χαρὰν
697 926 770 964 ὑμῶν
786 925 864 954 οὐδεὶς

923 935 980 961 vos,
996 931 1023 955 et
1042 927 1170 963 gaudebit
1185 935 1233 955 cor
1248 931 1384 960 vestrum,
1408 930 1435 955 et
1454 927 1586 963 gaudium
1601 932 1722 957 vestrum

71 966 142 1013 αἴρει
163 974 210 1014 ἀφ’
224 966 322 1010 νῦμῶν.
341 985 353 998 ι
367 966 480 1007 Ἐπειδὴ
505 966 557 1000 εἶδε
579 969 639 1004 τοὺς
662 969 782 1008 μαθητὰς
804 969 870 1007 μηδ’

68 1017 138 1052 ὅλως
162 1017 298 1050 συνιέντας
326 1018 380 1045 τῶν
402 1015 550 1054 λεγομένων
575 1014 618 1044 διὰ
643 1015 692 1050 τὴν
719 1015 749 1044 lx
777 1013 868 1050 λύπης

69 1063 213 1102 κάρωσιν,
241 1060 405 1102 σαφέστερον
431 1063 521 1093 αὐτοῖς
543 1059 575 1089 τὸ
604 1059 730 1099 περὶτοῦ
755 1058 868 1088 θανάτου

69 1109 152 1136 αὐτοῦ
188 1106 275 1145 δόγμα
305 1105 490 1145 ἕμπήγνυσιν,
523 1104 565 1134 ἵνα
595 1102 787 1136 συνεθισθέντες
814 1105 868 1138 τοῖς

69 1151 195 1192 ῥήμασι,
222 1150 338 1184 καὶτοῖς
359 1150 530 1190 πράγμασιν,
549 1150 628 1178 αὐτὸν
653 1148 777 1188 γενναίως
799 1149 869 1188 ἕνέψ

66 1191 148 1227 κωσι.
174 1196 228 1226 Καὶ
246 1195 277 1231 δή
296 1206 370 1236 φησι·
401 1205 416 1223 (ι
443 1194 582 1225 κλαύσετε
600 1194 647 1233 μὲν
663 1192 710 1222 καὶ
726 1191 868 1232 Θρηνήσετε

69 1243 148 1280 ὑμεῖς
159 1264 168 1278 ,
185 1252 201 1270 ο
221 1240 236 1270 6
255 1243 300 1270 τοῦ
315 1239 428 1270 θανάτου
443 1238 499 1269 ἐστὶ
513 1241 558 1267 τοῦ
578 1240 701 1277 σταυροῦ·
722 1248 735 1265 (ι
749 1240 763 1267 6
778 1237 804 1266 δὲ
820 1238 866 1268 κό-

69 1298 138 1325 σμος
153 1285 315 1325 χαρήσεται·
329 1297 343 1314 ι)
360 1283 494 1314 τουτέστιν
504 1306 512 1319 ,
529 1284 564 1313 Οἱ
585 1282 616 1312 τὰ
629 1285 675 1312 τοῦ
689 1281 790 1320 κόσμου
806 1294 868 1322 φρο-

66 1334 173 1364 νοῦντες
195 1331 320 1361 Ἰουδαῖοι
344 1328 526 1370 χαρήσονται,
543 1330 578 1361 ὡς
599 1328 644 1357 τὸν
666 1327 759 1367 ἐχθρὸν
780 1327 866 1356 αὐτῶν

68 1376 114 1414 ἐμὲ
132 1376 282 1408 ἀνελόντες.
310 1385 325 1403 α
341 1374 442 1409 Ἀλλ’ἡ
467 1373 539 1409 λύπη
562 1374 636 1411 ὑμῶν
659 1374 694 1405 εἷς
720 1371 809 1412 χαρὰν
823 1383 866 1410 γε-

67 1420 189 1456 νήσεται·
209 1430 223 1448 n
248 1419 339 1458 ὥσπερ
354 1415 398 1449 οὖν
413 1419 458 1448 καὶ
473 1420 490 1454 ἡ
506 1421 558 1447 τῶν
583 1417 719 1448 Ἰουδαίων
734 1417 806 1456 χαρὰ
831 1417 866 1451 εἰς

67 1464 157 1501 λύπην
182 1465 271 1498 αὐτοῖς
292 1463 472 1499 καταντήσει,
490 1463 554 1493 ὅταν
569 1463 637 1501 μετὰ
656 1462 705 1498 τὴν
719 1461 866 1491 ἀνάστασιν

67 1511 96 1539 τὸ
119 1510 186 1548 ἐμὸν
211 1509 351 1545 δοξάζηται
378 1509 474 1547 ὄνομα.
504 1507 624 1538 Δύνισαι
641 1507 667 1537 δὲ
693 1506 738 1536 καὶ
764 1506 865 1546 κόσμου

923 979 1005 1000 nemo
1015 972 1093 1000 tollet
1105 980 1120 999 a
1131 971 1217 1000 vobis.
1231 984 1243 996 ι-
1258 973 1410 1008 Postquam
1422 971 1490 1000 vidit
1502 971 1648 1008 discipulos
1663 980 1721 1001 non

923 1016 1073 1052 intelligere
1088 1016 1172 1049 dicta.
1186 1024 1219 1044 eo
1233 1015 1307 1052 quod
1317 1016 1421 1052 gravati
1436 1020 1515 1044 erant
1527 1024 1658 1051 maerore,
1676 1018 1721 1045 in-

921 1061 1010 1089 culcat
1041 1061 1081 1089 eis
1105 1060 1277 1089 manifestius
1302 1061 1336 1089 de
1362 1065 1450 1089 morte
1475 1069 1534 1096 sua,
1563 1065 1594 1090 ut
1618 1063 1720 1090 assueti

922 1106 1023 1141 verbis,
1047 1106 1131 1134 etiam
1146 1114 1175 1134 re
1189 1106 1246 1142 ipsa
1271 1114 1332 1134 eam
1353 1105 1461 1134 fortiter
1482 1105 1594 1134 ferrent.
1612 1107 1720 1135 Etenim

921 1151 1011 1187 inquit
1025 1160 1032 1179 :
1049 1162 1061 1175 «
1076 1151 1219 1179 Plorabitis
1232 1155 1260 1179 et
1274 1150 1488 1179 lamentabimini
1504 1159 1562 1185 vos,
1581 1163 1593 1175 ιο
1609 1156 1721 1188 propter

922 1200 1040 1224 mortem
1055 1205 1086 1224 ac
1109 1203 1218 1224 crucem
1235 1205 1242 1222 :
1265 1207 1276 1220 α
1295 1195 1416 1224 mundus
1436 1200 1529 1224 autem
1545 1196 1686 1232 gaudebit,
1705 1209 1717 1221 υ

922 1240 974 1268 hoc
988 1245 1039 1274 est,
1054 1240 1144 1269 Judaei
1165 1240 1302 1269 mundana
1317 1241 1452 1276 sapientes
1473 1240 1642 1277 gaudebunt,
1654 1246 1718 1270 tan-

918 1293 1001 1321 quam
1028 1286 1074 1322 qui
1099 1285 1292 1314 intereinerint
1318 1293 1362 1314 me
1400 1286 1544 1314 inimicum
1580 1287 1715 1322 ipsorum.

923 1343 935 1354 -
956 1330 1009 1359 Sed
1024 1331 1133 1358 tristitia
1146 1335 1236 1359 vestra
1252 1331 1278 1358 in
1291 1330 1423 1367 gaudium
1438 1335 1558 1359 vertetur
1572 1340 1578 1358 :
1598 1343 1609 1355 ιι
1623 1339 1719 1368 quem-

921 1375 1070 1403 admodum
1085 1375 1191 1404 Judeeis
1211 1383 1320 1412 quoque
1337 1383 1418 1404 suum
1443 1375 1575 1412 gaudium
1595 1377 1626 1404 in
1647 1384 1719 1405 mm-

920 1428 1011 1448 rorem
1037 1420 1126 1455 cedet,
1151 1420 1262 1456 quando
1288 1425 1349 1456 post
1375 1429 1465 1448 meam
1491 1422 1719 1450 resurrectionem

920 1473 1023 1493 nomen
1039 1473 1132 1494 meum
1150 1465 1346 1501 goriﬁcabitur.
1370 1467 1452 1494 Potes
1473 1469 1565 1494 autem
1581 1470 1609 1494 et
1623 1467 1718 1494 mundi

920 1510 1060 1546 gaudium,
1080 1518 1135 1538 non
1150 1509 1313 1538 Iudaeorum
1333 1509 1466 1547 gaudium
1481 1510 1644 1547 intelligere,
1664 1519 1719 1548 quo

67 1555 170 1595 χαρὰν,
187 1556 226 1593 μὴ
241 1554 289 1590 τὴν
300 1555 352 1583 τῶν
361 1552 496 1584 Ἰουδαίων
505 1553 538 1589 ἢν
548 1553 697 1593 ἐχάρησαν,
709 1555 755 1582 τοῦ
771 1552 864 1593 Κυρίου

923 1555 1004 1591 gavisi
1015 1559 1091 1588 sunt,
1107 1559 1217 1583 mortuo
1239 1554 1370 1589 Domino,
1393 1555 1442 1583 sed
1460 1556 1576 1584 salutem
1599 1556 1694 1584 mundi
1711 1567 1717 1585 :

70 1599 269 1640 ἀναιρεθέντος,
285 1598 355 1628 ἆλλᾶ
369 1598 417 1634 τὴν
429 1600 476 1627 τοῦ
497 1598 599 1636 κόσμου
614 1597 750 1637 σωτηρίαν
765 1599 867 1635 νοῆσαι,

69 1644 140 1674 ὥστε
164 1639 232 1674 εἶναι
254 1643 440 1682 τὸλεγόμενον
462 1645 589 1672 τοιοῦτον·
608 1641 727 1680 «Ὑμεῖς
752 1641 799 1678 μὲν
823 1643 867 1671 λυ-

67 1689 223 1725 πηθήσεσθε
233 1710 242 1724 ,
258 1701 269 1714 ι
287 1688 356 1718 ἀλλὰ
369 1690 445 1718 τοῦτο
459 1687 490 1718 τὸ
504 1687 568 1725 ἐμὸν
582 1687 663 1720 πάθος
674 1708 682 1722 ,
696 1685 734 1727 ἐφ’
751 1681 772 1726 ᾧ
794 1688 867 1725 ὑμεῖς

66 1735 212 1769 λυπεῖσθε,
239 1735 283 1762 τοῦ
308 1732 409 1771 κόσμου
437 1732 537 1766 παντὸς
566 1732 639 1772 χαρὰ
675 1731 720 1760 καὶ
747 1731 866 1770 σωτηρία

66 1779 154 1809 ἔσται.
176 1773 244 1807 Εἶτα
261 1777 307 1807 καὶ
328 1778 499 1817 παράδειγμα
523 1777 609 1806 κοινὸν
636 1776 752 1817 ἐπιφέρει
766 1775 798 1805 τὸ
819 1778 866 1812 τῆς

66 1823 192 1862 γυναικὸς
205 1822 253 1852 καὶ
275 1824 322 1858 τῆς
336 1822 436 1856 ὠδῖνος.
453 1821 548 1860 Ταύτῃ
565 1821 593 1851 δὶ
613 1823 646 1861 τῇ
662 1819 801 1860 παραϐολῇ
820 1821 865 1850 καὶ

67 1871 90 1898 οἱ
115 1870 255 1907 προφῆται
276 1866 439 1906 κέχρηνται,
522 1867 663 1906 δριμύτητι
688 1867 739 1894 τῶν
765 1865 865 1894 ὠδίνων

66 1913 114 1949 τὴν
132 1911 283 1952 ὑπερϐολὴν
296 1913 343 1947 τῆς
361 1911 475 1950 ἀθυμίας
490 1911 718 1951 παραδηλοῦντες.
735 1909 864 1940 Τοιοῦτον

68 1958 94 1987 δέ
116 1970 143 1987 τι
158 1957 239 1995 λέγει·
257 1956 361 1990 Ὠδὶνες
382 1957 512 1996 λήψονται
536 1958 604 1994 ὑμᾶς
627 1955 757 1994 ἀθυμίας,
772 1955 832 1984 ἀλλ’
847 1958 864 1992 ἡ

66 2002 129 2032 ὠδὶν
163 2004 210 2031 τοῦ
235 2001 312 2031 τόκου
327 2001 399 2030 αἰτία
422 2001 530 2041 γίνεται·
555 2000 612 2039 ἅμα
634 2000 661 2029 δὲ
680 1999 786 2030 καὶτὸν
804 2001 865 2040 περὶ

68 2047 240 2080 ἀναστάσεως
255 2045 426 2079 πιστούμενος
440 2046 517 2085 λόγον
527 2067 536 2082 ,
561 2045 607 2074 καὶ
622 2044 761 2081 δεικνύων,
781 2044 820 2074 ὅτι
835 2045 866 2074 τὸ

67 2093 211 2121 ἀποθανεῖν
233 2089 322 2129 ὅμοιόν
337 2092 393 2120 ἔστι
415 2091 452 2130 τῷ
468 2090 521 2119 ἀπὸ
537 2090 640 2129 μήτρας
665 2091 701 2123 εἷς
721 2090 775 2127 φῶς
790 2089 865 2124 ἐξελ-

65 2139 129 2166 θεῖν.
157 2135 204 2171 Μὴ
232 2135 284 2176 γὰρ
310 2134 481 2173 θαυμάσητε,
507 2134 547 2164 ὅτι
572 2135 616 2165 διὰ
631 2133 719 2170 λύπης
734 2134 865 2170 τοσαύτης

67 2182 179 2218 μέλλετε
206 2180 315 2220 βαδίσαι
342 2180 384 2209 ἐπὶ
399 2180 496 2219 χιιιριιίν⁵
521 2179 579 2209 ἐπεὶ
601 2178 647 2208 καὶ
662 2181 679 2215 ἡ
704 2179 794 2218 μήτηρ
821 2178 863 2208 διὰ

66 2228 110 2261 τῆς
126 2226 154 2255 ἐν
225 2224 297 2253 ὠδῖνι
319 2224 406 2260 λύπης
430 2224 474 2253 ἐπὶ
488 2223 518 2254 τὸ
541 2223 662 2263 γενέσθαι
679 2225 768 2263 μήτηρ
785 2223 863 2264 ἔρχε-

66 2282 120 2301 ται.
143 2269 299 2301 Αἷνίττεται
313 2269 341 2298 δέ
355 2281 380 2298 τι
400 2270 513 2299 Ινταῧθα
528 2268 574 2298 καὶ
590 2268 734 2307 μυστικὸν,
749 2267 790 2298 ὅτι
806 2268 865 2298 ἔλυ-

66 2327 109 2344 σεν
126 2314 204 2347 αὐτὸς
219 2314 266 2347 τὰς
279 2314 374 2347 ὠδῖνας
386 2317 432 2344 τοῦ
444 2314 573 2349 θανάτου,
591 2313 636 2343 καὶ
651 2314 708 2343 νέον
728 2313 864 2354 ἄνθρωπον

66 2361 282 2398 ἀπογεννηθῆναι
305 2359 448 2396 ἐποίησεν,
471 2360 519 2388 οὐκ
543 2357 583 2388 ἔτι
606 2357 797 2399 φθειρόμενον,
818 2359 865 2388 οὒκ

65 2404 105 2434 ἔτι
126 2403 339 2439 ἀποθνήσκοντα·
366 2403 394 2437 ὃς
416 2404 486 2433 ἐστιν
513 2403 591 2436 αὐτὸς
614 2405 628 2433 6
652 2403 760 2443 Κύριος.
789 2403 863 2443 "Opi:

65 2449 116 2489 γὰρ
126 2471 134 2484 ,
150 2450 207 2482 πῶς
224 2450 272 2477 οὐκ
284 2443 356 2478 εἶπεν
365 2471 374 2487 ,
390 2448 431 2478 ὅτι
445 2448 505 2478 Οὐκ
522 2447 560 2478 ἔτι
575 2447 734 2486 μνημονεύει
748 2449 795 2483 τῆς
810 2447 865 2477 θλί-

66 2496 153 2534 ψεως,
169 2492 210 2523 ὅτι
226 2492 351 2532 ἐγεννήθη
367 2494 434 2532 αὐτῇ
455 2492 576 2529 παιδίον,
589 2493 661 2529 ἀλλ’,
681 2503 696 2521 (ι
710 2491 776 2522 Ὀτι
788 2493 862 2531 ἐγιν-

66 2540 130 2575 νήθη
153 2537 291 2578 ἄνθρωπος
309 2540 345 2572 εἰς
367 2537 411 2567 τὸν
425 2537 535 2576 κόσμον.
547 2548 563 2566 ι)
582 2538 670 2568 Τοῦτο
685 2536 737 2577 γὰρ
761 2538 790 2566 οὗ
808 2537 864 2575 μά-

66 2595 112 2620 την
128 2582 212 2616 οὕτως
235 2577 325 2619 εἶπεν,
349 2581 419 2612 ἀλλὰ
445 2582 529 2612 θέλων
557 2583 724 2623 ἐμφαντικῶς
745 2581 790 2611 καὶ
817 2594 863 2611 κε-

66 2628 225 2668 κρυμμένως
239 2626 445 2666 ὗπαινίξασθαι,
456 2626 497 2656 ὅτι
516 2627 591 2661 αὐτός
606 2628 678 2657 ἐστιν
700 2628 714 2656 6
729 2626 863 2666 γεννηθεὶς

67 2674 222 2713 ἄνθρωπος,
239 2673 269 2702 οὖ
284 2674 323 2714 τῷ
338 2671 463 2702 ὠδίναντι
487 2673 565 2702 αὐτὸν
588 2671 638 2714 ᾅδῃ
664 2671 733 2701 ἀλλὰ
754 2673 792 2712 τῷ
816 2672 862 2702 κό-

68 2729 137 2758 σμῳ.
155 2717 240 2754 Ἡμῖν
255 2717 307 2757 γὰρ
329 2717 457 2757 ἐγεννήθη
475 2717 501 2752 ἐξ
518 2717 687 2751 ἀναστάσεως
711 2719 725 2747 6
739 2717 795 2750 νέος
815 2716 862 2746 ἄν·

68 2765 168 2802 θρωπος
183 2762 229 2792 καὶ
242 2763 390 2803 ἄφθαρτος,
411 2762 516 2798 Ἰησοῦς
530 2762 645 2801 Χριστὸς
666 2764 680 2791 6
693 2761 761 2796 Θεὸς
773 2763 862 2801 ἡμῶν.

67 2807 106 2837 Τὸ
131 2807 220 2837 τοίνυν
251 2807 427 2848 παράδειγμα
443 2809 490 2843 τῆς
515 2807 656 2843 τικτούσης
679 2806 801 2846 γυναικὸς
827 2807 864 2845 μὴ

74 2852 106 2881 δι’
121 2851 184 2882 ὅλου
211 2852 284 2889 ζήτει
306 2851 492 2892 προσαρμόσαι
512 2855 567 2886 τοῖς
589 2851 651 2892 περὶ
677 2851 722 2882 τὸν
745 2851 863 2892 Χριστὸν

879 2209 904 2240 D

923 1604 953 1628 ut
967 1600 1003 1628 sit
1016 1608 1116 1628 sensus
1127 1600 1264 1628 dictorum
1284 1609 1290 1628 :
1315 1611 1328 1624 ι
1344 1601 1400 1628 Vos
1416 1600 1528 1636 quidem
1544 1608 1664 1629 mmrore
1677 1600 1718 1629 af-

922 1645 1060 1678 ﬂciemini,
1081 1657 1093 1669 υ
1109 1645 1156 1673 sed
1179 1645 1237 1673 haec
1252 1653 1314 1673 mea
1328 1645 1422 1673 Passio
1444 1650 1556 1682 propter
1570 1654 1654 1682 quam
1671 1654 1720 1674 vos

921 1690 986 1717 estis
1007 1690 1109 1723 tristes,
1132 1689 1227 1718 mundi
1250 1690 1334 1718 totius
1356 1689 1483 1726 gaudium
1507 1694 1535 1718 et
1557 1691 1632 1718 salus
1655 1691 1717 1719 erit.

922 1735 1034 1770 insuper
1053 1739 1081 1762 et
1099 1735 1255 1770 exemplum
1275 1742 1424 1762 commune
1451 1735 1526 1763 addit
1547 1735 1671 1763 mulieris
1692 1739 1720 1764 et

920 1783 1058 1815 partuum.
1083 1780 1149 1807 Haec
1170 1783 1262 1807 autem
1284 1780 1411 1815 parabola
1426 1783 1454 1807 et
1479 1779 1618 1816 prophetm
1633 1781 1716 1816 723

919 1825 961 1851 usi
995 1823 1106 1852 fuerunt
1134 1823 1230 1852 dolore
1266 1828 1360 1860 partus
1393 1824 1497 1860 ingenti
1525 1825 1715 1853 excellentiam

920 1868 1046 1896 maeroris
1063 1868 1259 1904 signiﬁcantes.
1284 1868 1349 1896 Tale
1369 1873 1461 1897 autem
1482 1868 1610 1905 quiddam
1625 1869 1693 1896 dicit
1709 1879 1715 1897 :

920 1912 1133 1948 Apprehendent
1161 1912 1272 1948 quidem
1302 1920 1350 1941 vos
1375 1913 1485 1941 dolores
1506 1913 1714 1948 mmstitudinis,

919 1957 968 1986 sed
985 1957 1066 1985 dolor
1086 1957 1129 1986 ille
1149 1965 1231 1985 causa
1253 1957 1374 1986 efﬁcitur
1393 1962 1496 1994 partus.
1523 1959 1627 1986 Interea
1647 1965 1716 1986 con-

920 2002 1014 2030 firmat
1043 2006 1070 2030 et
1086 2010 1245 2030 sermonem
1265 2002 1299 2031 de
1322 2002 1529 2036 resurrectione,
1550 2007 1579 2031 et
1599 2002 1718 2031 ostendit

921 2048 989 2075 mori
1008 2047 1096 2075 simile
1111 2055 1169 2076 esse
1184 2048 1208 2075 ei
1223 2048 1267 2084 qui
1283 2055 1297 2075 a
1314 2047 1392 2075 vulva
1408 2048 1435 2075 in
1457 2048 1545 2075 lucem
1561 2047 1662 2084 prodit.
1676 2048 1717 2076 Ne

919 2092 993 2120 enim
1015 2092 1188 2121 admiremini
1207 2092 1281 2128 quod
1305 2100 1354 2128 per
1381 2096 1486 2120 tantam
1511 2092 1654 2121 tristitiam
1680 2093 1718 2121 in-

919 2138 1035 2173 gressuri
1050 2138 1110 2166 sitis
1130 2138 1158 2165 in
1173 2138 1316 2174 gaudium,
1338 2145 1393 2174 qua
1413 2142 1440 2165 et
1466 2141 1553 2166 mater
1575 2146 1624 2174 per
1646 2146 1718 2166 [ηαξ-

920 2190 1011 2210 rorem
1028 2182 1055 2210 in
1077 2186 1155 2219 partu
1169 2182 1203 2210 ad
1224 2182 1277 2210 hoc
1291 2184 1374 2216 venit,
1391 2187 1421 2210 ut
1434 2182 1470 2210 sit
1483 2187 1578 2211 mater.
1593 2182 1718 2211 Insinua-

918 2231 963 2255 tur
990 2231 1081 2255 autem
1103 2227 1155 2255 hoc
1170 2230 1230 2256 loco
1257 2231 1283 2255 et
1306 2228 1454 2264 mysticum
1477 2227 1618 2264 quiddam,
1643 2228 1717 2264 quod

919 2272 976 2307 ipse
1002 2271 1112 2300 solverit
1131 2272 1242 2300 dolores
1265 2273 1373 2307 mortis,
1397 2276 1425 2300 et
1447 2280 1550 2300 novum
1575 2272 1717 2301 hominem

918 2316 993 2345 nasci
1013 2315 1121 2351 fecerit,
1143 2316 1257 2353 posthac
1279 2325 1336 2345 non
1357 2316 1603 2352 corrumpendum,
1629 2325 1718 2354 neque

919 2361 1076 2396 mortalem,
1096 2362 1143 2398 qui
1165 2364 1207 2389 est
1220 2361 1278 2398 ipse
1299 2361 1445 2390 Dominus.
1471 2361 1540 2390 Vide
1554 2361 1627 2390 enim
1646 2370 1716 2398 quo-

919 2405 1004 2434 modo
1033 2414 1089 2434 non
1117 2406 1216 2434 dixerit
1237 2406 1312 2442 quod
1341 2406 1454 2442 posthac
1476 2414 1534 2434 non
1558 2407 1719 2435 recordetur

918 2450 1061 2479 anxietatis
1071 2450 1134 2487 quia
1142 2454 1223 2478 natus
1232 2455 1274 2478 est
1284 2451 1307 2478 ei
1318 2450 1423 2487 puellus
1436 2461 1443 2479 ε
1453 2451 1512 2485 sed,
1526 2463 1539 2476 ιι
1556 2451 1625 2486 Quia
1638 2456 1719 2480 nutus

917 2500 960 2524 est
980 2495 1065 2524 homo
1087 2495 1116 2523 in
1131 2495 1279 2524 mundum.
1295 2507 1308 2519 ι»
1325 2497 1384 2523 Hoc
1399 2495 1474 2524 enim
1489 2503 1545 2524 non
1564 2495 1666 2524 fmstra
1681 2496 1718 2524 ita

917 2540 997 2573 dixit,
1022 2540 1071 2568 sed
1095 2540 1190 2568 volens
1203 2548 1269 2568 cum
1290 2540 1414 2576 emphasi
1435 2543 1462 2568 et
1476 2540 1557 2569 tacite
1579 2541 1718 2569 insinuare

918 2585 991 2622 quod
1020 2585 1079 2622 ipse
1109 2585 1148 2613 sit
1168 2585 1212 2614 ille
1237 2589 1319 2614 natus
1347 2585 1443 2620 homo,
1471 2593 1527 2614 non
1554 2585 1717 2622 parturienti

917 2631 1009 2666 ipsum
1024 2629 1143 2665 inferno,
1164 2629 1212 2659 sed
1230 2630 1335 2659 mundo
1352 2641 1359 2658 :
1381 2630 1461 2659 nobis
1485 2631 1560 2659 enim
1576 2639 1607 2658 ex
1623 2638 1716 2658 resur-

918 2676 1037 2704 rectione
1063 2680 1143 2704 natus
1156 2680 1199 2704 est
1213 2683 1302 2704 novus
1321 2675 1424 2709 homo,
1451 2680 1479 2704 et
1503 2674 1717 2711 incomiptibilis

917 2721 997 2749 Jesus
1018 2721 1155 2749 Dominus
1178 2725 1281 2750 noster.
1307 2721 1396 2758 Igitur
1414 2721 1570 2756 exemplum
1596 2719 1718 2748 mulieris

916 2765 1044 2802 parientis
1061 2773 1118 2794 non
1144 2773 1192 2802 per
1216 2765 1309 2794 omnia
1323 2773 1432 2802 quaeras
1450 2765 1578 2801 adaptare
1601 2764 1644 2793 his
1657 2771 1719 2800 quae

916 2810 989 2839 circa
1013 2812 1109 2839 Iesum
1125 2811 1293 2845 acciderint;
1317 2810 1365 2839 sed
1387 2814 1493 2838 tantum
1514 2813 1546 2837 ut
1559 2809 1721 2838 ostendatur

917 2855 992 2892 quod
1007 2856 1168 2892 temporalis
1178 2856 1216 2884 sit
1235 2855 1324 2891 dolor,
1340 2860 1369 2885 et
1388 2862 1520 2892 magnum
1534 2855 1644 2885 lucrum
1665 2855 1718 2884 do-
