1922 3077
217 205 270 232 219

729 202 984 231 THEOPHYLACTI
1005 201 1182 230 BULGARLE
1201 201 1359 230 ARCHIEP.
1808 203 1855 230 2‘20

215 267 280 296 loris
295 271 322 296 et
345 266 418 304 quod
432 265 638 296 resurrectionis
652 269 746 302 partus
771 265 806 294 sit
825 265 859 294 ad
875 265 959 294 vitam
981 270 1009 294 et

1072 264 1263 304 τυμϐεϐηκόσιν
1275 288 1283 303 ,
1300 264 1360 294 ἀλλ’
1375 263 1392 300 ἢ
1411 263 1489 303 μόνον
1506 265 1541 298 εἰς
1557 263 1587 294 τὸ
1599 263 1697 302 δεῖξαι,
1714 263 1756 294 ὅτι
1769 264 1853 305 πρόσ-

215 313 463 349 regenerationem,
492 311 545 340 alia
567 315 660 339 autem
682 312 774 339 omnia
799 311 832 339 ad
854 311 1012 347 exemplum

214 365 271 386 non
279 357 415 389 alludunt.
426 361 454 385 et
469 357 578 385 merito.
593 356 725 385 Parabola
735 356 812 384 enim
826 355 849 384 si
861 363 908 391 per
921 355 1014 384 omnia

214 407 348 436 servetur.
372 409 428 429 non
442 406 484 430 est
504 401 645 438 parabola,
670 401 720 430 sed
740 401 806 429 illud
834 402 926 437 ipsum
940 401 1014 437 quod

215 455 265 484 per
282 446 439 483 parabolam
455 447 589 482 signatur.
616 448 651 474 Et
679 446 732 475 hoc
754 446 814 474 loco
837 446 1014 482 intelligimus

214 500 264 529 per
277 491 403 520 dolorem
426 492 565 528 parientis,
587 491 726 520 tristitiam
749 491 938 527 apostolorum
958 501 964 518 :
988 495 1015 519 et

214 545 262 574 per
296 537 440 573 gaudium,
477 537 695 566 consolationem
730 536 954 570 resurrectionis;
988 540 1016 564 et

215 583 319 611 iterum
339 590 387 618 per
410 582 575 610 solutionem
599 581 727 610 dolorum
751 581 894 618 parientis,
917 580 1015 609 inferni

215 627 447 661 destructionem;
469 631 497 655 et
515 635 564 663 per
580 627 762 661 nativitatem,
784 626 1014 654 resurrectionem

217 672 393 708 Primogeniti
406 680 439 700 ex
448 671 576 700 mortuis.
589 673 674 700 Porro
689 680 745 700 non
755 671 828 700 ultra
840 671 964 708 signatur
975 671 1016 699 in-

215 716 309 746 femus
322 725 372 753 per
386 721 513 745 matrem.
530 718 593 745 Non
608 717 680 745 enim
697 716 807 753 gavisus
821 721 863 745 est
878 715 1013 751 infernus,

216 762 266 791 sed
279 762 394 799 apostoli
410 762 493 798 gavisi
509 766 573 790 sunt
588 761 686 798 gaudio
710 761 784 798 quod
800 761 891 790 nullus
903 761 1016 790 abstulit

216 807 251 835 ab
266 808 316 836 eis.
332 808 408 836 Tunc
423 807 495 836 enim
519 807 685 843 gaudebant,
711 806 821 842 quando
837 815 886 843 pro
902 807 1016 834 nomine

216 852 328 880 Domini
340 852 554 889 aspergebantur
568 851 698 880 conviciis
717 852 752 880 73.
769 853 885 888 Insuper
899 851 1015 880 dicendo

219 909 232 922 α
253 897 393 926 Gaudium
408 901 529 926 vestrum
541 905 625 925 nemo
644 897 716 925 tollit
731 905 747 925 a
760 896 847 930 vobis,
867 909 878 920 υ
896 896 1017 925 ostendit

1069 322 1158 351 καιρος
1179 312 1196 346 ἡ
1213 310 1284 346 λύπη
1294 333 1302 347 ,
1314 309 1360 340 καὶ
1376 309 1417 340 ὅτι
1433 309 1502 349 μέγα
1518 310 1569 339 τῶν
1585 309 1688 340 ὠδίνων
1704 309 1735 339 τὸ
1756 309 1854 350 κέρδοξ,

1068 355 1114 386 καὶ
1129 355 1169 385 ὅτι
1190 355 1255 396 πρὸς
1274 354 1343 391 ζωὴν
1358 355 1404 385 καὶ
1425 354 1630 395 παλιγγενεσίαν
1650 357 1663 384 ὁ
1683 357 1732 391 τῆς
1745 354 1852 384 ἄναστά·

1068 413 1134 434 σεως
1144 400 1259 433 τοκετός.
1290 399 1334 430 Τὰ
1350 401 1372 429 δ’
1389 399 1458 429 ἄλλα
1481 399 1568 429 πάντα
1583 402 1628 430 τοῦ
1646 399 1858 440 παραδείγματος

1070 446 1213 486 ἀπᾴδουσι’
1237 444 1283 475 καὶ
1307 445 1423 479 εἷκότως.
1451 444 1600 485 Παραϐολὴ
1627 444 1676 484 γάρ
1700 446 1780 474 ἔστιν·
1796 447 1812 480 ἡ
1834 445 1858 475 δὲ

1069 489 1227 532 παραϐολὴ,
1244 490 1289 519 ἰὰν
1309 490 1351 520 διὰ
1366 490 1472 520 πάντων
1495 489 1630 527 σώζηται,
1641 491 1688 519 οὐκ
1703 489 1761 520 ἔστι
1776 501 1858 529 παρα-

1071 535 1135 572 ϐολὴ
1147 558 1154 572 ,
1171 536 1230 565 ἀλλ’
1247 534 1310 565 αὐτὸ
1332 535 1429 571 ἐκεῖνο,
1446 535 1480 564 δι’
1502 534 1516 564 ὃ
1531 536 1548 570 ἡ
1571 534 1725 575 παραϐολή.
1752 534 1806 565 Καὶ
1821 536 1859 564 ἓν-

1070 583 1153 611 ταῦθα
1167 575 1212 610 οὖν
1228 579 1275 614 τὰς
1291 580 1388 614 ὠδῖνας
1403 579 1577 618 λαμϐάνομεν
1590 580 1625 613 εἷς
1645 580 1691 616 τὴν
1705 579 1792 615 λύπην
1811 581 1858 608 τῶν

1070 625 1243 662 ἀποστόλων,
1271 625 1317 655 καὶ
1336 624 1384 661 τὴν
1408 624 1495 665 χαρὰν
1520 626 1555 658 εἷς
1576 624 1623 660 τὴν
1651 623 1719 663 μετὰ
1739 625 1786 660 τὴν
1803 625 1859 653 ἀνά-

1071 683 1163 701 στασιν
1179 669 1360 711 παραμυθίαν
1384 670 1430 700 καὶ
1451 670 1531 699 πάλιν
1556 669 1604 706 τὴν
1620 671 1672 699 τῶν
1694 669 1794 699 ὠδίνων
1816 669 1860 699 λύ-

1071 728 1125 752 σιν,
1138 717 1176 749 εἷς
1189 715 1236 751 τὴν
1252 717 1299 745 τοῦ
1313 714 1376 756 ᾅδου
1388 714 1532 744 κατάλυσιν
1545 737 1553 753 ,
1569 714 1615 744 καὶ
1630 714 1677 750 τὴν
1692 714 1813 753 γέννησιν
1830 716 1860 748 εἷς

1069 761 1118 796 τὴν
1145 760 1290 791 ἀνάστασιν
1309 763 1354 790 τοῦ
1381 759 1558 800 Πρωτοτόκου
1577 761 1607 790 ἐκ
1632 762 1741 800 νεκρῶν
1756 761 1803 789 οὐκ
1825 760 1859 789 ἔτι

1072 805 1160 844 μέντοι
1181 805 1225 835 τὸν
1258 805 1324 847 ᾅδην
1351 806 1386 839 εἷς
1402 805 1450 840 τὴν
1468 805 1581 844 μητέρα.
1598 805 1640 835 Οὐ
1666 804 1717 844 γὰρ
1745 805 1826 844 ἐχάρη
1849 806 1859 833 ὁ

1073 851 1154 892 ᾅδης,
1169 850 1229 880 ἀλλ’
1252 851 1276 880 οἱ
1295 850 1438 880 ἀπόστολοι
1465 849 1619 890 ἐχάρησαν,
1641 849 1687 878 καὶ
1712 850 1816 890 χαρὰν,
1831 849 1858 884 ἣν

1072 895 1156 929 οὐδεὶς
1179 892 1240 936 ⁵’ἦρεν
1269 896 1317 924 ἀπ’
1335 895 1431 926 αὐτῶν.
1458 894 1524 924 "Ou
1548 894 1600 935 γὰρ
1627 894 1779 934 ὑϐρίζοντο,
1808 894 1859 923 τότε

217 941 292 979 quod
321 942 392 970 ultra
414 950 471 970 non
501 942 643 975 moriatur,
676 941 723 970 sed
750 946 879 978 perpetuo
910 941 1014 976 vivens.

1073 940 1178 981 ἔχαιρον
1190 963 1198 977 ,
1213 940 1259 970 ὅτε
1276 939 1342 980 ὑπὲρ
1356 942 1402 970 τοῦ
1419 939 1548 977 ὀνόματος
1563 943 1608 970 τοῦ
1629 940 1748 979 Χριστοῦ
1764 939 1858 977 ἠτιμά-

217 987 268 1015 illis
282 987 495 1024 incorruptibilis
508 987 600 1024 gaudii
614 987 648 1015 sit
657 991 752 1016 auctor
770 987 888 1015 futurus.

1069 988 1154 1020 ζοντο.
1175 983 1250 1024 Ἅμα
1273 984 1300 1014 δὲ
1317 985 1363 1014 καὶ
1379 984 1421 1014 διὰ
1439 988 1484 1014 τοῦ
1504 985 1602 1021 εἰπεῖν,
1617 984 1658 1013 ὅτι
1681 996 1697 1011 ιι
1710 984 1768 1020 Τὴν
1782 983 1858 1024 χαρὰν

217 1034 291 1071 ὑμῶν
304 1033 386 1067 οὐδεὶς
405 1032 520 1074 stipem,»
543 1033 686 1070 δείκνυσιν,
703 1032 745 1062 ὅτι
773 1035 820 1062 οὐκ
846 1031 885 1062 ἔτι
915 1033 1052 1070 θανεῖται,
1076 1032 1135 1060 ἀλλ’
1161 1029 1203 1060 ἀεὶ
1233 1032 1302 1069 ζῶν,
1333 1028 1501 1060 ἀκαταλύτου
1525 1034 1612 1070 χαρᾶς
1637 1029 1725 1063 αὐτοῖς
1749 1028 1860 1070 πρόξενος

219 1077 303 1110 ἴαται.

251 1125 342 1152 Vens.
366 1125 413 1158 23,
435 1125 479 1152 24.
503 1134 515 1147 ι
531 1124 567 1151 Et
581 1123 610 1151 in
624 1122 669 1151 illo
684 1122 728 1151 die
751 1130 797 1151 me
814 1130 872 1150 non
884 1121 1015 1158 rogabitis

215 1168 379 1205 quidquam.
407 1169 506 1203 Amen,
527 1175 609 1196 amen
624 1167 683 1196 dico
702 1167 779 1196 vobis
805 1178 812 1196 :
838 1167 1014 1203 Quaecunque

217 1213 346 1250 petieritis
373 1214 484 1241 Patrem
508 1212 559 1241 sub
583 1212 698 1241 nomine
722 1220 796 1246 meo,
823 1211 900 1240 dabit
924 1212 1011 1240 vobis.

215 1259 353 1286 Hactenus
375 1265 430 1286 non
451 1257 558 1294 petistis
570 1257 722 1294 quidquam
743 1257 795 1285 sub
809 1257 920 1285 nomine
940 1265 1012 1285 meo.

215 1303 304 1331 Petite
318 1307 345 1331 et
359 1302 505 1339 accipietis,
525 1306 556 1331 ut
574 1302 707 1338 gaudium
722 1306 845 1330 vestrum
859 1302 896 1330 sit
921 1301 1011 1338 perfe-

216 1352 302 1377 ctum.
327 1360 340 1373 α
364 1347 480 1385 Quando
498 1355 652 1384 resurgam,
671 1351 736 1375 tunc
758 1347 848 1375 veniet
869 1355 949 1382 super
965 1355 1013 1375 vos

217 1393 387 1428 Paracletus,
410 1396 438 1421 et
452 1392 565 1420 inducet
583 1399 631 1420 vos
652 1391 679 1419 in
699 1399 811 1420 omnem
834 1391 977 1419 veritatem
1004 1400 1012 1419 :

220 1451 232 1463 α
254 1440 354 1474 Meque
364 1445 421 1465 non
432 1437 563 1474 rogabitis
575 1448 588 1461 ι
599 1436 750 1473 quidquam
763 1437 828 1471 tale,
838 1437 917 1473 quale
927 1436 1012 1472 prius,

220 1495 233 1508 α
253 1485 314 1521 Quo
329 1482 425 1511 vadis?
440 1495 452 1507 ν
467 1487 495 1510 et
505 1503 513 1517 ,
529 1493 541 1506 τί
556 1481 676 1510 Ostende
689 1481 769 1510 nobis
778 1483 899 1510 Patrem.
914 1493 926 1506 ιι
943 1482 1012 1510 Om-

215 1529 261 1557 nia
275 1529 350 1557 enim
368 1528 459 1556 scietis
473 1527 501 1556 in
516 1527 631 1564 Spiritu.
659 1527 707 1556 Vel
731 1536 746 1554 ιι
759 1527 901 1563 rogabitis,
924 1539 936 1552 ν
961 1526 1014 1555 hoc

1112 1133 1125 1150 ιι
1142 1120 1188 1151 Ἐν
1206 1121 1292 1160 ἐκείνῃ
1315 1122 1348 1160 τῇ
1372 1119 1460 1161 ἡμέρᾳ
1475 1119 1522 1158 ἐμὲ
1547 1120 1593 1149 οὐκ
1611 1119 1760 1160 ἐρωτήσετε
1784 1118 1858 1149 οὐδέν.

1068 1165 1170 1205 Ἀμὴν,
1188 1165 1260 1204 ἀμὴν
1277 1159 1345 1205 λέγω
1366 1159 1455 1203 ὑμῖν,
1475 1164 1516 1195 ὅτι
1540 1164 1589 1194 ὅσα
1617 1165 1647 1194 ἂν
1670 1165 1800 1201 αἰτήσητε
1823 1164 1860 1193 τὸν
1903 1159 1904 1162 Ἰ

1069 1210 1178 1250 Πατέρα
1204 1211 1230 1239 ἐν
1257 1212 1294 1250 τῷ
1310 1209 1421 1248 ὀνόματί
1438 1221 1508 1248 μου,
1525 1209 1604 1239 δώσει
1619 1211 1694 1248 ὑμῖν.
1713 1209 1785 1242 Ἕως
1807 1209 1859 1249 ἄρτι

1068 1256 1115 1285 οὐκ
1129 1255 1267 1295 ᾐτήσασθε
1284 1254 1359 1285 οὐδὲν
1376 1256 1403 1284 ἐν
1418 1256 1456 1295 τῷ
1474 1254 1585 1293 ὀνόματί
1601 1266 1662 1294 μου,
1681 1255 1786 1286 Αἰτεῖτε
1798 1278 1806 1292 ,
1820 1254 1859 1283 καὶ

1068 1300 1197 1340 λήψεσθε,
1213 1299 1256 1330 ἵνα
1269 1303 1286 1337 ἡ
1301 1299 1374 1340 χαρὰ
1389 1301 1462 1338 ὑμῶν
1513 1299 1730 1340 πεπληρωμένη.
1744 1311 1758 1329 ››
1776 1298 1854 1336 εΌτι,

1068 1346 1158 1386 φησὶν,
1184 1345 1386 1383 ἀναστήσομαι,
1404 1344 1463 1374 τότε
1478 1344 1703 1384 ἐπιφοιτήσαντος
1718 1347 1779 1384 ὓμῑν
1794 1345 1854 1374 πάν-

1067 1403 1118 1423 τως
1142 1393 1188 1419 τοῦ
1214 1389 1410 1430 Παρακλήτου,
1437 1389 1482 1419 καὶ
1509 1390 1687 1428 ὁδηγήσαντος
1717 1392 1752 1424 εἰς
1777 1395 1858 1420 πᾶσαν

1067 1435 1114 1471 τὴν
1128 1435 1252 1472 ἀλήθειαν
1262 1457 1270 1471 ,
1292 1435 1363 1472 «ἐμὲ
1377 1436 1424 1464 οὐκ
1442 1434 1589 1474 ἐρωτήσετε
1607 1435 1701 1470 οὐδὲν,
1714 1447 1727 1464 ›)
1748 1438 1855 1465 τοιοῦτον

1067 1475 1120 1510 οἷον
1144 1480 1190 1510 καὶ
1217 1478 1318 1519 πρώην·
1346 1490 1359 1508 α
1383 1480 1440 1509 Ποῦ
1467 1479 1593 1519 ὑπάγεις
1619 1490 1634 1508 n
1653 1480 1721 1516 καὶ,
1751 1479 1857 1513 «Δεῖξον

1069 1527 1132 1563 ἡμῖν
1152 1524 1195 1555 τὸν
1219 1523 1337 1564 Πατέρα.
1366 1535 1381 1553 ›)
1403 1524 1500 1555 Πάντα
1516 1525 1568 1564 γὰρ
1582 1523 1719 1564 γνώσεσθε
1740 1527 1765 1555 ἐν
1781 1523 1858 1554 ﬂvmi-

216 1577 267 1607 est,
289 1573 478 1607 obsecrabitis,
501 1571 625 1600 orabitis.
650 1572 720 1600 Cum
745 1571 827 1608 igitur
851 1580 866 1600 a
897 1572 1014 1601 mortuis

1072 1582 1152 1609 ματι,
1167 1569 1227 1606 ἤτοι
1246 1581 1260 1597 α
1279 1568 1444 1610 ἐρωτήσετε,
1457 1581 1471 1599 ))
1492 1570 1550 1599 ἀντὶ
1571 1572 1633 1607 τοῦ,
1648 1571 1858 1610 παρακαλέσετε,

217 1625 404 1651 resurrexero,
417 1618 528 1646 mittam
544 1617 621 1646 vobis
634 1617 808 1646 Paracletum
830 1627 836 1645 :
851 1621 916 1645 tunc
932 1629 944 1642 ι(
961 1617 1016 1645 non

217 1671 263 1691 me
277 1662 417 1701 rogabitis,
443 1674 456 1687 ι
473 1662 526 1691 hoc
549 1666 601 1696 est,
622 1662 729 1698 petetis,
755 1662 791 1690 ita
806 1666 836 1690 ut
850 1662 903 1690 sim
928 1666 1017 1690 vester

219 1707 364 1742 mediator,
386 1706 436 1736 sed
458 1707 542 1743 724
568 1707 685 1735 sufﬁciet
700 1707 776 1735 vobis
796 1715 899 1735 nomen
922 1715 1016 1735 meum

220 1757 252 1782 ut
272 1761 287 1782 a
310 1753 388 1781 Patre
403 1752 540 1788 accipiatis
553 1752 708 1789 petitiones.
725 1752 853 1781 Ostendit
868 1752 952 1789 igitur
965 1751 1017 1780 hoc

221 1796 282 1826 loco
304 1797 426 1825 nominis
449 1797 490 1826 sui
511 1797 656 1831 virtutem;
682 1797 817 1833 siquidem
841 1804 905 1825 cum
928 1804 1017 1833 neque

221 1843 337 1877 videtur,
352 1850 440 1878 neque
460 1842 631 1876 obsecratur,
653 1841 702 1870 sed
714 1850 778 1870 cum
796 1842 956 1870 nominatur
973 1850 1016 1870 so-

220 1887 288 1922 lum,
301 1887 367 1916 talia
388 1887 464 1916 facit.
487 1899 499 1912 ιι
520 1888 680 1924 Hucusque.
700 1887 800 1924 inquit,
823 1895 880 1915 non
900 1887 1017 1923 petiistis

220 1933 371 1969 quidquam
393 1933 445 1961 sub
458 1933 570 1961 nomine
585 1941 658 1961 meo.
674 1943 687 1957 υ
709 1933 749 1960 Ex
770 1932 822 1960 hoc
836 1936 928 1960 autem
947 1936 1017 1960 tem-

222 1985 288 2014 pore
309 1987 324 2004 ι(
343 1978 437 2014 petite,
459 1982 486 2005 et
503 1989 514 2002 ι»
533 1977 645 2006 omnino
663 1989 675 2001 ι
700 1977 836 2013 recipietis
860 1986 866 2004 :
893 1988 906 2000 ι
929 1981 958 2004 et
979 1977 1017 2004 ita

222 2022 330 2059 expedit
352 2022 431 2050 vobis
453 2026 485 2050 ut
505 2030 555 2058 ego
570 2022 672 2050 moriar
694 2021 853 2057 :siquidem
871 2020 944 2056 apud
965 2022 1016 2049 Pa-

220 2071 291 2095 trem
306 2067 440 2103 majorem
454 2074 536 2102 quam
550 2074 624 2094 nunc
637 2065 768 2093 ﬁduciam
781 2065 920 2093 inventuri
934 2065 1013 2094 estis.

220 2112 283 2140 Non
304 2112 378 2139 enim
399 2111 474 2147 quod
488 2119 602 2146 separor
616 2119 631 2138 a
656 2110 745 2146 vobis,
761 2110 915 2138 existimate
939 2118 987 2138 vos
1001 2119 1016 2138 a

219 2164 264 2184 me
275 2156 394 2189 relictos,
410 2155 458 2184 sed
476 2163 578 2183 nomen
592 2163 686 2183 meum
700 2154 834 2191 majorem
854 2155 930 2183 vobis
943 2154 1015 2182 ﬁdu-

218 2200 289 2228 ciam
306 2200 392 2234 dabit,
413 2204 440 2228 et
462 2199 593 2236 gaudium
614 2203 734 2228 vestrum
757 2203 823 2228 tunc
845 2199 898 2227 erit
921 2199 1017 2236 plenis-

218 2246 332 2280 simum,
345 2253 411 2274 cum
427 2245 566 2280 accipietis
586 2253 683 2273 omnes
699 2245 854 2280 petitiones.
870 2244 1016 2273 Considera

220 2295 311 2319 autem
327 2276 406 2327 'quod
420 2290 466 2318 ille
480 2276 573 2324 sumit,
589 2290 637 2326 qui
650 2276 708 2318 sub.
723 2289 835 2318 nomine
857 2289 958 2318 Christi
974 2297 1017 2326 pe-
1032 2276 1057 2308 Β

221 2335 263 2364 tit.
286 2335 383 2363 Nullus
404 2335 487 2372 igitur
508 2343 540 2363 ex
565 2334 608 2363 his
631 2335 677 2371 qui
699 2334 838 2363 mundana
863 2339 959 2371 petunt
984 2342 1017 2363 ac

220 2380 366 2408 animabus
382 2379 526 2414 damnosa,
550 2379 577 2407 in
598 2379 708 2408 nomine
731 2379 828 2408 Christi
848 2380 931 2415 petit;
955 2379 1016 2408 ideo

220 2432 307 2461 neque
324 2425 434 2461 accipit.
448 2426 556 2453 Nomen
575 2424 648 2452 enim
663 2424 761 2453 Christi
783 2424 906 2452 divinum
922 2429 964 2452 est
986 2433 1018 2452 ac

223 2469 353 2499 salutare.
375 2470 492 2506 Quando
516 2474 608 2498 autem
624 2470 686 2506 quis
704 2470 773 2506 petit
789 2477 850 2506 qua:
871 2469 906 2498 ad
930 2469 1017 2506 perdi-

221 2515 325 2544 tionem
349 2516 450 2544 animae
474 2515 625 2552 pertinent,
645 2514 785 2551 quomodo
802 2515 924 2543 dicemus
939 2515 1017 2544 illum

221 2561 248 2590 in
262 2561 374 2590 salutari
388 2561 499 2589 nomine
509 2563 618 2597 petere?

255 2608 347 2635 Vens.
367 2609 466 2635 25—28.
493 2618 506 2630 α
522 2606 591 2634 Haec
604 2613 654 2642 per
666 2605 814 2642 parocmias
828 2605 936 2634 locutus
955 2613 1017 2634 sum

219 2651 298 2681 vobis
316 2661 324 2680 :
339 2652 426 2681 veniet
443 2656 554 2688 tempus
575 2659 638 2679 cum
653 2651 715 2688 jam
735 2659 792 2680 non
806 2659 855 2688 per
875 2651 1016 2688 proverbia

219 2697 316 2734 loquar
339 2697 429 2732 vobis,
453 2696 503 2725 sed
524 2696 616 2733 palam
635 2695 668 2726 de
685 2697 764 2725 Patre
782 2696 953 2725 annuntiabo
971 2704 1016 2725 vo-

218 2741 275 2776 bis;
291 2742 318 2770 in
337 2742 382 2770 illo
397 2742 440 2770 die
455 2741 483 2770 in
498 2741 612 2770 nomine
627 2748 690 2770 meo
706 2742 818 2778 petetis;
838 2746 865 2770 et
883 2750 938 2770 non
955 2741 1017 2770 dico

218 2787 297 2816 vobis
317 2787 391 2823 quod
410 2795 461 2824 ego
475 2791 619 2824 rogaturus
638 2787 692 2816 sim
712 2788 820 2816 Patrem
847 2795 895 2824 pro
912 2787 991 2816 vobis
1010 2797 1016 2815 ι

255 2863 277 2879 ⁷³
287 2864 349 2891 Act.
365 2871 396 2898 ν,
409 2865 455 2892 41.

1071 1614 1207 1650 ἀξιώσετε.
1232 1613 1303 1644 Ὅτε
1319 1614 1406 1644 τοίνυν
1432 1617 1462 1644 ἐκ
1487 1616 1586 1654 νεκρῶν
1614 1615 1748 1652 ἀναστὰς,
1773 1614 1860 1654 πέμψω

1071 1661 1132 1699 ὖμῖν
1147 1659 1191 1689 τὸν
1209 1659 1397 1700 Παράκλητον,
1413 1659 1471 1689 τότε
1485 1672 1497 1686 α
1512 1660 1558 1689 οὖκ
1569 1659 1607 1688 ἔτι
1621 1659 1667 1697 ἐμὲ
1683 1660 1837 1700 ἐρωτήσετε,
1850 1672 1859 1683 π

1070 1704 1222 1741 τουτέστιν,
1243 1704 1400 1741 αἰτήσεσθε,
1424 1704 1493 1733 ὥστε
1517 1704 1629 1742 μεσίτην
1656 1705 1706 1743 ἐμὲ
1731 1705 1858 1744 γενέσθαι.

1071 1750 1139 1780 ἀλλὰ
1166 1750 1273 1790 ἀρκέσει
1297 1750 1358 1788 ὗμῖν
1375 1750 1404 1779 τὸ
1420 1749 1503 1788 ὄνομά
1526 1761 1576 1788 μου
1598 1751 1634 1784 εἰς
1659 1749 1689 1779 τὸ
1724 1751 1794 1791 παρὰ
1821 1751 1859 1778 τοῦ

1072 1794 1178 1835 Πατρὸς
1206 1794 1298 1824 λαϐεῖν
1315 1794 1348 1823 τὰ
1363 1794 1512 1832 αἰτήματα.
1541 1794 1678 1824 Δείκνυσιν
1694 1791 1745 1824 οἷν
1759 1796 1860 1825 ενταῦθα

1070 1842 1115 1870 τοῦ
1131 1839 1259 1878 ὀνόματος
1275 1842 1354 1869 αὐτοῦ
1370 1838 1418 1875 τὴν
1431 1838 1543 1877 δύναμιν
1555 1863 1563 1876 ,
1577 1839 1643 1879 εἴγε
1659 1839 1732 1878 μηδὲ
1749 1851 1860 1880 παρακα-

1071 1887 1211 1923 λούμενος,
1227 1885 1288 1914 ἆλλ’
1313 1884 1505 1923 ὀνομαζόμενος
1527 1883 1623 1922 μόνον,
1646 1887 1760 1915 τοιαῦτα
1788 1885 1858 1914 ποιεῖ.

1077 1940 1090 1958 (ι
1103 1929 1177 1964 "Eoo;
1192 1929 1270 1970 ἄρτι,
1287 1930 1384 1970 ῳησὶν,
1399 1929 1446 1958 οὐκ
1467 1929 1605 1969 ᾐτήσασθε
1622 1929 1695 1960 οὐδὲν
1716 1931 1743 1960 ἐν
1758 1931 1795 1970 τῷ
1809 1928 1860 1959 ὀνό-

1072 1974 1138 2013 ματί
1155 1985 1215 2014 μου·
1233 1974 1317 2012 ι-ἆπὸ
1330 1976 1375 2002 τοῦ
1389 1976 1434 2002 νῦν
1455 1974 1516 2013 δὲαι
1533 1975 1647 2011 αἰτεῖτε,
1665 1974 1715 2004 καὶ
1728 1986 1742 2004 )›
1765 1975 1861 2007 πάντως

1071 2032 1084 2046 ι
1100 2019 1228 2059 λήψεσθε.
1243 2030 1256 2047 u
1276 2017 1362 2048 "Qut:
1376 2018 1504 2058 συμιςδέρει
1525 2019 1554 2048 τὸ
1570 2019 1715 2049 ἀποθανεῖν
1735 2032 1784 2060 με,
1801 2019 1824 2049 εἴ
1836 2030 1860 2056 γε

1073 2062 1183 2102 μέλλετε
1201 2063 1316 2094 ἀπὸτοῦ
1340 2066 1384 2092 νῦν
1410 2064 1561 2104 παρῤησίας
1586 2065 1703 2103 μείζονος
1731 2064 1860 2105 τυγχάνειν

1073 2109 1145 2149 παρὰ
1159 2110 1196 2149 τῷ
1208 2107 1297 2148 Πατρί
1308 2120 1370 2147 μου.
1384 2107 1429 2145 Μὴ
1444 2109 1494 2148 γὰρ
1510 2109 1600 2144 ἐπειδὴ
1616 2109 1768 2149 χωρίζομαι
1784 2111 1858 2148 ὑμῶν,

1071 2153 1189 2192 νομίζετε
1205 2154 1443 2193 ἐγκαταλειῃθῆναι
1462 2153 1526 2194 παρ’
1549 2156 1614 2193 ἐμοῦ
1625 2178 1633 2193 ,
1648 2155 1720 2184 ἀλλὰ
1740 2156 1768 2186 τὸ
1780 2154 1856 2192 ὄνομά

1072 2209 1122 2236 μου
1143 2198 1224 2236 μείζω
1240 2201 1300 2237 δμῐν
1313 2198 1466 2239 παρρησίαν
1483 2198 1579 2235 δώσει,
1597 2198 1643 2228 καὶ
1662 2202 1679 2235 ἡ
1697 2200 1770 2241 χαρὰ
1789 2200 1855 2237 ὑμῶν

1072 2243 1129 2272 τότε
1141 2243 1216 2272 ἔσται
1233 2244 1422 2283 πληρεστάτη,
1435 2243 1626 2283 λαμϐανόντων
1642 2245 1730 2275 πάντα
1744 2244 1777 2274 τὰ
1792 2242 1859 2277 αἰτή-

1073 2299 1157 2326 ματα.
1172 2287 1273 2318 Σκόπει
1290 2287 1330 2326 δὲ,
1348 2288 1388 2318 ὅτι
1406 2289 1502 2321 ἐκεῖνος
1517 2288 1650 2326 λαμϐάνει
1662 2311 1669 2324 ,
1687 2291 1701 2319 ὁ
1718 2290 1744 2319 ἐν
1760 2290 1796 2329 τῷ
1811 2287 1859 2317 6W5-

1073 2345 1138 2372 ματι
1164 2337 1209 2363 τοῦ
1234 2334 1350 2374 Χριστοῦ
1376 2334 1466 2364 αἰτῶν.
1489 2334 1584 2367 Οὐδεὶς
1603 2329 1648 2363 οὖν
1674 2337 1727 2364 τῶν
1751 2331 1858 2372 κοσμιχὰ

1071 2377 1215 2407 αἰτούντων
1228 2378 1272 2408 καὶ
1287 2377 1459 2419 ψυχοϐλαϐἧ,
1477 2379 1502 2408 ἐν
1513 2380 1550 2419 τῷ
1565 2378 1675 2418 ὀνόματι
1690 2382 1736 2409 τοῦ
1752 2379 1859 2418 Χριστοῧ

1091 2423 1098 2434 θ
1128 2423 1142 2430 ’⁸
1194 2423 1200 2432 ‘
1240 2424 1248 2433 θ
1257 2422 1279 2445 Na
1385 2423 1392 2433 Ι
1486 2424 1493 2433 \
1531 2424 1537 2436 \
1577 2423 1588 2435 ν
1699 2427 1715 2434 Ν
1830 2424 1845 2430 ’⁵⁸

1073 2434 1152 2462 αιτει,
1168 2423 1206 2452 διο
1223 2435 1281 2453 ouo.
1298 2423 1443 2462 λαμϐανει.
1459 2424 1498 2454 To
1509 2436 1560 2463 γαρ
1573 2435 1657 2461 ονομα
1670 2436 1715 2454 του
1731 2425 1860 2463 Χριστου,

1072 2470 1138 2498 θεῖον
1160 2468 1205 2497 καὶ
1228 2468 1365 2508 σωτήριον
1384 2467 1446 2497 ὅταν
1471 2468 1500 2498 δέ
1524 2480 1563 2503 τις
1589 2468 1622 2498 τὰ
1645 2468 1709 2509 πρὸς
1731 2468 1859 2498 ἀπώλειαν

1071 2514 1158 2554 ψυχῆς
1174 2512 1286 2554 φέροντα
1308 2514 1390 2549 αἰτεῖ,
1407 2514 1463 2547 πῶς
1484 2514 1594 2554 ἐροῦμεν
1609 2516 1700 2544 τοῦτον
1717 2514 1743 2543 ἐν
1757 2514 1794 2553 τῷ
1810 2523 1858 2541 σω-

1071 2558 1154 2599 τηρίῳ
1169 2558 1278 2597 ὀνόματι
1294 2559 1376 2587 αἰτεῖν
1386 2570 1393 2595 ;
1654 2556 1658 2559 ⁷

1116 2614 1130 2632 ιι
1145 2602 1241 2632 Ταῦτα
1252 2604 1278 2632 ἐν
1293 2602 1447 2643 παροιμίαις
1461 2602 1598 2640 λελάληκα
1615 2605 1686 2642 ὑμῖν·
1709 2604 1770 2633 ἄλλ’
1783 2602 1856 2642 ἔρχε-

1071 2659 1115 2677 ται
1136 2646 1211 2688 ὥρα,
1235 2647 1278 2676 ὅτε
1297 2647 1344 2677 οὔκ
1367 2647 1406 2678 ἔτι
1432 2649 1457 2678 ἐν
1480 2649 1635 2689 παροιμίαις
1658 2648 1766 2684 λαλήσω
1783 2646 1855 2684 ὑμῖν.

1071 2692 1139 2722 ἀλλὰ
1153 2692 1291 2735 παρρησία
1304 2693 1364 2732 περὶ
1378 2695 1425 2723 τοῦ
1446 2693 1552 2734 Πατρὶς
1568 2695 1706 2734 ἄναγγελῶ
1725 2693 1796 2732 ὑμῖν.
1814 2690 1855 2735 Ἐν

1071 2737 1156 2776 ἐκείνῃ
1171 2740 1204 2777 τῇ
1220 2733 1308 2778 ἡμέρᾳ
1332 2739 1359 2767 ἐν
1381 2740 1419 2779 τῷ
1437 2733 1549 2777 ὀνόματί
1576 2750 1627 2777 μου
1652 2738 1798 2774 αἰτήσεσθε·
1814 2733 1856 2779 καὶ

1071 2783 1100 2812 οὖ
1125 2783 1196 2823 λέγω
1211 2777 1354 2822 ὕμίν,νὸτι
1383 2777 1435 2823 ἐγὼ
1460 2783 1588 2824 ἐρωτήσω
1602 2783 1646 2813 τὸν
1669 2782 1777 2822 Πατέρα
1801 2777 1854 2818 περὶ
