1922 3077
86 176 135 202 221

466 173 660 202 ENARRATIO
679 173 712 202 IN
732 174 948 203 EVANGELIUM
966 174 1117 203 JOANNIS.
1137 189 1171 195 --
1191 174 1265 202 CAP.
1286 174 1350 202 XVI.

1686 175 1738 203 222

87 239 175 276 ὑμῶν·
199 236 279 271 αὐτὸς
300 236 352 277 γὰρ
377 238 391 266 ὃ
418 237 515 277 Πατὴρ
537 237 608 277 φιλεῖ
632 238 719 276 ὑμᾶς,
747 236 787 267 ὅτι
811 239 846 277 ὗμ

978 245 1004 266 ιθ
1026 238 1098 266 enim
1122 239 1204 266 Pater
1218 241 1297 265 amat
1322 244 1379 271 vos,
1404 237 1469 273 quia
1492 245 1540 266 vos
1554 245 1599 266 me
1613 238 1737 273 amastis.

85 282 134 321 ἰμὶ
159 282 344 322 πεφιλήκατε,
367 281 413 312 καὶ
435 284 648 319 πεπιστεύκατε,
671 282 712 312 ὅτι
739 282 792 322 ἐγὼ
811 283 885 324 παρὰ

84 330 130 358 τοῦ
158 329 231 358 Θεοῦ
257 327 373 363 ἐξῆλθον.
401 327 528 364 Ἐξῆλθον
543 326 618 367 παρὰ
634 329 680 357 τοῦ
701 329 824 368 Πατρὸς,
841 329 886 358 καὶ

85 373 203 408 ἕλήλυθα
219 374 254 406 εἷς
270 372 315 402 τὸν
336 372 445 411 κόσμον
470 372 551 402 πάλιν
575 373 673 413 ἀφίημι
692 373 736 403 τὸν
762 373 862 411 κόσμον
874 396 883 411 ,

85 418 132 448 καὶ
157 417 306 458 πορεύομαι
320 418 386 458 πρὸς
410 418 454 447 τὸν
475 417 596 458 Πατέρα.
617 429 631 447 ι)
662 418 801 458 Παροιμίαι
828 419 884 449 ἐστὶ

85 463 179 502 λόγος,
201 462 339 501 πλαγίως,
357 462 404 492 καὶ
428 463 682 503 ἐπικεκρυμμένως,
708 463 798 493 καὶτὸ
822 463 883 495 ὅλον

83 508 275 547 παραϐολικιῗις
290 508 462 547 ὓποκείμενόν
494 519 520 537 τι
537 508 674 538 δεικνύων.
694 508 774 540 Ἐπεὶ
797 508 883 539 τοίνυν

83 555 98 582 ὁ
122 553 224 593 Κύριος
252 553 341 594 πολλᾷ
361 555 449 587 αὺτοῖς
472 553 708 594 ἐπικεκρυμμίνως
735 549 809 591 εἷπε,
838 555 883 584 καὶ

83 598 271 640 καραϐολικὸν
288 598 316 628 δὲ
331 593 363 634 ἦν
383 598 413 628 τὸ
427 598 487 639 περὶ
504 600 550 634 τῆς
565 599 687 638 γυναικὸς
709 600 754 629 χαὶ
769 601 816 628 τοῦ
835 611 883 629 το·-

82 646 162 673 κετοῦ
173 667 182 680 ,
200 643 275 685 φησί’
295 654 310 672 α
326 645 423 674 Ταῦτα
438 644 465 673 ἐν
480 644 637 682 παροιμίαις
652 644 789 681 λελάληκα
805 645 882 682 ὑμῖν,

83 689 144 719 ἀλλ’
164 688 273 729 ἔρχεται
288 687 362 729 ὥρα,
387 687 431 718 ὅτε
454 689 502 718 οὔκ
515 688 555 718 ἔτι
576 690 602 718 ἐν
617 689 790 729 παροιμίαις,
813 689 882 719 ἀλλὰ

81 733 224 775 παρρησία
239 733 301 774 περὶ
323 735 370 762 τοῦ
395 733 502 774 Πατρὸς
517 734 657 773 ἀναγγελῶ
680 735 753 773 ὑμῖν.
768 744 783 763 ν
804 734 881 765 Μετὰ

81 779 136 819 γὰρ
151 779 202 815 τὴν
227 778 375 808 ἀνάστασιν
402 778 579 819 παραστήσας
600 779 692 809 ἑαυτὸν
718 780 822 817 ζῶντα,
847 780 882 809 δι’

81 826 192 864 ἡμερῶν
229 823 430 863 τεσσαράκοντα
454 823 542 853 ἐλάλει
572 825 660 857 αὐτοῖς
684 823 717 853 τὰ
748 824 809 864 περὶ
835 827 881 854 τοῦ

85 868 192 908 Πατρὸς
207 868 241 898 τὰ
264 868 448 908 μυστικώτερα
466 868 512 898 καὶ
529 868 717 909 ἀκριϐέστερα.
747 868 880 909 Πρότερον

940 287 967 311 et
981 283 1131 311 credidistis
1146 281 1221 318 quod
1237 290 1252 310 a
1264 283 1333 316 Deo,
1354 282 1492 310 exiverim.
1517 282 1596 311 Exivi
1618 291 1633 311 ιι
1648 284 1738 318 Patre,

940 333 967 356 et
981 328 1041 356 veni
1063 328 1092 356 in
1107 327 1244 356 mundum
1265 336 1272 355 :
1289 326 1389 355 iterum
1408 327 1535 363 relinquo
1551 327 1695 362 mundum,
1712 332 1740 356 et

940 373 1010 402 vado
1035 373 1069 402 ad
1092 374 1212 402 Patrem.
1231 384 1243 397 υ
1265 372 1402 401 Ρθταεωὶε
1426 375 1468 400 est
1483 379 1574 400 sermo
1589 371 1698 408 oblique
1711 377 1740 401 et

939 419 1045 448 occulte
1059 427 1090 446 ac
1112 426 1160 454 per
1177 417 1322 454 parabolas
1336 421 1426 445 totum
1441 421 1635 454 argumentum
1648 422 1739 446 osten-

938 463 1017 492 dens.
1041 463 1111 500 Quia
1126 463 1210 500 igitur
1224 463 1362 491 Dominus
1376 462 1464 490 multa
1479 462 1520 490 eis
1533 462 1640 490 occulte
1661 461 1740 490 dixe-

938 513 992 543 rat,
1019 513 1047 537 et
1069 508 1229 544 parabolam
1253 511 1379 536 narrarat
1401 506 1436 535 de
1451 507 1565 535 muliere
1590 514 1621 534 ac
1645 511 1736 542 partu,

937 553 1003 583 dicit
1016 564 1022 582 :
1039 565 1051 578 -
1066 554 1134 582 Haec
1149 561 1197 590 per
1207 553 1354 590 parmmias
1368 560 1441 580 nunc
1456 552 1565 580 locutus
1577 560 1639 580 sum
1651 551 1739 585 vobis,

937 599 985 628 sed
1000 599 1072 627 venit
1087 599 1165 632 hora,
1186 597 1298 635 quando
1322 605 1378 626 non
1399 597 1470 625 ultra
1493 597 1520 624 in
1537 597 1672 632 parabolis
1698 597 1740 625 Io-

937 652 1016 681 quar,
1038 643 1086 672 sed
1100 643 1185 672 libere
1205 643 1239 671 de
1253 644 1332 671 Patre
1347 642 1516 671 annuntiabo
1532 641 1620 670 vobis.
1639 652 1651 668 »
1675 642 1741 670 Post

936 689 1164 718 resurrectionem
1195 688 1282 721 enim,
1307 695 1371 716 cum
1397 695 1426 715 se
1449 687 1617 716 exhibuisset
1648 687 1740 715 vivum

936 742 984 771 per
992 733 1173 771 quadraginta
1187 733 1258 767 dies,
1273 732 1437 769 loquebatur
1451 732 1491 760 eis
1503 732 1537 760 de
1551 733 1633 760 Patre
1653 733 1742 768 magis

935 779 1050 816 mystica
1070 784 1098 808 et
1112 778 1301 807 manifestiora
1314 778 1348 805 7‘.
1364 778 1443 806 Prius
1457 777 1533 806 enim
1547 777 1587 805 sic
1603 777 1742 813 putabant

933 825 992 860 ejus
1004 832 1063 852 esse
1078 826 1186 852 Patrem
1202 825 1304 857 Deum,
1318 824 1388 852 sicut
1409 827 1437 851 et
1455 826 1552 851 noster
1567 826 1619 856 est,
1638 823 1738 859 gratia.

933 871 1036 898 lterum
1059 873 1151 897 autem
1165 868 1212 897 dat
1232 869 1270 897 eis
1291 868 1432 899 fiduciam,
1446 867 1519 904 quod
1542 867 1663 895 habituri
1687 867 1742 895 sint

83 913 137 954 γὰρ
162 913 244 963 οὕτως
271 913 388 952 ἐνόμιζον
409 914 489 963 αύτοῦ
510 914 621 954 Πατέρα
643 909 715 963 εἶναι,
727 913 771 944 τὸν
790 914 842 944 Θεὶ

995 914 1193 942 tentationibus
1208 921 1356 949 supernum
1383 913 1560 949 adjutorium.
1582 924 1594 936 α
1610 912 1667 940 Sub
1690 920 1740 941 no-

84 961 119 992 ὥς
134 959 182 989 καὶ
199 960 276 997 ἡμῶν
297 960 373 996 ἐστι,
395 958 496 998 χάριτι,
522 959 610 989 Πάλιν
633 959 660 988 δὲ
684 958 779 1000 θοίῤῥος
795 960 883 994 αὐτοῖς

84 1003 179 1039 διδοὺς,
191 1003 232 1033 ὅτι
246 1003 378 1044 λήψονται
393 1004 420 1033 εν
432 1003 487 1037 τοῖς
499 1009 658 1044 πειρασμοῖς
676 1004 799 1044 βοήθειαν
816 1004 883 1034 ἅνω-

83 1051 126 1078 θεν
139 1073 145 1084 ,
164 1062 176 1075 ε
192 1048 239 1079 Ἐν
255 1050 293 1089 τῷ
307 1048 416 1087 ὀνόματί
432 1059 499 1087 μου,
515 1049 604 1089 φησὶν,
621 1048 766 1085 αἰτήσασθε
840 1050 882 1079 αἰ-

83 1094 252 1135 τήσεσθε],ιι
275 1093 320 1123 καὶ
347 1096 470 1123 τοσοῦτον
486 1094 547 1132 ὑμῖν
573 1093 780 1133 διαϐεϐαιοῦμαι
807 1094 881 1135 φίλον

84 1134 150 1168 εἶναι
176 1139 220 1168 τὸν
244 1138 376 1178 Πατέρα,
393 1137 462 1168 ὥστε
488 1138 546 1169 οὐδὲ
570 1141 618 1175 τῆς
642 1139 776 1178 μεσιτείας
790 1139 881 1170 λοιπὸν

85 1185 151 1222 ἐμοῦ
166 1184 289 1224 χρῄζετε.
314 1194 330 1212 ιι
344 1184 428 1217 Αὖτὸς
441 1183 493 1224 γὰρ
508 1194 523 1212 ι)
543 1186 640 1218 ἐκεῖνος
659 1195 674 1213 α
692 1186 763 1225 φιλεῖ
775 1185 854 1223 ὑμᾶς.
870 1199 881 1211 ιι

86 1224 157 1260 Εἶτα
172 1227 216 1258 ἵνα
233 1230 271 1268 μὴ
286 1228 481 1264 ἆποπηδήσωσι
505 1231 551 1258 τοῦ
568 1224 704 1269 Χριστοῦ,
723 1231 758 1263 ὡς
774 1230 822 1258 οὐκ
843 1230 881 1259 ἔτι

84 1275 166 1304 αὐτοῦ
182 1274 340 1315 χρῄζοντες,
361 1274 430 1303 ἀλλὰ
449 1275 488 1314 τῷ
503 1274 592 1314 “arpi
612 1274 718 1313 ἀμίσως
735 1275 881 1313 ἀγαπώμε-

83 1331 139 1358 νοι,
155 1319 239 1360 ’φησί’
263 1332 274 1345 α
293 1318 344 1348 Διὰ
366 1320 444 1348 τοῦτο
462 1319 534 1358 φιλεῖ
558 1320 629 1360 ὑμᾶς
653 1321 667 1349 δ
683 1318 797 1359 Πατὴρ,
815 1319 881 1349 διότι

84 1359 231 1402 ὓμεῑςνέμὲ
257 1361 434 1404 πεφιλήκατε.
465 1377 477 1389 ι
500 1362 568 1393 Ὅτε
595 1359 640 1392 οὖν
669 1363 806 1393 ἒκπέσοιτε
835 1366 882 1400 τῆς

83 1410 152 1447 ἐμῆς
176 1408 281 1449 φιλίας,
306 1408 401 1438 αὐτίκα
436 1408 482 1438 καὶ
509 1411 555 1438 τοῦ
584 1408 690 1449 Πατρὸς
716 1410 880 1440 ἔκπεσεῖσθε.

83 1453 165 1484 Ἐπεὶ
186 1453 216 1483 δὲ
231 1453 405 1494 διαφερόντως
419 1452 514 1487 αὐτοὺς
528 1455 721 1494 παρεμυθεῖτο,
734 1454 764 1484 τὸ
774 1453 880 1484 ἀκούειν

83 1499 123 1529 ὅτι
146 1498 223 1540 παρὰ
239 1500 285 1528 τοῦ
310 1499 382 1529 Θεοῦ
406 1497 511 1535 ἐξῆλθε,
539 1499 585 1528 καὶ
614 1499 695 1529 πάλιν
720 1499 785 1540 πρὸς
810 1499 879 1530 Θεὸν

937 959 1011 988 miue
1025 967 1098 993 meo,
1115 958 1211 995 inquit,
1238 959 1336 994 petetis
1376 967 1383 986 :
1410 969 1423 982 ν·
1439 961 1467 985 et
1489 957 1516 985 in
1543 961 1650 985 tantum
1665 957 1742 985 vobis

937 1004 1106 1033 conservabo
1125 1004 1246 1032 amicum
1270 1004 1392 1035 Patrem,
1414 1006 1446 1030 ut
1461 1002 1575 1038 posthac
1594 1009 1684 1038 neque
1698 1010 1742 1029 me

937 1058 1006 1086 opus
1026 1049 1148 1077 habeatis
1163 1049 1343 1077 intercessore
1368 1058 1374 1076 :
1394 1057 1409 1074 (ι
1431 1055 1497 1075 nam
1520 1048 1637 1084 ipsemet
1663 1048 1742 1086 Pater

936 1084 985 1123 vos
999 1098 1085 1123 amat.
1099 1105 1113 1119 η
1125 1095 1243 1130 Insuper
1252 1097 1282 1121 ut
1292 1101 1348 1121 non
1359 1092 1482 1121 resiliaut
1496 1100 1511 1120 a
1527 1091 1646 1124 Christo.
1663 1084 1740 1128 quasi

935 1140 995 1176 ipso
1009 1147 1065 1168 non
1078 1139 1199 1167 habeant
1223 1146 1302 1174 opus,
1323 1137 1371 1166 sed
1385 1145 1401 1165 a
1417 1138 1498 1165 Patre
1516 1137 1620 1173 absque
1634 1136 1739 1165 media-

936 1188 996 1213 tore
1010 1184 1170 1220 diligantur,
1186 1183 1254 1212 dicit
1275 1192 1281 1210 :
1307 1194 1320 1207 -
1346 1183 1495 1218 Propterea
1515 1186 1590 1210 amat
1618 1189 1666 1209 vos
1684 1182 1739 1210 Pa-

935 1233 988 1264 ter,
1011 1237 1043 1257 eo
1057 1229 1131 1266 quod
1146 1236 1190 1256 me
1199 1228 1343 1257 dilexistis.
1366 1238 1379 1252 ν
1393 1227 1510 1264 Quando
1531 1227 1612 1263 igitur
1632 1226 1741 1255 excide-

936 1275 994 1302 ritis
1013 1282 1029 1302 a
1048 1282 1110 1302 mea
1125 1274 1255 1307 amicitia,
1271 1277 1337 1301 tunc
1359 1277 1387 1301 et
1401 1281 1416 1300 a
1442 1272 1529 1300 Patris
1546 1272 1668 1300 amicitia
1693 1279 1741 1300 ex-

935 1319 1041 1348 cidetis.
1066 1321 1099 1347 Et
1123 1319 1188 1356 quia
1208 1318 1326 1346 multum
1342 1326 1390 1346 eos
1415 1317 1574 1346 consolatus
1592 1316 1653 1351 fuit,
1677 1317 1740 1353 quia

935 1364 1085 1392 audiebant
1097 1372 1160 1392 eum
1175 1371 1190 1392 a
1209 1364 1290 1392 Patre
1316 1363 1442 1396 exivisse,
1466 1365 1494 1390 et
1514 1362 1615 1390 iterum
1639 1361 1673 1390 ad
1690 1363 1742 1390 Pa-

935 1413 1006 1438 trem
1019 1409 1070 1444 ire,
1085 1414 1230 1446 propterea
1250 1408 1382 1436 continuo
1406 1407 1460 1436 hoc
1474 1410 1565 1435 versat
1593 1416 1599 1434 :
1616 1406 1690 1434 unde
1712 1410 1742 1434 et

936 1453 974 1484 illi
1007 1453 1144 1482 audiendo
1183 1453 1251 1487 hac,
1280 1452 1398 1480 utilitate
1423 1455 1548 1489 percepta
1575 1451 1742 1488 respirantes

936 1498 1149 1536 aliquantulum,
1166 1497 1230 1534 quid
1245 1497 1341 1526 aiunt?

83 1544 202 1584 ὗπιίγει,
221 1543 264 1573 διὰ
285 1545 363 1573 τοῦτο
392 1545 509 1584 συνεχῶς
527 1543 592 1574 αὐτὸ
613 1544 730 1585 στρέφει.
758 1542 842 1575 Ὅθεν
863 1545 908 1576 καὶ
924 1549 998 1578 αὐτοὶ
1023 1550 1053 1580 ἐκ
1076 1551 1121 1579 τοῦ
1139 1552 1221 1579 ταῦτα
1244 1546 1348 1578 ἀκούειν
1372 1545 1567 1588 ὠφεληθέντες,
1594 1546 1639 1576 καὶ
1668 1546 1735 1575 ἄνα-

83 1588 247 1622 πνεύσαντες
254 1611 263 1628 ,
284 1588 310 1618 τί
323 1599 404 1629 φασιν
416 1599 424 1626 ;

123 1649 136 1662 ι
154 1633 285 1674 Λέγουσιν
299 1635 371 1674 αὐτῷ
385 1634 408 1664 οἱ
423 1634 541 1673 μαθηταὶ
559 1635 648 1664 αὐτοῦ·
663 1633 720 1665 Ἰδε
736 1637 788 1670 νῦν,
810 1636 879 1676 παῤ-

878 1654 879 1657 π
897 1639 919 1670 C
969 1641 1061 1669 Vens.
1079 1642 1172 1668 29-32.
1192 1649 1206 1663 «
1226 1638 1329 1666 Dicunt
1354 1637 1379 1666 ei
1394 1636 1521 1673 discipuli
1545 1635 1604 1673 ejus
1630 1644 1637 1664 :

85 1679 166 1721 ῥησίᾳ
188 1680 302 1721 λαλεῖς,Δ
321 1679 367 1708 καὶ
391 1678 538 1719 παροιμίαν
565 1679 691 1718 οὐδεμίαν
717 1679 812 1719 λέγεις’
840 1683 885 1710 νῦν

84 1718 195 1764 οἴδαμεν
204 1747 212 1761 ,
225 1723 265 1753 ὅτι
277 1718 348 1757 οἶδας
368 1718 457 1753 πάντα
467 1747 476 1761 ,
489 1723 535 1754 καὶ
550 1725 579 1753 οὗ
595 1724 687 1764 χρείαν
704 1718 774 1765 ἔχεις
787 1723 831 1754 ἵνα
847 1725 886 1759 τὶς

85 1781 114 1800 σε
129 1770 231 1810 ἐρωτᾷ.
243 1769 291 1800 Ἐν
307 1768 392 1809 τούτῳ
407 1772 580 1808 πιστεύομεν,
596 1768 636 1798 ὅτι
652 1769 705 1799 ἀπὸ
719 1771 791 1799 Θεοῦ
809 1768 885 1806 ἐξῆλ-

85 1818 136 1848 θες.
166 1814 310 1855 Ἀπεκρίθη
337 1814 423 1848 αὐτοῖς
451 1815 465 1844 ὁ
496 1813 607 1849 Ἰησοῦςο
631 1812 707 1855 "Apri
735 1814 882 1846 πιστεύετε.

86 1859 140 1890 ἰδοὺ
157 1859 266 1900 ἴρχεται
281 1857 338 1899 ὥρα
348 1881 356 1896 ,
369 1859 416 1889 καὶ
428 1861 473 1888 νῦν
489 1859 626 1896 ἐλήλυθεν,
640 1857 684 1888 ἵνα
702 1861 884 1899 σκορπισθῆτε

86 1905 196 1938 ἕκαστος
220 1906 257 1938 εἰς
271 1903 304 1933 τὰ
324 1903 398 1941 ἴδια,
422 1903 467 1933 καὶ
493 1904 540 1942 ἐμὲ
558 1903 635 1942 μόνον
650 1905 744 1944 ἀφῆτε·
765 1903 811 1934 καὶ
837 1905 884 1934 οὐκ

87 1951 142 1989 εἰμὶ
158 1949 253 1989 μόνος,
273 1949 315 1980 ὅτι
338 1950 352 1977 ὃ
374 1947 470 1988 Πατὴρ
486 1950 544 1987 μετ’
558 1950 623 1988 ἐμοῦ
650 1951 730 1980 ἐστιν.
746 1960 761 1978 n
788 1948 884 1980 Ἀκού-

87 2007 180 2028 σαντες
195 1994 222 2024 oi
242 1993 377 2033 μαθηταὶ,
392 1993 432 2022 ὅτι
447 1994 520 2034 φίλος
533 1993 609 2023 ἔσται
624 1995 712 2028 αὐτοῖς
726 1996 739 2024 ὃ
754 1993 822 2028 Θεὸς
839 1995 884 2025 καὶ

88 2039 197 2080 Πατὴρ,
223 2038 270 2069 καὶ
285 2038 325 2068 ὅτι
341 2039 370 2068 οὖ
387 2039 488 2069 δέονται
507 2041 554 2075 τῆς
579 2040 658 2069 αὐτοῦ
679 2040 829 2079 μεσιτείας,
849 2042 884 2074 ὡς

85 2087 123 2126 τῷ
134 2084 227 2124 Πατρὶ
243 2082 423 2124 ᾠκειωμένοι,
435 2083 482 2114 καὶ
495 2084 535 2114 ὅτι
550 2083 642 2126 ἐξῆλθε
654 2084 728 2125 παρὰ
743 2088 789 2114 τοῦ
804 2085 885 2122 Θεοῦ,

86 2123 167 2171 φασὶν
176 2152 184 2167 ,
198 2123 240 2158 ὅτι
251 2123 274 2158 λιι
291 2130 346 2159 Νῦν
361 2128 469 2168 οἴδαμεν
478 2151 487 2165 ,
501 2130 541 2159 ὅτι
554 2123 626 2163 οἶδας
639 2123 727 2159 πάντα
737 2151 745 2165 ,
768 2143 780 2155 ιι
805 2141 885 2159 τουτ-

87 2174 159 2212 έστι,
176 2173 320 2207 Γινώσκεις
336 2172 371 2202 τὰ
383 2173 592 2208 σκανδαλίζοντα
616 2173 667 2210 τὴν
689 2173 802 2203 ἑκάστου
818 2186 884 2215 καρ-

88 2219 161 2258 δίαν,
181 2230 197 2249 α
210 2219 257 2249 καὶ
271 2219 300 2248 οὗ
315 2218 408 2259 χρείαν
426 2218 512 2259 ἔχεις,
527 2229 541 2246 D
559 2217 604 2247 ἵνα
626 2218 701 2259 παρά
721 2231 800 2248 τινων
817 2230 884 2257 μαν-

87 2265 167 2304 θάνῃς
183 2263 265 2294 αὐτοί.
285 2263 338 2294 Καὶ
351 2277 364 2290 ι
378 2266 403 2294 ἐν
415 2262 501 2304 τούτῳ
515 2263 685 2303 πιστεύομεν,
696 2263 736 2293 ὅτι
750 2263 802 2294 ἀπὸ
813 2265 885 2294 Θεοῦ
898 2283 923 2314 D

87 2309 202 2346 ὶξῆλθες.
222 2320 236 2337 ν
252 2309 324 2338 Θεοῦ
336 2308 397 2348 γὰρ,
421 2308 453 2338 τὸ
466 2307 563 2350 εἰδέναι
579 2310 613 2339 τὰ
630 2308 735 2350 κρυπτὰ
749 2311 796 2344 τῆς
815 2320 883 2349 καρ-

87 2354 154 2388 δίας.
170 2354 273 2384 Σκόπει
283 2353 328 2390 δὲ,
343 2355 399 2387 πῶς
415 2354 516 2386 ἀτελεῖς
533 2349 602 2390 ἦσαν
613 2349 734 2393 λέγοντες
748 2353 787 2390 τὸ,
805 2368 816 2379 ιι
827 2355 883 2384 Νῦν

88 2400 208 2436 οἴδαμεν·
225 2409 240 2427 1)
255 2399 290 2428 Οἱ
304 2397 355 2438 γὰρ
369 2398 500 2428 τοσούτων
515 2398 674 2432 ἀκούσαντες
693 2399 882 2436 διδασκαλιῶν,

93 2445 180 2474 «Νῦν
206 2444 333 2482 οἴδαμεν,
359 2454 375 2472 n
400 2443 492 2482 φασίν.
510 2443 546 2474 Ὃ
568 2443 596 2473 δὲ
623 2444 737 2484 Χριστὸς
759 2443 884 2473 δεικνύων

89 2489 193 2528 αὐτοῖς,
209 2487 249 2518 ὅτι
267 2488 368 2521 ἀτελεῖς
390 2489 456 2517 εἰσιν
473 2488 528 2525 ἔτι,
551 2488 598 2518 καὶ
620 2487 695 2518 οὔπω
717 2488 792 2519 οὐδὲν
814 2487 884 2528 μέγα

90 2534 150 2574 περὶ
168 2534 250 2563 αὐτῶ
265 2532 405 2570 ἐνενόησαν
420 2556 430 2572 ,
445 2532 515 2563 ἀλλὰ
537 2533 611 2563 κάτω
627 2533 674 2563 καὶ
689 2533 751 2574 περὶ
767 2533 814 2570 τὴν
836 2535 886 2573 γῆν

90 2581 127 2609 ἔτι
140 2578 298 2619 στρέφονται
310 2600 318 2614 ,
344 2577 433 2618 φησίν·
449 2589 466 2608 α
481 2576 556 2619 Ἄρτι
571 2578 722 2609 πιστεύετε.
740 2589 756 2608 u
774 2578 886 2619 ’Ὠσπερ

91 2624 141 2665 γὰρ
163 2623 344 2665 ἐπιμέμφεται
367 2623 512 2657 αὐτοῖςκαὶ
534 2623 724 2664 προσονειδίζει
746 2623 794 2660 τὴν
818 2626 884 2664 βρα-

92 2671 192 2706 δυτῆτα
214 2670 262 2705 τῆς
275 2667 400 2702 πίστεως.
423 2666 484 2698 Ἵνα
499 2668 552 2708 [δὲ]
566 2668 603 2707 μὴ
619 2668 714 2704 δόξωσι
728 2669 885 2709 χαρίζεσθαι

91 2715 179 2755 αύτῷ,
191 2715 304 2743 τοιαῦτα
319 2712 380 2754 περὶ
397 2713 477 2743 αὐτοῦ
492 2714 654 2750 ἐννοοῦντες,
666 2714 760 2754 φησίν·
776 2727 787 2741 α
804 2714 885 2750 Ἐλή·

90 2759 165 2789 λυθεν
176 2761 194 2796 ἡ
209 2758 280 2800 ὥρα,
296 2757 341 2788 ἵνα
355 2760 531 2799 σκορπισθῆτε
544 2757 665 2793 ἕκαστος.
682 2769 698 2788 ι)
714 2758 808 2798 Ὑμεῖς
817 2759 880 2799 γὰρ,

125 2845 145 2861 7"
159 2846 224 2873 Act.
244 2851 268 2879 ι,
283 2846 311 2872 3.
337 2842 527 2878 15Juan.xv'i,
543 2847 588 2872 30.
613 2844 634 2861 π·
648 2844 718 2873 Psal.
735 2851 827 2878 XLIII,
842 2847 885 2872 22.

1665 1637 1738 1664 Ecce

939 1693 1013 1714 nunc
1027 1689 1120 1722 aperte
1144 1684 1275 1720 loqueris,
1300 1691 1352 1712 nec
1366 1682 1541 1719 proverbium
1559 1681 1648 1710 ullum
1660 1681 1740 1709 dicis.

939 1729 1022 1766 725
1041 1738 1116 1758 nunc
1130 1729 1233 1757 cimus
1253 1728 1328 1765 quod
1348 1728 1401 1756 scis
1425 1728 1530 1760 omnia,
1545 1734 1596 1755 nec
1617 1734 1685 1762 opus
1700 1731 1741 1754 est

938 1775 985 1803 tibi
1002 1779 1031 1803 ut
1045 1774 1106 1811 quis
1121 1778 1147 1802 te
1164 1774 1323 1809 interroget.
1338 1774 1390 1800 Per
1405 1772 1457 1800 hoc
1479 1771 1619 1800 credimus
1633 1771 1706 1807 quod
1726 1779 1740 1799 a

938 1822 997 1848 Deo
1021 1819 1110 1848 existi.
1134 1817 1290 1854 Respondit
1312 1817 1350 1845 eis
1379 1818 1457 1845 Jesus
1481 1826 1486 1844 :
1513 1817 1594 1844 Nunc
1614 1816 1740 1844 creditis!

941 1866 1009 1893 Ecce
1032 1864 1117 1892 instat
1139 1867 1258 1899 tempus,
1273 1866 1300 1890 et
1320 1862 1378 1898 jam
1404 1861 1488 1895 venit,
1503 1865 1533 1889 ut
1545 1860 1740 1897 dispergamini

939 1910 1128 1946 unusquisque
1149 1909 1178 1936 in
1193 1915 1254 1942 sua,
1273 1915 1373 1943 meque
1394 1906 1483 1934 solum
1499 1905 1655 1941 relinquatis
1685 1915 1691 1933 :
1714 1910 1743 1934 et

938 1959 1030 1983 tamen
1042 1962 1099 1982 non
1114 1961 1175 1981 sum
1189 1953 1274 1986 solus,
1284 1951 1349 1988 quia
1364 1952 1444 1979 Pater
1454 1958 1566 1979 mecum
1578 1954 1631 1978 est.
1644 1962 1655 1974 ο
1669 1951 1741 1979 Cum

938 1999 1079 2028 audissent
1099 1997 1224 2034 discipuli
1246 1997 1368 2025 amicum
1396 1995 1449 2024 illis
1470 1995 1576 2024 futurm
1600 1996 1692 2023 Deum
1714 1999 1743 2024 et

939 2045 1058 2078 Patrem,
1073 2051 1162 2080 neque
1185 2041 1306 2078 indigere
1329 2048 1358 2069 se
1373 2041 1446 2069 illius
1469 2039 1677 2073 intercessione,
1702 2039 1742 2068 uti

939 2089 1058 2118 maxime
1070 2088 1218 2116 familiares
1233 2086 1318 2121 Patri,
1331 2085 1482 2122 exiisseque
1497 2085 1571 2113 illum
1585 2093 1600 2113 a
1614 2086 1685 2119 Deo,
1701 2084 1742 2113 di-

938 2138 1004 2162 cunt
1019 2143 1025 2161 :
1046 2144 1059 2159 ‹‹
1074 2134 1155 2161 Nunc
1170 2132 1272 2160 scimus
1291 2130 1368 2168 quod
1388 2130 1441 2159 scis
1455 2130 1556 2163 omnia,
1574 2142 1587 2154 ι»
1611 2129 1665 2158 hoc
1689 2134 1740 2164 est,

939 2179 1083 2215 cognoscis
1109 2185 1170 2214 quae
1198 2176 1412 2213 uniuscujusque
1435 2183 1484 2203 cor
1518 2174 1677 2209 offendunt,
1713 2179 1741 2202 et

942 2234 955 2250 (ι
967 2232 1022 2252 non
1034 2231 1103 2259 opus
1124 2223 1208 2251 habes
1224 2234 1236 2247 η
1253 2226 1284 2250 ιιι
1297 2221 1330 2250 ab
1348 2221 1440 2257 aliquo
1455 2220 1546 2249 discas
1559 2228 1601 2252 ea,
1621 2231 1633 2244 ε
1663 2223 1691 2247 et
1713 2219 1741 2247 in

940 2269 992 2297 hoc
1017 2268 1154 2297 credimus
1176 2267 1249 2304 quod
1264 2275 1279 2295 a
1299 2268 1359 2294 Deo
1374 2266 1472 2294 exieris
1496 2265 1542 2293 "’5:
1567 2276 1580 2289 ιο
1598 2264 1644 2293 Dei
1666 2264 1739 2292 enim

939 2319 980 2343 est
995 2314 1065 2342 scire
1087 2313 1196 2342 occulta
1217 2311 1309 2340 cordis
1328 2311 1359 2340 ⁷⁸.
1386 2310 1455 2339 Vide
1480 2314 1574 2338 autem
1596 2310 1739 2346 quomodo

940 2358 1092 2396 imperfecti
1111 2357 1216 2387 fuerint
1232 2357 1366 2391 dicentes,
1383 2368 1396 2380 «ι
1412 2357 1494 2385 Nunc
1513 2355 1616 2383 scimus
1632 2365 1638 2382 :
1657 2366 1669 2381 ι
1696 2356 1744 2392 qui

940 2405 1015 2433 enim
1036 2408 1127 2432 tantas
1152 2403 1294 2432 audierant
1315 2402 1466 2435 doctrinas,
1493 2400 1598 2434 dicunt,
1623 2413 1635 2425 ιι
1662 2403 1741 2430 Nunc

940 2450 1051 2478 scimus.
1079 2461 1092 2474 ν
1115 2448 1240 2477 Christus
1261 2451 1355 2476 autem
1370 2446 1518 2476 ostendens
1537 2446 1578 2474 eis
1592 2445 1666 2483 quod
1687 2446 1741 2475 im-

941 2495 1053 2532 perfecti
1067 2494 1132 2528 sint,
1146 2493 1257 2529 etquod
1273 2492 1399 2521 nondum
1423 2491 1575 2528 quidquam
1596 2491 1689 2528 magni
1708 2491 1742 2520 de

941 2548 970 2568 se
993 2539 1186 2573 intellexerint,
1209 2538 1257 2567 sed
1281 2538 1412 2567 deorsum
1435 2541 1464 2566 et
1488 2537 1517 2566 in
1537 2537 1655 2566 terrenis
1680 2544 1743 2565 ver-

940 2588 1045 2619 sentur,
1061 2584 1149 2621 inquit
1172 2593 1178 2612 :
1202 2595 1215 2608 ι
1238 2584 1317 2612 Nunc
1339 2582 1467 2611 creditis!
1493 2593 1506 2606 ν
1531 2581 1743 2618 Quodammodo

939 2629 1107 2666 improperat
1123 2629 1162 2657 eis
1176 2628 1338 2657 tarditatem
1367 2627 1428 2657 ﬁdei
1450 2627 1570 2655 illorum.
1587 2627 1629 2654 Ut
1651 2629 1743 2653 autem

940 2681 976 2702 ne
988 2673 1134 2702 videantur
1145 2673 1291 2710 gratiﬁcari
1306 2672 1357 2710 ipsi
1376 2672 1439 2701 talia
1456 2671 1490 2700 de
1503 2672 1564 2707 ipso
1583 2670 1741 2703 sentientes,

941 2718 1030 2755 inquit
1045 2728 1051 2746 τ
1067 2730 1080 2742 «ι
1095 2719 1175 2747 Venit
1186 2718 1256 2747 hora
1265 2722 1296 2746 ut
1306 2716 1499 2754 dispergamini
1515 2715 1712 2751 unusquisque.
1728 2726 1740 2738 ν

938 2763 995 2792 Vos
1009 2763 1096 2798 enim,
1118 2763 1223 2800 inquit,
1240 2761 1373 2791 videmini
1391 2759 1424 2789 de
1439 2767 1485 2788 me
1505 2765 1639 2795 magnum
1659 2757 1743 2796 quid-
