1922 3077
87 164 146 191 225

472 167 669 196 ENARRATIO
690 168 722 196 IN
742 168 958 198 EVANGELIUM
975 167 1125 197 JOANNIS.
1140 181 1176 188 —
1195 167 1269 195 CAP.
1290 166 1367 194 XVII.

1688 164 1742 190 226

88 225 208 257 αἰώνιον.
221 226 300 264 Αὕτη
317 227 346 257 δέ
361 228 432 258 ἐστιν
447 231 463 264 ἡ
481 229 583 264 αἰώνιος
598 230 668 268 ζωὴ,
679 229 723 261 ἵνα
737 231 889 270 γινώσκωσί

948 235 1035 260 ιιιιθιιι
1050 231 1104 259 vita
1124 234 1236 262 aeterna,
1259 233 1293 257 ut
1305 231 1474 264 cognoscant
1496 231 1524 254 te
1543 227 1635 255 solum
1651 227 1741 254 Deum

88 281 121 299 σι
133 270 178 300 τὸν
194 270 275 310 μόνον
299 273 423 309 ἀληθινὸν
444 273 531 311 Θεὸν,
557 273 603 304 καὶ
618 274 647 304 ὃν
663 274 823 309 ἀπέστειλας
839 276 892 312 Ἰη-

89 317 155 362 σῷν
174 316 301 356 Χριστόν.
318 332 330 344 ιο
346 317 440 348 Εἰπὼν
459 323 512 353 τοῖς
528 322 677 360 μαθηταῖς,
703 319 742 350 ὅτι
761 332 776 350 α
790 322 891 362 Θλῐψιν

90 359 181 398 ἕξετε,
199 374 214 389 ι
249 362 295 392 καὶ
317 363 481 403 παραινέσας
509 365 596 398 αὐτοῖς
623 366 744 405 θαρσεῖν,
767 359 892 402 άνίστήσι

89 407 174 435 πάλιν
200 405 243 436 διᾶ
266 409 314 443 τῆς
333 409 429 448 εὐχῆς,
453 409 587 439 παιδεύων
612 412 684 448 ἡμᾶς
713 412 739 440 ἐν
763 415 816 444 τοῖς
832 422 892 440 πει-

90 455 224 495 ρασμοῖς,
250 452 337 481 πάντα
361 453 498 493 ἀφιέντας,
524 453 567 483 ἐπὶ
591 453 635 484 τὸν
656 455 726 486 Θεὸν
751 455 893 495 καταφεύ-

88 507 160 533 γειν.
186 494 290 530 1Άλλως
315 509 352 526 τισ
368 497 438 528 Οὐδὲ
454 498 519 539 εὐχὴ
534 499 565 529 τὸ
582 500 695 539 πρᾶγμά
718 502 806 536 ἐστιν,
823 501 892 530 ἀλλὰ

90 540 212 575 διάλεξις
234 542 299 582 πρὸς
313 542 356 572 τον
374 542 497 583 Πατέρα.
525 544 559 574 Εἰ
579 543 607 573 δὲ
624 545 744 585 ἀλλαχοῦ
767 545 892 585 εὔχεται,

91 586 140 614 καὶ
154 585 200 615 ἐπὶ
213 586 311 625 γόνατα
331 587 484 626 κάμπτεται
494 610 502 624 ,
523 588 561 627 μὴ
573 589 725 630 θαυμάσῃς.
742 585 828 620 ἾΙλθε
841 590 893 629 γὰρ

91 633 105 658 ὁ
122 630 241 672 Χριστὸς
257 631 295 670 μὴ
322 633 400 671 μόνον
427 633 519 663 ἑαυτὸν
546 635 726 674 φανερώσων,
754 635 824 664 ἀλλὰ
848 635 894 664 χαὶ

92 676 195 714 αἱρετὴν
210 681 300 706 πᾶσαν
320 676 481 707 παιδεύσων·
504 678 549 707 τὸν
569 678 596 708 δὲ
613 679 791 718 παιδεύοντα,
806 679 835 709 οὖ
851 679 894 708 διὰ

96 721 232 761 ῥημάτων
248 721 342 760 μόνον,
360 721 429 751 ἀλλὰ
450 722 495 752 καὶ
514 723 556 753 διὰ
579 724 744 764 πραγμάτων
760 725 894 754 παιδεύειν

93 766 164 804 χρή.
183 766 272 801 Δεῖξαι
287 766 316 796 δὲ
331 766 431 806 θέλων,
449 767 489 797 ὅτι
509 768 555 797 οὐκ
576 767 666 804 ἄκων,
683 770 742 798 ἀλλ’
765 769 832 799 ἑκὼν
850 768 894 798 ἐπὶ

91 809 124 838 τὸ
141 809 227 844 πάθος
247 810 372 851 ἔρχεται,
390 811 463 852 φησί·
479 825 490 838 σι
506 812 608 853 Πάτερ,
622 814 747 849 ἐλήλυθεν
765 816 782 849 ἡ
798 814 865 854 ὥρα.
882 827 894 840 ι

93 853 169 884 Ἰδοὺ
192 854 244 896 γὰρ
267 857 302 890 ὡς
327 857 464 886 ἀσπαστὸν
487 860 563 887 τοῦτο
587 861 681 894 ποθεῖ,
707 859 752 888 χαὶ
770 853 846 893 δόξαν
866 858 897 888 τὸ

945 284 1050 310 verum,
1070 279 1098 304 et
1119 282 1202 311 quem
1224 272 1322 302 misisti
1344 273 1441 300 Jesum
1466 271 1615 300 Christum.
1641 281 1654 294 η
1670 270 1741 298 Cum

945 320 1059 349 dixisset
1085 318 1233 354 discipulis,
1259 329 1272 341 οι
1297 316 1483 346 Aﬂlictionem
1512 314 1660 348 habebitis,
1682 326 1694 338 -
1715 317 1743 342 et

946 365 980 394 ad
1005 365 1134 393 ﬁduciam
1156 363 1318 392 exhortatus
1340 365 1412 389 esset
1438 369 1445 387 :
1472 360 1573 388 iterum
1594 367 1642 387 eos
1663 358 1744 395 erigit

947 419 996 447 per
1021 417 1125 446 preces,
1147 408 1273 437 erudiens
1292 414 1344 435 nos
1362 406 1390 434 in
1404 404 1617 438 tentatiouibus,
1641 403 1743 431 relictis

947 455 1089 489 omnibus,
1105 453 1141 482 ad
1166 455 1258 482 Deum
1282 450 1429 487 confugere
1451 449 1559 479 debere.
1583 450 1617 477 Et
1641 447 1743 476 aliter:

948 501 1007 528 Non
1039 499 1084 527 hic
1106 498 1194 526 oratio
1217 500 1268 531 est.
1301 496 1348 524 sed
1371 495 1540 532 colloquium
1561 502 1626 522 cum
1651 494 1742 521 Patre.

947 545 1028 582 Quod
1053 548 1146 572 autem
1170 542 1222 571 alio
1248 542 1307 571 loco
1327 545 1397 576 orat,
1424 545 1452 568 et
1474 547 1560 576 genus
1589 539 1684 571 ﬂectit,
1709 546 1745 566 ne

949 590 1067 618 mireris.
1093 589 1174 616 Venit
1188 588 1263 616 enim
1286 587 1413 615 Christus
1435 593 1493 614 non
1514 585 1603 613 solum
1623 583 1743 620 seipsum

950 633 1182 667 manifestaturus,
1196 632 1246 661 sed
1259 639 1372 660 omnem
1387 631 1513 659 virtutem
1529 629 1677 663 docturus;
1695 628 1745 657 do-

947 684 1055 708 centem
1069 683 1173 712 autem,
1189 686 1247 706 non
1260 681 1368 705 tantum
1388 675 1488 709 verbis,
1501 674 1549 703 sed
1570 678 1598 703 et
1611 674 1744 710 operibus

948 724 1046 753 docere
1070 727 1187 760 oportet.
1203 722 1355 751 Ostendere
1370 725 1463 749 autem
1481 720 1574 749 volens
1596 720 1671 757 quod
1685 728 1742 748 non

949 769 1059 804 invitus,
1079 769 1127 796 sed
1140 776 1190 796 sua
1211 772 1309 803 sponte
1330 766 1365 795 ad
1386 767 1545 794 Passionem
1564 765 1685 800 accedat,
1701 765 1743 794 di-

949 815 987 843 cit
1008 824 1015 842 :
1041 825 1054 839 (ι
1070 815 1160 847 Pater,
1175 813 1250 841 venit
1273 812 1349 840 hora.
1378 824 1390 836 ι
1405 813 1475 840 Ecce
1489 811 1562 839 enim
1577 815 1608 839 ut
1626 810 1746 846 optabile

952 858 1004 887 hoc
1019 858 1166 892 desiderat,
1184 861 1211 886 et
1225 857 1340 894 gloriam
1357 861 1445 890 vocat,
1460 864 1517 884 non
1531 863 1609 883 suam
1624 859 1743 889 tantum,

93 904 214 952 πρᾷγμμ
228 900 321 939 καλεῖ,
334 902 382 930 οὐχ
394 901 494 930 οἰκείαν
516 902 612 940 μόνην,
628 903 697 933 ἀλλὰ
712 904 758 934 καὶ
769 906 816 933 τοῦ
832 905 892 934 Πα-

951 903 999 932 sed
1014 908 1040 932 et
1060 903 1148 931 Patris
1163 912 1170 931 ε
1183 902 1256 938 quod
1268 906 1295 930 et
1312 901 1413 930 factum
1426 905 1476 929 est.
1498 901 1562 929 Non
1577 899 1650 928 enim
1664 900 1745 928 Filius

93 944 166 984 τρός·
192 944 207 974 ὃ
222 945 268 974 καὶ
282 945 400 985 γέγονεν.
417 947 458 976 Οὖ
473 945 526 986 γὰρ
537 948 552 976 ὁ
575 947 640 982 Υἱὸς
655 948 749 986 μόνος,
767 947 835 978 ἀλλὰ
850 949 896 978 καὶ

93 991 108 1018 ὁ
128 989 230 1030 Πατὴρ
248 990 387 1026 ἐδοξάσθη.
415 991 474 1031 Πρὸ
490 991 539 1028 μὲν
557 991 608 1032 γὰρ
627 996 673 1022 τοῦ
695 995 811 1033 σταυροῦ
837 994 894 1023 οὐδὲ

94 1033 225 1064 Ἰουδαῖοι
239 1034 319 1064 αὐτὸν
332 1034 430 1074 ᾔδεσαν
449 1035 480 1075 (ι
490 1034 603 1077 Ἰσραὴλ
616 1038 667 1077 γάρ
681 1049 714 1076 με
729 1039 777 1067 οὔκ
791 1037 871 1077 ἔγνω,
884 1052 895 1064 ι

94 1078 191 1124 φησί
209 1078 279 1117 μετὰ
292 1079 319 1109 δὲ
335 1080 379 1109 τὸν
400 1081 514 1121 σταυρὸν
529 1083 546 1117 ἡ
565 1081 708 1120 οἰκουμένη
733 1086 809 1112 πᾶσα
823 1083 895 1124 αὐτῷ

66 1150 70 1153 ς
93 1123 280 1164 προσέδραμε.
309 1124 432 1154 Δείιινυσι
457 1125 484 1154 δὲ
501 1125 540 1159 τίς
562 1126 634 1156 ἐστιν
651 1129 668 1162 ἡ
684 1126 745 1161 δόξα
769 1128 847 1157 αὐτοῦ
867 1139 895 1157 τι

93 1167 140 1197 καὶ
155 1169 204 1197 τοῦ
219 1168 336 1208 Πατρός.
354 1169 394 1199 Τὸ
409 1172 565 1207 πιστεῦσαι,
588 1171 655 1211 φησὶ
666 1194 674 1209 ,
690 1176 778 1200 πᾶσαν
795 1172 894 1211 σάρκα,

94 1212 141 1242 καὶ
169 1213 394 1252 εὖεργετηθῆναι,
420 1215 499 1244 τοῦτό
518 1216 574 1244 ἐστι
600 1216 662 1250 δόξα
678 1218 762 1246 Θεοῦ.
782 1218 823 1246 Οὐ
844 1215 895 1257 γὰρ

93 1259 131 1290 εἷς
146 1257 291 1291 Ἰουδαίους
308 1258 402 1296 μόνους
423 1261 439 1294 ἡ
452 1259 530 1300 χάρις
547 1260 763 1300 συσταλήσεται,
781 1261 843 1290 ἀλλ’
859 1262 895 1295 εἷς

93 1301 146 1338 τὴν
179 1302 338 1340 οἰκουμένην
364 1303 551 1340 ἔχταθήσεται.
582 1300 652 1335 Eine
678 1305 706 1335 δὲ
735 1309 835 1343 τοῦτο,
855 1305 895 1336 ὅτι

95 1346 194 1386 ἔμελλε
208 1347 323 1385 πέμπειν
346 1347 443 1389 αὐτοὺς
463 1349 499 1382 εἰς
516 1349 549 1379 τὰ
571 1349 642 1387 ἔθνη.
656 1349 708 1380 Ἵν’
733 1345 777 1380 οὖν
800 1350 838 1389 μὴ
855 1362 895 1380 νο-

95 1391 198 1429 μίσωσι
218 1392 389 1430 καινοτομίαν
419 1387 486 1423 εἶναι
505 1396 599 1431 τοῦτο,
617 1394 670 1435 ,καὶ
686 1387 834 1432 ἀϐούλητον
856 1397 895 1435 τῷ

97 1437 204 1477 Πατρὶ⁷
220 1436 367 1474 δείκνυσιν,
382 1436 422 1467 ὅτι
446 1438 496 1468 ὑπὸ
510 1441 556 1468 τοῦ
578 1439 685 1480 Πατρὸς
705 1440 808 1470 δέδοται
823 1441 895 1480 αὐτῷ

94 1481 165 1510 κατὰ
187 1482 277 1517 πάσης
296 1482 393 1523 σαρκὸς
417 1482 530 1517 ἐξουσία.
557 1484 615 1524 Πρὸ
639 1484 732 1514 τούτου
752 1485 779 1514 δὲ
806 1484 895 1525 ΰιεγεν

96 1527 197 1560 αὖτοῖςσ
215 1537 230 1554 α
247 1526 293 1559 Εἷς
309 1527 367 1556 ὁδὸν
387 1529 467 1557 ἐθνῶν
483 1527 521 1566 μὴ
538 1529 681 1566 ἀπέλθητε.
701 1541 716 1557 ν
744 1529 780 1560 Τί
796 1529 824 1559 δέ
836 1530 893 1559 ἐστι

95 1571 145 1608 τὸ,
166 1582 182 1600 α
200 1570 295 1606 Πάσης
315 1572 452 1612 σαρκός»
473 1573 504 1602 οὗ
521 1573 572 1613 γὰρ
595 1574 627 1610 δὴ
651 1574 747 1608 πάντες
768 1574 893 1604 ἐπίστευ-

96 1627 158 1646 σαν.
175 1615 233 1646 Καὶ
249 1615 302 1655 μὴν
314 1617 328 1645 ὁ
343 1617 477 1657 Χριστὸς,
492 1617 521 1647 τὸ
533 1619 625 1648 ἑαυτοῦ
643 1618 734 1659 μέρος,
748 1618 894 1654 ἐσπούδαζε

97 1661 203 1694 πάντας
224 1661 260 1694 εἷς
276 1659 363 1690 πίστιν
379 1661 572 1701 ὑπαγαγέσθαι·
596 1665 618 1692 εἶ
641 1662 669 1692 δὲ
685 1663 722 1702 μὴ
744 1663 892 1704 προσέσχον

97 1705 189 1734 ἐκεῖνοι
198 1727 208 1742 ,
223 1705 254 1734 οὖ
269 1707 315 1734 τοῦ
328 1705 494 1740 διδάσκοντος
509 1707 538 1736 τὸ
552 1707 686 1747 ἔγκλημα,
704 1708 773 1738 ἀλλὰ
788 1710 839 1739 τῶν
853 1709 892 1748 μὴ

97 1749 260 1789 δεχομένων.
276 1750 364 1780 ⁰Οταν
378 1752 405 1781 δὲ
421 1751 537 1792 ἀκούσῃς
554 1753 604 1793 τὸ,
620 1767 632 1779 ιι
646 1753 785 1790 Δέόωχας,
801 1767 814 1780 ιι
828 1754 873 1784 καὶ
884 1777 893 1794 ,

101 1806 115 1822 ιι
129 1792 253 1825 Ἐλαϐον
261 1819 270 1832 ,
281 1805 296 1823 n
314 1795 361 1825 καὶ
373 1795 407 1824 τὰ
420 1799 530 1826 τοιαῦτα
539 1819 547 1833 ,
564 1798 804 1837 συγκαταϐατιχῶς
822 1792 894 1839 εἰρῆξ

96 1841 157 1868 σθαι
173 1839 245 1884 νόει,
268 1841 303 1873 ὡς
319 1841 444 1880 μυριάκις
465 1841 584 1880 εἴπομεν.
603 1842 755 1873 Φυλάττων
781 1843 833 1884 γὰρ
851 1845 893 1873 ἀεὶ

95 1884 125 1913 τὸ
139 1883 218 1917 αὖτός
234 1896 261 1913 τι
276 1885 337 1924 περὶ
360 1887 439 1915 αὑτοῦ
464 1886 549 1925 λέγειν
570 1887 640 1927 μέγα
653 1911 662 1925 ,
682 1883 892 1927 συγκαταϐαίνει

95 1929 127 1966 τῇ
144 1928 268 1970 ἀσθενείᾳ
291 1931 344 1958 τῶν
368 1931 516 1972 ἀκροατῶν
543 1932 589 1961 καὶ
614 1933 705 1969 ἐπειδὴ
728 1933 893 1963 ἐσκανδαλί-

97 1974 171 2007 ζοντο
184 1996 193 2011 ,
213 1974 318 2013 μεγάλα
332 1974 394 2014 πιρὶ
409 1977 488 2005 αὐτοῦ
505 1975 659 2017 ἀκούοντες,
675 1977 709 2007 τὰ
725 1981 791 2012 τέως
806 1979 894 2012 αὐτοῖς

96 2018 209 2058 χωρητᾶ
226 2018 376 2060 φθέγγεταν
400 2020 490 2061 ὥσπερ
515 2021 561 2050 χαὶ
583 2024 679 2060 ἡμεῖς,
704 2027 757 2056 τοῖς
779 2023 894 2058 παιδίοις

97 2062 295 2102 διαλεγόμενοι,
319 2063 366 2093 καὶ
388 2064 434 2094 τὸν
463 2065 543 2105 ἄρτον
572 2065 655 2100 οὕτως
679 2068 843 2106 ὀνομάζομεν
858 2070 893 2102 ὡς

97 2110 184 2139 ἒχείνα
194 2133 203 2147 ,
214 2111 260 2140 καὶ
275 2110 305 2140 τὸ
318 2110 388 2151 ὕδωρ
396 2134 405 2150 ,
421 2112 468 2141 καὶ
479 2113 569 2147 ἁπλῶς
583 2115 607 2142 τ’
618 2113 688 2144 ἄλλα
700 2116 800 2145 πάντα.
815 2115 894 2146 Ἐπεὶ

96 2156 160 2186 ὅταν
175 2158 189 2185 ὁ
205 2158 395 2197 εὖαγγελιστὴς
407 2159 467 2200 περὶ
495 2163 541 2190 τοῦ
561 2161 661 2201 Κυρίου
682 2161 761 2202 λέγῃ,
780 2163 892 2194 ἄκουσον

96 2204 121 2233 τί
137 2215 215 2245 φησι·
234 2216 250 2233 σ
266 2205 361 2236 Πάντα
385 2206 417 2235 δι’
432 2208 512 2237 αὐτοῦ
535 2207 648 2247 ἐγένετο·
662 2223 674 2236 ιι
694 2209 740 2239 καὶ
751 2233 759 2247 ,
780 2221 795 2239 α
811 2210 893 2241 Ὅσοι

96 2250 191 2281 ἔλαϐον
219 2251 317 2289 αὐτὸν,
339 2252 438 2283 ἔδωχιν
461 2255 550 2288 αὐτοῖς
577 2255 696 2289 ἐξουσίαν
717 2256 797 2287 τέκνα
821 2260 892 2289 Θεοῦ

96 2298 227 2337 γενέσθαι.
241 2309 256 2328 ι)
283 2298 317 2329 Ὁ
333 2300 430 2340 ἑτέροις
443 2300 527 2335 διδοὺς
537 2324 545 2340 ,
561 2303 617 2336 πῶς
637 2302 714 2337 αὐτὸς
731 2304 830 2341 ταύτην
844 2305 892 2335 οὐκ

95 2340 177 2385 εἶχεν,
188 2345 249 2375 ἀλλ’
268 2346 405 2386 ἐλάμϐανε
421 2348 496 2390 παρὰ
510 2351 556 2378 τοῦ
573 2349 696 2390 Πατρός;
710 2349 830 2382 Ἔπειτα
845 2353 891 2382 καὶ

96 2396 210 2424 ἐνταῦθα
235 2394 263 2423 ἕν
286 2394 339 2428 τοῖς
363 2395 470 2426 δοκοῦσι
494 2395 595 2430 τούτοις
622 2403 758 2432 ταπεινοῖς
789 2398 891 2439 ῥήμασι

95 2440 325 2481 παραπέπλεκταί
343 2453 367 2472 τι
392 2444 438 2472 καὶ
463 2443 577 2484 ὓψηλόν.
604 2455 618 2473 ε
640 2443 702 2474 Ἵνα
725 2445 795 2486 γὰρ,
811 2446 893 2487 φησὶ,

95 2492 148 2517 πᾶν
161 2487 176 2518 ὃ
197 2487 316 2522 δέδωκας
338 2490 426 2531 αὐτῷ,
451 2503 467 2520 ι
485 2494 563 2521 τοῦτο
585 2493 633 2528 τῆς
657 2492 893 2532 συγκαταϐάσιως·

101 2547 116 2564 ιι
230 2536 319 2570 αὐτοῖς
335 2537 406 2573 ζωὴν
428 2537 548 2576 αἰώνιον,
564 2550 580 2569 n
603 2541 681 2570 τοῦτο
704 2542 750 2576 τῆς
775 2540 893 2576 ἐξουσίας

95 2585 143 2613 τοῦ
165 2584 330 2621 Μονογινοῦς
344 2583 390 2613 χαὶ
410 2587 458 2622 τῆς
472 2585 602 2623 θεότητος.
621 2588 693 2618 Θεοῦ
715 2588 782 2628 γὰρ,
799 2588 830 2618 τὸ
851 2589 892 2618 δι-

96 2627 169 2658 δόναι
183 2629 254 2674 ζωὴν
263 2653 272 2668 ,
285 2631 331 2660 καὶ
341 2631 440 2668 ταύτην
456 2632 573 2666 αἰώνιον.
592 2648 603 2663 α
621 2636 709 2666 Μόνον
726 2627 757 2665 δὲν
770 2637 893 2674 ἀληθινὸν

97 2675 167 2705 Θεὸν
185 2689 199 2703 ι
223 2672 282 2706 εἶπε
305 2678 350 2708 τὸν
376 2679 504 2720 Πατέρα,
529 2681 595 2721 πρὸς
611 2672 821 2719 ἀντιδιαστολὴν
839 2685 892 2714 τῶν

96 2723 276 2773 illiudeva
289 2727 354 2766 παρ’
373 2725 493 2764 Ἕλλησι
516 2731 597 2766 θεῶν,
613 2729 642 2760 οὐ
657 2730 709 2771 γὰρ
723 2730 755 2767 δὴ
770 2732 892 2773 χωρίζων

95 2771 187 2800 ἑαυτὸν
201 2774 248 2802 τοῦ
272 2773 396 2814 Πατρὸς,
412 2774 515 2815 ἄπαγεΙ
541 2776 596 2807 Καὶ
619 2778 696 2812 αὐτὸς
717 2779 768 2819 γὰρ
791 2771 891 2815 δγΥἱὸς

949 949 1034 982 solus,
1059 949 1107 976 sed
1122 951 1150 976 et
1169 949 1250 976 Pater
1263 946 1432 983 gloriﬁcatus
1446 949 1498 974 est.
1517 947 1585 973 Nam
1603 949 1666 973 ante
1680 953 1739 973 cru-

949 1002 1009 1022 cem
1023 993 1134 1029 quidem
1146 1000 1233 1028 neque
1246 991 1335 1020 Judaei
1352 991 1443 1027 ipsum
1459 991 1597 1019 sciverunt
1611 999 1617 1017 :
1634 1002 1646 1014 οι
1663 989 1744 1018 Israel

950 1038 1024 1066 enim
1045 1045 1091 1065 me
1105 1045 1162 1065 non
1180 1036 1308 1073 cognovit
1327 1035 1360 1070 π,
1378 1047 1390 1060 ιι
1416 1035 1525 1072 inquit:
1550 1038 1610 1071 post
1633 1043 1744 1063 enicem

949 1086 1042 1110 autem
1054 1086 1128 1110 totus
1139 1080 1215 1109 orbis
1227 1079 1263 1109 ad
1275 1088 1339 1108 eum
1353 1079 1496 1108 conﬂuxit.
1511 1079 1638 1108 Ostendit
1652 1083 1743 1107 autem

949 1134 1010 1163 quae
1024 1126 1058 1154 sit
1072 1125 1158 1162 gloria
1177 1125 1236 1162 ejus
1250 1129 1277 1153 et
1292 1125 1378 1153 Patris
1399 1135 1405 1152 :
1420 1123 1546 1157 Credere,
1562 1123 1661 1160 inquit,
1683 1132 1745 1152 om-

950 1179 1014 1199 nem
1028 1179 1150 1203 carnem,
1176 1174 1203 1198 et
1217 1169 1345 1198 beneﬁcia
1359 1168 1486 1205 experiri,
1510 1168 1595 1205 gloria
1619 1168 1669 1196 Dei
1690 1173 1742 1197 est.

949 1217 1012 1244 Non
1031 1216 1107 1244 enim
1120 1215 1153 1243 ad
1166 1214 1279 1243 Judacos
1299 1214 1372 1242 solos
1384 1214 1470 1251 gratia
1489 1213 1671 1248 contrahitur,
1695 1213 1742 1242 sed

950 1261 977 1288 in
992 1264 1083 1289 totum
1101 1260 1196 1288 orbem
1213 1259 1377 1288 extenditur.
1394 1258 1472 1286 Dixit
1483 1262 1576 1286 autem
1591 1258 1653 1293 hoc,
1672 1266 1746 1294 quo-

949 1305 1024 1334 niam
1045 1305 1179 1333 missurus
1202 1308 1260 1333 erat
1285 1304 1346 1333 illos
1368 1304 1397 1331 in
1415 1308 1519 1339 gentes.
1544 1304 1582 1331 Ut
1606 1303 1689 1339 igitur
1709 1312 1742 1331 ne

950 1354 1045 1387 putent
1054 1349 1204 1378 novitatem
1217 1357 1289 1383 esse.
1304 1353 1332 1377 et
1350 1353 1448 1385 praeter
1462 1348 1629 1376 voluntatem
1645 1348 1745 1383 Patris,

950 1394 1051 1423 indicat
1072 1403 1088 1423 ει
1103 1395 1181 1423 Patre
1203 1394 1253 1422 sibi
1273 1394 1364 1422 datam
1390 1397 1553 1430 potestatem
1574 1393 1667 1422 omnis
1687 1402 1747 1422 car-

948 1440 1000 1468 nis.
1025 1440 1095 1468 Nam
1116 1443 1179 1467 ante
1198 1438 1305 1467 dicebat
1318 1438 1357 1467 eis
1381 1448 1413 1466 :-
1433 1439 1465 1466 In
1485 1438 1558 1466 viam
1576 1438 1698 1475 gentium
1712 1446 1746 1467 ne

948 1484 1068 1513 abicritis
1082 1484 1118 1512 '0.
1139 1494 1154 1510 ι)
1171 1483 1244 1520 Quid
1264 1483 1347 1519 727
1363 1487 1456 1512 autem
1469 1487 1521 1517 est,
1540 1493 1553 1509 ι(
1572 1483 1670 1512 Omnis
1681 1491 1742 1512 car-

949 1530 1010 1558 nis?
1027 1541 1039 1554 ιι
1055 1538 1119 1557 nam
1135 1537 1191 1558 non
1210 1537 1306 1557 omnes
1321 1528 1509 1557 crediderunt.
1524 1529 1560 1557 Et
1582 1536 1647 1557 sane
1669 1528 1748 1557 Chri-

947 1579 1017 1609 stus,
1032 1579 1165 1610 quantum
1177 1573 1213 1602 ad
1228 1582 1257 1602 se
1274 1573 1415 1606 attinebat,
1433 1582 1530 1603 omnes
1546 1573 1581 1602 ad
1600 1574 1683 1602 ﬁdem
1697 1573 1745 1602 ad-

947 1619 1047 1648 ducere
1067 1619 1180 1648 curabat
1207 1629 1213 1646 :
1227 1618 1302 1655 quod
1323 1623 1415 1647 autem
1430 1618 1467 1647 illi
1482 1627 1539 1647 non
1554 1618 1744 1652 attenderunt,

947 1672 1003 1692 non
1026 1663 1159 1699 docentis,
1183 1663 1231 1692 sed
1262 1671 1318 1692 non
1346 1663 1553 1700 suscipientium
1577 1663 1681 1692 crimen
1693 1667 1743 1692 est.

948 1709 1062 1743 Quando
1072 1713 1165 1737 autem
1178 1707 1306 1744 audieris,
1317 1720 1329 1732 α
1342 1707 1458 1742 Dedisti,
1470 1721 1483 1732 υ
1497 1713 1525 1736 et
1536 1720 1548 1733 σι
1562 1709 1675 1745 Accepi,
1690 1720 1703 1733 ι
1718 1712 1746 1737 et

947 1753 1058 1786 similia.
1072 1753 1192 1789 intellige
1203 1761 1233 1781 ea
1246 1753 1317 1782 dicta
1331 1761 1389 1782 esse
1403 1753 1438 1781 ad
1448 1752 1607 1782 auditorum
1623 1758 1746 1789 captum,

947 1797 1017 1826 sicut
1030 1805 1102 1834 saepe
1113 1798 1244 1826 diximus.
1260 1798 1372 1834 Semper
1384 1797 1456 1826 enim
1466 1802 1542 1826 cavet
1558 1806 1593 1826 ne
1608 1798 1643 1826 de
1654 1798 1745 1834 seipso

946 1850 1044 1878 magna
1065 1842 1151 1876 dicat,
1178 1846 1206 1870 et
1227 1850 1256 1870 se
1285 1846 1449 1878 attemperat
1464 1842 1621 1870 inﬁrmitati
1635 1842 1745 1871 audito—

947 1895 1019 1915 rum.
1037 1888 1070 1914 Et
1084 1887 1145 1923 quia
1165 1886 1378 1915 offendebantur
1391 1894 1490 1923 magna
1503 1886 1536 1915 de
1547 1895 1580 1915 eo
1592 1887 1744 1921 audientes,

947 1932 1068 1968 loquitur
1087 1931 1121 1960 de
1135 1931 1176 1959 bis
1191 1939 1309 1967 quorum
1326 1939 1438 1968 capaces
1455 1935 1520 1959 sunt
1534 1941 1540 1959 :
1564 1931 1636 1960 sicut
1654 1935 1681 1960 et
1694 1939 1745 1960 nos

946 1985 1018 2013 saepe
1033 1985 1097 2005 cum
1118 1976 1207 2013 pueris
1225 1976 1372 2013 laquimur,
1394 1980 1421 2004 et
1436 1984 1535 2013 panem
1554 1975 1593 2004 ita
1615 1976 1745 2005 nomina-

947 2030 1009 2050 mus
1029 2026 1060 2050 ut
1078 2021 1126 2054 illi,
1145 2025 1173 2050 et
1194 2029 1307 2058 aquam,
1321 2025 1348 2050 et
1368 2021 1397 2049 in
1411 2029 1520 2050 summa
1541 2021 1645 2050 omnia.
1671 2023 1744 2050 Nam

946 2066 1056 2103 quando
1085 2066 1250 2103 evangelista
1280 2066 1314 2095 de
1343 2066 1467 2095 Domino
1495 2066 1571 2101 dicit,
1597 2066 1660 2095 audi
1684 2074 1746 2103 quae

947 2111 1038 2140 dicat:
1053 2123 1066 2136 α
1077 2111 1179 2141 Omnia
1190 2119 1239 2148 per
1249 2111 1339 2147 ipsum
1351 2110 1421 2140 facta
1430 2115 1494 2140 sunt
1503 2110 1524 2130 ἰ
1539 2121 1545 2140 :
1557 2123 1570 2136 ιι
1583 2116 1620 2146 et,
1636 2123 1648 2136 σι
1661 2113 1746 2147 Quot-

947 2161 1015 2193 quot
1026 2161 1188 2193 receperunt
1197 2165 1273 2190 eum,
1283 2156 1359 2185 dedit
1370 2156 1409 2185 eis
1419 2161 1583 2193 potestatem
1605 2156 1674 2186 ﬁlios
1693 2156 1745 2186 Dei

947 2201 1006 2230 ﬁeri
1014 2200 1048 2228 ⁸³.
1064 2214 1077 2227 ν
1093 2201 1145 2237 Qui
1156 2201 1215 2229 aliis
1222 2201 1279 2236 dat,
1293 2201 1433 2237 quomodo
1443 2202 1499 2238 ipse
1514 2206 1678 2238 potestatem
1689 2211 1745 2231 non

946 2245 1039 2282 habet,
1055 2246 1102 2275 sed
1116 2246 1214 2282 accipit
1224 2255 1239 2274 a
1252 2247 1350 2275 Patre?
1364 2248 1478 2283 Insuper
1492 2251 1520 2274 et
1530 2246 1574 2274 hic
1588 2246 1618 2274 in
1635 2246 1676 2275 his
1691 2255 1748 2275 ver-

948 2290 988 2319 bis
1006 2299 1068 2328 quze
1087 2290 1214 2319 videntur
1237 2291 1363 2324 humilia.
1378 2292 1510 2320 asseritur
1530 2291 1650 2320 sublime
1667 2291 1746 2328 quid-

945 2335 1020 2364 dam.
1036 2337 1119 2370 Nam,
1134 2341 1164 2364 ut
1179 2336 1252 2369 dicit,
1270 2347 1280 2360 υ
1298 2337 1387 2365 Omne
1405 2336 1479 2372 quod
1493 2336 1591 2365 dedisti
1605 2336 1638 2371 ei,
1661 2349 1674 2362 ι)
1692 2336 1746 2365 hoc

947 2389 995 2417 per
1008 2381 1270 2410 condescensionem
1287 2385 1329 2409 est
1347 2381 1453 2410 dictum
1471 2392 1477 2410 :
1497 2393 1510 2406 ιι
1533 2382 1586 2409 Det
1608 2382 1648 2409 eis
1662 2382 1745 2410 vitam

949 2429 1095 2460 aeternam,
1126 2437 1139 2451 ι
1163 2426 1214 2454 hoc
1244 2430 1406 2462 potestatem
1433 2425 1536 2455 indicat
1562 2427 1705 2463 Unigeniti
1720 2432 1747 2455 et

947 2471 1066 2500 deitatis.
1083 2471 1132 2500 Dei
1144 2471 1217 2500 enim
1232 2476 1274 2500 est
1286 2471 1352 2500 dare
1365 2471 1459 2504 vitam.
1473 2479 1588 2508 eamque
1600 2476 1745 2501 aeternam.

949 2528 962 2540 -
980 2516 1076 2545 Solum
1088 2521 1181 2545 autem
1195 2524 1289 2544 verum
1309 2518 1399 2545 Deum
1416 2528 1429 2541 ι
1445 2516 1516 2545 dixit
1527 2517 1649 2552 Patrem,
1663 2525 1747 2554 oppo-

946 2560 1036 2590 nendo
1060 2569 1125 2590 eum
1144 2560 1331 2597 mendacibus,
1352 2561 1399 2598 qui
1427 2561 1500 2598 apud
1527 2562 1640 2598 gentiles
1655 2566 1745 2596 erant,

946 2605 1008 2635 diis.
1036 2606 1098 2634 Non
1129 2606 1205 2634 enim
1223 2606 1345 2642 seipsum
1363 2614 1378 2634 a
1407 2607 1488 2635 Patre
1508 2611 1627 2643 separat.
1649 2606 1746 2634 Absit!

946 2651 1016 2679 Nam
1037 2659 1102 2679 cum
1121 2651 1158 2680 sit
1175 2658 1254 2679 verus
1272 2651 1372 2684 Filius,
1386 2659 1443 2679 non
1462 2650 1516 2680 erit
1529 2651 1648 2680 mendax
1660 2651 1746 2686 Deus,

946 2695 993 2724 sed
1021 2703 1100 2724 verus
1122 2705 1129 2724 :
1165 2695 1236 2724 sicut
1258 2695 1304 2724 hic
1328 2695 1491 2733 evangelista
1513 2696 1547 2724 de
1571 2696 1693 2724 Domino
1717 2696 1744 2724 in

946 2740 1069 2777 Epistula
1090 2748 1139 2770 sua
1162 2740 1299 2769 catholica
1324 2741 1426 2777 inquit,
1456 2752 1470 2766 ι
1495 2741 1576 2769 Iesus
1608 2740 1744 2775 Christus,

946 2784 989 2814 hic
1002 2789 1044 2814 est
1056 2793 1135 2814 verus
1150 2787 1235 2822 Deus,
1245 2789 1273 2815 et
1287 2785 1342 2814 vita
1354 2789 1457 2815 acterna
1472 2784 1507 2805 ⁸³·
1523 2797 1535 2811 »
1550 2785 1580 2815 Si
1593 2789 1686 2815 autem
1697 2794 1744 2814 ur-

131 2829 153 2846 τθ
164 2830 219 2858 Isa.
239 2837 262 2866 I,
278 2834 304 2860 3.
318 2831 450 2862 “Matth.
461 2841 492 2869 ι,
506 2837 532 2863 5.
547 2834 567 2852 ⁸¹
583 2836 664 2865 Joan.
677 2844 701 2872 ι,
712 2839 738 2866 8.
755 2837 776 2855 ³³
788 2838 857 2868 Ibid.
871 2841 892 2867 1:

948 2839 974 2868 'I
988 2841 1068 2868 Joan.
1083 2848 1107 2868 ν.
1122 2843 1168 2869 50.
