1922 3077
197 154 248 180 227

695 155 951 184 THEOPHYLACTI
968 157 1147 187 BULGARl/E
1166 160 1321 188 ARCHIEP.

1799 163 1848 190 228

194 218 276 252 geant
298 214 418 244 haeretici
441 215 541 245 falsum
570 224 630 246 esse
653 218 747 246 Deum
768 218 860 254 ipsum
882 218 981 248 Filium

1051 222 1171 258 ἀληθινὸς
1182 222 1218 252 ὢν
1228 247 1236 260 ,
1252 224 1300 252 οὐκ
1314 222 1345 252 ἂν
1358 222 1398 260 εἴη
1419 222 1487 257 Θεὸς
1502 222 1620 264 ψευδὴς,
1636 224 1701 254 ἀλλ’
1717 224 1848 261 ἀληθινός-

194 260 256 296 quia
269 261 348 289 Pater
362 261 437 289 solus
449 261 538 290 dictus
552 262 590 290 sit
607 270 686 291 verus
700 264 785 297 Deus,
800 263 907 291 discant
919 265 994 300 quod

193 304 239 333 hic
253 305 287 333 de
300 306 371 334 Filio
384 307 548 343 evangelista
567 307 639 336 dicat
655 318 661 335 :
680 319 693 332 α
711 309 776 336 Erat
790 308 834 336 lux
849 317 913 337 vera
928 309 958 337 θι.
980 322 992 335 ››

194 350 281 387 Igitur
296 351 450 380 secundum
463 360 509 380 eos
524 354 604 381 Pater
618 356 659 381 est
675 353 720 381 lux
732 352 814 388 falsa;
831 353 882 382 sed
896 353 968 382 absit
985 363 992 383 :

193 399 220 423 et
233 395 270 424 ita
284 396 394 432 quando
409 405 506 426 verum
523 399 613 426 Deum
633 397 699 426 dicit
714 399 836 433 Patrem,
852 398 924 427 falsis
942 399 994 428 diis

194 440 338 476 gentilium
353 442 499 478 opponitur
521 451 528 470 :
543 443 616 471 sicut
635 447 663 471 et
680 443 743 477 hoc,
761 454 774 468 α
791 443 916 472 Gloriam
933 452 994 481 quae

193 493 208 512 a
223 485 282 513 solo
295 488 356 514 Deo
376 491 418 515 est
439 495 495 515 non
510 487 643 523 quaeritis.
669 499 682 512 ι»
696 489 764 516 Haec
779 489 852 516 enim
867 488 897 517 in
911 496 993 517 sensu

194 530 386 559 haereticorum
411 531 576 568 intelligere,
599 540 698 569 nempe
717 533 803 569 quod,
827 541 890 561 cum
919 535 995 562 Deus

192 575 267 603 solus
283 575 372 604 dictus
390 576 427 604 sit
440 578 532 611 Pater,
546 577 662 606 minimc
676 579 751 607 Deus
766 578 800 606 sit
815 578 909 613 Filius,
926 578 994 608 illud

194 620 309 649 omnino
327 620 408 650 fuerit
421 621 582 650 absurdum.

192 669 235 699 τὸν
252 670 389 711 Πατέρα,
409 671 473 712 πρὸς
502 671 562 707 τοὺς
585 673 689 713 ψευδεῖς
711 673 784 707 θεοὺς
806 673 872 713 παρ’
898 673 1018 710 Ἕλλησι

198 725 212 743 (ι
226 715 284 751 Τὴν
300 715 377 750 δόξαν
402 717 451 753 τὴν
469 718 540 758 παρὰ
567 721 612 747 τοῦ
631 718 709 757 μόνου
733 720 804 749 Θεοῦ
825 720 854 748 οὗ
871 721 985 755 ζητεῖτε.
1003 730 1018 748 ι)

1048 267 1139 308 ὥσπερ
1153 268 1230 302 αὐτὸς
1250 264 1325 301 οὗτος
1343 269 1357 297 6
1379 268 1569 307 εὐαγγελιστὴς
1589 269 1650 310 περὶ
1674 272 1725 300 τοῦ
1751 269 1848 310 Κυρίου

1049 313 1074 342 ἐν
1088 314 1121 352 τῇ
1136 314 1264 354 καθολικῇ
1275 314 1354 342 αὐτοῦ
1369 312 1519 353 Ἐπιστολῇ
1534 325 1615 353 φησιν
1625 337 1634 351 ,
1646 314 1688 344 ὅτι
1712 325 1727 343 (ι
1743 314 1847 351 Ἰησοῦς

1048 357 1177 397 Χριστὸς,
1195 353 1269 392 οῖτός
1290 359 1362 388 ἐστιν
1387 358 1508 394 ἀληθινὸς
1526 358 1611 397 Θεὸς,
1631 359 1679 389 καὶ
1704 359 1763 395 ζωὴ
1788 358 1850 388 αἰώ-

1047 413 1108 435 νιος.
1127 416 1139 429 »
1158 404 1192 433 Εἰ
1208 403 1235 432 δὲ
1262 403 1413 432 ἐνίστανται
1440 404 1463 432 οἱ
1485 403 1630 443 αἱρετικοὶ,
1656 405 1748 444 ψευδῆ
1776 398 1845 434 εἶναι

1047 447 1116 477 Θεὸν
1130 447 1174 478 τὸν
1188 448 1252 478 Υἱὸν
1263 472 1272 487 ,
1288 447 1380 484 ἐπειδὴ
1395 449 1409 478 6
1424 447 1519 488 Πατὴρ
1535 448 1639 490 εἴρηται
1655 449 1739 488 μόνος
1757 450 1849 486 ἀληθι-

1047 493 1089 526 νὸς
1102 493 1170 528 Θεὸς
1182 517 1189 530 ,
1201 493 1406 532 μανθανέτωσαν
1418 517 1427 533 ,
1444 493 1484 523 ὅτι
1498 493 1560 534 περὶ
1584 497 1629 524 τοῦ
1656 495 1725 525 Υἲοῧ
1742 506 1823 534 φησιν
1837 495 1851 523 6

1049 538 1127 571 αὐτὸς
1148 538 1337 578 εὖαγγελιστὴς
1358 538 1451 577 οὕτως,
1466 537 1506 567 ὅτι
1524 549 1538 568 ‹(
1548 534 1602 569 ’Ἦν
1618 539 1647 569 τὸ
1663 541 1720 580 φῶς
1736 539 1768 569 τὸ
1784 540 1848 576 ἄλη-

1049 582 1128 612 θινόν.
1142 597 1154 609 κ
1170 582 1236 623 Ἄρα
1255 585 1316 623 γοῦν
1331 583 1392 613 κατ’
1414 583 1509 616 αὐτοὺς
1532 585 1546 613 6
1562 583 1658 624 Πατὴρ
1672 584 1774 625 ψευδές
1794 585 1848 614 ἐστι

1047 629 1110 668 φῶς·
1121 627 1178 657 ἀλλ’
1191 628 1280 667 ἄπαγε
1291 627 1298 657 Ι
1311 627 1401 658 Ὥστε
1417 628 1462 658 καὶ
1478 628 1542 658 ὅταν
1558 628 1681 666 ἀληθινὸν
1693 629 1768 659 Θεὸν
1785 628 1847 668 λέγῃ

1048 675 1139 703 τοῦτον
1167 673 1388 703 ἀντιδιαστέλλων
1417 673 1497 713 λέγει·
1526 673 1617 714 ὥσπερ
1650 669 1697 704 οὖν
1729 674 1778 704 καὶ
1803 675 1846 711 τὸ,

1044 718 1092 752 Ὡς
1105 718 1156 758 γὰρ
1178 720 1202 748 οἱ
1225 719 1352 760 αἱρετικοὶ
1377 720 1463 749 νοοῦσι
1477 719 1587 757 λοιπὸν,
1612 719 1669 750 ἐπεὶ
1685 719 1768 759 μόνος
1782 719 1849 753 Θεὸς

193 760 207 789 6
219 760 328 801 Πατὴρ,
343 763 357 790 6
368 762 430 795 Υἱὸς
447 762 473 791 δὲ
491 762 550 792 οὐδὲ
563 761 630 797 δ’λως
643 763 700 792 ἐστὶ
710 763 786 800 Θεὸς,
802 763 882 798 ὄντως
894 764 994 800 ἀνόητα
1011 766 1095 794 ταῦτα
1110 765 1188 804 (37).

228 815 319 843 Vens.
343 817 400 843 4~6.
426 827 438 840 α

192 866 262 895 opus
284 861 474 888 consummavi
488 861 563 898 quod
586 861 684 890 dedisti
706 861 775 890 mihi
796 867 827 890 ut
849 862 990 891 facerem:

191 909 218 932 et
242 912 316 934 nunc
339 905 458 942 glorifica
473 914 528 941 me,
544 907 636 941 Pater,
655 907 728 943 apud
742 908 921 944 temetipsum
936 909 993 945 glo-

190 947 231 977 ria
248 957 332 985 quam
354 949 439 979 habui
454 952 615 988 priusquam
629 951 672 980 hic
687 952 808 980 mundus
823 957 895 981 esset
918 953 991 990 apud

191 997 227 1022 te.
251 993 422 1023 Manifeslavi
441 1003 542 1024 nomen
568 1001 650 1024 tuum
665 996 834 1025 hominibus.
866 1009 878 1022 η
908 997 989 1026 Disce

192 1037 245 1066 hoc
263 1038 323 1067 loco
342 1040 481 1076 quomodo
495 1040 628 1077 gloriﬁcet
650 1042 732 1070 Pater
757 1042 868 1077 Filium,
896 1041 990 1079 utique

190 1082 258 1112 sicut
274 1087 302 1112 et
316 1084 400 1113 Filius
413 1085 524 1114 Patrem
541 1094 548 1113 :
567 1097 579 1110 α
595 1087 654 1122 Ego
670 1090 707 1120 te,
724 1086 825 1122 inquit,
840 1086 990 1123 gloriﬁcavi

190 1135 271 1164 super
282 1132 392 1157 terram.
412 1141 424 1155 ιι
439 1130 540 1159 Merito
552 1130 666 1164 addidit,
681 1143 694 1156 ιι
709 1138 791 1167 super
799 1135 911 1160 terram.
927 1143 940 1156 ιι
958 1133 990 1160 ln

189 1173 264 1201 caelis
285 1173 359 1202 enim
375 1174 541 1211 gloriﬁcatus
560 1180 629 1210 erat,
657 1180 686 1203 et
707 1176 742 1204 ab
761 1176 864 1212 angelis
889 1175 990 1205 adora-

191 1217 285 1253 batur;
300 1222 374 1247 terra
386 1223 478 1248 autem
494 1219 639 1256 ignorabat
662 1227 735 1248 eum.
762 1221 847 1257 Igitur
862 1221 925 1258 quia
944 1221 990 1249 Fi~

189 1262 242 1291 lius
255 1263 429 1292 annuntiavit
448 1272 511 1292 eum
524 1265 663 1298 omnibus,
679 1264 742 1294 ideo
755 1264 824 1293 dicit
837 1275 844 1293 :
861 1277 873 1290 ι
899 1265 990 1294 Glori-

189 1307 265 1337 ﬂcavi
280 1312 307 1337 te
325 1317 408 1346 super
426 1313 528 1338 terram
551 1321 564 1335 ι
581 1317 701 1342 omnem,
718 1310 815 1339 notitia
839 1310 890 1339 Dei
903 1310 989 1340 disse-

189 1353 303 1389 minata,
322 1359 349 1383 et
370 1354 490 1391 perfecto
514 1363 597 1391 opere
623 1366 636 1381 «
662 1355 736 1392 quod
756 1355 855 1384 dedisti
877 1356 955 1384 mihi.
975 1368 988 1381 ιο

188 1398 250 1428 Hoc
269 1399 346 1428 enim
367 1408 438 1436 opus
453 1404 494 1428 est
509 1400 703 1429 incarnationis
718 1400 872 1437 Unigeniti,
891 1401 991 1429 sancti-

189 1442 269 1472 ﬁcare
292 1448 420 1473 naturam
438 1449 574 1479 nostram,
595 1448 623 1473 et
653 1448 827 1481 prosternere
852 1450 989 1474 rectorem

468 817 523 853 Ego
547 820 574 845 te
598 817 746 853 gloriﬁcavi
768 826 850 854 super
874 822 987 852 terram,
1007 813 1030 844 Β

1086 824 1098 837 ι
1115 809 1186 848 Ἐγώ
1202 820 1232 839 σε
1250 808 1360 843 ἐδόξασα
1376 809 1422 839 ἐπὶ
1436 811 1482 846 τῆς
1496 810 1555 849 γῆς·
1569 809 1599 839 τὸ
1614 809 1691 850 ἔργον
1703 809 1846 840 ἐτελείωσα

1046 854 1060 885 ὃ
1075 854 1190 888 δέδωκάς
1214 866 1259 893 μοι
1276 854 1319 884 ἵνα
1339 854 1455 890 ποιήσω.
1483 854 1538 885 Καὶ
1553 857 1598 885 νῦν
1615 855 1729 890 δόξασόν
1746 867 1781 894 με
1799 855 1844 891 σὺ,

1047 900 1156 941 Πάτερ,
1172 899 1245 941 τταρὰ
1262 901 1365 940 σεαυτῷ
1377 902 1409 939 τῇ
1433 899 1493 940 δόξῃ
1505 922 1512 933 ,
1558 895 1648 940 εἶχον,
1664 900 1720 940 πρὸ
1739 903 1787 930 τοῦ
1803 900 1845 930 τὸν

1045 945 1144 984 κόσμον
1171 940 1256 982 εἶναι,
1275 944 1347 985 παρὰ
1363 945 1416 976 σοί.
1442 945 1619 986 Ἐφανέρωσά
1643 957 1691 975 σου
1711 945 1743 975 τὸ
1763 945 1844 984 ὄνομα

1044 995 1096 1024 τοῖς
1112 990 1266 1031 ἀνθρώποις.
1286 1003 1298 1016 υ
1324 990 1450 1020 Μάνθανε
1474 992 1612 1028 ἐντεῦθεν,
1628 991 1685 1024 πῶς
1713 990 1818 1024 δοξάζει
1832 991 1845 1018 6

1047 1035 1142 1076 Πατὴρ
1164 1035 1209 1064 τὸν
1224 1034 1296 1066 Υἱόν·
1319 1034 1425 1069 πάντως
1440 1035 1502 1075 γὰρ,
1520 1035 1617 1072 οὕτως,
1637 1038 1674 1069 ὡς
1690 1036 1737 1065 καὶ
1756 1037 1771 1064 6
1784 1035 1844 1069 Υἱὸς

1043 1081 1087 1111 τὸν
1102 1079 1222 1121 Πατέρα.
1239 1095 1251 1107 «ι
1262 1079 1336 1120 Ἐγώ
1349 1092 1391 1119 σε,
1407 1081 1502 1121 φησὶν,
1515 1080 1626 1115 ἐδόξασα
1643 1081 1687 1111 ἐπὶ
1702 1082 1752 1117 τῆς
1761 1082 1818 1121 γῆς.
1833 1093 1844 1106 ι

1045 1125 1162 1159 Εἰκότως
1184 1125 1333 1165 προσέθηκε
1347 1126 1397 1167 τὸλ
1412 1139 1424 1152 σι
1443 1125 1507 1156 Ἐπὶ
1524 1128 1570 1162 τῆς
1585 1128 1642 1165 γῆς.
1660 1139 1672 1152 υ
1689 1125 1741 1156 Ἰἰν
1764 1126 1841 1167 οὖρα-

1043 1176 1096 1206 νοῖς
1111 1170 1162 1211 γὰρ
1178 1170 1364 1209 δεδοξασμένος
1387 1166 1436 1208 ἧν,
1461 1171 1512 1200 ὑπὸ
1531 1172 1582 1200 τῶν
1606 1170 1730 1211 ἀγγέλων
1757 1181 1843 1211 προσ-

1044 1215 1210 1254 κυνούμενος·
1226 1217 1241 1251 ἡ
1257 1215 1283 1244 δὲ
1299 1217 1333 1255 γῆ
1355 1215 1444 1255 ἠγνόει
1468 1216 1555 1245 αὐτόν.
1583 1215 1662 1246 Ἐπεὶ
1683 1210 1732 1245 οὖν
1748 1217 1763 1245 6
1782 1215 1840 1249 Υἱὸς

1045 1260 1122 1290 αὐτὸν
1140 1260 1278 1300 ἀνήγγειλε
1294 1264 1393 1298 πᾶσιν,
1411 1272 1426 1289 α
1443 1260 1575 1295 Ἐδόξασοί
1599 1272 1648 1299 σε,
1665 1261 1759 1301 φησὶν,
1771 1260 1838 1289 ἐπὶ»

1043 1306 1132 1342 πάσης
1143 1319 1154 1332 α
1165 1307 1211 1341 τῆς
1224 1307 1282 1345 γῆς,
1294 1319 1306 1332 υ
1319 1305 1478 1346 θεογνωσίαν
1490 1306 1709 1346 ἐγκατασπείρας
1721 1329 1728 1344 ,
1743 1305 1787 1336 καὶ
1803 1315 1841 1334 τε·

1044 1350 1156 1384 λειώσας
1180 1364 1192 1378 «ι
1212 1351 1242 1381 τὸ
1258 1350 1351 1390 ἔργον,
1367 1350 1381 1380 ὃ
1395 1351 1510 1385 δέδωκάς
1530 1363 1588 1390 μοι,
1604 1365 1617 1378 ν
1634 1352 1727 1382 Τοῦτο
1742 1350 1794 1391 γὰρ
1812 1349 1840 1378 τὸ

1043 1395 1117 1436 ἔργον
1139 1398 1186 1433 τῆς
1209 1398 1254 1425 τοῦ
1282 1396 1446 1435 Μονογενοῢς
1472 1395 1650 1436 σαρκώσεως,
1675 1396 1709 1426 τὸ
1733 1395 1840 1436 ἁγιάσαι

1041 1440 1089 1477 τὴν
1107 1441 1183 1481 φύσιν
1199 1441 1294 1479 ἡμῶν,
1317 1439 1363 1470 καὶ
1380 1440 1423 1470 τὸν
1438 1441 1499 1482 πρὶν
1520 1441 1725 1479 θεοποιούμενον
1743 1451 1840 1479 κοσμο-

188 1489 293 1523 mundi,
308 1489 355 1525 qui
365 1497 395 1517 se
410 1489 484 1525 prius
500 1491 590 1518 Deum
603 1488 732 1525 faciebat,
747 1494 775 1518 et
788 1490 906 1518 inserere
920 1498 983 1519 crea

1044 1485 1157 1526 κράτορα
1172 1482 1419 1533 καταᾷαλεῖνκκόιὶ
1441 1486 1603 1533 θεογνωσίαν
1624 1485 1839 1533 ἐμφυτεβσαι-τῇ

188 1536 259 1561 turae
275 1534 359 1569 728
372 1533 503 1562 notitiam
514 1534 574 1562 Dei.
590 1533 738 1571 Quomodo
752 1539 846 1563 autem
860 1543 989 1564 consum-

188 1577 272 1606 mavit
307 1578 371 1613 hoc,
404 1586 470 1607 cum
502 1579 627 1608 nondum
657 1580 806 1617 inceperit?
844 1580 926 1617 Quod
954 1581 989 1610 ad

187 1630 233 1652 me
258 1622 368 1658 attinet,
405 1623 505 1660 inquit,
538 1625 740 1654 consummavi.
769 1625 817 1654 Vel
857 1626 920 1662 quia
951 1625 988 1655 fe-

186 1667 224 1695 cit
246 1668 321 1704 quod
346 1668 502 1698 maximum
529 1670 669 1705 omnium,
701 1675 728 1699 et
754 1670 874 1699 radicem
899 1671 987 1700 bono-

187 1719 250 1741 rum
277 1713 403 1742 omnium
437 1714 516 1743 nobis
547 1715 707 1750 substravit,
743 1715 869 1744 daemone
906 1716 987 1751 victo,

187 1762 216 1786 et
247 1766 276 1787 se
303 1758 410 1795 objecto
435 1759 618 1789 voracissima:
642 1760 738 1790 bestia:
780 1761 879 1789 morti!
914 1761 988 1790 radi-

186 1810 246 1831 cem
278 1803 349 1832 hanc
377 1805 532 1833 necessario
561 1806 678 1834 secuturi
711 1810 789 1834 erant
823 1810 851 1834 et
881 1805 987 1834 fructus

187 1847 287 1877 divina:
299 1849 421 1885 notitiae,-
437 1854 551 1887 propter
565 1850 616 1879 hoc
626 1850 708 1885 dixit,
723 1862 736 1875 α
752 1850 859 1880 Perfeci
873 1859 953 1888 opus.
971 1863 983 1876 ιι

186 1894 337 1928 Seminavi,
363 1894 461 1931 inquit,
480 1895 603 1924 radicem
618 1896 747 1932 plantavi,
772 1896 877 1925 fructus
891 1901 986 1925 autem

184 1944 339 1975 sequentur.
363 1949 378 1967 α
393 1940 523 1969 Gloriﬂca
544 1941 626 1977 igitur
638 1949 695 1976 me,
710 1942 800 1976 Pater,
821 1946 849 1969 et
862 1945 892 1969 tu
913 1940 987 1978 apud

185 1984 302 2021 teipsum
331 1985 419 2021 gloria
438 1993 520 2022 quam
534 1986 669 2014 habebam
687 1986 760 2022 apud
783 1990 810 2014 te
829 1986 986 2022 priusquam

184 2029 303 2058 mundus
323 2028 498 2058 subsisteret.'
519 2042 531 2054 υ
569 2031 698 2058 Nondum
722 2035 815 2058 autem
837 2031 986 2067 gloriﬁcata

185 2078 244 2102 erat
257 2074 347 2102 carnis
360 2078 470 2109 natura,
493 2082 581 2111 neque
597 2074 854 2111 incorruptibilitate
875 2074 987 2104 frueba-

184 2122 239 2153 tur,
258 2126 349 2155 nequc
368 2119 474 2155 regium
497 2119 628 2148 thronum
651 2124 791 2156 acceperat
814 2129 820 2147 ι
844 2124 986 2157 propterea

184 2163 260 2197 dicit,
278 2172 291 2189 ι(
306 2163 434 2192 Gloriiica
448 2171 494 2192 me
520 2174 527 2192 :
545 2175 558 2188 ιι
574 2164 627 2192 hoc
660 2169 712 2199 est,
727 2164 878 2193 humanam
898 2173 987 2194 meam

184 2212 323 2244 naturam,
347 2216 409 2245 qum
427 2209 541 2238 nuncin
562 2209 725 2247 ignominia,
741 2216 858 2247 quisque
878 2211 985 2239 cruciﬁ-

184 2254 284 2290 genda,
303 2258 331 2282 et
355 2254 477 2283 subvehe
492 2262 553 2283 eam
566 2255 596 2283 in
616 2255 731 2292 gloriam
750 2263 834 2291 quam
848 2255 986 2284 habebam

1042 1531 1137 1561 κτίσει.
1152 1532 1216 1564 Πῶς
1234 1530 1261 1560 δὲ
1283 1530 1434 1560 ἐτελείωσεν
1455 1531 1535 1569 αὐτὸ,
1558 1531 1643 1562 καίτοι
1668 1532 1741 1571 μηδὲ
1758 1529 1839 1572 ἀρξά-

1043 1586 1136 1615 μενος;
1153 1574 1256 1614 εὈσον,
1273 1575 1359 1616 φησὶ,
1373 1576 1403 1606 τὸ
1418 1576 1455 1610 εἰς
1475 1576 1521 1616 ἐμὲ
1537 1573 1617 1613 ἧκον,
1632 1576 1787 1606 ἐτελείωσα.
1803 1573 1839 1605 Ἢ

1042 1621 1087 1651 καὶ
1109 1620 1201 1657 ἐπειδὴ
1222 1621 1252 1651 τὸ
1268 1623 1357 1660 μεῖζον
1370 1621 1477 1651 πάντων
1492 1621 1617 1658 ἐποίησε,
1634 1620 1681 1651 καὶ
1696 1621 1748 1659 τὴν
1769 1620 1838 1662 ῥίζαν

1041 1668 1092 1696 τῶν
1109 1667 1213 1705 ἀγαθῶν
1237 1669 1303 1705 ἡμῖν
1326 1666 1491 1696 κατεϐάλετο
1502 1689 1510 1704 ,
1531 1667 1576 1696 τὸν
1592 1666 1721 1696 διάϐολον
1739 1677 1837 1702 νενικη-

1041 1710 1106 1748 κὼς,
1132 1711 1178 1741 καὶ
1205 1710 1295 1742 ἑαυτὸν
1326 1713 1364 1752 τῷ
1389 1712 1529 1752 παμφάγῳ
1557 1711 1640 1752 θηρίῳ
1666 1713 1706 1752 τῷ
1733 1711 1838 1751 θανάτῳ

1040 1756 1198 1798 ἐπιῤῥίψας,
1267 1756 1294 1786 δὲ
1317 1756 1375 1797 ῥίζῃ
1402 1756 1489 1796 ταύτῃ
1513 1756 1624 1794 ἔμελλον
1648 1755 1837 1792 ἀκολουθήσειν

1040 1800 1067 1836 ἐξ
1083 1801 1199 1842 ἀνάγκης
1225 1801 1269 1831 καὶ
1292 1803 1316 1832 οῖ
1331 1803 1378 1838 τῆς
1394 1801 1552 1842 θεογνωσίας
1567 1802 1675 1841 καρποί·
1691 1801 1738 1832 διὰ
1763 1799 1838 1831 τοῦτό

1041 1858 1120 1886 φησιν
1132 1869 1140 1884 ,
1155 1847 1195 1876 ὅτι
1209 1861 1221 1873 αι
1237 1846 1399 1877 Ἐτελείωσα
1415 1847 1444 1877 τὸ
1460 1847 1546 1886 ἔργον.
1564 1861 1577 1873 ν
1595 1845 1747 1887 Ἔσπειρα,
1762 1845 1836 1888 φησὶ,

1041 1885 1114 1932 ῥίζαν
1138 1891 1278 1933 ἐφύτευσα·
1302 1893 1325 1921 οἱ
1349 1891 1446 1932 καρποὶ
1470 1885 1592 1933 ἕψονται.
1624 1902 1638 1920 (ι
1660 1885 1784 1933 Δόξασον
1795 1885 1836 1920 οὖν

1042 1949 1075 1976 με
1089 1937 1135 1972 καὶ
1151 1937 1199 1976 σὺ,
1216 1936 1320 1977 Πάτερ,
1344 1937 1417 1976 παρὰ
1444 1932 1548 1977 σεαυτῷ
1564 1939 1596 1977 τῇ
1621 1936 1700 1976 δόξῃ,
1766 1932 1834 1976 εἶχον

1040 1981 1114 2022 παρὰ
1128 1981 1169 2012 σοὶ
1185 1981 1245 2022 πρὶν
1269 1981 1287 2017 ἢ
1311 1983 1325 2010 6
1346 1981 1444 2019 κόσμος
1468 1981 1592 2018 συσταίη.
1620 1992 1635 2010 ι)
1656 1981 1746 2012 Οὔπω
1761 1980 1835 2011 δεδό-

1041 2026 1120 2061 ξαστο
1135 2028 1182 2063 τῆς
1204 2026 1301 2067 σαρκὸς
1315 2028 1332 2062 ἡ
1355 2025 1444 2066 φύσις,
1463 2025 1522 2056 οὔτε
1546 2026 1695 2067 ἀφθαρσίας
1719 2024 1836 2057 ἀπολαύ-

1041 2082 1124 2108 σασα,
1142 2068 1201 2101 οὔτε
1226 2074 1272 2100 τοῦ
1301 2070 1390 2111 θρόνου
1412 2071 1598 2107 κοινωνήσασα
1622 2075 1668 2102 τοῦ
1685 2072 1834 2112 βασιλικοῦ·

1043 2116 1088 2146 καὶ
1104 2116 1147 2146 διὰ
1168 2118 1246 2146 τοῦτο
1261 2111 1305 2145 οὖν
1329 2127 1403 2156 φησιι
1430 2127 1445 2145 (ι
1460 2115 1577 2150 Αόξασόν
1596 2128 1638 2156 με·
1663 2130 1676 2144 »ι
1700 2115 1836 2151 τουτέστι,

1043 2161 1101 2198 Τὴν
1116 2161 1281 2202 ἀνθρωπίνην
1298 2172 1348 2200 μου
1368 2160 1459 2202 φύσιν,
1482 2161 1580 2198 ταύτην
1594 2161 1642 2198 τὴν
1663 2163 1707 2192 νῦν
1738 2163 1834 2200 ἀτιμαέ

1041 2206 1152 2246 ζομένην
1162 2228 1170 2243 ,
1187 2207 1236 2243 τὴν
1252 2207 1523 2248 σταυρωθησομένην,
1539 2206 1585 2236 καὶ
1601 2206 1716 2247 ἀνάγαγε
1735 2205 1834 2240 ταύτην

1042 2254 1078 2286 εἰς
1098 2251 1146 2288 τὴν
1160 2252 1254 2289 δόξαν,
1274 2262 1288 2281 (ι
1308 2252 1341 2288 ἣν
1359 2247 1430 2292 εἶχον
1445 2251 1519 2293 παρὰ
1543 2251 1630 2293 col,»
1650 2252 1704 2292 ἐγὼ
1725 2254 1739 2282 6
1754 2250 1835 2289 Λόγος

183 2299 258 2334 apud
280 2303 307 2327 te
328 2307 379 2335 ego
398 2299 521 2328 Verbum
541 2304 569 2328 et
590 2300 677 2329 Filius
695 2304 771 2335 tuus,
787 2312 800 2325 «ι
826 2301 983 2337 priusquam

1044 2298 1086 2327 καὶ
1101 2296 1164 2331 Υἱός
1179 2309 1241 2335 σου,
1256 2311 1269 2324 «ι
1283 2297 1334 2337 πρὸ
1356 2299 1403 2327 τοῦ
1415 2297 1459 2326 τὸν
1473 2297 1572 2337 κόσμον
1587 2292 1664 2329 εἶναι,
1686 2310 1698 2324 ι
1715 2294 1833 2328 Συνεκά-

182 2343 303 2372 mundus
311 2348 392 2373 esset.
402 2355 414 2369 ιι
425 2345 658 2374 Collocavitenim
667 2345 819 2374 humanam
826 2346 983 2375 naturamin

1044 2345 1098 2373 θισε
1113 2342 1164 2383 γὰρ
1178 2342 1226 2379 τὴν
1242 2342 1407 2384 ἀνθρωπίνην
1425 2342 1502 2383 φύσιν
1524 2343 1550 2372 ἐν
1570 2343 1607 2382 τῷ
1629 2343 1713 2384 θρόνῳ
1729 2343 1767 2383 τῷ
1784 2342 1833 2380 βασ

180 2388 281 2417 throno
303 2389 390 2426 regio,
416 2394 444 2418 et
463 2390 596 2419 adoratur
616 2399 690 2420 nunc
710 2391 746 2420 ab
766 2391 841 2420 omni
854 2396 983 2425 creatura.

1044 2389 1156 2429 σιλικῷ,
1184 2387 1230 2417 καὶ
1255 2388 1441 2428 προσκυνεῖται
1466 2389 1511 2417 ν’ῧν
1527 2387 1578 2417 ὕπὸ
1597 2387 1688 2424 πάσης
1701 2389 1749 2424 τῆς
1772 2384 1834 2416 κτί-

182 2440 195 2458 α
212 2433 384 2463 Manifestavi
399 2443 503 2464 nomen
513 2439 594 2465 tuum
607 2436 776 2465 hominibusi
810 2448 822 2461 ιι
845 2437 928 2465 Nunc
946 2437 983 2465 in-

1045 2445 1117 2466 σεως.
1139 2432 1341 2474 «Ἐφανέρωσά
1356 2444 1402 2463 σου
1418 2432 1448 2462 τὸ
1470 2431 1553 2471 ὄνομα
1567 2434 1621 2466 τοῖς
1641 2432 1828 2482 ἀνθρώποις.)

180 2480 346 2515 terpretatur
360 2480 424 2516 quid
440 2480 485 2515 sit,
504 2492 516 2506 α
533 2482 590 2518 Ego
608 2481 758 2518 gloriﬁcavl
784 2489 886 2510 nomen
905 2486 983 2510 tuum

1044 2481 1094 2510 Νῦν
1107 2478 1247 2518 ἑρμηνεύει
1262 2479 1289 2508 τί
1300 2480 1355 2508 ἐστι
1370 2479 1414 2514 τὸ,
1435 2488 1449 2507 ιι
1462 2477 1534 2517 Ἐγώ
1552 2488 1582 2508 σε
1598 2477 1710 2512 ἐδόξασα
1726 2478 1769 2507 ἐπὶ
1784 2477 1829 2518 τῆς

180 2526 262 2561 super
276 2529 387 2561 terram,
406 2536 419 2551 ν
447 2525 500 2554 hoc
515 2517 568 2561 est,
589 2526 759 2555 Manifestavi
778 2532 879 2555 nomen
893 2531 982 2556 tuum.

1044 2525 1093 2564 γῆς·
1105 2534 1119 2552 ι)
1139 2517 1169 2554 τὸ
1187 2522 1337 2564 φανερῶσαί
1355 2534 1401 2553 σου
1416 2522 1446 2552 τὸ
1469 2522 1565 2561 ὄνομα.
1596 2518 1656 2556 Πῶς
1677 2518 1722 2552 οὖν
1737 2517 1827 2562 ἐφανέ-

179 2569 324 2605 Quomodo
339 2570 420 2607 igitur
435 2567 621 2601 Manifestavit
642 2571 725 2601 Filius
745 2573 757 2600 Ρ
775 2566 885 2601 Etenim
900 2570 983 2601 Isaias

1044 2580 1120 2599 )mctv
1136 2570 1150 2598 6
1165 2568 1243 2605 Υἱόςς
1257 2567 1303 2598 καὶ
1321 2567 1373 2608 γὰρ
1386 2567 1432 2598 καὶ
1446 2569 1461 2597 6
1475 2566 1591 2602 Ἡσαΐας
1610 2567 1685 2609 φησί·
1701 2578 1716 2597 ι)
1734 2565 1828 2604 Ὀμεῖ-

179 2623 288 2652 quoque
306 2615 374 2645 dicit
394 2625 401 2645 :
418 2628 432 2642 «ι
447 2617 602 2646 Jurandum
628 2625 676 2654 per
689 2619 780 2646 Deum
802 2625 899 2646 verum
919 2617 952 2646 ⁸⁸.
969 2630 981 2644 η

1044 2616 1079 2644 ῖθε
1093 2613 1162 2645 Θεὸν
1177 2614 1221 2644 τὸν
1240 2613 1382 2662 ἀληθινόν..
1404 2624 1419 2643 α
1433 2612 1503 2662 Ἀλλί
1517 2612 1535 2662 ὃ.
1552 2613 1682 2662 πολλάκις
1702 2612 1827 2662 εἴπομεγέ

179 2660 242 2698 Sed,
258 2661 334 2699 quod
348 2669 421 2699 saepe
435 2661 565 2698 diximus,
584 2653 710 2700 quamvis
730 2662 910 2692 manifestum
924 2662 983 2692 fue-

1044 2659 1079 2690 ῗτι
1094 2660 1116 2689 εἰ
1129 2658 1176 2689 καὶ
1195 2658 1274 2696 δῆλον
1287 2653 1319 2695 ἦν
1331 2681 1341 2699 ,
1357 2658 1416 2688 ἀλλ’
1434 2657 1573 2692 Ἰουδαίοις
1589 2657 1678 2698 μόνοις
1689 2679 1699 2698 ,
1715 2656 1760 2688 καὶ
1774 2653 1829 2685 οὐδὲ

215 2719 326 2751 “Joan.
339 2723 404 2757 1,9.
435 2720 664 2758 "Isa.x1x,18.

689 2783 732 2813 Ex
756 2783 913 2815 collatione
923 2782 1148 2826 _codd.JVenet.
1167 2782 1198 2815 S.
1215 2782 1317 2815 Marci.

215 2833 268 2865 (37)
283 2831 351 2861 Cod.
368 2835 413 2868 32,
429 2831 525 2865 Ὄντως
538 2831 634 2868 ἀνόητα
649 2835 727 2861 ταῦτα
743 2835 908 2863 παντάπασιν.
