1922 3077
69 136 125 162 229

453 135 651 164 ENARRATIO
671 135 704 163 ΙΝ
724 134 941 164 EVANGELIUM
959 134 1108 163 JOANNIS.
1125 149 1159 154 —
1179 134 1254 162 CAP.
1276 135 1352 162 XVII.

1673 135 1725 164 230

70 198 174 231 τούτοις
189 203 268 228 πᾶσι·
290 202 335 229 νῦν
351 198 378 228 δὲ
400 199 526 239 περὶτῶν
547 200 626 229 ἐθνῶν
648 211 744 240 φησιν,
760 198 801 228 ὃτι
822 210 872 239 φα-

931 198 975 233 rit,
1001 202 1095 226 tamen
1120 197 1223 226 Judzeis
1245 197 1311 225 solis
1333 201 1362 225 et
1384 205 1475 234 neque
1498 197 1548 226 illis
1570 197 1724 226 omnibus:

69 243 146 283 νερὸν
161 244 250 277 αὐτοῖς
264 243 405 283 γενήσεται
419 244 449 274 τὸ
468 243 551 283 ὄνομα
571 246 616 274 τοῦ
637 245 727 282 Θεοῦ,
744 246 788 274 τοῦ
804 245 874 284 Χρι-

71 292 136 318 στοῦ
158 288 247 322 δόντος
261 288 313 325 ἤδη
335 288 479 328 σπέρματα
503 291 550 325 τῆς
567 289 742 327 θεογνωσίας,
765 289 808 318 διὰ
830 291 875 319 τοῦ

70 335 226 363 καταλῦσαι
241 334 286 363 τὸν
301 336 348 370 τῆς
361 334 566 374 εἰδωλολατρίας
582 333 720 374 ὓφηγητὴν
734 333 871 365 διάϐολον.

69 378 177 412 Ἄλλως
210 390 247 409 τε·
272 380 306 409 Εἰ
323 378 370 408 καὶ
392 379 535 419 ἐγίνωσκον
563 379 607 409 τὸν
631 379 717 416 Θεὸν,
747 379 806 409 ἀλλ’
825 379 875 419 οὐχ

69 425 107 456 ὡς
125 424 239 464 Πατέρα
255 423 398 463 ἐγίνωσκον
410 448 417 460 ,
438 425 473 458 ὡς
489 424 515 454 δὲ
529 424 699 465 Δημιουργὸν
716 423 803 464 μόνον·
822 425 836 453 ὁ
847 424 875 454 δὲ

71 469 137 502 Υἱὸς
162 469 241 499 αὐτὸν
261 469 370 509 Πατέρα
391 469 540 510 ἐφανέρωσε
551 493 559 508 ,
575 469 621 500 καὶ
643 468 687 499 διὰ
703 470 789 508 λόγων
804 491 812 506 ,
830 468 875 499 καὶ

71 514 107 542 δι’
124 513 212 554 ἔργων
235 513 367 554 γνώριμον
380 513 474 544 ἐαυτὸν
488 514 672 551 καταστήσας.
690 514 725 545 Ὁ
739 514 791 555 γὰρ
809 514 874 545 Υἱὸν

71 558 169 588 ἑαυτὸν
184 559 323 594 ἀποδείξας
337 560 423 598 Θεοῦ,
434 559 557 600 εὔδηλον,
570 559 610 589 ὅτι
625 560 670 590 καὶ
684 559 794 600 Πατέρα
806 561 874 590 ἐκεῖ·

72 615 116 633 νον
135 604 370 635 συναπεδείκνυεν.

117 705 134 724 ιι
151 692 208 729 Οὓς
224 695 339 728 δέδωκάς
354 695 399 734 μὸι
417 695 447 724 ἐκ
465 697 511 725 τοῦ
534 693 654 734 κόσμου,
675 694 715 724 σοὶ
738 689 816 729 ἦσαν’
830 694 875 725 καὶ

73 739 136 778 ἐμοὶ
152 739 248 773 αὖτοὺς
263 739 396 777 δέδωκας,
411 740 457 770 καὶ
473 740 517 770 τὸν
540 739 618 780 λόγον
633 751 680 770 σου
696 739 874 780 τετηρήκασι.

75 786 133 815 Νῦν
151 785 271 824 ἔγνωκαν
282 808 290 821 ,
303 784 342 814 ὅτι
362 785 450 815 πάντα
461 785 512 816 ὅσα
528 784 644 819 δέδωκάς
657 796 718 824 μοι,
736 785 811 826 παρὰ
828 788 875 816 σοῦ

75 831 167 867 ἐστιν,
183 830 224 859 ὅτι
236 829 270 860 τὰ
288 830 396 870 ῥήματα
412 830 429 859 ἃ
447 829 560 863 δέδωκάς
580 841 641 869 μοι,
658 830 759 860 δέδωκα
775 832 873 867 αὐτοῖς,

75 875 122 904 καὶ
140 874 217 904 αὐτοὶ
228 875 322 905 ἔλαϐον
333 898 342 912 ,
356 876 401 905 καὶ
413 875 531 916 ἔγνωσαν
547 875 667 914 ἀληθῶς,
681 876 721 904 ὅτι
735 875 809 916 παρὰ
827 877 875 905 σοῦ

76 919 202 956 ἐξῆλθον,
216 920 262 949 καὶ
277 920 446 959 ἐπίστευσαν,
461 919 502 950 ὅτι
517 919 549 950 σύ
563 931 597 958 με
614 920 782 953 ἀπέστειλας.
798 933 810 946 ι
820 920 874 951 Δύο

75 967 163 995 ταῦτα
179 965 379 996 κατασκευάσαι
397 965 533 1005 βούλιταιυ
549 964 577 995 ἓν
597 964 664 1004 μὲν,
680 963 721 995 ὅτι
738 965 787 994 οὔκ
801 965 872 995 ἔστιν

76 1010 194 1045 ἐναντίος
208 1012 247 1051 τῷ
272 1010 370 1051 Πατρί·
395 1011 482 1050 ἕτερον
507 1010 553 1047 δὲ,
580 1009 621 1040 ὅτι
648 1010 771 1050 βούλημα
795 1012 874 1040 αὐτοῦ

76 1055 178 1085 ἔστιτὸ
194 1058 334 1085 πιστεῦσαι
357 1055 452 1090 αὐτοὺς
469 1057 507 1096 τῷ
523 1056 593 1096 Υῖῷ.
618 1055 670 1086 Διὰ
690 1055 768 1085 τοῦτό
786 1067 874 1096 φησιν’

80 1111 95 1130 s
117 1099 175 1135 Οὓς
197 1100 316 1134 δέδωκάς
343 1112 406 1140 μοι,
431 1100 472 1130 σοὶ
497 1096 577 1136 ἦσαν.
605 1112 620 1129 ιι
650 1100 802 1140 Ἀμφότερα
823 1101 875 1141 γὰρ

77 1148 164 1175 ταῦτα
179 1145 312 1176 δείκνυται
326 1145 370 1182 τὸ,
385 1157 399 1176 (ι
413 1145 538 1179 Δέδωκάς
551 1157 607 1184 μοι.
623 1160 634 1172 ι
647 1146 689 1176 Οὔ
699 1145 752 1185 γὰρ
764 1145 874 1186 ἤρποισα

77 1191 172 1225 αὐτοὺς
183 1213 191 1226 ,
208 1191 278 1221 ἀλλὰ
293 1190 325 1221 σὺ
343 1191 487 1228 εὐδόκησας
507 1190 601 1225 αὐτοὺς
611 1191 803 1231 προσγενέσθαι
819 1203 873 1230 μοι.

76 1234 165 1266 Ὥστε
189 1236 237 1266 οὐκ
261 1236 431 1274 ἐναντίωσιν,
457 1237 516 1266 ἀλλ’
544 1235 670 1275 ὁμόνοιαν
693 1237 740 1266 καὶ
764 1236 874 1275 ἀγάπην

77 1280 162 1321 ἔχεις,
182 1281 291 1322 Πάτερ,
309 1282 373 1322 πρός
388 1294 432 1321 με.
450 1295 462 1309 ι
477 1281 533 1312 Τὸν
553 1281 629 1321 λόγον
645 1281 674 1311 δέ
696 1293 744 1311 σου
757 1281 873 1322 τετηρή-

76 1337 139 1356 κασι
156 1340 170 1353 ι
182 1326 226 1356 διὰ
241 1329 288 1356 τοῦ
301 1329 443 1356 πιστεῦσαι
457 1327 535 1365 ἐμοὶ,
551 1326 597 1356 καὶ
617 1326 654 1365 μὴ
677 1330 806 1366 προσχεῖν
821 1330 874 1361 τοῖς

76 1371 228 1405 Ἰουδαίοις.
248 1370 283 1401 Ὁ
299 1370 351 1412 γὰρ
373 1373 412 1412 τῷ
431 1372 544 1412 Χριστῷ
559 1371 704 1408 πιστεύων,
724 1370 773 1401 τὸν
797 1370 874 1410 λόγον

77 1419 122 1446 τοῦ
137 1417 211 1447 Θεοῦ
226 1420 310 1457 τηρεῖ,
324 1417 455 1453 τουτέστι,
472 1416 520 1453 τὴν
535 1417 558 1446 Γ
561 1415 644 1456 ραφὴν
663 1416 709 1446 καὶ
727 1415 772 1446 τὸν
784 1416 873 1455 νόμον·

144 1461 224 1514 Ιγὰρι
242 1463 296 1514 τῇς
322 1463 430 1514 ΓραΞῆἱς
455 1461 687 1514 κα-ταγοέλλεται-
701 1461 715 1490 ὁ
746 1461 871 1514 ξριστόςῑ
893 1481 916 1514 C

76 1506 159 1536 Ἀλλὰ
181 1506 228 1536 καὶ
253 1506 348 1540 ἄλλως
371 1506 465 1537 Πάντα
480 1507 530 1536 ὅσα
549 1505 622 1545 ῖλεγε
646 1506 699 1540 τοῖς
714 1508 847 1545 μαθηταῖς
861 1508 875 1536 ὁ

78 1551 188 1591 Κύριος,
205 1553 251 1581 τοῦ
271 1551 377 1591 [ἰατρὸς
392 1547 472 1587 ἦσαν.
502 1562 522 1592 σγ
530 1550 603 1590 Ἐγὼ
622 1550 691 1592 γὰρ,
706 1550 786 1592 φησὶν
797 1574 805 1590 ,
821 1552 868 1581 ἀπ’

76 1597 192 1634 ἐμαυτοῦ
208 1597 238 1626 οὖ
257 1597 341 1628 λαλῶ.
356 1608 370 1624 ι
394 1591 479 1627 Εἶπεν
501 1591 544 1626 οὖν
569 1595 638 1635 μετὰ
652 1597 704 1625 τῶν
714 1591 807 1626 ἄλλων
822 1597 873 1626 αὖ·

75 1645 127 1675 τοῖς
149 1642 196 1671 καὶ
211 1644 306 1679 τοῦτο,
329 1641 370 1671 ὅτι
394 1655 406 1669 ι
426 1641 544 1672 Μείνατε
572 1641 599 1670 ἂν
615 1640 684 1680 ἆμοί·
706 1651 721 1670 n
750 1640 796 1670 καὶ
819 1640 875 1672 ἰδοὺ

75 1686 241 1727 τετηρήκασι
256 1687 328 1726 (38).
348 1700 360 1713 α
377 1688 433 1718 Νῦν
452 1686 571 1726 ἔγνωκαν
581 1708 589 1724 ,
602 1685 642 1716 ὅτι
657 1685 748 1716 πάντα
762 1686 813 1716 ὅσα
830 1685 874 1716 δέ-

77 1731 163 1765 δωκάς
189 1743 253 1770 μοι,
277 1731 352 1772 παρὰ
374 1734 422 1761 σοῦ
450 1732 518 1763 ἐστι.
535 1743 549 1761 n
579 1730 657 1765 Τινὲς
681 1730 764 1772 χωρὶς
781 1733 828 1761 τοῦ
850 1732 875 1763 Ν

77 1777 299 1816 ἀναγινώσκουσι·
313 1788 328 1805 υ
349 1777 406 1807 Νῦν
427 1777 528 1817 ιγνωκα
542 1787 556 1805 )›
577 1775 638 1815 ἐγώ.
664 1776 733 1806 Ἀλλ’
750 1776 798 1805 οὐκ
819 1775 875 1816 ἔχει

76 1824 153 1852 τοῦτο
170 1822 248 1861 λόγον
272 1823 342 1862 (39)·
361 1822 430 1860 μετὰ
444 1822 495 1863 γὰρ
510 1825 555 1852 τοῦ
574 1823 597 1852 Ν
614 1821 654 1851 δεῖ
674 1821 874 1861 ἀναγινώσκειν·

80 1878 94 1896 ιι
106 1869 165 1898 Νῦν
178 1867 298 1907 ἔγνωκαν
312 1880 324 1893 ι
339 1869 363 1897 οἱ
382 1867 502 1906 μαθηταί
524 1878 594 1906 μου,
617 1866 697 1907 φησὶν
709 1889 718 1905 ,
734 1865 776 1896 ὅτι
800 1866 874 1896 οὐδὲν

75 1911 139 1942 ἴδιον
156 1912 232 1953 ἔχω,
248 1911 309 1941 οὐδὲ
327 1911 468 1952 ἀλλότριος
495 1914 541 1941 σοῦ
557 1913 628 1950 εἶμι,
645 1911 725 1951 ἀλλὰ,
742 1911 873 1949 «πάντα,

76 1955 124 1986 ὅσα
150 1957 269 1991 δέδωκάς
292 1969 354 1995 μοι,
371 1970 387 1986 ν)
416 1958 467 1998 οὐχ
492 1958 528 1991 ὡς
549 1956 678 1996 κτίσματι
702 1956 874 1997 χαριζόμενός

77 2013 120 2041 μοι
134 2003 264 2036 δέδωκας.
278 2003 319 2033 Οὖ
336 2001 389 2043 γὰρ
401 2002 534 2040 ἐπίκτητοί
547 2013 592 2041 μοι
608 2001 694 2032 ταῦτά
710 2002 787 2039 εἰσιν,
804 2001 874 2032 ἀλλὰ

81 2058 96 2077 α
108 2048 184 2088 παρὰ
202 2050 250 2077 σοῦ
265 2048 356 2077 ἐστι’»
376 2050 511 2085 τουτέστι,
527 2048 654 2081 Φυσικῶς
676 2059 722 2086 μοι
737 2047 873 2088 διαφέρον-

77 2104 127 2131 τα,
141 2092 190 2123 καὶ
206 2092 358 2132 ἇρμόζοντά
376 2105 420 2132 μοι
437 2095 472 2127 ὡς
486 2093 559 2134 Υίῷ,
581 2091 628 2122 καὶ
649 2091 806 2134 ἕξουσιαστῇ
821 2093 874 2122 τῶν

78 2139 235 2178 [ἰατρικῶν.
252 2138 340 2168 Πόθεν
353 2137 380 2167 δὲ
394 2138 511 2178 ἔγνωσαν
533 2141 610 2168 τοῦτο
623 2138 647 2168 οἳ
672 2137 790 2177 μαθηταί
804 2148 871 2177 μους

81 2194 96 2212 α
109 2173 175 2214 ’ότι
190 2183 225 2212 τὰ
239 2182 349 2224 ῥήματα
360 2205 368 2220 ,
382 2183 399 2213 ἃ
413 2173 532 2217 δέδωκάς
547 2194 593 2222 μοι
598 2205 607 2220 ,
619 2173 723 2213 δέδωκα
739 2173 840 2217 αὐτοῖς·
888 2173 913 2206 Ῐ)

77 2227 213 2258 τουτέστιν
224 2251 232 2265 ,
253 2228 318 2258 Ἀπὸ
333 2229 386 2258 τῶν
400 2228 528 2269 ῥημάτων
548 2229 599 2258 τῶν
614 2229 686 2267 ἐμῶν
700 2228 747 2258 καὶ
768 2229 820 2258 τῶν
835 2229 873 2258 δι-

78 2273 239 2303 δασκαλιῶν.
264 2272 318 2303 Ἀεὶ
343 2273 395 2314 γὰρ
416 2273 516 2308 αὖτοὺς
539 2273 693 2311 ἕδίδασκον,
716 2273 758 2303 ὅτι
783 2273 873 2303 πάντα

76 2318 124 2347 ὅσα
146 2317 221 2359 ἔχω,
245 2320 292 2348 τοῦ
311 2318 417 2360 Πατρός
437 2319 519 2348 ἔστιν.
547 2317 602 2348 Καὶ
625 2319 654 2348 οὗ
678 2320 756 2348 τοῦτο
773 2320 871 2358 μόνον,

77 2364 135 2393 ἀλλ’
150 2363 191 2393 ὅτι
206 2362 253 2393 καὶ
266 2377 279 2389 α
293 2363 368 2404 παρὰ
390 2366 438 2393 σοῦ
460 2363 566 2400 ἐξῆλθον
577 2385 586 2400 ,
602 2374 618 2392 n
633 2362 680 2393 καὶ
694 2363 734 2393 ὅτι
761 2377 774 2391 ι
788 2362 820 2393 σύ
841 2375 874 2403 με

77 2407 247 2442 ἀπέστειλας.
260 2419 275 2438 ι)
299 2409 352 2439 Διὰ
365 2408 418 2449 γὰρ
432 2411 478 2438 τοῦ
501 2408 666 2448 Εὖαγγελίου
682 2409 780 2443 παντὸς
797 2411 875 2439 τοῦτο

77 2453 200 2483 ἐϐούλετο
218 2454 437 2493 κατασκευάσαι,
448 2454 489 2484 ὅτι
501 2455 549 2484 οὐκ
563 2453 680 2487 ἀντ-(θεός
694 2453 766 2484 ἐστιν
778 2475 787 2491 ,
802 2454 873 2484 ἀλλὰ

77 2498 105 2528 τὸ
121 2498 258 2539 Πατρικὸν
272 2499 370 2540 πληροῖ
384 2499 501 2538 θέλημα.

119 2543 223 2584 «Ἐγὼ
237 2540 300 2584 περὶ
317 2544 405 2585 αὐτῷν
429 2545 537 2584 ἐρωτῶ,
561 2544 591 2574 οὖ
615 2543 676 2585 περὶ
699 2545 746 2574 τοῦ
772 2543 873 2584 κόσμου

79 2583 345 2630 ἐραπῶίᾶλλὰγπερὶ
364 2583 402 2619 ὧν
416 2583 532 2623 δέδωκάς
549 2599 612 2629 μοι,
628 2583 670 2619 ὅτι
686 2588 728 2619 σοί
752 2591 814 2620 εἰσι·
828 2590 874 2620 καὶ

79 2633 109 2664 τὰ
119 2634 170 2674 ἐμὰ
180 2634 270 2665 πάντα
280 2635 315 2665 σά
332 2636 399 2673 ἔστι,
412 2634 503 2665 καὶτὰ
515 2634 561 2675 σὰ,
576 2634 641 2675 ἐμὰ,
652 2635 698 2665 καὶ
709 2634 873 2675 δεδόξασμαι

930 251 1003 271 nunc
1031 247 1126 271 autem
1151 242 1185 271 de
1213 241 1341 270 omnibus
1365 242 1495 277 gentibus
1523 242 1620 278 inquit,
1651 241 1726 278 quod

930 287 1107 316 manifestum
1133 287 1173 315 eis
1194 286 1319 315 futurum
1335 286 1372 314 sit
1390 294 1491 315 nomen
1505 287 1568 321 Dei,
1585 295 1649 315 cum
1667 286 1725 322 jam

929 332 1053 362 Christus
1071 331 1178 361 dederit
1189 331 1293 360 semina
1308 331 1408 360 divina:
1422 331 1538 365 notitiae,
1556 335 1585 359 ut
1600 331 1725 360 destrue-

930 381 1006 406 retur
1033 377 1170 406 idolorum
1198 376 1300 411 cultus,
1327 385 1409 413 quem
1428 376 1563 413 suggessit
1587 376 1724 405 diabolus.

930 424 965 451 Et
979 423 1058 451 aliter
1074 433 1082 450 :
1098 422 1231 458 Quamvis
1244 426 1432 458 cognoverunt
1446 423 1547 455 Deum,
1563 429 1619 449 non
1633 425 1727 449 tamen

930 473 961 496 ut
986 469 1095 497 Patrem
1118 472 1314 504 cognoverunt,
1340 467 1389 496 sed
1413 471 1443 496 ut
1465 466 1592 504 opiﬁcem
1618 466 1725 501 solum;

930 513 1015 542 Filius
1038 518 1128 543 autem
1149 514 1259 542 Patrem
1283 512 1478 547 manilestavit,
1505 516 1533 540 et
1551 511 1727 540 sermonibus

930 563 957 588 et
980 559 1109 596 operibus
1126 563 1223 587 notum
1238 567 1267 587 se
1281 557 1393 586 faciens.
1416 559 1486 586 Nam
1501 565 1565 586 cum
1581 566 1610 586 se
1626 557 1726 586 Filium

930 605 980 633 Dei
995 605 1202 639 demonstravit,
1224 602 1402 632 manifestum
1417 603 1492 641 quod
1507 603 1590 632 simul
1607 603 1727 632 demon-

931 650 1023 678 strarit
1037 655 1064 678 et
1079 650 1155 678 illum
1171 649 1254 678 fuisse
1268 651 1391 678 Patrem.

966 696 1058 724 Vsns.
1078 698 1131 724 6-8.
1151 706 1164 721 ιι
1186 695 1261 730 Quos
1280 694 1377 724 dedisti
1393 694 1463 723 mihi
1490 693 1525 723 de
1551 693 1668 727 mundo.
1685 693 1725 723 tui

930 745 1009 770 erant
1026 751 1032 768 :
1049 745 1077 769 et
1092 741 1160 769 mihi
1175 740 1273 769 dedisti
1289 748 1347 774 eos.
1363 745 1391 769 et
1403 748 1559 768 sermonem
1575 744 1655 768 tuum
1669 748 1726 769 ser-

931 790 1070 814 vaverunt.
1087 787 1167 814 Nunc
1189 789 1377 822 cognoverunt
1394 785 1469 822 quod
1491 785 1583 814 omnia
1599 793 1727 822 quaecun-

930 839 984 868 que
1004 831 1102 860 dedisti
1123 830 1204 865 mihi,
1227 839 1242 859 a
1266 835 1293 860 te
1314 835 1400 859 sunt:
1416 830 1478 867 quia
1501 830 1585 859 verba
1606 838 1667 867 qua:
1683 830 1728 859 de-

929 877 993 905 disti
1008 876 1086 911 mihi,
1107 876 1171 905 dedi
1195 877 1244 911 eis,
1265 881 1293 905 et
1312 876 1364 912 ipsi
1387 880 1562 912 acceperunt,
1577 879 1605 904 et
1622 883 1725 913 cogno-

930 926 1027 951 verunt
1040 929 1103 950 vere
1123 921 1197 958 quod
1221 929 1236 950 a
1261 926 1287 950 te
1308 921 1390 957 exivi,
1412 925 1440 950 et
1460 921 1637 950 crediderunt
1650 921 1725 958 quod

930 972 961 996 tu
975 975 1021 996 me
1040 967 1151 995 misisti.
1168 979 1181 991 ι
1207 968 1269 995 Duo
1284 966 1343 995 haec
1365 966 1463 995 docere
1479 966 1577 999 voluit,
1592 970 1630 999 et.
1652 965 1726 1003 quod

930 1021 986 1041 non
1011 1012 1048 1040 sit
1069 1011 1243 1040 adversarius
1264 1013 1324 1040 Deo
1344 1012 1430 1047 Patri,
1453 1016 1481 1039 et
1503 1010 1576 1048 quod
1601 1010 1726 1039 voluntas

929 1058 987 1094 ejus
1001 1058 1037 1086 sit
1051 1056 1163 1085 credere
1185 1056 1246 1084 illos
1260 1056 1346 1090 Filio;
1363 1060 1504 1092 propterea
1525 1055 1602 1089 dicit,
1618 1067 1631 1080 αι
1648 1055 1725 1090 Quos

929 1101 1027 1131 dedisti
1041 1102 1120 1136 mihi,
1135 1101 1173 1130 tui
1184 1105 1271 1130 erant.
1288 1113 1300 1125 η
1316 1101 1442 1138 Utraque
1455 1100 1530 1129 enim
1543 1100 1726 1129 ostenduntur

930 1156 978 1185 per
990 1147 1044 1176 hoc
1057 1146 1133 1184 quod
1147 1146 1225 1182 dicit,
1242 1159 1254 1172 ι
1271 1146 1375 1175 Dedisti
1391 1146 1470 1175 mihi.
1487 1158 1499 1170 ι
1515 1147 1576 1174 Non
1590 1146 1664 1174 enim
1678 1153 1722 1174 ra-

930 1193 976 1229 pui
991 1200 1050 1226 eos.
1063 1192 1112 1221 sed
1131 1195 1162 1220 tu
1182 1191 1369 1228 comprobasti
1385 1195 1414 1220 ut
1427 1191 1488 1220 illos
1503 1190 1571 1219 mihi
1587 1190 1724 1226 lucrarer;

930 1242 958 1266 et
972 1238 1010 1267 ita
1022 1246 1079 1266 non
1093 1237 1264 1266 adversarius
1279 1245 1308 1266 es
1322 1236 1402 1271 mihi,
1423 1236 1470 1265 sed
1481 1235 1659 1265 concordiam
1674 1235 1723 1264 ha-

929 1283 976 1312 bes
990 1287 1018 1312 et
1031 1283 1194 1312 charitatem
1214 1291 1279 1319 erga
1294 1290 1351 1317 me,
1375 1290 1392 1311 ο
1413 1283 1502 1310 Pater.
1533 1293 1544 1306 α
1561 1282 1725 1310 Sermonem

928 1332 1022 1357 autem
1040 1332 1120 1357 tuum
1134 1331 1322 1362 servaverunt,
1340 1339 1352 1352 υ
1377 1335 1425 1364 per
1448 1327 1501 1356 hoc
1518 1326 1592 1364 quod
1606 1326 1723 1355 credunt

928 1373 1009 1408 mihi,
1026 1377 1054 1402 et
1067 1381 1122 1402 non
1144 1373 1289 1402 attendunt
1311 1373 1426 1401 Iudaeis.
1451 1372 1503 1408 Qui
1519 1372 1594 1400 enim
1608 1371 1725 1400 credunt

928 1419 1048 1454 Christo,
1062 1426 1219 1448 sermonem
1244 1418 1295 1446 Dei
1309 1422 1428 1451 servant.
1451 1417 1505 1446 hoc
1525 1421 1576 1451 est.
1602 1417 1723 1454 Scriptu-

928 1472 987 1492 ram
1010 1467 1038 1493 et
1060 1464 1160 1501 legem.
1185 1465 1256 1493 Nam
1274 1463 1400 1492 Christus
1421 1471 1437 1491 a
1462 1463 1600 1499 Scriptura
1613 1470 1720 1490 annun-

928 1509 1021 1538 tiatur.
1041 1510 1077 1537 Et
1089 1509 1168 1538 aliter
1189 1518 1196 1537 :
1219 1508 1319 1538 Omnia
1332 1515 1502 1545 quaecunque
1522 1507 1630 1536 dicebat
1650 1506 1727 1535 disci-

930 1555 1000 1591 pulis
1013 1555 1161 1590 Dominus,
1176 1554 1264 1584 Patris
1276 1557 1363 1582 erant.
1377 1565 1390 1578 α
1406 1554 1464 1590 Ego
1479 1553 1564 1589 729
1577 1552 1663 1586 enim,
1676 1552 1723 1580 in-

928 1600 996 1637 quit,
1012 1608 1027 1628 a
1041 1599 1146 1637 meipso
1160 1608 1216 1628 non
1230 1600 1338 1636 loquor.
1365 1611 1378 1624 α
1398 1598 1472 1628 Dicit
1485 1598 1568 1635 igitur
1586 1605 1650 1626 cum
1664 1597 1726 1626 aliis

928 1649 956 1674 et
969 1645 1022 1674 hoc
1035 1645 1084 1679 eis,
1105 1657 1118 1670 cr
1138 1646 1248 1674 Maneto
1260 1645 1287 1673 in
1302 1652 1347 1673 me
1363 1653 1371 1673 :
1394 1655 1408 1669 ι
1424 1647 1453 1672 et
1466 1651 1528 1672 ecce
1546 1646 1726 1672 servaverunt

928 1694 956 1719 et
979 1690 1033 1719 hoc
1055 1690 1231 1724 mandatum;
1253 1701 1266 1715 α
1283 1693 1444 1718 manserunt
1464 1688 1552 1723 enim,
1573 1692 1600 1717 et
1613 1687 1650 1717 ita
1667 1695 1723 1716 ser-

927 1743 1041 1764 monem
1061 1735 1149 1764 Patris
1173 1738 1360 1763 servaverunt.
1389 1745 1402 1759 σι
1431 1734 1509 1762 Nunc
1534 1736 1724 1770 cognoverunt

928 1780 1004 1817 quod
1027 1781 1121 1808 omnia
1142 1787 1315 1816 quaecunque
1335 1779 1433 1807 dedisti
1447 1778 1525 1812 mihi,
1541 1786 1556 1806 a
1571 1783 1598 1806 te
1616 1781 1692 1806 sunt.
1710 1789 1723 1803 ι

927 1825 1048 1860 Quidam
1062 1825 1166 1862 absque
1185 1834 1197 1851 ν
1210 1825 1306 1860 legunt
1316 1823 1415 1859 ἔγνωκα
1429 1835 1442 1848 ιι
1459 1823 1586 1859 cognovi,
1608 1834 1621 1847 ιι
1644 1827 1672 1850 et
1686 1821 1725 1851 in-

927 1871 1027 1907 quiunt
1039 1869 1115 1906 quod
1130 1869 1266 1898 Dominus
1279 1868 1352 1897 dicat
1368 1878 1374 1896 :
1389 1877 1404 1895 ‹‹
1417 1869 1496 1896 Nunc
1504 1867 1620 1904 cognovi
1631 1878 1643 1891 ι
1659 1875 1720 1903 ego.

928 1915 981 1944 Sed
1014 1914 1163 1943 absurdum
1206 1918 1255 1949 est,
1287 1918 1316 1942 et
1345 1912 1491 1949 legendum
1523 1916 1564 1940 est
1590 1911 1718 1947 ἔγνωκαν,

931 1972 944 1985 «ι
963 1961 1043 1988 Nunc
1057 1963 1245 1996 cognoverunt
1266 1957 1392 1994 discipuli
1407 1957 1473 1992 mei,
1497 1969 1510 1982 ν
1532 1956 1634 1993 inquit,
1649 1955 1725 1992 quod

929 2005 999 2034 nihil
1012 2005 1102 2034 habeo
1120 2004 1274 2041 proprium,
1288 2011 1376 2039 neque
1389 2011 1406 2031 a
1424 2007 1452 2031 te
1466 2002 1571 2031 alienus
1584 2009 1661 2035 sum;
1674 2000 1723 2030 sed

929 2057 1099 2088 quaecunque
1118 2048 1219 2078 dedisti
1237 2048 1315 2083 mihi,
1337 2056 1391 2076 non
1416 2052 1448 2076 ut
1472 2051 1603 2076 creaturae
1617 2046 1726 2083 gratiﬁ-

928 2104 994 2125 cans
1017 2094 1086 2124 mihi
1104 2093 1213 2123 dedisti.
1230 2095 1293 2122 Non
1315 2093 1391 2122 enim
1415 2092 1475 2121 haec
1496 2092 1566 2120 mihi
1589 2091 1722 2128 acquisita

929 2145 1004 2175 sunt,
1025 2152 1038 2165 ιι
1052 2139 1101 2169 sed
1115 2147 1130 2168 a
1151 2143 1179 2168 te
1198 2143 1272 2174 sunt,
1288 2150 1300 2163 ι
1316 2138 1369 2167 hoc
1387 2142 1439 2173 est,
1455 2136 1617 2166 naturaliter
1627 2137 1662 2165 ad
1675 2144 1722 2165 me

929 2186 1066 2223 pertinent
1085 2189 1117 2214 ut
1141 2184 1176 2214 ad
1190 2184 1302 2218 Filium,
1326 2184 1371 2220 qui
1391 2183 1421 2211 in
1434 2182 1560 2211 Paternis
1575 2181 1660 2211 rebus
1677 2189 1727 2218 po-

928 2236 988 2260 tens
1012 2235 1062 2259 est.
1082 2229 1165 2259 Unde
1189 2233 1283 2258 autem
1307 2233 1495 2265 cognoverunt
1514 2227 1574 2256 haec
1593 2227 1722 2264 discipuli

928 2277 1000 2305 mei?
1017 2287 1030 2301 α
1050 2275 1119 2312 Quia
1144 2275 1224 2303 verba
1241 2281 1306 2310 quae
1327 2273 1427 2302 dedisti
1450 2272 1528 2308 mihi,
1553 2271 1616 2301 dedi
1639 2271 1691 2306 eis,
1709 2283 1723 2297 ι

928 2322 981 2351 hoc
996 2325 1048 2354 est.
1071 2329 1086 2349 a
1106 2319 1199 2349 verbis
1218 2319 1289 2348 meis
1302 2323 1330 2347 et
1350 2317 1492 2347 doctrinis.
1512 2318 1626 2354 Semper
1649 2316 1725 2346 enim

928 2375 976 2396 eos
993 2365 1127 2395 docebam
1141 2365 1215 2402 quod
1230 2363 1324 2393 omnia
1338 2370 1508 2400 quaecunque
1522 2362 1621 2397 habeo,
1636 2362 1727 2391 Patris

929 2416 994 2442 sunt
1009 2420 1016 2439 :
1035 2415 1063 2440 et
1081 2418 1138 2439 non
1156 2410 1209 2438 hoc
1222 2410 1323 2443 solum,
1339 2408 1388 2438 sed
1402 2412 1430 2437 et
1449 2407 1525 2445 quod
1548 2418 1561 2433 α
1577 2415 1594 2436 a
1607 2411 1635 2436 te
1650 2407 1729 2436 exie-

927 2457 990 2492 rlm,
1008 2469 1021 2482 ι
1042 2460 1070 2485 et
1082 2455 1158 2493 quod
1181 2467 1192 2478 ε
1205 2459 1237 2484 tu
1249 2462 1296 2483 me
1307 2453 1424 2482 miseris.
1442 2464 1455 2478 υ
1477 2455 1549 2482 Nam
1570 2460 1619 2489 per
1633 2453 1723 2481 Evan-

927 2503 1029 2541 gelium
1042 2505 1135 2530 totum
1149 2500 1202 2529 hoc
1217 2499 1325 2528 efﬁcere
1337 2499 1406 2534 vult,
1421 2498 1495 2535 quod
1506 2506 1566 2527 non
1580 2498 1616 2526 sit
1626 2497 1724 2527 adver-

928 2550 1017 2577 sarius
1027 2546 1090 2582 Dei,
1103 2545 1151 2575 sed
1166 2546 1278 2582 impleat
1297 2543 1387 2574 Patris
1400 2543 1581 2573 voluntatem.

963 2595 1054 2622 Vens.
1073 2594 1102 2626 9,
1115 2593 1159 2620 10.
1175 2602 1188 2616 α
1205 2591 1264 2627 Ego
1277 2597 1329 2627 pro
1342 2590 1381 2619 eis
1395 2597 1475 2626 rogo,
1486 2597 1544 2618 non
1556 2595 1606 2625 pro
1618 2586 1723 2616 mundo

929 2646 1006 2676 rogo,
1021 2637 1068 2667 sed
1083 2645 1132 2673 pro
1147 2635 1190 2665 his
1206 2643 1277 2674 quos
1287 2634 1386 2664 dedisti
1406 2633 1485 2669 mihi,
1504 2634 1566 2671 quia
1578 2632 1620 2662 tui
1633 2636 1718 2661 sunt:

578 2686 623 2716 Ex
637 2684 795 2717 collatione
809 2685 899 2719 codd.
915 2684 1022 2717 Venet.
1040 2684 1068 2715 S.
1086 2682 1190 2715 Marci.

124 2741 176 2773 (38)
201 2738 271 2768 Cod.
303 2742 353 2773 21,
378 2737 426 2766 Καὶ
458 2737 510 2766 ἶόοὓ
538 2740 689 2776 τετηρήκασι
716 2739 758 2766 καὶ
780 2739 871 2773 ταύτην

962 2740 1017 2773 (39)
1049 2736 1116 2766 Cod.
1142 2738 1192 2771 26,
1219 2735 1288 2767 Τινὲς
1311 2734 1388 2771 χωρὶς
1408 2734 1452 2760 τοῦ
1483 2742 1497 2759 ν
1520 2731 1719 2773 ἀναγινώσκουσι

79 2778 118 2812 τὴν
143 2771 259 2813 ἐντολήν.
286 2771 408 2816 Ἔμειναν
440 2780 506 2816 γὰρ,
534 2771 604 2808 ὥστε.
622 2771 682 2808 «τὸν
708 2780 788 2816 λόγον
828 2771 873 2807 τοῦ
926 2771 1025 2806 τὸηνῦν
1050 2777 1180 2814 ἔγνωκαν,
1209 2777 1252 2803 καί
1286 2785 1379 2811 φασιν,
1405 2775 1443 2800 ὅτι
1470 2773 1601 2816 λὸνΚύριος
1630 2771 1713 2816 λέγει,

78 2818 165 2856 Πατρὸς
179 2820 341 2858 τετερῆκασι,
358 2822 402 2848 νῦν
417 2821 537 2857 ἔγνωκαν
547 2841 555 2855 ,
571 2831 595 2849 κ.
613 2831 637 2848 τ.
651 2821 677 2848 λ.

927 2819 977 2847 Νῦν
992 2813 1090 2855 ἔγνωκα
1105 2818 1163 2854 ἐγώ·
1178 2817 1237 2844 ἀλλ’
1255 2816 1299 2844 οὔκ
1319 2816 1370 2851 ἔχει
1384 2817 1457 2842 τοῦτο
1470 2814 1564 2850 λόγον,
1577 2824 1601 2843 κ,
1619 2823 1643 2841 τ.
1663 2813 1688 2840 λ.
