1922 3077
226 139 272 165 231

738 139 994 167 THEOPHYLACTI
1015 138 1194 167 BULGARIE
1214 138 1367 166 ARCHIEP.

1816 139 1858 166 232

224 204 252 228 et
272 207 332 228 mea
347 201 440 229 omnia
455 205 501 230 tua
521 206 594 234 sunt,
610 206 637 230 et
655 206 702 231 tua
716 211 778 231 mea
799 207 874 238 sunt;
894 208 922 232 et
937 203 1005 240 glori

1078 204 1105 232 ἐν
1127 204 1226 236 αὐτοῖς.
1240 213 1254 231 ι)
1280 200 1408 240 Δεικνὺς,
1425 200 1464 230 ὅτι
1487 201 1521 231 δι’
1536 201 1610 232 οὐδὲν
1626 201 1693 231 ἄλλο
1711 203 1793 231 ταῦτα
1805 202 1859 241 πρὸς

220 244 316 273 ticatns
328 253 392 274 sum
406 246 434 274 in
449 247 499 274 eis.
519 259 530 271 ιι
547 247 615 275 Cum
630 247 794 276 ostendisset
814 247 888 284 quod
909 253 1021 284 propter

221 288 289 317 nihil
315 289 391 318 aliud
417 298 502 326 quam
530 295 641 327 propter
661 291 736 327 ipsos
760 291 821 321 haec
855 292 890 321 ad
914 293 1021 321 Patrem

222 333 345 369 dixisset,
371 338 402 363 ut
427 335 534 363 discant
563 336 637 372 quod
662 336 761 373 diligat
792 345 848 372 eos,
876 342 903 366 et
926 346 1022 366 curam

222 387 319 407 eorum
334 383 422 416 gerat,
438 381 538 416 inquit,
556 392 568 406 α
586 382 643 418 Ego
657 389 706 417 pro
716 382 780 418 ipsis
803 390 870 419 rogo
887 394 899 408 -
913 387 941 411 et
954 392 1022 419 sup-

219 424 300 460 plico,
314 435 328 450 «
340 433 396 453 non
411 433 460 461 pro
475 426 592 454 mundo.
609 438 621 451 ι
637 427 761 456 Ostendo
772 427 846 455 enim
861 428 974 456 omnino
989 436 1021 456 ex

221 468 274 497 hoc
283 469 356 505 quod
370 469 482 506 diligam
495 478 550 499 eos.
565 471 628 499 Non
643 471 718 500 enim
733 472 823 501 solum
836 472 872 501 do
888 480 950 509 qua:
960 481 1021 501 mea

219 518 292 549 sunt,
313 513 362 543 sed
376 519 403 543 et
413 519 439 543 te
452 523 502 543 oro
516 519 547 543 ut
562 516 700 545 custodias
714 525 775 545 eos.
791 519 853 545 Non
867 525 916 546 oro
928 522 955 546 te
971 526 1020 554 pro

217 559 372 595 promiscuo
399 560 510 596 populo,
536 561 580 597 qui
606 561 747 590 mundana
772 562 853 598 sapit,
869 574 882 587 ι
898 562 947 591 sed
971 571 1021 599 pro

218 603 259 632 his
270 611 339 640 quos
351 604 451 633 dedisti
468 605 545 633 mihi:
580 606 619 634 tui
638 606 712 634 enim
734 611 810 635 sunt.
830 619 843 632 ι
858 608 893 636 Et
904 607 1022 636 audiens

215 649 344 677 continuo
366 658 432 678 eum
451 650 604 685 dicentem,
622 663 634 676 α
655 651 763 680 Dedisti
778 652 860 687 mihi,
877 665 889 677 ιι
907 661 942 681 ne
965 652 1022 680 exi-

215 693 312 722 stimes
325 702 413 730 nuper
432 695 530 724 datum
546 696 731 732 principatum
752 701 779 725 et
793 702 958 733 potestatem
976 702 1018 725 ta-

216 737 280 773 lem,
298 739 372 775 quod
393 740 503 776 quando
529 740 624 769 habuit
642 749 688 769 eos
714 743 804 776 Pater,
828 742 885 778 ipse
897 750 954 770 non
969 742 1019 770 ha-

214 783 314 817 buerit,
341 789 369 812 et
403 784 504 813 iterum
543 793 616 814 nunc
652 793 716 814 cum
744 786 802 822 ipse
831 786 913 815 habet
944 788 1019 815 Patri

213 828 332 857 ablatam
347 833 523 865 potestatem,
546 834 689 866 propterea
702 830 774 859 dicit
789 841 795 858 ε
810 843 822 856 (η
841 831 940 860 Omnia
955 840 1018 860 mea

215 877 261 901 tua
280 878 354 908 sunt,
368 878 396 903 et
408 878 456 902 tua
471 883 544 903 mea.
561 885 576 902 »
601 877 663 903 Non
677 876 751 903 enim
770 884 845 904 nunc
858 877 949 912 accepi
963 885 1015 913 po-

215 921 352 953 testatem,
375 919 421 947 sed
437 919 548 955 quando
568 920 608 948 tui
627 919 750 955 fuerunt,
765 925 792 949 et
809 921 864 949 mei
880 921 990 950 fuerunt
1004 932 1010 950 :

215 974 227 986 ι
246 964 306 991 Tua
327 963 401 991 enim
413 964 517 998 omnia,
534 973 595 993 mea
619 974 625 993 :
644 977 656 991 ιι
682 970 710 993 et
723 965 836 1001 quando
851 966 910 1001 ipse
926 966 1013 995 habeo

211 1015 268 1042 eos,
282 1011 310 1036 et
323 1012 353 1036 tu
374 1008 468 1043 habes,
484 1013 512 1038 et
525 1017 582 1038 non
601 1017 630 1038 es
653 1010 797 1045 privatus:
823 1022 837 1035 κ
862 1012 923 1039 Mea
938 1012 1012 1040 enim

211 1053 316 1087 omnia,
330 1057 387 1081 tua.
403 1065 416 1078 ιι
430 1069 464 1074 -
479 1065 491 1079 σι
513 1055 549 1082 Et
561 1054 732 1090 gloriﬁcatus
745 1063 807 1083 sum
822 1055 849 1083 in
863 1056 913 1088 eis,
932 1068 944 1081 ιι
960 1056 1012 1085 hoc

210 1101 261 1131 est,
286 1102 452 1134 potestatem
473 1099 586 1127 illorum
599 1099 704 1128 habens
716 1104 747 1128 ut
768 1100 915 1136 Dominus,
934 1101 961 1129 in
973 1101 1012 1130 eis

210 1142 359 1179 gloriﬁcor,
379 1144 451 1172 sicut
471 1148 498 1172 et
510 1144 584 1180 regis
607 1144 677 1173 illius
696 1147 831 1181 aequalem
846 1153 909 1173 cum
935 1150 1011 1182 patre

210 1191 375 1223 potestatem
399 1189 503 1217 habens
527 1197 559 1217 ac
582 1197 710 1225 regnum,
734 1189 901 1226 gloriﬁcatur
926 1191 954 1218 in
977 1199 1010 1219 eo

208 1233 283 1268 quod
297 1237 372 1261 tanta
386 1233 476 1266 habet,
489 1237 593 1270 quanta
613 1238 699 1270 pater.
723 1235 750 1262 Si
767 1243 832 1270 ergo
846 1235 948 1264 iterum
964 1236 1009 1263 Fi-

208 1276 260 1305 lius
280 1277 372 1305 minor
390 1281 462 1306 esset
474 1279 564 1312 Patre,
584 1278 726 1315 quomodo
743 1287 827 1307 ausus
849 1279 946 1308 fuisset
959 1280 1006 1308 di-

207 1329 279 1354 cere,
296 1333 308 1346 ‹‹
325 1321 426 1351 Omnia
444 1326 490 1351 tua
506 1330 567 1351 mea
582 1325 664 1351 sunt?
680 1335 693 1348 ν
715 1324 789 1352 Nam
803 1323 933 1353 dominus
947 1325 1007 1361 qui-

204 1365 270 1394 dem
285 1367 377 1396 omnia
392 1367 473 1396 habet
487 1375 549 1404 quae
558 1372 624 1396 sunt
639 1368 720 1401 servi,
732 1376 827 1396 servus
841 1374 934 1398 autem
948 1378 1005 1397 non

205 1411 299 1439 omnia
311 1419 373 1448 quae
389 1417 456 1440 sunt
468 1412 584 1441 domini.
599 1414 660 1441 Hoc
672 1421 706 1441 au
713 1417 769 1441 tem
780 1413 841 1441 loco
851 1414 1007 1442 conversim

205 1455 279 1492 loqui
307 1456 380 1491 licet,
401 1462 432 1485 ut
446 1465 508 1493 quae
535 1462 600 1486 sunt
613 1458 704 1486 Patris
721 1465 752 1486 ea
776 1458 833 1486 sint
846 1462 874 1486 et
887 1458 960 1493 Filii,
981 1463 1008 1487 et

1076 247 1121 277 τὸν
1145 247 1257 286 Πατέρα
1281 246 1379 287 φησὶν,
1399 245 1470 276 ἀλλὰ
1493 246 1526 275 δι’
1549 245 1660 283 αὐτοὺς,
1685 245 1729 275 ἵνα
1754 246 1859 286 μάθωσιν

1075 291 1116 322 ὅτι
1141 292 1235 331 ἀγαπᾷ
1257 290 1370 330 αὖτοὺς,
1395 290 1441 320 καὶ
1473 291 1624 330 προνοεῖται
1650 291 1756 328 αὐτῶν,
1781 291 1859 330 φησίν·

1080 347 1095 365 (ι
1111 335 1185 375 Ἐγὼ
1208 335 1268 376 περὶ
1292 337 1377 365 αὐτῶν
1403 336 1493 376 ἐρωτῶ
1504 359 1513 374 ,
1530 346 1546 364 n
1562 336 1608 365 καὶ
1631 335 1712 372 ἀξιῶ,
1737 347 1751 364 ((
1765 336 1793 365 οὗ
1807 336 1860 375 περὶ

1076 383 1121 410 τοῦ
1145 381 1262 419 κόσμου.
1277 392 1290 410 ι)
1314 382 1442 419 Δείκνυμι
1463 380 1514 420 γὰρ
1529 380 1635 415 πάντως
1659 382 1689 410 ἐκ
1704 379 1811 417 τούτου,
1825 380 1858 409 ὅτι

1077 427 1174 465 ἀγαπῶ
1198 425 1301 459 αὐτούς.
1326 427 1367 455 Οὐ
1390 424 1442 465 γὰρ
1466 425 1545 464 μόνον
1568 425 1602 455 τὰ
1616 426 1732 464 ἐμαυτοῦ
1757 425 1858 463 δίδωμι,

1077 470 1146 500 ἀλλὰ
1171 470 1217 499 καὶ
1242 471 1271 500 σὲ
1297 471 1448 510 παρακαλῶ
1476 470 1618 510 φυλάττειν
1643 470 1748 504 αὐτούς.
1765 470 1858 500 Οὔκουν

1076 515 1136 554 περὶ
1159 517 1212 544 τῶν
1229 515 1366 555 χυδαίων,
1395 515 1440 544 καὶ
1469 516 1521 544 τῶν
1547 514 1581 544 τὰ
1605 517 1651 545 τοῦ
1677 515 1778 553 κόσμου
1803 527 1858 554 egw

1075 561 1188 590 νούντων
1206 559 1271 594 ἀξιῶ
1295 571 1340 597 σε,
1360 570 1375 589 α
1395 559 1465 589 ἀλλὰ
1486 559 1547 600 περὶ
1568 555 1606 589 ὧν
1627 560 1742 593 δέδωκάς
1760 571 1811 598 μοι’
1825 561 1859 589 σοὶ

1076 604 1126 645 γάρ
1142 606 1220 635 εἰσιν.
1238 618 1250 631 ν
1265 603 1326 635 Ἵνα
1338 603 1366 634 δὲ
1382 603 1437 643 μὴ,
1457 604 1562 634 ἀκούων
1584 606 1702 645 συνεχῶς
1726 605 1804 634 αὐτοῦ
1817 605 1857 633 λέ-

1075 661 1176 689 γοντος,
1190 650 1229 679 δτι
1242 663 1254 676 σι
1267 649 1392 683 Δέδωκάς
1408 661 1464 688 μοι,
1476 663 1488 675 ι
1503 649 1614 689 νομίσῃς
1631 648 1782 690 πρόσφατον
1795 651 1856 690 αὐτῷ

1075 694 1196 724 δεδόσθαι
1219 693 1266 727 τὴν
1292 693 1378 734 ἀρχὴν
1402 694 1448 723 καὶ
1471 693 1519 730 τήν
1539 694 1666 734 ἐξουσίαν,
1678 693 1796 731 ταύτην,
1818 694 1856 723 καὶ

1074 737 1116 768 ὅτε
1132 734 1202 778 εἶχεν
1219 733 1316 773 αὖτοὺς
1327 733 1345 768 ὁγ
1356 738 1465 777 Πατὴρ,
1490 738 1567 772 αὐτὸς
1579 740 1627 768 οὐκ
1643 733 1715 779 εἶχεν
1727 760 1735 775 ,
1755 739 1772 775 ἢ
1787 739 1856 768 πάλιν

1073 786 1135 820 νῦν,
1152 783 1195 813 ὅτε
1210 784 1289 818 αὐτὸς
1309 783 1381 824 ἔχει,
1401 784 1415 812 ὁ
1429 783 1526 823 Πατὴρ
1540 783 1654 824 ἕφῃρέθη
1675 783 1725 820 τὴν
1748 783 1855 818 ἐξουσίαν

1074 830 1169 858 αὐτῶν⁶
1194 828 1237 858 διὰ
1260 828 1337 858 τοῦτό
1360 839 1433 870 φησι·
1458 839 1473 857 (ι
1498 828 1553 858 Καὶ
1581 828 1614 858 τὰ
1639 828 1693 867 ἐμὰ
1717 829 1802 858 πάντα
1827 829 1856 857 σά

1077 873 1146 910 ἐστι,
1161 873 1208 902 καὶ
1230 872 1264 902 τὰ
1279 872 1327 910 σὰ,
1353 873 1416 912 ἐμά.
1432 884 1446 902 ι)
1474 874 1516 904 Οὖ
1543 873 1594 913 γὰρ
1623 876 1667 902 ν’ὖν
1694 873 1788 903 ἔλαϐον
1813 873 1854 908 τὴν

1070 917 1206 955 ἐξουσίαν,
1219 917 1280 947 ἀλλ⁷
1295 918 1338 947 ὅτε
1356 918 1398 947 σοὶ
1417 913 1486 954 ἦσαν
1497 941 1506 957 ,
1519 918 1564 947 καὶ
1579 918 1648 956 ἐμοί·
1669 931 1681 943 ιι
1698 918 1740 948 Τὰ
1759 918 1807 958 γὰρ
1826 918 1854 946 σὰ

1066 963 1153 992 πάντα
1162 986 1170 1000 ,
1192 962 1254 1001 ἐμά.
1275 974 1290 992 α
1303 963 1358 993 Καὶ
1368 961 1411 992 ὅτε
1425 963 1453 992 δὲ
1469 962 1547 996 αὐτὸς
1564 962 1618 1003 ἔχω
1631 962 1755 999 τούτους,
1770 962 1814 992 καὶ
1825 962 1851 992 σὺ

1066 1006 1145 1046 ἔχεις,
1157 1007 1203 1037 καὶ
1218 1008 1265 1037 οὗκ
1279 1007 1420 1048 ἅφῃρέθης
1436 1018 1451 1036 ι)
1469 1007 1512 1037 Τὰ
1523 1007 1575 1048 γὰρ
1591 1008 1644 1046 ἐμὰ
1659 1008 1759 1044 πάντα,
1775 1008 1818 1038 σά.
1840 1020 1851 1034 ι»

1066 1069 1106 1074 —
1119 1064 1134 1081 (ι
1146 1052 1198 1082 Καὶ
1210 1052 1368 1090 δεδόξασμαι
1384 1053 1409 1082 ἐν
1426 1053 1523 1086 αὐτοῖς·
1536 1066 1547 1079 ι
1562 1052 1708 1089 τουτέστιν,
1725 1052 1852 1086 Ἐξουσίπν

1066 1098 1149 1127 αὐτῶν
1165 1097 1235 1137 ἔχων
1251 1099 1286 1131 ὡς
1302 1097 1456 1133 Δεσπότης,
1481 1111 1494 1124 α
1517 1098 1541 1126 ἐν
1566 1098 1654 1132 αὐτοῖς
1672 1097 1821 1136 δοξάζομαι·
1839 1110 1850 1124 1

1064 1140 1154 1181 ὥσπερ
1168 1142 1238 1171 καὶὸ
1259 1145 1304 1172 τοῦ
1321 1142 1453 1182 βασιλέως
1473 1143 1543 1177 υἱὸς,
1572 1142 1620 1178 τὴν
1650 1143 1784 1181 ἰσοτιμίαν
1811 1145 1851 1172 τοῦ

1064 1186 1163 1226 πατρὸς
1188 1187 1272 1226 ἔχων,
1299 1187 1344 1216 καὶ
1369 1187 1416 1223 τὴν
1442 1187 1597 1226 βασιλείαν,
1613 1187 1751 1222 δοξάζεται
1774 1189 1798 1216 ἐν
1817 1189 1850 1226 τῷ

1064 1233 1181 1260 τοσαῦτα
1196 1231 1277 1271 ἔχειν,
1292 1231 1343 1260 ὅσα
1357 1233 1371 1261 ὁ
1388 1231 1495 1272 Πατήρ.
1517 1233 1550 1262 Εἰ
1563 1231 1649 1261 τοίνυν
1669 1234 1684 1261 ὁ
1703 1233 1766 1264 Υἱὸς
1778 1231 1847 1261 ἐλάτ-

1063 1288 1114 1305 των
1131 1272 1162 1312 ἦν
1187 1279 1232 1306 τοῦ
1250 1277 1373 1317 Πατρὸς,
1391 1278 1448 1310 πῶς
1478 1276 1625 1314 ἐτόλμησεν
1642 1276 1675 1306 ἂν
1697 1278 1794 1313 εἰπεῖν,
1815 1277 1849 1306 ὅτι

1067 1335 1078 1347 α
1097 1321 1140 1351 Τὰ
1157 1321 1192 1350 σὰ
1215 1321 1303 1351 πάντα
1321 1321 1373 1360 ἐμά
1393 1322 1474 1352 ἔστιν.
1521 1321 1556 1351 Ὀ
1580 1321 1628 1359 μὲν
1651 1321 1704 1362 γὰρ
1728 1321 1850 1356 δεσπότης

1063 1365 1119 1405 ἔχει
1140 1366 1228 1395 πάντα
1254 1366 1288 1396 τὰ
1313 1369 1358 1395 τοῦ
1386 1366 1488 1396 δούλου·
1513 1368 1526 1395 ὁ
1552 1365 1579 1396 δὲ
1608 1367 1700 1400 δοῦλος
1729 1367 1776 1397 οὒκ
1800 1366 1850 1406 ἔχει

1062 1410 1152 1440 πάντα
1168 1411 1202 1440 τὰ
1227 1413 1272 1440 τοῦ
1297 1410 1435 1441 δεσπότου.
1458 1411 1592 1440 Ἐνταῦθα
1615 1410 1642 1440 δὲ
1670 1410 1845 1452 ἀντιστρέφει,

1061 1454 1108 1484 καὶ
1127 1455 1162 1484 τὰ
1186 1457 1232 1484 τοῦ
1250 1455 1356 1495 Πατρὸς
1376 1458 1424 1485 τοῦ
1449 1456 1514 1486 Υἱοῧ
1540 1456 1624 1490 εἰσιν,
1650 1455 1743 1495 ὥσπερ
1763 1455 1849 1484 καὶτὰ

206 1505 314 1530 contra.
330 1502 510 1531 Gloriﬁcatur
530 1502 612 1539 igitur
634 1503 719 1530 Filius
745 1502 773 1530 in
795 1502 837 1530 his
860 1510 921 1538 qua:
945 1508 1005 1531 sunt

1064 1501 1106 1528 τοῦ
1123 1500 1203 1537 “ob,
1221 1502 1266 1530 τοῦ
1282 1500 1400 1539 Πατρός.
1428 1499 1572 1534 Δοξάζεται
1592 1495 1637 1530 οὖν
1654 1502 1670 1530 ὁ
1686 1501 1748 1534 Υἱὸς
1762 1501 1787 1529 ἐν
1802 1500 1848 1532 τοῖς

206 1546 305 1574 Patris.
329 1548 447 1574 Tantam
471 1547 543 1575 enim
569 1547 697 1575 omnium
725 1550 891 1583 potestatem
913 1547 1006 1582 habet,

207 1595 338 1627 quantam
349 1596 376 1619 et
390 1592 475 1627 730
487 1593 577 1620 Pater.

239 1636 328 1664 Vens.
352 1639 394 1671 ll,
418 1639 462 1664 12.
480 1648 492 1661 α
517 1638 553 1664 Et
563 1636 622 1672 jam
640 1645 698 1665 non
717 1644 779 1665 sum
794 1636 822 1664 in
837 1636 943 1665 mundo
959 1647 965 1666 :
980 1642 1008 1665 et

205 1679 233 1708 hi
247 1680 276 1708 in
287 1681 392 1710 mundo
404 1685 480 1716 sunt,
497 1685 525 1710 et
539 1689 589 1718 ego
604 1681 642 1709 ad
657 1686 685 1710 te
699 1682 789 1709 venio.
806 1683 886 1710 Pater
901 1686 1005 1717 sancte,

203 1733 282 1754 serva
293 1733 341 1754 eos
355 1734 402 1762 per
414 1733 518 1754 nomen
527 1730 618 1762 tuum,
633 1733 704 1762 quos
714 1725 811 1754 dedisti
823 1726 903 1761 mihi,
915 1730 945 1755 ut
952 1727 1007 1755 sint

203 1778 291 1799 unum
305 1771 375 1799 sicut
395 1775 423 1799 et
435 1779 497 1800 nos.
513 1771 583 1799 Cum
609 1778 696 1799 essem
710 1779 773 1799 cum
794 1771 832 1799 eis
844 1771 872 1799 in
887 1771 1003 1806 mundo,

203 1823 253 1852 ego
265 1816 407 1844 servabam
419 1824 466 1844 eos
480 1816 510 1844 in
534 1815 649 1844 nomine
660 1819 720 1844 tuo.
738 1827 751 1841 ι»
766 1816 858 1851 Quare
873 1817 1003 1845 continuo

203 1859 282 1896 dicit,
290 1873 303 1886 σι
312 1863 376 1889 Jam
386 1869 443 1889 non
452 1868 515 1889 sum
523 1860 553 1888 in
565 1860 682 1895 mundo,
696 1873 707 1886 -
722 1865 760 1896 et,
775 1873 788 1886 ι
801 1861 917 1897 Quando
927 1870 1002 1890 eram

202 1913 265 1934 cum
284 1906 324 1935 ei
346 1906 373 1934 in
393 1906 518 1934 mundo?
535 1917 548 1930 ι
564 1905 702 1935 Videntur
719 1906 796 1935 enim
817 1906 1001 1935 contradicto-

203 1950 242 1979 ria
256 1959 313 1979 non
340 1950 514 1980 examinanti.
533 1950 594 1979 Alio
608 1951 682 1979 enim
706 1951 767 1979 loco
787 1951 915 1987 promisit
938 1951 976 1980 eis
993 1962 999 1981 :

203 2007 217 2020 ι
238 1997 293 2024 Ero
304 1996 457 2031 vobiscum,
471 1999 499 2024 et
517 1995 643 2024 videbitis
656 2003 701 2023 me
713 1996 750 2014 ⁸⁸⁸
767 2005 775 2024 :
790 2007 803 2020 κ
823 2003 898 2024 nunc
908 2000 1001 2024 autem

202 2040 254 2068 alia
269 2041 378 2069 videtur
391 2040 491 2069 dicere.
515 2042 611 2068 Potest
625 2040 711 2076 igitur
731 2048 794 2068 vere
807 2039 860 2068 dici
877 2040 953 2076 quod
967 2040 1001 2069 ad

203 2085 326 2120 ipsorum
342 2089 463 2113 mentem
482 2085 536 2113 ista
559 2085 726 2121 loqueretur.
742 2086 813 2113 Nam
831 2085 896 2122 quia
910 2085 1002 2114 verisi-

202 2129 269 2157 mile
283 2133 343 2158 erat
356 2129 460 2158 tristari
473 2137 533 2164 eos,
548 2134 644 2166 utpote
658 2130 705 2166 qui
717 2129 942 2166 relinquebantur
955 2130 1002 2159 ad-

1060 1546 1106 1574 τοῧ
1125 1544 1240 1585 Πατρός.
1264 1545 1406 1581 Τοσαύτην
1431 1544 1482 1585 γὰρ
1505 1544 1623 1579 ἐξουσίαν
1647 1545 1706 1586 ἔχει
1728 1545 1845 1582 πάντων,

1061 1588 1124 1624 ὅσην
1141 1589 1186 1618 καὶ
1203 1591 1217 1618 ὁ
1231 1589 1340 1629 Πατήρ.

1104 1646 1117 1659 «
1136 1634 1191 1663 Καὶ
1214 1635 1261 1664 οὖκ
1275 1634 1314 1663 ἔτι
1337 1634 1392 1673 εἰμὶ
1407 1635 1433 1664 ἐν
1448 1636 1486 1674 τῷ
1504 1634 1606 1676 κόσμῳ·
1622 1634 1669 1664 καὶ
1689 1630 1759 1665 οὗτοι
1772 1636 1797 1664 ἕν
1811 1636 1845 1675 τῷ

1060 1677 1152 1719 κόσμῳ
1167 1678 1236 1716 εἰσὶ,
1253 1678 1298 1708 καὶ
1315 1679 1366 1718 ἐγὼ
1386 1680 1450 1719 πρὸς
1465 1679 1494 1708 σὲ
1509 1679 1633 1719 ἔρχομαι.
1675 1679 1764 1720 Πάτερ
1783 1679 1848 1719 ἅγιε,

1059 1722 1175 1764 τήρησον
1192 1722 1286 1757 αὐτοὺς
1301 1724 1327 1753 ἐν
1342 1725 1380 1764 τῷ
1395 1724 1506 1763 ὀνόματί
1521 1735 1583 1760 σου,
1595 1723 1639 1758 οὓς
1653 1724 1771 1758 δέδωκάς
1791 1736 1844 1763 μοι,

1058 1762 1102 1796 ἵνα
1117 1762 1183 1797 ὦσιν
1200 1767 1229 1797 ἓν
1243 1768 1330 1802 καθὼς
1348 1762 1435 1807 ἡμεῖς.
1459 1767 1528 1798 Ὅτε
1552 1769 1626 1806 ἤμην
1645 1771 1705 1807 μετ’
1728 1762 1812 1798 αὐτῶν
1823 1770 1846 1798 ἐν

1057 1813 1095 1852 τῷ
1108 1812 1212 1854 κόσμῳ,
1231 1813 1283 1852 ἐγὼ
1301 1813 1412 1854 ἐτήρουν
1428 1814 1522 1848 αὐτοὺς
1537 1815 1563 1843 ἐν
1579 1815 1617 1853 τῷ
1633 1813 1747 1852 ὀνόματί
1762 1826 1815 1844 σου.
1833 1828 1843 1838 ιι

1057 1857 1133 1891 Τίνος
1148 1856 1234 1888 ἕνεκεν
1251 1860 1368 1899 συνεχῶς
1383 1861 1461 1888 τοῦτο
1476 1870 1553 1899 φησι,
1569 1859 1617 1898 τὸ,
1639 1872 1651 1884 ιι
1667 1861 1728 1890 Οὐκ
1739 1858 1778 1888 ἔτι
1793 1858 1843 1897 εἰμὶ

1056 1902 1083 1931 ἐν
1099 1904 1136 1942 τῷ
1161 1905 1273 1944 κόσμῳ,
1293 1917 1305 1929 ιι
1331 1904 1394 1942 καὶ,
1415 1917 1429 1930 α
1445 1903 1512 1934 Ὅτε
1531 1903 1604 1942 ἤμην
1628 1905 1687 1942 μετ’
1717 1905 1800 1933 αὐτῶν
1823 1904 1845 1931 ἐν

1055 1948 1094 1986 τῷ
1108 1946 1222 1987 atticum;
1238 1961 1250 1974 ιι
1266 1947 1415 1978 Φαίνονται
1430 1948 1482 1988 γὰρ
1504 1947 1607 1985 ἄτοπα,
1630 1948 1654 1977 εἴ
1678 1961 1717 1982 τις
1732 1947 1844 1982 ἀνεξετᾶ-

1056 2002 1123 2025 στως
1148 1995 1233 2021 ταῦτα
1259 1993 1405 2032 ἐκδέχοιτο.
1432 1992 1563 2032 Ἁλλαχοῖὶ
1579 1992 1630 2033 γὰρ
1645 1993 1777 2033 ὑπέσχετο
1800 1993 1845 2021 αὖ·

1054 2039 1125 2073 τοῖς,
1141 2035 1181 2065 ὅτι
1202 2050 1214 2063 α
1230 2035 1350 2074 Ἐσομαι
1365 2038 1422 2075 μεθ’
1436 2039 1509 2076 ὑμῶν
1519 2060 1527 2076 ,
1545 2051 1557 2064 ι
1580 2038 1628 2067 καὶ
1643 2037 1686 2067 ὅτι
1706 2052 1718 2064 ιι
1732 2035 1842 2076 Ὀψεσθέ

1054 2091 1097 2119 με·
1116 2095 1128 2107 υ
1147 2083 1192 2110 ν’ὗν
1216 2080 1243 2110 δὲ
1266 2081 1335 2111 ἄλλα
1358 2081 1480 2122 φαίνεται
1502 2081 1598 2122 λέγων.
1625 2081 1723 2112 Ἔστιν
1748 2080 1791 2112 οὖν
1817 2080 1843 2110 τὸ

1055 2125 1152 2161 ἀληθὲς
1177 2126 1275 2163 εἰπεῖν,
1292 2126 1332 2156 ὅτι
1355 2127 1421 2167 πρὸς
1445 2127 1492 2162 τὴν
1513 2127 1598 2156 αὐτῶν
1624 2126 1743 2157 διάνοιαν
1766 2128 1844 2156 ταῦτα

196 2173 288 2210 jutore
300 2174 436 2209 destituti,
448 2174 572 2203 ostendit
581 2174 655 2211 quod
668 2175 742 2203 Patri
752 2182 800 2203 eos
811 2174 1000 2210 commendet,

1064 2169 1208 2210 ρθέγγεται.
1228 2170 1307 2201 Ἐπεὶ
1327 2171 1378 2212 γὰρ
1392 2171 1460 2206 εἰκὸς
1475 2167 1507 2208 ἧν
1527 2171 1624 2206 αὐτοὺς
1639 2173 1796 2211 ἀδημονεῖν,
1813 2172 1843 2203 ὡς

198 2223 226 2248 et
234 2219 311 2248 illum
323 2219 468 2248 custodem
479 2220 517 2248 eis
531 2220 672 2256 prmﬁciat,
680 2224 707 2248 et
715 2221 826 2248 Patrem
835 2220 999 2256 alloquatur,

198 2264 292 2294 dicens
303 2274 310 2293 :
323 2265 393 2300 Quia
408 2273 424 2293 a
436 2269 464 2294 te
478 2273 573 2300 vocor,
589 2277 601 2290 υ
615 2273 693 2294 serva
707 2265 764 2301 ipse
775 2265 837 2294 illos
847 2265 877 2293 in
888 2266 1001 2294 nomine

199 2313 258 2344 tuo,
278 2320 293 2337 )›
317 2311 370 2339 hoc
391 2315 442 2346 est,
460 2318 509 2346 per
528 2314 608 2339 tuum
627 2310 798 2347 adjutorium
821 2315 848 2339 et
869 2311 999 2339 virtutem

199 2362 282 2391 quam
305 2355 403 2384 dedisti
427 2355 506 2383 mihi.
531 2356 669 2391 Quaenam
687 2360 779 2384 autem
795 2359 838 2384 est
854 2355 1000 2384 custodia?

199 2411 212 2425 ι
233 2401 274 2428 Ut
287 2400 344 2429 sint
363 2408 456 2429 unum.
474 2412 488 2425 ιν
504 2402 575 2429 Nam
598 2399 620 2429 si
634 2400 799 2429 charitatem
813 2400 884 2428 inter
902 2408 932 2428 se
947 2400 999 2428 ha-

197 2444 317 2480 buerint,
341 2450 368 2473 et
381 2453 438 2473 non
459 2445 562 2474 fuerint
583 2445 735 2480 discordes,
752 2445 846 2474 invicti
865 2449 957 2479 erunt,
973 2449 1000 2473 et

198 2490 265 2518 nihil
289 2490 328 2519 eis
348 2490 513 2527 praevalebit.
538 2491 602 2519 Non
622 2491 782 2527 simpliciter
806 2494 899 2518 autem
921 2502 932 2514 α
958 2491 998 2518 Ut

196 2535 252 2564 sint
270 2544 366 2570 unum,
381 2548 393 2560 ι
405 2536 455 2564 sed
467 2535 543 2564 Sicut
557 2544 608 2572 ego
619 2540 648 2564 et
661 2541 702 2570 tu,
717 2543 805 2564 unum
819 2535 955 2571 sapientes
970 2539 999 2563 et

196 2588 284 2609 unum
302 2581 434 2616 volentes,
449 2581 493 2609 illa
512 2589 559 2609 eos
571 2580 718 2609 concordia
738 2579 886 2609 custodiet.
903 2581 997 2616 Itaque

197 2630 228 2654 ut
237 2626 394 2655 consoletur
405 2634 453 2655 eos
466 2626 575 2654 Patrem
594 2630 655 2654 orat
673 2633 723 2662 pro
743 2624 870 2654 custodia
888 2633 996 2654 eorum.

194 2672 266 2700 Nam
283 2671 306 2700 si
321 2671 436 2700 dixisset
449 2680 455 2699 :
480 2673 535 2708 Ego
559 2670 714 2699 custodiam
728 2679 787 2706 vos,
810 2678 866 2699 non
881 2671 922 2699 sic
936 2679 995 2699 cre-

195 2716 347 2746 didissent:
370 2725 445 2746 nunc
467 2720 563 2746 autem
574 2716 642 2746 dum
655 2717 769 2745 Patrem
790 2724 840 2753 pro
863 2716 903 2745 eis
918 2720 998 2753 rogat

230 2779 277 2799 “5"
286 2782 369 2811 Joan.
386 2787 452 2815 xiv,
467 2784 507 2810 te.

1056 2216 1370 2255 ἔγκαταλιμπανομένους
1407 2215 1521 2256 ἐρήμους
1567 2219 1675 2256 βοηθοῦ·
1716 2216 1839 2246 δείκνυσιν

1056 2261 1161 2298 αὐτοῖς,
1177 2260 1218 2290 ὅτι
1232 2263 1270 2302 τῷ
1289 2260 1380 2301 Πατρὶ
1397 2261 1489 2295 αὖτοὺς
1509 2261 1706 2301 παρατίθεται,
1724 2262 1768 2291 καὶ
1784 2262 1838 2290 τοῦ·

1054 2317 1098 2335 τον
1116 2304 1222 2345 φύλακα
1235 2307 1323 2340 αὐτοῖς
1335 2307 1428 2347 ἐφιστᾷ
1439 2327 1447 2342 ,
1464 2306 1510 2335 καὶ
1523 2307 1561 2346 τῷ
1575 2306 1664 2346 Πατρὶ
1677 2305 1838 2345 διαλέγεται,

1053 2349 1093 2380 ὅτι
1107 2350 1220 2388 Ἐπειδὴ
1245 2351 1310 2391 πρὸς
1325 2351 1437 2381 σεαυτὸν
1459 2351 1490 2380 σύ
1514 2363 1548 2390 με
1568 2352 1677 2388 καλεῖς,
1697 2365 1710 2378 ι
1732 2349 1840 2391 φύλαξον

1051 2395 1156 2429 τούτους
1169 2396 1245 2430 αὐτὸς
1256 2397 1283 2426 ἐν
1299 2398 1337 2437 τῷ
1352 2396 1462 2434 ὀνόματί
1476 2408 1532 2426 σου·
1550 2410 1562 2422 ιι
1580 2397 1720 2433 τουτέστι,
1736 2395 1786 2426 Διὰ
1798 2396 1840 2429 τῆς

1053 2442 1101 2476 σῆς
1114 2441 1236 2481 βοηθείας
1255 2441 1300 2471 καὶ
1320 2441 1474 2481 δυνάμεως,
1501 2441 1534 2478 ἢν
1551 2441 1667 2475 δέδωκάς
1681 2453 1737 2480 μοι.
1751 2441 1776 2470 Τ
1779 2440 1799 2473 ίς
1816 2438 1840 2467 δέ

1053 2487 1123 2515 ἐστιν
1134 2488 1148 2522 ἦ
1160 2485 1282 2524 φυλακή;
1294 2499 1306 2512 α
1314 2485 1374 2516 Ἵνα
1382 2480 1447 2516 ὦσιν
1456 2485 1495 2517 ἔν.
1506 2499 1518 2512 ι
1527 2486 1593 2516 Ἐὰν
1603 2486 1654 2526 γὰρ
1665 2486 1770 2525 ἀγάπην
1781 2483 1841 2524 ἔχω·

1053 2541 1078 2559 σι
1096 2531 1161 2570 πρὸς
1181 2531 1322 2568 ἀλλήλους,
1339 2531 1384 2561 καὶ
1398 2532 1435 2570 μὴ
1452 2531 1697 2569 διαστασιάσωσιν,
1711 2531 1838 2567 ἀήττητοι

1051 2575 1167 2616 ἔσονται,
1183 2576 1228 2606 καὶ
1243 2576 1316 2605 οὐδὲν
1334 2576 1420 2606 αὐτῶν
1445 2577 1583 2616 κρατήσει.
1605 2577 1668 2616 Οὖχ
1688 2576 1779 2608 ἅπλῶς
1799 2573 1837 2608 δὲ,

1052 2635 1064 2648 ιι
1078 2619 1138 2651 Ἵνα
1148 2615 1213 2650 ὦσιν
1228 2621 1266 2658 ἓν,
1282 2634 1292 2646 ι
1307 2621 1388 2661 ἀλλὰ,
1404 2615 1499 2655 Καθὼς
1515 2621 1567 2661 ἐγὼ
1579 2622 1625 2652 καὶ
1638 2615 1680 2658 ἀΰ,
1696 2621 1726 2650 τὸ
1741 2619 1769 2649 ἓν
1782 2629 1838 2658 φρο-

1051 2668 1169 2702 νοῦντες,
1191 2666 1222 2696 τὸ
1247 2665 1275 2695 ἓν
1306 2665 1433 2700 θέλοντες.
1475 2667 1562 2696 Τοῦτο
1583 2667 1634 2707 γάρ
1664 2667 1734 2696 ἔστιν
1757 2665 1840 2696 αὐτοῖς

1050 2710 1247 2752 φυλακτήριον,
1264 2713 1281 2747 ἡ
1297 2710 1417 2751 ὁμόνοια.
1442 2710 1503 2742 Ἵνα
1531 2707 1575 2742 οὖν
1599 2711 1692 2745 αὐτοὺς
1716 2719 1836 2751 παραμυ-
