1922 3077
66 145 106 173 233
409 136 605 166 ENARRATIO
625 137 657 165 IN
677 135 893 165 EVANGELIUM
911 134 1063 164 JOANNlS.
1084 150 1118 156 —
1137 135 1212 163 CAP.
1234 135 1318 163 XVII.

1628 134 1681 161 234

66 204 173 242 Momm,
192 203 233 233 τὸν
248 201 357 241 Πατέρα
371 202 523 241 παρακαλεῖ
539 201 582 230 ἐπὶ
596 199 644 236 τὴν
668 201 755 229 αὐτῶν
776 211 828 240 φυ-

905 206 957 227 ona
970 206 1017 234 spe
1028 199 1196 226 animantur.
1214 209 1227 221 «ι
1242 198 1299 232 Ego
1309 196 1451 225 servabam
1463 204 1510 224 eos
1524 197 1553 224 in
1566 196 1682 225 nomine

66 250 143 286 λαχήν.
167 249 197 279 Εἰ
219 247 269 287 γὰρ
287 242 376 282 εἶπεν,
401 245 441 275 ὅτι
466 245 539 285 Ἐγὼ
560 245 668 284 τηρήσω
683 246 769 281 ὑμᾶς,
786 246 831 275 οὐχ

67 295 92 324 ἂν
111 294 179 326 οὕτως
203 292 366 322 ἐπίστευσαν·
391 293 436 319 νῦν
466 290 494 319 δὲ
521 291 552 318 ἐκ
577 292 622 319 τοῦ
651 289 694 318 τὸν
723 289 831 329 Πατέρα

66 339 114 378 περὶ
134 340 211 367 αὐτῶν
236 337 340 371 ἀξιοῦν,
364 336 399 368 εἶς
427 334 536 368 ἐλπίδας
562 333 657 368 αὐτοὺς
675 334 732 372 ἄγει
762 345 832 374 χρη-

67 384 123 417 στάς·
138 383 174 413 Τὸ
191 383 216 411 δὲ
227 406 233 418 ,
251 395 262 407 σι
277 381 348 420 Ἐγὼ
373 379 483 419 ἐτήρουν
508 379 603 413 αὐτοὺς
619 380 645 408 ἐν
722 379 832 417 ὀνόματί

67 441 116 466 σου⁷
133 442 143 454 1
161 427 249 468 φησὶν,
265 426 316 464 οὔχ
330 427 366 458 ὡς
381 425 458 458 αὐτὸς
475 424 512 462 μὴ
534 425 677 462 δυνάμενος
690 424 774 456 ἄλλως
787 445 795 459 ,
811 425 835 454 εἷ

67 473 96 511 μὴ
117 472 154 502 διὰ
179 471 207 501 τὸ
230 471 314 508 ὄνομα
339 472 386 499 τοῦ
411 469 532 511 Πατρὸς,
557 469 617 498 ἀλλ’
645 469 679 501 ὡς
707 469 835 502 πολλάκις

66 509 168 554 εἴπομεν,
194 516 234 546 διὰ
250 515 280 544 τὸ
295 515 410 547 ἀσθενεῖς
433 509 501 543 εἶναι
526 514 585 547 τοὺς
609 513 750 546 ἀκούοντας
762 535 771 552 ,
789 514 834 543 καὶ

67 562 132 600 μήπω
154 561 229 600 μηδὲν
264 560 333 598 μέγα
360 558 420 599 περὶ
447 559 526 588 αὖτοῦ
561 559 754 598 φαντάζεσθαι,
792 558 836 587 διὰ

66 606 128 636 τοῦτό
147 617 233 645 φησιν,
257 604 296 634 ὅτι
307 604 354 634 Ἐν
379 605 412 643 τῇ
433 605 466 643 σῇ
483 603 590 643 βοηθείᾳ
606 603 716 640 ἐτήρουν
730 602 833 636 αὐτούς,

887 247 944 277 tuo,
975 255 987 268 ι»
1009 243 1074 271 dicit
1089 252 1094 270 :
1124 251 1179 270 non
1194 242 1268 278 quod
1292 242 1347 277 ipse
1363 249 1417 268 non
1433 242 1519 268 valeat
1539 241 1615 269 aliter
1630 241 1682 269 nisi

886 296 935 324 per
959 296 1060 315 nomen
1081 287 1177 321 Patris,
1202 286 1262 320 sed,
1289 291 1318 314 ut
1344 294 1416 322 saepe
1434 285 1505 319 dixi,
1530 286 1683 313 inﬁrmitati

887 333 1004 361 consulit
1023 333 1193 364 auditorum,
1216 336 1242 359 et
1260 331 1385 359 nondum
1400 338 1532 366 magnum
1553 330 1684 366 quiddam

887 377 921 405 de
939 386 967 405 sc
980 378 1158 406 sentientium
1173 385 1180 404 :
1198 381 1308 412 propter
1321 376 1372 404 hoc
1385 375 1452 403 dicit
1472 384 1479 403 :
1495 377 1527 402 In
1543 378 1590 402 tuo
1604 374 1684 410 adju-

888 422 961 450 torio
984 422 1128 450 servabam
1150 429 1206 449 eos.
1221 422 1336 457 Insuper
1349 425 1376 448 et
1391 420 1460 448 bene
1481 427 1590 455 sperare
1611 419 1684 447 facit.

889 467 1129 501 Quemadmodum
1144 474 1207 494 cum
1222 474 1310 494 essem
1326 465 1466 493 vobiscum
1484 472 1612 500 praesens,
1629 472 1686 493 ser-

889 511 1026 539 valiamini
1048 512 1077 539 in
1094 511 1203 539 nomine
1228 516 1255 539 et
1277 510 1415 546 adjutorio
1438 510 1537 543 Patris,
1554 510 1590 537 ita
1615 517 1688 538 nunc

889 563 998 592 quoque
1022 556 1124 584 credite
1145 564 1192 584 vos
1216 555 1251 583 ab
1273 563 1307 584 eo
1330 554 1487 584 servandos.
1511 554 1587 582 Solet
1610 554 1687 583 enim

890 601 972 628 vestri
985 609 1079 629 curam
1094 601 1205 629 habere.

65 650 124 688 Ἅμα
143 651 167 680 δὲ
192 650 235 679 καὶ
262 649 402 681 εὐέλπιδας
431 647 524 680 αὐτοὺς
550 651 632 684 ποιεῖ,
661 648 701 677 ὅτι
727 646 837 688 "nemp
861 648 905 677 καὶ
930 651 994 688 ἐμοῦ
1019 651 1139 683 συνόντος
1175 652 1256 690 ὖμίν,
1291 651 1425 689 ἐτηρεῑσθε
1453 650 1480 679 ἐν
1506 651 1545 690 τῷ
1577 648 1688 687 ὀνόματι

66 698 102 724 τοῦ
124 694 219 734 Πατρός
245 706 296 731 μου
311 693 356 722 καὶ
371 695 404 732 τῇ
431 693 547 734 βοηθεία-
571 693 641 722 οὕτω
665 691 711 722 καὶ
739 693 818 721 πάλιν
843 694 979 724 πιστεύετε
1009 695 1058 725 ὑπὸ
1084 698 1130 725 τοῦ
1157 697 1236 724 αὐτοῦ
1267 695 1473 735 τηρηθήσεσθαι·
1499 695 1607 731 σύνηθες
1638 694 1689 734 γὰρ

67 741 124 780 αὐτῷ
138 740 164 769 τὸ
180 739 317 780 φυλάττειν
332 740 411 776 ὓμᾶς.

101 797 111 810 α
129 784 178 818 Οὒς
191 784 303 817 δέδωκάς
316 795 378 821 μοι,
398 782 529 823 ἐφύλαξα,
547 782 593 812 καὶ
607 781 691 815 οὐδεὶς
707 781 734 816 ἐξ
751 782 836 810 αὐτῶν

67 829 181 865 ἀπώλετο,
196 830 216 858 εἶ
241 828 278 864 μὴ
306 830 320 857 ὁ
343 828 396 861 υἱὸς
420 830 467 863 τῆς
483 825 689 864 ἀπωλείας,ἴνα
709 829 726 862 ἡ
745 826 837 866 Γραφὴ

928 786 1015 813 Vzns.
1043 787 1085 819 l2,
1112 787 1154 813 13.
1179 796 1192 809 «ι
1218 785 1295 820 Quos
1309 783 1410 812 dedisti
1431 784 1497 812 mihi
1520 792 1572 820 ego
1597 789 1690 813 custo-

892 829 957 862 divi,
988 834 1015 857 et
1042 838 1125 857 nemo
1149 838 1182 858 ex
1208 831 1247 857 eis
1273 830 1362 865 periit,
1385 829 1438 857 nisi
1461 829 1530 857 ﬁlius
1553 829 1598 858 ille
1626 838 1690 865 per-

67 875 185 914 πληρωθῇ.
204 874 257 903 Νῦν
279 872 305 901 δὲ
322 872 388 912 πρὸς
410 872 439 902 σὲ
454 871 585 912 ἔρχομαι,
605 872 650 900 καὶ
666 874 749 900 ταῦτα
765 873 839 900 λαλῶ

902 874 979 907 litus,
999 879 1030 902 ut
1044 875 1182 910 Scriptura
1197 874 1389 910 compleretur.
1413 875 1493 902 Nunc
1507 878 1599 902 autem
1614 874 1648 902 ad
1664 878 1691 902 te

68 919 88 946 ἐν
100 920 132 958 τῷ
155 919 256 958 κόσμῳ,
272 917 316 946 ἵνα
340 917 424 957 ἔχωσι
448 917 496 952 τὴν
521 916 608 956 χαρὰν
634 915 682 951 τὴν
706 916 772 953 ἐμὴν
788 927 837 944 πε-

69 962 222 1003 πληρωμένην
243 964 270 991 ἐν
290 963 400 994 ἑαυτοῖς.
423 972 437 990 n
465 962 558 996 Πολλὴ
583 964 598 996 ἡ
615 961 772 994 ταπείνωσις
788 963 839 989 τῶν

69 1009 192 1047 ῥημάτων,
232 1007 256 1036 εἴ
285 1019 324 1040 τις
361 1006 426 1035 αὐτὰ
465 1006 542 1040 ἀξίως
570 1006 711 1045 ἐκδέέοιτο.
767 1005 840 1044 Ὅρα

68 1052 110 1091 γὰρ
132 1054 234 1082 ἐνταῦθα
260 1052 286 1080 τί
323 1051 462 1092 φαίνεται,
504 1065 514 1077 ιι
543 1051 598 1083 Οὒς
629 1050 746 1082 δέδωκάς
777 1061 839 1087 μοι,

68 1097 174 1136 ἐφύλαξα.
191 1112 202 1124 ιι
218 1099 300 1127 Δοκεῖ
315 1097 365 1136 γὰρ
390 1096 584 1135 παραγγέλλειν
606 1097 643 1134 τῷ
669 1095 773 1134 "arpi,
798 1094 840 1122 ἵνα

69 1143 172 1182 quiia-tri;
185 1141 227 1171 καὶ
244 1144 259 1171 ὃ
281 1141 376 1180 Πατὴρ
397 1141 505 1173 αὐτούς·
529 1141 620 1179 ὥσπερ
637 1139 669 1168 ἂν
693 1138 717 1168 εἴ
737 1151 775 1172 τις
790 1151 841 1168 πα-

71 1186 170 1225 ραδιδούς
185 1199 233 1215 τινι
248 1185 379 1226 χρήματα
399 1186 463 1225 πρὸς
477 1185 599 1225 ιρυλακὴν
611 1207 619 1220 ,
640 1184 719 1212 εἴποι·
737 1184 840 1220 Βλέπε,

70 1231 112 1269 ἐγὼ
134 1231 200 1260 οὐδὲν
234 1230 386 1266 ἀπώλεσα,
420 1230 487 1268 μηδὲ
515 1229 546 1259 σὺ
579 1230 722 1268 ἀπολέσῃς.
763 1227 842 1257 Ἀλλὰ

69 1279 138 1305 ταῦτα
152 1277 234 1306 πάντα
258 1276 332 1314 λέγει
359 1275 400 1303 διὰ
418 1277 464 1310 τὴν
490 1276 542 1303 τῶν
568 1275 694 1312 μαθητῶν
720 1284 842 1312 παρηγοα

71 1321 126 1359 ρίαν.
142 1334 151 1345 ιι
166 1322 258 1350 Ταῦτα
276 1319 342 1359 γὰρ,
366 1318 445 1359 φησὶ,
465 1319 539 1347 λαλῶ
555 1319 581 1347 ἐν
607 1320 642 1358 τῷ
664 1318 756 1356 κόσμῳ
775 1331 786 1342 ι
801 1316 844 1345 διὰ

70 1364 108 1400 τὴν
128 1366 174 1394 τῶν
193 1366 317 1403 μαθητῶν
339 1365 503 1400 ἀνάπαυσιν,
527 1363 572 1392 καὶ
596 1363 780 1402 παρηγορίαν,
800 1361 845 1390 καὶ

71 1409 158 1448 χαρὰν,
173 1408 214 1438 ἵνα
237 1409 424 1438 ἀναπνεύσωσι
438 1431 445 1444 ,
464 1408 509 1437 καὶ
535 1407 795 1448 ἀφροντιστήσιιισιν,
811 1408 846 1439 ὡς

71 1453 303 1494 παραλαμϐάνοντός
323 1465 367 1483 σου
389 1453 494 1486 τούτους
518 1453 617 1488 σώους,
634 1453 679 1481 καὶ
705 1451 846 1490 μέλλοντος

72 1499 190 1538 quidam
213 1498 326 1535 αὐτοὺς,
354 1497 444 1536 ὥσπερ
472 1497 548 1536 κάγὼ
584 1495 701 1538 ἐφύλαξα
730 1495 844 1533 αὐτοὺς,

77 1536 104 1555 ἰ
143 1544 179 1554 πυ
245 1545 252 1555 τ
290 1543 295 1552 ν
436 1544 452 1550 ~
511 1538 525 1554 τ
585 1536 601 1552 τ
664 1540 670 1549 Ι
770 1539 812 1550 νυ

73 1554 108 1572 χαι
127 1552 212 1573 cubem
239 1545 377 1573 απωλεσα.
407 1544 467 1575 ΙΙως
496 1553 558 1577 ουν,
582 1554 604 1569 (ι)
633 1543 729 1580 Κυριε,
752 1551 845 1569 ουοενα

73 1587 209 1626 timuitque;
238 1589 252 1617 8
275 1599 304 1617 τε
321 1588 370 1627 γὰρ
396 1587 495 1619 Ἰούδας
519 1586 654 1621 ἀπώλετο,
681 1585 726 1614 καὶ
752 1584 846 1613 πολλοὶ

73 1633 133 1662 ἄλλοι
146 1635 242 1672 ὑπῆγον
258 1634 295 1665 εἷς
314 1633 346 1661 τὰ
362 1633 459 1662 ὀπίσω.
482 1633 522 1661 Τὸ
546 1632 608 1668 ἐμὸν
629 1630 724 1669 μέρος,
749 1630 847 1669 φησιν,

73 1678 148 1707 οὐδένα
163 1678 297 1706 ἀπώλεσα·
320 1677 379 1706 ὅσον
395 1677 446 1716 γὰρ
471 1676 501 1705 τὸ
522 1677 566 1705 ἐπ’
592 1675 666 1712 ἐμοὶ,
695 1674 768 1703 οὐδὲν
791 1673 848 1702 ἐνέ-

72 1722 153 1761 lari/1,
171 1723 226 1751 ἀλλ’
249 1722 368 1762 ἐτήρησα
388 1721 498 1756 αὐτοὺς,
519 1720 653 1755 τουτέστι,
678 1718 850 1757 παντοιοτρό-

73 1778 118 1799 πως
131 1767 278 1796 ἐσπούδασα
301 1766 366 1805 πρὸς
386 1767 433 1801 τὴν
456 1767 543 1795 αὐτῶν
558 1764 690 1805 φυλακήν
709 1764 731 1792 εἶ
747 1763 774 1792 δὲ
802 1764 846 1802 ἀφ’

74 1812 158 1841 ἑαυτῶν
173 1813 358 1848 ἀποπηδῶσιν,
375 1811 449 1840 οὐδὲν
469 1813 545 1840 τοῦτο
568 1809 632 1849 πρὸς
657 1809 718 1847 ἐμέ.
742 1807 782 1838 Τὸ
805 1808 850 1844 δὲ,

77 1869 86 1882 ι
100 1855 181 1892 Ἰναὴ
197 1857 291 1897 Γραῃὴ
313 1858 456 1895 πληρωθῇ,
479 1869 491 1882 υ
510 1855 650 1890 τουτέστι,
668 1858 743 1883 πᾶσα
759 1854 775 1887 ἡ
789 1852 850 1891 περὶ

74 1904 110 1930 τοῦ
125 1903 175 1930 υἱοῦ
195 1904 240 1937 τῆς
259 1901 394 1933 ἀπωλείας
416 1900 594 1940 προλέγουσα.
619 1898 672 1929 Καὶ
696 1898 750 1938 γὰρ
764 1897 809 1926 καὶ
825 1898 850 1926 ἐν

75 1946 186 1984 Ψαλμοῖς
208 1946 342 1986 διαφόροις
355 1945 414 1984 περῖ
430 1946 511 1974 αὐτοῦ
534 1944 655 1983 εἴρηται,
680 1943 725 1972 καὶ
749 1943 775 1971 ἐν
792 1945 851 1975 ταῖς

75 1991 152 2024 ἄλλοις
162 1993 211 2019 τῶν
228 1992 371 2031 προφητῶν
386 1989 496 2028 βίϐλοις.
517 1990 583 2029 Περὶ
600 1988 627 2017 δὲ
640 1989 702 2024 τοῦ,
723 2000 736 2014 ι
749 1986 820 2023 Ἵνα,
835 1999 847 2013 ι

74 2035 185 2068 πολλάκις
210 2035 338 2073 εἴπομεν,
361 2033 401 2063 ὅτι
426 2033 460 2063 τὰ
486 2036 532 2069 τῆς
555 2033 691 2066 ἐκϐάσεως
720 2031 807 2061 εἴωθεν
832 2033 850 2067 ἡ

76 2080 154 2119 Γραφὴ
167 2081 348 2118 αἶτιολογικῶς
363 2081 502 2120 ἐκφωνεῖν.

107 2137 119 2150 ι
140 2123 208 2162 Ἐγὼ
232 2125 336 2154 δέδωκα
354 2125 440 2157 αὐτοῖς
456 2123 500 2152 τὸν
516 2123 593 2160 λόγον
617 2133 673 2152 σου·
696 2121 742 2150 καὶ
764 2121 778 2150 ὁ
802 2119 851 2149 κό-

74 2179 127 2204 σμος
139 2170 261 2205 ἐμίσησεν
278 2168 372 2201 αὐτοὺς
407 2169 505 2197 δτιοῦκ
521 2167 587 2196 εἰσὶν
609 2169 637 2197 ἐκ
659 2169 706 2196 τοῦ
728 2165 849 2204 κόσμου,

75 2213 146 2246 καθὼς
162 2214 212 2252 ἐγὼ
225 2215 271 2242 οὐκ
289 2214 343 2252 εἰμὶ
358 2215 387 2242 ἐκ
402 2215 446 2242 to?
465 2213 576 2251 κόσμου.
604 2213 664 2241 Οὐκ
682 2212 772 2251 ἐρωτῶ
783 2232 791 2246 ,
807 2209 850 2238 ἵνα

76 2257 129 2295 ἄρῃς
151 2259 240 2292 αὐτοὺς
264 2260 295 2288 ἐκ
317 2261 363 2287 τοῦ
380 2259 496 2296 κόσμου,
512 2257 572 2285 ἀλλ’
591 2256 634 2285 ἵνα
659 2255 780 2296 τηρήσῃς
803 2255 850 2283 αὖ·

75 2302 124 2334 τῡὺς
145 2304 172 2332 ἐκ
195 2306 239 2332 τοῦ
273 2306 398 2342 πονηροῦ.
428 2302 478 2331 Ἐκ
507 2305 554 2331 τοῦ
585 2300 685 2338 κόσμου
714 2301 760 2329 οὐκ
788 2298 854 2335 εἶσὶ,

75 2347 148 2380 καθὼς
169 2348 218 2386 ἐγὼ
245 2349 275 2377 ἐκ
300 2350 345 2377 τοῦ
369 2348 468 2386 κόσμου
497 2348 543 2376 οὐκ
561 2346 628 2384 εἰμί.
646 2357 661 2373 ι)
685 2345 853 2384 Παρακαλῶν

75 2390 112 2419 τὸν
126 2393 230 2431 Πατέρα
252 2394 289 2426 εἷς
304 2392 351 2428 τὴν
375 2395 428 2421 τῶν
451 2390 605 2420 ἀποστόλων
629 2390 767 2429 βοήθειαν,
783 2388 854 2426 λέγει

75 2435 114 2463 καὶ
134 2437 231 2472 αἰτίαν,
250 2437 285 2466 δι’
301 2437 333 2472 ἣν
358 2436 425 2471 ἄξιοί
447 2438 497 2466 εἶσι
516 2435 589 2475 παρὰ
603 2437 649 2464 τοῦ
668 2434 772 2472 [ἰατρὸς
793 2433 855 2461 ἐπι-

78 2480 168 2516 μελείας
187 2482 287 2517 πολλῆς
310 2485 409 2521 τυχεῖν.
430 2481 482 2510 Διὰ
502 2480 554 2519 γὰρ
583 2491 598 2507 ιι
620 2479 663 2508 τὸν
693 2478 770 2517 λόγον
792 2489 856 2514 σου,

78 2526 144 2561 φησιν
155 2548 163 2562 ,
178 2525 206 2554 δν
223 2527 327 2556 δέδωκα
342 2527 428 2558 αὐτοῖς
438 2548 445 2560 ,
459 2537 473 2554 ι)
497 2524 673 2564 ἐμισήθησαν.
689 2521 773 2553 ’Ὥστε
791 2522 856 2556 ἄξιοι

80 2566 105 2594 ἂν
117 2564 161 2598 εἶεν
174 2571 247 2610 παρὰ
274 2574 320 2600 σοῦ
346 2573 527 2610 βοηθηθῆναι,
544 2570 567 2599 οἱ
590 2569 632 2598 διὰ
658 2568 686 2597 σὲ
703 2567 856 2607 μισηθέντες

79 2613 140 2652 παρὰ
149 2617 198 2644 τῶν
213 2616 245 2644 τὰ
262 2618 308 2645 τοῦ
332 2615 432 2654 κόσμου
450 2614 622 2655 φρονούντων.
641 2615 704 2646 Τοῖς
726 2612 775 2652 γὰρ
804 2623 855 2651 χυ-

80 2656 149 2691 δαίοις
174 2663 314 2698 μισοῦνται
337 2656 425 2697 οἷτοι,
449 2660 540 2701 φησίν.
569 2671 584 2686 σ
601 2659 642 2688 Οὖ
665 2658 716 2697 γὰρ
739 2657 802 2686 εἰσιν
829 2657 858 2684 ἐκ

80 2704 117 2730 τοῦ
138 2703 244 2742 κόσμου’
268 2717 282 2734 n
313 2705 465 2743 τουτέστιν,
493 2706 540 2734 οὐκ
566 2704 657 2743 ἔχουσι
683 2703 792 2741 γνώμην
821 2702 858 2740 τῷ

81 2745 160 2788 κόσμῳ
181 2750 374 2788 προσκειμένην
385 2772 393 2786 ,
416 2748 462 2779 καὶ
478 2750 550 2787 αὐτῷ
567 2752 656 2776 πᾶσαν
672 2746 718 2782 τὴν
743 2745 859 2780 σπουδὴν

82 2793 340 2832 προσαναλίσκουσαν.
367 2795 430 2828 Πῶς
456 2789 500 2823 οὖν
528 2793 648 2832 ἀλλαχοῦ
673 2790 762 2830 λέγει,
778 2801 793 2820 α
808 2789 861 2824 Οὓς

207 2843 324 2871 Paeon.
343 2843 392 2871 Gn.
413 2843 521 2871 CXXIV.

894 919 986 952 venio,
1001 923 1028 946 et
1044 919 1103 946 hazc
1119 919 1216 955 loquor
1228 919 1379 951 inmundo,
1394 919 1550 946 uthaheant
1561 919 1692 954 gaudium

895 971 987 990 meum
1011 964 1154 999 impletum
1176 964 1202 991 in
1225 963 1386 999 semetipsis.
1410 975 1423 988 ››
1443 964 1528 991 Multa
1546 963 1692 992 verborum

895 1007 1042 1041 humilitas,
1063 1008 1084 1035 si
1109 1009 1171 1044 quis
1195 1016 1225 1035 ea
1244 1007 1326 1043 digne
1349 1009 1495 1043 exceperit.
1514 1008 1596 1035 Vides
1617 1009 1692 1036 enim

895 1053 947 1080 hoc
962 1053 1021 1080 loco
1036 1053 1101 1088 quill
1117 1057 1238 1088 apparet.
1257 1064 1269 1076 ι
1287 1053 1362 1087 Quos
1377 1052 1475 1080 dedisti
1497 1053 1577 1086 mihi,
1597 1057 1691 1082 custo-

895 1097 959 1125 divi.
984 1109 996 1121 π
1019 1097 1134 1125 Videtur
1155 1098 1228 1125 enim
1243 1097 1406 1125 annuntiare
1432 1097 1503 1125 Patri
1528 1102 1558 1125 ut
1570 1102 1597 1126 et
1615 1100 1694 1127 Pater

896 1150 942 1169 eos
965 1142 1118 1175 custodiat;
1145 1143 1215 1170 sicut
1240 1142 1263 1169 si
1297 1142 1358 1178 quis
1384 1142 1503 1177 cuipiam
1535 1142 1694 1171 tradidisset

896 1187 1024 1222 pecunias
1038 1187 1238 1220 custodiendas,
1260 1186 1355 1214 dicat:
1378 1187 1458 1219 Vide,
1480 1195 1530 1222 ego
1546 1187 1612 1215 nihil
1633 1197 1693 1224 per-

897 1231 965 1264 didi,
984 1239 1072 1267 neque
1101 1236 1130 1259 tu
1146 1232 1252 1267 perdas.
1268 1233 1303 1258 At
1320 1231 1379 1259 haec
1394 1232 1487 1259 omnia
1505 1232 1570 1260 dicit
1584 1237 1694 1268 propter

897 1276 1091 1312 discipulorum
1107 1276 1337 1309 consolationem;
1354 1277 1431 1312 quasi
1446 1276 1560 1310 diceret,
1575 1278 1642 1305 Haec
1655 1278 1695 1306 lo-

899 1329 969 1356 quor
998 1321 1032 1348 ad
1054 1321 1251 1356 disripulorum
1272 1321 1392 1356 quietem
1425 1325 1453 1349 et
1477 1322 1695 1350 consolationem

899 1373 930 1393 ac
947 1366 1086 1401 gaudium,
1111 1369 1140 1392 ut
1160 1365 1302 1401 respirent,
1322 1373 1354 1393 ac
1374 1373 1455 1393 curas
1477 1365 1617 1401 deponant
1635 1371 1696 1395 tan-

900 1418 983 1445 quam
1003 1410 1147 1445 recipiente
1166 1414 1192 1438 te
1209 1410 1269 1437 illos
1290 1410 1389 1443 salvos,
1406 1415 1433 1438 et
1446 1411 1620 1439 custoditum
1635 1419 1692 1447 eos,

899 1455 971 1482 sicut
989 1463 1040 1490 ego
1053 1455 1186 1483 custodivi
1206 1463 1254 1482 eos
1269 1459 1295 1482 et
1310 1455 1416 1482 nullum
1429 1455 1518 1483 amisi.
1536 1457 1695 1491 Quomodo,

902 1508 918 1526 o
932 1500 1061 1533 Domine,
1076 1500 1181 1527 nullum
1201 1499 1353 1535 perdidisti,
1368 1508 1431 1527 cum
1447 1505 1474 1527 et
1487 1500 1572 1528 Judas
1587 1501 1697 1537 perierit

902 1545 1035 1580 multique
1059 1545 1103 1572 alii
1125 1545 1346 1573 retrocessel‘int?
1368 1545 1508 1580 Quantum
1531 1545 1565 1573 ad
1585 1554 1630 1574 me
1656 1551 1697 1575 at-

901 1591 978 1622 tinet,
996 1590 1093 1625 inquit,
1110 1590 1216 1617 nullum
1232 1589 1335 1625 perdidi
1351 1600 1356 1617 :
1375 1594 1509 1625 quantum
1525 1591 1554 1618 in
1573 1599 1619 1618 me
1634 1591 1695 1626 fuit,

900 1635 1005 1662 nullum
1027 1634 1103 1661 amisi
1120 1643 1127 1661 ε
1144 1634 1191 1662 sed
1209 1634 1315 1662 servavi
1338 1642 1395 1667 eos,
1417 1635 1469 1662 hoc
1488 1639 1538 1668 est,
1555 1636 1697 1664 omnimo-

900 1679 965 1707 dam
983 1687 1076 1706 curam
1091 1679 1173 1706 habui
1186 1678 1219 1706 de
1240 1679 1349 1706 illorum
1365 1679 1446 1715 731
1462 1680 1595 1708 custodia.
1617 1681 1698 1716 Quod

901 1728 994 1751 autem
1006 1731 1020 1751 a
1037 1724 1133 1759 seipsis
1154 1723 1319 1756 resilieruut,
1344 1724 1411 1751 nihil
1428 1724 1480 1752 hoc
1495 1725 1530 1752 ad
1547 1733 1599 1753 me.
1616 1726 1698 1761 Quod

902 1773 995 1796 autem
1018 1767 1082 1795 dicit
1099 1777 1104 1795 :
1131 1779 1143 1791 ‹‹
1166 1769 1206 1795 Ut
1219 1768 1360 1803 Scriptura
1381 1768 1540 1804 impleatur,
1557 1781 1569 1793 α
1585 1769 1638 1797 hoc
1656 1774 1698 1798 est

903 1813 992 1840 omnis
1015 1820 1076 1847 quae
1093 1812 1127 1840 de
1141 1812 1196 1839 lilio
1219 1812 1381 1847 perditionis
1397 1813 1530 1847 przcdicit.
1547 1815 1656 1842 Etenim
1671 1819 1698 1843 et

903 1857 932 1885 in
959 1856 1074 1884 Psalmis
1101 1856 1182 1883 variis
1201 1856 1235 1884 de
1259 1856 1304 1884 illo
1329 1856 1434 1884 dictum
1460 1862 1511 1890 est,
1535 1862 1564 1885 et
1585 1858 1612 1886 in
1637 1859 1699 1886 aliis

902 1901 1098 1938 prophetarum
1114 1900 1197 1928 libris.
1210 1902 1249 1928 De
1260 1900 1370 1929 verbulo
1390 1906 1493 1936 autem,
1506 1914 1518 1926 οι
1533 1906 1574 1936 ut,
1593 1914 1605 1927 ι
1626 1911 1699 1939 saepe

902 1947 1024 1975 diximus
1044 1946 1116 1982 quod
1131 1954 1163 1973 co
1179 1950 1271 1973 utatur
1280 1946 1418 1982 Scriptura
1432 1950 1560 1982 tanquam
1574 1952 1698 1983 eventus,

902 1999 959 2020 non
972 1999 1063 2019 causa:
1074 1990 1262 2027 signiticativo.

939 2127 1028 2154 Vens.
1052 2128 1143 2154 14-16.
1163 2137 1175 2150 α
1192 2126 1250 2162 Ego
1265 2125 1362 2154 tradidi
1384 2126 1424 2155 eis
1441 2135 1598 2157 sermonem
1608 2132 1699 2165 tuum,

907 2175 933 2199 et
960 2171 1079 2198 mundus
1104 2179 1151 2198 eos
1178 2170 1244 2198 odio
1273 2171 1378 2204 habuit,
1406 2172 1466 2208 quia
1495 2181 1550 2200 non
1576 2178 1640 2201 sunt
1667 2175 1701 2203 de

906 2216 1021 2249 mundo,
1051 2215 1120 2243 sicut
1145 2220 1174 2242 et
1198 2223 1249 2251 ego
1274 2224 1328 2243 non
1354 2225 1416 2244 sum
1436 2217 1469 2244 de
1492 2218 1608 2246 mundo.
1637 2220 1700 2247 Non

906 2269 973 2296 rogo
988 2265 1017 2288 ut
1030 2261 1110 2287 tollas
1119 2268 1166 2287 eos
1180 2261 1213 2288 de
1227 2260 1341 2294 mundo,
1355 2261 1404 2288 sed
1419 2269 1510 2290 serves
1525 2270 1572 2290 eos
1586 2271 1601 2290 a
1615 2264 1699 2293 malo.

908 2307 949 2333 De
978 2304 1081 2332 mundo
1102 2313 1157 2332 non
1180 2309 1254 2338 sunt,
1279 2305 1350 2332 sicut
1370 2309 1397 2332 et
1421 2314 1470 2341 ego
1497 2315 1552 2334 non
1577 2315 1640 2336 sum
1668 2309 1703 2338 de

908 2349 1023 2378 mundo.
1049 2360 1062 2374 η
1078 2350 1167 2377 Orans
1193 2350 1302 2377 Patrem
1321 2354 1350 2377 ut
1371 2350 1481 2386 juvaret
1495 2353 1645 2388 apostolos,
1660 2353 1702 2382 di-

909 2395 946 2423 cit
967 2399 994 2422 et
1016 2402 1128 2422 causam
1155 2399 1264 2429 propter
1296 2402 1379 2430 quam
1401 2394 1475 2431 digni
1498 2396 1556 2424 sint
1579 2401 1611 2425 ut
1635 2399 1704 2427 mul-

909 2443 967 2466 tam
988 2447 1004 2466 a
1028 2440 1108 2467 Patre
1138 2443 1342 2474 consequantur
1364 2447 1467 2467 curam.
1498 2442 1570 2469 Nam
1593 2447 1706 2479 propter

911 2495 924 2508 ι
945 2491 1101 2511 sermonem
1122 2488 1211 2517 tuum,
1239 2484 1336 2520 inquit,
1351 2492 1434 2520 quem
1456 2485 1518 2513 dedi
1534 2486 1582 2520 eis,
1601 2499 1613 2511 ι
1641 2488 1706 2517 odio

911 2527 1032 2562 fuerunt,
1055 2532 1081 2556 et
1096 2528 1132 2555 ita
1154 2528 1229 2564 digni
1255 2533 1336 2556 erunt
1361 2533 1391 2556 ut
1407 2534 1488 2558 tuum
1513 2531 1631 2559 sentiant
1655 2540 1705 2560 au-

911 2573 1015 2606 xilium,
1036 2577 1148 2608 propter
1167 2577 1194 2600 te
1214 2573 1286 2601 exosi
1303 2573 1346 2600 his
1360 2574 1407 2609 qui
1429 2574 1571 2603 mundana
1585 2576 1704 2611 sapiunt.

913 2617 1000 2653 Vulgo
1021 2618 1094 2645 enim
1120 2618 1274 2653 promiscuo
1301 2619 1378 2646 exosi
1398 2623 1472 2653 sunt,
1488 2619 1589 2655 inquit.
1608 2631 1620 2644 α
1644 2621 1707 2648 Non

912 2662 988 2689 enim
999 2667 1062 2690 sunt
1074 2670 1106 2690 ex
1120 2663 1233 2695 mundo,
1248 2674 1259 2687 ι
1276 2663 1326 2690 hoc
1341 2667 1394 2697 est,
1407 2671 1460 2691 non
1473 2663 1571 2692 habent
1587 2669 1708 2692 mentem

913 2706 1018 2734 mundo
1034 2707 1239 2743 agglutinatam,
1255 2711 1282 2735 et
1301 2715 1381 2735 omne
1395 2708 1518 2735 studium
1536 2709 1563 2736 in
1574 2709 1652 2737 illum
1665 2709 1706 2736 in-

914 2755 1081 2779 sumentem.
1103 2752 1250 2788 Quomodo
1265 2752 1346 2788 igitur
1360 2751 1424 2780 dicit
1444 2752 1495 2779 alio
1512 2753 1582 2787 loco,
1602 2765 1614 2778 α
1633 2754 1710 2788 Quos

912 2795 1012 2824 dedisti
1023 2796 1089 2824 mihi
1101 2804 1133 2824 ex
1146 2796 1199 2825 hoc
1213 2796 1329 2831 mundo,
1348 2808 1360 2822 ιι
1382 2796 1424 2824 tui
1438 2795 1568 2826 fuerunt?
1579 2798 1636 2827 Illic
1646 2797 1711 2834 qui-
