1922 3077
245 158 298 184 235

756 155 777 183 Τ
779 154 1011 184 HEOPHYLACTI
1029 153 1206 182 BULGARle
1224 153 1379 182 ARCHIEP.
1842 156 1882 182 236

245 219 310 247 dem
327 218 362 247 de
374 221 473 246 natura
489 218 592 252 dicens,
605 217 681 254 quod
704 225 735 246 ex
752 217 912 246 hominibus
930 218 995 250 sint,
1017 225 1029 245 ε

1083 247 1085 251 ,
1100 217 1216 250 δέδωκάς
1238 229 1284 255 μοι
1307 217 1336 246 ἐκ
1358 219 1404 246 τοῦ
1420 216 1540 255 κόσμου,
1558 216 1598 245 σοὶ
1619 212 1688 252 ἦσαν
1698 229 1706 253 ;
1722 229 1736 242 ι
1754 215 1827 246 Ἐκεῖ
1844 216 1881 254 μὲν

244 271 307 300 pars
322 263 421 291 mundi
437 272 443 290 :
457 263 509 291 hoc
524 267 617 290 autem
628 263 688 291 loco
703 268 825 291 mentem
836 267 863 290 et
874 263 1040 290 voluntatem

243 307 389 344 signiﬁcat,
406 307 499 336 dicens
514 307 589 343 quod
609 307 644 335 de
662 308 764 336 mundo
784 315 841 335 non
859 308 924 336 sint.
946 308 1040 342 Neque

244 352 337 380 turbet
357 356 384 380 te
404 352 476 388 quod
498 352 564 380 dicit
580 361 587 380 :
612 364 623 376 ει
642 352 718 381 Sicut
738 360 788 388 ego
807 360 841 380 ex
858 351 965 380 mundo
984 359 1040 379 non

244 405 315 425 sum.
331 408 343 421 Iv
355 398 417 425 Non
433 397 508 424 enim
520 397 558 424 sic
572 396 684 425 fuerunt
696 397 784 425 sancti
798 397 927 433 apostoli,
940 401 967 424 et
984 404 1040 424 non

245 441 391 478 participes
426 441 605 469 affectionum
641 441 753 476 mundi,
787 442 859 470 sicut
889 441 1037 469 Dominus.

245 497 259 511 ι
280 487 341 522 Ipse
350 486 423 514 enim
437 490 577 521 peccatum
591 494 646 514 non
662 486 735 520 fecit,
750 494 840 523 neque
855 487 983 514 inventus
999 489 1040 514 est

240 531 270 558 in
287 539 335 559 ore
353 531 411 567 ejus
425 531 505 559 dolus
523 530 544 547 ³⁸
566 541 572 559 ;
589 543 601 555 υ
622 531 660 559 illi
676 536 769 559 autem
791 531 920 559 humanae
934 535 1039 559 natura:

241 575 431 604 inﬁrmitatem
458 583 515 603 non
542 575 655 604 fuerunt
679 576 854 612 transgressi.
889 577 930 604 Ne
957 576 1040 611 igitur

239 628 304 648 cum
319 619 431 655 dicitur,
450 631 463 644 «ι
481 621 558 648 Sicut
568 629 618 657 ego
632 629 689 649 non
705 629 768 649 sum
783 629 815 649 ex
830 620 949 655 mundo,
971 632 983 645 τι
1000 620 1040 648 in-

239 665 346 701 telligas
361 665 434 702 quod
449 665 479 693 in
499 665 576 693 nullo
595 666 715 694 minores
731 665 832 694 fuerint
848 666 965 702 apostoli
978 667 1036 693 Do-

239 709 331 744 mino;
344 710 391 738 sed
399 709 510 746 quando
522 710 556 738 de
566 712 646 738 Patre
659 715 686 738 et
697 711 767 739 Filio
778 710 886 744 dicitur,
902 723 914 734 α
927 711 1007 744 sicut,
1023 722 1035 736 ν

237 758 304 782 tunc
313 755 402 782 solum
414 755 596 791 aequalitatem
607 755 736 792 intellige.
749 755 830 790 Quod
843 759 934 783 autem
947 755 1016 783 dicit
1029 766 1035 784 :

241 811 254 823 ι
276 801 337 827 Non
359 807 425 836 rogo
444 804 475 827 ut
489 799 571 828 tollas
591 807 639 828 eos
653 808 685 828 ex
700 800 816 834 mundo,
834 811 848 824 ιι
863 799 930 828 dicit
944 801 1038 828 volens

238 843 378 872 declarare
391 852 471 872 suam
485 852 548 880 erga
564 853 612 872 eos
624 845 800 878 charitatem,
816 849 844 872 et
856 845 930 881 quod
945 845 1035 883 magni

237 889 350 917 illorum
372 897 467 916 curam
489 888 580 924 faciat,
595 889 766 917 intercedens
778 892 855 917 tanto
877 889 969 917 studio
985 898 1034 926 pro

237 934 286 961 eis.
301 934 362 961 Non
377 934 453 961 enim
469 935 577 962 Patrem
599 934 680 962 docet
697 942 745 970 pro
768 934 865 970 quibus
881 938 952 968 oret,
968 943 1034 962 nam

237 978 290 1006 hoc
307 978 468 1012 absurdum,
490 978 538 1006 sed
562 980 603 1012 (ut
617 979 696 1011 dixit)
723 979 841 1007 ostendit
866 979 938 1015 quod
955 979 1034 1007 valde

236 1023 332 1055 diligat
346 1023 504 1058 discipulos,
518 1027 546 1051 et
558 1023 668 1051 illorum
684 1027 746 1060 agat
759 1031 864 1051 curam.
880 1024 955 1051 Dicit
968 1032 1033 1060 ergo

235 1068 328 1096 Patri:
340 1080 351 1091 ιι
363 1069 424 1095 Non
434 1076 501 1104 rogo
511 1072 540 1095 ut
549 1068 629 1096 tollas
642 1076 688 1096 cos
698 1068 730 1096 de
740 1068 854 1102 mundo,
867 1068 914 1096 sed
924 1073 1007 1096 uteos
1020 1081 1032 1092 η

235 1112 265 1140 in
278 1112 380 1140 mundo
389 1121 452 1140 cum
465 1113 518 1140 sint
532 1124 545 1136 «
561 1120 650 1140 serves
663 1121 679 1141 a
695 1113 778 1140 malo.
791 1123 804 1139 ι)
819 1114 929 1148 Repetit
941 1113 1033 1149 igitur,

238 1168 252 1181 ιι
272 1157 314 1184 Ex
336 1157 439 1185 mundo
456 1165 513 1185 non
537 1161 611 1192 sunt,
636 1169 648 1181 ιι
675 1158 762 1184 multo
785 1157 908 1185 subsidio
930 1157 1033 1185 habent

234 1209 314 1237 opus.
330 1201 404 1230 Nihil
419 1202 492 1229 enim
507 1210 655 1230 commune
677 1201 778 1230 habent
797 1210 860 1229 cum
875 1206 957 1236 terra,
973 1210 1031 1230 cm-

234 1246 325 1274 lorum
348 1245 410 1274 facti
428 1247 498 1274 cives
522 1256 529 1274 :
550 1250 577 1275 et
598 1247 635 1274 ita
657 1247 717 1283 quia
745 1247 865 1275 mundus
887 1247 979 1275 omnis
1003 1251 1033 1275 ut

234 1291 329 1319 alienis
343 1299 442 1319 usurus
456 1295 498 1319 est
519 1291 568 1325 eis,
593 1295 624 1319 tu
647 1291 763 1320 caelestis
777 1291 891 1327 posthac
912 1296 944 1319 ut
967 1293 1030 1321 cmli

233 1336 307 1364 cives
326 1344 428 1364 serves.
445 1336 521 1364 Dicit
535 1340 627 1364 autem
642 1336 706 1364 talia
727 1336 898 1364 audientibus
912 1336 1031 1373 discipu-

233 1381 277 1415 lis,
292 1385 323 1409 ut
336 1381 422 1417 magis
436 1381 499 1409 odio
515 1380 633 1408 habeant
653 1381 798 1414 mundum,
814 1385 842 1408 et
856 1389 913 1409 non
927 1381 1032 1409 fmdent

233 1433 266 1453 ac
281 1424 398 1461 perdant
408 1429 497 1453 tantas
512 1433 575 1453 suas
587 1424 690 1453 laudes.
706 1425 777 1453 Illud
789 1429 881 1453 autem
895 1435 902 1453 :
919 1436 932 1450 ι
949 1427 1030 1454 Serva

232 1477 280 1498 eos
303 1478 319 1498 a
334 1470 415 1504 malo,
441 1481 454 1494 ιι
470 1477 526 1497 non
545 1473 655 1497 tantum
674 1469 707 1498 de
730 1470 890 1498 liberatione
916 1477 931 1498 a
956 1470 1030 1506 peri-

1095 262 1156 301 περὶ
1172 264 1219 298 τῆς
1233 262 1334 301 φύσεως
1348 261 1431 300 λέγων
1442 283 1450 298 ,
1472 261 1513 290 ὅτι
1537 261 1670 300 ἄνθρωποί
1695 261 1764 297 εἶσι,
1787 261 1830 290 καὶ
1845 264 1881 290 τοῦ

1094 307 1193 344 κόσμου
1224 305 1310 346 μέρος·
1345 307 1456 336 ἐνταῦθα
1491 305 1519 336 δὲ
1552 305 1600 341 τὴν
1626 306 1740 344 γνώμην
1770 305 1814 335 καὶ
1843 305 1881 342 τὴν

1094 351 1246 393 προαίρεσιν
1263 351 1338 387 δηλοῖ
1361 351 1454 390 λέγων·
1474 363 1486 377 ι
1503 350 1566 380 "Ou
1586 351 1634 380 οὖκ
1649 350 1717 380 εἰσὶν
1735 351 1765 379 ἔκ
1787 352 1831 380 τοῦ
1844 351 1882 380 χόα

1095 408 1172 435 σμου.
1189 411 1201 423 ιι
1223 396 1263 427 Τὸ
1289 396 1335 433 δὲ,
1370 407 1384 423 α
1401 395 1497 429 Καθὼς
1517 394 1569 434 ἐγὼ
1594 396 1623 425 ἐχ
1649 398 1697 425 τοῦ
1723 396 1825 433 κόσμου
1843 396 1882 424 οὐχ

1094 441 1163 479 εἰμὶ,
1178 454 1191 468 ιι
1217 441 1255 480 μή
1275 452 1305 470 σε
1327 440 1534 480 διαταραττέτω.
1551 441 1592 470 Οὐ
1613 439 1663 480 γὰρ
1687 439 1722 475 δὴ
1740 438 1809 478 ἅγιοι
1822 435 1880 475 ἦσαν

1093 485 1176 521 οὕτως
1199 487 1223 515 οἱ
1242 485 1401 522 ἀπόστολοι,
1418 485 1464 514 καὶ
1489 485 1618 524 ἀμέτοχοι
1640 485 1695 513 τῶν
1718 486 1765 514 τοῦ
1790 483 1879 522 κόσμου

1093 533 1184 560 παθῶν
1196 554 1204 570 ,
1220 530 1310 570 ὥσπερ
1331 533 1345 560 ὁ
1368 530 1474 570 Κύριος.
1495 529 1580 562 Αὐτὸς
1595 529 1642 567 μὲν
1656 528 1710 569 γὰρ
1722 542 1734 555 α
1755 528 1878 568 ἁμαρτίαν

1093 577 1140 606 οὖκ
1157 576 1277 611 ἐποίησεν
1288 598 1296 612 ,
1315 574 1375 604 οὐδὲ
1390 575 1464 608 δόλος
1487 574 1580 614 εὑρέθη
1597 574 1624 603 ἓν
1645 575 1685 614 τῷ
1710 573 1824 611 στόματι
1838 574 1878 601 αὖ·

1092 624 1147 651 τοῦ·
1166 634 1177 647 ι
1203 621 1227 649 οἱ
1245 620 1273 649 δὲ
1287 622 1334 655 τῆς
1357 619 1524 658 ἀνθρωπίνης
1549 617 1651 659 φύσεως
1676 618 1726 654 τὴν
1752 617 1878 647 ἀσθένειαν

1092 667 1140 696 οὒκ
1155 664 1291 701 ἐξέϐησαν.
1320 664 1367 700 Μὴ
1391 664 1476 693 τοίνυν
1494 663 1540 703 τὸ,
1557 677 1569 689 «ι
1587 662 1685 696 Καθὼς
1708 662 1762 700 ἐγὼ
1789 664 1818 692 ἐκ
1837 664 1875 691 τοῦ

1091 711 1191 749 κόσμου
1207 711 1255 739 οὐκ
1270 709 1341 748 εἰμὶ,
1359 722 1371 735 ν
1389 708 1521 745 ἀκούσας,
1535 708 1632 748 νοήσῃς
1645 707 1747 747 ἀκριϐῆ
1760 707 1878 747 ἀπαραλ-

1091 755 1182 790 λαξίαν
1198 756 1249 783 τῶν
1276 753 1431 783 ἀποστόλων
1458 752 1522 792 πρὸς
1543 753 1588 782 τὸν
1612 752 1725 791 Κύριονθ
1741 752 1800 781 ἀλλ’
1821 750 1875 780 ὅταν

1090 801 1133 830 ἐπὶ
1147 802 1192 829 τοῦ
1216 799 1323 838 Πατρὸς
1346 797 1392 827 καὶ
1418 798 1500 827 αὐτοῦ
1519 797 1629 836 λέγηται
1650 797 1698 836 τὸξ,
1721 810 1733 823 ι
1749 795 1845 831 καθὼς,
1861 806 1873 824 ι)

1089 845 1147 874 τότε
1171 844 1250 883 μόνον
1272 843 1319 880 τὴν
1337 843 1446 879 ἰσότητα
1461 842 1524 872 νόει.
1550 843 1590 873 Τὸ
1606 841 1650 883 δὲ,
1669 856 1681 868 σι
1703 842 1763 872 Οὖκ
1779 841 1874 881 ἐρωτῶ,

1088 889 1130 918 ἵνα
1153 882 1218 929 ἄρῃς
1233 887 1326 921 αὐτοὺς
1342 889 1372 917 ἐκ
1391 891 1437 918 τοῦ
1452 888 1568 925 κόσμου,
1586 900 1598 913 ιι
1626 882 1683 916 εἶπε
1695 910 1705 924 ,
1733 885 1816 915 θέλων
1840 886 1876 914 ἐν·

1089 934 1222 968 δείξασθαι
1243 933 1291 969 τὴν
1313 933 1374 972 περὶ
1399 932 1492 966 αὖτοὺς
1515 931 1640 971 ἀγάπην,
1658 931 1704 960 καὶ
1727 930 1768 960 ὅτι
1784 929 1874 964 πολλὴν

1088 980 1173 1008 αὐτῶν
1190 978 1304 1007 ποιεῖται
1324 976 1370 1012 τὴν
1387 977 1528 1017 πρόνοιαν,
1541 977 1571 1006 τὸ
1724 974 1793 1014 μετὰ
1810 976 1874 1013 ἄχριι

1088 1024 1160 1057 ϐείας
1188 1025 1322 1052 ποιεῖσθαι
1350 1021 1397 1057 τὴν
1423 1022 1489 1061 ὑπὲρ
1514 1022 1599 1051 αὐτῶν
1629 1020 1813 1060 παράκλησιν.
1840 1018 1873 1048 Οὔ

1087 1069 1138 1108 γὰρ
1166 1067 1197 1103 δὴ
1223 1068 1266 1096 τὸν
1298 1068 1408 1107 Πατέρα
1435 1066 1552 1095 διδάσκει
1579 1065 1639 1105 περὶ
1668 1065 1738 1098 τίνος
1771 1066 1874 1093 αἰτεῖται

1086 1105 1180 1153 (τοῦτο
1199 1112 1250 1151 γὰρ
1264 1111 1361 1141 ἄτοπον
1368 1105 1388 1151 )’,
1420 1111 1478 1140 ἀλλ’
1493 1110 1559 1150 ὅπερ
1584 1105 1657 1139 εἷπον
1671 1132 1680 1149 ,
1698 1109 1822 1139 δεικνύων
1841 1107 1874 1137 ὅτι

1087 1159 1247 1198 ὺπεραγαπᾷ
1273 1155 1331 1189 τοὺς
1359 1155 1500 1193 μαθητὰς,
1531 1155 1576 1184 καὶ
1605 1159 1761 1195 προνοεῖται
1782 1154 1874 1188 αὐτῶν,

1087 1203 1152 1243 φησὶ
1177 1205 1260 1231 ταῦτα
1283 1201 1346 1240 πρὸς
1364 1201 1407 1230 τὸν
1437 1200 1554 1239 Πατέρα.
1592 1213 1604 1225 σι
1624 1200 1685 1230 Οὐκ
1711 1201 1815 1239 ἐρωτῶ,
1837 1198 1874 1226 ἵνα

1086 1247 1151 1287 ἄρῃς
1165 1245 1256 1279 αὖτοὺς
1272 1247 1301 1274 ἐκ
1315 1248 1361 1274 τοῦ
1377 1245 1492 1282 κόσμου,
1507 1245 1568 1273 ἀλλ’
1585 1243 1647 1281 ἵνα,
1666 1259 1680 1271 vn
1696 1246 1723 1274 ἐν
1739 1246 1776 1283 τῷ
1791 1243 1874 1287 κόσμέρ

1085 1282 1176 1329 ὄντας,
1207 1302 1220 1319 ο
1239 1290 1356 1330 τηρήσῃς
1384 1289 1436 1318 ἀπὸ
1463 1291 1508 1319 τοῦ
1535 1292 1663 1330 πονηροῦ.
1680 1300 1696 1318 ι)
1725 1282 1812 1319 Πάλιν
1834 1282 1872 1316 οὖν

1085 1335 1311 1374 ἓπαναλαμϐοἱνεν
1337 1348 1349 1361 σι
1376 1334 1426 1364 Ἐκ
1447 1336 1491 1362 τοῦ
1515 1334 1617 1372 κόσμου
1632 1335 1682 1364 οὐκ
1697 1333 1759 1363 εἰσί.
1777 1344 1790 1362 ι
1807 1332 1872 1362 Πολ-

1084 1381 1144 1417 λῆς,
1167 1381 1247 1420 φησὶ,
1276 1380 1378 1409 δέονται
1409 1379 1582 1419 ἀντιλήψεως.
1604 1379 1692 1409 Οὐδὲν
1716 1377 1767 1417 γὰρ
1795 1377 1872 1408 αὐτοῖς

1085 1426 1141 1454 ἐστι
1164 1424 1248 1454 κοινὸν
1275 1424 1340 1463 πρὸς
1364 1422 1413 1459 τὴν
1446 1425 1505 1462 γῆν⁸
1529 1425 1582 1452 τῶν
1607 1424 1728 1463 οὐρανῶν
1757 1421 1870 1461 γεγόνασι

1084 1471 1203 1499 πολῖται.
1231 1468 1317 1497 (Ὥστε
1343 1467 1400 1497 ἐπεὶ
1422 1472 1474 1502 πᾶς
1499 1469 1514 1496 ὃ
1540 1467 1638 1506 κόσμος
1671 1469 1707 1501 ὡς
1737 1465 1872 1506 ἀλλοτρίοις

232 1515 312 1547 culis,
328 1522 423 1542 verum
449 1514 537 1542 etiam
560 1514 594 1542 de
609 1515 798 1550 permanentia
811 1519 839 1542 et
856 1514 987 1543 ﬁrmitate
1001 1515 1029 1544 in

1084 1515 1172 1548 αὐτοῖς
1195 1512 1286 1551 με’λλει
1311 1515 1446 1553 χρῆσθαι,
1470 1512 1502 1542 σὺ
1525 1512 1632 1549 λοιπὸν,
1653 1514 1669 1542 ὃ
1685 1511 1818 1552 οὐράνιος,
1841 1511 1871 1542 ὥς

230 1559 284 1587 ﬁde
299 1559 373 1586 dicit.
387 1558 471 1588 Unde
485 1563 512 1586 et
525 1558 618 1587 subdit
633 1567 640 1586 :

1082 1558 1297 1599 οὖρανοπολίταις
1315 1557 1457 1596 βοήθησον.
1475 1557 1555 1597 Λέγει
1571 1558 1600 1586 δὲ
1614 1557 1648 1586 τὰ
1663 1560 1776 1588 τοιαῦτα
1797 1566 1869 1584 συνε-

229 1603 356 1644 χέστερον
379 1604 405 1632 ἓν
430 1602 537 1639 ἐπηκόω
562 1605 614 1632 τῶν
637 1604 783 1642 μαθητῶν,
811 1603 856 1633 ἵνα
886 1603 1024 1641 ἀκούοντες
1048 1608 1150 1640 ταῦτα,
1173 1603 1308 1642 μισήσωσι
1337 1603 1380 1632 τὸν
1412 1601 1528 1641 κόσμον,
1549 1602 1594 1631 καὶ
1620 1602 1658 1640 μὴ
1682 1600 1870 1640 καταισχύνωσι

229 1647 265 1677 τὰ
278 1643 396 1678 τοσαῦτα
412 1649 500 1677 αὑτῶν
515 1648 647 1687 ἐγκώμια.
664 1649 704 1678 Τὸ
719 1648 764 1685 δὲ,
788 1662 800 1675 ι
824 1649 948 1690 Τήρησον
972 1651 1065 1685 αὐτοὺς
1089 1653 1119 1681 ἐχ
1142 1651 1187 1678 τοῦ
1205 1649 1337 1686 πονηροῦ,
1354 1660 1366 1673 ι
1386 1648 1414 1676 οὖ
1430 1647 1491 1687 περὶ
1506 1649 1551 1683 τῆς
1571 1649 1624 1676 τῶν
1648 1647 1776 1676 κινδύνων
1801 1643 1869 1684 μόνον

230 1693 387 1733 ἀπαλλαγῆς
401 1692 488 1732 λέγει,
502 1693 571 1722 ἀλλὰ
591 1693 636 1722 καὶ
649 1693 708 1733 περὶ
724 1695 768 1729 τῆς
779 1694 806 1723 ἐν
818 1696 852 1733 τῇ
865 1694 954 1725 πίστει
971 1697 1130 1737 παραμονῆς
1142 1693 1188 1724 καὶ
1201 1694 1370 1737 παγιότητοςξ
1381 1691 1420 1721 διὸ
1435 1692 1481 1721 καὶ
1494 1691 1621 1732 ἕπιφέρειο

263 1739 346 1766 Vsus.
377 1741 472 1766 17-19.
498 1749 511 1762 «
537 1738 682 1766 Sanctiﬁca
704 1746 752 1766 eos
773 1739 802 1766 in
827 1739 940 1768 veritate
962 1745 1022 1770 tua.

227 1783 324 1811 Sermo
347 1786 412 1810 tuus
436 1783 537 1810 veritas
551 1787 602 1811 est.
621 1783 703 1819 732
720 1783 796 1811 Sicut
809 1791 853 1811 me
878 1784 978 1813 misisti
993 1786 1023 1814 in

227 1828 375 1861 mundum,
400 1828 436 1855 ita
460 1832 488 1856 et
503 1836 554 1863 ego
568 1827 631 1856 misi
653 1835 700 1855 eos
722 1828 749 1855 in
764 1828 915 1864 mundum;
931 1835 958 1858 et
972 1839 1022 1866 pro

225 1872 265 1900 eis
280 1881 330 1909 ego
349 1872 490 1901 sanctiﬁco
511 1873 659 1909 meipsum,
676 1877 707 1901 ut
726 1877 753 1900 et
772 1873 826 1909 ipsi
846 1874 900 1902 sint
919 1875 1022 1903 sancti-

224 1916 296 1945 ﬁcati
308 1917 335 1945 in
351 1918 473 1946 veritate.
492 1929 504 1943 π
519 1918 632 1946 Sanctos
642 1917 694 1952 fac,
710 1918 807 1954 inquit,
824 1926 872 1954 per
881 1919 1023 1948 dationem

223 1963 352 1998 Spiritus,
370 1966 397 1990 et
411 1962 516 1990 custodi
536 1970 583 1990 eos
607 1963 637 1990 in
661 1962 823 1990 rectitudine
846 1964 982 1991 sermonis
995 1968 1023 1992 et

223 2007 395 2043 dogmatum,
421 2011 449 2034 et
464 2007 541 2034 crudi
565 2014 623 2040 eos,
645 2011 672 2034 et
686 2006 753 2034 doce
772 2007 925 2034 veritatem.
951 2009 1021 2036 San-

223 2051 354 2078 ctiﬁcatio
377 2051 455 2078 enim
478 2055 520 2078 est
543 2055 683 2078 rectorum
705 2050 868 2086 dogmatum
891 2052 1019 2080 servatio.

1121 1751 1136 1769 (
1154 1738 1276 1778 ’Ᾱγίοισον
1300 1736 1393 1769 αὐτοὺς
1413 1737 1440 1766 ἐν
1454 1739 1486 1774 τῇ
1508 1731 1619 1777 ἀληθεία
1641 1749 1702 1768 σου.
1720 1735 1755 1766 Ὁ
1766 1734 1838 1773 λόγος
1855 1731 1868 1760 δ

1078 1785 1121 1819 σὸς
1139 1783 1249 1819 ἀλήθειά
1263 1783 1328 1812 ἐστι.
1350 1780 1445 1815 Καθὼς
1460 1781 1506 1820 ἐμὲ
1524 1782 1693 1820 ᾁπέστειλας
1709 1783 1745 1815 εἷς
1765 1779 1808 1809 τὸν
1823 1778 1863 1807 κό-

1077 1842 1160 1868 σμον,
1176 1829 1250 1867 κάγὼ
1273 1827 1418 1856 ἀπέστειλα
1441 1825 1535 1859 αὐτοὺς
1559 1827 1595 1860 εἷς
1619 1827 1663 1857 τὸν
1691 1828 1801 1864 κόσμον·
1812 1821 1865 1868 ..καὶ

1077 1875 1143 1915 ὑπὲρ
1161 1874 1245 1902 αὐτῶν
1261 1871 1314 1910 ἐγὼ
1327 1871 1428 1910 ἁγιάζω
1444 1871 1576 1910 ἐμαυτὸν,
1592 1871 1635 1900 ἵνα
1654 1872 1702 1900 καὶ
1719 1870 1794 1900 αὐτοὶ
1809 1869 1866 1915 ὦσιν

1077 1910 1236 1957 ἡγιασμένοι
1262 1928 1289 1944 εν
1316 1915 1435 1956 ἀληθείᾳ.
1468 1927 1482 1943 ι
1511 1916 1610 1955 Ἁγίους
1640 1917 1768 1952 ποίησον,
1791 1910 1865 1957 φησὶ,

1077 1954 1120 1992 διὰ
1143 1954 1189 1997 τῆς
1206 1964 1251 1990 τοῦ
1271 1954 1428 1998 Πνεύματος
1448 1954 1563 1998 δόσεως,
1579 1960 1625 1990 καὶ
1648 1960 1764 2002 φύλαξον
1779 1954 1865 2002 αὐτοὺς

1076 2007 1103 2035 ἐν
1125 2008 1158 2046 τῇ
1183 2005 1304 2045 ὀρθότητι
1325 2007 1371 2033 τοῦ
1392 2004 1469 2043 λόγου
1493 2006 1538 2034 καὶ
1559 2007 1611 2034 τῶν
1640 2000 1800 2045 δογμάτων,
1825 2000 1864 2029 καὶ

1076 2050 1217 2080 παίδευσον
1239 2048 1342 2085 αὐτοὺς,
1367 2049 1412 2078 καὶ
1434 2048 1535 2083 δίδαξον
1556 2049 1603 2085 τὴν
1632 2051 1770 2086 ἀλήθειαν
1793 2047 1862 2075 τοῦτο

223 2095 303 2129 Quod
318 2099 410 2122 autem
424 2095 458 2123 de
473 2095 610 2130 dogmatis
621 2094 704 2128 dicat,
721 2094 900 2122 manifestum
915 2104 922 2122 :
938 2095 1019 2124 inter-

1083 2095 1127 2135 γὰρ
1158 2093 1308 2134 ἁγιωσύνη,
1345 2095 1362 2129 ἡ
1389 2095 1441 2122 τῶν
1468 2094 1553 2133 ὀρθῶν
1581 2095 1723 2134 δογμάτων
1753 2091 1861 2135 τήρησιςο

223 2143 348 2174 pretatur
360 2139 444 2173 enim,
461 2150 473 2163 α
491 2141 586 2167 Sermo
605 2143 670 2166 tuus
692 2139 792 2167 veritas
807 2143 857 2174 est,
876 2151 890 2164 ι
914 2141 1021 2169 nullum

222 2184 249 2211 in
264 2191 297 2212 eo
315 2183 489 2212 mendacium
513 2192 519 2211 :
536 2187 618 2220 atque
635 2183 671 2211 ita
694 2184 715 2211 si
735 2188 763 2212 et
778 2184 838 2212 illos
852 2184 949 2213 feceris
962 2194 1020 2214 ser-

222 2236 286 2257 vare
300 2236 458 2257 sermonem
471 2232 562 2263 tuum,
576 2233 603 2256 et
621 2228 751 2256 custodiri
772 2237 787 2256 a
800 2230 884 2263 malo,
900 2230 927 2258 in
947 2231 1019 2259 veri-

221 2277 277 2302 tate
305 2273 560 2302 sanctiﬁcabuntur.
590 2273 731 2310 Signiﬁcat
764 2277 857 2302 autem
891 2279 919 2303 et
946 2275 1019 2304 aliud

220 2318 364 2354 quiddam.
381 2330 395 2342 «ι
411 2318 556 2346 Sanctiﬁca
566 2327 613 2347 eos
628 2319 655 2346 in
668 2319 782 2347 veritate
796 2324 854 2353 tua,
871 2331 884 2344 ι
900 2320 953 2348 hoc
966 2325 1018 2355 est,

219 2371 315 2399 separa
343 2371 390 2391 eos
415 2364 443 2391 in
473 2364 588 2391 verbum
614 2368 642 2392 et
664 2364 899 2400 praedicationem,
923 2369 951 2393 et
975 2365 1017 2394 fac

219 2415 268 2436 eos
279 2408 455 2442 sacriﬁcium,
471 2408 546 2444 quod
561 2408 668 2437 veritati
687 2413 743 2437 tua:
757 2409 925 2444 ministrent,
954 2409 1018 2438 huic

220 2460 300 2481 suam
315 2453 402 2480 vitam
416 2457 590 2482 consecrent.
605 2453 704 2482 Subdit
723 2454 798 2482 enim
815 2463 822 2482 :
849 2466 862 2479 α
879 2451 957 2483 Sicut
970 2463 1016 2482 me

219 2497 318 2526 misisti
343 2497 371 2524 in
408 2498 555 2533 mundum,
592 2503 620 2526 et
647 2507 695 2534 pro
727 2499 764 2526 eis
790 2507 840 2535 ego
874 2499 1015 2527 sanctiﬁco

217 2543 365 2577 meipsum,
383 2553 395 2566 α
418 2542 471 2570 hoc
482 2546 534 2576 est,
550 2542 636 2571 offero
657 2543 816 2571 sacriﬁcium
835 2552 841 2570 ε
862 2543 899 2571 ita
914 2548 941 2572 et
953 2544 1014 2572 illos

193 2588 199 2594 '
216 2587 367 2622 sanctiﬁca,
382 2587 434 2615 hoe
453 2591 506 2620 est,
522 2595 617 2624 separa
633 2588 661 2616 in
676 2588 852 2622 sacriﬁcium,
868 2589 896 2616 in
918 2589 1015 2624 pradi-

215 2632 363 2667 cntionem,
379 2636 405 2660 et
420 2633 555 2660 constitue
577 2640 624 2661 eos
638 2633 757 2661 veritatis
779 2637 870 2666 testes,
894 2633 966 2661 sicut
986 2638 1014 2662 et

214 2677 358 2705 memisisti
379 2677 499 2705 veritatis
516 2681 616 2705 testem
630 2681 658 2706 et
678 2677 803 2706 hostiam.
824 2679 923 2706 Sancta
937 2678 1012 2707 enim

213 2720 342 2750 dicuntur
366 2722 462 2751 omnia
485 2729 547 2759 qua:
568 2724 628 2751 Deo
643 2723 773 2759 reposita.
796 2733 811 2748 ι
827 2724 867 2752 Ut
886 2728 914 2752 et
928 2723 977 2760 ipsi
996 2735 1007 2748 ιν

248 2797 273 2817 ⁸⁸
282 2798 336 2827 lsa.
347 2805 416 2834 ml,
429 2801 458 2827 9.

1074 2133 1138 2169 ⁸Οτι
1155 2139 1181 2168 δὲ
1196 2138 1257 2178 περὶ
1279 2138 1418 2176 δογμάτων
1436 2138 1524 2178 λέγει,
1541 2139 1628 2174 δῆλον
1643 2136 1782 2179 ἑρμηνεύει
1799 2133 1859 2173 γὰρ.

1074 2182 1115 2213 ὃτι
1131 2197 1142 2211 α
1159 2183 1193 2214 ⁸0
1207 2183 1281 2221 λόγος
1302 2184 1316 2211 ὁ
1341 2182 1384 2217 σὸς
1407 2183 1519 2219 ἀλήθειοὶ
1544 2185 1628 2220 ἐστιν,
1656 2195 1670 2212 ι
1689 2183 1762 2214 οὖδὲν
1775 2178 1860 2220 ψεῦδος

1074 2230 1101 2258 ἐν
1117 2229 1200 2267 αὐτῷ.
1222 2227 1308 2257 "ﬂore
1324 2227 1368 2257 ἐὰν
1388 2228 1434 2258 καὶ
1449 2228 1556 2262 τούτους
1569 2229 1684 2269 ποιήσῃς
1696 2229 1807 2267 τηρῆσαι
1820 2222 1860 2269 τὸν

1073 2273 1150 2311 λόγον
1165 2284 1211 2302 σου
1221 2295 1230 2310 ,
1246 2273 1291 2302 καὶ
1315 2273 1483 2312 φυλαχθῆναι
1504 2273 1557 2302 ἀπὸ
1581 2276 1626 2303 τοῦ
1642 2274 1758 2312 πονηροῦ
1768 2293 1776 2307 ,
1792 2270 1816 2297 ἐν

1073 2318 1181 2358 ἀληθείᾳ
1212 2317 1430 2356 ἇγιασθήσονται.
1453 2319 1536 2354 Δηλοῖ
1559 2317 1586 2346 δὲ
1611 2319 1656 2348 καὶ
1671 2317 1759 2357 ἕτερόν
1779 2325 1803 2343 τι
1817 2311 1858 2345 τὸν

1075 2373 1089 2390 α
1106 2361 1226 2402 Ἁγίασον
1253 2361 1346 2395 αὐτοὺς
1373 2363 1399 2392 ἐν
1473 2362 1584 2402 ἀληθείᾳ
1601 2373 1661 2392 σου·
1680 2376 1693 2390 ι
1710 2358 1855 2402 τουτέστιν,

1072 2399 1207 2448 Ἇφόρισον
1236 2406 1329 2440 αὖτοὺς
1351 2408 1389 2446 τῷ
1405 2399 1475 2446 λόγῳ
1499 2406 1544 2436 καὶ
1625 2406 1795 2447 κηρύγματι,
1818 2399 1857 2430 καὶ

1071 2453 1163 2482 θυσίαν
1180 2451 1272 2485 αὐτοὺς
1295 2451 1415 2487 ποίησον·
1501 2453 1612 2492 ἀληθείᾳ
1631 2454 1716 2492 ταύτῃ
1743 2451 1856 2492 λειτουρ-

1069 2499 1244 2536 γησοὶτωσαν,
1267 2496 1366 2532 ταύτην
1463 2490 1567 2537 ταύτῃ)
1667 2490 1765 2526 οἰκείαν
1789 2490 1854 2537 ζωὴν

1070 2533 1306 2582 ἆφιερωσάτωσαν.
1337 2533 1474 2581 Ἐπιξρέρει
1491 2533 1562 2580 γοῦνζ
1579 2555 1592 2568 α
1611 2542 1706 2574 Καθὼς
1729 2538 1775 2577 ἐμὲ
1790 2533 1852 2582 ἀπέ-

1069 2588 1173 2620 στειλας
1188 2588 1224 2620 εἰς
1238 2585 1282 2614 τὸν
1307 2585 1422 2624 κόσμον,
1437 2586 1485 2615 καὶ
1508 2587 1573 2628 ὑπὲρ
1589 2587 1673 2616 αὐτῶν
1689 2584 1741 2625 ἐγὼ
1760 2580 1853 2628 ἁγιάζοξ

1068 2631 1191 2670 ἐμαυτόνο
1214 2643 1227 2657 ι
1253 2631 1406 2667 τουτέστιν,
1430 2620 1572 2672 προσφέρω
1599 2633 1700 2661 θυσίαν·
1725 2627 1791 2657 οὕτω
1812 2620 1853 2672 tul

1069 2686 1083 2705 ι
1113 2675 1207 2709 αὐτοὺς
1235 2674 1368 2714 ἇγίασον,
1398 2687 1411 2701 ι
1439 2677 1590 2714 τουτέστιν,
1612 2676 1734 2717 ἄφόρισον
1765 2667 1849 2700 θυσίαν

1065 2719 1206 2760 ὕπὲρξξτοῢ
1231 2720 1417 2760 κηρύγματος,
1439 2720 1484 2751 καὶ
1507 2723 1554 2758 ἧς
1577 2722 1699 2758 ἀληθείας
1717 2717 1846 2758 μάρτυρας
