1922 3077
43 186 85 212 237
402 181 596 209 ENARRATIO
615 182 648 209 ΙΝ
666 181 883 210 EVANGELIUM
901 180 1049 210 JOANNIS.
1069 194 1105 201 —
1123 180 1199 208 CAP.
1220 181 1301 208 XVll.

1621 186 1673 213 238

42 246 108 279 τάξον
121 244 257 283 γενέσθαι,
278 243 368 284 ὥσπερ
387 244 504 284 δὴδκᾶμὲ
528 243 686 278 ἀπέστειλας
700 244 822 284 μάρτυρα

881 243 950 271 sicut
964 247 992 271 et
1007 251 1069 278 ego,
1087 253 1099 266 α
1121 242 1178 270 sint
1197 242 1355 270 sanctiﬁcati
1373 254 1383 266 ιι
1402 247 1429 270 et
1444 243 1524 272 oblati
1538 245 1587 273 tibi
1602 247 1672 281 Deo,

43 292 81 325 τῆς
110 290 233 325 ἀληθείας
267 289 312 318 καὶ
345 288 456 329 σφάγιον
494 289 576 328 (ἅγια
614 289 666 329 γὰρ
704 289 824 328 λέγονται

42 335 118 363 πάντα
131 334 162 363 τὰ
176 335 215 373 τῷ
230 335 292 372 Θεῷ
304 333 492 372 ἀνακείμενα)·
513 347 525 360 ι
541 333 584 363 ἵνα
597 334 629 370 δὴ
645 334 690 363 καὶ
705 333 792 372 αὐτοὶ,
808 347 820 361 ι

43 379 122 418 ὥσπερ
136 379 204 418 ἐγὼ,
221 392 232 405 ι
248 374 311 407 ὦσιν
335 377 514 417 ἡγιασμένοι,
536 391 549 405 ν
565 379 611 408 καὶ
626 378 823 416 ἆνατεθειμένοι

43 424 77 453 σοὶ
89 425 123 464 τῷ
136 425 214 462 Θεῷ,
240 425 289 463 οὐχ
313 422 403 463 ὥσπερ
419 423 452 452 τὰ
468 423 538 452 κατὰ
563 424 644 461 νόμον
660 423 776 462 θυόμενα
796 424 822 452 ἕν

43 470 120 508 τᾶπῳ,
143 469 202 498 ἀλλ’
225 481 237 495 ιι
262 469 289 497 ἕν
307 467 429 508 ἀληθείᾳ.
451 482 463 493 π
483 469 517 498 At
540 468 625 497 ποίλαι
645 469 693 507 μὲν
709 468 761 507 γὰρ
777 470 822 497 θυ-

43 513 89 542 σίαι
111 514 237 549 τυπικαὶ,
268 513 313 542 καὶ
341 513 429 542 πάντα
451 513 485 542 τὰ
507 512 571 552 ἅγια
596 514 622 542 ἐν
648 513 722 553 τύπῳ
754 507 822 548 ἦσαν

44 557 196 597 ἆριερωμένα
214 559 251 597 τῷ
263 558 343 598 Θεῷ,
364 557 431 586 ἄλλο
450 569 475 586 τι
491 557 671 595 πνευματικὸν
687 569 820 596 σκιαγρα-

43 605 135 641 φοῦντα-
151 598 204 632 οἷον
215 625 224 640 ,
242 604 256 631 ὁ
272 602 370 640 ἀμνὸς,
388 603 416 632 αἱ
437 601 609 642 περιστεραὶ,
636 603 662 631 αἱ
678 602 802 643 τρυγόνες
813 623 821 639 ,

42 647 79 676 καὶ
100 643 192 677 τᾶλλα.
224 649 258 677 Αἱ
279 646 307 676 δὲ
334 648 373 686 τῷ
396 648 458 686 Θεῷ
485 647 689 686 ἁνατεθειμέναι
720 646 821 687 ψυχαὶ,

43 706 52 717 κ
67 693 88 720 ἐν
109 692 218 732 ἀληθείᾳ
241 705 254 718 ι
284 691 348 721 εἰσὶν
372 691 534 731 ἡγιασμέναι
564 692 610 721 καὶ
638 690 824 731 ἀφωρισμέναι

43 737 80 765 χαὶ
104 736 281 776 ἆφιερωμέναι
305 737 343 776 τῷ
361 737 433 776 Θεῷ·
458 735 527 766 καθᾶ
554 737 599 766 καὶ
626 736 733 769 Παῢλός
749 746 823 776 φησί’

878 296 933 316 non
945 288 1018 316 sicut
1030 295 1092 324 qua:
1101 287 1253 316 secundum
1267 287 1355 322 legem
1367 287 1557 316 sacriﬁcantur
1567 290 1596 318 in
1606 290 1673 327 ﬁgu-

877 341 920 367 ra,
945 333 996 361 sed
1023 344 1036 357 ι
1065 332 1094 360 in
1124 331 1246 360 veritate.
1277 343 1291 355 ι
1319 332 1458 360 Sacriﬁcia
1485 333 1558 361 enim
1584 339 1672 363 vetera

877 377 999 413 ﬁguralia
1023 380 1110 411 erant,
1135 380 1164 404 et
1185 375 1280 405 omnia
1303 380 1398 404 sancta
1412 377 1442 404 in
1464 377 1549 414 ﬁgura
1565 377 1674 408 fuerunt

877 426 982 450 sacrata
998 423 1067 456 Deo,
1082 420 1158 449 aliud
1173 421 1311 457 spirituale
1323 421 1453 457 quiddam
1467 422 1673 458 adumbrantia,

878 471 908 494 ut
934 474 1030 502 agnus,
1059 466 1203 500 columbze,
1229 470 1362 502 turtures,
1383 471 1435 494 etc.
1459 466 1569 495 Animae
1581 473 1674 496 autem

876 519 938 547 quae
962 513 1021 539 Deo
1041 510 1207 544 offeruntur,
1229 511 1257 538 in
1281 511 1394 539 veritate
1412 515 1476 538 sunt
1495 512 1672 542 sanctiﬁcata!

876 559 904 583 et
916 560 1083 584 consecrata:
1108 557 1176 589 Deo,
1199 555 1269 583 sicut
1290 559 1317 583 et
1332 555 1432 583 Paulus
1455 555 1542 584 dicit:
1558 569 1570 580 κ
1590 557 1672 585 Exhi-

877 600 938 628 bete
950 600 1075 628 membra
1090 604 1179 628 vestra
1190 599 1355 628 sacriﬁcium
1368 600 1460 628 vivum
1473 605 1597 629 sanctum
1610 602 1643 630 ετ.
1660 613 1671 627 ι

879 659 911 664 -
928 656 940 669 α
962 645 1105 673 Sanctiﬁca
1134 657 1146 668 ιι
1173 645 1255 680 igitur
1277 649 1305 672 et
1328 652 1458 673 consecra
1476 645 1674 682 discipulorum

877 689 995 723 animos,
1009 694 1037 717 et
1047 689 1089 717 fac
1104 697 1151 717 eos
1165 697 1244 717 veras
1264 689 1425 724 oblationes,
1441 693 1469 718 et
1481 691 1629 719 corrobora
1644 695 1674 720 ut

879 742 928 769 pro
942 735 1053 762 veritate
1065 742 1094 762 se
1108 734 1271 762 sacriﬁcent.

49 792 59 808 ιι
70 774 261 822 Παραστήσατε
281 781 314 810 τὰ
329 774 396 820 μέλη
411 774 489 819 »ὑμῶν
505 782 597 810 θυσίαν
618 782 705 816 ζῶσαν
718 774 809 820 ἁγίαν.
823 791 839 806 ι»
856 795 895 801 -
911 791 923 805 ιι
938 778 1060 818 Ἁγίασον
1077 792 1088 805 ι
1111 774 1155 808 οὖν
1165 802 1173 816 ,
1191 780 1237 809 καὶ
1253 778 1398 820 ἆφιέρωσον
1416 779 1463 814 τὰς
1475 781 1526 809 τῶν
1548 783 1673 818 μαθητῶν

45 826 132 866 ψυχὰς,
145 829 190 856 καὶ
211 826 372 865 ἀναθήματα
393 825 492 859 ταύτας
509 826 619 862 ποίησον
636 826 763 861 ἀληθινὰ,
785 824 802 859 ἣ
815 823 860 853 καὶ
875 823 941 863 ὑπὲρ
963 826 1009 859 τ’ἤς
1027 824 1151 860 ἀληθείας
1166 824 1351 862 ἐνδυνάμωσον
1376 824 1471 858 αὐτοὺς
1491 827 1611 861 τυθῆναιο

77 885 88 897 ι
102 872 140 900 Οὖ
153 871 214 910 περὶ
238 870 335 901 τούτων
361 870 388 900 δὲ
406 871 495 910 ipsum?)
511 871 602 909 μόνον,
620 870 688 900 ἀλλὰ
703 870 748 899 καὶ
762 869 823 908 περὶ

913 873 1002 901 Vsus.
1019 875 1113 906 20,11.
1139 884 1152 897 σι
1176 875 1238 902 Non
1265 881 1313 909 pro
1334 874 1372 901 eis
1395 881 1462 910 rogo
1484 879 1603 910 tantum,
1627 876 1675 906 sed

45 916 86 944 τῶν
109 915 284 945 πιστευόντων
308 915 351 944 διὰ
366 918 411 944 τοῦ
433 915 511 952 λόγου
534 916 620 944 αὐτῶν
643 917 680 948 εἰς
695 914 760 954 ἐμὲ,
781 913 824 942 ἵνα

46 960 126 993 πάντες
139 960 166 990 ἓν
180 954 230 990 ὦσι
240 983 248 995 ,
262 960 349 994 καθὼς
369 959 414 996 σὺ,
432 959 538 999 Πάτερ,
563 961 589 989 ἐν
612 960 671 998 ἐμοὶ
682 982 691 997 ,
708 958 783 998 κάγὼ
798 960 825 988 ἐν

46 1005 92 1040 σοὶ,
105 1004 144 1034 ἵνα
167 1004 212 1034 καὶ
228 1005 306 1034 αὐτοὶ
321 1006 347 1033 ἰν
365 1007 429 1043 ἡμῖν
445 1004 470 1033 ἓν
487 999 567 1040 ὦσιν,
581 1004 624 1034 ἴνα
639 1006 652 1033 ὓ
665 1003 762 1042 κόσμος
781 1016 825 1033 πι-

46 1049 126 1088 στεύσῃ
138 1073 144 1085 ,
157 1049 197 1079 ὅτι
215 1049 250 1079 σύ
266 1061 298 1082 με
315 1049 481 1082 ἀπέστειλας.
502 1063 515 1075 ι
534 1045 636 1086 Εἶπεν,
652 1048 691 1078 ὅτι
709 1060 724 1077 ‹ι
741 1048 825 1088 ’Υπὲρ

47 1095 117 1122 αὐτῶν
133 1094 183 1133 ἐγὼ
202 1094 307 1133 ἁγιάζω
323 1094 448 1132 ἐμαυτόν.
467 1108 478 1119 ι
498 1093 551 1124 Ἵν’
575 1090 620 1124 οὖν
646 1093 683 1132 μὴ
709 1093 824 1132 νομίσειί

45 1150 86 1174 τις,
100 1139 135 1168 ὅτι
149 1139 214 1178 ὑπὲρ
231 1139 319 1178 μόνων
337 1141 388 1168 τῶν
416 1139 570 1168 ἀποστόλων
591 1138 724 1168 ἀπέθανεν
735 1159 743 1174 ,
760 1137 825 1168 Im-

46 1184 111 1222 οέρεν
128 1195 142 1213 α
156 1185 195 1214 Οὐ
212 1184 276 1223 περὶ
297 1183 395 1213 τούτων
413 1184 439 1213 δὲ
456 1185 546 1224 ἐρωτῶ
570 1183 648 1221 μόνον
660 1205 668 1219 ,
686 1182 757 1212 ἀλλὰ
779 1183 824 1212 καὶ

46 1227 94 1267 περὶ
115 1228 216 1258 πάντων
230 1230 286 1257 τῶν
305 1229 481 1258 πιστευόντων
506 1228 549 1258 διὰ
565 1231 611 1257 τοῦ
635 1227 714 1266 λόγου
739 1228 824 1257 αὐτῶν

48 1274 76 1306 εἰς
96 1274 146 1312 ἐμέ.
162 1287 173 1300 ι
199 1273 334 1303 Ἐνταῦθα
360 1274 388 1303 δὲ
411 1273 566 1309 διανέστησε
590 1273 673 1302 πάλιν
698 1272 744 1306 τὰς
770 1274 824 1312 ψυ-

49 1317 88 1356 χὰς
100 1319 146 1347 τῶν
162 1318 319 1348 ἀποστόλων
332 1340 340 1354 ,
357 1319 382 1347 εἴ
401 1330 431 1356 γε
456 1318 595 1356 μέλλουσιν
619 1317 686 1352 ἕξειν
712 1316 826 1350 πολλοὺς

49 1363 158 1399 μαθητάς.
183 1362 298 1398 Ἐπειδὴ
314 1362 366 1403 γὰρ
382 1357 456 1392 εἶπεν
467 1386 475 1398 ,
493 1362 533 1391 ὅτι
561 1376 573 1388 ιι
591 1364 631 1392 Οὖ
648 1362 708 1401 περὶ
729 1361 826 1391 τούτων

51 1410 114 1444 μόνον
136 1409 243 1447 ἐρωτῶ,
264 1421 277 1433 υ
307 1406 350 1435 ἵνα
366 1407 404 1444 μὴ
421 1407 648 1436 σκανδαλισθῶσιν
665 1408 689 1435 οἱ
712 1406 826 1435 ἀπόστο-

50 1452 139 1487 ).οι,ὡς
159 1453 231 1481 οὐδὲν
258 1451 387 1491 ιξαίρετον
416 1453 504 1485 αὐτοῖς
529 1452 643 1484 διδόντος
671 1451 745 1490 παρὰ
767 1451 826 1484 τοὺς

51 1496 154 1534 λοιποζς,
169 1498 369 1536 παραμυθεῖται
394 1495 487 1529 αὐτοὺς
509 1496 552 1525 διὰ
568 1498 613 1524 τοῖ’»
635 1496 771 1531 δηλῶσαι,
785 1495 826 1525 ὅτι

52 1542 138 1574 πολλοῖς
173 1541 282 1570 ἔσονται
319 1541 433 1574 πίστεως
476 1540 521 1570 καὶ
560 1540 691 1579 σωτηρίας
736 1540 824 1570 αἴτιοι.

52 1583 114 1615 Ἐπεὶ
129 1586 153 1615 δὲ
168 1587 268 1618 ἱκανῶς
289 1585 381 1619 αὖτοὺς
405 1585 536 1625 παρέθετο
556 1587 594 1625 τῷ
619 1585 722 1625 "arpi,
739 1586 774 1618 ὡς
793 1584 824 1614 ἂν

53 1629 131 1670 ἁγιάσῃ
158 1630 255 1664 αὐτοὺς
278 1633 312 1670 τῇ
337 1630 440 1666 πίστει,
463 1631 508 1659 καὶ
533 1631 624 1659 θυσίαν
648 1629 742 1663 αὐτοὺς
762 1630 825 1668 ἁγία

52 1676 77 1713 τῇ
90 1675 186 1716 ἀληθείᾳ
208 1674 378 1715 ἀποτελέσῃ,
395 1675 468 1714 λέγει
481 1674 572 1704 λοιπὸν
583 1675 664 1704 πάλιν
684 1674 745 1714 περὶ
761 1677 825 1713 ὁμο-

53 1721 122 1757 νοίας,
144 1721 188 1750 καὶ
214 1716 304 1761 ἄρόῧ
327 1720 426 1757 ἤρξατο
457 1720 618 1759 κεφαλαίου,
645 1721 691 1754 τῆς
721 1720 826 1759 ἀγάπης

52 1764 121 1802 λέγω,
135 1767 168 1800 εἷς
191 1768 278 1796 ἐκεῖνο
299 1765 389 1794 λοιπὸν
414 1764 565 1794 κατακλείει
591 1765 634 1793 τὸν
657 1764 754 1803 λόγον,
780 1764 826 1794 καί

54 1820 124 1847 φησιν·
153 1824 164 1836 ι
188 1809 252 1840 Ἵνα
280 1810 378 1843 πάντες
404 1809 431 1838 ἓν
459 1804 519 1838 ὦσι·
537 1823 550 1836 ι
581 1809 734 1846 τουτέστιν,
764 1808 826 1838 Ἶνα

54 1854 140 1892 εἰρήνην
163 1855 207 1884 καὶ
226 1854 353 1892 ὁμόνοιαν
383 1854 483 1894 ἔχωσι,
513 1853 559 1884 καὶ
587 1855 614 1882 ἐν
639 1855 722 1892 ἡμῖν,
737 1853 826 1882 τουτέ-

55 1901 149 1935 στιν,ἐν
164 1902 193 1937 τῇ
210 1900 274 1939 πρὸς
299 1901 370 1938 ἡμᾶς
396 1899 484 1928 πίστει
509 1899 540 1928 τὸ
567 1899 750 1928 ἀδιάσπαστον
775 1909 826 1934 τη-

57 1944 129 1980 ﬁxam
153 1945 234 1974 οὐδὲν
250 1943 304 1983 γὰρ
327 1943 396 1973 οὕτω
419 1943 585 1978 σκανδαλίζει
603 1941 662 1977 τοὺς
687 1942 824 1981 μαθητὰς,

56 1988 82 2020 ὡς
93 1988 118 2017 τὸ
131 1990 292 2018 διασπᾶσθαι
302 2010 309 2024 ,
335 1988 380 2017 καὶ
401 1988 438 2025 μὴ
454 1990 608 2028 ὁμοφρονεῖν
625 1987 684 2020 τοὺς
700 1988 827 2017 διδασκάα

56 2031 110 2066 λους’
133 2035 185 2067 πῶς
210 2034 262 2073 γὰρ
293 2034 346 2066 τοῖς
379 2032 416 2071 μὴ
439 2034 472 2062 τὰ
501 2032 570 2062 αὐτὰ
598 2035 719 2073 φρονοῦσι
748 2032 828 2068 θελή-

57 2077 115 2106 conci
127 2089 188 2110 τινες
201 2079 358 2114 πεισθῆναι;
384 2078 434 2107 Διὰ
458 2078 535 2106 τοῖίτό
554 2086 644 2117 φησιν·
673 2090 686 2103 ι
703 2076 764 2106 Ἵνα
781 2077 827 2106 καὶ

58 2121 115 2150 αὐτοὶ
132 2122 156 2151 ἓν
169 2117 230 2152 ὦσιν
248 2136 260 2149 ι
279 2123 306 2151 ἐν
320 2124 354 2161 τῇ
370 2122 406 2156 εἷς
428 2123 500 2160 ἡμᾶς
523 2122 625 2158 πίστει,
645 2135 657 2147 ι
676 2120 763 2154 καθὼς
781 2121 827 2158 σὺ,

59 2165 145 2207 Πάτερ,
168 2168 194 2196 ἐν
217 2166 292 2206 ἐμοὶ,
316 2166 390 2205 κάγὼ
412 2167 438 2196 ἐν
463 2166 541 2196 solm
573 2167 657 2196 Πάλιν
682 2167 727 2205 τὸ,
747 2179 760 2192 α
778 2179 826 2196 κοι-

59 2209 110 2245 “GK,
134 2225 146 2238 ι
163 2212 209 2241 οὐκ
228 2210 354 2251 ἀκριϐοῦς
377 2211 523 2246 ἐξισώσεώς
548 2212 629 2240 ἐστιν.
659 2212 699 2241 Οὐ
715 2210 766 2250 γὰρ
781 2211 827 2240 δυ-

59 2254 118 2284 νατὸν
132 2256 208 2289 οὕτως
221 2259 295 2294 ἡμᾶς
309 2258 425 2292 ἡνῶσθαι
442 2257 567 2291 ἀλλήλοις
577 2278 585 2292 ,
601 2258 636 2289 ὡς
650 2259 664 2286 ὁ
679 2255 774 2295 Πατὴρ
790 2259 829 2297 τῷ

60 2297 111 2338 “qr
128 2300 211 2341 ὥσπερ
228 2301 274 2330 καὶ
298 2300 361 2330 ὅταν
383 2300 459 2340 λέγῃ·
486 2313 499 2328 ι
519 2301 625 2331 Γίνεσθε
652 2301 828 2339 οἰκτίρμονες,

59 2343 85 2375 ὡς
99 2345 111 2372 ὃ
126 2346 214 2385 Πατὴρ
231 2347 316 2384 ὑμῶν.
334 2358 346 2372 I
365 2363 405 2368 —
418 2359 430 2371 ιι
441 2344 503 2375 Ἵνα
519 2347 533 2374 ὁ
556 2345 654 2384 κόσμος
676 2344 826 2385 πιστεύσῃ,

59 2385 128 2418 δτισύ
147 2402 177 2428 με
191 2390 359 2424 ἀπέστειλας.
375 2404 387 2416 ι
412 2390 466 2420 Καὶ
490 2390 542 2431 γὰρ
558 2391 610 2419 ἀπὸ
634 2391 681 2426 τῆς
707 2391 830 2428 ὁμονοίας

60 2432 100 2460 τῶν
120 2437 235 2472 μαθητῶν
252 2435 306 2474 ἐγὼ
322 2436 335 2464 ὅ
356 2434 515 2469 διδάσκαλος
538 2437 692 2475 φανοῦμαι,
718 2434 758 2463 ὅτι
778 2435 831 2464 ἀπὸ

60 2475 114 2505 Θεοῦ
134 2479 243 2515 ἐξῆλθον.
276 2479 342 2510 Ἐὰν
365 2480 394 2508 δὲ
413 2480 568 2520 μάχωνται,
594 2481 642 2509 οὐκ
668 2481 756 2519 ἐροῦσι
785 2482 830 2509 τοῦ

62 2521 168 2558 εἷρηνικοῦ
193 2521 259 2554 εἶναι
288 2524 419 2563 μαθητάς·
446 2524 484 2562 μὴ
509 2524 573 2554 ὄντα
590 2524 619 2554 δέ
645 2535 678 2562 με
699 2524 830 2564 εἰρηνικὸν

879 917 961 944 etiam
994 925 1044 953 pro
1066 917 1098 945 iis
1129 917 1174 953 qui
1200 917 1331 946 credituri
1356 923 1420 946 sunt
1445 927 1492 954 pcr
1516 927 1675 949 sermonem

879 969 975 989 eorum
998 962 1025 989 in
1050 970 1106 995 me,
1122 966 1153 990 ut
1167 970 1265 990 omnes
1280 971 1367 990 unum
1382 963 1448 996 sint,
1463 963 1534 991 sicut
1549 969 1579 991 tu
1594 966 1676 994 Pater

879 1006 904 1033 in
932 1014 987 1039 me,
1007 1010 1035 1034 et
1049 1014 1100 1042 ego
1110 1006 1139 1034 in
1162 1011 1200 1040 te,
1214 1011 1245 1034 ut
1261 1012 1288 1034 et
1307 1007 1357 1043 ipsi
1371 1007 1399 1035 in
1413 1007 1491 1036 nobis
1506 1016 1593 1036 unum
1607 1009 1672 1044 sint,

879 1054 909 1078 ut
920 1050 1014 1078 credat
1030 1051 1151 1079 mundus
1167 1051 1239 1087 quod
1261 1055 1291 1079 tu
1315 1059 1360 1080 me
1381 1051 1498 1080 miseris.
1516 1064 1527 1076 ιι
1550 1054 1674 1089 Dixerat,

881 1106 893 1119 α
916 1096 968 1123 Pro
991 1095 1056 1132 ipsis
1069 1104 1120 1131 ego
1134 1096 1275 1124 sanctiﬁco
1289 1097 1435 1132 mcipsum.
1460 1109 1472 1121 ν
1490 1098 1529 1125 Ut
1549 1098 1630 1134 igitur
1641 1107 1676 1128 ne

879 1144 956 1176 putet
981 1141 1043 1177 quis
1063 1141 1137 1176 quod
1160 1149 1210 1176 pro
1233 1141 1299 1169 solis
1324 1142 1457 1177 apostolis
1480 1147 1606 1170 mortuus
1626 1143 1674 1177 sit,

879 1185 970 1212 subdit
987 1194 993 1212 :
1011 1196 1024 1209 ιι
1043 1187 1103 1213 Non
1118 1193 1167 1221 pro
1182 1185 1224 1213 his
1239 1193 1306 1221 rogo
1320 1186 1420 1220 solum,
1443 1187 1490 1214 sed
1511 1191 1538 1214 et
1551 1195 1600 1223 pro
1614 1195 1675 1216 om-

879 1229 960 1257 nibus
981 1230 1028 1266 qui
1049 1230 1164 1258 credent
1185 1238 1232 1266 per
1251 1238 1407 1259 sermonem
1435 1231 1556 1259 illorum.
1579 1243 1592 1257 ι
1615 1234 1677 1261 Hoc

879 1278 971 1302 autem
986 1274 1048 1302 loco
1063 1275 1163 1302 iterum
1175 1275 1256 1311 erigit
1276 1275 1469 1310 apostolorum
1483 1276 1590 1304 animos
1601 1277 1676 1312 quod

879 1318 997 1347 habituri
1023 1320 1077 1347 sint
1099 1320 1201 1348 multos
1223 1319 1380 1355 discipulos.
1407 1321 1476 1355 Quia
1499 1321 1571 1349 enim
1596 1321 1676 1356 dixit,

881 1375 893 1388 ιι
916 1365 977 1392 Non
993 1372 1042 1399 pro
1057 1364 1098 1392 his
1118 1365 1185 1392 solis
1200 1372 1278 1399 rogo,
1297 1377 1309 1389 ν
1325 1369 1356 1392 ut
1370 1372 1404 1393 ne
1417 1363 1596 1393 offendantur
1607 1374 1676 1402 apo-

879 1409 942 1436 stoli
963 1409 1042 1444 quasi
1057 1409 1123 1436 nihil
1137 1409 1275 1444 singulare
1290 1417 1346 1445 prae
1370 1409 1430 1437 aliis
1454 1409 1584 1444 habeant,
1607 1419 1677 1439 con-

879 1453 984 1481 solatur
1016 1461 1073 1487 eos,
1109 1454 1287 1489 signiﬁcando
1314 1454 1373 1482 fore
1399 1454 1460 1482 illos
1494 1455 1678 1490 plurimorum

881 1498 941 1525 ﬁlei
956 1502 983 1526 et
997 1498 1093 1526 salutis
1107 1503 1241 1526 auctores.
1262 1499 1294 1526 Et
1308 1499 1372 1534 quia
1387 1499 1455 1526 satis
1468 1500 1678 1529 commendarat

881 1551 926 1570 eos
937 1543 1023 1577 Patri,
1038 1543 1113 1579 quasi
1126 1543 1179 1571 ﬁde
1202 1543 1377 1572 sanctiﬁcans
1396 1551 1455 1576 eos,
1471 1548 1498 1572 et
1513 1545 1677 1574 sacriﬁcium

878 1595 924 1616 eos
939 1587 1045 1615 veritati
1061 1596 1170 1616 sacrum
1194 1595 1400 1622 consumimus,
1422 1588 1491 1616 dicit
1514 1593 1605 1624 postea
1629 1590 1678 1618 ite-

879 1640 942 1660 rum
974 1632 1010 1660 de
1039 1633 1198 1666 concordia,
1233 1636 1262 1661 et
1291 1641 1307 1661 a
1340 1641 1396 1669 quo
1428 1634 1511 1670 capit
1544 1634 1679 1670 principio

879 1677 1025 1710 (charitatis
1050 1677 1123 1710 dico)
1153 1677 1180 1705 in
1203 1685 1236 1706 eo
1261 1685 1334 1706 nunc
1358 1677 1446 1706 ferme
1473 1679 1623 1713 concludit,
1648 1687 1680 1708 ac

881 1721 970 1758 inquit
994 1731 1001 1749 :
1026 1733 1039 1746 ι
1067 1723 1106 1750 Ut
1128 1729 1225 1750 omnes
1248 1730 1334 1750 unum
1358 1723 1426 1756 sint,
1451 1734 1463 1747 ι
1493 1723 1545 1751 hoc
1576 1727 1628 1758 est,
1648 1727 1680 1752 ut

882 1774 977 1802 pacem
1011 1770 1038 1794 et
1075 1766 1254 1794 concordiam
1291 1767 1420 1801 habeant,
1457 1772 1486 1796 et
1513 1780 1526 1792 ι
1563 1769 1592 1796 in
1627 1777 1680 1797 no-

881 1811 935 1846 bis,
969 1822 983 1835 u
1006 1810 1059 1838 hoc
1085 1815 1136 1845 est,
1163 1815 1194 1838 ut
1216 1811 1384 1839 individuam
1414 1819 1475 1847 erga
1498 1820 1550 1840 nos
1569 1818 1679 1841 servent

880 1855 975 1883 ﬁdem.
996 1855 1069 1882 Nihil
1097 1855 1171 1882 enim
1192 1856 1229 1882 ita
1258 1855 1374 1884 offendit
1403 1856 1562 1892 discipulos,
1593 1858 1676 1893 733

881 1904 911 1927 ut
936 1899 1028 1927 divelli
1051 1903 1079 1927 et
1105 1907 1162 1927 non
1192 1899 1264 1927 idem
1297 1900 1398 1928 sentire
1428 1900 1566 1929 doctores.
1600 1902 1678 1935 Quo-

879 1944 963 1972 modo
987 1943 1060 1972 enim
1083 1943 1294 1980 persuadebunt,
1317 1945 1365 1980 qui
1386 1952 1444 1973 non
1462 1945 1535 1973 idem
1549 1946 1678 1982 sapiunt?

879 1990 1022 2024 Propterea
1041 1988 1109 2017 dicit
1128 1997 1135 2016 :
1154 2000 1166 2013 ι
1191 1989 1229 2017 Ut
1245 1993 1273 2017 et
1288 1989 1339 2025 ipsi
1356 1997 1444 2018 unum
1463 1989 1519 2017 sint
1543 2001 1554 2014 -
1577 1990 1606 2018 in
1625 1990 1678 2019 ﬁde

878 2041 940 2070 erga
956 2041 1016 2068 nos,
1039 2045 1052 2058 σι
1072 2033 1143 2062 sicut
1156 2037 1197 2068 tu,
1219 2035 1306 2067 Pater,
1327 2034 1355 2061 in
1374 2042 1428 2068 me,
1444 2038 1471 2062 et
1489 2042 1538 2070 ego
1561 2035 1587 2062 in
1602 2039 1640 2063 te.
1662 2047 1675 2060 ι

880 2081 1011 2112 Rursum,
1040 2089 1053 2103 α
1081 2078 1163 2112 sicut,
1192 2089 1205 2102 υ
1230 2086 1288 2106 non
1313 2083 1416 2107 exacta!
1439 2083 1480 2107 est
1502 2079 1676 2116 aequalitatis.

880 2125 943 2151 Non
957 2123 1031 2151 enim
1050 2123 1181 2159 possibile
1203 2127 1234 2151 ut
1250 2123 1287 2151 ita
1306 2123 1436 2151 uniamur
1455 2124 1525 2152 inter
1539 2132 1589 2152 nos
1607 2125 1678 2152 sicut

886 2169 964 2196 Pater
978 2168 1071 2196 unitur
1089 2168 1173 2202 Filio;
1196 2172 1279 2204 atque
1299 2168 1336 2196 ita
1355 2176 1420 2196 cum
1435 2168 1501 2196 dicit
1524 2178 1529 2196 :
1546 2180 1559 2194 ι
1582 2171 1679 2198 Estoto

886 2212 1086 2246 misericordes,
1113 2213 1185 2240 sicut
1214 2214 1295 2240 Pater
1330 2216 1420 2241 vester
1444 2213 1480 2247 ⁸⁸,
1507 2225 1520 2238 υ
1545 2213 1677 2250 intellige.

885 2270 897 2282 α
919 2258 959 2286 Ut
971 2257 1091 2285 mundus
1102 2257 1195 2285 credat
1211 2257 1285 2293 quod
1304 2261 1335 2285 tu
1349 2265 1393 2285 me
1406 2258 1524 2286 miseris.
1539 2270 1552 2282 ι»
1568 2259 1679 2287 Etenim

883 2311 899 2330 a
923 2301 1069 2330 concordia
1094 2301 1291 2338 discipulorum
1315 2309 1366 2338 ego
1389 2301 1487 2330 doctor
1513 2303 1681 2339 comprobor

884 2347 957 2383 quod
972 2356 987 2375 a
1007 2348 1065 2374 Deo
1085 2347 1226 2374 exiverim.
1247 2346 1275 2374 Si
1299 2350 1392 2374 autem
1407 2348 1586 2383 pugnaverint
1609 2348 1680 2377 inter

884 2399 925 2426 se,
941 2399 996 2419 non
1011 2391 1135 2420 dicentur
1150 2391 1254 2427 paciﬁci
1269 2399 1328 2419 esse
1343 2391 1466 2427 discipuli
1483 2401 1489 2420 :
1513 2400 1601 2429 neque
1623 2402 1679 2428 me,

885 2436 906 2464 si
922 2437 1051 2473 paciﬁcus
1065 2444 1121 2464 non
1136 2435 1226 2470 fuero,
1242 2434 1402 2464 fatebuntur
1419 2444 1434 2464 a
1450 2441 1477 2465 te
1491 2437 1616 2466 missum.
1633 2439 1680 2466 Vi.

885 2481 934 2510 des
946 2480 1085 2517 quomodo
1099 2488 1185 2518 usque
1204 2479 1240 2508 ad
1253 2481 1340 2509 ﬁnem
1353 2481 1529 2510 concordiam
1551 2490 1614 2518 erga
1629 2484 1682 2511 Pa-

886 2530 957 2554 trem
970 2525 1086 2554 astruit?

64 2565 102 2612 οὖχ
123 2569 323 2607 ὁμολογήσουσιν
353 2570 521 2599 ἀπεστάλθαι
549 2568 623 2607 παρὰ
657 2571 714 2600 σοῦ.
737 2568 840 2609 Ὁρᾷς,
866 2573 921 2606 πῶς
943 2571 1007 2612 ἄχρι
1032 2571 1122 2604 τέλους
1146 2573 1223 2600 τοῦτο
1248 2571 1457 2609 κατασκευάζει,
1490 2571 1520 2601 τὸ
1547 2571 1613 2612 πρὸς
1637 2572 1681 2601 τὸν

66 2608 152 2649 Πατέρα
165 2613 332 2651 ὁμονοητικόν
340 2626 348 2650 ;

95 2657 188 2700 ιξάγὼ
201 2659 249 2695 τὴν
265 2658 351 2695 δόξαν,
362 2658 395 2694 ἣν
406 2658 523 2692 δέδωκάς
538 2669 599 2697 μοι,
615 2657 717 2688 δέδωκα
732 2658 830 2698 αὐτοῖς,

64 2694 96 2726 ἵνα
108 2694 164 2730 ὦσιν
178 2702 219 2742 ἓν,
230 2694 322 2737 καθὼς
345 2706 419 2742 ἡμεῖς
440 2702 467 2732 ἕν
490 2694 581 2742 ἐσμεν.
599 2702 671 2742 Ἐγὼ
686 2704 712 2732 ἐν
729 2694 829 2740 αὐτοῖς,

66 2742 100 2770 καὶ
118 2745 145 2774 σὺ
167 2747 191 2776 ἐν
207 2748 282 2787 ἐμοὶ,
296 2748 340 2778 ἵνα
359 2743 409 2778 ὦσι
434 2747 630 2786 τετελειωμένοι
654 2749 689 2781 εἷς
711 2747 754 2784 ἓν,
781 2747 827 2776 καὶ

95 2822 112 2842 τ’
127 2826 202 2855 Rom.
214 2835 256 2857 γι.
272 2831 313 2857 19.
327 2828 349 2847 η
365 2829 432 2857 Luc.
449 2836 492 2861 v1,
507 2829 541 2855 26

924 2661 1014 2689 Vens.
1041 2662 1087 2694 22,
1116 2662 1163 2688 23.
1181 2661 1242 2688 «Et
1267 2667 1317 2696 ego
1338 2659 1452 2697 gloriam
1478 2667 1561 2697 quam
1584 2658 1684 2687 dedisti

887 2705 966 2739 mihi,
990 2705 1055 2733 dedi
1070 2704 1120 2739 eis,
1145 2709 1177 2732 ut
1200 2705 1258 2733 sint
1280 2713 1379 2740 unum,
1401 2705 1471 2733 sicut
1493 2708 1521 2732 et
1534 2711 1585 2732 nos
1599 2711 1684 2731 unum

886 2758 993 2779 sumus.
1011 2751 1068 2786 Ego
1083 2749 1110 2778 in
1121 2750 1172 2784 eis,
1187 2754 1216 2778 et
1236 2753 1266 2778 tu
1281 2749 1308 2777 in
1320 2757 1376 2784 me,
1387 2753 1418 2778 ut
1431 2749 1487 2778 sint
1499 2748 1684 2777 consummati
