1922 3077
263 186 315 212 239

770 181 1025 210 THEOPHYLACTI
1045 180 1220 208 BULGARL/E
1238 180 1395 208 ARCHIEP.
1847 179 1888 205 240

261 247 289 274 in
304 253 402 279 unum,
417 249 445 274 et
467 249 498 273 ut
513 248 659 281 cognoscat
671 244 792 273 mundus
804 243 879 280 quod
898 248 929 272 tu
944 251 989 272 me
1003 243 1042 271 mi

1095 242 1154 276 ,ἵνα
1180 242 1297 282 γινώσκῃ
1327 245 1341 272 ὁ
1371 242 1485 280 κόσμος,
1513 241 1552 270 δτι
1578 241 1609 270 σύ
1637 251 1670 278 με
1697 240 1858 272 ἀπέστειλας.
1877 253 1886 266 ο

262 291 330 320 sisti.
357 300 373 317 »
396 290 514 325 Qualem
539 290 656 326 gloriam
687 289 779 318 datam
800 296 858 317 esse
885 289 965 317 dicit?
990 289 1056 316 Eam

261 343 323 372 quae
346 342 395 371 per
420 334 498 371 signa
528 338 555 362 et
580 342 628 370 per
653 333 780 370 dogmata
807 338 834 362 et
857 333 1005 367 doctrinas,
1030 336 1057 360 et

260 379 342 408 aliam
355 387 464 416 qucque
478 379 605 415 gloriam,
628 379 783 407 concordiae
795 379 906 412 Scilicet,
923 389 936 403 «
959 382 989 406 ut
1003 378 1057 405 sint

258 431 354 452 unum.
382 435 394 448 ι
420 425 477 452 Ista
501 423 577 452 enim
603 423 688 460 gloria
716 431 807 460 major
832 427 890 457 est,
916 430 996 458 quam
1023 430 1055 450 ea

258 476 320 505 qua:
339 469 490 505 signorum.
517 469 589 496 Nam
613 468 685 496 sicut
708 472 736 496 et
760 470 849 496 Deum
873 467 1055 500 admiramur,

258 513 322 549 quia
345 520 401 540 non
417 516 458 540 est
478 512 575 540 seditio
601 519 691 548 neque
712 520 801 548 pugna
823 512 851 539 in
873 516 968 540 natura
984 511 1054 547 ejus,

259 561 287 585 et
311 557 432 585 maxima
448 556 498 585 ista
517 556 603 593 gloria
630 561 671 584 est
693 565 700 584 :
724 557 763 584 ita
784 561 811 585 et
825 556 873 591 illi,
888 556 984 592 inquit,
1002 555 1054 583 hoc

258 601 330 637 loco,
344 609 361 630 a
372 601 517 630 concordia
531 601 602 634 dico,
617 601 683 629 ﬁant
697 601 772 629 clari.
790 612 802 625 ‹‹
827 602 885 637 Ego
908 601 936 628 in
957 601 1006 633 eis,
1027 604 1054 628 et

257 650 287 675 tu
307 645 336 674 in
357 654 410 674 me.
440 657 453 670 ιι
474 647 534 674 Hoc
559 645 619 674 loco
641 645 761 674 ostendit
785 646 860 682 quod
884 645 999 681 apostoli
1026 649 1052 673 et

254 692 366 719 Patrem
380 691 409 718 in
426 698 455 718 se
478 694 649 726 receperunt.
678 702 690 714 ιι
716 692 775 726 Ego
798 690 883 724 enim,
900 690 998 726 inquit,
1023 690 1050 718 in

255 734 324 772 ipsis
337 742 409 770 sum,
426 747 439 760 »
462 739 490 763 et
503 739 529 763 te
541 743 650 771 quoque
663 735 750 762 habeo
766 735 793 762 in
809 743 863 769 me,
879 739 907 762 et
918 735 954 762 ita
966 734 1049 762 etiam

255 783 286 808 tu
299 780 327 808 in
341 780 379 808 eis
392 787 430 807 es.
443 779 504 808 Alio
517 783 612 808 autem
625 780 685 807 loco
698 783 725 808 et
738 781 849 808 Patrem
864 779 946 807 etiam
959 779 1048 814 ipsum

254 823 436 853 adventurum
451 824 526 858 dicit,
541 828 569 852 et
586 824 756 852 mansionem
777 823 914 852 facturum
928 823 950 840 ⁸⁸
966 832 972 851 :
1000 824 1049 852 Sa-

252 868 325 897 bellii
352 877 383 897 os
410 869 585 902 concludens,
615 873 642 896 et
667 868 738 897 duas
766 868 933 896 substantias
957 868 1048 896 mani-

251 912 362 942 festans.
379 914 440 941 Hoc
454 917 546 941 autem
556 914 616 941 loco
627 916 655 941 et
666 913 723 941 Arii
738 913 871 941 insaniam
886 913 1045 949 reprimens.

250 958 363 986 Patrem
385 957 458 986 enim
480 957 570 993 inquit
583 965 631 994 per
652 958 743 994 ipsum
770 957 830 985 ﬁeri
853 957 882 985 in
895 957 1045 993 discipulis,

251 1013 265 1027 σι
285 1006 316 1031 ut
329 1002 398 1031 sciat
412 1002 531 1030 mundus
545 1002 619 1038 quod
632 1006 662 1030 tu
677 1010 721 1030 me
735 1002 843 1030 miseris
859 1011 865 1029 ε
883 1012 897 1029 ››
913 1002 1045 1030 continuo

249 1052 341 1076 autem
363 1047 416 1075 hoc
443 1046 519 1081 dicit,
553 1047 701 1075 ostendens
736 1055 842 1082 pacem,
869 1055 931 1083 quae
959 1047 1045 1075 valeat

247 1092 330 1120 etiam
345 1091 489 1120 conciliare
503 1091 588 1127 magis
602 1099 685 1127 quam
707 1091 821 1127 quodvis
835 1091 954 1128 signum.
971 1093 1043 1120 Nam

247 1140 278 1164 ut
308 1136 370 1164 lites
394 1136 488 1164 omnia
519 1135 683 1170 dissolvunt,
709 1136 747 1164 ita
772 1135 921 1164 concordia
949 1137 1042 1164 omnia

246 1180 368 1217 copulat.

280 1227 370 1254 VBRS.
387 1227 432 1259 23,
446 1227 492 1254 24.
510 1236 523 1250 α
542 1226 577 1253 Et
590 1225 710 1253 dilexisti
724 1233 781 1259 eos,
794 1226 866 1254 sicut
879 1229 906 1253 et
919 1232 964 1253 me
976 1224 1042 1253 dile-

245 1270 320 1299 xisti.
345 1271 436 1303 Pater,
459 1277 530 1306 quos
552 1269 649 1298 dedisti
672 1270 751 1304 mihi,
774 1271 834 1298 volo
858 1274 888 1298 ut
910 1269 957 1298 ubi
979 1277 1041 1297 sum

244 1322 305 1351 ego,
321 1318 349 1343 et
363 1315 401 1343 illi
416 1315 472 1342 sint
485 1322 593 1342 mecum
610 1323 617 1342 :
634 1319 664 1342 ut
686 1314 795 1343 videant
812 1315 925 1351 gloriam
938 1322 1040 1348 meam,

242 1367 326 1395 quam
338 1358 434 1387 dedisti
448 1358 515 1386 mihi
533 1367 539 1386 2
555 1358 618 1394 quia
633 1357 754 1386 dilexisti
768 1366 812 1386 me
827 1363 888 1386 ante
899 1358 1040 1387 conditum

242 1403 387 1431 mundum.
413 1413 425 1427 η
448 1404 552 1430 lterum
574 1402 626 1429 hoc
637 1402 698 1430 loco
714 1410 761 1438 per
777 1414 789 1426 (ι
806 1403 877 1431 sicut
893 1414 905 1426 ι»
921 1403 1040 1438 intelligo

241 1447 389 1483 signiﬁcari
403 1450 538 1483 quantum
563 1446 648 1474 homo
660 1446 735 1483 diligi
748 1451 849 1482 potest.
863 1449 959 1483 Itaque
975 1455 1039 1474 cum

240 1491 356 1520 dixisset
374 1491 483 1519 futuros
496 1495 580 1525 tutos,
601 1495 720 1525 sanctos,
738 1492 839 1519 multos
854 1499 902 1527 per
915 1499 961 1519 eos
977 1499 1037 1519 cre-
1056 1502 1079 1535 ρ

240 1535 357 1570 dituros,
380 1535 498 1564 multam
519 1535 662 1563 habituros
682 1535 808 1572 gloriam,
831 1536 896 1563 dicit
914 1544 987 1563 nunc
1012 1541 1038 1563 et

240 1579 275 1607 de
288 1580 410 1616 praemiis
423 1583 450 1607 et
463 1579 573 1607 coronis
584 1587 645 1615 qua:
661 1585 721 1616 post
736 1579 808 1608 hanc
822 1580 907 1608 vitam
919 1581 1038 1616 reposita

239 1628 317 1652 sunt.
338 1635 350 1649 ιι
364 1623 433 1652 Volo
455 1623 538 1657 enim,
554 1624 652 1660 inquit,
670 1629 702 1652 ut
724 1624 771 1652 ubi
786 1633 848 1652 sum
871 1633 932 1661 ego,
948 1629 976 1653 et
998 1625 1037 1653 illi

239 1668 304 1696 sint.
327 1680 340 1692 ιι
365 1670 401 1696 Et
422 1676 457 1696 nc
480 1676 544 1696 cum
568 1668 621 1696 hoc
643 1668 774 1703 audieris,
797 1669 938 1697 existimes
962 1669 1036 1705 quod

238 1712 368 1741 eamdem
389 1712 550 1749 dignitatem
573 1714 725 1741 assecuturi
744 1713 808 1748 sint,
832 1713 925 1742 subdit
946 1723 953 1741 :
976 1725 987 1738 α
1006 1718 1036 1742 ut

237 1757 349 1786 videant
368 1757 483 1794 gloriam
496 1765 596 1786 meam.
613 1770 626 1782 ιι
643 1759 704 1786 Non
718 1759 793 1786 enim
815 1759 882 1787 dixit
898 1768 904 1786 :
927 1763 959 1787 ut
973 1758 1035 1787 fru—

237 1806 319 1831 antur
330 1803 417 1838 gloria
431 1809 503 1838 mea,
517 1803 577 1837 sed,
591 1814 603 1828 α
619 1804 659 1831 Ut
672 1803 787 1831 videant.
805 1813 819 1830 »
833 1804 947 1832 Homini
960 1803 1034 1832 enim

236 1847 345 1883 requies
359 1847 490 1881 maxima,
512 1847 603 1876 videre
617 1848 718 1876 Filium
738 1848 800 1876 Dei.
824 1850 891 1876 Haec
904 1849 978 1876 enim
992 1852 1034 1877 est

236 1892 326 1920 omnis
349 1892 436 1928 gloria
459 1892 607 1928 dignorum
633 1901 639 1920 :
662 1892 736 1928 quod
758 1897 785 1920 et
810 1893 910 1921 Paulus
934 1893 1002 1921 dicit
1024 1902 1029 1919 :

236 1947 249 1961 ι
269 1938 328 1965 Nos
341 1941 433 1965 autem
448 1937 565 1965 revelata
581 1936 650 1964 facie
672 1937 788 1972 gloriam
809 1937 922 1965 Domini
936 1946 1031 1973 specu-

234 1980 358 2009 lantes”.
371 1992 384 2005 ι
393 1980 477 2016 73EI
483 1980 611 2009 Ostendit
622 1981 705 2016 igitur
712 1981 763 2008 hoc
769 1981 830 2009 loco
838 1981 910 2016 quod
916 1989 973 2009 non
984 1982 1030 2016 sit,

233 2025 470 2061 quemadmodum
500 2032 573 2053 nunc
604 2025 712 2052 videtur
736 2025 786 2059 eis,
811 2025 838 2051 in
865 2025 911 2052 vili
933 2025 1031 2054 habitu

232 2068 442 2104 conspiciendus
475 2072 553 2102 tunc,
586 2068 633 2096 sed
664 2069 692 2095 in
717 2068 802 2103 gloria
828 2076 912 2104 quam
937 2069 1030 2097 habuit

233 2123 246 2136 «ι
268 2117 332 2140 ante
345 2112 490 2140 conditum
503 2111 647 2141 mundum.
666 2125 678 2136 ι
696 2112 835 2140 Habebam
848 2117 939 2141 autem
960 2113 1031 2142 hanc

1109 287 1192 317 Ποίαν
1206 287 1282 321 δόξαν
1295 286 1437 316 δεδωκέναι
1458 285 1545 325 λέγεις
1563 286 1620 320 Τὴν
1633 285 1674 314 διὰ
1690 286 1745 314 τῶν
1765 284 1888 321 σημείων,

1109 331 1156 367 τὴν
1172 331 1215 361 διὰ
1226 334 1277 361 τῶν
1295 331 1434 370 δογμάτων
1447 330 1493 359 καὶ
1509 331 1695 370 διδασκαλιῶν·
1713 329 1760 359 καὶ
1777 330 1852 365 ἀλλην
1867 329 1888 357 δὲ

1110 376 1201 414 δόξαν,
1215 376 1262 412 τὴν
1278 369 1480 414 τ’ἧςγὸμονοίας,
1499 388 1512 402 ι
1532 373 1576 404 ἵνα
1591 369 1656 404 ὦσιν
1673 374 1712 405 ἕν.
1733 388 1746 401 ιι
1761 373 1832 409 Αὕτη
1846 374 1888 412 γὰρ

1108 423 1124 457 ἡ
1144 422 1205 456 δόξα
1230 423 1326 460 μείζων
1348 423 1395 456 τῆς
1410 421 1463 450 ἀπὸ
1486 422 1538 450 τῶν
1566 419 1694 458 σημείων.
1721 419 1829 459 Ὠσπερ
1847 419 1888 457 γὰρ

1108 465 1212 495 καὶτὸν
1235 466 1302 496 Θεὸν
1320 466 1505 504 θαυμάζομεν,
1529 465 1569 495 ὅτι
1585 465 1633 494 οὐκ
1648 465 1706 494 ἔστι
1729 465 1819 498 στάσις
1840 465 1886 494 οὐδὲ

1108 511 1184 550 μάχη
1206 513 1232 540 ἐν
1247 513 1279 550 τῇ
1305 511 1381 551 φύσει
1396 510 1499 549 ἐκείνῃ,
1523 509 1568 539 καὶ
1594 509 1707 548 μεγίστη
1735 508 1802 546 αὕτη
1828 509 1885 543 δόξα,

1107 555 1176 585 οὕτω
1190 556 1235 585 καὶ
1252 552 1323 585 οἷτοι
1335 577 1342 590 ,
1365 554 1443 596 φησὶν
1455 577 1463 591 ,
1482 556 1598 584 ἐντεῦθεν
1612 577 1620 592 ,
1637 554 1690 583 ἀπὸ
1711 556 1758 590 τῆς
1777 555 1887 592 ὁμονοίας

1106 600 1192 638 λέγω,
1221 600 1386 638 γενέσθωσαν
1410 599 1541 638 λαμπροί.
1560 612 1572 625 α
1593 598 1668 638 Ἐγὼ
1684 599 1711 627 ἔν
1737 600 1836 634 αὐτοῖς,
1849 600 1887 629 καὶ

1107 644 1138 674 σὺ
1154 645 1180 673 ἐν
1200 645 1267 683 ἐμοί.
1287 659 1298 671 υ
1318 645 1452 674 Ἐνταῦθα
1478 644 1626 682 δείκνυσιν,
1653 643 1693 672 ὅτι
1710 643 1734 672 οἳ
1758 644 1886 673 ἀπόστολοι

1105 690 1150 718 καὶ
1173 689 1216 719 τὸν
1242 690 1349 729 Πατέρα
1374 689 1514 728 ἐχώρησαν
1534 689 1560 717 ἐν
1577 690 1688 722 ἑαυτοῖς.
1711 701 1724 714 α
1743 687 1814 728 Ἐγὼ
1833 688 1885 728 γὰρ,

1104 733 1198 772 φησὶν,
1215 735 1241 763 ἐν
1256 736 1342 767 αὐτοῖς
1358 748 1369 761 ι
1389 735 1462 772 εἶμι,
1476 733 1505 763 σὲ
1523 733 1550 762 δὲ
1564 733 1645 762 πάλιν
1664 733 1721 772 ἔχω
1736 734 1763 762 ἓν
1779 735 1883 773 ἐμαυτῷυ

1103 777 1171 807 ὥστε
1188 779 1234 807 καὶ
1250 778 1281 808 σὺ
1304 780 1330 808 ἐν
1357 780 1443 812 αὐτοῖς
1462 773 1496 808 εἶ.
1515 778 1645 818 Ἀλλαχοῧ
1666 777 1693 807 δὲ
1711 777 1758 806 καὶ
1773 778 1815 807 τὸν
1835 779 1883 807 Πα-

1102 822 1166 862 τέρα
1180 823 1225 852 καὶ
1241 823 1317 852 αὐτὸν
1333 823 1526 862 παραγενέσθαι
1540 823 1620 862 φησὶ,
1635 822 1682 852 καὶ
1700 822 1783 861 μονὴν
1799 823 1882 860 ποιεῖν,

1102 867 1132 896 τὸ
1156 870 1203 897 τοῦ
1226 867 1376 898 Σαϐελλίου
1396 868 1483 906 στόμα
1508 867 1684 907 ἐμφράττων,
1715 867 1761 897 καὶ
1784 868 1828 900 τὰς
1845 868 1882 896 δύο

1100 913 1255 946 ὑποστάσεις
1282 913 1455 952 παραδηλῶν.
1497 911 1629 942 Ἐνταῦθα
1666 911 1694 941 δὲ
1725 911 1772 947 τὴν
1796 912 1882 952 Ἀρείου

1101 957 1196 994 μανίαν
1214 957 1399 994 ἀναστέλλων,
1417 957 1461 986 τὸν
1478 956 1588 996 Πατέρα
1610 957 1673 996 φησὶ
1690 957 1736 986 διὰ
1752 958 1830 987 αὐτοῦ
1848 969 1882 995 γε·

1099 1001 1188 1030 νέσθαι
1205 1003 1231 1031 ἐν
1246 1003 1299 1035 τοῖς
1326 1006 1470 1040 μαθηταῖς,
1497 1015 1508 1028 α
1532 1001 1575 1030 ἵνα
1600 1002 1719 1042 γινώσκῃ
1740 1004 1754 1031 ὁ
1777 1003 1881 1041 κόσμος,

1099 1046 1138 1075 ὅτι
1163 1046 1195 1075 σύ
1220 1059 1252 1084 με
1275 1047 1444 1080 ἀπέστειλας.
1477 1059 1489 1072 ι
1507 1047 1630 1085 Συνεχῶς
1655 1046 1682 1075 δὲ
1708 1049 1786 1077 τοῦτο
1806 1047 1881 1086 λέγει,

1097 1090 1197 1125 δεικνὺς
1216 1091 1263 1127 τὴν
1289 1091 1394 1131 εἰρήνην
1421 1090 1566 1128 δυναμένην
1593 1091 1795 1121 ἐπισπάσασθαι
1824 1104 1880 1120 παν·

1096 1134 1140 1168 τὸς
1153 1137 1252 1173 μᾶλλον
1268 1137 1389 1174 σημείου.
1414 1135 1524 1175 ¹¹Ωσπερ
1544 1134 1594 1174 γὰρ
1610 1137 1626 1170 ἡ
1650 1135 1704 1175 ἔρις
1726 1137 1880 1175 διαλυτικὸν,

1097 1179 1176 1214 οὕτως
1195 1184 1211 1217 ἡ
1228 1181 1368 1220 συμφωνία
1384 1180 1606 1220 συγκρατητικόν.

1139 1236 1154 1251 α
1172 1225 1225 1254 Καὶ
1249 1225 1391 1264 ἠγάπησας
1419 1225 1526 1262 αὖτοὺς,
1551 1224 1637 1258 καθὼς
1661 1225 1710 1263 ἐμὲ
1739 1225 1878 1264 ἠγάπησας.

1097 1269 1208 1309 Πάτερ,
1233 1269 1276 1303 οὒς
1292 1270 1406 1303 δέδωκάς
1429 1281 1493 1308 μοι,
1515 1269 1583 1298 οέλω
1599 1269 1642 1298 ἵνα
1657 1269 1725 1299 ὅπου
1748 1270 1802 1308 εἰμὶ
1817 1270 1876 1308 ἐγὼ,

1094 1314 1211 1343 κάκεῖνοι
1230 1310 1281 1344 ὦσι
1297 1314 1354 1353 μετ’
1370 1315 1451 1353 ἐμοῦ,
1468 1313 1511 1343 ἵνα
1536 1316 1653 1354 θεωρῶσι
1674 1314 1725 1352 τὴν
1747 1315 1819 1349 δόξαν
1833 1316 1874 1351 τὴν

1095 1358 1177 1395 ἐμὴν,
1193 1359 1226 1394 ἢν
1243 1359 1358 1393 δέδωκάς
1384 1371 1448 1397 μοι,
1464 1359 1504 1388 ὅτι
1523 1359 1666 1397 ἠγάπησάς
1688 1372 1724 1398 με
1739 1361 1789 1399 πρὸ
1802 1372 1876 1390 κατει-

1095 1402 1175 1438 ϐολῆς
1189 1404 1299 1442 κόσμου.
1318 1417 1333 1431 »
1356 1405 1444 1434 Πάλιν
1460 1406 1570 1433 ἐνταῦθα
1587 1403 1634 1442 τὸ,
1653 1415 1669 1431 α
1689 1405 1791 1442 καθὼς,
1813 1417 1826 1432 »
1849 1407 1878 1438 ὡς

1094 1446 1230 1486 ἄνθρωπον
1246 1450 1415 1487 ἀγαπηθῆναι
1440 1450 1570 1488 ἐγχωρεῖ,
1594 1449 1701 1484 νόη.ον.
1727 1449 1815 1480 Εἰπὼν
1832 1450 1876 1479 τοί-

1095 1503 1138 1520 νυν
1150 1515 1157 1528 ,
1173 1492 1213 1522 ὅτι
1227 1492 1331 1522 ἔσονται
1346 1495 1373 1522 ἐν
1394 1493 1526 1533 ἀσφαλείᾳ
1537 1516 1544 1529 ,
1563 1493 1602 1522 ὅτι
1618 1494 1726 1523 ἔσονται
1749 1495 1828 1533 ἅγιοι,
1844 1494 1877 1524 ὅτι

1094 1537 1187 1566 πολλοὶ
1211 1538 1381 1567 πιστεύσουσι
1404 1539 1438 1567 δι’
1454 1538 1562 1574 αὐτοὺς,
1584 1538 1624 1567 ὅτι
1639 1540 1743 1575 πολλῆς
1763 1540 1876 1569 ἀπολαύ-

1093 1593 1167 1611 σουσι
1182 1582 1272 1619 δόξης,
1286 1583 1358 1621 λέγει
1375 1583 1466 1612 λοιπὸν
1486 1582 1532 1611 καὶ
1547 1583 1669 1622 περὶτῶν
1686 1584 1756 1621 μετὰ
1778 1583 1823 1619 τὴν
1838 1586 1874 1613 ἐν-

1091 1628 1180 1656 τεῦθεν
1203 1627 1355 1666 ἀποδημίαν
1382 1626 1512 1667 βραϐείων
1536 1627 1581 1656 καὶ
1612 1628 1749 1668 στεφάνων
1774 1630 1873 1658 ἀποκειο

1092 1670 1177 1708 μένων
1202 1672 1300 1705 αὐτοῖς.
1323 1684 1337 1701 ((
1360 1672 1441 1702 Θέλω
1466 1671 1533 1711 γὰρ,
1559 1672 1655 1712 φησὶν,
1680 1672 1726 1703 ἵνα
1748 1673 1811 1702 ὅπου
1826 1673 1873 1711 εἰμὶ

1090 1716 1158 1754 ἐγὼ,
1175 1717 1291 1746 κάκεῖνοι
1305 1712 1365 1748 ὦσι,
1385 1731 1396 1743 ιι
1424 1717 1478 1747 Καὶ
1501 1716 1544 1745 ἵνα
1561 1716 1598 1754 μὴ
1622 1719 1699 1746 τοῦτο
1717 1719 1827 1752 ἀκούσας
1837 1729 1874 1747 νο-

1091 1761 1185 1800 μίζῃς,
1200 1761 1240 1790 ὅτι
1256 1763 1302 1797 τῆς
1324 1762 1405 1797 αὐτ-’ἧς
1421 1761 1494 1796 ἀξίας
1509 1762 1642 1801 ἐπιτυχεῖν
1660 1761 1812 1801 μέλλουσιν,
1823 1764 1872 1792 ἔπι-

1089 1805 1170 1847 ερίέρειδ
1196 1817 1210 1835 α
1227 1805 1270 1835 ἵνα
1287 1809 1405 1847 θεωρῶσι
1425 1807 1473 1843 τὴν
1498 1805 1574 1840 δόξαν
1589 1806 1636 1842 τήν
1653 1807 1732 1844 ἐμήν.
1744 1822 1755 1833 ιι
1777 1808 1815 1837 Οὐ
1829 1807 1871 1846 γὰρ

1088 1845 1170 1880 εἶπεν
1195 1849 1238 1880 ἵνα
1266 1852 1439 1881 ἀπολαύσωσι
1464 1853 1510 1887 τῆς
1535 1850 1610 1886 δόξης
1633 1853 1680 1886 τ’ἤς
1709 1853 1788 1890 ἐμῆς,
1821 1853 1872 1880 ἀλλ’

1088 1907 1100 1920 οι
1128 1895 1171 1925 ἵνα
1197 1897 1339 1934 θεωρῶσιν.
1367 1910 1378 1920 ιι
1406 1896 1548 1935 Ἀνθρώπῳ
1573 1895 1625 1935 γὰρ
1651 1895 1801 1930 ἀνάπαυσις
1828 1908 1870 1934 με·

1087 1939 1166 1978 γίστη
1183 1940 1213 1969 τὸ
1233 1943 1338 1979 θεωρεῖν
1350 1940 1392 1969 τὸν
1407 1941 1471 1969 Υἱὸν
1488 1943 1532 1970 τοῦ
1547 1941 1629 1970 Θεοῦ·
1649 1943 1729 1970 τοῦτο
1746 1942 1796 1981 γὰρ
1816 1941 1870 1974 δόξα

1085 1988 1152 2012 πᾶσι
1177 1988 1229 2017 τοῖς
1250 1984 1338 2018 ἀξίοις·
1361 1984 1375 2014 ὃ
1397 1985 1442 2014 καὶ
1468 1986 1574 2018 Παῦλος
1595 1984 1674 2024 λέγειι
1702 1998 1716 2012 ιι
1737 1985 1828 2024 Ἡμεῖς
1845 1985 1868 2014 δὲ

1087 2028 1333 2068 ἀνακεκαλυμμένῳ
1358 2028 1492 2068 προσώπῳ
1519 2029 1566 2064 τὴν
1584 2029 1659 2063 δόξαν
1686 2030 1786 2070 Κυρίου
1812 2041 1867 2059 κατ-

1086 2073 1279 2111 οπτριζόμενοι.
1293 2084 1307 2101 ›)
1327 2073 1451 2102 Δείκνυσι
1466 2072 1493 2102 δὲ
1508 2075 1623 2103 ἐντεῦθεν
1635 2096 1642 2109 ,
1661 2073 1700 2103 ὅτι
1722 2077 1771 2114 οὐχ
1785 2074 1865 2109 οὕτως,

1085 2115 1175 2157 ὥσπερ
1192 2121 1235 2147 ν’ῦν
1262 2119 1356 2157 ὁρᾶται
1373 2119 1476 2154 αὐτοῖς,
1500 2120 1526 2147 ἐν
1543 2119 1643 2148 εὐτελεῖ
1669 2119 1790 2158 σχήματι
1814 2121 1868 2158 ὁρα-

231 2156 360 2192 gloriam,
375 2156 476 2192 inquit,
487 2165 520 2185 eo
533 2156 609 2193 quod
625 2168 637 2180 «ι
653 2156 782 2185 dilexeris
797 2165 849 2185 me.
864 2169 876 2182 ιι
890 2159 1024 2186 Insertum

1095 2156 1195 2199 δήσεται
1211 2156 1285 2198 τότε,
1309 2163 1367 2193 ἀλλ’
1383 2165 1409 2193 ἐν
1434 2163 1495 2203 δόξῃ
1552 2159 1607 2203 εἶχε
1632 2177 1644 2190 α
1660 2156 1711 2203 πρό
1727 2156 1868 2199 καταϐολῆς

230 2200 304 2229 enim
317 2205 369 2235 est,
392 2212 404 2225 οι
420 2201 493 2235 Quia
507 2201 625 2229 dilexisti
648 2209 702 2229 me.
722 2214 733 2225 ιι
750 2202 836 2238 Igitur
856 2202 924 2230 sicut
945 2211 1024 2239 supe-

228 2245 286 2274 rius
296 2245 364 2274 dixit
373 2247 406 2279 ;;‹ι
416 2245 544 2274 Gloriﬁca
555 2245 689 2282 megloria
695 2253 779 2282 quam
787 2246 868 2274 habui
876 2251 1024 2283 antequam

229 2290 349 2318 mundus
359 2293 432 2318 esset
448 2299 454 2318 :
473 2301 486 2314 ν
502 2290 537 2318 ita
555 2294 583 2318 et
597 2299 671 2319 nunc
688 2302 701 2314 «ι
718 2294 781 2319 ante
792 2291 933 2320 conditum
945 2300 1025 2320 mun-

227 2333 297 2362 dum
311 2346 323 2359 η
335 2334 388 2363 sibi
397 2334 492 2363 datam
501 2335 616 2371 gloriam
626 2335 716 2372 inquit
724 2335 844 2365 deitatis.
858 2336 942 2365 Dedit
954 2337 1026 2365 enim

226 2378 251 2407 ei
265 2386 359 2408 revera
374 2380 456 2408 Pater
470 2379 612 2414 deitatem,
627 2384 658 2408 ut
678 2381 756 2409 Pater
774 2381 841 2409 Filio
856 2381 1024 2410 naturaliter.

225 2423 298 2451 Nam
323 2424 386 2460 quia
416 2425 510 2461 genuit
536 2432 610 2458 eum,
637 2426 793 2453 necessario
820 2426 903 2454 etiam
931 2426 1024 2463 gloria:

225 2471 320 2496 auctor
335 2468 388 2497 fuit
403 2473 430 2497 et
450 2468 648 2505 suppeditator,
676 2469 721 2506 qui
744 2470 905 2499 substantia:
929 2475 1024 2499 auctor

224 2510 336 2541 dicitur.

223 2655 228 2660 '
256 2655 345 2684 Vnus.
372 2657 418 2689 25,
435 2656 480 2683 26.
498 2666 510 2679 ιι
535 2656 615 2683 Pater
629 2655 715 2692 juste,
735 2659 763 2684 et
787 2656 906 2686 mundus
922 2661 950 2687 te
963 2667 1018 2687 non

220 2700 357 2736 cognovit,
373 2707 424 2736 ego
437 2703 532 2728 autem
546 2703 573 2728 te
588 2701 705 2736 cognovi
727 2709 733 2729 :
749 2705 777 2730 et
795 2701 823 2730 hi
833 2709 1020 2739 cognoverunt

219 2743 296 2780 quod
309 2748 339 2773 tu
353 2752 399 2773 me
412 2744 529 2773 miseris.
547 2745 581 2772 Et
595 2749 693 2773 notum
705 2744 758 2774 feci
769 2747 808 2775 eis
821 2755 923 2776 nomen
936 2752 1015 2778 tuum

255 2820 279 2838 ⁸ο
292 2820 375 2849 Joan.
389 2827 455 2855 xxv,
467 2824 510 2849 23.
521 2819 545 2837 ’θ
557 2821 582 2848 ll
601 2821 663 2850 Cor.
679 2829 724 2858 ru,
743 2823 800 2858 18.}

1083 2208 1196 2246 κόσμου.
1214 2219 1228 2236 ιι
1251 2204 1334 2248 Εἶχον
1350 2207 1395 2244 δὲ,
1415 2209 1495 2248 φησὶ,
1514 2208 1613 2243 ταύτην
1628 2208 1676 2244 τὴν
1700 2209 1793 2244 δόξαν,
1809 2208 1868 2237 διότι

1083 2265 1094 2278 ι
1113 2253 1253 2290 ἠγάπησάς
1268 2263 1310 2290 με’
1329 2265 1343 2280 π
1361 2253 1404 2282 διὰ
1422 2253 1503 2289 μέσου
1526 2252 1577 2291 γὰρ
1593 2253 1678 2282 κεῖται
1692 2253 1738 2291 τὸ,
1757 2263 1772 2282 (ι
1791 2251 1868 2290 Ἦγᾶ-

1081 2297 1169 2332 πησάς
1185 2309 1229 2336 με.
1247 2311 1259 2324 ι
1278 2296 1386 2336 ’Ὠσπερ
1402 2292 1446 2326 οὖν
1460 2297 1506 2326 καὶ
1528 2297 1651 2336 ἀνωτέρω
1667 2292 1734 2326 εἷπε·
1759 2308 1773 2325 (ι
1787 2296 1865 2330 Δόξα-

1081 2341 1126 2371 σόν
1144 2354 1176 2381 με
1239 2342 1298 2382 δόξῃ
1309 2364 1317 2378 ,
1364 2337 1435 2382 εἶχον
1451 2341 1502 2382 πρὸ
1520 2345 1566 2371 τοῦ
1579 2342 1622 2370 τὸν
1645 2343 1745 2380 κόσμον
1767 2336 1838 2370 εἶναι’
1849 2351 1861 2368 ι)

1080 2386 1148 2416 οὕτω
1176 2387 1220 2416 καὶ
1245 2390 1291 2416 νῦν
1317 2398 1331 2415 (ι
1343 2387 1395 2427 πρὸ
1416 2386 1569 2422 καταϐολῆς
1594 2385 1694 2424 κόσμου
1727 2385 1864 2415 «δεδόσθαι

1080 2432 1151 2472 αὐτῷ
1168 2432 1215 2467 τὴν
1233 2432 1307 2466 δόξαν
1328 2432 1392 2471 φησὶ
1413 2433 1460 2467 τῆς
1475 2431 1606 2468 θεότητος.
1630 2431 1735 2461 Δέδωκε
1759 2430 1808 2469 γὰρ
1822 2429 1862 2458 ὅν-

1078 2488 1129 2510 τως
1142 2477 1214 2517 αὖτῷ
1233 2479 1246 2506 δ
1260 2476 1355 2516 Πατὴρ
1368 2477 1415 2512 τὴν
1441 2475 1552 2512 θεότητα
1563 2499 1571 2512 ,
1588 2477 1623 2509 ὡς
1638 2475 1734 2514 Πατὴρ
1752 2475 1807 2514 Υἷῷ
1821 2486 1863 2514 φυ-

1079 2523 1166 2554 σικῶς.
1194 2521 1272 2552 Ἐπεὶ
1296 2520 1347 2560 γὰρ
1372 2520 1507 2559 ἐγέννησεν
1532 2520 1628 2556 αὐτὸν,
1653 2519 1802 2558 ἀναγκαίως
1822 2518 1863 2546 καὶ

1077 2568 1123 2602 τῆς
1146 2566 1221 2603 δόξης
1240 2565 1322 2599 αἴτιος
1345 2565 1390 2594 καὶ
1414 2564 1546 2605 παροχεὺς
1570 2567 1584 2594 ὁ
1607 2567 1654 2601 τῆς
1675 2565 1764 2597 οὐσίας
1789 2564 1863 2593 αἴτιος

1075 2610 1191 2650 λέγεται.

1124 2665 1140 2684 (ι
1164 2655 1255 2694 Πάτερ
1277 2654 1358 2683 δίκαιε
1370 2677 1378 2691 ,
1398 2654 1443 2684 καὶ
1464 2656 1478 2683 ὃ
1498 2655 1594 2693 κόσμος
1609 2665 1639 2684 σε
1652 2655 1701 2683 οὐκ
1713 2653 1795 2693 ἔγνω,
1813 2650 1858 2690 ἐγὼ

1083 2699 1111 2728 δέ
1135 2711 1163 2729 σε
1189 2700 1278 2739 ἔγνων·
1308 2699 1352 2728 καὶ
1376 2694 1447 2728 οὗτοι
1471 2699 1605 2738 ἔγνωσαν,
1628 2699 1668 2728 ὅτι
1689 2698 1720 2728 σύ
1743 2709 1775 2736 με
1797 2694 1859 2739 ἀπέῂ

1079 2745 1193 2778 στειλας.
1208 2738 1211 2739 ν
1224 2743 1279 2774 Καὶ
1294 2743 1431 2783 ζέγνώρισα
1452 2744 1538 2776 αὐτοῖς
1562 2743 1592 2773 τὸ
1617 2742 1701 2783 ὄνομά
1716 2747 1791 2784 you,
1816 2738 1857 2770 καὶ
