1922 3077
56 165 101 192 241
421 161 616 190 ENARRATIO
635 161 667 189 IN
687 158 903 188 EVANGELlUM
920 158 1070 187 JOANNIS.
1092 173 1125 179 —
1143 158 1220 186 CAP.
1241 158 1335 186 XVIII.

1640 157 1694 185 242

56 226 177 266 γνωρίσαι·
199 225 248 255 ἵνα
266 227 283 261 ἡ
297 225 404 265 ἀγάπη,
424 225 457 259 ἣν
479 224 623 263 ἠγάπησάς
639 235 671 262 με
682 245 690 260 ,
715 223 740 252 ἐν
756 224 828 252 auito?

899 225 927 249 et
941 225 1040 249 notum
1062 220 1174 254 faciam,
1200 223 1232 248 ut
1251 219 1361 248 dilectio
1383 227 1438 255 qua
1457 219 1573 248 dilexisti
1588 227 1644 254 me,
1666 219 1694 248 in

55 268 81 309 ᾗ,
95 270 168 310 κάγὼ
183 272 210 300 ἐν
227 271 326 304 αὐτοῖς.
348 281 363 298 n
384 270 495 305 Ἐπειδὴ
518 269 577 309 περὶ
599 270 652 298 τῶν
666 267 841 298 πιστευόντων

55 318 155 344 τοιαῦτα
169 315 273 350 ηὔξατο
282 338 290 352 ,
310 315 356 345 xui
374 317 490 344 τοσαῦτα
506 315 593 347 αὐτοῖς
606 313 693 352 ἀγαθὰ
707 323 841 352 προεμνη-

56 360 193 395 στεύσατο,
211 361 276 400 φησὶ
299 361 390 390 λοιπὸν
407 359 592 398 εὔσπλαγχνόν
617 370 642 387 τι
658 358 703 387 καὶ
724 359 771 392 τῆς
793 358 839 386 αὖ-

54 407 93 433 τοῧ
107 405 303 444 φιλανθρωπίας
315 405 395 440 ἄξιον,
415 416 429 433 ιι
443 404 533 442 Πάτερ
552 404 612 442 γὰρ,
628 402 702 442 φησὶ,
715 402 810 438 δίκαιε,
822 414 838 429 ι

55 448 99 486 ἐγὼ
121 448 168 487 μὲν
195 450 345 488 ἐϐουλόμην
372 449 417 480 xui
442 450 543 482 πάντας
571 447 721 488 ἀνθρώπους
749 451 838 486 τυχεῖν

54 494 97 520 τῶν
121 493 246 523 τοιούτων
277 496 398 533 ἀγαθῶν,
419 490 462 523 οἷα
484 493 516 528 δὴ
539 492 694 530 ἐπηυξάμην
717 495 770 524 τοῖς
795 502 838 519 πι-

54 537 103 565 στρ
159 539 212 568 ’λλν
251 541 259 551 θ
307 540 318 549 ν
399 540 405 550 ι
519 538 552 568 δι
615 537 667 566 ιτ
742 535 763 555 ιι

84 550 128 574 εις,
152 551 168 567 α
233 551 280 568 ουκ
304 551 421 578 εγνωσαν
456 550 502 575 σε,
536 549 558 567 ιο
578 549 612 566 κα
653 547 838 570 αποτευ,ονται

53 583 92 616 τῆς
108 581 180 619 δόξης
195 585 244 613 καὶ
265 586 317 614 τῶν
334 584 481 624 βραϐείων,
508 594 521 611 (ι
536 582 588 621 ἐγὼ
605 581 633 610 δέ
654 593 683 610 σε
708 580 798 618 ἔγνων.
821 595 835 610 n

54 626 194 657 Λῖνίττεται
213 628 241 657 δὲ
258 630 370 659 ἐνταῦθα
391 630 436 658 καὶ
451 628 510 661 τοὺς
529 627 674 659 Ἰουδαίους
686 648 694 662 ,
709 626 734 655 οἳ
747 625 837 665 ἔλεγον

55 671 183 708 γινώσκειν
210 673 257 702 τὸν
276 674 364 711 Θεὸν,
390 673 436 703 xui
452 674 581 702 δείκνυσιν
597 671 688 704 αὐτοὺς
715 671 752 708 μὴ
779 673 835 700 ἔπι-

52 716 220 753 γινώσκοντας
247 718 292 747 τὸν
329 719 447 758 Πατέρα·
474 718 573 756 κόσμον
599 716 650 755 γὰρ
678 715 737 749 τοὺς
767 716 836 746 Ἰου-

53 760 129 794 δαίους
152 762 219 801 φησὶ
235 763 385 803 πολλαχοῦ.
416 762 469 793 Καὶ
491 764 515 792 οἳ
539 762 587 800 μὲν
602 761 726 791 Ἰουδαῖοί
741 773 835 800 φασιν,

53 803 85 833 δτι
98 806 141 835 οὐκ
156 808 317 842 ἀπέστειλάς
344 821 376 845 με
398 807 447 843 αἴθ’,
473 806 524 846 ἐγὼ
547 806 574 836 δὲ
594 817 608 835 (ι
629 806 728 839 τούτοις
745 818 759 834 ιν
781 811 835 841 τοῖς

54 853 170 885 μαθηταῖς
197 864 249 890 μου
282 864 297 882 (ι
320 853 365 882 xui
391 853 519 891 ἐγνώρισα
545 851 576 881 τὸ
597 850 681 888 ὄνομά
696 862 758 887 σου⁷
790 853 835 881 xui

54 894 170 933 γιωρίσω.
188 907 203 925 n
234 898 300 931 Πῶς
324 898 350 926 δὲ
379 897 518 936 γνωρίσως
549 895 724 935 Ἰίπιπέμψας
749 897 837 930 αὐτοῖς

54 938 77 967 τὸ
90 940 195 979 Πνεῦμα
210 963 218 978 ,
236 941 251 970 ὃ
271 953 285 970 (ι
301 942 424 980 ὁδηγήσει
440 941 532 975 αὐτοὺς
554 942 590 974 εἰς
603 945 692 970 πᾶσαν
705 940 752 975 τὴν
768 941 835 976 ἀλή-

54 985 122 1014 θειιν.
140 998 151 1010 υ
173 987 229 1015 Καὶ
257 987 303 1016 ἐὰν
329 987 436 1024 μάθωσι
455 987 493 1020 τίς
507 986 539 1015 σὺ
552 1009 560 1022 ,
580 986 639 1015 τότε
659 995 672 1013 (ι
691 987 707 1020 ἡ
727 986 834 1024 ἀγάπη,

54 1027 79 1062 ἣν
98 1029 235 1067 ἠγάπησάς
261 1044 312 1070 με,
337 1033 362 1060 ἐν
379 1033 493 1064 αὐτοῖς»
515 1032 604 1066 ἔσται,
629 1044 640 1056 ι
656 1030 730 1068 κάγὼ
746 1032 772 1060 ἐν
787 1032 834 1059 αὺ-

53 1078 103 1104 τοῖς.
125 1087 136 1099 ι
159 1075 315 1105 Γνώσονται
331 1076 400 1117 γὰρ,
417 1076 456 1106 ὅτι
478 1077 525 1106 οὐκ
549 1076 744 1115 ἀπεσχισμένος
765 1075 833 1114 ἐγὼ,

55 1117 112 1146 ἀλλὰ
133 1121 182 1148 τῶν
206 1121 309 1161 σφόδρα
333 1121 536 1160 πεφιλημένων,
563 1122 608 1150 καὶ
633 1120 738 1158 γνήσιος
771 1121 833 1154 Υἱὸς

54 1162 87 1190 ιιπῖ
116 1165 290 1203 συνημμένος.
335 1165 504 1205 Ἐπιγνόντες
530 1165 557 1195 δὲ
588 1167 684 1200 τοῦτο,
711 1165 756 1193 καὶ
783 1165 832 1201 τὴν

55 1206 128 1236 πίστιν
143 1209 189 1244 τὴν
204 1212 240 1243 εἰς
266 1210 313 1249 ἐμὲ
326 1233 334 1247 ,
352 1212 397 1240 xui
416 1211 464 1247 τὴν
486 1211 592 1249 ἀγάπην
608 1209 769 1249 τηρήσουσι,
787 1211 832 1239 καὶ

55 1252 132 1281 λοιπὸν
163 1255 188 1282 ἐν
224 1256 314 1288 αὐτοῖς
347 1257 418 1294 μενῶ
448 1256 500 1295 ἐγὼ
536 1256 660 1288 τοιούτοις
694 1250 767 1290 οὖσι,
802 1255 831 1284 σέ

54 1307 76 1324 τε
98 1298 271 1338 ἐπεγνωκόσι,
305 1301 373 1338 κάμὲ
400 1303 436 1334 ὡς
461 1300 530 1330 Θεὸν
565 1301 679 1338 τιμῶσι,
708 1298 754 1328 xui
783 1300 831 1335 τὴν

55 1341 106 1379 πρὸς
117 1342 160 1380 ἐμὲ
175 1344 266 1374 πίστιν
283 1347 407 1384 τηροῦσιν
424 1345 655 1385 ἆπαρασοίλευτον.

312 1402 456 1433 ΚΕΦΑΛ.
481 1403 540 1431 IH'.

56 1449 100 1479 Πῖξὶ
114 1453 151 1479 τῆς
168 1452 326 1481 παραδόσεως
337 1455 380 1476 τοῦ
393 1453 484 1481 Ἰησοῦ.
505 1454 564 1484 Περὶ
576 1455 624 1476 τῶν
642 1451 765 1477 Ἰουδαίων
784 1461 829 1483 χα-

79 1483 116 1516 μιιί
129 1484 262 1508 πεσόντων.
286 1485 343 1516 Περί
357 1487 399 1508 τοῦ
413 1486 506 1515 Πέτρου
523 1483 691 1516 ἀποκόψαντος
710 1485 738 1508 τὸ
759 1484 830 1508 ὠτίον

79 1515 157 1547 τῷντοῦ
176 1516 309 1546 ἀρχιερέως
331 1516 416 1547 δούλῳ.
435 1517 491 1545 Περὶ
509 1518 553 1540 τοῦ
575 1515 657 1544 Ἰησοῦ
677 1516 830 1546 ἁπαγομένου

79 1546 126 1575 πρὸς
140 1546 219 1570 Ἄνναν
228 1567 233 1577 ,
257 1548 297 1571 καί
310 1548 418 1578 Καϊάφαν
428 1567 433 1577 ,
449 1548 489 1570 xui
505 1547 618 1571 Πῖλάτον.

91 1605 99 1616 ι
120 1594 210 1622 Ταῦτα
226 1594 311 1624 εἰπὼν
325 1597 339 1624 ὁ
354 1594 472 1630 Ἰησοῦς,
494 1594 583 1630 ἐξῆλθε
599 1593 646 1622 σὺν
669 1597 722 1626 τοῖς
745 1596 828 1632 μαθη-

57 1639 98 1680 Ξιῑς
111 1638 182 1667 αὐτοῦ
201 1640 288 1679 πέραν
307 1642 353 1668 τοῦ
371 1640 517 1679 χειμάρρου
537 1641 587 1668 τῶν
614 1638 736 1678 Κέδρων,
762 1637 827 1668 ὅπου

55 1681 78 1713 ἦν
101 1683 182 1717 κῆπος
204 1685 240 1717 εἰς
265 1684 292 1714 ὃν
320 1686 439 1719 εἰσῆλθεν
467 1683 558 1719 αὐτὸς,
586 1683 632 1713 xui
657 1684 680 1712 οἱ
709 1683 827 1721 μαθηταὶ

56 1725 128 1756 αὐτοῦ.
148 1726 222 1770 ᾜδει
243 1729 274 1758 δὲ
300 1730 344 1758 καὶ
361 1729 478 1766 Ἰούδας,
504 1730 518 1757 6
544 1727 704 1767 παραδιδοὺς
728 1727 825 1764 αὐτὸν,

55 1768 88 1797 τὶν
102 1768 179 1801 τόπον-⁸
197 1774 235 1804 δτι
254 1773 382 1807 πολλάκις
402 1774 520 1812 συνήχθη
533 1775 546 1802 ὁ
569 1773 670 1808 Ἰησοῦς
688 1774 742 1802 ἐκεῖ
757 1772 825 1810 μετὰ

55 1815 94 1842 τῶν
107 1819 220 1853 μαθητῶν
237 1819 332 1848 αὐτοῦ.
349 1833 360 1844 ιι
384 1820 443 1848 Οὐκ
466 1814 537 1847 εἶπεν
549 1840 557 1854 ,
574 1818 615 1846 ὅτι
637 1819 731 1847 Ταῦτα
747 1816 825 1851 εὐξά-

56 1869 114 1902 ἓέενος
124 1863 135 1890 6
147 1863 257 1900 Ἰησοῦς,
271 1863 352 1902 ἀλλὰ,
369 1874 384 1892 (ι
399 1865 492 1893 Ταῦτα
504 1862 594 1892 εἰπών.
609 1874 622 1891 ι)
643 1863 684 1891 Οὐ
698 1861 824 1901 γὰρξεῦχῆ

57 1903 78 1936 ἦν
91 1904 114 1933 τὸ
126 1911 245 1946 πρᾶγμα,
270 1908 338 1936 ἀλλὰ
359 1907 500 1946 διαλαλιὰ,
520 1909 584 1946 πρὸς
605 1907 635 1937 τὸ
652 1904 710 1939 τοὺς
735 1908 825 1943 μαθη-

57 1947 90 1980 τὰς
109 1953 346 1990 παραμυθήσασθαι
369 1953 507 1991 γενομένη.
550 1952 646 1982 Μὲσων
672 1952 699 1981 δὲ
724 1953 825 1980 νυκτῶν

56 1993 173 2034 ὁδοιπορεῖ,
201 1998 246 2026 καὶ
279 2000 399 2036 ποταμὸν
437 1997 581 2033 διαϐαίνει,
609 1997 654 2026 καὶ
692 1996 824 2034 ἐπείγεται

57 2037 104 2075 πρὸς
116 2040 154 2068 τὸν
174 2043 209 2082 τῷ
227 2043 345 2082 προδότῃ
371 2041 502 2082 γνώριμον
531 2042 610 2071 τόπον
633 2043 730 2077 ἐλθεῖν,
758 2042 823 2069 ἑαυ-

57 2080 88 2127 τᾷν
105 2080 221 2120 ἐπιδιδοὺς
235 2080 293 2120 τοῖς
317 2080 445 2127 φονεῦσιν
467 2086 511 2116 ἵνα
535 2085 605 2125 δείξῃ
625 2086 665 2114 ὅτι
690 2084 756 2114 ἑκὼν
779 2084 823 2114 ἐπὶ

57 2124 78 2153 τὶ
96 2129 165 2163 πάθος
191 2130 315 2171 ἔρχεται,
344 2131 451 2160 καὶτὸν
480 2132 524 2161 ἐπὶ
608 2130 715 2166 ζητήσει
742 2128 822 2158 κόπον

59 2170 154 2202 ἐκκόπτει
171 2179 223 2209 τοῖς
242 2176 391 2209 Ἰουδαίοις.
407 2175 468 2205 Ἵνα
485 2175 536 2215 γὰρ
557 2177 594 2213 μὴ
612 2174 819 2214 συντρίϐωνται,

58 2216 103 2261 ἶῇδε
123 2221 219 2250 κάκεῖσε
242 2221 462 2261 περιερχόμενοι,
488 2221 533 2250 xui
562 2223 697 2256 ζητοῦντες
726 2219 820 2256 αὐτὸν,

58 2258 138 2306 ἄπεισιν
154 2266 224 2300 αὐτὸς
240 2258 306 2306 προς
321 2258 440 2302 ἀὖ-τοὺς,
454 2266 500 2296 xui
527 2267 562 2299 εἰς
585 2266 632 2298 τὰς
655 2269 746 2304 χεῖρας
773 2265 818 2292 αὖ·

57 2304 95 2332 τῶν
118 2307 199 2344 βάλλει
221 2304 323 2340 ἑαυτόν·
350 2310 439 2350 ὥσπερ
462 2310 513 2350 γὰρ
538 2310 564 2339 ἔν
578 2322 626 2338 τινι
647 2308 819 2348 δεσμωτηρίῳ

57 2349 83 2386 τῷ
101 2352 165 2392 κήπῳ
186 2355 345 2394 εὑρίσκεται.
376 2355 438 2385 Ἵνα
460 2355 486 2385 δὲ
508 2354 546 2394 μὴ
572 2354 697 2393 νομίσῃς,
724 2352 765 2381 ὅτι
785 2354 819 2385 ὡς

57 2398 203 2434 κρυπτόμενος
222 2400 393 2440 ἀνεχώρησεν
417 2402 452 2433 εἰς
479 2401 524 2429 τὸν
539 2401 642 2435 κῆπον,
667 2398 783 2437 ἐπιφέρει
805 2398 819 2426 ὁ

58 2438 228 2487 εὐαγγελιστῆς,
241 2445 282 2474 ὅτι
300 2456 315 2473 (ι
332 2444 411 2487 ’ῌδει
427 2445 472 2474 καὶ
489 2447 503 2474 6
515 2445 614 2477 Ἰούδας
632 2443 677 2472 τὸν
700 2442 791 2472 τόπον.
807 2456 818 2468 »ι

56 2479 122 2529 ’.Ωττε
146 2489 239 2524 μᾶλλον
272 2479 422 2529 φανερίῦσαι
448 2489 538 2519 ἑαυτὸν
565 2489 662 2524 θέλων,
687 2488 746 2516 ἀλλ’
771 2487 818 2516 οὐκ

59 2525 244 2573 ἀπῗκρύψισθαι,
273 2535 309 2567 εἷς
337 2537 427 2564 τοῦτον
454 2535 498 2562 τὸν
526 2533 606 2563 τόπον
629 2531 814 2573 παραγίνεται,

61 2581 70 2594 ⁸
83 2570 144 2613 ᾘδει
158 2576 182 2605 δὲ
202 2579 214 2606 6
229 2577 332 2611 Ἰούδας
354 2578 398 2608 τὸν
413 2578 506 2614 τόπον,
522 2579 587 2607 διότι
609 2579 663 2608 ἐκεῖ
691 2575 818 2608 πολλάκις

61 2618 150 2666 ξυνῆᾼθη
172 2623 185 2650 6
205 2623 319 2658 Ἰησοῦς.
350 2636 362 2649 ιι
395 2624 439 2653 Τὰ
458 2623 510 2663 γὰρ
540 2623 628 2663 ἔρημα
655 2622 741 2662 χωρία
770 2620 817 2650 καὶ

60 2663 147 2708 ᾕσυχίας
168 2667 326 2708 ἐργαστήρια
352 2668 509 2706 μετεδίωκεν
533 2670 547 2697 ὁ
575 2668 690 2707 Κύριος,
706 2666 751 2696 xui
764 2666 816 2704 μά-

61 2708 128 2754 ἐξίστα)
141 2708 196 2738 ὅταν
217 2724 242 2740 τι
262 2712 457 2753 μυστικώτερον
482 2712 632 2753 παρεδίδου.
655 2711 782 2750 Πόθενκδὲ
802 2712 816 2740 6

69 2748 139 2785 Ιούδας
152 2755 297 2793 ἐγίνωσκεν,
323 2758 362 2786 ὅτι
385 2758 410 2786 ἐν
425 2759 463 2797 τῷ
476 2757 554 2796 κήπῳ
579 2756 648 2786 ἐστὶν
675 2759 688 2786 ὃ
715 2755 819 2792 Ἰησοῦς

87 2797 102 2814 ⁹¹
114 2800 180 2830 Joan.
196 2811 260 2839 xvx,
279 2808 322 2834 13.

896 265 965 301 ipsis
985 266 1031 299 sit,
1059 269 1087 293 et
1099 273 1150 301 ego
1165 265 1193 292 in
1213 265 1288 301 ipsis.
1309 275 1321 289 α
1345 265 1495 300 Postquam
1517 263 1693 293 credentibus

895 309 953 338 haec
980 314 1104 346 precatus
1129 313 1182 342 est,
1209 313 1236 337 et
1257 312 1330 336 tanta
1352 308 1391 336 eis
1418 308 1490 336 bona
1510 308 1689 342 conciliasset,

894 354 960 382 dicit
981 354 1110 391 quiddam
1133 354 1226 382 multa;
1247 353 1440 381 misericordiae
1461 357 1490 381 et
1513 353 1690 388 benignitatis

894 399 1013 435 plenum.
1031 411 1044 423 ι
1060 400 1140 427 Pater
1161 398 1246 434 enim,
1263 398 1360 433 inquit,
1373 397 1458 434 juste,
1478 409 1490 421 υ
1512 405 1563 433 ego
1577 397 1689 433 quidem

894 451 991 472 omnes
1014 443 1139 472 homines
1162 443 1221 472 haec
1241 443 1315 471 bona
1337 442 1443 478 assequi
1467 441 1576 475 vellem,
1597 441 1689 477 qualia

893 492 1017 523 precatus
1051 496 1114 516 sum
1150 487 1292 521 ﬁdelibus;
1325 487 1373 515 sed
1413 494 1468 514 non
1502 489 1689 522 cognoverunt

893 536 931 565 te,
959 533 1022 561 ideo
1051 532 1231 568 privabuntur
1258 531 1380 567 praemiis
1407 535 1435 559 et
1464 531 1560 567 gloria.
1586 541 1599 554 α
1630 531 1688 566 Ego

893 581 987 604 autem
1008 581 1035 605 te
1053 576 1178 613 cognovi.
1209 588 1221 600 ιι
1250 577 1407 612 Carpuntur
1430 579 1522 603 autem
1548 574 1601 603 hoc
1626 574 1688 602 loco

891 624 918 648 et
948 621 1049 654 Judaei,
1085 621 1132 658 qui
1163 628 1193 648 se
1224 620 1354 649 dicebant
1383 627 1547 656 cognoscere
1585 620 1686 652 Deum,

889 668 918 692 et
945 665 1068 693 ostendit
1097 673 1145 694 eos
1179 673 1234 693 non
1262 672 1427 700 cognoscere
1459 665 1578 692 Patrem.
1607 665 1686 692 Mun-

889 709 957 737 dum
987 710 1061 738 enim
1088 709 1200 738 Judmos
1230 708 1296 737 dicit
1328 709 1436 745 saepius.
1460 709 1493 736 Et
1511 707 1599 736 Judaei
1624 708 1687 744 qui-

888 753 951 782 dem
969 754 1074 788 dicunt,
1101 754 1174 790 quod
1195 759 1225 782 tu
1239 761 1295 782 non
1318 761 1362 781 me
1383 752 1502 788 miseris,
1525 760 1577 789 ego
1591 756 1686 781 autem

891 809 903 822 -
925 798 968 827 his
993 811 1005 823 ο
1035 798 1173 835 discipulis
1188 798 1257 826 meis
1281 810 1293 822 α
1316 802 1344 826 et
1364 805 1465 826 nomen
1490 801 1571 826 tuum
1585 797 1685 833 cogni-

890 846 949 870 tum
981 843 1040 877 feci,
1068 847 1095 871 et
1118 847 1217 871 notum
1244 842 1352 871 faciam.
1379 854 1392 867 ι
1419 842 1568 878 Quomodo
1592 846 1685 871 autem

889 891 985 916 notum
1001 888 1117 916 faciam?
1129 888 1210 916 Misso
1221 887 1259 915 eis
1272 887 1375 923 Spiritu
1389 891 1496 920 sancto,
1511 886 1558 923 qui
1573 898 1586 911 ι
1603 886 1684 915 indu-

888 935 931 959 cet
945 939 991 960 eos
1005 933 1033 960 in
1053 940 1167 961 omnem
1190 931 1330 960 veritatem
1352 931 1373 948 "
1391 940 1397 959 :
1415 943 1426 955 ιι
1451 936 1477 959 et
1498 931 1521 959 si
1540 929 1685 960 didicerint

887 977 949 1012 quis
960 980 990 1004 tu
1000 976 1049 1011 sis,
1060 980 1125 1005 tunc
1135 988 1147 1000 οι
1165 976 1272 1004 dilectio
1285 984 1341 1012 qua
1352 976 1471 1004 dilexisti
1481 983 1537 1008 me,
1548 975 1576 1003 in
1591 975 1657 1011 ipsis
1668 985 1682 1002 ιι

887 1021 948 1053 erit,
966 1033 977 1045 ι
996 1025 1024 1048 et
1042 1029 1091 1057 ego
1106 1021 1134 1049 in
1147 1021 1196 1049 eis.
1220 1032 1232 1044 π
1249 1020 1343 1048 Sciant
1359 1021 1436 1048 enim
1450 1019 1523 1056 quod
1536 1027 1591 1047 non
1604 1027 1684 1056 sepa-

887 1069 963 1093 ratus
977 1073 1039 1101 ego,
1059 1065 1107 1094 sed
1121 1065 1200 1093 valde
1218 1064 1333 1093 dilectus
1354 1069 1381 1092 et
1394 1071 1541 1100 germanus
1557 1064 1638 1093 Filius
1652 1073 1685 1093 ac

886 1109 1066 1138 coadunatus.
1087 1110 1157 1138 Cum
1181 1110 1343 1145 agnoverint
1365 1113 1458 1137 autem
1473 1109 1535 1143 hoc,
1559 1113 1587 1138 et
1602 1108 1683 1137 ﬁdem

886 1161 948 1189 erga
968 1162 1012 1182 me
1031 1158 1058 1182 et
1075 1154 1251 1182 dilectionem
1271 1154 1426 1182 servabunt.
1450 1154 1564 1189 Insuper
1582 1153 1610 1181 in
1631 1153 1684 1182 illis

885 1198 1003 1227 manebo
1017 1206 1067 1234 ego
1081 1199 1127 1235 qui
1142 1200 1211 1227 tales
1225 1198 1340 1232 fuerint,
1356 1198 1456 1234 quique
1471 1202 1497 1226 te
1511 1198 1681 1234 agnoverint,

885 1247 912 1270 et
928 1251 973 1271 me
987 1247 1018 1271 ut
1038 1245 1125 1272 Deum
1139 1243 1284 1277 coluerint,
1300 1243 1546 1279 inconcussamque
1563 1250 1626 1279 erga
1639 1249 1683 1271 me

884 1287 967 1316 ﬁdem
981 1287 1172 1316 custodierint.

1162 1400 1283 1428 CAPUT
1300 1400 1401 1427 XVIII.

887 1453 921 1480 De
935 1453 1082 1480 traditione
1096 1454 1164 1480 Jcsu.
1183 1455 1222 1480 De
1245 1453 1346 1480 Juda'l's
1368 1455 1440 1480 retro
1460 1453 1628 1481 cadentibus.
1644 1456 1683 1482 De

920 1489 997 1515 Petro
1010 1489 1058 1523 qui
1073 1489 1188 1515 abscidit
1202 1490 1352 1516 auriculam
1368 1497 1440 1516 servo
1454 1490 1596 1524 pontiﬁcis.
1611 1490 1681 1523 Quo-

918 1524 994 1586 ;nodo
1006 1526 1079 1552 .lcsus
1092 1525 1187 1552 ductus
1200 1526 1237 1552 sit
1243 1525 1280 1552 ad
1298 1525 1416 1558 Annam,
1432 1525 1562 1560 Caipham
1571 1527 1599 1552 et
1608 1525 1682 1552 Pila-

931 1568 986 1586 um.

917 1605 1003 1632 Vsus.
1018 1607 1042 1638 ι,
1057 1607 1084 1632 2.
1098 1615 1111 1629 ι
1124 1605 1191 1632 Hec
1203 1612 1266 1632 cum
1275 1604 1388 1633 dixisset
1397 1605 1486 1638 Iesus,
1501 1612 1626 1640 egressus
1640 1608 1682 1633 est

882 1655 944 1675 cum
956 1648 1092 1684 discipulis
1102 1649 1159 1676 suis
1167 1652 1243 1676 trans
1257 1653 1406 1678 torrentem
1421 1649 1540 1683 Cedron,
1557 1649 1605 1677 ubi
1621 1653 1682 1677 erat

881 1691 976 1720 hortus
986 1693 1013 1720 in
1024 1701 1107 1728 quem
1124 1693 1234 1721 intravit
1247 1693 1304 1729 ipse
1316 1698 1344 1722 et
1353 1693 1481 1729 discipuli
1492 1693 1559 1729 ejus.
1573 1694 1681 1722 Sciebat

880 1741 972 1764 autem
995 1741 1023 1764 et
1042 1737 1138 1771 Iudas,
1159 1737 1204 1773 qui
1229 1737 1355 1766 tradebat
1375 1746 1453 1771 eum,
1478 1739 1580 1772 locum,
1602 1738 1678 1774 quod

878 1788 952 1816 saepe
972 1782 1143 1809 convenisset
1155 1782 1235 1809 Iesus
1259 1782 1323 1810 illuc
1338 1790 1402 1810 cum
1422 1781 1565 1818 discipulis
1578 1782 1645 1810 suis.
1663 1794 1675 1806 ιο

880 1826 941 1853 Νοι]
955 1825 1024 1853 dixit
1049 1834 1055 1853 :
1072 1827 1141 1854 Cum
1155 1830 1280 1861 precatus
1293 1829 1366 1854 esset
1383 1827 1478 1859 Iesus;
1492 1826 1540 1854 sed
1557 1835 1564 1854 :
1582 1835 1597 1853 ιι
1611 1827 1678 1855 Haec

879 1877 943 1897 cum
966 1869 1096 1903 dixisset;
1122 1881 1134 1893 -
1161 1877 1216 1897 non
1230 1870 1304 1897 enim
1326 1870 1414 1898 oratio
1437 1874 1507 1902 erat,
1529 1870 1577 1898 sed
1591 1871 1676 1899 collo-

878 1913 973 1949 quium
1001 1913 1036 1941 ad
1058 1913 1184 1941 solatium
1217 1913 1415 1950 discipulorum
1444 1913 1557 1942 factum.
1586 1914 1678 1942 Media

878 1962 971 1986 autem
979 1962 1059 1986 nocte
1065 1958 1147 1994 735
1154 1958 1205 1986 iter
1214 1957 1287 1992 facit,
1296 1962 1322 1986 et
1333 1958 1677 1992 ﬂumentransit,festinat—

878 2010 930 2038 que
943 2006 975 2030 ut
984 2003 1077 2030 veniat
1089 2003 1116 2030 in
1126 2003 1216 2030 locum
1229 2002 1360 2038 proditori
1367 2007 1474 2037 notum,
1489 2003 1526 2031 sei
1530 2011 1609 2039 psum
1618 2011 1677 2038 per-

877 2047 989 2075 mittens
1017 2046 1162 2075 homicidis
1191 2056 1197 2074 :
1217 2050 1249 2075 ut
1274 2047 1400 2075 ostendat
1427 2047 1500 2083 quod
1523 2051 1620 2083 sponte
1641 2047 1676 2076 ad

879 2091 1036 2127 passionem
1058 2091 1160 2125 veniat,
1179 2095 1206 2119 et
1226 2091 1352 2120 laborem
1373 2092 1510 2120 minueret
1529 2091 1633 2120 Judaais
1646 2099 1676 2120 se

878 2136 1074 2172 quaerentibus.
1103 2138 1175 2164 Nam
1201 2144 1236 2164 ne
1269 2136 1447 2172 fatigarentur
1472 2136 1527 2165 huc
1557 2140 1583 2164 et
1611 2136 1676 2165 illuc

875 2181 1085 2209 obambulantes
1107 2185 1136 2209 et
1154 2185 1308 2217 quaerentes
1330 2189 1404 2215 eum,
1421 2181 1479 2209 abit
1496 2182 1553 2218 ipse
1567 2180 1601 2209 ad
1616 2189 1674 2215 eos,

874 2230 901 2253 et
921 2233 950 2254 se
963 2226 1087 2254 manibus
1100 2225 1278 2254 inimicorum
1292 2225 1384 2254 infert.
1402 2226 1545 2254 Invenitur
1557 2225 1631 2253 enim
1646 2226 1675 2254 in

875 2269 965 2304 horto,
989 2270 1067 2306 quasi
1090 2270 1118 2297 in
1141 2277 1250 2298 carcere
1271 2269 1401 2306 quodam.
1422 2271 1457 2298 Et
1476 2277 1511 2298 ne
1536 2270 1675 2299 existimes

875 2315 948 2351 quod
969 2314 1143 2343 delitescendi
1162 2315 1248 2351 gratia
1270 2314 1333 2342 illuc
1353 2322 1383 2343 se
1405 2315 1562 2350 contulerit,
1583 2314 1675 2344 subdit

873 2359 1038 2395 evangelista
1057 2359 1131 2395 quod
1147 2371 1159 2383 ιι
1176 2364 1205 2388 et
1217 2358 1303 2387 Iudas
1324 2359 1430 2388 noverit
1442 2359 1546 2394 locum,
1561 2371 1574 2384 ιι
1590 2364 1674 2397 atque

873 2404 907 2432 ita
921 2403 1008 2440 magis
1022 2403 1191 2432 manifestari
1205 2411 1287 2440 quam
1300 2404 1429 2432 occultari
1443 2404 1528 2433 voluit
1541 2405 1570 2432 in
1580 2405 1674 2433 locum

872 2448 950 2476 illum
965 2448 1086 2476 veniens.
1102 2460 1114 2472 ι
1128 2448 1238 2477 Sciebat
1246 2453 1337 2476 autem
1356 2453 1383 2476 et
1395 2451 1412 2477 J
1416 2449 1483 2477 udas
1494 2449 1597 2482 locum,
1608 2449 1674 2486 quia

872 2500 943 2528 sape
966 2493 1029 2521 illuc
1050 2497 1213 2521 convenerat
1231 2495 1311 2521 Iesus
1331 2501 1395 2522 cum
1417 2493 1556 2530 discipulis
1570 2494 1637 2522 suis.
1656 2506 1669 2519 ι

872 2539 998 2568 Solitaria
1031 2539 1104 2567 enim
1131 2539 1192 2568 loca
1227 2544 1254 2568 et
1276 2539 1376 2568 silentii
1401 2539 1525 2569 ofﬁcinas
1552 2548 1673 2577 quaerere

872 2583 978 2612 solebat
997 2583 1155 2623 Dominus,_
1167 2587 1195 2611 et
1209 2583 1331 2611 maxime
1353 2583 1373 2611 si
1396 2584 1506 2620 quando
1525 2585 1672 2621 mysticum

872 2628 977 2664 aliquid
1002 2628 1136 2656 tradebat.
1161 2628 1242 2656 Unde
1264 2632 1356 2656 autem
1379 2628 1466 2656 Judas
1489 2628 1672 2664 cognoscebat

872 2672 946 2709 quod
957 2672 984 2700 in
999 2672 1081 2700 horto
1094 2672 1146 2700 hac
1156 2671 1223 2700 hora
1246 2677 1317 2700 esset
1332 2674 1423 2707 Iesus,
1436 2677 1464 2700 et
1475 2681 1531 2700 non
1546 2672 1572 2700 in
1586 2672 1671 2701 domo

871 2717 1027 2745 dormiens?
1045 2717 1154 2745 Sciebat
1175 2716 1325 2744 Dominum
1341 2716 1499 2752 frequenter
1515 2720 1591 2744 extra
1607 2717 1671 2744 civi-

873 2765 959 2790 tatem
984 2765 1156 2798 pernoctare,
1179 2765 1208 2789 et
1228 2764 1375 2797 eapropter
1393 2761 1477 2789 etiam
1492 2765 1557 2789 tunc
1583 2763 1671 2790 exisse
