1922 3077
229 166 282 194 243

733 165 990 195 THEOPHYLACTI
1011 164 1189 193 BULGARIE
1208 164 1366 193 ARCHIEP.
1829 165 1872 193 244

229 227 313 256 foras.
332 230 367 256 Et
381 229 458 257 aliter
477 238 484 258 :
504 231 568 266 Ipso
592 229 662 258 festo
683 229 802 258 maxime
824 228 899 257 hunc
918 235 1023 257 morem

1081 227 1147 257 κατὰ
1161 227 1261 263 ταύτην
1274 227 1322 263 τὴν
1341 226 1434 266 ὥραν,
1449 226 1495 256 καὶ
1515 226 1576 266 οὐχὶ
1602 227 1629 256 ἐν
1652 226 1730 267 οἰκίᾳ
1757 226 1870 264 ἐνόμισεν

231 281 354 302 servasse
371 275 493 303 creditus
509 279 560 308 est,
575 275 676 303 docens
694 274 844 310 discipulos
863 281 929 302 suos
947 272 1030 301 subli-

231 319 303 347 mius
327 318 470 354 quiddam.
502 320 628 348 Docebat
651 323 743 347 autem
773 321 813 352 (ut
845 318 973 350 diximus)
1001 317 1028 344 in

230 363 330 392 talibus
355 364 422 392 locis
444 365 568 401 mystica.
590 364 675 401 Igitur
699 364 762 400 quia
780 368 848 392 tunc
865 363 922 391 dies
941 362 1027 390 festus

230 413 298 442 erat,
312 409 484 445 coniectabat
502 409 554 437 illic
569 417 634 438 eum
655 417 733 444 esse,
750 408 932 438 disserentem
945 406 1025 436 disci-

230 451 301 487 pulis
313 452 387 488 justa
406 461 515 481 morem
530 461 613 481 suum
632 454 662 481 in
676 453 757 481 festo.

1083 273 1165 312 εὑρεῖν
1191 272 1268 302 αὔτὸν
1294 272 1470 308 καθεύδοντας
1484 270 1630 310 Ἔγίνωσχε
1655 271 1702 301 τὸν
1730 270 1829 310 Κύριον
1845 271 1873 300 τὸ.

1082 317 1169 346 πολλὰ
1183 316 1233 351 ἔξω
1258 315 1490 356 διανυκτερεύοντα
1501 338 1509 351 ,
1526 315 1572 345 καὶ
1593 315 1636 344 διὰ
1654 318 1737 345 τοῦτο
1759 315 1805 344 καὶ
1820 316 1873 344 τότε

1082 361 1188 396 ἐξῆλθεν
1216 361 1277 396 ἔξω.
1299 360 1402 394 Ἄλλως
1424 372 1461 390 τε·
1480 360 1536 390 Καὶ
1558 361 1585 388 ἐν
1607 361 1699 398 ἑορτῆς
1722 361 1809 400 καιρῷ
1827 359 1875 398 μά-

1079 407 1158 435 λιστα
1173 407 1307 441 ἠπίστατο
1331 406 1409 435 αὐτὸν
1425 405 1482 437 ἔθος
1497 404 1609 444 ἔχοντα,
1628 405 1767 434 διδάσκειν
1782 416 1808 432 τι
1823 404 1876 438 τοὺς

1080 446 1201 483 μαθητὰς
1217 446 1387 486 ὑψηλότερον·
1411 446 1534 474 ἐδίδασκε
1554 445 1581 474 δὲ
1604 444 1663 478 τοὺς
1687 444 1830 486 μαθητὰς,
1846 447 1875 478 ὡς

230 484 346 532 ἔφημεν,
377 492 410 522 τὰ
436 493 552 531 μυστικὰ
574 495 600 523 ἐν
622 494 747 528 τοιούτοις
760 493 858 526 ⁴τόποις.
888 491 966 522 Ἐπεὶ
982 487 1026 521 οἷν
1052 489 1113 520 τότε
1133 491 1210 530 ἑορτὴ
1237 484 1285 528 ἦν,
1314 490 1478 530 ἐστοχάσατο
1495 489 1578 519 ἐκεῖσε
1604 489 1682 518 αὐτὸν
1711 484 1800 527 εἶναι,
1827 493 1874 523 τοῖς

230 538 361 575 μαθηταῖς
376 537 409 566 τὰ
421 539 467 574 τῆς
482 539 573 578 ἑορτῆς
587 540 777 579 φιλοσοφοῦντα
792 537 861 567 κατὰ
876 537 906 567 τὸ
918 537 1037 572 σύνηθες.

265 581 354 610 Vsus.
368 584 429 610 3-6.
440 593 452 606 «ι
465 583 481 609 J
484 582 551 611 udas
564 591 628 619 ergo
639 591 702 611 cum
711 582 855 618 accepisset
867 581 1023 614 cohortem,

228 629 256 653 et
273 633 288 653 a
303 626 478 662 pontiﬁcibus
500 631 527 655 et
542 627 684 656 Pharisaiis
697 627 845 658 ministros,
868 626 943 653 venit
959 625 1024 653 illuc

229 678 293 698 cum
308 671 418 699 laternis
431 679 463 699 ac
475 671 580 700 facibus
592 675 619 700 et
631 672 725 700 armis.
741 673 820 699 Jesus
831 671 922 706 itaque
933 670 1024 698 sciens

230 714 323 743 omnia
346 723 407 751 qum
431 720 543 744 ventura
563 720 641 744 erant
659 724 741 752 super
762 723 801 750 se,
832 715 975 751 processit,
994 722 1025 742 ac

229 759 300 787 dixit
311 759 352 787 eis
365 768 372 787 :
384 761 472 794 Quem
485 761 623 796 quaeritis?
637 760 851 796 Responderunt
868 759 891 787 ei
909 768 914 786 :
929 759 1024 787 Jesum

229 804 411 832 Nazarenum.
425 805 497 832 Dicit
505 805 543 833 eis
554 806 635 833 Jesus
651 815 657 833 :
668 807 728 841 Ego
736 812 807 833 sum.
821 803 917 832 Stabat
931 807 1024 831 autem

229 851 257 875 et
275 848 372 882 Judas,
391 849 437 885 qui
461 849 593 885 prodebat
613 858 688 884 eum,
711 857 776 878 cum
795 849 871 884 ipsis.
896 849 936 876 Ut
958 856 1024 883 ergo

1123 593 1135 607 α
1157 579 1192 610 Ὁ
1207 574 1251 609 οὖν
1268 578 1369 612 Ἰούδας
1383 578 1474 608 λαϐὼν
1498 579 1547 614 τὴν
1571 582 1701 618 σπεῖραν,
1719 579 1768 608 καὶ
1786 579 1816 608 ἐκ
1829 580 1874 608 τῶν

1080 624 1228 664 ἀρχιερέων
1253 624 1298 653 καὶ
1324 623 1482 663 Φαρισαίων
1510 623 1660 662 ὑπηρέτας,
1689 623 1803 663 ἔρχεται
1827 623 1876 652 ἐκεῖ

1079 663 1147 707 μετὰ
1162 669 1328 705 λαμπάδων,
1349 668 1394 696 καὶ
1407 670 1511 708 φανῶν,
1528 668 1574 697 καὶ
1587 668 1689 698 ὅπλων.
1705 668 1815 703 Ἰησοῦς
1835 663 1874 696 οὖν

1079 713 1153 746 εἰδὼς
1168 713 1257 742 πάντα
1273 713 1306 742 τὰ
1322 712 1488 752 ἐπερχόμενα
1502 712 1543 741 ἐπ’
1568 712 1647 741 αὐτὸν
1657 736 1665 748 ,
1680 712 1796 746 ἐξελθὼν
1808 708 1874 741 εἶπεν

1079 759 1176 790 αὐτοῖς·
1200 757 1268 787 Τίνα
1296 759 1413 794 (meite;
1437 757 1632 796 Ἀπεκρίθησαν
1658 758 1748 796 αὐτῷ·
1778 757 1873 792 Ἰησοῦν

1079 802 1122 831 τὸν
1147 804 1315 841 Ναζωραῖον.
1342 801 1421 840 Λέγει
1437 802 1526 835 αὐτοῖς
1542 803 1556 830 ὃ
1578 800 1694 836 Ἰησοῖς·
1724 801 1800 839 Ἐγώ
1815 804 1872 840 εἰμι.

1157 847 1164 858 /
1225 846 1249 863 ἰλ
1299 846 1305 857 ι
1330 845 1338 857 ν
1374 846 1399 856 ιρι
1560 847 1572 856 κ
1615 846 1622 856 \
1682 847 1690 857 ς
1714 845 1721 855 ι
1812 845 1819 856 ν
1852 846 1860 855 ς

1080 848 1208 883 Εἱστηκει
1223 856 1250 876 οι
1263 858 1309 876 και
1340 848 1432 879 Ιουοας
1446 848 1460 875 ὁ
1480 847 1643 886 παραοιδους
1661 858 1744 875 αυτον
1762 858 1812 884 μετ
1835 857 1872 874 αυ-

229 891 301 920 dixit
319 893 356 921 eis
373 902 379 921 :
393 894 452 930 Ego
466 902 540 928 sum,
554 895 682 922 abierunt
699 898 864 926 retrorsum,
879 897 907 920 et
920 893 1023 921 cecide-

1083 893 1145 920 τῶν.
1163 891 1211 924 Ὡς
1234 886 1278 920 οὖν
1295 886 1367 920 εἶπεν
1389 891 1493 926 αὐτοῖς,
1510 891 1550 920 ὅτι
1567 890 1640 929 Ἐγώ
1661 892 1737 929 εἶμι,
1763 891 1873 926 ἀπῆλθον

229 941 294 964 runt
312 937 340 965 in
358 941 471 966 terram.
495 950 508 963 ν
528 939 653 967 Pecuniis
671 939 857 975 impetrarunt
880 942 912 965 ut
927 938 1026 966 cohors

229 989 258 1008 se
271 981 385 1018 juvaret.
404 983 528 1011 Militaris
545 984 618 1012 enim
637 984 705 1013 ordo
718 985 776 1013 auri
790 984 960 1020 mancipium
974 986 1024 1011 est.

229 1026 310 1054 Multi
321 1031 413 1055 autem
426 1028 537 1056 veniunt
550 1050 556 1062 ,
569 1029 699 1057 timentes
709 1037 755 1057 eos
765 1029 814 1065 qui
823 1030 920 1057 Jesum
932 1034 1029 1063 seque-

229 1071 339 1104 bantur,
360 1076 387 1100 et
408 1072 442 1100 ab
468 1081 501 1101 eo
516 1073 673 1109 pendebant
691 1078 804 1110 propter
825 1075 979 1102 doctrinam
1000 1075 1033 1100 et

228 1115 371 1144 miracula.
386 1117 517 1145 Laternas
529 1122 557 1145 et
571 1118 643 1146 iaces
659 1123 777 1154 gestant,
792 1123 823 1146 ut
840 1126 874 1146 ue
889 1119 1029 1146 occultans

228 1167 259 1188 se
278 1161 304 1188 in
325 1161 446 1189 tenebris
465 1161 616 1198 aufugeret.
635 1165 672 1190 At
696 1164 740 1191 ille
759 1163 786 1190 in
804 1167 914 1191 tantum
936 1162 1028 1199 fugam

229 1213 285 1232 non
309 1206 460 1241 quaerebat,
482 1211 512 1234 ut
528 1207 637 1235 obviam
658 1208 744 1236 exiret
764 1208 886 1244 seipsum
906 1207 1026 1235 tradens.

228 1250 265 1276 Et
286 1254 364 1284 rogat
381 1251 504 1286 quidem,
523 1259 577 1279 non
591 1251 665 1287 quod
681 1252 786 1289 ignoret
797 1256 824 1280 et
841 1252 945 1280 discere
958 1259 1027 1287 opus

229 1293 338 1322 habeat.
352 1306 364 1319 α
381 1294 487 1323 Sciebat
509 1296 583 1323 enim
598 1297 701 1331 omnia,
723 1297 819 1332 inquit,
836 1304 898 1332 quae
913 1300 1026 1324 ventura

228 1345 310 1374 super
326 1347 389 1367 eum
403 1344 491 1367 erant.
510 1351 522 1364 ν
542 1341 577 1368 Et
592 1340 630 1368 ita
653 1341 717 1376 quia
736 1341 841 1369 sciebat
857 1340 930 1376 quod
948 1340 982 1368 ad
997 1348 1026 1368 se

230 1383 361 1417 venirent,
376 1389 466 1419 rogat,
478 1392 534 1412 non
546 1384 669 1420 indigens
681 1389 711 1412 ut
721 1385 861 1419 doceatur,
874 1385 923 1412 sed
933 1389 1024 1412 osten-

229 1427 294 1455 dere
306 1428 399 1455 volens
417 1428 492 1464 quod
511 1432 538 1456 et
551 1436 670 1464 praesens
687 1437 744 1457 non
760 1430 834 1457 visus
846 1429 887 1456 vel
902 1429 1025 1464 cognitus

229 1475 308 1500 esset.
337 1472 391 1500 Sed
418 1476 445 1500 et
465 1476 544 1508 rogat
569 1476 600 1500 ut
622 1473 738 1506 alienus,
764 1477 791 1501 et
813 1481 902 1509 neque
922 1481 938 1501 a
959 1481 1024 1500 voce

228 1520 381 1551 agnoscunt
394 1524 469 1549 eum,
482 1525 571 1552 neque
584 1516 638 1550 alii,
658 1525 746 1553 neque
758 1518 817 1553 ipse
833 1518 849 1544 J
852 1517 927 1545 udas.
945 1517 1024 1552 Quod
1040 1527 1062 1559 ρ

229 1563 322 1587 autem
332 1567 386 1587 non
404 1564 516 1596 propter
531 1561 659 1588 tenebras
671 1561 854 1597 ignoraverint
868 1569 942 1595 eum,
956 1568 1025 1596 prai-

229 1603 298 1632 dixit
306 1605 470 1640 evangelista
486 1616 499 1629 κ
511 1613 559 1633 eos
569 1613 633 1633 cum
646 1605 754 1634 facibus
765 1617 777 1631 n
792 1606 941 1634 advenisse.
952 1607 1027 1633 Pone

229 1651 321 1676 autem
335 1648 409 1684 quod
430 1653 540 1685 propter
555 1649 682 1678 tenebras
700 1658 757 1678 non
771 1651 934 1686 agnoverint
951 1658 1026 1683 eum.

231 1693 379 1728 oportebat
392 1698 466 1721 certe
481 1702 495 1722 a
510 1702 576 1722 voce
590 1695 679 1730 ipsum
699 1695 851 1731 agnovisse.
873 1697 1028 1731 interrogat

228 1737 322 1773 igitur,
339 1742 369 1766 ut
390 1738 516 1766 ostendat
534 1743 576 1772 (ut
593 1739 722 1775 diximus)
744 1748 774 1768 se
788 1747 876 1776 neque
892 1748 907 1768 ιι
927 1740 1025 1776 specie,

227 1789 317 1817 neque
340 1790 435 1811 avoce
458 1784 598 1820 cognitum
619 1783 714 1812 fuisse.
739 1786 779 1812 Ita
802 1784 951 1813 ineifabilis
969 1789 1028 1812 erat

228 1826 289 1863 ejus
307 1828 400 1856 virtus.
420 1829 455 1856 Et
469 1828 504 1856 ita
523 1837 613 1865 neque
627 1829 785 1865 cruciﬁgere
798 1829 957 1866 potuissent,
975 1830 1027 1858 nisi

227 1871 397 1901 voluntarius
411 1881 440 1901 se
450 1873 605 1902 obtulisset.
616 1874 697 1909 Quod
713 1875 796 1910 736
808 1878 899 1903 autem
908 1882 965 1903 non
981 1882 1026 1902 so-

225 1917 285 1945 lum
300 1918 444 1946 excaecarit
461 1919 559 1947 oculos
579 1927 685 1953 eorum,
704 1920 752 1947 sed
772 1923 800 1947 ct
813 1919 903 1955 supini
922 1918 1028 1947 cecide—

225 1963 282 1989 rint
297 1970 350 1990 una
364 1963 588 1999 interrogationis
599 1971 665 1991 voce
688 1964 830 1999 prostrati,
854 1963 964 1999 signum
979 1963 1030 1990 fuit

226 2013 338 2034 casuros
358 2015 406 2034 eos
433 2007 478 2043 qui
498 2011 594 2036 contra
607 2009 705 2036 Jesum
723 2011 863 2041 venerant,
879 2007 1027 2036 universali

226 2051 316 2085 gentis
330 2051 409 2079 istius
428 2052 516 2086 ruina,
533 2060 595 2088 quae
612 2056 674 2087 post
691 2051 791 2080 Christi
810 2056 930 2080 mortem
944 2060 1027 2087 super

226 2103 274 2122 eos
295 2095 381 2130 venit,
408 2096 480 2124 sicut
500 2100 528 2124 et
548 2096 683 2124 Jeremias
706 2095 832 2132 praedixit
855 2105 862 2124 :
887 2107 900 2120 α
918 2098 1026 2125 Domus

226 2139 309 2167 Israel
326 2139 424 2168 cecidit
444 2149 451 2168 :
469 2148 525 2168 non
548 2144 589 2168 est
609 2141 655 2177 qui
676 2141 819 2170 resuscitat
839 2141 871 2168 ’³.
887 2153 900 2166 ιι
917 2141 1026 2170 Cadunt

1083 937 1120 969 εἰς
1142 936 1175 964 τὰ
1194 935 1279 965 ὀπίσω
1293 958 1300 971 ,
1314 935 1359 964 καὶ
1376 935 1468 964 ἔπεσον
1486 935 1585 974 χαμαί.
1605 948 1616 961 u
1628 934 1686 969 Τὴν
1704 935 1755 973 μὲν
1771 935 1872 974 σπεῖραν

1080 980 1214 1010 πείθουσιν
1236 981 1322 1012 αὐτοῖς
1342 982 1502 1019 συνεργῆσαι
1519 979 1562 1008 διὰ
1583 979 1746 1019 χρημάτων·
1765 982 1873 1008 τοιοῦτον

1085 1024 1136 1065 γὰρ
1150 1025 1179 1054 τὸ
1191 1024 1396 1064 στρατιωτικὸν,
1411 1027 1512 1064 χρυσοῦ
1528 1024 1615 1053 ὤνιον.
1634 1024 1739 1054 Πολλοὶ
1756 1024 1783 1052 δὲ
1805 1024 1873 1062 ἐπέρ-

1083 1081 1193 1109 χονται,
1218 1069 1361 1102 δεδοικότες
1384 1069 1443 1102 τοὺς
1469 1069 1611 1107 ἑπομένους
1633 1071 1670 1108 τῷ
1698 1069 1809 1104 Ἰησοῦ,
1833 1068 1871 1097 καὶ

1083 1114 1294 1153 ἐκκρεμαμένους
1320 1114 1391 1153 αὖτῷ
1412 1113 1455 1142 διὰ
1479 1114 1523 1142 τὸν
1545 1113 1621 1153 λόγον
1637 1125 1663 1142 τε
1687 1113 1735 1142 καὶ
1764 1113 1797 1142 τὰ
1814 1112 1871 1142 θαύ-

1083 1171 1165 1196 ματα.
1181 1158 1329 1196 Λαμπάδας
1342 1158 1368 1188 δὲ
1386 1159 1430 1188 καὶ
1446 1157 1542 1198 φανοὺς
1561 1159 1728 1197 ἐπάγονται⁷
1742 1159 1778 1191 ὡς
1795 1157 1824 1186 ἂν
1840 1157 1872 1195 μὴ

1081 1203 1181 1243 ἐκφύγῃ
1198 1203 1292 1236 αὐτοὺς
1311 1204 1337 1232 ἐν
1361 1205 1399 1244 τῷ
1420 1203 1508 1232 σκότει
1531 1203 1631 1232 λαθών.
1648 1202 1683 1232 Ὀ
1706 1202 1735 1232 δὲ
1759 1205 1872 1232 τοσοῦτον

1080 1247 1133 1277 ἔδει
1146 1251 1193 1277 τοῦ
1210 1252 1316 1288 φυγεῖν,
1332 1247 1401 1276 ὥστε
1416 1247 1462 1276 καὶ
1481 1247 1560 1282 ἔξεισι
1573 1247 1638 1286 πρὸς
1657 1247 1770 1284 αὐτοὺς,
1787 1246 1873 1276 ἑαυτὸν

1079 1292 1249 1331 παραδιδούς.
1271 1291 1324 1322 Καὶ
1339 1295 1425 1332 ἐρωτᾷ
1441 1292 1487 1330 μὲν
1499 1314 1506 1327 ,
1532 1293 1581 1331 οὐχ
1595 1294 1629 1325 ὡς
1651 1292 1762 1332 χρῄζων
1777 1293 1873 1331 μαθεῖν’
1903 1322 1904 1334 1

1084 1347 1099 1365 ε(
1112 1336 1192 1378 ’ῌδει
1218 1336 1286 1375 γὰρ,
1302 1337 1382 1376 φησὶ,
1405 1337 1493 1365 πάντα
1513 1335 1546 1365 τὰ
1573 1337 1743 1376 ἐπερχόμενα
1768 1337 1811 1365 ἐπ’
1832 1336 1872 1364 αὖ·

1079 1381 1135 1411 τόν.
1156 1392 1170 1409 ι)
1188 1381 1273 1411 Ὥστε
1289 1381 1379 1416 ἐπειδὴ
1394 1381 1470 1420 ᾔδει,
1488 1379 1527 1409 ὅτι
1540 1381 1582 1409 ἐπ’
1596 1381 1674 1410 αὐτὸν
1691 1381 1817 1420 ἤρχοντο,
1830 1380 1871 1418 οὐχ

1078 1426 1114 1455 ὡς
1137 1428 1228 1463 μαθεῖν
1252 1425 1373 1463 δεόμενος
1400 1427 1499 1465 ἐρωτᾷ,
1516 1425 1585 1454 ἀλλὰ
1601 1425 1685 1459 δεῖξαι
1707 1427 1808 1461 θέλων,
1834 1423 1869 1453 ὅτι

1078 1469 1123 1499 καὶ
1150 1469 1242 1510 παρὼν
1259 1471 1309 1509 οὐχ
1324 1471 1426 1508 ἑωρᾶτο
1447 1471 1535 1503 αὐτοῖς
1560 1470 1578 1505 ἢ
1603 1470 1770 1509 ἐγνωρίζετο.
1797 1468 1869 1499 Ἄλλᾶ

1078 1514 1123 1543 καὶ
1138 1516 1242 1555 ἐρωτᾷ,
1269 1517 1303 1548 ὡς
1326 1514 1471 1554 ἀλλότριος·
1495 1514 1541 1543 καὶ
1568 1514 1626 1544 οὐδὲ
1650 1515 1705 1544 ἀπὸ
1720 1517 1768 1551 τῆς
1789 1515 1869 1554 φωνῆς

1079 1559 1299 1598 ἐπιγινώσκουσιν
1323 1559 1415 1594 αὐτὸν,
1439 1558 1499 1587 οὔτε
1519 1560 1543 1587 οἳ
1570 1558 1665 1596 ἄλλοι,
1688 1559 1750 1589 οὔτε
1767 1559 1840 1591 αἰετὸς
1859 1558 1871 1585 ὃ

1080 1602 1190 1636 Ἰούδας.
1207 1602 1275 1633 Ὀτι
1295 1603 1346 1643 γὰρ
1359 1605 1388 1633 οὖ
1402 1603 1445 1632 διᾶ
1458 1603 1488 1632 τὸ
1504 1603 1595 1636 σκότος
1614 1604 1756 1643 ἠγνόησαν
1778 1602 1851 1632 αὐτὸν
1862 1625 1869 1638 ,

1081 1652 1205 1686 προεῖπεν
1231 1649 1246 1676 ὁ
1268 1647 1473 1687 εὐαγγελιστὴς,
1501 1646 1541 1676 ὅτι
1570 1660 1583 1674 ιι
1608 1648 1678 1686 μετὰ
1693 1648 1842 1685 λαμπάδων
1857 1657 1869 1674 ι

1080 1693 1202 1727 ἐπῆλθον.
1233 1693 1265 1722 Εἰ
1284 1692 1310 1720 δὲ
1327 1692 1368 1721 διὰ
1386 1692 1416 1720 τὸ
1431 1691 1522 1725 σκότος
1541 1692 1653 1730 ἠγνόουν
1677 1693 1782 1733 (θῶμεν
1795 1691 1868 1733 γὰρ),

1082 1737 1136 1766 ἆπό
1148 1749 1177 1775 γε
1191 1739 1237 1772 τῆς
1254 1739 1341 1777 φωνῆς
1355 1738 1496 1775 ἐπιγνῶναι
1517 1736 1594 1765 αὐτὸν
1615 1738 1676 1766 ἔδει.
1701 1739 1808 1776 Ἐρωτᾷ
1820 1731 1868 1770 οὖν,

1081 1779 1124 1809 ἵνα
1141 1781 1210 1821 δείξῃ
1222 1805 1230 1817 ,
1242 1783 1277 1814 ὡς
1295 1781 1417 1817 εἴπομεν,
1431 1780 1470 1809 ὅτι
1485 1779 1546 1810 οὗτε
1561 1782 1614 1810 ἀπὸ
1635 1784 1682 1810 τοῦ
1706 1781 1801 1816 εἴδους,
1817 1779 1868 1808 οὔτε

1082 1826 1136 1855 ἀπὸ
1147 1828 1192 1860 τῆς
1210 1828 1297 1864 φωνῆς
1319 1826 1472 1865 ἐπέγνωσαν
1494 1825 1584 1855 αὐτόν.
1609 1825 1704 1859 Οὕτως
1717 1822 1763 1856 οὖν
1779 1825 1869 1865 ἅψατος

1081 1866 1139 1906 ἧνὴ
1157 1871 1266 1909 δύναμις
1282 1871 1379 1908 αὐτοῦ,
1395 1869 1464 1898 ὥστε
1482 1870 1539 1899 οὐδὲ
1557 1872 1712 1910 σταυρῶσαι
1727 1870 1868 1906 ἠδύναντο,

1082 1915 1105 1943 εἷ
1118 1915 1154 1953 μὴ
1169 1915 1236 1944 ἑκὼν
1259 1915 1394 1945 ἐνέδωκεν.
1413 1916 1454 1944 Οὐ
1469 1914 1547 1951 μόνον
1568 1914 1595 1944 δὲ
1615 1918 1693 1944 τοῦτο
1707 1915 1738 1944 τὸ
1753 1915 1869 1953 πηρῶσαι

1082 1958 1140 1992 τοὺς
1155 1959 1306 1998 ὀφθαλμοὺς
1321 1960 1423 1995 αὐτῶν,
1437 1958 1506 1988 ἀλλὰ
1523 1961 1597 1997 (40)
1611 1959 1655 1988 καὶ
1670 1960 1701 1989 τὸ
1713 1958 1867 1990 καταϐαλεῖν

1082 2003 1188 2036 ὑπτίους
1204 2003 1256 2032 ἀπὸ
1271 2004 1353 2041 μόνης
1367 2005 1448 2043 ψιλῆς
1471 2003 1635 2043 ἐρωτήσεως,
1664 2005 1783 2043 Σημεῖον
1805 2002 1826 2032 δ’
1840 2001 1867 2030 ἂν

1080 2047 1120 2084 εἴη
1137 2048 1168 2078 τὸ
1181 2052 1271 2077 πεσεῖν
1286 2047 1344 2080 τοὺς
1357 2047 1425 2077 κατὰ
1444 2051 1489 2078 τοῦ
1511 2048 1600 2084 Ἰησοῦ
1614 2049 1751 2086 ἐλθόντας,
1764 2049 1809 2082 τῆς
1827 2057 1868 2074 κα-

1079 2094 1184 2129 eam-7,;
1201 2096 1245 2122 τοῦ
1266 2092 1354 2126 ἔθνους
1371 2092 1568 2126 κατα-πτώσεως
1579 2116 1587 2130 ,
1600 2092 1618 2129 ἢ
1632 2094 1771 2133 ἐπεγένετο
1787 2092 1867 2121 αὐτοῖς

1080 2136 1186 2177 ὕστερον
1217 2137 1286 2176 μετὰ
1314 2137 1358 2167 τὸν
1378 2139 1426 2167 τοῦ
1451 2138 1572 2177 Χριστοῦ
1607 2139 1729 2168 θάνατον·
1764 2139 1798 2171 ὡς
1827 2133 1867 2164 καὶ

226 2183 310 2219 igitur
329 2192 429 2213 omnes
448 2185 495 2221 qui
517 2185 639 2213 sermoni
657 2185 751 2214 divino
774 2189 840 2214 sunt
864 2186 1022 2215 adversarii.

1081 2174 1439 2223 Ἱερεμίας-[τροεφήτευσενσ
1468 2174 1488 2208 ι.
1507 2177 1590 2216 Οἶκος
1621 2182 1735 2223 Ἰσραὴλ
1767 2182 1866 2214 ἔπεσεν,

225 2229 331 2257 Hortus
346 2233 438 2257 autem
450 2238 466 2258 a
476 2238 531 2266 quo
546 2230 618 2258 salus
635 2234 728 2258 nostra
747 2231 863 2266 sumpsit
880 2230 1023 2268 originem,

225 2274 384 2309 paradisum
399 2274 544 2303 referebat.
564 2276 636 2303 Nam
650 2275 696 2312 qui
714 2275 868 2305 cecidimus
891 2276 919 2304 in
939 2276 1023 2304 horto

225 2319 354 2355 paradisi,
381 2319 500 2348 vidimus
528 2321 555 2348 in
587 2320 669 2349 horto
695 2321 843 2349 salutarem
868 2322 1024 2357 passionem

226 2364 378 2399 sumpsisse
399 2364 520 2401 initium,
540 2369 567 2393 et
587 2365 680 2394 omnia
699 2373 760 2402 qua:
781 2366 858 2402 prius
881 2370 1022 2402 corrupta,

224 2412 351 2444 reparata
369 2416 440 2439 esse.

261 2543 354 2572 Vnus.
368 2546 423 2572 7-9.
441 2555 454 2568 ι
467 2545 572 2572 Iterum
587 2551 651 2581 ergo
669 2551 716 2572 eos
728 2543 918 2579 interrogavit,
933 2544 1022 2579 Quem

225 2588 372 2624 quaeritis?
387 2592 424 2617 At
436 2589 475 2617 illi
485 2587 615 2617 dixerunt
632 2598 638 2616 :
654 2590 748 2617 Jesum
762 2589 949 2617 Nazarenum.
967 2590 1022 2617 Re-

223 2634 335 2670 spondit
344 2635 423 2663 Jesus
441 2638 470 2662 et
484 2633 552 2662 dixit
566 2643 572 2662 :
593 2634 656 2662 Dixi
670 2633 746 2662 vobis
761 2634 836 2670 quod
846 2641 896 2670 ego
910 2634 973 2662 sim.
993 2635 1020 2663 Si

258 2682 281 2700 ⁹²
294 2685 364 2717 imo,
381 2686 480 2718 Amos,
497 2691 527 2711 ν.
544 2686 570 2711 2.

1079 2228 1125 2256 οὐκ
1149 2227 1219 2256 ἔστιν
1244 2229 1258 2257 ὁ
1279 2227 1448 2263 ἀναστήσων.
1477 2240 1489 2252 ιι
1519 2227 1655 2257 Πίπτουσι
1675 2228 1762 2257 τοίνυν
1781 2224 1868 2255 πάντες

1077 2273 1101 2300 οἱ
1115 2274 1154 2312 τῷ
1167 2272 1238 2312 λόγῳ
1250 2274 1294 2301 τοῦ
1313 2273 1384 2302 Θεοῦ
1398 2271 1603 2309 ἐναντιούμενοι.
1621 2271 1653 2302 Ὁ
1669 2272 1696 2301 δὲ
1713 2275 1811 2308 κῆπος,
1826 2268 1866 2307 ἀφ’

1076 2312 1106 2346 οἷ
1165 2317 1283 2356 σωτηρία
1302 2318 1377 2355 ἡμῶν
1392 2315 1472 2346 ἔλαϐε
1488 2316 1536 2352 τὴν
1561 2316 1646 2356 ἀρχὴν
1657 2339 1665 2353 ,
1680 2317 1820 2346 ἀντίτυπον
1835 2311 1863 2340 ἂν

1077 2361 1101 2391 εἴ
1162 2364 1178 2370 ’⁸
1270 2363 1308 2390 δ’
1386 2361 1420 2391 Ἐ
1475 2361 1491 2391 ὰ
1549 2355 1626 2371 "77’
1714 2364 1731 2371 "‘
1818 2355 1864 2386 δεί-

1102 2374 1119 2398 η
1134 2373 1178 2391 του
1194 2373 1267 2401 παρα
1286 2373 1367 2391 εισου.
1422 2373 1434 2389 ν
1456 2373 1473 2400 γ
1494 2373 1508 2401 ρ
1531 2373 1569 2401 τῳ
1591 2373 1670 2401 κηπῳ
1685 2374 1731 2392 του
1745 2371 1815 2399 παρα

1077 2419 1123 2436 σου
1136 2406 1277 2443 πεσόντες,
1293 2406 1397 2444 εἴδομεν
1413 2406 1439 2435 ἐν
1454 2406 1532 2446 κήπῳ
1547 2407 1577 2435 τὸ
1592 2405 1722 2447 σωτήριον
1740 2409 1784 2434 τοῦ
1798 2403 1862 2447 Χρις

1076 2455 1138 2481 στοῦ
1161 2450 1243 2484 πάθος
1265 2443 1406 2490 δεχόμενον
1434 2450 1483 2485 τὴν
1509 2443 1617 2490 ἆρχὴν,
1649 2443 1695 2480 καὶ
1724 2449 1810 2480 πάντα
1835 2443 1863 2474 τὰ

1075 2495 1168 2536 πρώην
1183 2496 1302 2535 δυσχερῆ
1319 2494 1556 2535 ἐπανορθούμενον.

1118 2554 1131 2568 ι
1149 2541 1237 2570 Πάλιν
1252 2536 1297 2569 οὖν
1314 2539 1409 2573 αὐτοὺς
1431 2539 1598 2579 ἐπηρώτησε·
1616 2539 1685 2570 Τίνα
1700 2539 1816 2575 ζητεῖτε;
1831 2535 1863 2563 οῖ

1076 2585 1103 2616 δὲ
1134 2580 1218 2615 εἷπον·
1245 2585 1350 2620 Ἰησοῦν
1365 2584 1424 2624 ητὸν
1448 2585 1615 2624 Ναζωραῖον.
1643 2583 1783 2624 Ἀπεκρίθη
1811 2579 1861 2624 Ἰη-

1075 2633 1137 2663 σοῦς
1147 2652 1155 2665 ,
1172 2629 1218 2659 καὶ
1245 2618 1327 2658 εἶπεν·
1343 2623 1429 2658 Εἶπον
1451 2630 1512 2667 ὑμῖν
1522 2618 1538 2666 ,Ι
1554 2629 1594 2659 ὅτι
1619 2628 1671 2669 ἐγώ
1695 2618 1760 2668 εἶμι.
1778 2626 1809 2657 Ei
1821 2618 1863 2653 οὖν

715 2734 760 2764 Ex
781 2733 948 2765 collatione
970 2733 1065 2767 codd.
1090 2733 1199 2765 Venet.
1221 2732 1253 2764 S.
1277 2731 1384 2764 Marci.

257 2802 313 2836 (40)
327 2801 395 2832 Cod.
410 2804 454 2835 31,
468 2801 548 2829 αὐτῶν
562 2801 644 2838 Θαῦμα
657 2801 721 2839 μέγα
733 2800 762 2830 ἦν
772 2821 780 2835 ,
796 2801 878 2836 ἀλλὰ,
897 2812 921 2829 κ.
939 2811 962 2830 τ.
996 2822 1002 2828 .
