1922 3077
53 173 108 201 245

427 169 622 199 ENARRA'I‘IO
642 169 675 198 IN
694 167 855 197 EVANGEL]

925 166 1074 196 JOANNIS.
1096 182 1131 188 —
1149 168 1224 197 CAP.
1247 169 1344 197 XVIII.

1649 168 1702 197 240

53 236 103 274 ἐμὲ
131 236 261 278 ζητεῖτει¹
273 234 354 275 ἄφετε
375 233 482 267 τούτους
507 232 620 272 ὓπάγειν
633 243 640 252 ·
663 232 708 261 ἵνα
722 232 851 278 πληρωθῇ

912 241 992 278 igitur
1007 249 1052 269 me
1067 242 1200 278 quaeritis.
1215 242 1296 270 sinite
1319 242 1370 270 hos
1391 242 1475 277 abire,
1492 245 1523 270 ut
1542 242 1704 278 impleretur

52 273 75 309 ὃν
85 280 177 320 λόγος,
193 279 222 309 ὃν
236 273 308 309 εἶπεν
318 278 371 317 ,ὅτι
385 278 440 312 Οὓς
456 278 571 311 δέδωκάς
586 289 645 316 μοι,
661 277 708 306 οὐκ
724 276 852 306 ἀπώλεσα

52 325 83 359 ἐξ
104 326 192 358 αὐτῶν
214 323 323 354 οὐδένα.
341 336 355 350 ι
377 322 516 354 Κατέϐαλε
538 322 586 360 μὲν
609 321 704 356 αὐτοὺς
725 321 851 359 ὑπτίους,

52 370 113 408 ἅμα
132 368 181 405 τήν
200 381 229 398 τε
249 369 360 406 δύναμιν
381 370 463 398 αὑτοῦ
483 368 584 406 δηλῶν,
600 367 646 397 καὶ
665 367 705 395 ὅτι
725 366 792 396 ἑκὼν
809 365 854 405 ἔρ-

50 426 134 454 χεται
153 413 220 452 πρὸς
236 413 267 443 τὸ
287 413 382 447 πάθος·
401 412 466 452 πρὸς
485 411 512 442 δὲ
532 412 633 446 τούτοις
654 411 700 441 καὶ
715 410 804 450 ἕτερόν
828 421 854 439 τι

51 460 221 496 οἰκονομῶν.
249 457 314 489 Ἵνα
340 458 392 498 γὰρ
417 457 454 496 μὴ
480 457 541 498 εἴπῃ
568 469 626 494 τις,
655 456 695 486 ὅτι
725 456 799 486 οὐδὲν
829 455 854 485 οἱ

53 503 185 534 Ἰουδαῖοι
205 503 339 542 ἧμαρτσνυ
359 502 437 535 αὐτὸς
455 502 507 542 γὰρ
528 503 616 535 αὐτοῖς
637 501 730 531 ἑαυτὸν
752 499 855 540 ἐνεχεί-

55 560 130 588 ρισε,
156 548 204 577 καὶ
230 548 309 584 δῆλον
332 547 498 584 κατέστησε·
525 546 568 576 διὰ
590 548 667 577 τοῦτο
693 545 855 575 ἐνδείκνυται

53 593 149 626 αὐτοῖς
166 593 244 622 τοῦτο
261 592 291 621 τὸ
305 596 431 631 σημεῖον,
452 591 543 622 ἱκανὸν
561 591 591 620 ὂν
611 590 703 624 αὐτοὺς
723 589 855 629 ἀνακρού-

53 639 168 667 σασθαι.
196 636 274 668 Ἐπεὶ
298 636 326 666 δὲ
349 636 477 675 ἐπέμενον
498 639 531 676 τῇ
553 636 635 676 κακίᾳ
659 635 706 665 καὶ
733 634 800 673 μετὰ
825 633 856 664 τὸ

53 685 150 719 θαῦμα
170 684 266 718 τοῦτο,
285 681 344 711 τότε
365 681 397 717 δὴ
422 681 514 711 ἑαυτὸν
540 681 686 720 ἐγχειρίζει.
715 680 769 710 Καὶ
791 679 855 718 ὅρα,

52 728 114 759 πῶς
139 726 197 756 οὐδὲ
222 726 286 766 ἄχρι
308 729 356 762 τῆς
374 725 530 758 τελευταίας
548 726 618 765 ὥρας
642 727 688 760 τῆς
707 724 772 764 πρὸς
796 722 856 757 τοὺς

54 771 183 810 μαθητὰς
209 772 315 810 ἀγάπης
339 770 453 811 ὕφίεται.
483 782 497 799 α
526 771 559 800 Εἰ
585 769 636 809 γὰρ
663 769 709 807 ἐμὲ
734 771 855 805 ζητεῖτε,

53 816 140 857 φησὶν
149 840 156 854 ,
177 815 256 857 ἄφετε
271 815 376 849 τούτους
392 814 517 855 ὑπάγειν·
532 814 576 844 ἵνα
590 816 718 854 πληρωθῇ
734 816 748 843 6
762 814 854 852 λόγος,

53 859 84 890 ὃν
101 855 254 899 εἶπενξδτι
275 860 330 894 Οὓς
347 861 462 894 δέδωκάς
478 871 538 898 μοι,
556 860 604 889 οὐκ
620 859 747 888 ἀπώλεσα
764 858 791 892 ἕξ
807 858 856 886 αὖ·

53 907 109 933 τῶν
133 904 237 934 οὐδένα.
262 917 279 934 ι
306 905 453 935 Ἀπώλειαν
474 904 501 934 δὲ
521 907 535 934 6
555 903 602 942 μὲν
625 903 722 943 Κύριος
740 905 787 939 τῆς
807 904 855 942 ψυ-

52 952 107 989 χῆς
142 950 245 989 ἔλεγεν,
276 950 310 986 ἥν
339 950 424 983 οὐδεὶς
451 950 503 979 τῶν
533 949 753 988 μαθητιυθέντων
783 948 856 987 αὐτῷ

53 994 177 1030 ὑπέστη·
196 996 210 1023 6
230 994 257 1024 δὲ
278 993 465 1033 εὖαγγελιστὴς
484 994 528 1023 ἐπὶ
547 993 646 1029 ταύτης
666 995 712 1028 τῆς
732 1003 853 1030 σωματι-

53 1041 105 1074 κῆς
126 1038 265 1078 παρέλαϐε
284 1042 372 1070 τοῦτο,
394 1040 497 1077 Θαῦμα
517 1038 561 1078 δὲ,
581 1040 637 1071 πῶς
655 1040 684 1067 οὐ
708 1036 855 1067 συνέλαϐον

53 1083 118 1116 τοὺς
135 1084 312 1121 ἀποστόλους,
327 1084 373 1113 καὶ
386 1084 538 1124 κατέκοψαν
554 1083 662 1119 αὐτοὺς,
677 1082 722 1112 καὶ
736 1082 854 1120 μάλιστα

54 1130 103 1157 τοῦ
125 1129 232 1168 Πέτρου
252 1128 444 1169 παροξύναντος
467 1127 570 1161 αὐτούς.
593 1127 676 1158 Ὅθεν
696 1127 793 1163 δῆλον,
814 1125 855 1155 δτι

54 1175 72 1208 ἡ
99 1177 150 1203 τῶ
176 1174 368 1214 συλληφθέντος
394 1173 504 1212 δύναμις
531 1175 608 1202 τοῦτο
637 1172 737 1209 ἐποίει,
767 1171 813 1200 καὶ
837 1173 854 1207 ἡ

55 1218 208 1258 ἀπόφασις,
232 1219 260 1254 ἣν
277 1223 417 1258 προεῖπεν,
432 1217 472 1247 ὅτι
489 1229 503 1246 ι
525 1217 620 1251 Οὐδεὶς
638 1216 665 1251 ἐξ
680 1217 766 1246 αὐτῶν
785 1214 857 1244 ἀπώ-

55 1263 130 1293 λετο.
158 1275 173 1291 ι
200 1265 286 1294 Τοῦτο
312 1267 374 1303 γοῦν
399 1262 445 1292 καὶ
468 1264 483 1292 6
508 1261 696 1303 εὒαγγελιστὴς
723 1260 855 1290 διδάσκων

53 1309 146 1345 ἡμᾶς,
165 1306 206 1337 ὅτι
223 1310 271 1344 τ’ῆς
288 1311 336 1338 τοῦ
358 1308 457 1347 Κυρίου
476 1307 634 1348 ἀποφάσεως
653 1302 685 1342 ἦν
704 1305 735 1335 τὸ
753 1305 790 1343 μὴ
807 1317 856 1334 κα-

54 1353 211 1387 τακοπῆναι
229 1352 289 1386 τοὺς
310 1353 446 1390 μαθητὰς,
466 1351 560 1392 φησίνι
581 1365 593 1378 κ
613 1350 673 1380 Ἵνα
694 1351 822 1389 πληρωθῇ
841 1350 856 1378 6

55 1395 150 1435 λόγος,
160 1397 189 1425 ὃν
201 1393 287 1434 εἶπεν,
298 1397 339 1427 ὅτι
354 1398 414 1427 Οὔκ
428 1396 556 1426 ἀπώλεσα
571 1395 597 1430 ἐξ
612 1396 700 1425 αὐτῶν
714 1394 820 1424 οὖδένα·
839 1406 853 1423 s

56 1440 100 1470 διὰ
126 1442 181 1481 γὰρ
202 1441 251 1478 τὴν
273 1441 409 1471 ἀσθένειαν
433 1443 519 1471 αὐτῶν
545 1441 596 1475 ἔξω
618 1444 732 1470 ποιεῖται
759 1438 855 1472 αὐτοὺς

55 1488 224 1525 πειρασμῶν.
259 1486 341 1516 Οὕτω
373 1486 419 1516 καὶ
452 1488 523 1525 ἡμᾶς
552 1488 597 1515 νῦν
628 1485 773 1523 οἰκονομεῖ,
804 1484 854 1513 κᾶν

59 1531 208 1570 ἀγνοῶμεν.
236 1531 324 1561 Ὦστι
348 1531 453 1561 ίπειδάν
478 1542 520 1560 σοι
533 1529 787 1576 ξλθῃγπιιρασμὸς,
811 1528 854 1557 πί·
870 1542 893 1576 c

57 1586 150 1612 στιυε,
173 1576 216 1605 ὅτι
229 1577 252 1605 εἰ
275 1576 313 1614 μὴ
339 1576 496 1615 ἐγίνωσκεν,
521 1575 562 1604 ὅτι
585 1575 696 1604 δύνασαι
720 1575 854 1613 διαφυγεῖν

56 1622 150 1650 τοῦτον
159 1643 167 1657 ,
185 1621 232 1650 οὐκ
248 1620 280 1650 ἂν
291 1621 461 1661 συνεχώρησέ
472 1632 514 1650 σοι
525 1619 603 1649 αὐτὸν
616 1620 735 1649 ἐπελθεῖν
743 1641 752 1658 ,
764 1618 855 1659 ὥσπερ

57 1664 117 1694 οὐδὲ
133 1665 194 1695 τότε
208 1665 261 1699 τοῖς
277 1667 417 1704 μαθηταῖς.

99 1721 116 1737 ι
134 1710 229 1748 Σίμων
244 1706 288 1740 οὖν
301 1711 402 1749 Πέτρος
416 1710 485 1750 ἔχων
499 1709 653 1749 μάχαιραν,
670 1707 790 1738 εἵλκυσεν
807 1709 854 1737 αὖ·

57 1753 121 1790 τὴν,
138 1755 184 1783 καὶ
201 1754 296 1784 ἔπαισε
315 1753 361 1784 τὸν
377 1757 422 1784 τοῦ
443 1754 586 1794 ἀρχιερέως
605 1754 712 1790 δοῦλον,
729 1753 774 1781 καὶ
790 1752 854 1781 ἀπί-

58 1800 139 1839 κοψεν
165 1799 248 1829 αὐτοῦ
270 1799 300 1829 τὸ
323 1798 399 1828 ὠτίον
423 1799 453 1828 τὸ
479 1798 575 1833 δεξιόν·
600 1794 631 1834 ἦν
658 1797 685 1826 δὲ
712 1797 795 1836 ὄνομα
817 1797 855 1837 τῷ

57 1842 147 1883 δούλῳ
166 1844 290 1884 Μάλχος.
308 1839 391 1874 Εἶπεν
407 1839 451 1873 οὖν
464 1845 477 1873 6
493 1843 595 1878 Ἰησοῦς
607 1845 645 1882 τῷ
661 1841 770 1881 Πέτρῳ’
784 1842 855 1871 Βάλε

58 1887 105 1923 τὴν
132 1887 272 1928 μάχαιράν
296 1899 343 1919 σου
377 1890 414 1922 εἷς
436 1887 484 1923 τὴν
508 1887 604 1924 θήκην·
631 1887 661 1916 τὸ
687 1886 824 1925 ποτήριον.
842 1886 857 1915 6

59 1932 159 1962 δέδωκέ
173 1944 219 1971 μοι
233 1935 248 1962 6
260 1932 357 1972 Πατὴρ
367 1955 375 1969 ,
392 1934 421 1963 οὗ
434 1932 471 1970 μὴ
485 1931 539 1961 πίω
554 1931 635 1969 αὐτός
656 1943 672 1960 ι)
686 1930 763 1960 Ἰδὼν
777 1933 791 1960 6
804 1930 856 1961 Πί-

59 1988 118 2016 τρος
143 1977 189 2006 τὸν
217 1976 316 2018 Κύριον
340 1977 438 2011 ὑπτίως
464 1977 557 2011 αὐτοὺς
582 1975 785 2012 καταϐαλόντα,
809 1976 855 2005 καὶ

59 2022 173 2060 θάρσους
198 2022 378 2059 ὑποπλησθεὶς
403 2021 446 2051 διὰ
470 2024 518 2057 τῆς
544 2024 590 2051 τοῦ
619 2021 717 2061 Κυρίου
745 2022 854 2061 φωνῆς,

60 2066 195 2103 εἰπόντος,
211 2079 224 2093 ι
243 2064 337 2107 Ἄφετε
356 2066 463 2100 τούτους
483 2066 594 2105 ὑπάγειν
601 2088 610 2102 ,
633 2078 648 2094 ν
670 2065 806 2104 ἐνόμισεν,
821 2066 857 2099 ὡς

61 2111 151 2150 καιρὸς
169 2111 260 2142 λοιπὸν
280 2111 383 2151 ἀμύνης
402 2111 475 2148 ἐστὶ,
497 2111 543 2141 καὶ
564 2110 595 2147 δὴ
615 2115 715 2140 σπᾶται
733 2109 782 2146 τὴν
804 2109 856 2148 μά-

61 2166 175 2196 χαιραν,
192 2156 238 2185 καὶ
256 2157 388 2186 πατάσσει
407 2156 451 2186 τὸν
471 2157 574 2186 δοῦλον.
593 2156 641 2194 (41)
657 2157 691 2186 Εἰ
706 2154 733 2184 δὲ
753 2157 854 2191 ζητεῖς,

61 2180 462 2241 -πήρναν
478 2200 547 2240 ἔχειν
555 2180 646 2238 ,ψμῗηδὲ
658 2180 708 2230 ἔύο
722 2180 854 2240 χιτέὶναςξ
869 2180 895 2212 D

63 2246 199 2285 μάχαιραν
225 2245 295 2286 ἔχει·
319 2246 452 2285 μάνθανε,
478 2245 518 2274 ὅτι
537 2245 581 2274 διὰ
599 2245 630 2274 τὸ
651 2245 738 2284 ἀρνίον
759 2244 856 2281 ταύτης

62 2291 173 2330 ἔχρῃζε,
197 2291 242 2320 καὶ
266 2291 411 2326 ἐϐάσταζεν
431 2289 514 2326 αὐτὴν
535 2289 581 2320 καὶ
603 2289 670 2328 μετὰ
688 2290 718 2319 τὸ
738 2290 854 2319 δεῖπνον·

62 2333 77 2369 ἢ
98 2335 145 2364 καὶ
169 2335 293 2369 δεδοικὼς
316 2335 365 2372 τὴν
387 2335 521 2374 ἐπίθεσιν,
542 2334 746 2375 παρεσκεύαστο
769 2334 856 2364 πάλαι

62 2379 94 2411 εἷς
122 2382 212 2410 τοῦτο.
245 2381 278 2411 Εἴ
306 2381 334 2410 δὲ
362 2382 486 2420 ἀπορεῖς,
515 2382 572 2414 πῶς
599 2382 613 2409 6
640 2379 707 2418 μηδὲ
738 2379 856 2420 ῥαπίζων

122 2425 255 2464 ῥαπίζειν]
277 2425 467 2466 προσταχθεὶς,
493 2425 558 2466 πρὸς
580 2424 671 2465 φόνους
692 2424 858 2464 παρεσκευά-

62 2469 131 2502 ζετο’
155 2469 288 2507 ἀκούσεις,
319 2470 358 2499 ὅτι
381 2471 498 2509 μάλιστα
523 2470 572 2508 μὲν
593 2471 644 2510 οὐχ
668 2470 754 2510 ἑαυτῷ
787 2469 856 2499 ἀλλὰ

63 2514 98 2556 Et?»
126 2514 280 2556 διδασκάλῳ
308 2515 422 2553 ἤμυνεν·
452 2514 546 2544 ἔπειτα
575 2514 634 2544 οὐδὲ
662 2514 758 2544 τέλειοι
783 2514 857 2544 οὔπω

63 2551 141 2592 ἦσαν·
157 2559 190 2598 ξέν
213 2551 272 2593 τοῖς.
294 2551 409 2599 ὑστέροις
430 2559 482 2599 γὰρ
500 2559 541 2589 ἴδε
559 2571 604 2597 μοι
621 2562 728 2596 τοῦτον,
749 2561 806 2593 πῶς
823 2559 858 2588 τὰ

65 2600 162 2642 ἔσχατα
188 2605 300 2645 πάσχων
325 2605 425 2645 χαίρει.
450 2606 506 2635 Νῦν
530 2605 557 2634 δὲ
577 2603 641 2645 ὑπὲρ
660 2607 706 2634 τοῦ
731 2604 857 2634 διδασκά-

65 2645 107 2677 λου
127 2650 301 2689 ἀγανακτῶν,
322 2651 366 2680 καὶ
395 2649 438 2679 ἐπ’
461 2649 544 2685 αὐτὴν
567 2651 638 2690 ὁρμᾷ
658 2649 705 2686 τὴν
727 2649 858 2691 κεφαλήν·

98 2717 120 2736 ’³
133 2717 235 2747 Matth.
250 2725 282 2752 κ,
298 2719 341 2746 i0.

591 2762 635 2791 Ex
650 2762 908 2802 collationercodd.

100 2818 235 2857 (θη-(ΖΜ.
250 2821 294 2854 82,
311 2818 343 2846 Εἴ
353 2818 379 2845 δὲ
391 2819 474 2852 ζητεῖς
487 2819 575 2854 μαθεῖν
587 2821 647 2853 πῶς,
661 2828 685 2846 κ,
699 2828 723 2847 τ.
739 2818 765 2847 λ.

873 875 953 918 Βτεη
978 880 984 898 :

907 294 1000 315 sermo
1012 294 1093 322 quem
1108 286 1177 314 dixit
1197 295 1203 314 :
1217 287 1294 322 Quos
1304 286 1404 314 dedisti
1424 286 1502 320 mihi,
1522 294 1581 314 non
1595 286 1701 323 perdidi

908 339 939 358 ex
954 331 992 358 eis
1017 338 1194 366 quemquam.
1220 342 1232 355 ιι
1251 330 1402 358 Prostravit
1416 330 1527 366 quidem
1551 338 1599 358 eos
1614 335 1646 359 ut
1659 339 1705 359 re-

907 379 1027 403 trorsum
1053 376 1190 409 caderent,
1219 375 1362 404 declarans
1385 375 1537 411 potentiam
1563 383 1652 409 suam,
1677 381 1705 404 ct

907 420 980 456 quod
998 420 1032 448 ad
1057 420 1212 456 passionem
1237 426 1335 456 sponte
1356 421 1471 448 veniret.
1488 420 1531 448 Ad
1547 420 1607 448 hanc
1621 420 1704 449 etiam

908 464 959 492 hoc
970 464 1126 500 providens,
1140 469 1170 492 ut
1180 472 1215 492 ne
1229 465 1291 501 quis
1300 465 1371 492 dicat
1380 465 1492 493 Judazos
1499 473 1555 493 non
1567 472 1704 500 peccasse,

908 516 941 537 eo
955 509 1031 546 quod
1046 509 1097 537 illis
1112 517 1141 537 se
1154 510 1182 537 in
1193 518 1291 537 manus
1304 510 1453 537 tradiderat
1463 514 1491 538 et
1504 509 1705 544 manifestarat,

908 558 1021 589 propter
1035 553 1088 582 hoc
1101 554 1221 582 ostendit
1236 554 1276 582 eis
1291 554 1342 582 hoc
1357 554 1532 587 miraculum,
1548 553 1621 590 quod
1633 553 1707 582 sufﬁ-

909 598 997 626 ciebat
1011 599 1044 626 ad
1060 599 1229 634 repellendos
1253 606 1310 626 eos.
1339 599 1396 627 Ubi
1423 603 1514 626 autem
1540 599 1566 626 in
1601 599 1707 627 malitia

909 651 957 671 sua
988 648 1197 679 permanserunt
1224 644 1309 671 etiam
1338 649 1399 680 post
1426 643 1592 672 miraculum
1622 643 1707 678 istud,

909 692 974 716 tunc
987 696 1015 716 se
1030 689 1158 716 manibus
1173 697 1267 716 eorum
1290 689 1421 724 permisit.
1436 690 1470 716 Et
1483 689 1544 717 vide
1565 689 1708 725 quomodo

908 741 995 769 usque
1014 733 1048 761 ad
1063 733 1189 761 ultimam
1205 733 1300 761 horam
1316 733 1486 761 dilectionem
1501 741 1564 769 erga
1588 733 1709 769 discipu-

909 777 950 805 los
976 786 1032 805 non
1057 778 1175 814 reliquit.
1205 779 1274 805 Nam
1300 790 1312 802 κ
1334 778 1361 806 Si
1378 786 1422 806 me
1447 779 1579 814 quaeritis.
1608 779 1706 814 inquit,

911 824 993 852 sinite
1008 824 1068 852 illos
1091 823 1174 858 abire,
1196 829 1227 852 ut
1250 824 1410 860 impleretur
1423 832 1514 852 sermo
1535 832 1616 860 quem
1632 824 1710 852 dixe-

1010 872 1085 906 Quos
1098 871 1198 899 dedisti
1215 871 1293 904 mihi,
1308 879 1340 899 ex
1355 871 1392 899 eis
1418 879 1475 899 non
1495 871 1600 907 perdidi
1616 879 1710 906 quem-

912 923 1008 951 quam.
1029 928 1041 939 »
1055 915 1242 944 Perditionem
1260 919 1352 943 autem
1370 917 1507 944 Dominus
1524 916 1625 944 anima:
1637 915 1711 944 dice-

911 960 967 993 bat,
993 960 1056 995 quia
1094 960 1185 988 nullus
1215 961 1296 996 periit
1318 960 1364 996 qui
1394 960 1430 988 ab
1460 968 1494 988 eo
1518 960 1615 988 doctus
1646 960 1708 989 fuit.

910 1004 1083 1039 Evangelista
1096 1008 1189 1031 autem
1212 1007 1239 1031 et
1262 1003 1297 1031 ad
1320 1003 1492 1039 corporalem
1507 1003 1602 1031 trahit.
1623 1004 1708 1031 Mira-

910 1049 1003 1077 culum
1025 1053 1129 1081 autem.
1146 1048 1288 1084 quomodo
1303 1056 1359 1076 non
1386 1049 1646 1084 comprehenderint
1671 1048 1709 1076 illi

910 1095 1060 1129 apostolos,
1085 1098 1112 1121 et
1131 1094 1312 1122 dissecuerint
1336 1101 1393 1124 eos,
1421 1098 1450 1121 et
1500 1093 1621 1121 maxime
1643 1101 1709 1122 cum

910 1140 1006 1166 Petrus
1020 1138 1162 1166 incitasset
1177 1146 1234 1166 eos.
1250 1138 1332 1166 Unde
1348 1137 1525 1166 manifestum
1541 1138 1615 1174 quod
1629 1146 1707 1166 com-

911 1182 1034 1219 prehensi
1060 1183 1146 1211 virtus
1172 1182 1225 1211 hoc
1254 1182 1360 1216 fecerit,
1395 1188 1422 1210 et
1461 1183 1596 1211 sententia
1625 1191 1710 1219 quam

910 1227 1080 1263 praedixerat,
1108 1227 1216 1255 nullum
1242 1235 1301 1255 esse
1323 1235 1356 1256 ex
1379 1227 1432 1256 illis
1460 1227 1631 1264 perdendum
1656 1227 1709 1256 :id

910 1271 984 1306 quod
1011 1276 1038 1299 et
1059 1271 1224 1307 evangelista
1246 1271 1348 1300 docens
1375 1279 1427 1300 nos
1451 1271 1525 1308 quod
1551 1271 1604 1299 hoc
1628 1271 1711 1300 fuerit

910 1319 1022 1352 propter
1034 1316 1198 1344 sententiam
1212 1316 1333 1350 Domini,
1348 1324 1384 1344 ne
1398 1316 1616 1344 interﬁcerentur
1628 1316 1710 1344 disci-

911 1361 981 1396 puli,
1010 1361 1099 1396 inquit
1123 1369 1159 1388 τοι
1185 1362 1225 1389 Ut
1239 1361 1398 1396 impleretur
1409 1369 1501 1389 sermo
1525 1369 1608 1397 quem
1625 1361 1706 1396 dixit,

911 1406 972 1433 Non
984 1405 1086 1440 perdidi
1102 1413 1133 1432 ex
1147 1405 1186 1433 eis
1197 1412 1372 1441 quemquam.
1393 1417 1406 1430 ιο
1422 1407 1494 1434 Nam
1510 1410 1620 1442 propter
1635 1406 1710 1442 ipso-

912 1458 974 1477 rum
990 1449 1180 1477 inﬁrmitatem
1196 1457 1308 1478 securos
1330 1457 1377 1477 eos
1396 1449 1460 1477 fecit
1474 1457 1489 1477 a
1504 1450 1709 1478 tentationibus.

909 1495 949 1522 lta
969 1498 996 1522 et
1018 1502 1068 1522 nos
1092 1502 1166 1522 nunc
1191 1493 1270 1531 regit,
1301 1495 1410 1522 etiamsi
1438 1495 1608 1530 ignoremus.
1626 1495 1710 1524 Unde

909 1538 1017 1574 quando
1043 1539 1139 1566 incidis
1173 1539 1201 1567 in
1236 1539 1409 1572 tentationes,
1445 1539 1525 1567 crede
1557 1539 1632 1576 quod
1659 1539 1709 1568 nisi

909 1584 1082 1618 cognovisset
1104 1587 1130 1611 te
1152 1591 1231 1619 posse
1246 1583 1304 1612 illas
1322 1583 1449 1617 evadere,
1464 1592 1519 1612 non
1542 1584 1710 1620 permisisset

909 1630 936 1656 te
950 1628 978 1656 in
993 1636 1038 1656 eas
1050 1627 1179 1662 incidere,
1195 1628 1268 1656 sicut
1281 1636 1370 1666 neque
1384 1632 1451 1657 tunc
1461 1628 1618 1666 discipulos.

944 1719 1034 1745 Vsus.
1053 1719 1097 1751 i0,
1120 1719 1161 1746 ll.
1180 1729 1192 1743 ι
1209 1718 1307 1746 Simon
1321 1726 1386 1754 ergo
1401 1719 1502 1747 Petrus
1516 1727 1581 1746 cum
1595 1718 1710 1747 haberet

909 1761 1042 1798 gladium,
1053 1761 1148 1790 eduxit
1160 1770 1233 1795 eum,
1248 1767 1276 1791 et
1290 1763 1423 1798 percussit
1438 1763 1575 1798 pontiﬁcis
1586 1771 1708 1796 servum.

910 1810 938 1834 et
966 1806 1082 1834 abscidit
1103 1807 1256 1834 auriculam
1271 1807 1330 1842 ejus
1359 1807 1510 1835 dexteram.
1528 1808 1593 1835 Erat
1616 1812 1709 1835 autem

909 1858 1012 1878 nomen
1041 1858 1119 1878 servo
1143 1850 1279 1878 Malchus.
1305 1851 1378 1879 Dicit
1401 1859 1465 1887 ergo
1490 1853 1571 1879 Jesus
1595 1852 1676 1879 Petro
1701 1860 1708 1879 :

910 1895 988 1923 Mitte
1011 1894 1133 1931 gladium
1164 1896 1243 1922 tuum
1267 1895 1294 1922 in
1329 1895 1465 1931 vaginam.
1493 1898 1595 1924 Annon
1616 1896 1710 1924 bibam

910 1939 1038 1976 poculum
1066 1938 1142 1975 quod
1162 1939 1239 1967 dedit
1262 1939 1330 1967 mihi
1355 1941 1453 1968 Pater?
1479 1951 1492 1965 ι
1517 1941 1587 1968 Cum
1613 1941 1710 1969 Petrus

910 1983 1023 2012 vidisset
1047 1983 1201 2012 Dominum
1237 1984 1414 2020 prostravisse
1438 1984 1508 2019 illos,
1533 1989 1560 2012 et
1582 1985 1710 2020 impletus

909 2032 978 2056 esset
1007 2028 1107 2056 ﬁducia
1138 2033 1250 2064 propter
1282 2037 1378 2057 vocem
1408 2029 1532 2062 Domini,
1581 2028 1708 2064 dicentis,

912 2084 924 2097 -
943 2073 1027 2101 Sinite
1039 2073 1100 2101 illos
1123 2073 1208 2108 abire,
1228 2085 1240 2097 ιι
1265 2074 1432 2101 existimavit
1448 2074 1530 2110 737
1546 2073 1619 2110 quod
1639 2078 1707 2102 tunc

910 2124 981 2147 esset
1002 2123 1110 2155 tempus
1124 2120 1260 2153 vindictae,
1273 2124 1449 2156 extractoque
1469 2120 1560 2156 gladio
1575 2119 1708 2156 percussit

910 2172 1029 2192 servum.
1045 2163 1125 2199 Quod
1140 2164 1162 2192 si
1177 2172 1296 2200 quaeras,
1311 2164 1451 2200 quomodo
1466 2164 1488 2192 is
1501 2164 1546 2200 qui
1557 2164 1652 2199 jussus
1667 2169 1710 2192 est

910 2217 967 2237 non
982 2213 1089 2245 portare
1104 2217 1208 2245 peram,
1227 2217 1316 2245 neque
1331 2210 1399 2238 duas
1416 2210 1524 2238 tunicas
1539 2209 1572 2243 ⁸³,
1588 2209 1711 2246 gladium

909 2253 1032 2287 haberet,
1054 2253 1127 2282 disce
1142 2253 1218 2289 quod
1233 2254 1382 2289 portaverit
1401 2254 1480 2282 illum
1502 2254 1530 2282 in
1549 2262 1630 2282 usum
1645 2255 1709 2290 agni

910 2298 1043 2335 paschalis
1058 2299 1142 2327 etiam
1158 2302 1219 2334 post
1233 2306 1354 2331 ctenam,
1371 2299 1411 2326 vel
1426 2298 1510 2335 quod,
1527 2299 1627 2327 timens
1642 2300 1710 2327 insi-

909 2343 976 2377 dias,
1000 2343 1064 2370 olim
1087 2343 1117 2370 in
1141 2343 1194 2371 hoc
1218 2343 1419 2379 prmparaverit.
1444 2343 1524 2378 Quod
1551 2344 1575 2371 si
1589 2343 1709 2377 dubitas,

911 2388 1061 2425 quomodo,
1073 2396 1136 2416 cum
1150 2387 1302 2423 prohibitus
1313 2387 1444 2416 fueritvel
1457 2388 1544 2424 alapis
1555 2393 1710 2424 percutere,

910 2432 944 2460 ad
959 2431 1061 2460 caedem
1075 2440 1104 2459 se
1124 2432 1266 2468 paraverit,
1282 2432 1345 2460 audi
1367 2432 1507 2468 quomodo
1532 2439 1588 2460 non
1605 2438 1709 2461 semet-

911 2476 1010 2511 ipsum,
1024 2475 1072 2503 sed
1087 2475 1251 2511 magistrum
1267 2476 1384 2504 maxime
1399 2476 1473 2504 ultus
1493 2476 1591 2510 fuerit;
1613 2476 1710 2505 deinde

911 2520 985 2556 quod
1004 2520 1130 2547 nondum
1147 2519 1258 2556 perfecti
1274 2524 1341 2548 tunc
1355 2525 1442 2548 erant.
1466 2521 1537 2548 Nam
1561 2519 1623 2548 vide
1638 2528 1710 2556 quo-

911 2565 994 2593 modo
1008 2569 1102 2601 postea
1117 2569 1240 2593 extrema
1255 2565 1326 2593 ferre
1341 2565 1450 2601 gaudet,
1464 2574 1537 2593 nunc
1550 2569 1644 2593 autem
1660 2573 1710 2600 pro

911 2612 1042 2648 magistro
1054 2611 1219 2648 indignatur,
1233 2617 1261 2640 et
1274 2616 1357 2648 caput
1371 2613 1460 2648 ipsum
1474 2612 1590 2644 invadit,
1606 2615 1709 2639 etcum

912 2655 1062 2691 aberraret,
1089 2656 1242 2685 auriculam
1268 2657 1357 2685 solam
1380 2656 1524 2684 abscindit.
1551 2657 1633 2683 Jesus
1647 2662 1710 2682 vero

923 2763 1027 2795 Venet.
1043 2763 1074 2794 S.
1096 2763 1198 2795 Marci.
