1922 3077
198 144 252 170 247

710 144 966 173 THEOPHYLACTI
984 145 1162 173 BULGARIJE
1181 144 1338 172 ARCHIEP.

1821 147 1869 173 248

197 204 325 240 restituit,
352 209 381 234 et
393 213 442 242 per
462 205 515 234 hoc
540 207 706 235 miraculum
720 207 821 235 iterum
835 207 995 244 insipientes

1056 209 1093 238 διὸ
1117 207 1240 243 κάκείνης
1261 207 1297 246 μὴ
1319 206 1487 248 ἐφικόμενος,
1510 206 1540 236 τὸ
1558 208 1621 245 γοῦν
1647 206 1742 236 ὠτίον
1766 206 1866 245 τέμνει,

198 250 313 279 Iudaeos
334 250 455 279 refrenat
482 251 516 279 ab
532 251 637 287 impetu
651 252 686 280 ad
711 252 897 281 homicidium.
925 255 996 281 Nam

198 296 263 331 quia
277 304 407 331 magnum
421 301 480 324 erat
495 297 658 325 miraculum
682 298 711 325 in
727 298 857 332 auricula,
871 302 996 334 propter-

199 348 230 368 ea
245 345 272 368 et
287 349 388 368 nomen
403 341 473 369 servi
495 342 606 377 apponit
624 343 799 378 evangelista,
823 347 853 370 ut
867 343 888 370 si
904 343 996 379 legen-

199 390 242 413 tes
260 386 426 421 discredant,
443 387 477 414 ab
490 387 536 414 illo
558 392 681 423 quaerant
694 396 763 416 num
779 389 815 415 ita
830 388 934 415 factum
950 388 995 415 sit.

198 432 286 458 Porro
312 431 449 458 Dominus
466 433 580 459 Petrum
599 432 708 467 quidem
727 433 852 468 reprimit
866 437 893 460 et
912 433 997 460 inter-

199 477 328 510 minatur,
351 476 447 505 dicens
469 485 476 504 :
496 489 509 501 σι
534 478 615 505 Mitte
634 478 755 514 gladium
780 483 859 506 tuum
884 479 912 506 in
927 478 997 514 vagi-

199 529 274 549 nam.
290 532 303 545 »
317 521 482 549 Consolatur
493 526 584 550 autem
596 522 711 550 dicendo
727 532 734 550 :
749 534 761 546 «ι
776 523 910 550 Poculum
924 522 998 558 quod

200 565 277 594 dedit
300 566 370 594 mihi
396 568 486 601 Pater,
503 575 596 595 annon
611 568 703 596 bibam
728 568 813 596 illud?
839 580 852 593 ν
875 569 1000 597 Ostendit

201 611 273 639 enim
287 611 360 646 quod
385 612 504 647 patiatur
527 620 584 641 non
598 617 708 648 propter
724 613 833 640 illorum
854 614 998 647 virtutem,

200 655 249 684 sed
270 664 350 684 suam
365 657 581 692 permissionem,
597 662 624 685 et
644 657 717 693 quod
738 665 794 685 non
817 658 852 685 sit
873 658 999 685 adversa-

201 701 258 728 rius
273 701 343 733 Deo,
358 701 405 728 sed
428 709 515 736 usque
530 701 564 730 ad
588 706 706 729 mortem
729 701 810 730 faciat
830 702 999 729 voluntatem

201 745 297 773 Patris.
310 745 434 773 Dicendo
444 750 537 774 autem
549 758 561 770 «
573 747 715 782 poculum,
729 758 742 770 ιν
752 747 871 782 insignat
880 751 1001 774 mortem

201 790 309 818 dulcem
344 795 373 818 et
397 790 609 819 desiderabilem
641 793 668 819 in
702 792 818 819 salutem
845 792 999 819 hominum.

201 835 339 863 Caeterum
363 839 393 863 tu
410 835 456 863 hic
476 836 613 869 attendas,
627 836 746 864 desecari
762 836 913 864 auriculam
933 835 1000 864 dex-

200 883 272 907 tram
294 880 364 908 servi
400 881 536 916 pontiﬁcis
557 882 667 918 signum
691 882 773 909 fuisse
806 882 998 910 inobedientiat

201 924 322 952 illorum.
337 925 451 953 Caecitas
473 926 546 953 enim
572 926 600 953 in
624 926 708 954 Israel
730 926 803 954 facta
825 930 877 959 est,
904 930 935 953 ut
947 934 997 953 au-

201 968 307 997 dientes
341 977 401 998 non
433 970 559 1004 audiant,
593 975 706 1006 propter
739 971 906 1007 impietatem
934 978 997 1007 erga

201 1013 382 1048 Salvatorem,
409 1022 470 1050 qua:
483 1016 600 1043 maxime
616 1015 667 1043 fuit
681 1016 854 1051 pontiﬁcum.
876 1016 942 1043 ldeo
971 1020 999 1043 et

201 1058 328 1087 auricula:
340 1058 470 1087 abscissio
482 1059 511 1087 in
526 1068 605 1088 servo
617 1060 754 1095 pontiﬁcis
770 1060 839 1088 facta
852 1064 902 1088 est.
917 1060 999 1095 Quod

199 1107 294 1131 autem
318 1104 446 1131 restituta
476 1107 518 1132 est
549 1105 680 1139 auricula,
703 1105 840 1140 signiﬁcat
871 1104 1001 1132 lsraelitis

202 1147 268 1175 olim
280 1148 477 1176 restituendam
489 1148 673 1183 prudentiam,
689 1157 750 1184 quae
765 1157 839 1177 nunc
850 1152 891 1176 est
903 1148 1001 1176 ablata.

202 1193 313 1221 Etenim
335 1192 408 1220 Elias
430 1201 495 1221 cum
511 1193 626 1228 venerit,
647 1194 785 1222 revocabit
799 1202 846 1222 eos
861 1194 894 1222 ad
921 1194 1001 1221 Chri-

201 1241 288 1271 stum,
303 1241 330 1265 et
344 1238 490 1274 conjunget
508 1242 597 1274 patres
611 1238 692 1266 nobis
708 1238 780 1272 ﬁliis,
794 1238 863 1266 sicut
877 1242 904 1266 et
919 1238 1002 1266 Mala-

201 1281 280 1309 chias
300 1281 369 1309 dixit
383 1281 414 1308 ν’.

1050 253 1153 288 Ἰησοῦς
1175 252 1201 282 δὲ
1222 252 1415 288 ὗποκαθίστησι
1501 251 1681 291 ἀποκ.],’καὶ
1707 251 1757 280 διὰ
1777 252 1869 281 τούτου

1050 301 1096 328 τοῦ
1121 297 1255 336 θαύματος
1277 297 1358 326 πάλιν
1382 296 1441 330 τοὺς
1466 296 1592 331 ἀνοήτους
1615 297 1786 330 Ἰουδαίους
1813 298 1871 325 ἀναν

1049 343 1175 383 χαιτίζων
1197 345 1244 378 τῆς
1268 342 1311 370 ἐπὶ
1334 341 1378 371 τὸν
1401 341 1478 381 φόνον
1499 343 1594 379 ὁρμῆς.
1620 341 1719 371 Ἐπεὶ
1746 341 1778 370 δὲ
1802 343 1868 381 μέγα

1051 384 1082 423 ἦν
1102 387 1132 417 τὸ
1152 387 1194 416 ἐπὶ
1213 389 1251 427 τῷ
1273 386 1342 426 ὠτίῳ
1361 388 1465 424 θαῦμα,
1485 386 1529 415 διὰ
1549 388 1625 415 τοῦτο
1649 387 1704 415 καὶ
1730 386 1763 415 τὸ
1787 387 1871 423 ὄνομα

1050 435 1095 462 τοῦ
1118 432 1210 461 δούλου
1231 431 1403 470 προστίθησιν
1426 433 1440 461 6
1455 430 1670 469 εὒαγγελιστήςο
1692 430 1732 460 ἵν’
1820 435 1871 465 τοῖς

1052 476 1290 515 ἀναγινώσκουσιν,
1319 474 1394 515 εἴπερ
1425 476 1574 511 ἀπιστοῖεν,
1603 477 1706 511 ζητεῖν
1739 476 1791 505 χαὶ
1822 487 1871 504 πε-

1054 521 1248 560 ριεργάζεσθαι,
1274 519 1298 549 εἴ
1323 531 1352 558 γε
1377 519 1446 548 οὕτω
1469 519 1584 559 γέγονεν.
1610 521 1696 549 Ἀλλ’
1725 522 1742 549 ὁ
1774 520 1871 560 Κύριος

1052 565 1228 596 καταστέλλει
1245 565 1292 602 μὲν
1308 565 1352 594 τὸν
1368 564 1485 604 Πέτρον,
1504 565 1549 593 καὶ
1564 564 1730 600 ἀπειλήσας
1749 565 1780 604 (ι
1801 566 1871 595 Βάλε

1052 611 1118 650 γὰρ,
1135 610 1214 650 φησὶ,
1234 609 1281 645 τὴν
1301 609 1437 649 μάχαιράν
1458 621 1504 638 σου
1522 610 1557 642 εἰς
1574 609 1622 645 τὴν
1644 609 1746 645 θήκην
1765 611 1804 648 ιι),
1820 621 1870 638 πα-

1054 656 1210 694 ραμυθεῖται
1234 653 1260 683 δὲ
1283 654 1328 683 καὶ
1350 656 1375 683 ἐν
1397 656 1435 693 τῷ
1458 655 1556 682 εἰπεῖν⁶
1581 654 1650 683 «Τὸ
1680 654 1870 694 ποτήριον,ὃ

1053 699 1149 728 δέδωκέ
1164 711 1208 737 μοι
1222 701 1236 727 6
1254 698 1364 737 Πατὴρ,
1381 699 1410 728 οὐ
1427 698 1464 737 μὴ
1477 698 1531 727 πίω
1545 698 1623 735 αὐτό,
1637 699 1786 729 Δείκνυσι
1804 699 1869 738 γὰρ⁷

1052 744 1092 773 ὅτι
1108 745 1137 774 οὖ
1152 747 1197 779 τῆς
1211 744 1315 773 ἐκείνων
1332 743 1481 782 δυνάμεως,
1500 742 1569 772 ἀλλὰ
1583 745 1630 778 τῆς
1647 744 1743 773 αὖτοῧ
1761 755 1868 782 συγχω-

1056 789 1155 828 ρήσεως
1176 788 1207 818 τὸ
1227 789 1334 824 παθεῖν,
1357 788 1402 816 καὶ
1421 788 1461 816 ὅτι
1482 787 1529 816 οὖκ
1552 787 1690 824 ἀντίθεος,
1716 789 1784 817 ἀλλ’
1808 789 1868 827 ἄχρι

1055 833 1167 862 θανάτου
1182 832 1212 862 τὸ
1228 832 1331 870 θέλημα
1346 835 1392 861 τοῦ
1413 831 1519 871 Πατρὸς
1532 833 1625 862 ποιῶν.
1650 832 1716 862 Καὶ
1736 833 1769 861 τὸ
1786 833 1866 861 εἰπεῖν

1052 878 1094 914 δὲ,
1120 889 1134 905 ι(
1156 878 1299 916 ποτήριον,
1325 889 1340 905 ιι
1363 877 1393 906 τὸ
1413 876 1462 911 ἡδὶν
1484 876 1529 905 καὶ
1556 877 1731 912 ἐπιπόθητον
1755 880 1806 906 τοῦ
1827 876 1867 905 ἐπὶ

1052 922 1170 962 σωτηρίᾳ
1193 924 1244 951 τῶν
1267 921 1412 960 ἀνθρώπων
1433 921 1547 950 θανάτου
1573 922 1744 952 αἰνίττεται.
1779 921 1820 951 Σὺ
1841 921 1867 950 δέ

1052 979 1097 1005 μοι
1113 968 1176 1007 ὅρα,
1192 966 1231 996 ὅτι
1249 966 1294 995 καὶ
1309 966 1338 995 τὸ
1359 967 1527 1001 ἀποκοπῆναι
1543 965 1572 1007 τὸ
1593 965 1681 1000 δεξιὸν
1711 966 1799 996 ὠτίον
1825 969 1868 994 τοῦ

1051 1005 1145 1041 δούλου
1165 1015 1210 1041 τοῦ
1231 1011 1374 1051 ἀρχιερέως
1393 1009 1526 1048 σύμϐολον
1548 1005 1580 1046 ἦν
1604 1013 1652 1047 τῆς
1680 1009 1866 1046 ἀνηκουστίας

1053 1057 1149 1087 αὐτῶν.
1188 1055 1317 1094 Πώρωσις
1351 1055 1402 1094 γὰρ
1432 1056 1471 1095 τῷ
1507 1054 1620 1094 Ἰσραὴλ
1649 1055 1789 1093 γέγονεν,
1825 1053 1865 1083 ἵνα

1057 1100 1194 1134 ἀκούοντες
1214 1100 1252 1138 μὴ
1273 1099 1421 1135 ἀκούσωσι,
1442 1099 1484 1128 διὰ
1504 1099 1551 1134 τὴν
1571 1099 1640 1129 κατὰ
1663 1103 1719 1130 τοῦ
1736 1101 1864 1138 Σωτῆρος

1057 1145 1194 1182 ἀσέϐειαν,
1212 1145 1230 1180 ἣ
1250 1147 1302 1174 τῶν
1325 1143 1469 1184 ἀρχιερέων
1487 1145 1606 1182 μάλιστα
1625 1144 1743 1183 γέγονε,
1762 1144 1804 1173 διὸ
1821 1143 1865 1172 καὶ

1056 1190 1118 1230 περὶ
1133 1189 1236 1226 οἰκέτην
1253 1190 1395 1228 ἀρχιερέως
1410 1189 1440 1218 τὸ
1456 1189 1588 1226 σύμϐολον
1605 1184 1636 1225 ἧν
1652 1192 1705 1224 τῆς
1722 1192 1772 1219 τοῦ
1786 1188 1863 1218 ὠτίου

1058 1234 1234 1274 ἀφαιρέσεως.
1259 1234 1298 1263 Τὸ
1322 1234 1349 1262 δὲ
1375 1234 1594 1269 ἀποκαταστῆναι
1617 1233 1704 1263 πάλιν
1733 1234 1766 1263 τὸ
1787 1233 1862 1262 ὠτίον

1057 1279 1132 1314 δηλοῖ
1157 1279 1204 1314 τὴν
1226 1278 1334 1317 ὕστερον
1358 1278 1577 1307 ἀποκατάστασιν
1599 1280 1645 1313 τῆς
1668 1280 1728 1307 τίὖν
1757 1278 1862 1316 Ἰσραη-

201 1327 280 1356 λιτῶν
304 1326 448 1362 συνέσεως,
480 1328 526 1362 τῆς
553 1329 598 1356 νῦν
630 1326 825 1366 ἀφαιρεθείσης.
870 1326 928 1357 Καὶ
953 1326 1004 1366 γὰρ
1032 1324 1128 1356 Ἠλίας
1163 1323 1260 1358 ἐλθὼν,
1285 1322 1502 1357 ἀποκαταστήσει
1533 1321 1626 1356 αὐτοὺς
1641 1325 1701 1362 ,εἷς
1728 1322 1862 1363 Χριστὸν,

201 1370 248 1400 καὶ
264 1371 377 1412 συνάψει
399 1370 494 1404 αὐτοὺς
515 1371 632 1411 πατέρας
656 1372 733 1404 ὄντας
756 1374 821 1408 ἡμῖν
843 1376 898 1401 τοῖν
921 1372 998 1407 υἱοῖς,
1014 1368 1082 1398 καθὰ
1096 1368 1126 1404 δὴ
1140 1367 1185 1398 καὶ
1195 1368 1344 1412 ,Μαλαχίας
1361 1367 1567 1406 προεφήτευσεν.

237 1417 328 1444 Vnns.
358 1418 451 1442 12-14.
482 1427 495 1438 «ι
522 1415 626 1443 Cohors
659 1415 743 1450 igitur
768 1420 795 1443 et
821 1416 948 1443 tribunus
973 1420 1000 1443 et

201 1461 320 1488 ministri
350 1460 509 1488 Judmorum
538 1459 808 1495 comprehenderunt
837 1461 941 1494 Jesum,
975 1464 1002 1488 et

200 1506 354 1541 ligaverunt
389 1513 464 1538 cum,
494 1509 521 1532 et
541 1505 714 1533 adduxerunt
738 1513 800 1532 eum
830 1505 865 1533 ad
892 1506 1001 1533 Annam

204 1550 336 1586 primum.
351 1551 417 1577 Erat
431 1550 503 1577 enim
518 1558 595 1577 socer
609 1549 730 1584 Caiphae,
746 1550 791 1586 qui
812 1554 869 1577 erat
882 1550 1001 1585 pontifex

203 1594 268 1622 anni
296 1594 380 1621 illius.
405 1595 472 1621 Erat
494 1598 586 1622 autem
601 1594 717 1629 Caiphas
740 1595 763 1622 is
792 1595 836 1630 qui
857 1595 1001 1623 consilium

203 1638 316 1666 dederat
339 1637 453 1672 Judaais,
482 1638 555 1673 quod
582 1638 718 1673 expediret
746 1647 832 1666 unum
858 1639 999 1666 hominem

205 1681 274 1710 mori
295 1689 344 1717 pro
363 1682 475 1718 p0pulo.
491 1694 504 1706 ιι
529 1684 681 1718 Postquam
697 1683 788 1711 omnia
803 1682 868 1711 fecit
882 1691 943 1720 qum
967 1684 1000 1711 ad

204 1727 411 1763 reprimendum
434 1727 544 1755 illorum
567 1728 687 1756 furorem
714 1729 849 1764 pertinere
874 1729 1001 1756 videban-

204 1776 259 1806 tur,
280 1772 315 1800 illi
330 1776 423 1800 autem
438 1781 494 1801 non
511 1773 716 1808 intellexerunt,
736 1778 802 1802 tunc
813 1774 923 1802 tandem
940 1782 1001 1810 per-

204 1817 278 1845 misit
291 1825 320 1845 se
343 1817 449 1845 abduci.
469 1819 554 1846 Porro
569 1818 605 1845 illi
621 1818 733 1854 alligant
758 1823 786 1846 et
806 1818 946 1846 abducunt
967 1819 1000 1847 ad

203 1863 325 1896 Annam,
358 1863 504 1898 gloriantes
526 1862 611 1895 facto,
638 1867 665 1890 et
692 1864 768 1899 quasi
792 1863 924 1891 celebrari
950 1871 1000 1892 cu-

204 1906 308 1942 pientes
336 1907 450 1943 perinde
466 1915 498 1935 ac
519 1915 652 1943 magnum
677 1912 810 1944 tropaeum
831 1908 998 1936 excitassent.

203 1951 339 1979 Caeterum
364 1952 515 1987 prophetiae
530 1952 639 1987 Caiphae
661 1952 790 1979 meminit
803 1951 838 1985 ⁸⁵,
858 1952 1000 1980 ostendere

203 1995 296 2023 volens
315 1995 389 2031 quod
410 2003 460 2031 pro
478 1996 566 2023 salute
589 1995 686 2023 mundi
713 1995 771 2023 haec
788 1994 859 2022 facta
884 1995 949 2028 sint,
973 2000 1001 2024 et

202 2040 277 2075 quod
296 2043 354 2066 tam
369 2039 502 2067 excellens
521 2039 558 2066 sit
580 2039 690 2071 veritas,
720 2043 751 2066 ut
764 2043 791 2066 et
812 2038 914 2066 inimici
936 2047 999 2067 eam

203 2083 388 2119 prmdixerint.
404 2084 443 2111 Ut
454 2084 528 2110 enim
542 2091 598 2110 non
611 2083 756 2110 turbemur
767 2082 851 2118 738
861 2083 999 2112 audientes

201 2127 317 2160 vincula,
333 2127 460 2155 meminit
478 2127 642 2163 prophetiae,
658 2127 731 2162 quod
747 2127 875 2154 salutaria
898 2126 1000 2156 fuerint

201 2176 230 2200 et
252 2179 328 2200 mors
357 2176 385 2200 et
405 2172 521 2206 vincula,
547 2179 600 2208 qua
622 2171 656 2199 de
671 2179 752 2200 causa
775 2175 801 2200 et
823 2171 882 2200 hinc
905 2177 999 2208 pertu-

203 2216 274 2245 lerit.

235 2262 325 2290 Vsus.
342 2263 386 2295 1.5,
411 2263 455 2289 16.
472 2272 485 2285 ι
507 2261 676 2298 Sequebatur
687 2265 778 2288 autem
793 2262 889 2290 Jesum
905 2262 1000 2291 Simon
1013 2277 1039 2310 D

200 2306 309 2339 Petrus,
335 2310 363 2334 et
384 2306 453 2334 alius
473 2306 632 2341 discipulus.
660 2306 816 2341 Discipulus
839 2311 931 2334 autem
954 2308 999 2336 ille

199 2355 258 2379 erat
268 2355 350 2378 notus
357 2351 492 2387 pontiﬁci,
502 2356 530 2379 et
549 2351 673 2379 introivit
687 2359 750 2379 cum
773 2353 838 2380 Jesu
852 2352 880 2379 in
896 2353 999 2381 atrium

198 2396 446 2432 pontiﬁcis,Petrus
460 2401 551 2424 autem
567 2396 659 2424 stabat
677 2396 713 2424 ad
725 2396 825 2424 ostium
845 2396 922 2426 foris.
939 2398 999 2425 Exi-

199 2442 237 2469 vit
250 2445 344 2470 autem
358 2441 506 2477 discipulus
521 2442 565 2469 ille
579 2442 648 2470 alter
663 2442 710 2478 qui
726 2445 784 2469 erat
804 2446 886 2470 notus
906 2442 998 2478 ponti-

198 2485 254 2521 ﬁci,
269 2489 296 2514 et
309 2486 377 2514 dixit
395 2486 527 2519 ostiariae,
546 2490 573 2514 et
588 2486 743 2514 introduxit
756 2487 876 2514 Petrum.
894 2498 906 2510 ιι
929 2488 996 2522 Quis

197 2538 241 2558 era
259 2542 271 2555 π
288 2530 358 2559 alius
381 2530 547 2567 discipulus?
565 2543 575 2554 -
593 2532 641 2560 llle
664 2531 720 2566 ipse
735 2532 780 2567 qui
802 2531 860 2560 haec
874 2532 992 2568 scripsit.

197 2576 323 2605 Occultat
338 2579 431 2604 autem
445 2584 474 2604 se
489 2581 601 2612 propter
614 2576 811 2611 humilitatem,
832 2577 894 2613 quia
909 2577 994 2605 hone-

197 2624 270 2648 stum
286 2628 354 2656 opus
373 2625 535 2648 narraturus
550 2625 618 2655 erat,
635 2625 760 2648 secutum
773 2629 801 2648 se
815 2628 874 2648 esse
890 2620 994 2657 fugien-

195 2665 270 2693 tibus
293 2665 367 2698 aliis;
393 2669 504 2700 propter
526 2665 577 2693 hoc
593 2665 712 2692 occultat
731 2665 862 2700 seipsum,
883 2669 909 2693 et
926 2673 995 2700 prm-

195 2709 274 2744 ponit
294 2709 346 2737 sibi
367 2710 482 2737 Petrum
512 2718 519 2736 :
549 2718 563 2736 ‹‹
590 2710 758 2745 Sequebatur
781 2710 869 2745 enim,
895 2710 995 2746 inquit,

229 2781 251 2799 9‘
267 2782 439 2819 Malach.1v,
452 2785 480 2818 5,
496 2786 524 2812 6.
540 2783 562 2800 ”
576 2785 657 2812 Joan.
673 2791 715 2812 χι.
728 2787 774 2812 49.

1096 1424 1110 1440 α
1127 1412 1161 1442 Ἡ
1181 1407 1225 1441 οὖν
1246 1417 1358 1452 σπεῖρα,
1382 1411 1427 1440 καὶ
1441 1413 1455 1440 ὁ
1470 1412 1622 1452 χιλίαρχος,
1643 1412 1693 1441 καὶ
1714 1412 1741 1442 οἱ
1761 1410 1860 1449 ὑπηρέ-

1055 1469 1100 1486 ται
1115 1459 1167 1486 τῶν
1186 1456 1320 1486 Ἰουδαίων
1337 1456 1481 1485 συνέλαϐον
1499 1456 1541 1485 τὸν
1556 1456 1678 1494 Ἰησοῦν,
1696 1455 1748 1486 καὶ
1764 1456 1860 1490 ἔδησαν

1055 1502 1148 1540 αὐτὸν,
1173 1501 1218 1530 καὶ
1244 1501 1381 1540 ἀπήγαγον
1408 1501 1486 1530 αὐτὸν
1513 1500 1577 1540 πρὸς
1608 1499 1708 1530 Ἄνναν
1738 1502 1856 1540 πρῶτον.

1054 1541 1107 1575 1’Hv
1124 1546 1174 1584 γὰρ
1193 1546 1316 1585 πενθερὸς
1335 1548 1379 1574 τοῦ
1399 1546 1524 1585 Καϊάφα,
1544 1546 1572 1578 ὃς
1591 1541 1622 1581 ἦν
1648 1545 1796 1585 ἀρχιερεὺς
1815 1546 1859 1572 τοῦ

1056 1592 1173 1620 ἐνιαυτοῦ
1197 1592 1307 1621 ἐκείνου.
1332 1586 1384 1620 Ἷίν
1413 1590 1439 1619 δὲ
1466 1590 1590 1630 Καϊάφας
1614 1592 1627 1619 6
1651 1589 1857 1628 συμϐουλεύσας

1036 1658 1039 1661 ν
1056 1639 1107 1668 τοῖς
1125 1635 1276 1671 Ἰουδαίοις,
1289 1633 1328 1663 ὅτι
1346 1635 1474 1674 συμφέρει
1489 1635 1534 1663 ἕνα
1552 1635 1691 1673 ἄνθρωπον
1707 1634 1857 1664 ἀπολέσθαι

1056 1679 1122 1718 ὑπὲρ
1143 1683 1187 1708 τοῦ
1209 1681 1282 1708 λαοῦ.
1305 1692 1317 1705 ιι
1338 1679 1408 1709 Ὀτι
1424 1679 1511 1708 πάντα
1535 1679 1676 1717 ἐποίησεν,
1705 1679 1758 1709 ὅσα
1779 1676 1855 1708 ἱκανὰ

1055 1720 1086 1760 ἦν
1109 1725 1263 1753 ἀναστεῖλαι
1288 1724 1393 1759 αὐτοὺς,
1420 1725 1444 1752 οἱ
1474 1724 1500 1752 δὲ
1525 1725 1553 1753 οὖ
1580 1724 1724 1761 συνίεσαν,
1751 1723 1811 1752 τότε
1825 1721 1854 1756 δὴ

1055 1769 1238 1809 συνεχώρησεν
1258 1769 1406 1808 ἀπαγαγεῖν
1431 1768 1520 1798 αὑτόν.
1543 1769 1578 1798 Οἱ
1598 1769 1626 1798 δὲ
1645 1770 1693 1797 καὶ
1715 1769 1853 1805 δεσμοῦσι,

1054 1813 1100 1843 καὶ
1129 1815 1262 1852 ἀπάγουσι
1288 1813 1352 1852 πρὸς
1378 1812 1487 1848 Ἄνναν,
1514 1813 1604 1852 ὥσπερ
1633 1812 1854 1852 ἐμπομπεύοντες

1053 1860 1092 1898 τῷ
1107 1858 1240 1898 γενομένῳ
1253 1858 1298 1887 καὶ
1314 1857 1530 1897 ἐγχαυχώμενοι,
1545 1859 1580 1889 ὡς
1593 1857 1624 1893 δὴ
1642 1858 1713 1897 μέγα
1728 1857 1851 1897 τρόπαιον

1055 1903 1209 1937 στήσαντες.
1226 1903 1285 1938 Τῆς
1299 1902 1325 1930 δὲ
1339 1905 1383 1931 τοῦ
1400 1902 1512 1942 Καῖἀφα
1526 1902 1689 1942 προφητείας
1703 1902 1851 1942 μέμνηται,

1054 1947 1136 1980 δεῖξαι
1150 1948 1246 1983 θέλων,
1276 1946 1316 1975 ὅτι
1344 1946 1410 1986 ὑπὲρ
1438 1949 1485 1982 τῆς
1513 1949 1560 1975 τοῦ
1592 1947 1695 1982 κόσμου
1722 1944 1851 1984 σωτηρίας

1053 1994 1138 2020 ταῦτα
1169 1991 1284 2030 ἐγίνετο,
1319 1991 1363 2020 καὶ
1395 1991 1435 2020 ὅτι
1469 1991 1586 2028 τοσαύτη
1621 1994 1668 2027 τῆς
1701 1991 1849 2027 ἀληθείαςῆ

1053 2035 1204 2075 ὑπερϐολὴ,
1233 2037 1269 2068 ὣς
1297 2036 1343 2065 καὶ
1366 2035 1427 2069 τοὺς
1450 2035 1558 2076 ἐχθροὺς
1583 2039 1667 2065 ταῦτα
1691 2046 1848 2076 προαναφω-

1052 2084 1116 2110 νεῖν.
1143 2080 1203 2109 Ἵνα
1228 2079 1278 2120 γὰρ
1308 2079 1360 2118 μὴ,
1388 2080 1502 2119 δεσμοὺς
1529 2080 1659 2119 ἀκούσας,
1689 2080 1847 2121 θορυϐηθῇς,

1054 2125 1250 2163 ἀναμιμνήσκει
1275 2136 1304 2153 σε
1330 2127 1376 2160 τῆς
1404 2125 1582 2165 προφητείας,
1611 2125 1650 2154 δ’τι
1673 2124 1849 2165 σωτηριώδεις

1052 2165 1121 2206 ἦσαν
1134 2169 1179 2198 καὶ
1195 2171 1208 2198 6
1225 2169 1319 2206 δεσμὸς
1333 2171 1378 2199 καὶ
1393 2173 1406 2200 ὁ
1419 2170 1546 2206 θάνατος,
1563 2170 1609 2199 καὶ
1625 2170 1668 2200 διὰ
1682 2171 1783 2207 ταύτην
1799 2167 1845 2203 τὴν

1055 2214 1141 2243 αἰτίαν
1154 2213 1253 2243 τούτων
1267 2214 1398 2254 ἠνείχετο.

1095 2272 1106 2285 ε
1128 2259 1282 2288 Ἠκολούθει
1303 2258 1331 2287 δὲ
1348 2262 1386 2299 τῷ
1407 2259 1496 2294 Ἰησοῧ
1516 2259 1608 2298 Σίμων
1631 2259 1749 2299 Πέτρος,
1769 2257 1814 2288 καὶ
1833 2257 1846 2284 ὅ

1055 2303 1132 2337 ἄλλος
1154 2304 1283 2342 μαθητής.
1309 2303 1344 2334 ⁸0
1367 2303 1395 2333 δὲ
1417 2304 1537 2342 μαθητὴς
1562 2306 1659 2337 ἐκεῖνος
1680 2300 1713 2340 ἦν
1735 2301 1846 2343 γνωστὸς

1052 2350 1091 2388 τῷ
1110 2350 1242 2388 ἀρχιερεῖ,
1258 2348 1304 2377 καὶ
1321 2350 1474 2383 συνεισῆλθε
1489 2351 1526 2389 τῷ
1543 2348 1634 2384 Ἰησοῦ
1649 2350 1685 2382 εἷς
1702 2349 1751 2384 τὴν
1766 2348 1844 2381 αὐλὴν

1052 2395 1098 2422 τοῦ
1115 2393 1269 2432 ἀρχιερέως.
1292 2393 1326 2422 Ὁ
1346 2392 1372 2422 δὲ
1393 2393 1493 2432 Πέτρος
1512 2393 1630 2428 εἱστήκει
1649 2393 1714 2432 πρὸς
1781 2390 1843 2429 θύρᾳ

1052 2437 1112 2472 ἔξω.
1132 2438 1258 2473 Ἐξῆλθεν
1271 2433 1315 2467 οὖν
1333 2439 1346 2466 ὃ
1364 2438 1486 2476 μαθητὴς
1503 2440 1517 2467 ὁ
1533 2439 1626 2473 ἄλλος,
1646 2438 1673 2471 ὃς
1690 2434 1721 2474 ἦν
1733 2434 1842 2477 γνωστὸς

1051 2484 1088 2522 τῷ
1107 2483 1240 2523 ἀρχιερεῖ,
1261 2482 1307 2512 καὶ
1324 2477 1382 2512 εἷπε
1456 2484 1579 2522 θυρωρῷ,
1598 2482 1644 2511 καὶ
1662 2479 1842 2523 εἷσήγαγεμτὸν

1050 2520 1163 2567 Πέτρὸῆ
1179 2520 1193 2555 n
1215 2527 1264 2560 Τίς
1280 2523 1311 2562 ἧν
1334 2540 1347 2553 ι
1366 2528 1380 2556 6
1398 2520 1476 2559 ἄλλος
1490 2520 1625 2564 μαθητής
1645 2539 1655 2554 ι
1675 2520 1760 2559 Αὐτὸς
1773 2520 1839 2555 οὗτος

1049 2573 1062 2600 6
1076 2576 1159 2601 ταῦτα
1177 2571 1296 2611 γράψας,
1318 2571 1482 2610 ἀποκρύπτει
1501 2571 1529 2601 δὲ
1547 2573 1639 2602 ἑαυτὸν
1664 2571 1706 2600 διὰ
1722 2580 1838 2602 ταπεινοο

1050 2615 1194 2656 φροσύνην.
1209 2615 1319 2650 Ἐπειδὴ
1334 2615 1384 2655 γὰρ
1399 2616 1561 2656 κατόρθωμα
1573 2617 1721 2656 διηγεῖσθαι
1737 2615 1834 2655 μέλλει,

1051 2660 1090 2690 ὅτι
1106 2663 1158 2689 τῶν
1177 2660 1264 2689 ἄλλων
1286 2661 1533 2698 ἀποπηδησάντων,
1555 2661 1631 2694 αὐτὸς
1654 2660 1834 2696 ἐπηκολούθει,

1051 2705 1094 2734 διὰ
1113 2708 1189 2734 τοῦτο
1206 2704 1316 2745 κρύπτει
1334 2705 1445 2741 ἑαυτὸν,
1464 2705 1509 2734 καὶ
1526 2705 1670 2745 προτάττει
1690 2707 1780 2735 ἑαυτοῦ
1795 2702 1834 2731 τὸν
