1922 3077
50 160 110 186 249

435 155 630 184 ENARRATIO
650 155 682 183 lN
702 155 915 184 EVANGELIUM
932 155 1083 184 JOANNIS.
1101 170 1137 177 —
1155 156 1230 184 CAP.
1251 157 1347 185 XVIII.

1650 160 1703 187 250

53 220 170 259 Πέτρον.
191 232 204 246 ιι
226 218 381 249 Ἠκολούθει
395 217 468 259 ίγᾶρ,
488 218 562 258 φησὶ,
583 220 622 259 τῷ
643 218 732 254 Ἰησοῦ
754 218 847 256 Σίμων

916 219 999 246 ’esum
1019 219 1118 247 Simon
1138 220 1251 252 Petrus;
1274 231 1286 243 ν
1302 218 1401 247 deinde
1421 219 1515 248 subdit
1533 229 1540 248 :
1561 232 1572 244 -
1588 224 1616 249 et
1634 221 1704 249 alius

50 265 173 304 Πέτρος·
189 277 202 290 ι
218 260 276 293 εἶτα
292 263 384 302 ἐπάγει
393 263 430 304 ,τὸ
441 286 450 298 ,
466 275 478 289 ι
496 263 540 292 καὶ
555 266 569 294 ὃ
587 263 665 296 ἄλλος
685 262 812 301 μαθητής.
837 277 848 288 ιι

51 309 107 339 Διὰ
118 303 363 349 ταπεινοφροσύνην
378 303 422 336 οὖν
444 307 537 337 ἑαυτὸν
557 307 678 347 κρύπτει.
699 307 753 337 Καὶ
773 310 850 337 τοῦτο

51 355 84 383 ’δὲ
100 353 178 390 cori),
200 353 215 382 ὃ
238 353 369 391 μέμνηται
395 354 504 390 ἑαυτοῦ,
532 352 574 381 διὰ
596 355 674 381 τοῦτο
700 352 849 391 μέμνηται,

50 398 98 428 ἵνα
113 398 256 436 μάθωμεν,
272 398 312 426 ὅτι
332 396 519 437 ἀκριϐέστερον
539 399 589 426 τῶν
611 397 700 426 ἄλλων
720 397 850 435 διηγεῖται

49 443 88 472 τὰ
103 441 172 471 κατὰ
186 441 235 477 τὴν
252 441 348 478 αὐλὴν,
364 441 410 471 ἅτε
431 442 501 471 ἔνδον
519 441 566 470 ὤν.
588 440 662 481 εὈρει
684 441 711 470 δὲ
732 441 776 470 καὶ
796 443 851 474 πῶς

50 487 233 524 ὑποτέμνεται
255 485 286 515 τὸ
308 486 373 516 ἴδιον
395 485 536 525 ἐγκώμιον.
555 485 618 516 Ἵνα
642 485 693 525 γὰρ
713 486 751 524 μὴ
771 485 851 515 ἀκού-

50 543 118 568 σας,
136 531 176 560 ὅτι
191 545 203 557 ι
215 531 320 566 εἰσῆλθε
335 529 382 560 σὺν
397 533 434 570 τῷ
450 530 539 565 Ἰησοῦ
556 544 568 556 ν
585 533 599 560 ὁ
620 530 762 567 Ἰωάννης,
782 531 852 569 μέγι

47 588 78 606 τι
108 575 170 616 περὶ
195 577 274 605 αὐτοῦ
296 578 414 615 ἡγηθῇς,
440 575 528 614 λέγει,
545 574 585 604 ὅτι
606 578 736 615 γνώριμος
756 571 787 609 ἧν
807 579 852 604 τοῦ

48 620 208 660 ἀρχιερέως.
224 621 265 650 Οὖ
284 620 336 658 γὰρ
356 621 392 654 ὣς
411 619 588 659 ἀνδρειότερος
607 622 659 650 τῶν
680 620 768 649 ἄλλων
790 631 852 649 συν-

49 667 194 701 εισῆλθον,
220 664 315 704 φησὶν,
334 664 394 694 ἀλλ’
414 666 449 698 ὡς
472 664 604 703 γνώριμος
623 667 668 694 τοῦ
696 663 851 704 ἀρχιερέως.

49 710 108 740 Τὸν
133 709 225 748 μέντοι
247 709 347 749 Πέτρον
374 709 561 748 ἆνακηρύττει,
583 711 617 742 ὡς
636 709 852 744 ἀκολουθήσαντα

50 755 104 794 μὲν
123 755 167 783 διὰ
181 754 226 782 τὸν
242 754 337 790 πόθον,
355 754 397 783 διὰ
413 754 439 782 δὲ
459 753 488 783 τὸ
508 753 545 793 μὴ
568 749 635 783 εἶναι
654 754 785 792 γνώριμον
807 755 852 789 δη-

49 799 138 835 λαδὴ,
155 798 205 833 ἔξω
219 798 371 836 ἱστάμενον.
389 798 455 828 Ὀτι
474 798 525 838 γὰρ
545 798 590 828 καὶ
609 801 623 828 ὁ
644 798 744 838 Πέτρος
761 799 852 834 εἰσῆλ-

53 847 100 873 θεν
120 843 154 872 ἂν
164 865 172 880 ,
189 842 264 882 εἴπερ
280 843 432 881 ἐπετράπη,
451 843 540 878 δῆλον.
556 843 667 879 Ἐπειδὴ
682 843 734 882 γὰρ
749 843 854 878 ἐξῆλθεν

50 890 65 918 ὃ
88 887 231 923 Ἰωάννης,
252 887 298 916 καὶ
316 886 364 922 τὴν
385 887 500 928 θυρωρὸν
522 886 658 917 ἐκέλευσεν
681 887 757 916 αὐτὸν
779 888 854 916 εἰσα-

49 933 164 972 γαγεῖν,
180 932 275 965 εὐθέως
293 933 412 967 εἰσῆλθεν
426 934 439 960 ὁ
456 931 568 971 Πέτρος.
586 931 665 962 Διατί
680 932 707 961 δὲ
727 934 741 962 ὃ
759 931 853 962 Ἰωάν-

49 989 99 1012 νης
121 979 169 1006 οὐκ
199 976 338 1014 εἰσήγαγεν
366 977 460 1013 αὐτὸν,
493 976 563 1004 ἀλλὰ
579 979 611 1016 τῇ
640 976 745 1015 γυναικὶ
776 979 855 1006 τοῦτο

50 1021 206 1060 ἐπιτρέπῃ
225 1021 276 1050 Διὰ
290 1020 320 1049 τὸ
340 1021 440 1061 σφόδρα
464 1020 571 1060 ἔχεσθαι
595 1023 640 1050 τοῦ
660 1023 793 1061 Χριστοῦ,
809 1021 856 1050 καὶ

50 1067 245 1096 ἐπακολουθεῖν
266 1065 354 1106 αὐτῷ,
379 1066 425 1095 καὶ
453 1065 491 1105 μὴ
514 1066 596 1096 θέλειν
620 1065 668 1096 ἀπ’
693 1066 774 1095 αὐτοῦ
799 1077 856 1106 χω-

50 1113 189 1151 ρισθῆναι.
253 1150 266 1151 Π
509 1111 515 1116 ’

95 1170 108 1181 ιι
138 1155 218 1194 Λέγει
238 1150 283 1184 οὖν
307 1156 325 1190 ἡ
350 1154 480 1191 παιδίσκη
539 1154 654 1194 θυρωρὸς
678 1155 716 1194 τῷ
737 1154 834 1195 Πέτρῳ
850 1166 858 1173 ·

51 1200 104 1236 Μὴ
120 1200 167 1230 καὶ
187 1199 220 1229 σὺ
236 1201 266 1229 ἐκ
279 1201 333 1228 τῶν
349 1201 475 1237 μαθητῶν
491 1194 515 1228 εἶ
528 1203 574 1228 τοῦ
589 1199 728 1239 ἀνθρώπου
745 1194 838 1229 τούτου
847 1212 855 1236 ;

50 1245 137 1284 Λέγει
161 1246 267 1277 ἐκεῖνος·
292 1245 350 1274 Οὐκ
372 1244 439 1282 εἶμί.
466 1245 644 1280 Εἳστήκεισαν
669 1243 696 1273 δὲ
721 1245 744 1273 οἱ
770 1245 857 1273 δοῦλοι

49 1289 101 1318 καὶ
121 1290 146 1318 οἱ
167 1288 298 1327 ὑπηρέται
312 1309 320 1323 ,
341 1288 485 1328 ἀνθρακιὰν
503 1289 694 1324 πεποιηκότες,
713 1288 753 1317 ὅτι
773 1288 857 1328 ψύχος

50 1330 102 1370 ἦν,
119 1333 166 1363 καὶ
188 1333 382 1373 ἐθερμαίνοντο.
407 1328 462 1363 ’Ἦν
483 1333 510 1363 δὲ
532 1333 592 1372 μετ’
617 1335 703 1363 αὐτῶν
724 1336 737 1362 ὁ
758 1334 857 1373 Πέτρος

50 1379 137 1412 ἑστὼς
154 1402 162 1415 ,
194 1378 241 1407 καὶ
269 1378 482 1418 θερμαινόμενος.
511 1393 523 1405 1
549 1378 656 1419 Ἐρωτᾷ
683 1381 698 1414 ἡ
726 1378 856 1414 παιδίσκη

50 1425 97 1453 τὸν
119 1424 238 1464 Πέτρον,
261 1424 290 1452 οὐ
311 1423 446 1462 θρασέως,
468 1424 523 1453 οὐδ’
544 1423 702 1462 ἀποτόμως,
726 1423 796 1452 ἀλλὰ
811 1423 857 1452 καὶ

50 1469 112 1497 λίαν
129 1467 247 1507 πραέως.
268 1468 309 1497 Οὐ
329 1467 380 1507 γὰρ
399 1463 457 1496 εἶπε
473 1479 478 1486 -
496 1468 543 1504 Μὴ
562 1468 609 1498 καὶ
629 1467 660 1496 σὺ
681 1469 710 1497 ἐκ
731 1469 782 1496 τῶν
803 1479 855 1506 μα-

52 1514 141 1548 θητῶν
168 1509 195 1542 εἶ
217 1514 262 1541 τοῦ
285 1511 405 1549 πλάνου;
421 1512 506 1549 ἀλλὰ,
533 1525 544 1539 ι
566 1514 612 1541 τοῦ
639 1512 777 1551 ἀνθρώπου
798 1511 857 1541 τού-

50 1569 118 1587 του·
148 1570 160 1583 ι
190 1555 254 1596 ὅπερ
285 1556 411 1592 emam
440 1557 540 1594 μᾶλλον
571 1552 602 1592 ἦν
632 1556 677 1586 καὶ
706 1557 855 1596 φιλανθρω-

51 1600 209 1639 πευομὲνης.
242 1596 310 1630 Εἶπε
338 1600 366 1630 δὲ
395 1600 440 1637 τὸ,
459 1615 470 1627 ι
498 1601 536 1639 μὴ
568 1600 613 1630 καὶ
642 1600 691 1637 σὺ,
723 1614 735 1626 ιι
765 1600 855 1636 ἐπειδὴ

51 1646 182 1681 Ἰωάννης
197 1644 270 1674 ἔνδον
287 1641 329 1681 ἧν.
351 1646 426 1675 Ἀλλ’
443 1648 459 1681 ἧ
484 1645 530 1683 μὲν
547 1645 612 1682 γυνὴ
635 1645 703 1675 οὕτω
717 1647 856 1684 προσηνῶς

52 1691 186 1729 διελέγετο
202 1701 208 1707 ·
231 1690 326 1723 ἐκεῖνος
353 1690 380 1719 δὲ
404 1690 507 1723 οὐδενος
531 1689 630 1719 τούτων
653 1690 770 1729 ᾔσθετο,
797 1689 855 1718 οὐδὲ

52 1736 88 1768 εἷς
107 1737 168 1764 νοῖῖν
189 1733 270 1763 ἔϐαλε
291 1734 338 1770 τὴν
358 1736 405 1763 τοῦ
427 1735 544 1774 Χριστοῦ
560 1735 706 1774 πρόῤῥησιν
718 1746 724 1753 ·
742 1733 824 1767 οὕτως
841 1736 854 1769 ἡ

53 1779 207 1819 ἀνθρωπίνη
233 1777 310 1819 φύσις
337 1778 442 1812 ἀσθενὲς
472 1781 587 1818 χρῆμα,
615 1777 678 1808 ὅταν
710 1779 760 1808 ὑπὸ
785 1779 856 1808 Θεοῦ

52 1824 264 1863 ἐγκαταλειφθῇ.
290 1822 368 1856 Τινὲς
391 1823 419 1852 δὲ
447 1824 564 1861 ματαίαν
593 1823 672 1863 χάριν
698 1825 735 1862 τῷ
763 1823 857 1862 Πέτρῳ

50 1869 245 1908 χαριζόμενοι,
267 1867 347 1908 φασὶν
361 1891 369 1906 ,
386 1866 426 1896 ὅτι
447 1870 496 1907 οὐχ
515 1869 549 1901 ὥς
574 1867 699 1908 φοϐηθεὶς
721 1869 734 1896 δ
756 1866 857 1906 Πέτρος

52 1912 210 1953 ἠρνήσατο,
241 1913 301 1941 ἀλλ’
331 1912 389 1941 ἐπεὶ
420 1911 497 1947 ἤθελε
525 1913 572 1949 μὲν
600 1913 642 1941 ἀεὶ
671 1916 787 1941 συνεῖναι
814 1911 858 1940 καὶ

54 1958 208 1986 ἀκολουθεῖν
222 1959 260 1996 τῷ
276 1958 402 1996 Χριστῷ,
423 1956 557 1992 ἠπίστατο
573 1955 616 1990 δὲ,
635 1955 674 1985 ὅτι
701 1956 746 1986 ἐὰν
763 1956 857 1994 ὁμολο-

53 2001 124 2040 γήσῃ
155 2001 247 2031 ἑαυτὸν
268 2001 390 2039 μαθητὴν
407 2004 452 2030 τοῦ
472 2001 559 2036 Ἰησοῦ
573 2023 582 2037 ,
604 2000 857 2040 ἀποχωρισθήσεται

54 2048 150 2082 αὐτοῦ,
173 2045 220 2074 καὶ
244 2046 291 2074 οὐκ
318 2045 357 2074 ἔτι
383 2045 434 2080 ἕξει
460 2046 569 2086 χώραν,
593 2044 662 2074 ὥστε
690 2046 856 2080 ἀκολουθεῖν,

53 2091 97 2120 καὶ
123 2090 232 2130 βλέπειν
256 2090 301 2119 τὸν
326 2089 509 2127 ποθούμενον,
536 2091 579 2119 διὰ
604 2092 681 2119 τοῦτο
707 2089 855 2129 ἠρνήσατο,

54 2136 95 2166 ὅτι
123 2149 134 2161 ι
153 2136 213 2165 Οὖκ
241 2135 306 2174 εἶμί.
324 2148 337 2161 ι
355 2135 433 2164 Ἐπεὶ
457 2135 503 2164 καὶ
528 2134 559 2164 τὸ
586 2135 775 2175 θερμαίνεσθαι
803 2134 857 2162 ἀπὸ

55 2179 179 2216 τοιαύτης
204 2181 318 2210 ἐποιεῖτο
336 2179 454 2218 γνώμης.
480 2179 655 2219 Ὕπεκρίνετο
677 2179 728 2219 γὰρ
748 2179 783 2208 τὰ
804 2180 856 2208 τῶν

903 263 1064 300 discipulus.
1077 276 1089 288 ι»
1107 265 1220 299 Propter
1235 263 1419 291 humilitatem
1439 264 1520 299 igitur
1533 272 1563 293 se
1574 267 1701 299 occultat,

905 312 932 336 et
956 313 1066 344 propter
1088 309 1161 337 istud
1177 309 1267 345 ipsum
1283 309 1324 336 sui
1349 309 1485 342 meminit,
1511 313 1542 337 ut
1566 309 1704 339 discamus

904 352 979 389 quod
997 354 1098 381 certius
1120 357 1212 381 narret
1226 361 1257 380 ea
1272 361 1335 389 qua:
1354 353 1381 380 in
1401 353 1470 381 atrio
1497 353 1551 380 sint
1565 352 1647 388 facta,
1670 363 1704 383 eo

905 398 978 434 quod
994 399 1068 426 intus
1080 398 1174 426 fuerit.
1189 398 1255 426 Vide
1265 403 1358 426 autem
1371 398 1511 434 quomodo
1523 403 1550 426 et
1562 400 1704 435 propriam

905 443 1014 471 laudem
1038 444 1196 472 resecuerit.
1215 445 1286 471 Nam
1308 448 1339 471 ut
1358 451 1391 471 ne
1406 451 1469 471 cum
1491 443 1609 472 audieris
1632 445 1706 480 quod

907 500 920 512 α
936 489 1076 524 ingressus
1090 488 1126 516 sit
1146 497 1208 516 cum
1223 489 1285 516 Jesu
1306 499 1319 512 ιι
1337 489 1465 521 Joannes,
1482 496 1611 524 magnum
1624 489 1706 524 quid-

905 532 969 561 dam
983 532 1016 560 de
1035 541 1067 560 eo
1086 533 1225 560 existimes
1243 535 1290 565 (α),
1306 531 1382 565 dicit,
1403 544 1415 555 ιι
1439 533 1527 560 Notus
1540 536 1634 560 autem
1648 538 1707 561 erat

907 577 1039 613 pontiﬁci.
1066 589 1078 601 ν
1094 579 1156 606 Νοιι
1179 577 1255 605 enim
1271 581 1406 612 tanquam
1428 577 1489 604 aliis
1510 576 1609 605 fortior
1623 578 1706 606 simul

906 622 1043 658 ingressus
1061 630 1135 656 sum,
1151 622 1250 657 inquit,
1266 622 1312 649 sed
1328 626 1457 657 tanquam
1477 626 1559 649 notus
1573 622 1706 658 pontiﬁci.

907 668 1019 694 Petrum
1047 674 1110 694 vero
1134 666 1272 702 pmdicat,
1299 673 1330 693 eo
1355 665 1429 702 quod
1449 671 1560 702 propter
1582 674 1706 695 amorem

906 716 1016 739 secutus
1029 711 1122 746 fuerit,
1143 715 1169 739 et
1185 711 1247 747 quia
1266 719 1320 738 non
1345 715 1403 739 erat
1420 714 1513 743 notus,
1534 710 1610 739 foras
1623 715 1707 740 stete-

907 755 953 783 rit.
970 757 1040 784 Nam
1066 756 1139 792 quod
1163 760 1190 783 et
1212 757 1307 783 Petrus
1324 755 1460 792 ingressus
1480 755 1578 783 fuisset
1605 756 1628 784 si
1645 764 1708 792 per-

908 801 1026 828 missum
1040 801 1147 832 fuisset,
1164 800 1351 828 manifestum.
1369 802 1518 836 Postquam
1533 800 1608 828 enim
1625 801 1707 828 Joan-

909 853 958 872 nes
977 845 1069 879 exivit,
1083 849 1111 873 et
1124 846 1242 873 ostiaria:
1264 845 1342 881 jussit
1362 849 1393 872 ut
1407 845 1486 873 illum
1508 845 1707 879 introduceret,

870 892 893 924 Β
910 889 1001 917 statim
1022 890 1159 925 ingressus
1174 894 1215 917 est
1237 891 1343 917 Petrus.
1360 891 1453 924 Quare
1475 894 1568 918 autem
1588 890 1708 918 Joannes

909 941 964 961 non
990 934 1142 961 introduxit
1169 942 1242 967 cum,
1271 934 1317 962 sed
1346 934 1454 962 mulieri
1478 934 1530 962 hoc
1551 934 1708 962 commisit?

910 979 977 1014 Quia
995 978 1071 1006 valde
1086 979 1242 1006 adhmrcbat
1263 978 1382 1013 Christo,
1403 986 1520 1015 eumque
1533 979 1706 1015 sequebatur,

911 1024 1000 1052 renuit
1016 1023 1050 1051 ab
1064 1031 1096 1051 eo
1113 1024 1243 1060 separari.

946 1157 1035 1183 Vens.
1051 1158 1092 1190 t7,
1108 1157 1150 1182 18.
1167 1166 1179 1178 ‹ι
1195 1154 1281 1187 Dixit,
1297 1161 1362 1190 ergo
1372 1155 1453 1182 Petro
1469 1154 1565 1182 ancilla
1577 1154 1705 1182 ostiaria:

911 1202 984 1228 Num
1008 1205 1034 1227 et
1058 1204 1087 1228 tu
1109 1208 1141 1228 ex
1162 1199 1302 1234 discipulis
1326 1207 1354 1227 es
1378 1199 1499 1227 hominis
1515 1199 1609 1226 istius?
1636 1199 1709 1227 Dicit

911 1246 955 1274 ille
981 1256 987 1273 :
1008 1246 1068 1273 Non
1087 1252 1163 1272 sum.
1189 1244 1304 1271 Stabant
1326 1248 1417 1271 autem
1438 1243 1508 1271 servi
1530 1248 1557 1271 et
1578 1243 1706 1277 ministri,

912 1291 959 1327 qui
979 1297 1080 1326 prunas
1098 1292 1302 1324 congesserant,
1317 1289 1378 1324 quia
1399 1287 1484 1324 frigus
1506 1292 1574 1320 erat,
1588 1292 1615 1315 et
1636 1288 1708 1316 cale-

912 1335 1046 1363 faciebant
1069 1341 1107 1361 se.
1125 1334 1190 1360 Erat
1203 1337 1294 1360 autem
1311 1341 1374 1360 eum
1390 1332 1428 1359 eis
1456 1337 1483 1360 et
1507 1333 1603 1360 Petrus
1621 1336 1706 1366 stans,

911 1383 939 1407 et
953 1379 1115 1407 calefaciens
1135 1386 1173 1405 se.
1193 1389 1204 1401 ν
1230 1378 1382 1412 Interrogat
1398 1376 1494 1404 ancilla
1511 1378 1631 1409 Petrum,
1653 1384 1709 1404 non

911 1423 1121 1457 contumeliose,
1143 1431 1198 1450 non
1221 1421 1374 1458 praefracte,
1390 1421 1438 1449 sed
1463 1420 1541 1449 valde
1556 1425 1706 1449 mansuete.

912 1471 973 1497 Non
985 1470 1060 1496 enim
1074 1468 1162 1496 dixit:
1181 1469 1255 1495 Num
1275 1471 1302 1494 et
1322 1471 1351 1494 tu
1367 1474 1399 1494 ex
1415 1465 1560 1502 discipulis
1574 1474 1603 1493 es
1618 1465 1708 1500 impo-

911 1514 1009 1542 storis?
1033 1512 1093 1546 sed,
1118 1525 1130 1537 α
1157 1512 1274 1540 hominis
1294 1511 1374 1539 istius
1405 1521 1410 1538 :
1435 1522 1446 1535 υ
1474 1510 1501 1538 id
1524 1510 1598 1546 quod
1620 1510 1709 1546 magis

911 1557 1071 1585 miserantis.
1092 1557 1167 1584 Dixit
1191 1560 1295 1588 autem,
1315 1567 1327 1578 ιι
1355 1555 1478 1591 nunquid
1500 1559 1526 1582 et
1544 1556 1589 1582 tu?
1612 1566 1625 1578 ι»
1649 1554 1711 1590 quia

910 1605 1029 1632 Joannes
1042 1603 1113 1630 intus
1129 1607 1197 1630 erat.
1214 1603 1249 1630 Et
1261 1601 1359 1629 mulier
1377 1601 1488 1637 quidem
1508 1601 1544 1628 ita
1565 1604 1708 1628 mansuete

911 1648 1107 1683 alloquebatur.
1144 1647 1191 1675 Ille
1220 1651 1314 1674 autem
1334 1646 1400 1674 nihil
1423 1645 1523 1673 horum
1563 1644 1708 1678 sentiebat,

911 1700 998 1728 neque
1015 1693 1041 1720 in
1059 1692 1181 1720 animum
1199 1691 1345 1727 recipiebat
1369 1690 1467 1718 Christi
1491 1689 1706 1726 prmdictionem.

913 1739 953 1765 Ita
975 1738 1081 1765 inﬁrma
1096 1745 1139 1765 res
1159 1737 1277 1764 humana
1299 1731 1394 1763 natura
1409 1740 1461 1768 est,
1476 1734 1585 1770 quando
1610 1741 1625 1761 a
1650 1735 1709 1760 Deo

913 1783 1120 1818 derclinq‘uitur.
1136 1781 1252 1816 Quidam
1264 1785 1356 1808 autem
1373 1779 1454 1807 stulte
1468 1781 1547 1806 Petro
1564 1777 1710 1813 gratiﬁcari

912 1827 1043 1861 volentes,
1057 1827 1164 1857 dicunt,
1185 1825 1257 1861 quod
1285 1833 1340 1852 non
1361 1824 1396 1852 ob
1419 1824 1548 1851 timorem
1568 1822 1707 1857 negaverit

913 1873 1019 1905 Petrus,
1034 1870 1083 1898 sed
1100 1870 1214 1898 voluerit
1239 1869 1352 1905 quidem
1381 1876 1489 1902 semper
1514 1875 1577 1894 cum
1598 1867 1708 1894 Christo

912 1924 972 1944 esse
985 1920 1012 1943 et
1029 1923 1092 1942 eum
1109 1914 1185 1950 sequi
1201 1923 1207 1941 ε
1221 1913 1349 1949 cognovit
1363 1917 1454 1940 autem
1472 1911 1548 1948 quod
1563 1911 1586 1938 si
1601 1910 1709 1938 confes-

912 1969 960 1989 sus
1003 1959 1114 1992 fuisset,
1155 1967 1184 1986 se
1220 1958 1384 1994 discipulum
1423 1958 1506 1990 Jesu,
1542 1953 1710 1991 separandus

913 2005 1007 2032 fuisset
1033 2003 1068 2031 ab
1094 2011 1137 2036 eo,
1160 2007 1187 2031 et
1216 2011 1269 2030 non
1290 2002 1358 2030 ultra
1375 2001 1517 2029 habiturus
1535 2003 1594 2027 erat
1619 1999 1710 2026 locum

912 2050 985 2085 quod
1006 2053 1177 2084 sequeretur,
1195 2052 1222 2075 et
1241 2047 1346 2075 videret
1360 2045 1582 2078 desiderabilem,
1602 2048 1630 2072 et
1650 2051 1713 2079 pro-

912 2098 1003 2130 pterea
1015 2093 1099 2129 739
1109 2093 1228 2128 negavit,
1248 2091 1342 2119 dicens
1359 2099 1365 2118 :
1389 2102 1401 2115 ‹ι
1416 2091 1477 2118 Non
1489 2097 1560 2117 sum.
1580 2100 1590 2112 ια
1603 2089 1673 2116 Nam
1684 2092 1712 2116 et

911 2147 942 2167 ex
963 2138 1059 2166 eadem
1078 2136 1212 2165 sententia
1229 2135 1289 2167 fuit,
1317 2135 1391 2171 quod
1420 2142 1449 2162 se
1477 2133 1645 2161 calefaceret.
1669 2132 1710 2160 Si-

911 2183 1026 2210 mulavit
1045 2182 1117 2209 enim
1132 2189 1160 2208 se
1185 2180 1274 2208 facere
1289 2187 1319 2207 ea
1344 2186 1405 2214 qua:
1429 2178 1558 2210 ministri,
1583 2180 1614 2205 ut
1639 2184 1712 2204 unus

55 2227 194 2264 ὗπηρετῶν
222 2225 309 2265 δρᾷν,
337 2226 373 2257 ὡς
387 2219 424 2257 εἷς
449 2225 578 2260 ἐκείνων,
604 2223 648 2254 ἵνα
740 2228 855 2264 κατηφεῖ

920 2228 1031 2262 liorum,
1049 2230 1077 2254 ut
1089 2234 1123 2253 ne
1139 2234 1171 2253 ex
1189 2225 1296 2253 tristitia
1316 2223 1394 2252 faciei
1411 2222 1597 2258 deprehensus
1612 2222 1710 2250 exclu-

55 2272 99 2298 τοῦ
130 2268 277 2308 προσώπου
303 2268 452 2310 φωραθεὶς,
478 2269 644 2304 ἔκχλεισθείη
674 2272 720 2298 τοῦ
746 2268 854 2308 βλέπειν

54 2314 95 2343 τὸν
118 2313 254 2352 Χριστὸν,
272 2314 308 2347 ὡς
329 2313 450 2353 μαθητὴς
464 2314 558 2344 τούτου
582 2314 613 2342 ἐκ
635 2316 680 2343 τοῦ
694 2313 775 2352 μέσου
795 2314 856 2342 διω-

55 2359 177 2398 κόμενος.

92 2417 104 2429 ε
121 2402 158 2432 “Ο
173 2397 218 2431 οὖν
234 2401 372 2442 ἀρχιερεὺς
391 2402 515 2442 ἠρώτησε
534 2403 579 2432 τὸν
599 2402 705 2437 Ἰησοῦν
724 2400 784 2442 περὶ
804 2403 856 2431 τῶν

55 2449 182 2486 μαθητῶν
202 2448 297 2484 αὐτοῦ,
316 2448 363 2476 καὶ
384 2447 445 2487 περὶ
463 2450 509 2483 τῆς
530 2448 642 2487 διδαχῆς
663 2448 754 2476 αὐτοῦ,
771 2446 856 2476 Ἀπε-

54 2493 128 2532 κρίθη
146 2493 219 2530 αὖτῷ
239 2494 253 2521 δ
276 2491 399 2527 Ἰησοῦς·
423 2491 496 2529 Ἐγὼ
518 2492 658 2533 παρρησίᾳ
681 2492 799 2526 ἐλάλησα
818 2493 855 2530 τῷ

54 2537 161 2578 κόσμῳ,
185 2535 239 2575 ἐγὼ
263 2536 377 2566 πάντοτε
401 2536 507 2570 ἐδίδαξα
534 2537 561 2566 ἐν
587 2539 620 2576 τῇ
644 2538 785 2576 συναγωγῇ
811 2536 856 2565 καὶ

56 2582 79 2610 ἔν
97 2584 135 2621 τῷ
156 2583 222 2622 ἱερῷ
235 2603 244 2618 ,
261 2580 328 2610 ὅπου
351 2580 447 2614 πάντες
462 2583 485 2610 οἱ
512 2581 636 2610 Ἰουδαῖοι
661 2581 854 2621 συνέρχονται,

55 2626 96 2655 καὶ
111 2627 138 2655 ἐν
154 2627 268 2666 κρυπτῷ
291 2625 410 2660 ἐλάλησα
433 2626 517 2656 οὐδέν.
543 2625 579 2656 Τί
597 2638 630 2664 με
645 2626 759 2666 ἐρωτιξςς
775 2625 855 2655 Ἐπε-

61 2671 173 2709 ρώτησον
201 2669 262 2704 τοὺς
285 2670 457 2706 ἀκηκοότας,
487 2670 512 2700 τί
529 2671 648 2706 ἐλάλησα
677 2673 774 2704 αὐτοῖς.
800 2668 855 2700 Ἴδε

59 2711 123 2745 οὗτοι
139 2716 255 2750 οἴδασιν,
273 2715 290 2743 ἃ
306 2710 379 2743 εἶπον
395 2714 458 2754 ἐγώ.
477 2716 572 2745 Ταῦτα
589 2716 615 2744 δὲ
631 2716 710 2744 αὐτοῦ
724 2715 856 2751 εἰπόντος,

86 2806 121 2840 (α)
131 2804 212 2834 Edit.
227 2805 308 2838 Lut.,
322 2804 461 2832 eaistimes
475 2812 539 2832 eum
551 2804 692 2838 fortiorem
708 2805 781 2833 aliis.

910 2273 990 2301 datur
1006 2281 1021 2300 a
1041 2271 1158 2300 videndo
1173 2270 1281 2300 Christo
1300 2270 1416 2306 rcjectus
1435 2276 1450 2296 e
1470 2267 1561 2296 medio
1578 2272 1609 2296 ut
1625 2266 1712 2295 disci-

912 2317 991 2354 pulus
1011 2317 1079 2353 ejus.

946 2409 1035 2434 Vens.
1057 2407 1148 2434 19σ23.
1163 2415 1176 2430 ιι
1194 2403 1322 2432 Pontifex
1339 2411 1403 2439 ergo
1417 2402 1597 2438 interrogavit
1612 2403 1709 2430 Jesum

910 2451 945 2480 de
960 2450 1102 2486 discipulis
1117 2450 1183 2484 suis,
1202 2454 1229 2477 et
1250 2449 1284 2477 de
1306 2448 1431 2476 doctrina
1450 2448 1542 2483 ipsius.
1557 2447 1711 2482 Respondit

910 2495 1022 2523 eiJesus
1039 2503 1044 2521 :
1064 2495 1122 2529 Ego
1138 2494 1228 2529 palam
1245 2493 1351 2520 locutus
1368 2499 1430 2519 sum
1448 2491 1563 2525 mundo,
1579 2499 1628 2527 ego
1640 2499 1711 2519 sem-

910 2548 957 2575 per
978 2539 1058 2567 docui
1083 2539 1110 2566 in
1138 2545 1275 2574 synagoga
1301 2541 1328 2564 et
1349 2537 1377 2564 in
1403 2537 1505 2572 templo
1535 2544 1588 2571 quo
1612 2543 1710 2563 omnes

909 2584 999 2612 Judmi
1022 2583 1198 2616 conveniunt,
1214 2587 1241 2610 et
1262 2583 1289 2609 in
1305 2582 1412 2609 occulto
1432 2581 1539 2608 locutus
1553 2588 1615 2607 sum
1631 2579 1707 2607 nihil.

910 2629 983 2663 Quid
1007 2636 1052 2655 me
1074 2628 1245 2662 interrogas?
1264 2628 1404 2662 Interroga
1430 2633 1477 2653 eos
1499 2625 1544 2660 qui
1563 2624 1711 2651 audierunt

910 2674 976 2709 quid
995 2673 1102 2700 locutus
1116 2681 1176 2701 sum
1191 2672 1265 2708 ipsis.
1284 2673 1353 2698 Ecce
1370 2672 1395 2698 lii
1412 2672 1500 2698 sciimt
1515 2676 1576 2704 qua:
1591 2667 1710 2694 dixerim

909 2727 969 2755 ego.
998 2720 1064 2746 Hch
1079 2722 1171 2746 autem
1194 2725 1256 2745 cum
1273 2716 1395 2750 dixisset,
1411 2723 1484 2743 unus
1502 2713 1635 2742 assistens
1658 2709 1713 2738 mi-
