1922 3077
209 156 258 183 251

208 217 358 245 nistrorum
387 215 463 252 dedit
501 215 608 251 alapam
631 217 708 251 Jesu,
739 215 831 244 dicens
861 225 868 243 :

208 261 359 297 respondes
374 261 516 297 pontiﬁci?
537 261 692 297 Respondit
711 261 735 289 ei
754 263 835 289 Jesus
862 270 869 288 :
890 261 916 289 Si
937 261 1007 289 male

207 306 315 334 locutus
337 314 412 340 sum,
433 310 534 334 testare
556 306 589 334 de
607 306 696 339 malo;
721 306 764 333 sin
789 305 868 339 bene,
894 313 943 333 cur
963 313 1008 333 me

206 351 308 380 caedis?
335 362 348 375 ιο
371 352 528 386 Interrogat
543 350 666 386 pontifex
686 351 780 378 Iesum
802 350 836 378 de
859 349 1008 386 discipulis,

210 394 327 424 fortasse
342 396 370 424 in
391 395 465 423 hunc
487 396 601 423 modum
619 406 627 423 :
643 396 700 424 Ubi
714 400 788 431 sunt,
808 399 855 424 aut
871 395 917 431 qui
932 399 1007 430 sunt,

211 445 258 469 aut
271 448 325 476 qua
344 444 437 468 mente
451 448 499 468 eos
513 440 664 475 collegerit,
680 444 706 468 et
718 440 783 475 quid
802 440 913 467 volens?
927 439 1008 474 Quasi

208 485 282 513 enim
298 489 462 513 novatorem
475 489 504 512 et
519 485 680 513 seditiosum
698 485 784 513 voluit
799 492 864 512 eum
884 492 1005 521 arguere.

210 532 245 558 Et
268 530 302 558 de
322 530 445 558 doctrina
471 530 619 565 interrogat
642 530 730 565 qualis
754 529 802 564 sit,
822 538 891 557 num
914 537 929 557 a
951 529 1009 565 lege

208 574 347 609 recedens,
369 578 396 602 et
416 583 542 611 pugnans
566 583 631 602 cum
650 575 747 603 Mose?
771 579 802 602 ut
817 573 879 602 inde
899 574 1008 601 inventa

208 620 350 648 occasione
363 624 495 656 tanquam
520 620 705 648 adversarium
731 620 781 648 Dei
805 620 918 647 occidat.
936 618 1009 654 Quid

207 665 291 701 igitur
314 665 465 693 Dominus?
489 665 647 701 Respondet
669 665 704 692 illi
724 665 803 701 juxta
827 665 1009 700 suspicionem

211 710 270 745 ejus
283 719 291 738 :
310 721 323 735 ιι
340 712 397 746 Ego
412 710 538 746 quidem,
555 710 652 746 inquit,
665 710 692 737 in
703 710 810 738 occulto
822 711 888 738 nihil
903 710 1010 738 locutus

207 763 279 782 sum.
307 768 318 780 ιι
334 757 406 783 Nam
429 759 459 783 tu
474 755 586 790 quidem
608 754 754 790 suspicaris
779 762 822 782 me
846 755 1009 783 seditiosum

206 798 369 834 quemdam,
395 802 423 827 et
445 799 474 826 in
497 800 604 827 occulto
627 799 740 826 consilia
762 802 926 826 struentem.
952 800 1010 834 Ego

207 848 299 871 autem
319 844 381 877 tibi,
405 844 504 880 inquit,
529 844 601 878 dico,
623 843 696 880 quod
722 844 827 872 «Nihil
851 844 879 871 in
900 844 1007 872 occulto

208 888 315 916 locutus
328 896 401 923 sum,
418 900 431 913 ι
457 888 509 916 hoc
524 893 575 921 est,
593 887 661 915 nihil
685 887 860 922 seditiosum,
888 891 915 915 et
937 888 1005 915 sicut

1063 887 1138 920 ζοντα
1152 897 1159 903 ·
1176 885 1228 923 ἐγὼ
1247 885 1276 914 δέ
1293 896 1350 921 σοι,
1363 885 1443 924 φησὶ,
1458 884 1542 924 λέγω,
1558 886 1598 914 ὅτι
1616 898 1627 910 ι

207 937 236 961 ιιι
255 934 389 970 opinaris,
411 933 477 961 nihil
502 933 612 967 innovo,
630 941 719 969 neque
741 933 835 962 dolosa
850 937 877 961 et
898 933 1005 962 occulta

207 983 300 1006 mente
320 979 462 1014 proprium
477 978 609 1014 quiddam
632 978 741 1006 locutus
764 985 836 1005 sum.
863 978 931 1013 Quia
955 978 1006 1006 nisi

206 1022 247 1050 sic
258 1023 471 1050 intellexerimus
479 1023 552 1058 quod
562 1023 596 1051 ad
605 1022 787 1058 suspicionem
799 1022 939 1058 pontiﬁcis
948 1022 1007 1050 haec

206 1066 307 1095 dixerit
338 1068 483 1099 Dominus,
513 1067 648 1095 videbitur
680 1068 800 1095 mentiri.
823 1068 895 1095 Nam
922 1067 1007 1094 multa

208 1112 276 1140 dixit
298 1123 310 1136 α
327 1111 356 1139 in
378 1113 497 1146 occulto,
515 1124 527 1136 ιι
544 1116 639 1148 utpote
653 1119 683 1139 ea
707 1119 768 1147 quae
789 1120 870 1147 supra
893 1116 1007 1147 captum

207 1156 391 1185 multitudinis
405 1161 495 1184 erant.
520 1157 601 1191 Quod
624 1161 715 1184 autem
730 1156 797 1184 dicit
814 1164 820 1184 :
839 1167 851 1179 ει
868 1156 940 1190 Quid
961 1163 1007 1183 me

206 1201 378 1235 intrrrogas?
401 1203 541 1238 Interroga
565 1209 611 1229 eos
634 1201 681 1237 qui
706 1201 854 1229 audierunt
880 1210 886 1228 :
914 1212 926 1224 ιο
951 1207 1007 1227 non

207 1247 354 1282 pertinacis
377 1251 428 1281 est,
455 1246 503 1274 sed
527 1246 634 1274 ﬁdentis
666 1246 694 1274 in
725 1245 863 1274 dictorum
884 1245 1006 1273 veritate.

210 1303 221 1315 α
240 1293 380 1327 Interroga
405 1303 418 1316 ν
443 1292 528 1326 enim,
552 1292 651 1327 inquit,
665 1291 804 1325 inimicos,
821 1291 1006 1325 insidiatores,

207 1336 349 1364 ministros
369 1336 431 1363 illos
455 1337 501 1371 qui
525 1336 679 1372 ligaverunt
704 1343 756 1363 me.
787 1337 838 1363 lsta
864 1336 940 1363 enim
967 1340 1009 1363 est

207 1381 330 1409 veritatis
344 1381 497 1408 indubitata
508 1380 715 1414 demonstratio,
731 1380 839 1416 quando
853 1381 914 1415 quis
926 1380 1008 1407 habet

208 1425 334 1453 inimicos
346 1429 430 1453 testes
444 1432 539 1452 eorum
553 1432 614 1459 quae
632 1424 708 1453 dicit.
723 1426 794 1452 Nam
816 1424 933 1451 ministri
946 1424 1008 1460 ipsi,

208 1470 307 1506 inquit,
324 1474 388 1497 sunt
403 1470 449 1505 qui
465 1473 547 1497 antea
561 1469 691 1496 dixerunt
705 1478 712 1496 :
731 1480 744 1492 α
765 1470 914 1504 Nunquam
930 1469 1004 1496 locu-

209 1518 254 1540 tus
268 1517 310 1541 est
322 1513 404 1540 homo
415 1513 485 1540 sicut
499 1512 542 1539 hic
553 1512 637 1540 homo
646 1512 682 1541 ’⁵.
698 1524 710 1537 ιι
725 1513 759 1540 Et
771 1520 835 1540 cum
847 1513 884 1540 ita
893 1520 1005 1548 respon-

208 1556 303 1590 disset,
330 1565 387 1584 non
410 1561 452 1584 est
475 1556 662 1589 admirationi,
689 1556 736 1584 sed
760 1557 836 1591 alapa
860 1556 972 1584 caeditur
999 1565 1005 1585 :

208 1608 263 1636 quo
279 1600 343 1635 quid
359 1600 436 1628 ﬁeret
450 1600 656 1635 impudentius?
671 1602 706 1628 Et
720 1609 785 1629 cum
808 1605 901 1636 posset
915 1602 1007 1630 omnia

208 1648 354 1672 concutere
366 1649 393 1671 et
406 1645 526 1678 abolere,
538 1645 606 1672 nihil
622 1645 735 1680 quidem
750 1645 851 1673 horum
867 1645 942 1681 facit,
959 1647 1006 1675 sed

209 1689 289 1716 verba
312 1689 433 1725 loquitur
457 1697 518 1725 quae
541 1690 667 1718 omnium
694 1690 846 1719 bestiarum
871 1691 1006 1719 senvitiem

207 1733 364 1762 demulcere
384 1739 506 1769 possent.
522 1735 597 1762 Dicit
618 1736 694 1764 enim
717 1744 724 1763 :
748 1736 776 1764 Si
797 1736 908 1772 quidem
924 1736 1008 1764 habes

207 1782 237 1806 ut
250 1778 430 1814 reprehendas
441 1787 471 1807 ea
486 1787 547 1815 quae
562 1787 637 1808 nunc
647 1788 662 1807 a
677 1787 721 1808 me
735 1780 808 1809 dicta
823 1785 899 1814 sunt,
913 1785 1006 1809 osten-

208 1822 242 1850 de
256 1824 330 1859 quod
355 1825 427 1852 male
442 1824 559 1852 dixerim
575 1833 581 1852 :
598 1825 621 1852 si
637 1830 729 1853 autem
751 1833 809 1853 non
831 1825 924 1859 habes,
941 1825 1006 1862 quid

207 1867 322 1898 ferocis?
343 1870 392 1897 Vel
407 1873 434 1897 et
447 1870 486 1897 sic
510 1878 516 1897 :
536 1881 549 1894 α
573 1869 598 1897 Si
616 1870 685 1898 male
699 1870 808 1898 locutus
822 1878 894 1903 sum,
913 1882 926 1895 ν
955 1871 1007 1899 hoc

207 1918 259 1948 est,
276 1914 299 1942 si
323 1914 393 1942 male
411 1915 492 1942 docui
509 1914 621 1951 quando
636 1915 716 1942 docui
730 1914 756 1942 in
772 1915 928 1951 synagogis,
944 1923 1007 1943 ecce

207 1965 280 1986 nunc
297 1969 310 1982 α
324 1958 515 1986 testimonium
528 1958 639 1994 perhibe
663 1969 673 1982 η
691 1958 724 1986 de
739 1958 811 1985 mala
830 1958 968 1992 doctrina,
981 1962 1009 1986 et

206 2003 287 2038 plene
311 2003 416 2031 instrue
441 2003 610 2039 pontiﬁcem,
636 2003 682 2038 qui
704 2011 777 2030 nunc
799 2004 950 2039 interrogat
973 2004 1007 2032 de

208 2047 333 2075 doctrina
353 2055 422 2074 mea.
448 2047 502 2074 «Si
525 2051 618 2074 autem
643 2047 710 2074 bene
734 2059 747 2072 ν
771 2047 864 2080 docui,
880 2051 907 2075 et
923 2048 1007 2083 740

209 2099 253 2119 me
265 2091 392 2119 admirati
416 2091 482 2119 estis
496 2091 579 2118 etiam
594 2099 642 2119 vos
664 2091 790 2125 ministri,
817 2103 829 2115 α
846 2092 911 2127 quid
932 2100 977 2120 me
993 2105 1006 2117 ι»

719 152 978 181 THEOPHYLACTI
997 153 1175 180 BULGARl/E
1194 151 1352 180 ARCHIEP.
1821 153 1866 180 252

905 215 1007 244 Siccine
1022 218 1048 249 Α
1062 211 1098 248 εἷς
1119 216 1170 244 τῶν
1197 215 1334 254 ὑπηρετῶν
1360 214 1535 254 παρεστηκὼς
1562 213 1648 244 ἔδωκε
1682 214 1814 255 ῥάπισμα
1835 217 1868 254 τῷ

1062 260 1166 296 Ἰησοῦ,
1192 260 1287 289 εἰπών·
1307 258 1401 292 Οὕτως
1417 259 1547 299 ἀποκρίνῃ
1565 261 1603 298 τῷ
1627 261 1779 299 ἀρχιερεῖ;
1801 258 1869 289 Ἄπι.

1061 305 1137 344 κρίθη
1165 305 1237 345 αὖτῷ
1263 307 1277 334 ὁ
1292 304 1404 340 Ἰησοῦς*
1431 305 1465 333 Εἰ
1485 306 1573 337 κακῶς
1590 305 1723 340 ἐλάλησα
1738 326 1748 343 ,
1773 304 1870 343 μαρτύ-

1064 361 1142 388 ρησον
1156 349 1217 390 περὶ
1233 352 1278 378 τοῦ
1294 350 1378 378 κακοῦ
1391 360 1397 367 ·
1413 349 1436 378 εἷ
1453 348 1480 378 δὲ
1499 350 1600 386 καλῶς,
1620 349 1651 378 τί
1670 361 1708 388 με
1729 348 1844 388 δαίρεις;
1859 362 1869 374 ι

1062 393 1198 435 Ἐρωτᾷὸ
1213 392 1349 434 ἀρχιερεὺς
1368 393 1412 423 τὸν
1436 393 1541 430 Ἰησοῦν
1566 394 1630 435 περ).
1656 395 1718 423 τῶν
1746 395 1870 431 μαθητῶν

1062 438 1124 472 ἴσως
1139 441 1258 468 τοιαῧτω
1285 440 1343 468 Ποῦ
1359 439 1427 475 εἰσι,
1454 438 1500 468 καὶ
1513 438 1582 472 τίνες
1605 433 1679 474 εἷεν,
1699 438 1752 468 καὶ
1765 437 1810 468 ἐπὶ
1825 437 1870 467 τίνι

1063 485 1155 523 σκοπῷ
1174 483 1280 516 τούτους
1299 482 1431 520 συνέλεξε,
1448 482 1495 512 καὶ
1515 482 1541 512 τί
1560 483 1748 523 βουλόμενος
1763 483 1800 516 ὣς
1823 482 1870 520 γὰρ

1062 527 1233 567 νεωτεριστήν
1258 539 1315 557 τινα
1336 527 1354 564 ἢ
1375 527 1540 563 στασιαστὴν
1564 527 1660 564 ἤθελεν
1688 527 1776 557 αὐτὸν
1805 527 1871 567 ἐλέγ-

1063 571 1115 613 ξαι.
1140 566 1194 602 Καὶ
1218 572 1279 612 περὶ
1297 574 1344 607 τῆς
1363 573 1475 612 διδαχῆς
1495 572 1522 601 δὲ
1543 573 1629 613 ἐρωτᾷ
1642 595 1655 610 ,
1682 571 1754 601 ποία
1775 583 1816 604 τις
1834 566 1871 606 ἦν’

1063 612 1113 656 ἆρα
1141 616 1178 654 μὴ
1203 617 1317 647 ἀπὸτοῦ
1343 617 1425 655 νόμου
1453 618 1613 657 ἀφιστῶσα,
1641 616 1696 646 καὶ
1731 615 1870 656 puppim

1064 663 1173 700 Μωσεῇ
1188 660 1232 690 ἵνα
1247 661 1292 690 καὶ
1309 661 1362 690 ἀπὸ
1376 662 1475 698 ταύτης
1490 661 1612 701 ἀφορμὴν
1630 661 1741 701 εὑρὼν,
1763 662 1800 693 ὡς
1815 663 1870 689 θεο-

1065 706 1151 746 μάχον
1163 705 1316 745 ἀποκτείνῃ.
1330 706 1366 736 Τί
1379 702 1423 735 οὖν
1437 708 1450 735 ὁ
1464 707 1576 745 Κύριος;
1590 705 1790 746 Ἀποκρίνεται
1804 705 1870 743 αὖτῷ

1063 752 1128 790 πρὸς
1154 751 1202 786 τὴν
1229 751 1353 780 ὑπόνοιαν
1379 752 1470 780 αὐτοῦ.
1495 750 1582 789 Ἐγὼ,
1612 751 1716 790 φησὶν,
1747 764 1761 777 ι
1786 751 1813 780 ἐν
1836 751 1869 788 τῷ

1064 797 1172 835 κρυπτῷ
1192 795 1310 831 ἐλάλησα
1330 794 1416 825 οὐδέν.
1434 809 1447 821 ιο
1468 795 1508 825 Σὺ
1527 796 1579 834 γὰρ
1601 797 1731 828 ὑπονοεῖς
1753 806 1788 833 με
1810 805 1869 824 στα-

1064 840 1176 875 σιαστήν
1199 852 1275 876 τινα,
1301 839 1348 869 καὶ
1373 839 1487 880 κρυφίως
1513 840 1609 879 βουλάς
1633 852 1714 874 τινας
1740 838 1868 869 συσκευά-

1649 884 1745 914 Οὖὸὲν
1767 885 1795 913 ἐν
1812 895 1869 923 κρυ-

1059 931 1119 970 πτῷ
1143 930 1282 965 ἐλάλησα·
1300 943 1311 955 ι
1334 929 1488 968 τουτέστιν,
1516 929 1601 959 Οὐδὲν
1626 929 1801 966 στασιῶδες,
1826 927 1867 957 καὶ

1060 976 1094 1007 ὥς
1116 974 1200 1006 δοκεῖς
1215 973 1246 1003 σὺ
1259 997 1266 1011 ,
1288 976 1468 1014 νεωτεροποιῷ
1488 973 1533 1003 καὶ
1552 975 1627 1015 δολία
1647 973 1701 1003 καὶ
1723 971 1867 1012 ἀποκρύφῳ

1058 1019 1154 1058 γνώμῃ
1175 1018 1293 1054 ἔλάλησά
1314 1030 1340 1047 τι
1358 1020 1464 1049 οἰκεῖον.
1491 1018 1571 1049 Ἐπεὶ
1596 1020 1618 1048 εἷ
1639 1018 1682 1056 μὴ
1710 1018 1784 1048 οὕτω
1807 1017 1866 1052 νοή-

1061 1075 1159 1101 σομεν,
1180 1062 1220 1092 ὅτι
1239 1064 1304 1103 πρὸς
1325 1063 1373 1099 τὴν
1397 1063 1521 1093 ὑπόνοιαν
1546 1066 1592 1093 τοῦ
1616 1063 1773 1103 ἀρχιερέως
1794 1064 1867 1092 τοῦτο

1061 1103 1148 1148 εἶπεν,
1164 1109 1178 1136 ὁ
1193 1107 1311 1147 Κύριος,
1342 1108 1489 1148 φανήσεται
1517 1108 1743 1148 διαψευδόμενος.
1778 1105 1865 1137 Πολλὰ

1061 1152 1112 1192 γὰρ
1132 1147 1203 1181 εἶπεν
1220 1166 1233 1179 cx
1250 1153 1277 1181 ἐν
1292 1155 1415 1192 κρυπτῷ,
1432 1165 1443 1178 ι
1463 1152 1513 1183 ὅσα
1529 1152 1631 1189 δηλαδὴ
1653 1154 1707 1188 τῆς
1727 1154 1784 1181 τῶν
1803 1151 1865 1180 πολ-

1061 1198 1114 1226 λῶν
1132 1196 1247 1230 διανοίας
1261 1197 1413 1237 ὑψηλότερα
1428 1193 1471 1233 ἦν.
1488 1197 1529 1228 Τὸ
1544 1196 1589 1234 δὲ,
1607 1210 1619 1224 ι
1634 1197 1674 1227 Τί
1693 1208 1730 1234 με
1747 1197 1844 1236 ἐρωτᾷς
1857 1205 1864 1213 ⁸

1062 1241 1216 1280 Ἐρώτησον
1242 1241 1302 1275 τοὺς
1327 1242 1494 1279 ἀκηκοότας,
1523 1255 1535 1268 ι
1560 1243 1608 1271 οὒκ
1637 1240 1865 1278 αὖθαδιαζομένου

1060 1285 1148 1322 ἐστὶν,
1170 1285 1239 1316 ἀλλὰ
1259 1287 1417 1326 θαρῤοῦντος
1488 1287 1540 1315 τῶν
1559 1286 1716 1327 λεχθέντων
1743 1283 1861 1324 ἀληθείᾳ.

1062 1344 1074 1356 ι
1094 1330 1250 1370 Ἐρώτησον
1267 1345 1278 1357 ιο
1299 1331 1366 1371 γὰρ,
1387 1331 1468 1371 φησὶ,
1487 1331 1548 1364 τοὺς
1566 1331 1678 1371 ἐχθροὺς
1692 1353 1702 1369 ,
1728 1329 1791 1363 τοὺς
1812 1330 1863 1358 ἔπι-

1062 1374 1187 1413 ϐούλους,
1210 1375 1270 1409 τοὺς
1293 1375 1427 1415 ὑπηρέτας
1451 1374 1563 1409 τούτους’
1579 1375 1639 1409 τοὺς
1664 1374 1806 1411 δήσαντᾶς
1824 1384 1861 1412 με,

1062 1419 1138 1455 Αὕτη
1157 1419 1208 1459 γὰρ
1227 1421 1272 1456 τῆς
1297 1420 1422 1456 ἀληθείας
1443 1419 1682 1459 ἀναμφισϐήτητος
1710 1418 1860 1452 ἀπόδειξις,

1061 1463 1124 1493 ὅταν
1148 1463 1207 1497 τοὺς
1231 1465 1338 1504 ἐχθρούς
1361 1477 1400 1499 τις
1424 1464 1473 1505 ἔχῃ
1498 1465 1634 1504 μάρτυρας
1657 1459 1698 1494 ὧν
1723 1464 1806 1504 λέγει.
1829 1462 1861 1492 Οἱ

1059 1509 1109 1548 γὰρ
1126 1509 1257 1548 ὑπηρέται
1275 1509 1362 1546 αὐτοὶ,
1378 1510 1474 1550 φησὶν,
1488 1509 1553 1539 εἰσὶν
1569 1511 1593 1539 οἱ
1609 1509 1731 1543 εἰπόντες
1748 1507 1840 1549 πρώην
1853 1517 1860 1525 ⁸

1062 1567 1073 1578 π
1100 1553 1235 1583 Οὐδέποτε
1266 1554 1396 1595 ἐλάλησεν
1427 1554 1575 1595 ἄνθρωπος,
1602 1556 1639 1588 ὡς
1671 1550 1750 1587 οἶτος
1777 1554 1792 1582 ὁ
1816 1552 1859 1581 ἄν·

1062 1600 1175 1637 θρωπος.
1194 1610 1207 1623 υ
1233 1597 1328 1632 Οὕτως
1354 1594 1398 1628 οὖν
1424 1594 1594 1638 ἀποκριθεὶς,
1620 1599 1649 1628 οὖ
1676 1597 1857 1637 θαυμάζεται,

1062 1642 1130 1671 ἀλλὰ
1156 1642 1316 1682 ῥαπίζεταιο
1332 1639 1361 1673 οἷ
1384 1643 1411 1673 τί
1436 1643 1531 1682 γένοιτ’
1554 1643 1586 1673 ἂν
1611 1643 1795 1684 ἷτοιμιὶιτεροη
1811 1642 1859 1670 Δυ-

1061 1687 1173 1725 νάμενος
1193 1686 1220 1716 δὲ
1240 1688 1329 1717 πάντα
1353 1692 1492 1718 συσσεῑσαι
1511 1689 1556 1718 καὶ
1582 1688 1715 1728 ἀφανίσαι
1728 1709 1737 1724 ,
1763 1686 1857 1716 τούτων

1062 1730 1109 1768 μὲν
1141 1731 1214 1761 οὐδὲν
1240 1736 1312 1762 ποιεῖ
1327 1744 1334 1752 ⁸
1364 1734 1503 1772 φθέγγεται
1531 1732 1558 1762 δὲ
1589 1733 1699 1773 ῥήματα
1732 1731 1857 1769 δυνάμενα

1061 1780 1150 1806 πᾶσαν
1167 1777 1447 1817 θηριωδίαν-ἐκλῧσαι.
1466 1778 1500 1808 Ei
1516 1776 1564 1817 μὲν
1587 1777 1654 1818 γὰρ,
1672 1777 1772 1818 φησὶν,
1791 1775 1855 1815 ἔχει(

1062 1821 1235 1862 ἐπιλαϐέσθαι
1258 1823 1310 1851 τῶν
1338 1821 1485 1862 εἰρημένων
1511 1824 1576 1862 παρ’
1607 1824 1672 1862 ἐμοῦ
1705 1819 1855 1856 ἀπόδειξον,

1061 1865 1101 1895 ὅτι
1116 1867 1204 1899 κακῶς
1219 1861 1292 1895 εἷπον
1306 1878 1313 1885 ·
1330 1867 1353 1896 εἰ
1368 1866 1394 1896 δὲ
1414 1868 1463 1897 οὐκ
1482 1861 1565 1908 ἔχεις,
1584 1867 1611 1896 τί
1631 1868 1749 1906 λυττᾷς;
1765 1865 1804 1896 Ἢ
1816 1863 1856 1893 καὶ

1061 1910 1144 1944 οὕτως
1158 1922 1165 1929 ·
1181 1923 1193 1937 ι
1210 1911 1242 1940 Εἰ
1257 1912 1345 1944 κακῶς
1361 1911 1479 1948 ἐλάλησα
1492 1924 1499 1930 -
1515 1925 1528 1938 ι»
1546 1911 1701 1948 τουτέστιν,
1726 1912 1761 1942 Εἰ
1773 1910 1857 1940 κακῶς

1060 1955 1185 1991 ἐδίδαξα,
1205 1956 1248 1984 ὅτε
1268 1955 1405 1985 ἐδίδασκον
1422 1957 1448 1985 ἐν
1468 1958 1539 1995 ταῖς]
1551 1960 1739 1996 συναγωγαῖς,
1761 1953 1855 1994 παρελ-

1063 1998 1113 2028 οὼν
1128 2002 1173 2028 νῦν
1191 2013 1204 2026 ι
1226 2000 1395 2040 μαρτύρησον
1415 2014 1428 2026 ι
1441 2001 1502 2040 περὶ
1522 2001 1621 2038 ταύτης
1641 2013 1692 2040 μου
1713 2003 1761 2036 τῆς
1778 1999 1855 2032 κακῆς

1061 2044 1254 2080 διδασκαλίας,
1286 2045 1333 2074 καὶ
1358 2046 1562 2087 πληροφόρησον
1593 2047 1638 2076 τὸν
1664 2045 1792 2087 ἀρχιερέα
1815 2042 1854 2087 τόγ

1062 2092 1108 2118 νῦν
1134 2089 1273 2129 ἔρωτῶντά
1301 2101 1335 2128 με
1359 2091 1420 2131 περὶ
1444 2086 1492 2127 τῆς
1514 2092 1625 2131 διδαχῆς
1648 2086 1723 2130 μουγδ
1747 2104 1760 2117 ιι
1785 2090 1807 2118 εἷ
1829 2086 1854 2116 δὲ

207 2144 282 2164 nunc
299 2147 311 2160 α
333 2136 425 2170 caedis,
443 2148 455 2161 »
472 2143 554 2172 quem
571 2137 646 2172 prius
657 2136 856 2165 admirabaris?
869 2138 1005 2166 Percussit

1063 2135 1149 2167 καλῶς
1171 2147 1182 2160 ν
1204 2134 1330 2172 ἐδίδαξα,
1350 2135 1396 2164 καὶ
1415 2136 1603 2175 ἐθαυμαζόμην
1630 2138 1696 2176 παρ’
1718 2136 1790 2173 ὑμῶν
1806 2134 1853 2161 τῶν

208 2181 292 2217 igitur
302 2181 426 2209 minister
439 2182 602 2216 Dominum,
610 2189 709 2217 magno
719 2182 832 2209 crimine
840 2190 868 2210 se
878 2182 1007 2210 liberans.

207 2227 278 2254 Nam
294 2226 341 2254 ubi
355 2227 432 2254 Jesus
448 2227 476 2254 in
496 2230 580 2254 testes
599 2230 707 2254 vocaret
721 2226 889 2260 assistentes,
903 2227 1007 2261 dicens,

210 2282 222 2295 α
239 2273 310 2300 Ecce
325 2272 352 2300 hi
374 2273 464 2300 sciunt
485 2280 547 2308 quae
561 2272 676 2300 dixerim
697 2281 757 2308 ego,
782 2285 794 2297 ιι
811 2273 903 2301 volens
926 2274 1008 2301 mini-

207 2321 264 2344 ster
286 2324 315 2344 se
339 2316 455 2344 liberare
484 2325 498 2344 a
522 2317 675 2352 suspicione
700 2316 775 2353 quod
798 2325 854 2345 non
877 2322 948 2345 esset
973 2326 1006 2346 ex

208 2360 425 2389 admiratoribus
448 2363 525 2395 Jesu,
551 2361 684 2397 percussit
709 2369 783 2390 eum.
812 2363 889 2390 Jesus
915 2366 1007 2391 autem

207 2405 333 2440 dicendo,
359 2418 372 2430 «
405 2407 465 2442 Ego
487 2406 516 2434 in
536 2406 644 2434 occulto
670 2406 779 2434 locutus
804 2414 867 2434 sum
890 2406 966 2440 nihil,
990 2417 1004 2433 ι)

207 2450 312 2478 reducit
327 2451 354 2478 in
373 2451 534 2479 memoriam
548 2451 720 2487 prophetiam
733 2451 871 2480 dicentem
885 2461 894 2479 :
912 2463 924 2475 ‹ι
942 2453 1007 2480 Νοιι

207 2495 236 2523 in
250 2497 358 2524 occulto
380 2496 488 2525 locutus
510 2504 584 2532 sum,
599 2504 688 2534 neque
706 2497 733 2525 iu
752 2497 812 2526 loco
832 2501 914 2526 terrae
929 2501 1006 2525 tene-

207 2539 292 2569 broso
303 2540 339 2569 9".
352 2552 365 2566 ι

242 2631 332 2659 Vnus.
348 2632 441 2658 24-21.
463 2641 475 2655 ι
489 2631 526 2659 Et
543 2630 622 2659 misit
639 2639 705 2659 eum
719 2633 814 2660 Annas
832 2631 954 2659 vinctum
972 2630 1006 2659 ad

207 2675 339 2711 Caipham
366 2675 537 2712 pontiﬁcem.
562 2675 658 2704 Stabat
680 2680 773 2704 autem
789 2676 883 2704 Simon
899 2677 1004 2711 Petrus,

208 2726 234 2750 et
249 2722 426 2751 ealefaciebat
439 2730 478 2751 se.
493 2722 627 2750 Dixerunt
641 2730 704 2759 ergo
724 2723 749 2751 ei
765 2731 771 2750 :
788 2724 860 2752 Num
880 2728 908 2752 et
923 2727 953 2752 tu
973 2732 1004 2752 ex

243 2797 269 2822 9G
284 2799 361 2827 Joan.
380 2806 437 2833 vn,
450 2802 495 2827 46.
510 2798 532 2815 ’τ
547 2800 602 2828 lsa.
620 2807 691 2833 ην,
710 2803 753 2828 19.

1063 2180 1217 2219 ὑπηρετῶν,
1244 2192 1257 2205 ι
1281 2179 1307 2208 τί
1332 2191 1365 2218 με
1389 2194 1401 2207 ι
1425 2184 1471 2221 νῦν
1496 2194 1509 2208 ι
1533 2180 1644 2221 δαίρεις,
1673 2194 1687 2207 ιο
1716 2181 1744 2211 ὃν
1767 2177 1852 2219 πρώην

1063 2223 1230 2262 ἐθαύμαζεςς
1270 2223 1388 2264 Ἐτυψεν
1412 2220 1456 2255 οὖν
1481 2227 1495 2256 ὃ
1518 2220 1651 2266 ὑπηρέτης
1672 2225 1717 2256 τὸν
1745 2224 1851 2266 Κύριογι

1063 2268 1182 2307 μεγάλου
1200 2270 1366 2308 ἐγκλήματος
1383 2270 1475 2300 ἑαυτὸν
1496 2271 1684 2301 ἀπαλλάττων.
1709 2269 1785 2301 Ἐπεὶ
1805 2265 1851 2307 γὰρ

1062 2315 1076 2342 ὃ
1099 2313 1202 2349 Ἰησοῦς
1223 2313 1284 2348 τοὺς
1303 2317 1477 2356 παρεστῶτας
1499 2317 1676 2356 προύκαλεῖτο
1702 2316 1849 2356 μάρτυρας.

1062 2357 1145 2397 λέγων
1159 2370 1166 2377 ⁸
1187 2372 1199 2384 α
1212 2357 1268 2389 Ἴδε
1287 2355 1359 2390 οὗτοι
1378 2359 1496 2397 οἴδασιν,
1518 2355 1535 2389 ἃ
1556 2355 1629 2391 εἶπον
1648 2359 1699 2399 ἐγώ
1719 2372 1726 2379 ·
1745 2373 1757 2386 ι
1775 2358 1849 2388 θέλων

1061 2405 1075 2433 ὁ
1095 2404 1228 2444 ὑπηρέτης
1252 2404 1344 2434 ἑαυτὸν
1367 2405 1518 2440 ἀπαλλάξαι
1540 2408 1587 2442 τῆς
1610 2405 1742 2444 ὑποψίας,
1766 2403 1805 2433 δτι
1825 2400 1850 2429 οὗ

1061 2451 1113 2478 τῶν
1131 2450 1318 2488 θαυμαζόντων
1336 2450 1380 2480 τὸν
1398 2450 1502 2486 Ἰησοῦν
1520 2446 1571 2487 ἦν,
1589 2450 1683 2491 ἔτυψεν
1702 2448 1789 2480 αὑτόν.
1807 2445 1849 2476 Εἷ-

1061 2493 1118 2522 πὼν
1129 2494 1157 2523 δὲ
1169 2496 1183 2523 ὁ
1196 2494 1321 2534 Χριστὸς,
1338 2494 1413 2534 Ἐγὼ
1424 2509 1435 2521 ιι
1449 2496 1475 2524 ἐν
1488 2497 1597 2535 κρυπτῷ
1614 2495 1735 2531 ἐλάλησα
1747 2491 1831 2535 οὐδὲν,
1839 2503 1848 2514 ιι

1061 2539 1260 2577 ἀναμιμνήσκει
1292 2540 1455 2579 προφητείας
1486 2533 1532 2576 τῆς
1561 2533 1706 2579 λεγούσης·
1745 2533 1847 2568 «Οὖδέν

1060 2585 1147 2624 κρυφῆ
1162 2583 1300 2619 λελάληκα
1310 2607 1318 2622 ,
1334 2584 1393 2613 οὐδὲ
1409 2585 1435 2614 ἐν
1450 2584 1524 2625 τόπῳ
1537 2587 1586 2625 γῆς
1599 2587 1745 2622 σκοτεινῆς.
1763 2595 1774 2610 ι

1112 2623 1124 2655 ὲ
1153 2627 1326 2658 Ἀπέστειλεν
1348 2630 1426 2659 αὐτὸν
1457 2632 1471 2659 ὃ
1498 2623 1592 2664 Ἄννας
1620 2629 1757 2669 δεδεμένον
1788 2623 1846 2666 πρὸς

1060 2674 1187 2714 Καϊάφαν
1201 2673 1246 2703 τὸν
1263 2674 1400 2715 ἀρχιερέα.
1416 2669 1470 2705 ’Ἦν
1484 2674 1512 2705 δὲ
1530 2675 1624 2714 Σίμων
1638 2675 1741 2715 Πέτρος
1755 2669 1844 2715 ἑστὼς]

1060 2719 1106 2748 καὶ
1134 2712 1349 2760 θερμαινόμενοςξ
1381 2715 1465 2751 Εἶπον
1491 2715 1536 2750 οὖν
1562 2712 1635 2761 αὖτῷ
1651 2732 1658 2740 ι
1753 2717 1795 2749 καὶ
1817 2712 1845 2743 σὺ
