  <div class='ocr_page' id='page_1' title='image "/cluster/home/n/w/nwhite01/storage/ocr_20150623/124/njp.32101010942728/192.png"; bbox 0 0 1922 3077; ppageno 0'>
   <div class='ocr_carea' id='block_1_1' title="bbox 73 164 127 191">
    <p class='ocr_par' dir='ltr' id='par_1_1' title="bbox 73 164 127 191">
     <span class='ocr_line' id='line_1_1' title="bbox 73 164 127 191; baseline 0.019 -1"><span class='ocrx_word' id='word_1_1' title='bbox 73 164 127 191; x_wconf 79' lang='lat'><strong>253</strong></span> 
     </span>
    </p>
   </div>
   <div class='ocr_carea' id='block_1_2' title="bbox 446 159 1361 189">
    <p class='ocr_par' dir='ltr' id='par_1_2' title="bbox 446 159 1361 189">
     <span class='ocr_line' id='line_1_2' title="bbox 446 159 1361 189; baseline -0.002 0"><span class='ocrx_word' id='word_1_2' title='bbox 446 160 641 189; x_wconf 77' lang='lat' dir='ltr'><strong>ENARRATIO</strong></span> <span class='ocrx_word' id='word_1_3' title='bbox 660 161 693 189; x_wconf 82' lang='grc' dir='ltr'><strong>ΙΝ</strong></span> <span class='ocrx_word' id='word_1_4' title='bbox 714 160 927 188; x_wconf 82' lang='lat' dir='ltr'><strong>EVANGELIUM</strong></span> <span class='ocrx_word' id='word_1_5' title='bbox 946 159 1097 188; x_wconf 80' lang='lat' dir='ltr'><strong>JOANNIS.</strong></span> <span class='ocrx_word' id='word_1_6' title='bbox 1114 175 1148 180; x_wconf 98' lang='lat'><strong>—</strong></span> <span class='ocrx_word' id='word_1_7' title='bbox 1167 160 1242 188; x_wconf 78' lang='lat' dir='ltr'><strong>CAP.</strong></span> <span class='ocrx_word' id='word_1_8' title='bbox 1263 160 1361 188; x_wconf 84' lang='lat' dir='ltr'><strong>XVIII.</strong></span> 
     </span>
    </p>
   </div>
   <div class='ocr_carea' id='block_1_3' title="bbox 1651 160 1723 195">
    <p class='ocr_par' dir='ltr' id='par_1_3' title="bbox 1651 160 1723 195">
     <span class='ocr_line' id='line_1_3' title="bbox 1651 160 1723 195; baseline -0.014 -5"><span class='ocrx_word' id='word_1_9' title='bbox 1651 160 1723 195; x_wconf 66' lang='lat'><strong>{254</strong></span> 
     </span>
    </p>
   </div>
   <div class='ocr_carea' id='block_1_4' title="bbox 73 219 861 263">
    <p class='ocr_par' dir='ltr' id='par_1_4' title="bbox 73 219 861 263">
     <span class='ocr_line' id='line_1_4' title="bbox 73 219 861 263; baseline -0.003 -9"><span class='ocrx_word' id='word_1_10' title='bbox 73 227 106 255; x_wconf 77' lang='grc' dir='ltr'><strong>ἐκ</strong></span> <span class='ocrx_word' id='word_1_11' title='bbox 123 226 175 254; x_wconf 72' lang='grc' dir='ltr'><strong>τῶν</strong></span> <span class='ocrx_word' id='word_1_12' title='bbox 195 226 322 263; x_wconf 76' lang='grc' dir='ltr'><strong>μαθητῶν</strong></span> <span class='ocrx_word' id='word_1_13' title='bbox 347 224 425 254; x_wconf 71' lang='grc' dir='ltr'>αὐτοῦ</span> <span class='ocrx_word' id='word_1_14' title='bbox 449 219 488 259; x_wconf 55' lang='lat' dir='ltr'><strong>ei;</strong></span> <span class='ocrx_word' id='word_1_15' title='bbox 514 223 666 262; x_wconf 82' lang='grc' dir='ltr'>Ἥρνήσατο</span> <span class='ocrx_word' id='word_1_16' title='bbox 687 225 800 260; x_wconf 77' lang='grc' dir='ltr'>ἐκεῖνος,</span> <span class='ocrx_word' id='word_1_17' title='bbox 825 223 861 253; x_wconf 81' lang='grc' dir='ltr'><strong>κα</strong></span> 
     </span>
    </p>
   </div>
   <div class='ocr_carea' id='block_1_5' title="bbox 921 219 1720 263">
    <p class='ocr_par' dir='ltr' id='par_1_5' title="bbox 927 221 1720 259">
     <span class='ocr_line' id='line_1_5' title="bbox 927 221 1720 259; baseline 0.001 -8"><span class='ocrx_word' id='word_1_18' title='bbox 927 222 1069 259; x_wconf 80' lang='lat' dir='ltr'><strong>discipulis</strong></span> <span class='ocrx_word' id='word_1_19' title='bbox 1083 222 1142 258; x_wconf 83' lang='lat' dir='ltr'><strong>ejus</strong></span> <span class='ocrx_word' id='word_1_20' title='bbox 1155 224 1203 251; x_wconf 76' lang='lat' dir='ltr'><strong>es?</strong></span> <span class='ocrx_word' id='word_1_21' title='bbox 1222 221 1339 257; x_wconf 79' lang='lat' dir='ltr'><strong>Negavit</strong></span> <span class='ocrx_word' id='word_1_22' title='bbox 1350 221 1404 256; x_wconf 83' lang='lat' dir='ltr'><strong>ille,</strong></span> <span class='ocrx_word' id='word_1_23' title='bbox 1419 227 1448 250; x_wconf 90' lang='lat' dir='ltr'><strong>et</strong></span> <span class='ocrx_word' id='word_1_24' title='bbox 1461 222 1531 251; x_wconf 82' lang='lat' dir='ltr'><strong>dixit</strong></span> <span class='ocrx_word' id='word_1_25' title='bbox 1544 233 1550 251; x_wconf 91' lang='lat'>:</span> <span class='ocrx_word' id='word_1_26' title='bbox 1574 224 1636 252; x_wconf 78' lang='lat' dir='ltr'><strong>Non</strong></span> <span class='ocrx_word' id='word_1_27' title='bbox 1645 231 1720 252; x_wconf 84' lang='lat' dir='ltr'><strong>sum.</strong></span> 
     </span>
    </p>
   </div>
   <div class='ocr_carea' id='block_1_6' title="bbox 73 264 870 308">
    <p class='ocr_par' dir='ltr' id='par_1_6' title="bbox 73 264 870 308">
     <span class='ocr_line' id='line_1_6' title="bbox 73 264 870 308; baseline -0.001 -9"><span class='ocrx_word' id='word_1_28' title='bbox 73 266 162 299; x_wconf 70' lang='grc' dir='ltr'>εἶπεν·</span> <span class='ocrx_word' id='word_1_29' title='bbox 177 271 236 300; x_wconf 83' lang='grc' dir='ltr'>Οὖκ</span> <span class='ocrx_word' id='word_1_30' title='bbox 252 270 317 307; x_wconf 82' lang='grc' dir='ltr'>εἰμί.</span> <span class='ocrx_word' id='word_1_31' title='bbox 338 268 418 308; x_wconf 83' lang='grc' dir='ltr'>Λέγει</span> <span class='ocrx_word' id='word_1_32' title='bbox 433 264 468 302; x_wconf 79' lang='grc' dir='ltr'>εἷς</span> <span class='ocrx_word' id='word_1_33' title='bbox 483 270 513 298; x_wconf 76' lang='grc' dir='ltr'>ἐκ</span> <span class='ocrx_word' id='word_1_34' title='bbox 527 270 579 298; x_wconf 79' lang='grc' dir='ltr'><strong>τῶν</strong></span> <span class='ocrx_word' id='word_1_35' title='bbox 597 269 696 298; x_wconf 77' lang='grc' dir='ltr'>δούλοιν</span> <span class='ocrx_word' id='word_1_36' title='bbox 713 271 760 298; x_wconf 74' lang='grc' dir='ltr'><strong>τοῦ</strong></span> <span class='ocrx_word' id='word_1_37' title='bbox 778 270 870 308; x_wconf 73' lang='grc' dir='ltr'>ἀρχιε-</span> 
     </span>
    </p>
   </div>
   <div class='ocr_carea' id='block_1_7' title="bbox 72 309 870 354">
    <p class='ocr_par' dir='ltr' id='par_1_7' title="bbox 72 309 870 354">
     <span class='ocr_line' id='line_1_7' title="bbox 72 309 870 354; baseline 0 -11"><span class='ocrx_word' id='word_1_38' title='bbox 72 315 139 354; x_wconf 84' lang='grc' dir='ltr'>ρέως</span> <span class='ocrx_word' id='word_1_39' title='bbox 166 314 294 354; x_wconf 81' lang='grc' dir='ltr'>συγγενὴς</span> <span class='ocrx_word' id='word_1_40' title='bbox 318 312 369 350; x_wconf 79' lang='grc' dir='ltr'><strong>ὢν,</strong></span> <span class='ocrx_word' id='word_1_41' title='bbox 394 309 425 344; x_wconf 66' lang='grc' dir='ltr'>οἷ</span> <span class='ocrx_word' id='word_1_42' title='bbox 450 315 567 354; x_wconf 71' lang='grc' dir='ltr'>ἀπέκοψε</span> <span class='ocrx_word' id='word_1_43' title='bbox 599 313 698 354; x_wconf 80' lang='grc' dir='ltr'><strong>Πέτρος</strong></span> <span class='ocrx_word' id='word_1_44' title='bbox 720 315 750 344; x_wconf 83' lang='grc' dir='ltr'><strong>τὸ</strong></span> <span class='ocrx_word' id='word_1_45' title='bbox 778 314 870 354; x_wconf 84' lang='grc' dir='ltr'>ὠτίον·</span> 
     </span>
    </p>
   </div>
   <div class='ocr_carea' id='block_1_8' title="bbox 70 353 870 399">
    <p class='ocr_par' dir='ltr' id='par_1_8' title="bbox 70 353 870 399">
     <span class='ocr_line' id='line_1_8' title="bbox 70 353 870 399; baseline 0.001 -11"><span class='ocrx_word' id='word_1_46' title='bbox 70 360 132 388; x_wconf 82' lang='grc' dir='ltr'>Οὐκ</span> <span class='ocrx_word' id='word_1_47' title='bbox 147 359 199 398; x_wconf 80' lang='grc' dir='ltr'>ἐγώ</span> <span class='ocrx_word' id='word_1_48' title='bbox 214 371 243 388; x_wconf 88' lang='grc' dir='ltr'><strong>σε</strong></span> <span class='ocrx_word' id='word_1_49' title='bbox 258 354 324 388; x_wconf 77' lang='grc' dir='ltr'>εἶδον</span> <span class='ocrx_word' id='word_1_50' title='bbox 339 360 366 388; x_wconf 77' lang='grc' dir='ltr'>ἓν</span> <span class='ocrx_word' id='word_1_51' title='bbox 379 360 418 398; x_wconf 85' lang='grc' dir='ltr'><strong>τῷ</strong></span> <span class='ocrx_word' id='word_1_52' title='bbox 433 358 512 399; x_wconf 77' lang='grc' dir='ltr'>κήπῳ</span> <span class='ocrx_word' id='word_1_53' title='bbox 528 360 587 397; x_wconf 84' lang='grc' dir='ltr'>μετ’</span> <span class='ocrx_word' id='word_1_54' title='bbox 605 359 700 395; x_wconf 69' lang='grc' dir='ltr'>αὐτοῦς</span> <span class='ocrx_word' id='word_1_55' title='bbox 721 359 808 389; x_wconf 75' lang='grc' dir='ltr'>Πάλιν</span> <span class='ocrx_word' id='word_1_56' title='bbox 824 353 870 389; x_wconf 63' lang='grc' dir='ltr'><strong>οὖν</strong></span> 
     </span>
    </p>
   </div>
   <div class='ocr_carea' id='block_1_9' title="bbox 71 403 868 443">
    <p class='ocr_par' dir='ltr' id='par_1_9' title="bbox 71 403 868 443">
     <span class='ocr_line' id='line_1_9' title="bbox 71 403 868 443; baseline 0 -11"><span class='ocrx_word' id='word_1_57' title='bbox 71 403 209 442; x_wconf 74' lang='grc' dir='ltr'>ἠρνήσατο</span> <span class='ocrx_word' id='word_1_58' title='bbox 220 406 233 433; x_wconf 99' lang='lat'><strong>6</strong></span> <span class='ocrx_word' id='word_1_59' title='bbox 249 403 365 443; x_wconf 80' lang='grc' dir='ltr'>Πέτρος,</span> <span class='ocrx_word' id='word_1_60' title='bbox 382 403 429 432; x_wconf 84' lang='grc' dir='ltr'><strong>καὶ</strong></span> <span class='ocrx_word' id='word_1_61' title='bbox 445 403 539 436; x_wconf 80' lang='grc' dir='ltr'>εὐθέως</span> <span class='ocrx_word' id='word_1_62' title='bbox 554 403 673 443; x_wconf 73' lang='grc' dir='ltr'>ἀλέκτωρ</span> <span class='ocrx_word' id='word_1_63' title='bbox 689 403 832 443; x_wconf 71' lang='grc' dir='ltr'>ἐφώνησεν.</span> <span class='ocrx_word' id='word_1_64' title='bbox 852 416 868 432; x_wconf 64' lang='grc' dir='ltr'><strong>ν</strong></span> 
     </span>
    </p>
   </div>
   <div class='ocr_carea' id='block_1_10' title="bbox 71 447 870 489">
    <p class='ocr_par' dir='ltr' id='par_1_10' title="bbox 71 447 870 489">
     <span class='ocr_line' id='line_1_10' title="bbox 71 447 870 489; baseline 0 -11"><span class='ocrx_word' id='word_1_65' title='bbox 71 448 232 488; x_wconf 77' lang='grc' dir='ltr'>Ἀπάγουσιν</span> <span class='ocrx_word' id='word_1_66' title='bbox 260 449 337 478; x_wconf 78' lang='grc' dir='ltr'>αὐτὸν</span> <span class='ocrx_word' id='word_1_67' title='bbox 367 448 431 488; x_wconf 83' lang='grc' dir='ltr'>πρὸς</span> <span class='ocrx_word' id='word_1_68' title='bbox 463 448 588 489; x_wconf 74' lang='grc' dir='ltr'>Καϊάφαν</span> <span class='ocrx_word' id='word_1_69' title='bbox 615 449 658 478; x_wconf 82' lang='grc' dir='ltr'><strong>διὰ</strong></span> <span class='ocrx_word' id='word_1_70' title='bbox 688 447 718 478; x_wconf 77' lang='grc' dir='ltr'><strong>τὸ</strong></span> <span class='ocrx_word' id='word_1_71' title='bbox 745 450 772 479; x_wconf 73' lang='grc' dir='ltr'>ἐν</span> <span class='ocrx_word' id='word_1_72' title='bbox 798 450 870 489; x_wconf 84' lang='grc' dir='ltr'>αὐτῷ</span> 
     </span>
    </p>
   </div>
   <div class='ocr_carea' id='block_1_11' title="bbox 69 492 870 533">
    <p class='ocr_par' dir='ltr' id='par_1_11' title="bbox 69 492 870 533">
     <span class='ocr_line' id='line_1_11' title="bbox 69 492 870 533; baseline 0.002 -12"><span class='ocrx_word' id='word_1_73' title='bbox 69 493 154 530; x_wconf 84' lang='grc' dir='ltr'>μηδὲν</span> <span class='ocrx_word' id='word_1_74' title='bbox 191 495 274 533; x_wconf 79' lang='grc' dir='ltr'><strong>εὑρεῖν</strong></span> <span class='ocrx_word' id='word_1_75' title='bbox 310 492 410 530; x_wconf 75' lang='grc' dir='ltr'>αἴτιον,</span> <span class='ocrx_word' id='word_1_76' title='bbox 437 492 502 527; x_wconf 76' lang='grc' dir='ltr'>ἴσως</span> <span class='ocrx_word' id='word_1_77' title='bbox 531 493 744 527; x_wconf 74' lang='grc' dir='ltr'><strong>ὑποπτεύσαντες</strong></span> <span class='ocrx_word' id='word_1_78' title='bbox 773 496 870 524; x_wconf 81' lang='grc' dir='ltr'>ἐκεῖνον</span> 
     </span>
    </p>
   </div>
   <div class='ocr_carea' id='block_1_12' title="bbox 71 537 870 577">
    <p class='ocr_par' dir='ltr' id='par_1_12' title="bbox 71 537 870 577">
     <span class='ocr_line' id='line_1_12' title="bbox 71 537 870 577; baseline 0.003 -11"><span class='ocrx_word' id='word_1_79' title='bbox 71 537 224 577; x_wconf 74' lang='grc' dir='ltr'><strong>σοφώτερον</strong></span> <span class='ocrx_word' id='word_1_80' title='bbox 244 537 326 574; x_wconf 78' lang='grc' dir='ltr'>ὄντα,</span> <span class='ocrx_word' id='word_1_81' title='bbox 347 539 430 577; x_wconf 72' lang='grc' dir='ltr'>εὑρεῖν</span> <span class='ocrx_word' id='word_1_82' title='bbox 452 550 477 566; x_wconf 90' lang='grc' dir='ltr'><strong>τι</strong></span> <span class='ocrx_word' id='word_1_83' title='bbox 499 538 567 567; x_wconf 83' lang='grc' dir='ltr'>κατὰ</span> <span class='ocrx_word' id='word_1_84' title='bbox 589 541 634 567; x_wconf 74' lang='grc' dir='ltr'><strong>τοῦ</strong></span> <span class='ocrx_word' id='word_1_85' title='bbox 655 537 743 573; x_wconf 86' lang='grc' dir='ltr'><strong>Ἰησοῦ</strong></span> <span class='ocrx_word' id='word_1_86' title='bbox 758 539 870 568; x_wconf 82' lang='grc' dir='ltr'>θανάτου</span> 
     </span>
    </p>
   </div>
   <div class='ocr_carea' id='block_1_13' title="bbox 72 581 871 623">
    <p class='ocr_par' dir='ltr' id='par_1_13' title="bbox 72 581 871 623">
     <span class='ocr_line' id='line_1_13' title="bbox 72 581 871 623; baseline 0.003 -12"><span class='ocrx_word' id='word_1_87' title='bbox 72 582 160 618; x_wconf 80' lang='grc' dir='ltr'>ἄξιον,</span> <span class='ocrx_word' id='word_1_88' title='bbox 187 582 402 611; x_wconf 75' lang='grc' dir='ltr'>ὕποσκελίσαντα</span> <span class='ocrx_word' id='word_1_89' title='bbox 429 581 446 617; x_wconf 80' lang='grc' dir='ltr'>ἢ</span> <span class='ocrx_word' id='word_1_90' title='bbox 475 583 501 612; x_wconf 75' lang='grc' dir='ltr'>ἐν</span> <span class='ocrx_word' id='word_1_91' title='bbox 533 582 686 622; x_wconf 73' lang='grc' dir='ltr'>ἀποκρίσει,</span> <span class='ocrx_word' id='word_1_92' title='bbox 710 584 728 619; x_wconf 86' lang='grc' dir='ltr'>ἢ</span> <span class='ocrx_word' id='word_1_93' title='bbox 752 584 871 623; x_wconf 71' lang='grc' dir='ltr'>πράξεώς</span> 
     </span>
    </p>
   </div>
   <div class='ocr_carea' id='block_1_14' title="bbox 68 626 867 668">
    <p class='ocr_par' dir='ltr' id='par_1_14' title="bbox 68 626 867 668">
     <span class='ocr_line' id='line_1_14' title="bbox 68 626 867 668; baseline 0.003 -13"><span class='ocrx_word' id='word_1_94' title='bbox 68 638 139 660; x_wconf 90' lang='grc' dir='ltr'>τινος</span> <span class='ocrx_word' id='word_1_95' title='bbox 155 627 328 666; x_wconf 71' lang='grc' dir='ltr'><strong>δραξάμενον.</strong></span> <span class='ocrx_word' id='word_1_96' title='bbox 350 626 386 657; x_wconf 69' lang='grc'><strong>⁸0</strong></span> <span class='ocrx_word' id='word_1_97' title='bbox 404 626 431 656; x_wconf 72' lang='grc' dir='ltr'>δὲ</span> <span class='ocrx_word' id='word_1_98' title='bbox 455 627 571 667; x_wconf 82' lang='grc' dir='ltr'>Πέτρος,</span> <span class='ocrx_word' id='word_1_99' title='bbox 589 629 603 656; x_wconf 89' lang='lat'><strong>6</strong></span> <span class='ocrx_word' id='word_1_100' title='bbox 623 628 718 666; x_wconf 84' lang='grc' dir='ltr'>θερμὸς</span> <span class='ocrx_word' id='word_1_101' title='bbox 739 628 867 668; x_wconf 73' lang='grc' dir='ltr'>ἐραστὴς,</span> 
     </span>
    </p>
   </div>
   <div class='ocr_carea' id='block_1_15' title="bbox 68 671 870 712">
    <p class='ocr_par' dir='ltr' id='par_1_15' title="bbox 68 671 870 712">
     <span class='ocr_line' id='line_1_15' title="bbox 68 671 870 712; baseline 0.002 -12"><span class='ocrx_word' id='word_1_102' title='bbox 68 671 191 712; x_wconf 75' lang='grc' dir='ltr'>τοσούτῳ</span> <span class='ocrx_word' id='word_1_103' title='bbox 211 672 285 712; x_wconf 76' lang='grc' dir='ltr'>κάρῳ</span> <span class='ocrx_word' id='word_1_104' title='bbox 304 671 458 711; x_wconf 76' lang='grc' dir='ltr'>κατείχετο,</span> <span class='ocrx_word' id='word_1_105' title='bbox 483 671 551 701; x_wconf 75' lang='grc' dir='ltr'>ὥστε</span> <span class='ocrx_word' id='word_1_106' title='bbox 575 671 746 710; x_wconf 81' lang='grc' dir='ltr'>ἀπαγομένου</span> <span class='ocrx_word' id='word_1_107' title='bbox 766 676 811 702; x_wconf 76' lang='grc' dir='ltr'><strong>τοῦ</strong></span> <span class='ocrx_word' id='word_1_108' title='bbox 831 675 870 702; x_wconf 81' lang='grc' dir='ltr'>δι-</span> 
     </span>
    </p>
   </div>
   <div class='ocr_carea' id='block_1_16' title="bbox 70 716 868 757">
    <p class='ocr_par' dir='ltr' id='par_1_16' title="bbox 70 716 868 757">
     <span class='ocr_line' id='line_1_16' title="bbox 70 716 868 757; baseline 0.001 -12"><span class='ocrx_word' id='word_1_109' title='bbox 70 716 225 753; x_wconf 76' lang='grc' dir='ltr'>δασκάλου,</span> <span class='ocrx_word' id='word_1_110' title='bbox 247 716 308 745; x_wconf 76' lang='grc' dir='ltr'>οὐδὲ</span> <span class='ocrx_word' id='word_1_111' title='bbox 333 721 529 753; x_wconf 80' lang='grc' dir='ltr'>μετακινεῖται,</span> <span class='ocrx_word' id='word_1_112' title='bbox 553 717 612 745; x_wconf 80' lang='grc' dir='ltr'>ἄλλ’</span> <span class='ocrx_word' id='word_1_113' title='bbox 629 716 669 746; x_wconf 85' lang='grc' dir='ltr'>ἔτι</span> <span class='ocrx_word' id='word_1_114' title='bbox 689 718 868 757; x_wconf 84' lang='grc' dir='ltr'>θερμαίνεται,</span> 
     </span>
    </p>
   </div>
   <div class='ocr_carea' id='block_1_17' title="bbox 67 759 869 802">
    <p class='ocr_par' dir='ltr' id='par_1_17' title="bbox 67 759 869 802">
     <span class='ocr_line' id='line_1_17' title="bbox 67 759 869 802; baseline 0.004 -13"><span class='ocrx_word' id='word_1_115' title='bbox 67 759 158 790; x_wconf 58' lang='grc' dir='ltr'>θΩστε</span> <span class='ocrx_word' id='word_1_116' title='bbox 169 760 216 790; x_wconf 81' lang='grc' dir='ltr'><strong>καὶ</strong></span> <span class='ocrx_word' id='word_1_117' title='bbox 232 761 312 790; x_wconf 74' lang='grc' dir='ltr'>πάλιν</span> <span class='ocrx_word' id='word_1_118' title='bbox 328 762 482 801; x_wconf 72' lang='grc' dir='ltr'>ἐρωτηθεὶς,</span> <span class='ocrx_word' id='word_1_119' title='bbox 499 764 634 801; x_wconf 74' lang='grc' dir='ltr'>ἀρνεῖται,</span> <span class='ocrx_word' id='word_1_120' title='bbox 647 761 693 791; x_wconf 76' lang='grc' dir='ltr'>καὶ</span> <span class='ocrx_word' id='word_1_121' title='bbox 708 763 737 791; x_wconf 74' lang='grc' dir='ltr'>οὐ</span> <span class='ocrx_word' id='word_1_122' title='bbox 750 762 869 802; x_wconf 84' lang='grc' dir='ltr'>δεύτερον</span> 
     </span>
    </p>
   </div>
   <div class='ocr_carea' id='block_1_18' title="bbox 70 805 868 846">
    <p class='ocr_par' dir='ltr' id='par_1_18' title="bbox 70 805 868 846">
     <span class='ocr_line' id='line_1_18' title="bbox 70 805 868 846; baseline 0.004 -12"><span class='ocrx_word' id='word_1_123' title='bbox 70 805 168 842; x_wconf 77' lang='grc' dir='ltr'>μόνον,</span> <span class='ocrx_word' id='word_1_124' title='bbox 193 805 262 835; x_wconf 80' lang='grc' dir='ltr'>ἀλλὰ</span> <span class='ocrx_word' id='word_1_125' title='bbox 283 806 328 835; x_wconf 81' lang='grc' dir='ltr'>καὶ</span> <span class='ocrx_word' id='word_1_126' title='bbox 352 805 450 846; x_wconf 85' lang='grc' dir='ltr'>τρίτον.</span> <span class='ocrx_word' id='word_1_127' title='bbox 478 806 558 836; x_wconf 87' lang='grc' dir='ltr'>Διατί</span> <span class='ocrx_word' id='word_1_128' title='bbox 581 805 608 835; x_wconf 77' lang='grc' dir='ltr'>δὲ</span> <span class='ocrx_word' id='word_1_129' title='bbox 633 807 657 835; x_wconf 72' lang='grc' dir='ltr'>οἳ</span> <span class='ocrx_word' id='word_1_130' title='bbox 681 807 868 845; x_wconf 80' lang='grc' dir='ltr'>εὖαγγελισταὶ</span> 
     </span>
    </p>
   </div>
   <div class='ocr_carea' id='block_1_19' title="bbox 69 850 869 891">
    <p class='ocr_par' dir='ltr' id='par_1_19' title="bbox 69 850 869 891">
     <span class='ocr_line' id='line_1_19' title="bbox 69 850 869 891; baseline 0.005 -13"><span class='ocrx_word' id='word_1_131' title='bbox 69 850 169 882; x_wconf 77' lang='grc' dir='ltr'>πάντες</span> <span class='ocrx_word' id='word_1_132' title='bbox 189 851 257 888; x_wconf 71' lang='grc' dir='ltr'>ὁμοῦ</span> <span class='ocrx_word' id='word_1_133' title='bbox 277 850 338 890; x_wconf 81' lang='grc' dir='ltr'>περὶ</span> <span class='ocrx_word' id='word_1_134' title='bbox 356 853 400 880; x_wconf 78' lang='grc' dir='ltr'>τοῦ</span> <span class='ocrx_word' id='word_1_135' title='bbox 420 850 525 891; x_wconf 81' lang='grc' dir='ltr'>Πέτρου</span> <span class='ocrx_word' id='word_1_136' title='bbox 545 851 711 891; x_wconf 71' lang='grc' dir='ltr'>ἀνέγραψαν,</span> <span class='ocrx_word' id='word_1_137' title='bbox 732 852 804 891; x_wconf 79' lang='grc' dir='ltr'>Οὐχὶ</span> <span class='ocrx_word' id='word_1_138' title='bbox 824 855 869 882; x_wconf 78' lang='grc' dir='ltr'><strong>τοῦ</strong></span> 
     </span>
    </p>
   </div>
   <div class='ocr_carea' id='block_1_20' title="bbox 928 267 1721 304">
    <p class='ocr_par' dir='ltr' id='par_1_20' title="bbox 928 267 1721 304">
     <span class='ocr_line' id='line_1_20' title="bbox 928 267 1721 304; baseline 0.001 -8"><span class='ocrx_word' id='word_1_139' title='bbox 928 268 1003 296; x_wconf 84' lang='lat' dir='ltr'><strong>Dicit</strong></span> <span class='ocrx_word' id='word_1_140' title='bbox 1024 269 1047 296; x_wconf 89' lang='lat' dir='ltr'><strong>ei</strong></span> <span class='ocrx_word' id='word_1_141' title='bbox 1070 275 1142 296; x_wconf 90' lang='lat' dir='ltr'><strong>unus</strong></span> <span class='ocrx_word' id='word_1_142' title='bbox 1163 275 1196 295; x_wconf 86' lang='lat' dir='ltr'><strong>ex</strong></span> <span class='ocrx_word' id='word_1_143' title='bbox 1222 267 1305 295; x_wconf 84' lang='lat' dir='ltr'><strong>servis</strong></span> <span class='ocrx_word' id='word_1_144' title='bbox 1328 267 1476 302; x_wconf 77' lang='lat' dir='ltr'><strong>pontificis,</strong></span> <span class='ocrx_word' id='word_1_145' title='bbox 1500 273 1633 303; x_wconf 82' lang='lat' dir='ltr'><strong>cognatus</strong></span> <span class='ocrx_word' id='word_1_146' title='bbox 1660 269 1721 304; x_wconf 85' lang='lat' dir='ltr'><strong>ejus</strong></span> 
     </span>
    </p>
   </div>
   <div class='ocr_carea' id='block_1_21' title="bbox 924 311 1722 349">
    <p class='ocr_par' dir='ltr' id='par_1_21' title="bbox 924 311 1722 349">
     <span class='ocr_line' id='line_1_21' title="bbox 924 311 1722 349; baseline 0.004 -10"><span class='ocrx_word' id='word_1_147' title='bbox 924 313 1003 348; x_wconf 80' lang='lat' dir='ltr'><strong>cuius</strong></span> <span class='ocrx_word' id='word_1_148' title='bbox 1016 312 1170 341; x_wconf 80' lang='lat' dir='ltr'><strong>absciderat</strong></span> <span class='ocrx_word' id='word_1_149' title='bbox 1190 313 1285 340; x_wconf 82' lang='lat' dir='ltr'><strong>Petrus</strong></span> <span class='ocrx_word' id='word_1_150' title='bbox 1310 311 1463 339; x_wconf 85' lang='lat' dir='ltr'><strong>auriculam</strong></span> <span class='ocrx_word' id='word_1_151' title='bbox 1487 320 1492 338; x_wconf 94' lang='lat'><strong>:</strong></span> <span class='ocrx_word' id='word_1_152' title='bbox 1517 313 1616 340; x_wconf 83' lang='lat' dir='ltr'><strong>Nonne</strong></span> <span class='ocrx_word' id='word_1_153' title='bbox 1630 321 1680 349; x_wconf 80' lang='lat' dir='ltr'><strong>ego</strong></span> <span class='ocrx_word' id='word_1_154' title='bbox 1695 318 1722 342; x_wconf 81' lang='lat' dir='ltr'><strong>te</strong></span> 
     </span>
    </p>
   </div>
   <div class='ocr_carea' id='block_1_22' title="bbox 924 356 1719 392">
    <p class='ocr_par' dir='ltr' id='par_1_22' title="bbox 924 356 1719 392">
     <span class='ocr_line' id='line_1_22' title="bbox 924 356 1719 392; baseline 0 -8"><span class='ocrx_word' id='word_1_155' title='bbox 924 357 978 385; x_wconf 88' lang='lat' dir='ltr'><strong>vidi</strong></span> <span class='ocrx_word' id='word_1_156' title='bbox 990 357 1016 385; x_wconf 89' lang='lat' dir='ltr'><strong>in</strong></span> <span class='ocrx_word' id='word_1_157' title='bbox 1031 357 1112 386; x_wconf 89' lang='lat' dir='ltr'><strong>horto</strong></span> <span class='ocrx_word' id='word_1_158' title='bbox 1127 365 1191 385; x_wconf 89' lang='lat' dir='ltr'><strong>cum</strong></span> <span class='ocrx_word' id='word_1_159' title='bbox 1211 356 1274 384; x_wconf 80' lang='lat' dir='ltr'><strong>illo?</strong></span> <span class='ocrx_word' id='word_1_160' title='bbox 1293 357 1398 384; x_wconf 86' lang='lat' dir='ltr'><strong>lterum</strong></span> <span class='ocrx_word' id='word_1_161' title='bbox 1410 363 1476 391; x_wconf 83' lang='lat' dir='ltr'><strong>ergo</strong></span> <span class='ocrx_word' id='word_1_162' title='bbox 1491 356 1598 392; x_wconf 70' lang='lat' dir='ltr'><strong>negavit</strong></span> <span class='ocrx_word' id='word_1_163' title='bbox 1612 358 1719 390; x_wconf 83' lang='lat' dir='ltr'><strong>Petrus,</strong></span> 
     </span>
    </p>
   </div>
   <div class='ocr_carea' id='block_1_23' title="bbox 924 399 1721 438">
    <p class='ocr_par' dir='ltr' id='par_1_23' title="bbox 924 399 1721 438">
     <span class='ocr_line' id='line_1_23' title="bbox 924 399 1721 438; baseline -0.003 -8"><span class='ocrx_word' id='word_1_164' title='bbox 924 406 953 431; x_wconf 91' lang='lat' dir='ltr'><strong>et</strong></span> <span class='ocrx_word' id='word_1_165' title='bbox 964 402 1059 430; x_wconf 86' lang='lat' dir='ltr'><strong>statim</strong></span> <span class='ocrx_word' id='word_1_166' title='bbox 1074 402 1161 438; x_wconf 76' lang='lat' dir='ltr'><strong>gallus</strong></span> <span class='ocrx_word' id='word_1_167' title='bbox 1181 401 1290 429; x_wconf 88' lang='lat' dir='ltr'><strong>cecinit.</strong></span> <span class='ocrx_word' id='word_1_168' title='bbox 1315 412 1328 425; x_wconf 76' lang='grc' dir='ltr'>ι</span> <span class='ocrx_word' id='word_1_169' title='bbox 1346 399 1496 428; x_wconf 81' lang='lat' dir='ltr'><strong>Abducunt</strong></span> <span class='ocrx_word' id='word_1_170' title='bbox 1520 408 1584 428; x_wconf 89' lang='lat' dir='ltr'><strong>eum</strong></span> <span class='ocrx_word' id='word_1_171' title='bbox 1605 401 1639 429; x_wconf 88' lang='lat' dir='ltr'><strong>ad</strong></span> <span class='ocrx_word' id='word_1_172' title='bbox 1657 402 1721 429; x_wconf 79' lang='lat' dir='ltr'><strong>Cai-</strong></span> 
     </span>
    </p>
   </div>
   <div class='ocr_carea' id='block_1_24' title="bbox 925 447 1721 486">
    <p class='ocr_par' dir='ltr' id='par_1_24' title="bbox 925 447 1721 486">
     <span class='ocr_line' id='line_1_24' title="bbox 925 447 1721 486; baseline -0.001 -9"><span class='ocrx_word' id='word_1_173' title='bbox 925 449 1018 485; x_wconf 91' lang='lat' dir='ltr'><strong>pham,</strong></span> <span class='ocrx_word' id='word_1_174' title='bbox 1033 457 1066 478; x_wconf 91' lang='lat' dir='ltr'><strong>eo</strong></span> <span class='ocrx_word' id='word_1_175' title='bbox 1079 449 1153 486; x_wconf 90' lang='lat' dir='ltr'><strong>quod</strong></span> <span class='ocrx_word' id='word_1_176' title='bbox 1168 449 1217 484; x_wconf 88' lang='lat' dir='ltr'><strong>ipsi</strong></span> <span class='ocrx_word' id='word_1_177' title='bbox 1240 448 1347 476; x_wconf 93' lang='lat' dir='ltr'><strong>nullum</strong></span> <span class='ocrx_word' id='word_1_178' title='bbox 1372 447 1479 475; x_wconf 87' lang='lat' dir='ltr'><strong>crimen</strong></span> <span class='ocrx_word' id='word_1_179' title='bbox 1495 447 1673 476; x_wconf 82' lang='lat' dir='ltr'><strong>inveniebant</strong></span> <span class='ocrx_word' id='word_1_180' title='bbox 1694 449 1721 476; x_wconf 92' lang='lat' dir='ltr'><strong>in</strong></span> 
     </span>
    </p>
   </div>
   <div class='ocr_carea' id='block_1_25' title="bbox 924 492 1722 528">
    <p class='ocr_par' dir='ltr' id='par_1_25' title="bbox 924 492 1722 528">
     <span class='ocr_line' id='line_1_25' title="bbox 924 492 1722 528; baseline -0.003 -6"><span class='ocrx_word' id='word_1_181' title='bbox 924 501 967 527; x_wconf 91' lang='lat' dir='ltr'><strong>eo,</strong></span> <span class='ocrx_word' id='word_1_182' title='bbox 984 493 1110 522; x_wconf 74' lang='lat' dir='ltr'><strong>fortassis</strong></span> <span class='ocrx_word' id='word_1_183' title='bbox 1127 492 1253 528; x_wconf 77' lang='lat' dir='ltr'><strong>suspicati</strong></span> <span class='ocrx_word' id='word_1_184' title='bbox 1275 492 1353 520; x_wconf 92' lang='lat' dir='ltr'><strong>illum</strong></span> <span class='ocrx_word' id='word_1_185' title='bbox 1381 492 1573 528; x_wconf 83' lang='lat' dir='ltr'><strong>sapientiorem</strong></span> <span class='ocrx_word' id='word_1_186' title='bbox 1598 493 1722 520; x_wconf 89' lang='lat' dir='ltr'><strong>inventu-</strong></span> 
     </span>
    </p>
   </div>
   <div class='ocr_carea' id='block_1_26' title="bbox 924 537 1720 574">
    <p class='ocr_par' dir='ltr' id='par_1_26' title="bbox 924 537 1720 574">
     <span class='ocr_line' id='line_1_26' title="bbox 924 537 1720 574; baseline -0.001 -8"><span class='ocrx_word' id='word_1_187' title='bbox 924 547 986 566; x_wconf 90' lang='lat' dir='ltr'><strong>rum</strong></span> <span class='ocrx_word' id='word_1_188' title='bbox 999 538 1098 574; x_wconf 89' lang='lat' dir='ltr'><strong>aliquid</strong></span> <span class='ocrx_word' id='word_1_189' title='bbox 1113 538 1227 573; x_wconf 80' lang='lat' dir='ltr'><strong>dignum</strong></span> <span class='ocrx_word' id='word_1_190' title='bbox 1252 541 1342 564; x_wconf 88' lang='lat' dir='ltr'><strong>morte</strong></span> <span class='ocrx_word' id='word_1_191' title='bbox 1355 540 1450 565; x_wconf 82' lang='lat' dir='ltr'><strong>contra</strong></span> <span class='ocrx_word' id='word_1_192' title='bbox 1464 537 1570 570; x_wconf 74' lang='lat' dir='ltr'><strong>Iesum,</strong></span> <span class='ocrx_word' id='word_1_193' title='bbox 1590 537 1720 573; x_wconf 80' lang='lat' dir='ltr'><strong>supplan-</strong></span> 
     </span>
    </p>
   </div>
   <div class='ocr_carea' id='block_1_27' title="bbox 924 581 1723 618">
    <p class='ocr_par' dir='ltr' id='par_1_27' title="bbox 924 581 1723 618">
     <span class='ocr_line' id='line_1_27' title="bbox 924 581 1723 618; baseline -0.001 -7"><span class='ocrx_word' id='word_1_194' title='bbox 924 587 1028 612; x_wconf 75' lang='lat' dir='ltr'><strong>tantem</strong></span> <span class='ocrx_word' id='word_1_195' title='bbox 1054 583 1094 610; x_wconf 86' lang='lat' dir='ltr'><strong>vel</strong></span> <span class='ocrx_word' id='word_1_196' title='bbox 1131 583 1159 610; x_wconf 93' lang='lat' dir='ltr'><strong>in</strong></span> <span class='ocrx_word' id='word_1_197' title='bbox 1185 589 1328 618; x_wconf 75' lang='lat' dir='ltr'><strong>responso,</strong></span> <span class='ocrx_word' id='word_1_198' title='bbox 1355 582 1394 609; x_wconf 85' lang='lat' dir='ltr'><strong>vel</strong></span> <span class='ocrx_word' id='word_1_199' title='bbox 1423 581 1660 617; x_wconf 86' lang='lat' dir='ltr'><strong>deprehensurum</strong></span> <span class='ocrx_word' id='word_1_200' title='bbox 1695 582 1723 610; x_wconf 92' lang='lat' dir='ltr'><strong>in</strong></span> 
     </span>
    </p>
   </div>
   <div class='ocr_carea' id='block_1_28' title="bbox 923 626 1720 664">
    <p class='ocr_par' dir='ltr' id='par_1_28' title="bbox 923 626 1720 664">
     <span class='ocr_line' id='line_1_28' title="bbox 923 626 1720 664; baseline -0.001 -8"><span class='ocrx_word' id='word_1_201' title='bbox 923 629 1013 664; x_wconf 92' lang='lat' dir='ltr'><strong>aliquo</strong></span> <span class='ocrx_word' id='word_1_202' title='bbox 1034 628 1164 656; x_wconf 80' lang='lat' dir='ltr'><strong>facinore.</strong></span> <span class='ocrx_word' id='word_1_203' title='bbox 1191 629 1228 655; x_wconf 74' lang='lat' dir='ltr'><strong>At</strong></span> <span class='ocrx_word' id='word_1_204' title='bbox 1251 629 1346 656; x_wconf 93' lang='lat' dir='ltr'><strong>Petrus</strong></span> <span class='ocrx_word' id='word_1_205' title='bbox 1361 626 1483 655; x_wconf 79' lang='lat' dir='ltr'><strong>fervidus</strong></span> <span class='ocrx_word' id='word_1_206' title='bbox 1510 631 1618 655; x_wconf 87' lang='lat' dir='ltr'><strong>amator</strong></span> <span class='ocrx_word' id='word_1_207' title='bbox 1643 631 1720 655; x_wconf 84' lang='lat' dir='ltr'><strong>tanto</strong></span> 
     </span>
    </p>
   </div>
   <div class='ocr_carea' id='block_1_29' title="bbox 923 672 1721 709">
    <p class='ocr_par' dir='ltr' id='par_1_29' title="bbox 923 672 1721 709">
     <span class='ocr_line' id='line_1_29' title="bbox 923 672 1721 709; baseline -0.003 -8"><span class='ocrx_word' id='word_1_208' title='bbox 923 678 1035 709; x_wconf 81' lang='lat' dir='ltr'><strong>stupore</strong></span> <span class='ocrx_word' id='word_1_209' title='bbox 1047 673 1230 706; x_wconf 86' lang='lat' dir='ltr'><strong>detinebatur,</strong></span> <span class='ocrx_word' id='word_1_210' title='bbox 1245 676 1276 700; x_wconf 89' lang='lat' dir='ltr'><strong>ut</strong></span> <span class='ocrx_word' id='word_1_211' title='bbox 1291 673 1375 700; x_wconf 86' lang='lat' dir='ltr'><strong>etiam</strong></span> <span class='ocrx_word' id='word_1_212' title='bbox 1398 680 1462 700; x_wconf 91' lang='lat' dir='ltr'><strong>cum</strong></span> <span class='ocrx_word' id='word_1_213' title='bbox 1486 672 1615 708; x_wconf 80' lang='lat' dir='ltr'><strong>magister</strong></span> <span class='ocrx_word' id='word_1_214' title='bbox 1629 672 1721 700; x_wconf 82' lang='lat' dir='ltr'><strong>abdu-</strong></span> 
     </span>
    </p>
   </div>
   <div class='ocr_carea' id='block_1_30' title="bbox 922 717 1719 752">
    <p class='ocr_par' dir='ltr' id='par_1_30' title="bbox 922 717 1719 752">
     <span class='ocr_line' id='line_1_30' title="bbox 922 717 1719 752; baseline -0.003 -6"><span class='ocrx_word' id='word_1_215' title='bbox 922 725 1040 752; x_wconf 86' lang='lat' dir='ltr'><strong>ceretur,</strong></span> <span class='ocrx_word' id='word_1_216' title='bbox 1056 727 1111 746; x_wconf 92' lang='lat' dir='ltr'><strong>non</strong></span> <span class='ocrx_word' id='word_1_217' title='bbox 1126 722 1284 746; x_wconf 89' lang='lat' dir='ltr'><strong>commotus</strong></span> <span class='ocrx_word' id='word_1_218' title='bbox 1295 719 1340 751; x_wconf 87' lang='lat' dir='ltr'><strong>sit,</strong></span> <span class='ocrx_word' id='word_1_219' title='bbox 1348 717 1397 746; x_wconf 87' lang='lat' dir='ltr'><strong>sed</strong></span> <span class='ocrx_word' id='word_1_220' title='bbox 1412 717 1502 746; x_wconf 86' lang='lat' dir='ltr'><strong>adhuc</strong></span> <span class='ocrx_word' id='word_1_221' title='bbox 1515 729 1526 740; x_wconf 73' lang='grc' dir='ltr'><strong>α</strong></span> <span class='ocrx_word' id='word_1_222' title='bbox 1539 717 1719 745; x_wconf 78' lang='lat' dir='ltr'><strong>calefaciebat</strong></span> 
     </span>
    </p>
   </div>
   <div class='ocr_carea' id='block_1_31' title="bbox 923 763 1717 798">
    <p class='ocr_par' dir='ltr' id='par_1_31' title="bbox 923 763 1717 798">
     <span class='ocr_line' id='line_1_31' title="bbox 923 763 1717 798; baseline -0.001 -7"><span class='ocrx_word' id='word_1_223' title='bbox 923 772 961 795; x_wconf 76' lang='lat' dir='ltr'><strong>se.</strong></span> <span class='ocrx_word' id='word_1_224' title='bbox 987 775 1000 788; x_wconf 71' lang='grc' dir='ltr'><strong>ν</strong></span> <span class='ocrx_word' id='word_1_225' title='bbox 1028 763 1064 791; x_wconf 90' lang='lat' dir='ltr'><strong>ita</strong></span> <span class='ocrx_word' id='word_1_226' title='bbox 1087 768 1118 791; x_wconf 92' lang='lat' dir='ltr'><strong>ut</strong></span> <span class='ocrx_word' id='word_1_227' title='bbox 1143 763 1244 791; x_wconf 84' lang='lat' dir='ltr'><strong>iterum</strong></span> <span class='ocrx_word' id='word_1_228' title='bbox 1273 763 1460 798; x_wconf 81' lang='lat' dir='ltr'><strong>interrogatus</strong></span> <span class='ocrx_word' id='word_1_229' title='bbox 1485 766 1576 797; x_wconf 79' lang='lat' dir='ltr'><strong>neget,</strong></span> <span class='ocrx_word' id='word_1_230' title='bbox 1610 766 1639 790; x_wconf 86' lang='lat' dir='ltr'><strong>et</strong></span> <span class='ocrx_word' id='word_1_231' title='bbox 1661 770 1717 790; x_wconf 91' lang='lat' dir='ltr'><strong>non</strong></span> 
     </span>
    </p>
   </div>
   <div class='ocr_carea' id='block_1_32' title="bbox 922 807 1721 843">
    <p class='ocr_par' dir='ltr' id='par_1_32' title="bbox 922 807 1721 843">
     <span class='ocr_line' id='line_1_32' title="bbox 922 807 1721 843; baseline 0 -7"><span class='ocrx_word' id='word_1_232' title='bbox 922 809 1011 836; x_wconf 88' lang='lat' dir='ltr'><strong>solum</strong></span> <span class='ocrx_word' id='word_1_233' title='bbox 1026 808 1160 841; x_wconf 88' lang='lat' dir='ltr'><strong>secundo,</strong></span> <span class='ocrx_word' id='word_1_234' title='bbox 1175 807 1221 835; x_wconf 87' lang='lat' dir='ltr'><strong>sed</strong></span> <span class='ocrx_word' id='word_1_235' title='bbox 1236 811 1264 835; x_wconf 87' lang='lat' dir='ltr'><strong>et</strong></span> <span class='ocrx_word' id='word_1_236' title='bbox 1278 807 1370 835; x_wconf 86' lang='lat' dir='ltr'><strong>tertio.</strong></span> <span class='ocrx_word' id='word_1_237' title='bbox 1387 807 1478 842; x_wconf 89' lang='lat' dir='ltr'><strong>Quare</strong></span> <span class='ocrx_word' id='word_1_238' title='bbox 1496 811 1588 835; x_wconf 83' lang='lat' dir='ltr'><strong>autem</strong></span> <span class='ocrx_word' id='word_1_239' title='bbox 1603 815 1721 843; x_wconf 82' lang='lat' dir='ltr'><strong>evange-</strong></span> 
     </span>
    </p>
   </div>
   <div class='ocr_carea' id='block_1_33' title="bbox 924 851 1722 888">
    <p class='ocr_par' dir='ltr' id='par_1_33' title="bbox 924 851 1722 888">
     <span class='ocr_line' id='line_1_33' title="bbox 924 851 1722 888; baseline 0.001 -8"><span class='ocrx_word' id='word_1_240' title='bbox 924 853 990 881; x_wconf 65' lang='lat' dir='ltr'><strong>lista:</strong></span> <span class='ocrx_word' id='word_1_241' title='bbox 1009 861 1106 882; x_wconf 90' lang='lat' dir='ltr'><strong>omnes</strong></span> <span class='ocrx_word' id='word_1_242' title='bbox 1120 852 1201 880; x_wconf 87' lang='lat' dir='ltr'><strong>simul</strong></span> <span class='ocrx_word' id='word_1_243' title='bbox 1217 851 1250 880; x_wconf 89' lang='lat' dir='ltr'><strong>de</strong></span> <span class='ocrx_word' id='word_1_244' title='bbox 1265 853 1346 880; x_wconf 86' lang='lat' dir='ltr'><strong>Petro</strong></span> <span class='ocrx_word' id='word_1_245' title='bbox 1367 852 1549 888; x_wconf 78' lang='lat' dir='ltr'><strong>scripserunt?</strong></span> <span class='ocrx_word' id='word_1_246' title='bbox 1563 852 1624 880; x_wconf 85' lang='lat' dir='ltr'><strong>Non</strong></span> <span class='ocrx_word' id='word_1_247' title='bbox 1641 859 1722 881; x_wconf 87' lang='lat' dir='ltr'><strong>accu-</strong></span> 
     </span>
    </p>
   </div>
   <div class='ocr_carea' id='block_1_34' title="bbox 69 893 861 935">
    <p class='ocr_par' dir='ltr' id='par_1_34' title="bbox 69 896 861 935">
     <span class='ocr_line' id='line_1_34' title="bbox 69 896 861 935; baseline 0.004 -12"><span class='ocrx_word' id='word_1_248' title='bbox 69 896 250 932; x_wconf 74' lang='grc' dir='ltr'>συμμαθητοῖὶ</span> <span class='ocrx_word' id='word_1_249' title='bbox 269 897 492 935; x_wconf 78' lang='grc' dir='ltr'>κατηγοροῦντες,</span> <span class='ocrx_word' id='word_1_250' title='bbox 514 896 573 924; x_wconf 72' lang='grc' dir='ltr'>ἀλλ’</span> <span class='ocrx_word' id='word_1_251' title='bbox 598 898 667 933; x_wconf 71' lang='grc' dir='ltr'>ἡμᾶς</span> <span class='ocrx_word' id='word_1_252' title='bbox 687 896 861 933; x_wconf 55' lang='grc' dir='ltr'><strong>παιδεύοντες1</strong></span> 
     </span>
    </p>
   </div>
   <div class='ocr_carea' id='block_1_35' title="bbox 921 893 1721 935">
    <p class='ocr_par' dir='ltr' id='par_1_35' title="bbox 925 896 1721 933">
     <span class='ocr_line' id='line_1_35' title="bbox 925 896 1721 933; baseline -0.003 -7"><span class='ocrx_word' id='word_1_253' title='bbox 925 902 1015 926; x_wconf 87' lang='lat' dir='ltr'><strong>santes</strong></span> <span class='ocrx_word' id='word_1_254' title='bbox 1047 897 1222 933; x_wconf 86' lang='lat' dir='ltr'><strong>discipulum,</strong></span> <span class='ocrx_word' id='word_1_255' title='bbox 1251 897 1299 924; x_wconf 90' lang='lat' dir='ltr'><strong>sed</strong></span> <span class='ocrx_word' id='word_1_256' title='bbox 1322 905 1373 925; x_wconf 88' lang='lat' dir='ltr'><strong>nos</strong></span> <span class='ocrx_word' id='word_1_257' title='bbox 1407 896 1563 925; x_wconf 82' lang='lat' dir='ltr'><strong>erudientes</strong></span> <span class='ocrx_word' id='word_1_258' title='bbox 1587 901 1721 932; x_wconf 89' lang='lat' dir='ltr'><strong>quantum</strong></span> 
     </span>
    </p>
   </div>
   <div class='ocr_carea' id='block_1_36' title="bbox 68 939 868 981">
    <p class='ocr_par' dir='ltr' id='par_1_36' title="bbox 68 939 868 981">
     <span class='ocr_line' id='line_1_36' title="bbox 68 939 868 981; baseline 0.004 -13"><span class='ocrx_word' id='word_1_259' title='bbox 68 939 155 968; x_wconf 81' lang='grc' dir='ltr'>πόσον</span> <span class='ocrx_word' id='word_1_260' title='bbox 181 939 265 968; x_wconf 80' lang='grc' dir='ltr'>κακὸν</span> <span class='ocrx_word' id='word_1_261' title='bbox 285 939 316 969; x_wconf 81' lang='grc' dir='ltr'><strong>τὸ</strong></span> <span class='ocrx_word' id='word_1_262' title='bbox 341 940 378 977; x_wconf 80' lang='grc' dir='ltr'><strong>μὴ</strong></span> <span class='ocrx_word' id='word_1_263' title='bbox 401 940 431 969; x_wconf 80' lang='grc' dir='ltr'><strong>τὸ</strong></span> <span class='ocrx_word' id='word_1_264' title='bbox 455 944 509 969; x_wconf 71' lang='grc' dir='ltr'>πῖν</span> <span class='ocrx_word' id='word_1_265' title='bbox 531 940 681 980; x_wconf 75' lang='grc' dir='ltr'>ἐπιτρέπειν</span> <span class='ocrx_word' id='word_1_266' title='bbox 705 942 783 981; x_wconf 81' lang='grc' dir='ltr'>Θεῷ,</span> <span class='ocrx_word' id='word_1_267' title='bbox 808 943 868 971; x_wconf 78' lang='grc' dir='ltr'>ἀλλ’</span> 
     </span>
    </p>
   </div>
   <div class='ocr_carea' id='block_1_37' title="bbox 67 985 869 1024">
    <p class='ocr_par' dir='ltr' id='par_1_37' title="bbox 67 985 869 1024">
     <span class='ocr_line' id='line_1_37' title="bbox 67 985 869 1024; baseline 0.004 -12"><span class='ocrx_word' id='word_1_268' title='bbox 67 985 157 1023; x_wconf 77' lang='grc' dir='ltr'>ἑαυτῷ</span> <span class='ocrx_word' id='word_1_269' title='bbox 175 985 291 1023; x_wconf 82' lang='grc' dir='ltr'>θαῤῥεῐν.</span> <span class='ocrx_word' id='word_1_270' title='bbox 312 985 374 1024; x_wconf 77' lang='grc' dir='ltr'>Χρὴ</span> <span class='ocrx_word' id='word_1_271' title='bbox 396 985 422 1014; x_wconf 80' lang='grc' dir='ltr'>δὲ</span> <span class='ocrx_word' id='word_1_272' title='bbox 443 985 581 1022; x_wconf 74' lang='grc' dir='ltr'><strong>θαυμάσαι</strong></span> <span class='ocrx_word' id='word_1_273' title='bbox 599 988 644 1015; x_wconf 75' lang='grc' dir='ltr'><strong>τοῦ</strong></span> <span class='ocrx_word' id='word_1_274' title='bbox 665 986 800 1016; x_wconf 87' lang='grc' dir='ltr'>Δεσπότου</span> <span class='ocrx_word' id='word_1_275' title='bbox 820 986 869 1022; x_wconf 78' lang='grc' dir='ltr'><strong>τὴν</strong></span> 
     </span>
    </p>
   </div>
   <div class='ocr_carea' id='block_1_38' title="bbox 67 1028 867 1069">
    <p class='ocr_par' dir='ltr' id='par_1_38' title="bbox 67 1028 867 1069">
     <span class='ocr_line' id='line_1_38' title="bbox 67 1028 867 1069; baseline 0.005 -13"><span class='ocrx_word' id='word_1_276' title='bbox 67 1028 290 1068; x_wconf 63' lang='grc' dir='ltr'>φιλανθρωπίαν,</span> <span class='ocrx_word' id='word_1_277' title='bbox 311 1029 352 1058; x_wconf 76' lang='grc' dir='ltr'>ὅτι</span> <span class='ocrx_word' id='word_1_278' title='bbox 373 1030 420 1059; x_wconf 79' lang='grc' dir='ltr'><strong>καὶ</strong></span> <span class='ocrx_word' id='word_1_279' title='bbox 443 1029 595 1067; x_wconf 80' lang='grc' dir='ltr'>δεδεμένος,</span> <span class='ocrx_word' id='word_1_280' title='bbox 618 1030 663 1059; x_wconf 78' lang='grc' dir='ltr'><strong>καὶ</strong></span> <span class='ocrx_word' id='word_1_281' title='bbox 684 1031 867 1069; x_wconf 78' lang='grc' dir='ltr'>ἀπαγόμενος,</span> 
     </span>
    </p>
   </div>
   <div class='ocr_carea' id='block_1_39' title="bbox 68 1074 868 1116">
    <p class='ocr_par' dir='ltr' id='par_1_39' title="bbox 68 1074 868 1116">
     <span class='ocr_line' id='line_1_39' title="bbox 68 1074 868 1116; baseline 0.005 -15"><span class='ocrx_word' id='word_1_282' title='bbox 68 1074 119 1102; x_wconf 76' lang='grc' dir='ltr'><strong>οὐκ</strong></span> <span class='ocrx_word' id='word_1_283' title='bbox 141 1074 264 1110; x_wconf 80' lang='grc' dir='ltr'>ἠμέλησε</span> <span class='ocrx_word' id='word_1_284' title='bbox 285 1076 330 1103; x_wconf 76' lang='grc' dir='ltr'><strong>τοῦ</strong></span> <span class='ocrx_word' id='word_1_285' title='bbox 353 1077 486 1112; x_wconf 73' lang='grc' dir='ltr'>μαθητοῦ,</span> <span class='ocrx_word' id='word_1_286' title='bbox 509 1074 578 1103; x_wconf 77' lang='grc' dir='ltr'>ἀλλὰ</span> <span class='ocrx_word' id='word_1_287' title='bbox 600 1075 723 1115; x_wconf 71' lang='grc' dir='ltr'>στραφεὶς</span> <span class='ocrx_word' id='word_1_288' title='bbox 744 1075 868 1116; x_wconf 72' lang='grc' dir='ltr'>ἐνέϐλεψε</span> 
     </span>
    </p>
   </div>
   <div class='ocr_carea' id='block_1_40' title="bbox 67 1118 868 1160">
    <p class='ocr_par' dir='ltr' id='par_1_40' title="bbox 67 1118 868 1160">
     <span class='ocr_line' id='line_1_40' title="bbox 67 1118 868 1160; baseline 0.004 -14"><span class='ocrx_word' id='word_1_289' title='bbox 67 1119 108 1157; x_wconf 75' lang='grc' dir='ltr'><strong>τῷ</strong></span> <span class='ocrx_word' id='word_1_290' title='bbox 133 1118 248 1158; x_wconf 83' lang='grc' dir='ltr'>Πέτρῳ,</span> <span class='ocrx_word' id='word_1_291' title='bbox 270 1120 305 1152; x_wconf 80' lang='grc' dir='ltr'><strong>ὡς</strong></span> <span class='ocrx_word' id='word_1_292' title='bbox 329 1118 415 1158; x_wconf 75' lang='grc' dir='ltr'>ἕτερος</span> <span class='ocrx_word' id='word_1_293' title='bbox 437 1119 627 1157; x_wconf 81' lang='grc' dir='ltr'>εὖαγγελιστής</span> <span class='ocrx_word' id='word_1_294' title='bbox 649 1131 732 1160; x_wconf 77' lang='grc' dir='ltr'>φησι,</span> <span class='ocrx_word' id='word_1_295' title='bbox 756 1121 800 1149; x_wconf 80' lang='grc' dir='ltr'><strong>καὶ</strong></span> <span class='ocrx_word' id='word_1_296' title='bbox 825 1120 868 1150; x_wconf 77' lang='grc' dir='ltr'><strong>διὰ</strong></span> 
     </span>
    </p>
   </div>
   <div class='ocr_carea' id='block_1_41' title="bbox 69 1163 868 1204">
    <p class='ocr_par' dir='ltr' id='par_1_41' title="bbox 69 1163 868 1204">
     <span class='ocr_line' id='line_1_41' title="bbox 69 1163 868 1204; baseline 0.004 -13"><span class='ocrx_word' id='word_1_297' title='bbox 69 1165 116 1191; x_wconf 78' lang='grc' dir='ltr'>τοῦ</span> <span class='ocrx_word' id='word_1_298' title='bbox 143 1163 296 1201; x_wconf 75' lang='grc' dir='ltr'>βλέμματος</span> <span class='ocrx_word' id='word_1_299' title='bbox 319 1165 521 1204; x_wconf 85' lang='grc' dir='ltr'>προσωνείδισεν</span> <span class='ocrx_word' id='word_1_300' title='bbox 544 1166 616 1203; x_wconf 77' lang='grc' dir='ltr'>αὐτῷ</span> <span class='ocrx_word' id='word_1_301' title='bbox 642 1164 690 1200; x_wconf 82' lang='grc' dir='ltr'><strong>τὴν</strong></span> <span class='ocrx_word' id='word_1_302' title='bbox 717 1164 868 1201; x_wconf 77' lang='grc' dir='ltr'>ἀσθένειαν,</span> 
     </span>
    </p>
   </div>
   <div class='ocr_carea' id='block_1_42' title="bbox 67 1207 867 1249">
    <p class='ocr_par' dir='ltr' id='par_1_42' title="bbox 67 1207 867 1249">
     <span class='ocr_line' id='line_1_42' title="bbox 67 1207 867 1249; baseline 0.004 -13"><span class='ocrx_word' id='word_1_303' title='bbox 67 1207 113 1236; x_wconf 66' lang='grc' dir='ltr'>καὶ</span> <span class='ocrx_word' id='word_1_304' title='bbox 138 1209 175 1240; x_wconf 81' lang='grc' dir='ltr'><strong>εἰς</strong></span> <span class='ocrx_word' id='word_1_305' title='bbox 195 1207 372 1245; x_wconf 83' lang='grc' dir='ltr'>μεταμέλειαν</span> <span class='ocrx_word' id='word_1_306' title='bbox 398 1208 444 1238; x_wconf 78' lang='grc' dir='ltr'><strong>καὶ</strong></span> <span class='ocrx_word' id='word_1_307' title='bbox 465 1209 567 1248; x_wconf 82' lang='grc' dir='ltr'>δάκρυα</span> <span class='ocrx_word' id='word_1_308' title='bbox 594 1209 708 1248; x_wconf 82' lang='grc' dir='ltr'>ἤγειρεν.</span> <span class='ocrx_word' id='word_1_309' title='bbox 731 1207 822 1249; x_wconf 66' lang='grc' dir='ltr'><strong>εὈττερ</strong></span> <span class='ocrx_word' id='word_1_310' title='bbox 841 1210 867 1239; x_wconf 74' lang='grc' dir='ltr'>δὲ</span> 
     </span>
    </p>
   </div>
   <div class='ocr_carea' id='block_1_43' title="bbox 68 1251 868 1292">
    <p class='ocr_par' dir='ltr' id='par_1_43' title="bbox 68 1251 868 1292">
     <span class='ocr_line' id='line_1_43' title="bbox 68 1251 868 1292; baseline 0.004 -12"><span class='ocrx_word' id='word_1_311' title='bbox 68 1252 128 1280; x_wconf 70' lang='grc' dir='ltr'>τότε</span> <span class='ocrx_word' id='word_1_312' title='bbox 147 1251 250 1291; x_wconf 80' lang='grc' dir='ltr'>Πέτρος</span> <span class='ocrx_word' id='word_1_313' title='bbox 266 1252 394 1288; x_wconf 81' lang='grc' dir='ltr'>πέπονθε,</span> <span class='ocrx_word' id='word_1_314' title='bbox 409 1252 454 1282; x_wconf 78' lang='grc' dir='ltr'>καὶ</span> <span class='ocrx_word' id='word_1_315' title='bbox 471 1256 515 1282; x_wconf 77' lang='grc' dir='ltr'><strong>νῦν</strong></span> <span class='ocrx_word' id='word_1_316' title='bbox 530 1253 658 1292; x_wconf 79' lang='grc' dir='ltr'>πάρεστιν</span> <span class='ocrx_word' id='word_1_317' title='bbox 675 1255 738 1283; x_wconf 79' lang='grc' dir='ltr'><strong>ἰδεῖν</strong></span> <span class='ocrx_word' id='word_1_318' title='bbox 755 1254 868 1288; x_wconf 80' lang='grc' dir='ltr'>πολλοὺς</span> 
     </span>
    </p>
   </div>
   <div class='ocr_carea' id='block_1_44' title="bbox 64 1296 867 1338">
    <p class='ocr_par' dir='ltr' id='par_1_44' title="bbox 64 1296 867 1338">
     <span class='ocr_line' id='line_1_44' title="bbox 64 1296 867 1338; baseline 0.004 -13"><span class='ocrx_word' id='word_1_319' title='bbox 64 1298 146 1333; x_wconf 78' lang='grc' dir='ltr'>ἡμῶν</span> <span class='ocrx_word' id='word_1_320' title='bbox 171 1296 334 1338; x_wconf 56' lang='grc' dir='ltr'><strong>πάσχονταςἶ</strong></span> <span class='ocrx_word' id='word_1_321' title='bbox 360 1299 506 1335; x_wconf 86' lang='grc' dir='ltr'>Δεσμεῖται</span> <span class='ocrx_word' id='word_1_322' title='bbox 542 1298 593 1337; x_wconf 82' lang='grc' dir='ltr'><strong>γὰρ</strong></span> <span class='ocrx_word' id='word_1_323' title='bbox 621 1300 634 1327; x_wconf 87' lang='lat'><strong>6</strong></span> <span class='ocrx_word' id='word_1_324' title='bbox 660 1300 687 1328; x_wconf 82' lang='grc' dir='ltr'>ἐν</span> <span class='ocrx_word' id='word_1_325' title='bbox 706 1301 771 1336; x_wconf 81' lang='grc' dir='ltr'>ἡμῖν</span> <span class='ocrx_word' id='word_1_326' title='bbox 793 1298 867 1338; x_wconf 79' lang='grc' dir='ltr'>λόγος</span> 
     </span>
    </p>
   </div>
   <div class='ocr_carea' id='block_1_45' title="bbox 66 1337 866 1381">
    <p class='ocr_par' dir='ltr' id='par_1_45' title="bbox 66 1337 866 1381">
     <span class='ocr_line' id='line_1_45' title="bbox 66 1337 866 1381; baseline 0.003 -11"><span class='ocrx_word' id='word_1_327' title='bbox 66 1344 114 1370; x_wconf 69' lang='grc' dir='ltr'><strong>τοῦ</strong></span> <span class='ocrx_word' id='word_1_328' title='bbox 130 1342 219 1378; x_wconf 72' lang='grc' dir='ltr'>Θεοῦ,</span> <span class='ocrx_word' id='word_1_329' title='bbox 242 1341 287 1370; x_wconf 71' lang='grc' dir='ltr'>καὶ</span> <span class='ocrx_word' id='word_1_330' title='bbox 307 1337 360 1371; x_wconf 78' lang='grc' dir='ltr'>οἷον</span> <span class='ocrx_word' id='word_1_331' title='bbox 376 1342 620 1381; x_wconf 79' lang='grc' dir='ltr'>αἰχμαλωτίζεται,</span> <span class='ocrx_word' id='word_1_332' title='bbox 635 1342 687 1372; x_wconf 76' lang='grc' dir='ltr'>εἴτε</span> <span class='ocrx_word' id='word_1_333' title='bbox 702 1343 753 1372; x_wconf 77' lang='grc' dir='ltr'>ὑπὸ</span> <span class='ocrx_word' id='word_1_334' title='bbox 768 1342 866 1381; x_wconf 77' lang='grc' dir='ltr'>λύπης,</span> 
     </span>
    </p>
   </div>
   <div class='ocr_carea' id='block_1_46' title="bbox 68 1385 865 1427">
    <p class='ocr_par' dir='ltr' id='par_1_46' title="bbox 68 1385 865 1427">
     <span class='ocr_line' id='line_1_46' title="bbox 68 1385 865 1427; baseline 0.004 -12"><span class='ocrx_word' id='word_1_335' title='bbox 68 1386 122 1415; x_wconf 82' lang='grc' dir='ltr'>εἴτε</span> <span class='ocrx_word' id='word_1_336' title='bbox 154 1385 204 1415; x_wconf 78' lang='grc' dir='ltr'>ὑπὸ</span> <span class='ocrx_word' id='word_1_337' title='bbox 232 1386 327 1421; x_wconf 79' lang='grc' dir='ltr'>ἡδονῆς</span> <span class='ocrx_word' id='word_1_338' title='bbox 352 1386 642 1426; x_wconf 68' lang='grc' dir='ltr'>ἐξανδραποδιζόμενος.</span> <span class='ocrx_word' id='word_1_339' title='bbox 670 1387 865 1427; x_wconf 63' lang='grc' dir='ltr'>Ἀμφοτέρωθεν</span> 
     </span>
    </p>
   </div>
   <div class='ocr_carea' id='block_1_47' title="bbox 67 1430 866 1470">
    <p class='ocr_par' dir='ltr' id='par_1_47' title="bbox 67 1430 866 1470">
     <span class='ocr_line' id='line_1_47' title="bbox 67 1430 866 1470; baseline 0.004 -11"><span class='ocrx_word' id='word_1_340' title='bbox 67 1431 120 1470; x_wconf 73' lang='grc' dir='ltr'><strong>γὰρ</strong></span> <span class='ocrx_word' id='word_1_341' title='bbox 140 1430 324 1468; x_wconf 80' lang='grc' dir='ltr'>δεσμευόμεθά</span> <span class='ocrx_word' id='word_1_342' title='bbox 342 1443 370 1460; x_wconf 83' lang='grc' dir='ltr'><strong>τε</strong></span> <span class='ocrx_word' id='word_1_343' title='bbox 384 1431 430 1460; x_wconf 74' lang='grc' dir='ltr'><strong>καὶ</strong></span> <span class='ocrx_word' id='word_1_344' title='bbox 447 1431 621 1470; x_wconf 82' lang='grc' dir='ltr'>ἄπαγόμεθα,</span> <span class='ocrx_word' id='word_1_345' title='bbox 642 1430 659 1467; x_wconf 78' lang='grc' dir='ltr'><strong>ἢ</strong></span> <span class='ocrx_word' id='word_1_346' title='bbox 676 1431 727 1461; x_wconf 76' lang='grc' dir='ltr'>ὑπὸ</span> <span class='ocrx_word' id='word_1_347' title='bbox 750 1434 801 1461; x_wconf 79' lang='grc' dir='ltr'><strong>τῶν</strong></span> <span class='ocrx_word' id='word_1_348' title='bbox 820 1436 866 1462; x_wconf 75' lang='grc' dir='ltr'><strong>τοῦ</strong></span> 
     </span>
    </p>
   </div>
   <div class='ocr_carea' id='block_1_48' title="bbox 67 1475 865 1516">
    <p class='ocr_par' dir='ltr' id='par_1_48' title="bbox 67 1475 865 1516">
     <span class='ocr_line' id='line_1_48' title="bbox 67 1475 865 1516; baseline 0.003 -12"><span class='ocrx_word' id='word_1_349' title='bbox 67 1475 172 1512; x_wconf 79' lang='grc' dir='ltr'>κόσμου</span> <span class='ocrx_word' id='word_1_350' title='bbox 185 1475 269 1510; x_wconf 81' lang='grc' dir='ltr'>ἡδέων</span> <span class='ocrx_word' id='word_1_351' title='bbox 279 1498 286 1511; x_wconf 79' lang='lat'><strong>,</strong></span> <span class='ocrx_word' id='word_1_352' title='bbox 301 1475 318 1511; x_wconf 83' lang='grc' dir='ltr'><strong>ἢ</strong></span> <span class='ocrx_word' id='word_1_353' title='bbox 331 1476 382 1505; x_wconf 74' lang='grc' dir='ltr'><strong>ὑπὸ</strong></span> <span class='ocrx_word' id='word_1_354' title='bbox 393 1478 446 1505; x_wconf 80' lang='grc' dir='ltr'><strong>τῶν</strong></span> <span class='ocrx_word' id='word_1_355' title='bbox 459 1477 584 1516; x_wconf 82' lang='grc' dir='ltr'>λυπηρῶν</span> <span class='ocrx_word' id='word_1_356' title='bbox 595 1499 601 1509; x_wconf 78' lang='grc'><strong>,</strong></span> <span class='ocrx_word' id='word_1_357' title='bbox 614 1479 660 1505; x_wconf 73' lang='grc' dir='ltr'><strong>τοῦ</strong></span> <span class='ocrx_word' id='word_1_358' title='bbox 673 1479 744 1508; x_wconf 75' lang='grc' dir='ltr'>Θεοῦ</span> <span class='ocrx_word' id='word_1_359' title='bbox 758 1478 865 1506; x_wconf 79' lang='grc' dir='ltr'>ἐπιλαν-</span> 
     </span>
    </p>
   </div>
   <div class='ocr_carea' id='block_1_49' title="bbox 925 941 1720 978">
    <p class='ocr_par' dir='ltr' id='par_1_49' title="bbox 925 941 1720 978">
     <span class='ocr_line' id='line_1_49' title="bbox 925 941 1720 978; baseline -0.003 -7"><span class='ocrx_word' id='word_1_360' title='bbox 925 943 1031 971; x_wconf 87' lang='lat' dir='ltr'><strong>malum</strong></span> <span class='ocrx_word' id='word_1_361' title='bbox 1057 943 1093 970; x_wconf 90' lang='lat' dir='ltr'><strong>sit</strong></span> <span class='ocrx_word' id='word_1_362' title='bbox 1108 950 1163 969; x_wconf 95' lang='lat' dir='ltr'><strong>non</strong></span> <span class='ocrx_word' id='word_1_363' title='bbox 1178 945 1267 969; x_wconf 91' lang='lat' dir='ltr'><strong>totum</strong></span> <span class='ocrx_word' id='word_1_364' title='bbox 1284 941 1404 969; x_wconf 85' lang='lat' dir='ltr'><strong>tribuere</strong></span> <span class='ocrx_word' id='word_1_365' title='bbox 1416 942 1485 974; x_wconf 89' lang='lat' dir='ltr'><strong>Deo,</strong></span> <span class='ocrx_word' id='word_1_366' title='bbox 1509 941 1558 968; x_wconf 87' lang='lat' dir='ltr'><strong>sed</strong></span> <span class='ocrx_word' id='word_1_367' title='bbox 1582 941 1609 969; x_wconf 89' lang='lat' dir='ltr'><strong>in</strong></span> <span class='ocrx_word' id='word_1_368' title='bbox 1629 941 1720 978; x_wconf 87' lang='lat' dir='ltr'><strong>seipso</strong></span> 
     </span>
    </p>
   </div>
   <div class='ocr_carea' id='block_1_50' title="bbox 923 985 1722 1015">
    <p class='ocr_par' dir='ltr' id='par_1_50' title="bbox 923 985 1722 1015">
     <span class='ocr_line' id='line_1_50' title="bbox 923 985 1722 1015; baseline -0.001 -1"><span class='ocrx_word' id='word_1_369' title='bbox 923 987 1072 1015; x_wconf 84' lang='lat' dir='ltr'><strong>conﬁdere.</strong></span> <span class='ocrx_word' id='word_1_370' title='bbox 1095 985 1233 1013; x_wconf 78' lang='lat' dir='ltr'><strong>Admirari</strong></span> <span class='ocrx_word' id='word_1_371' title='bbox 1265 990 1357 1014; x_wconf 87' lang='lat' dir='ltr'><strong>autem</strong></span> <span class='ocrx_word' id='word_1_372' title='bbox 1379 985 1457 1013; x_wconf 85' lang='lat' dir='ltr'><strong>decet</strong></span> <span class='ocrx_word' id='word_1_373' title='bbox 1480 985 1593 1013; x_wconf 86' lang='lat' dir='ltr'><strong>Domini</strong></span> <span class='ocrx_word' id='word_1_374' title='bbox 1613 985 1722 1013; x_wconf 87' lang='lat' dir='ltr'><strong>miseri-</strong></span> 
     </span>
    </p>
   </div>
   <div class='ocr_carea' id='block_1_51' title="bbox 923 1029 1720 1066">
    <p class='ocr_par' dir='ltr' id='par_1_51' title="bbox 923 1029 1720 1066">
     <span class='ocr_line' id='line_1_51' title="bbox 923 1029 1720 1066; baseline -0.001 -7"><span class='ocrx_word' id='word_1_375' title='bbox 923 1031 1057 1064; x_wconf 91' lang='lat' dir='ltr'><strong>cordiam,</strong></span> <span class='ocrx_word' id='word_1_376' title='bbox 1072 1031 1119 1066; x_wconf 87' lang='lat' dir='ltr'><strong>qui</strong></span> <span class='ocrx_word' id='word_1_377' title='bbox 1133 1038 1195 1058; x_wconf 93' lang='lat' dir='ltr'><strong>cum</strong></span> <span class='ocrx_word' id='word_1_378' title='bbox 1212 1030 1311 1066; x_wconf 77' lang='lat' dir='ltr'><strong>ligatus</strong></span> <span class='ocrx_word' id='word_1_379' title='bbox 1325 1034 1398 1058; x_wconf 86' lang='lat' dir='ltr'><strong>esset</strong></span> <span class='ocrx_word' id='word_1_380' title='bbox 1412 1034 1439 1057; x_wconf 89' lang='lat' dir='ltr'><strong>et</strong></span> <span class='ocrx_word' id='word_1_381' title='bbox 1451 1029 1642 1062; x_wconf 87' lang='lat' dir='ltr'><strong>abduceretur,</strong></span> <span class='ocrx_word' id='word_1_382' title='bbox 1663 1037 1720 1058; x_wconf 87' lang='lat' dir='ltr'><strong>non</strong></span> 
     </span>
    </p>
   </div>
   <div class='ocr_carea' id='block_1_52' title="bbox 922 1073 1718 1110">
    <p class='ocr_par' dir='ltr' id='par_1_52' title="bbox 922 1073 1718 1110">
     <span class='ocr_line' id='line_1_52' title="bbox 922 1073 1718 1110; baseline 0 -8"><span class='ocrx_word' id='word_1_383' title='bbox 922 1075 1068 1109; x_wconf 73' lang='lat' dir='ltr'><strong>neglexerit</strong></span> <span class='ocrx_word' id='word_1_384' title='bbox 1076 1075 1249 1110; x_wconf 83' lang='lat' dir='ltr'><strong>discipulum,</strong></span> <span class='ocrx_word' id='word_1_385' title='bbox 1256 1074 1304 1102; x_wconf 88' lang='lat' dir='ltr'><strong>sed</strong></span> <span class='ocrx_word' id='word_1_386' title='bbox 1310 1081 1457 1102; x_wconf 88' lang='lat' dir='ltr'><strong>conversus</strong></span> <span class='ocrx_word' id='word_1_387' title='bbox 1464 1073 1534 1101; x_wconf 87' lang='lat' dir='ltr'><strong>vidit</strong></span> <span class='ocrx_word' id='word_1_388' title='bbox 1541 1075 1653 1102; x_wconf 89' lang='lat' dir='ltr'><strong>Petrum</strong></span> <span class='ocrx_word' id='word_1_389' title='bbox 1661 1073 1684 1090; x_wconf 74' lang='grc'><strong>’⁷</strong></span> <span class='ocrx_word' id='word_1_390' title='bbox 1696 1076 1718 1108; x_wconf 86' lang='grc'><strong>¹’,</strong></span> 
     </span>
    </p>
   </div>
   <div class='ocr_carea' id='block_1_53' title="bbox 923 1118 1721 1154">
    <p class='ocr_par' dir='ltr' id='par_1_53' title="bbox 923 1118 1721 1154">
     <span class='ocr_line' id='line_1_53' title="bbox 923 1118 1721 1154; baseline -0.003 -7"><span class='ocrx_word' id='word_1_391' title='bbox 923 1120 994 1147; x_wconf 87' lang='lat' dir='ltr'><strong>sicut</strong></span> <span class='ocrx_word' id='word_1_392' title='bbox 1015 1119 1084 1146; x_wconf 84' lang='lat' dir='ltr'><strong>alius</strong></span> <span class='ocrx_word' id='word_1_393' title='bbox 1098 1119 1259 1154; x_wconf 76' lang='lat' dir='ltr'><strong>evangelista</strong></span> <span class='ocrx_word' id='word_1_394' title='bbox 1283 1118 1360 1153; x_wconf 87' lang='lat' dir='ltr'><strong>dicit,</strong></span> <span class='ocrx_word' id='word_1_395' title='bbox 1387 1122 1415 1145; x_wconf 90' lang='lat' dir='ltr'><strong>et</strong></span> <span class='ocrx_word' id='word_1_396' title='bbox 1437 1122 1548 1154; x_wconf 85' lang='lat' dir='ltr'><strong>aspectu</strong></span> <span class='ocrx_word' id='word_1_397' title='bbox 1570 1118 1721 1154; x_wconf 72' lang='lat' dir='ltr'><strong>opprobra:</strong></span> 
     </span>
    </p>
   </div>
   <div class='ocr_carea' id='block_1_54' title="bbox 923 1163 1720 1200">
    <p class='ocr_par' dir='ltr' id='par_1_54' title="bbox 923 1163 1720 1200">
     <span class='ocr_line' id='line_1_54' title="bbox 923 1163 1720 1200; baseline 0 -8"><span class='ocrx_word' id='word_1_398' title='bbox 923 1164 947 1192; x_wconf 91' lang='lat' dir='ltr'><strong>ei</strong></span> <span class='ocrx_word' id='word_1_399' title='bbox 962 1163 1162 1196; x_wconf 81' lang='lat' dir='ltr'><strong>inﬁrmitatem,</strong></span> <span class='ocrx_word' id='word_1_400' title='bbox 1177 1168 1204 1191; x_wconf 88' lang='lat' dir='ltr'><strong>et</strong></span> <span class='ocrx_word' id='word_1_401' title='bbox 1218 1163 1253 1191; x_wconf 89' lang='lat' dir='ltr'><strong>ad</strong></span> <span class='ocrx_word' id='word_1_402' title='bbox 1275 1163 1466 1199; x_wconf 63' lang='lat' dir='ltr'><strong>paenitentiam</strong></span> <span class='ocrx_word' id='word_1_403' title='bbox 1481 1171 1512 1191; x_wconf 88' lang='lat' dir='ltr'><strong>ac</strong></span> <span class='ocrx_word' id='word_1_404' title='bbox 1524 1163 1658 1200; x_wconf 87' lang='lat' dir='ltr'><strong>lacrymas</strong></span> <span class='ocrx_word' id='word_1_405' title='bbox 1673 1171 1720 1192; x_wconf 76' lang='lat' dir='ltr'><strong>ex-</strong></span> 
     </span>
    </p>
   </div>
   <div class='ocr_carea' id='block_1_55' title="bbox 922 1207 1720 1244">
    <p class='ocr_par' dir='ltr' id='par_1_55' title="bbox 922 1207 1720 1244">
     <span class='ocr_line' id='line_1_55' title="bbox 922 1207 1720 1244; baseline 0.001 -9"><span class='ocrx_word' id='word_1_406' title='bbox 922 1208 997 1236; x_wconf 89' lang='lat' dir='ltr'><strong>citat.</strong></span> <span class='ocrx_word' id='word_1_407' title='bbox 1021 1207 1101 1244; x_wconf 87' lang='lat' dir='ltr'><strong>Quod</strong></span> <span class='ocrx_word' id='word_1_408' title='bbox 1116 1212 1206 1235; x_wconf 88' lang='lat' dir='ltr'><strong>autem</strong></span> <span class='ocrx_word' id='word_1_409' title='bbox 1228 1212 1292 1236; x_wconf 87' lang='lat' dir='ltr'><strong>tunc</strong></span> <span class='ocrx_word' id='word_1_410' title='bbox 1314 1207 1414 1235; x_wconf 91' lang='lat' dir='ltr'><strong>accidit</strong></span> <span class='ocrx_word' id='word_1_411' title='bbox 1435 1208 1526 1241; x_wconf 81' lang='lat' dir='ltr'><strong>Petro,</strong></span> <span class='ocrx_word' id='word_1_412' title='bbox 1545 1207 1628 1235; x_wconf 87' lang='lat' dir='ltr'><strong>etiam</strong></span> <span class='ocrx_word' id='word_1_413' title='bbox 1646 1216 1720 1236; x_wconf 87' lang='lat' dir='ltr'><strong>nunc</strong></span> 
     </span>
    </p>
   </div>
   <div class='ocr_carea' id='block_1_56' title="bbox 923 1253 1717 1289">
    <p class='ocr_par' dir='ltr' id='par_1_56' title="bbox 923 1253 1717 1289">
     <span class='ocr_line' id='line_1_56' title="bbox 923 1253 1717 1289; baseline 0.003 -9"><span class='ocrx_word' id='word_1_414' title='bbox 923 1253 1012 1282; x_wconf 85' lang='lat' dir='ltr'><strong>videre</strong></span> <span class='ocrx_word' id='word_1_415' title='bbox 1034 1254 1096 1281; x_wconf 90' lang='lat' dir='ltr'><strong>licet</strong></span> <span class='ocrx_word' id='word_1_416' title='bbox 1119 1254 1227 1281; x_wconf 81' lang='lat' dir='ltr'><strong>evenire</strong></span> <span class='ocrx_word' id='word_1_417' title='bbox 1249 1253 1352 1280; x_wconf 91' lang='lat' dir='ltr'><strong>multis.</strong></span> <span class='ocrx_word' id='word_1_418' title='bbox 1381 1254 1451 1281; x_wconf 88' lang='lat' dir='ltr'><strong>Nam</strong></span> <span class='ocrx_word' id='word_1_419' title='bbox 1480 1253 1583 1287; x_wconf 78' lang='lat' dir='ltr'><strong>ligatur</strong></span> <span class='ocrx_word' id='word_1_420' title='bbox 1609 1253 1717 1289; x_wconf 88' lang='lat' dir='ltr'><strong>quidem</strong></span> 
     </span>
    </p>
   </div>
   <div class='ocr_carea' id='block_1_57' title="bbox 922 1297 1719 1333">
    <p class='ocr_par' dir='ltr' id='par_1_57' title="bbox 922 1297 1719 1333">
     <span class='ocr_line' id='line_1_57' title="bbox 922 1297 1719 1333; baseline 0.001 -9"><span class='ocrx_word' id='word_1_421' title='bbox 922 1305 1014 1325; x_wconf 85' lang='lat' dir='ltr'><strong>sermo</strong></span> <span class='ocrx_word' id='word_1_422' title='bbox 1035 1297 1083 1324; x_wconf 82' lang='lat' dir='ltr'><strong>Dei</strong></span> <span class='ocrx_word' id='word_1_423' title='bbox 1097 1297 1141 1333; x_wconf 90' lang='lat' dir='ltr'><strong>qui</strong></span> <span class='ocrx_word' id='word_1_424' title='bbox 1161 1297 1189 1325; x_wconf 95' lang='lat' dir='ltr'><strong>in</strong></span> <span class='ocrx_word' id='word_1_425' title='bbox 1207 1297 1286 1325; x_wconf 86' lang='lat' dir='ltr'><strong>nobis</strong></span> <span class='ocrx_word' id='word_1_426' title='bbox 1301 1301 1353 1328; x_wconf 84' lang='lat' dir='ltr'><strong>est.</strong></span> <span class='ocrx_word' id='word_1_427' title='bbox 1373 1302 1401 1324; x_wconf 89' lang='lat' dir='ltr'><strong>et</strong></span> <span class='ocrx_word' id='word_1_428' title='bbox 1416 1297 1494 1333; x_wconf 88' lang='lat' dir='ltr'><strong>quasi</strong></span> <span class='ocrx_word' id='word_1_429' title='bbox 1507 1297 1628 1333; x_wconf 87' lang='lat' dir='ltr'><strong>captivus</strong></span> <span class='ocrx_word' id='word_1_430' title='bbox 1642 1297 1719 1326; x_wconf 89' lang='lat' dir='ltr'><strong>duci-</strong></span> 
     </span>
    </p>
   </div>
   <div class='ocr_carea' id='block_1_58' title="bbox 921 1342 1715 1378">
    <p class='ocr_par' dir='ltr' id='par_1_58' title="bbox 921 1342 1715 1378">
     <span class='ocr_line' id='line_1_58' title="bbox 921 1342 1715 1378; baseline 0.003 -9"><span class='ocrx_word' id='word_1_431' title='bbox 921 1345 978 1375; x_wconf 87' lang='lat' dir='ltr'><strong>tur,</strong></span> <span class='ocrx_word' id='word_1_432' title='bbox 993 1342 1048 1370; x_wconf 86' lang='lat' dir='ltr'><strong>sive</strong></span> <span class='ocrx_word' id='word_1_433' title='bbox 1069 1350 1084 1370; x_wconf 86' lang='lat' dir='ltr'><strong>a</strong></span> <span class='ocrx_word' id='word_1_434' title='bbox 1099 1342 1249 1378; x_wconf 81' lang='lat' dir='ltr'><strong>voluptate,</strong></span> <span class='ocrx_word' id='word_1_435' title='bbox 1272 1342 1328 1370; x_wconf 89' lang='lat' dir='ltr'><strong>sive</strong></span> <span class='ocrx_word' id='word_1_436' title='bbox 1347 1351 1363 1370; x_wconf 92' lang='lat' dir='ltr'><strong>a</strong></span> <span class='ocrx_word' id='word_1_437' title='bbox 1378 1342 1486 1370; x_wconf 85' lang='lat' dir='ltr'><strong>tristitia</strong></span> <span class='ocrx_word' id='word_1_438' title='bbox 1502 1342 1529 1370; x_wconf 93' lang='lat' dir='ltr'><strong>in</strong></span> <span class='ocrx_word' id='word_1_439' title='bbox 1552 1343 1715 1372; x_wconf 83' lang='lat' dir='ltr'><strong>servitutem</strong></span> 
     </span>
    </p>
   </div>
   <div class='ocr_carea' id='block_1_59' title="bbox 921 1386 1717 1423">
    <p class='ocr_par' dir='ltr' id='par_1_59' title="bbox 921 1386 1717 1423">
     <span class='ocr_line' id='line_1_59' title="bbox 921 1386 1717 1423; baseline 0.001 -9"><span class='ocrx_word' id='word_1_440' title='bbox 921 1386 1056 1415; x_wconf 86' lang='lat' dir='ltr'><strong>redactus.</strong></span> <span class='ocrx_word' id='word_1_441' title='bbox 1071 1388 1195 1423; x_wconf 90' lang='lat' dir='ltr'><strong>Utroque</strong></span> <span class='ocrx_word' id='word_1_442' title='bbox 1209 1388 1282 1415; x_wconf 89' lang='lat' dir='ltr'><strong>enim</strong></span> <span class='ocrx_word' id='word_1_443' title='bbox 1299 1387 1382 1416; x_wconf 90' lang='lat' dir='ltr'><strong>modo</strong></span> <span class='ocrx_word' id='word_1_444' title='bbox 1398 1387 1533 1415; x_wconf 85' lang='lat' dir='ltr'><strong>vincimur</strong></span> <span class='ocrx_word' id='word_1_445' title='bbox 1553 1391 1581 1415; x_wconf 88' lang='lat' dir='ltr'><strong>et</strong></span> <span class='ocrx_word' id='word_1_446' title='bbox 1603 1387 1717 1416; x_wconf 87' lang='lat' dir='ltr'><strong>abduci-</strong></span> 
     </span>
    </p>
   </div>
   <div class='ocr_carea' id='block_1_60' title="bbox 921 1431 1717 1468">
    <p class='ocr_par' dir='ltr' id='par_1_60' title="bbox 921 1431 1717 1468">
     <span class='ocr_line' id='line_1_60' title="bbox 921 1431 1717 1468; baseline 0.001 -9"><span class='ocrx_word' id='word_1_447' title='bbox 921 1440 992 1466; x_wconf 90' lang='lat' dir='ltr'><strong>mur,</strong></span> <span class='ocrx_word' id='word_1_448' title='bbox 1009 1433 1050 1460; x_wconf 86' lang='lat' dir='ltr'><strong>vel</strong></span> <span class='ocrx_word' id='word_1_449' title='bbox 1080 1440 1136 1467; x_wconf 76' lang='lat' dir='ltr'><strong>pra:</strong></span> <span class='ocrx_word' id='word_1_450' title='bbox 1162 1433 1311 1468; x_wconf 85' lang='lat' dir='ltr'><strong>prosperis,</strong></span> <span class='ocrx_word' id='word_1_451' title='bbox 1330 1432 1370 1460; x_wconf 90' lang='lat' dir='ltr'><strong>vel</strong></span> <span class='ocrx_word' id='word_1_452' title='bbox 1397 1439 1453 1468; x_wconf 66' lang='lat' dir='ltr'><strong>prae</strong></span> <span class='ocrx_word' id='word_1_453' title='bbox 1477 1432 1598 1460; x_wconf 88' lang='lat' dir='ltr'><strong>adversis</strong></span> <span class='ocrx_word' id='word_1_454' title='bbox 1621 1431 1717 1460; x_wconf 91' lang='lat' dir='ltr'><strong>mundi</strong></span> 
     </span>
    </p>
   </div>
   <div class='ocr_carea' id='block_1_61' title="bbox 920 1477 1718 1513">
    <p class='ocr_par' dir='ltr' id='par_1_61' title="bbox 920 1477 1718 1513">
     <span class='ocr_line' id='line_1_61' title="bbox 920 1477 1718 1513; baseline 0.001 -9"><span class='ocrx_word' id='word_1_455' title='bbox 920 1478 1011 1504; x_wconf 87' lang='lat' dir='ltr'><strong>Deum</strong></span> <span class='ocrx_word' id='word_1_456' title='bbox 1035 1477 1232 1505; x_wconf 83' lang='lat' dir='ltr'><strong>obliviscentes.</strong></span> <span class='ocrx_word' id='word_1_457' title='bbox 1256 1479 1289 1504; x_wconf 88' lang='lat' dir='ltr'><strong>Et</strong></span> <span class='ocrx_word' id='word_1_458' title='bbox 1305 1477 1504 1505; x_wconf 78' lang='lat' dir='ltr'><strong>condemnatur</strong></span> <span class='ocrx_word' id='word_1_459' title='bbox 1527 1477 1636 1513; x_wconf 89' lang='lat' dir='ltr'><strong>quidem</strong></span> <span class='ocrx_word' id='word_1_460' title='bbox 1659 1485 1718 1505; x_wconf 89' lang='lat' dir='ltr'><strong>ser-</strong></span> 
     </span>
    </p>
   </div>
   <div class='ocr_carea' id='block_1_62' title="bbox 68 1520 861 1562">
    <p class='ocr_par' dir='ltr' id='par_1_62' title="bbox 68 1520 861 1562">
     <span class='ocr_line' id='line_1_62' title="bbox 68 1520 861 1562; baseline 0.004 -14"><span class='ocrx_word' id='word_1_461' title='bbox 68 1520 224 1557; x_wconf 75' lang='grc' dir='ltr'>θανόμενοι,</span> <span class='ocrx_word' id='word_1_462' title='bbox 246 1520 293 1549; x_wconf 77' lang='grc' dir='ltr'><strong>καὶ</strong></span> <span class='ocrx_word' id='word_1_463' title='bbox 311 1521 498 1560; x_wconf 77' lang='grc' dir='ltr'>κατακρίνεται</span> <span class='ocrx_word' id='word_1_464' title='bbox 517 1520 564 1559; x_wconf 70' lang='grc' dir='ltr'>μὶν</span> <span class='ocrx_word' id='word_1_465' title='bbox 585 1522 600 1550; x_wconf 83' lang='grc' dir='ltr'><strong>ὃ</strong></span> <span class='ocrx_word' id='word_1_466' title='bbox 617 1521 707 1560; x_wconf 83' lang='grc' dir='ltr'>λόγος,</span> <span class='ocrx_word' id='word_1_467' title='bbox 723 1526 784 1562; x_wconf 72' lang='grc' dir='ltr'>νικᾷ</span> <span class='ocrx_word' id='word_1_468' title='bbox 807 1522 833 1551; x_wconf 83' lang='grc' dir='ltr'>δὲ</span> <span class='ocrx_word' id='word_1_469' title='bbox 848 1525 861 1558; x_wconf 65' lang='grc' dir='ltr'>ἦ</span> 
     </span>
    </p>
   </div>
   <div class='ocr_carea' id='block_1_63' title="bbox 921 1520 1718 1562">
    <p class='ocr_par' dir='ltr' id='par_1_63' title="bbox 921 1521 1718 1558">
     <span class='ocr_line' id='line_1_63' title="bbox 921 1521 1718 1558; baseline 0.001 -9"><span class='ocrx_word' id='word_1_470' title='bbox 921 1529 973 1555; x_wconf 85' lang='lat' dir='ltr'><strong>mo,</strong></span> <span class='ocrx_word' id='word_1_471' title='bbox 989 1521 1071 1549; x_wconf 84' lang='lat' dir='ltr'><strong>vincit</strong></span> <span class='ocrx_word' id='word_1_472' title='bbox 1083 1525 1176 1549; x_wconf 88' lang='lat' dir='ltr'><strong>autem</strong></span> <span class='ocrx_word' id='word_1_473' title='bbox 1200 1521 1364 1549; x_wconf 84' lang='lat' dir='ltr'><strong>absurditas.</strong></span> <span class='ocrx_word' id='word_1_474' title='bbox 1382 1523 1415 1549; x_wconf 86' lang='lat' dir='ltr'><strong>Et</strong></span> <span class='ocrx_word' id='word_1_475' title='bbox 1430 1529 1524 1549; x_wconf 84' lang='lat' dir='ltr'><strong>servus</strong></span> <span class='ocrx_word' id='word_1_476' title='bbox 1537 1523 1615 1558; x_wconf 85' lang='lat' dir='ltr'><strong>alapa</strong></span> <span class='ocrx_word' id='word_1_477' title='bbox 1634 1522 1718 1550; x_wconf 75' lang='lat' dir='ltr'><strong>caedit</strong></span> 
     </span>
    </p>
   </div>
   <div class='ocr_carea' id='block_1_64' title="bbox 67 1564 866 1606">
    <p class='ocr_par' dir='ltr' id='par_1_64' title="bbox 67 1564 866 1606">
     <span class='ocr_line' id='line_1_64' title="bbox 67 1564 866 1606; baseline 0.005 -14"><span class='ocrx_word' id='word_1_478' title='bbox 67 1564 180 1603; x_wconf 80' lang='grc' dir='ltr'>ἀλογία,</span> <span class='ocrx_word' id='word_1_479' title='bbox 198 1564 243 1593; x_wconf 80' lang='grc' dir='ltr'><strong>καὶ</strong></span> <span class='ocrx_word' id='word_1_480' title='bbox 261 1567 275 1594; x_wconf 91' lang='lat'><strong>6</strong></span> <span class='ocrx_word' id='word_1_481' title='bbox 291 1565 379 1598; x_wconf 79' lang='grc' dir='ltr'>δοῦλος</span> <span class='ocrx_word' id='word_1_482' title='bbox 399 1566 503 1606; x_wconf 80' lang='grc' dir='ltr'>ῥαπίζει</span> <span class='ocrx_word' id='word_1_483' title='bbox 522 1565 566 1594; x_wconf 81' lang='grc' dir='ltr'><strong>τὸν</strong></span> <span class='ocrx_word' id='word_1_484' title='bbox 582 1565 730 1602; x_wconf 66' lang='grc' dir='ltr'>δεσπότην·</span> <span class='ocrx_word' id='word_1_485' title='bbox 748 1569 866 1597; x_wconf 77' lang='grc' dir='ltr'>τοιοῦτον</span> 
     </span>
    </p>
   </div>
   <div class='ocr_carea' id='block_1_65' title="bbox 66 1609 862 1649">
    <p class='ocr_par' dir='ltr' id='par_1_65' title="bbox 66 1609 862 1649">
     <span class='ocr_line' id='line_1_65' title="bbox 66 1609 862 1649; baseline 0.005 -13"><span class='ocrx_word' id='word_1_486' title='bbox 66 1609 117 1648; x_wconf 71' lang='grc' dir='ltr'><strong>γὰρ</strong></span> <span class='ocrx_word' id='word_1_487' title='bbox 140 1611 158 1644; x_wconf 87' lang='grc' dir='ltr'>ἡ</span> <span class='ocrx_word' id='word_1_488' title='bbox 180 1611 232 1638; x_wconf 79' lang='grc' dir='ltr'><strong>τῶν</strong></span> <span class='ocrx_word' id='word_1_489' title='bbox 256 1611 346 1639; x_wconf 77' lang='grc' dir='ltr'>παθῶν</span> <span class='ocrx_word' id='word_1_490' title='bbox 369 1610 557 1644; x_wconf 79' lang='grc' dir='ltr'>ἐπανάστασις.</span> <span class='ocrx_word' id='word_1_491' title='bbox 579 1610 613 1640; x_wconf 91' lang='grc' dir='ltr'>Ὁ</span> <span class='ocrx_word' id='word_1_492' title='bbox 639 1610 667 1640; x_wconf 81' lang='grc' dir='ltr'>δὲ</span> <span class='ocrx_word' id='word_1_493' title='bbox 689 1613 748 1644; x_wconf 77' lang='grc' dir='ltr'>νοῦς</span> <span class='ocrx_word' id='word_1_494' title='bbox 768 1614 862 1649; x_wconf 79' lang='grc' dir='ltr'>ἡμῶν,</span> 
     </span>
    </p>
   </div>
   <div class='ocr_carea' id='block_1_66' title="bbox 66 1649 862 1695">
    <p class='ocr_par' dir='ltr' id='par_1_66' title="bbox 66 1649 862 1695">
     <span class='ocr_line' id='line_1_66' title="bbox 66 1649 862 1695; baseline 0.004 -13"><span class='ocrx_word' id='word_1_495' title='bbox 66 1649 110 1682; x_wconf 78' lang='grc' dir='ltr'>οἷοὶ</span> <span class='ocrx_word' id='word_1_496' title='bbox 128 1665 169 1686; x_wconf 85' lang='grc' dir='ltr'><strong>τις</strong></span> <span class='ocrx_word' id='word_1_497' title='bbox 192 1653 305 1694; x_wconf 81' lang='grc' dir='ltr'>Πέτρος,</span> <span class='ocrx_word' id='word_1_498' title='bbox 328 1654 456 1688; x_wconf 75' lang='grc' dir='ltr'>πολλάκις</span> <span class='ocrx_word' id='word_1_499' title='bbox 480 1656 680 1692; x_wconf 81' lang='grc' dir='ltr'>αὖθαὸιάζεται,</span> <span class='ocrx_word' id='word_1_500' title='bbox 707 1657 741 1688; x_wconf 84' lang='grc' dir='ltr'>ὡς</span> <span class='ocrx_word' id='word_1_501' title='bbox 769 1658 798 1685; x_wconf 84' lang='grc' dir='ltr'>οὐ</span> <span class='ocrx_word' id='word_1_502' title='bbox 825 1657 862 1695; x_wconf 81' lang='grc' dir='ltr'><strong>μὴ</strong></span> 
     </span>
    </p>
   </div>
   <div class='ocr_carea' id='block_1_67' title="bbox 65 1697 864 1739">
    <p class='ocr_par' dir='ltr' id='par_1_67' title="bbox 65 1697 864 1739">
     <span class='ocr_line' id='line_1_67' title="bbox 65 1697 864 1739; baseline 0.006 -14"><span class='ocrx_word' id='word_1_503' title='bbox 65 1697 216 1736; x_wconf 76' lang='grc' dir='ltr'>ἆρνήσ-ηται</span> <span class='ocrx_word' id='word_1_504' title='bbox 235 1699 280 1727; x_wconf 81' lang='grc' dir='ltr'><strong>τὸν</strong></span> <span class='ocrx_word' id='word_1_505' title='bbox 297 1699 392 1738; x_wconf 80' lang='grc' dir='ltr'>λόγον,</span> <span class='ocrx_word' id='word_1_506' title='bbox 412 1700 452 1728; x_wconf 88' lang='grc' dir='ltr'><strong>διὸ</strong></span> <span class='ocrx_word' id='word_1_507' title='bbox 473 1699 519 1728; x_wconf 80' lang='grc' dir='ltr'><strong>καὶ</strong></span> <span class='ocrx_word' id='word_1_508' title='bbox 534 1699 640 1729; x_wconf 74' lang='grc' dir='ltr'>ἵσταται</span> <span class='ocrx_word' id='word_1_509' title='bbox 661 1700 707 1730; x_wconf 76' lang='grc' dir='ltr'><strong>καὶ</strong></span> <span class='ocrx_word' id='word_1_510' title='bbox 727 1701 864 1739; x_wconf 84' lang='grc' dir='ltr'>θερμαίνε-</span> 
     </span>
    </p>
   </div>
   <div class='ocr_carea' id='block_1_68' title="bbox 66 1741 864 1783">
    <p class='ocr_par' dir='ltr' id='par_1_68' title="bbox 66 1741 864 1783">
     <span class='ocr_line' id='line_1_68' title="bbox 66 1741 864 1783; baseline 0.006 -13"><span class='ocrx_word' id='word_1_511' title='bbox 66 1754 120 1772; x_wconf 74' lang='grc' dir='ltr'>ται.</span> <span class='ocrx_word' id='word_1_512' title='bbox 144 1741 275 1773; x_wconf 77' lang='grc' dir='ltr'>Ἵσταται</span> <span class='ocrx_word' id='word_1_513' title='bbox 301 1743 364 1781; x_wconf 85' lang='grc' dir='ltr'>μὲν,</span> <span class='ocrx_word' id='word_1_514' title='bbox 387 1745 423 1777; x_wconf 76' lang='grc' dir='ltr'><strong>ὣς</strong></span> <span class='ocrx_word' id='word_1_515' title='bbox 442 1744 480 1782; x_wconf 80' lang='grc' dir='ltr'><strong>μὴ</strong></span> <span class='ocrx_word' id='word_1_516' title='bbox 500 1744 664 1783; x_wconf 79' lang='grc' dir='ltr'>κλινάμενος,</span> <span class='ocrx_word' id='word_1_517' title='bbox 685 1746 752 1783; x_wconf 81' lang='grc' dir='ltr'>μηδὲ</span> <span class='ocrx_word' id='word_1_518' title='bbox 766 1747 864 1775; x_wconf 73' lang='grc' dir='ltr'>ὑποτα-</span> 
     </span>
    </p>
   </div>
   <div class='ocr_carea' id='block_1_69' title="bbox 64 1788 864 1828">
    <p class='ocr_par' dir='ltr' id='par_1_69' title="bbox 64 1788 864 1828">
     <span class='ocr_line' id='line_1_69' title="bbox 64 1788 864 1828; baseline 0.005 -12"><span class='ocrx_word' id='word_1_519' title='bbox 64 1788 251 1825; x_wconf 81' lang='grc' dir='ltr'>ττεινούμενος,</span> <span class='ocrx_word' id='word_1_520' title='bbox 266 1789 326 1818; x_wconf 83' lang='grc' dir='ltr'>ἀλλ’</span> <span class='ocrx_word' id='word_1_521' title='bbox 343 1788 387 1818; x_wconf 81' lang='grc' dir='ltr'>ἐπὶ</span> <span class='ocrx_word' id='word_1_522' title='bbox 401 1791 448 1824; x_wconf 72' lang='grc' dir='ltr'><strong>τῆς</strong></span> <span class='ocrx_word' id='word_1_523' title='bbox 460 1789 596 1822; x_wconf 75' lang='grc' dir='ltr'>αὐθαδείας</span> <span class='ocrx_word' id='word_1_524' title='bbox 611 1790 752 1828; x_wconf 74' lang='grc' dir='ltr'>ἱστάμενος</span> <span class='ocrx_word' id='word_1_525' title='bbox 767 1791 864 1828; x_wconf 82' lang='grc' dir='ltr'>ὁμοίως</span> 
     </span>
    </p>
   </div>
   <div class='ocr_carea' id='block_1_70' title="bbox 65 1829 862 1873">
    <p class='ocr_par' dir='ltr' id='par_1_70' title="bbox 65 1829 862 1873">
     <span class='ocr_line' id='line_1_70' title="bbox 65 1829 862 1873; baseline 0.004 -13"><span class='ocrx_word' id='word_1_526' title='bbox 65 1832 110 1861; x_wconf 74' lang='grc' dir='ltr'><strong>καὶ</strong></span> <span class='ocrx_word' id='word_1_527' title='bbox 140 1832 238 1870; x_wconf 81' lang='grc' dir='ltr'>μένων,</span> <span class='ocrx_word' id='word_1_528' title='bbox 262 1833 458 1873; x_wconf 81' lang='grc' dir='ltr'>Θερμαίνεσθαι</span> <span class='ocrx_word' id='word_1_529' title='bbox 481 1834 507 1862; x_wconf 86' lang='grc' dir='ltr'>δὲ</span> <span class='ocrx_word' id='word_1_530' title='bbox 532 1833 653 1872; x_wconf 86' lang='grc' dir='ltr'>λέγεται,</span> <span class='ocrx_word' id='word_1_531' title='bbox 680 1829 723 1863; x_wconf 81' lang='grc' dir='ltr'>οἶα</span> <span class='ocrx_word' id='word_1_532' title='bbox 750 1834 782 1870; x_wconf 83' lang='grc' dir='ltr'><strong>δὴ</strong></span> <span class='ocrx_word' id='word_1_533' title='bbox 809 1835 862 1864; x_wconf 73' lang='grc' dir='ltr'>ἀπὸ</span> 
     </span>
    </p>
   </div>
   <div class='ocr_carea' id='block_1_71' title="bbox 66 1876 863 1918">
    <p class='ocr_par' dir='ltr' id='par_1_71' title="bbox 66 1876 863 1918">
     <span class='ocr_line' id='line_1_71' title="bbox 66 1876 863 1918; baseline 0.005 -14"><span class='ocrx_word' id='word_1_534' title='bbox 66 1876 228 1916; x_wconf 79' lang='grc' dir='ltr'>θερμότητος</span> <span class='ocrx_word' id='word_1_535' title='bbox 252 1877 298 1906; x_wconf 82' lang='grc' dir='ltr'><strong>καὶ</strong></span> <span class='ocrx_word' id='word_1_536' title='bbox 319 1877 402 1918; x_wconf 72' lang='grc' dir='ltr'>τύφου</span> <span class='ocrx_word' id='word_1_537' title='bbox 416 1879 498 1907; x_wconf 77' lang='grc' dir='ltr'>νοσῶν</span> <span class='ocrx_word' id='word_1_538' title='bbox 522 1878 570 1914; x_wconf 80' lang='grc' dir='ltr'><strong>τὴν</strong></span> <span class='ocrx_word' id='word_1_539' title='bbox 594 1879 744 1908; x_wconf 81' lang='grc' dir='ltr'>αὐθάδειαν.</span> <span class='ocrx_word' id='word_1_540' title='bbox 769 1879 863 1918; x_wconf 82' lang='grc' dir='ltr'>Ἐλέγ-</span> 
     </span>
    </p>
   </div>
   <div class='ocr_carea' id='block_1_72' title="bbox 66 1921 863 1964">
    <p class='ocr_par' dir='ltr' id='par_1_72' title="bbox 66 1921 863 1964">
     <span class='ocr_line' id='line_1_72' title="bbox 66 1921 863 1964; baseline 0.005 -15"><span class='ocrx_word' id='word_1_541' title='bbox 66 1932 107 1961; x_wconf 76' lang='grc' dir='ltr'>χει</span> <span class='ocrx_word' id='word_1_542' title='bbox 123 1921 152 1950; x_wconf 79' lang='grc' dir='ltr'>δὲ</span> <span class='ocrx_word' id='word_1_543' title='bbox 174 1921 253 1950; x_wconf 72' lang='grc' dir='ltr'>αὐτὸν</span> <span class='ocrx_word' id='word_1_544' title='bbox 271 1922 418 1961; x_wconf 79' lang='grc' dir='ltr'>παιδίσκη,</span> <span class='ocrx_word' id='word_1_545' title='bbox 435 1923 517 1964; x_wconf 79' lang='grc' dir='ltr'>μικροί</span> <span class='ocrx_word' id='word_1_546' title='bbox 539 1935 576 1956; x_wconf 85' lang='grc' dir='ltr'><strong>τις</strong></span> <span class='ocrx_word' id='word_1_547' title='bbox 595 1924 693 1960; x_wconf 84' lang='grc' dir='ltr'>ἡδονὴ,</span> <span class='ocrx_word' id='word_1_548' title='bbox 713 1923 758 1953; x_wconf 75' lang='grc' dir='ltr'>καὶ</span> <span class='ocrx_word' id='word_1_549' title='bbox 783 1924 863 1960; x_wconf 78' lang='grc' dir='ltr'>θηλύ-</span> 
     </span>
    </p>
   </div>
   <div class='ocr_carea' id='block_1_73' title="bbox 64 1966 861 2007">
    <p class='ocr_par' dir='ltr' id='par_1_73' title="bbox 64 1966 861 2007">
     <span class='ocr_line' id='line_1_73' title="bbox 64 1966 861 2007; baseline 0.005 -13"><span class='ocrx_word' id='word_1_550' title='bbox 64 1977 164 2004; x_wconf 84' lang='grc' dir='ltr'>νουσα,</span> <span class='ocrx_word' id='word_1_551' title='bbox 185 1966 231 1995; x_wconf 71' lang='grc' dir='ltr'><strong>καὶ</strong></span> <span class='ocrx_word' id='word_1_552' title='bbox 257 1967 349 2000; x_wconf 83' lang='grc' dir='ltr'>εὐθέως</span> <span class='ocrx_word' id='word_1_553' title='bbox 372 1967 490 2006; x_wconf 84' lang='grc' dir='ltr'>οἷρνεῗται</span> <span class='ocrx_word' id='word_1_554' title='bbox 511 1967 556 1996; x_wconf 79' lang='grc' dir='ltr'><strong>τὸν</strong></span> <span class='ocrx_word' id='word_1_555' title='bbox 571 1967 665 2007; x_wconf 83' lang='grc' dir='ltr'>λόγον,</span> <span class='ocrx_word' id='word_1_556' title='bbox 686 1968 731 1997; x_wconf 76' lang='lat' dir='ltr'><strong>xui</strong></span> <span class='ocrx_word' id='word_1_557' title='bbox 799 1970 861 1998; x_wconf 80' lang='grc' dir='ltr'>ἀλο-</span> 
     </span>
    </p>
   </div>
   <div class='ocr_carea' id='block_1_74' title="bbox 64 2010 862 2052">
    <p class='ocr_par' dir='ltr' id='par_1_74' title="bbox 64 2010 862 2052">
     <span class='ocr_line' id='line_1_74' title="bbox 64 2010 862 2052; baseline 0.005 -13"><span class='ocrx_word' id='word_1_558' title='bbox 64 2011 108 2049; x_wconf 77' lang='grc' dir='ltr'><strong>γίᾳ</strong></span> <span class='ocrx_word' id='word_1_559' title='bbox 132 2010 278 2049; x_wconf 78' lang='grc' dir='ltr'>ὗπάγεται.</span> <span class='ocrx_word' id='word_1_560' title='bbox 303 2011 383 2041; x_wconf 80' lang='grc' dir='ltr'>Ἀλλὰ</span> <span class='ocrx_word' id='word_1_561' title='bbox 406 2012 451 2040; x_wconf 79' lang='grc' dir='ltr'>καὶ</span> <span class='ocrx_word' id='word_1_562' title='bbox 475 2011 527 2041; x_wconf 77' lang='grc' dir='ltr'><strong>ὓπό</strong></span> <span class='ocrx_word' id='word_1_563' title='bbox 551 2024 620 2047; x_wconf 84' lang='grc' dir='ltr'>τινος</span> <span class='ocrx_word' id='word_1_564' title='bbox 641 2016 792 2052; x_wconf 79' lang='grc' dir='ltr'>πειρασμοῦ</span> <span class='ocrx_word' id='word_1_565' title='bbox 816 2015 862 2043; x_wconf 56' lang='grc' dir='ltr'>λυ.</span> 
     </span>
    </p>
   </div>
   <div class='ocr_carea' id='block_1_75' title="bbox 63 2055 859 2097">
    <p class='ocr_par' dir='ltr' id='par_1_75' title="bbox 63 2055 859 2097">
     <span class='ocr_line' id='line_1_75' title="bbox 63 2055 859 2097; baseline 0.005 -14"><span class='ocrx_word' id='word_1_566' title='bbox 63 2057 150 2095; x_wconf 77' lang='grc' dir='ltr'>πηροῖῖ</span> <span class='ocrx_word' id='word_1_567' title='bbox 161 2055 314 2096; x_wconf 77' lang='grc' dir='ltr'>ἐλέγχεται,</span> <span class='ocrx_word' id='word_1_568' title='bbox 327 2056 418 2096; x_wconf 77' lang='grc' dir='ltr'>ὥσπερ</span> <span class='ocrx_word' id='word_1_569' title='bbox 433 2057 478 2086; x_wconf 83' lang='grc' dir='ltr'><strong>καὶ</strong></span> <span class='ocrx_word' id='word_1_570' title='bbox 493 2057 554 2086; x_wconf 80' lang='grc' dir='ltr'>τότε</span> <span class='ocrx_word' id='word_1_571' title='bbox 570 2056 671 2096; x_wconf 86' lang='grc' dir='ltr'>Πέτρος</span> <span class='ocrx_word' id='word_1_572' title='bbox 683 2057 733 2087; x_wconf 76' lang='grc' dir='ltr'>ὑπὸ</span> <span class='ocrx_word' id='word_1_573' title='bbox 749 2058 842 2088; x_wconf 81' lang='grc' dir='ltr'>δούλου</span> <span class='ocrx_word' id='word_1_574' title='bbox 851 2081 859 2097; x_wconf 83' lang='lat'><strong>,</strong></span> 
     </span>
    </p>
   </div>
   <div class='ocr_carea' id='block_1_76' title="bbox 63 2099 861 2136">
    <p class='ocr_par' dir='ltr' id='par_1_76' title="bbox 63 2099 861 2136">
     <span class='ocr_line' id='line_1_76' title="bbox 63 2099 861 2136; baseline 0.006 -8"><span class='ocrx_word' id='word_1_575' title='bbox 63 2100 106 2129; x_wconf 78' lang='grc' dir='ltr'><strong>καὶ</strong></span> <span class='ocrx_word' id='word_1_576' title='bbox 139 2099 223 2132; x_wconf 72' lang='grc' dir='ltr'>οὕτως</span> <span class='ocrx_word' id='word_1_577' title='bbox 250 2102 267 2136; x_wconf 80' lang='grc' dir='ltr'>ἡ</span> <span class='ocrx_word' id='word_1_578' title='bbox 301 2100 420 2130; x_wconf 75' lang='grc' dir='ltr'>ἀσθένεια</span> <span class='ocrx_word' id='word_1_579' title='bbox 455 2102 534 2131; x_wconf 74' lang='grc' dir='ltr'>αὐτοῦ</span> <span class='ocrx_word' id='word_1_580' title='bbox 568 2102 756 2132; x_wconf 80' lang='grc' dir='ltr'>διαδείκνυται.</span> <span class='ocrx_word' id='word_1_581' title='bbox 789 2102 861 2133; x_wconf 78' lang='grc' dir='ltr'>Ἀλλ’</span> 
     </span>
    </p>
   </div>
   <div class='ocr_carea' id='block_1_77' title="bbox 64 2143 860 2186">
    <p class='ocr_par' dir='ltr' id='par_1_77' title="bbox 64 2143 860 2186">
     <span class='ocr_line' id='line_1_77' title="bbox 64 2143 860 2186; baseline 0.005 -13"><span class='ocrx_word' id='word_1_582' title='bbox 64 2144 216 2183; x_wconf 71' lang='grc' dir='ltr'>εὖξώμεθοι,</span> <span class='ocrx_word' id='word_1_583' title='bbox 241 2143 286 2174; x_wconf 70' lang='grc' dir='ltr'>ἵνα</span> <span class='ocrx_word' id='word_1_584' title='bbox 311 2145 432 2186; x_wconf 76' lang='grc' dir='ltr'>ἐμϐλέψῃ</span> <span class='ocrx_word' id='word_1_585' title='bbox 457 2146 520 2184; x_wconf 87' lang='grc' dir='ltr'>ἡμῖν</span> <span class='ocrx_word' id='word_1_586' title='bbox 546 2146 648 2182; x_wconf 82' lang='grc' dir='ltr'>Ἰησοῦς</span> <span class='ocrx_word' id='word_1_587' title='bbox 671 2149 685 2176; x_wconf 91' lang='lat'><strong>6</strong></span> <span class='ocrx_word' id='word_1_588' title='bbox 707 2148 792 2186; x_wconf 82' lang='grc' dir='ltr'>Λόγος</span> <span class='ocrx_word' id='word_1_589' title='bbox 807 2150 860 2177; x_wconf 74' lang='grc' dir='ltr'><strong>τοῦ</strong></span> 
     </span>
    </p>
   </div>
   <div class='ocr_carea' id='block_1_78' title="bbox 65 2189 861 2232">
    <p class='ocr_par' dir='ltr' id='par_1_78' title="bbox 65 2189 861 2232">
     <span class='ocr_line' id='line_1_78' title="bbox 65 2189 861 2232; baseline 0.001 -12"><span class='ocrx_word' id='word_1_590' title='bbox 65 2191 149 2227; x_wconf 83' lang='grc' dir='ltr'>Θεοῦ,</span> <span class='ocrx_word' id='word_1_591' title='bbox 170 2189 217 2218; x_wconf 76' lang='grc' dir='ltr'><strong>καὶ</strong></span> <span class='ocrx_word' id='word_1_592' title='bbox 238 2191 274 2223; x_wconf 81' lang='grc' dir='ltr'><strong>εἰς</strong></span> <span class='ocrx_word' id='word_1_593' title='bbox 295 2190 436 2228; x_wconf 78' lang='grc' dir='ltr'>μετάνοιαν</span> <span class='ocrx_word' id='word_1_594' title='bbox 452 2191 498 2220; x_wconf 78' lang='grc' dir='ltr'>καὶ</span> <span class='ocrx_word' id='word_1_595' title='bbox 516 2191 618 2231; x_wconf 82' lang='grc' dir='ltr'>δάκρυα</span> <span class='ocrx_word' id='word_1_596' title='bbox 638 2191 770 2232; x_wconf 76' lang='grc' dir='ltr'>ἐξεγείρῃ,</span> <span class='ocrx_word' id='word_1_597' title='bbox 791 2192 861 2226; x_wconf 78' lang='grc' dir='ltr'>ἐξελ-</span> 
     </span>
    </p>
   </div>
   <div class='ocr_carea' id='block_1_79' title="bbox 63 2235 862 2276">
    <p class='ocr_par' dir='ltr' id='par_1_79' title="bbox 63 2235 862 2276">
     <span class='ocr_line' id='line_1_79' title="bbox 63 2235 862 2276; baseline 0.005 -13"><span class='ocrx_word' id='word_1_598' title='bbox 63 2236 152 2268; x_wconf 72' lang='grc' dir='ltr'>θόντας</span> <span class='ocrx_word' id='word_1_599' title='bbox 178 2236 252 2272; x_wconf 75' lang='grc' dir='ltr'>ἡμᾶς</span> <span class='ocrx_word' id='word_1_600' title='bbox 273 2235 323 2269; x_wconf 82' lang='grc' dir='ltr'><strong>ἔξω</strong></span> <span class='ocrx_word' id='word_1_601' title='bbox 346 2237 393 2271; x_wconf 73' lang='grc' dir='ltr'><strong>τῆς</strong></span> <span class='ocrx_word' id='word_1_602' title='bbox 415 2237 497 2271; x_wconf 76' lang='grc' dir='ltr'>αὐλῆς</span> <span class='ocrx_word' id='word_1_603' title='bbox 519 2238 564 2266; x_wconf 77' lang='grc' dir='ltr'>τοῦ</span> <span class='ocrx_word' id='word_1_604' title='bbox 591 2237 635 2266; x_wconf 75' lang='grc' dir='ltr'><strong>τὸν</strong></span> <span class='ocrx_word' id='word_1_605' title='bbox 663 2236 761 2276; x_wconf 82' lang='grc' dir='ltr'>Κύριον</span> <span class='ocrx_word' id='word_1_606' title='bbox 783 2249 862 2267; x_wconf 84' lang='grc' dir='ltr'>σταυ-</span> 
     </span>
    </p>
   </div>
   <div class='ocr_carea' id='block_1_80' title="bbox 64 2279 861 2322">
    <p class='ocr_par' dir='ltr' id='par_1_80' title="bbox 64 2279 861 2322">
     <span class='ocr_line' id='line_1_80' title="bbox 64 2279 861 2322; baseline 0.004 -14"><span class='ocrx_word' id='word_1_607' title='bbox 64 2283 168 2319; x_wconf 67' lang='grc' dir='ltr'>ροῦντος</span> <span class='ocrx_word' id='word_1_608' title='bbox 191 2279 349 2320; x_wconf 75' lang='grc' dir='ltr'>ἀρχιερέως,</span> <span class='ocrx_word' id='word_1_609' title='bbox 376 2279 404 2313; x_wconf 72' lang='grc' dir='ltr'>ὃς</span> <span class='ocrx_word' id='word_1_610' title='bbox 425 2282 496 2310; x_wconf 77' lang='grc' dir='ltr'>ἔστιν</span> <span class='ocrx_word' id='word_1_611' title='bbox 520 2282 534 2310; x_wconf 91' lang='lat'><strong>6</strong></span> <span class='ocrx_word' id='word_1_612' title='bbox 549 2282 750 2322; x_wconf 80' lang='grc' dir='ltr'>χοσμοκράτωρ.</span> <span class='ocrx_word' id='word_1_613' title='bbox 775 2280 861 2312; x_wconf 70' lang='grc' dir='ltr'>’Όταν</span> 
     </span>
    </p>
   </div>
   <div class='ocr_carea' id='block_1_81' title="bbox 63 2323 861 2367">
    <p class='ocr_par' dir='ltr' id='par_1_81' title="bbox 63 2323 861 2367">
     <span class='ocr_line' id='line_1_81' title="bbox 63 2323 861 2367; baseline 0.005 -14"><span class='ocrx_word' id='word_1_614' title='bbox 63 2324 112 2365; x_wconf 76' lang='grc' dir='ltr'><strong>γὰρ</strong></span> <span class='ocrx_word' id='word_1_615' title='bbox 133 2325 165 2354; x_wconf 74' lang='grc' dir='ltr'><strong>ἐκ</strong></span> <span class='ocrx_word' id='word_1_616' title='bbox 187 2327 234 2354; x_wconf 81' lang='grc' dir='ltr'><strong>τοῦ</strong></span> <span class='ocrx_word' id='word_1_617' title='bbox 256 2324 374 2363; x_wconf 79' lang='grc' dir='ltr'>κόσμου,</span> <span class='ocrx_word' id='word_1_618' title='bbox 394 2323 421 2358; x_wconf 75' lang='grc' dir='ltr'>ὅς</span> <span class='ocrx_word' id='word_1_619' title='bbox 444 2327 514 2355; x_wconf 86' lang='grc' dir='ltr'>ἐστιν</span> <span class='ocrx_word' id='word_1_620' title='bbox 541 2325 608 2362; x_wconf 84' lang='grc' dir='ltr'>αὐλὴ</span> <span class='ocrx_word' id='word_1_621' title='bbox 633 2329 680 2356; x_wconf 79' lang='grc' dir='ltr'><strong>τοῦ</strong></span> <span class='ocrx_word' id='word_1_622' title='bbox 706 2327 861 2367; x_wconf 80' lang='grc' dir='ltr'>κοσμοκρά-</span> 
     </span>
    </p>
   </div>
   <div class='ocr_carea' id='block_1_82' title="bbox 61 2369 860 2410">
    <p class='ocr_par' dir='ltr' id='par_1_82' title="bbox 61 2369 860 2410">
     <span class='ocr_line' id='line_1_82' title="bbox 61 2369 860 2410; baseline 0.005 -13"><span class='ocrx_word' id='word_1_623' title='bbox 61 2380 147 2409; x_wconf 82' lang='grc' dir='ltr'>τορος,</span> <span class='ocrx_word' id='word_1_624' title='bbox 167 2369 330 2408; x_wconf 75' lang='grc' dir='ltr'>ἐξέλθωμεν,</span> <span class='ocrx_word' id='word_1_625' title='bbox 348 2369 407 2399; x_wconf 87' lang='grc' dir='ltr'>τότε</span> <span class='ocrx_word' id='word_1_626' title='bbox 425 2369 473 2406; x_wconf 84' lang='grc' dir='ltr'><strong>δὴ,</strong></span> <span class='ocrx_word' id='word_1_627' title='bbox 494 2370 552 2400; x_wconf 85' lang='grc' dir='ltr'>τότε</span> <span class='ocrx_word' id='word_1_628' title='bbox 573 2371 610 2404; x_wconf 82' lang='grc' dir='ltr'>εἰς</span> <span class='ocrx_word' id='word_1_629' title='bbox 630 2371 774 2410; x_wconf 78' lang='grc' dir='ltr'>μετάνοιαν</span> <span class='ocrx_word' id='word_1_630' title='bbox 797 2372 860 2401; x_wconf 81' lang='grc' dir='ltr'>εἰλι-</span> 
     </span>
    </p>
   </div>
   <div class='ocr_carea' id='block_1_83' title="bbox 61 2414 859 2456">
    <p class='ocr_par' dir='ltr' id='par_1_83' title="bbox 61 2414 859 2456">
     <span class='ocr_line' id='line_1_83' title="bbox 61 2414 859 2456; baseline 0.004 -14"><span class='ocrx_word' id='word_1_631' title='bbox 61 2416 136 2453; x_wconf 72' lang='grc' dir='ltr'>κρινῆ</span> <span class='ocrx_word' id='word_1_632' title='bbox 165 2414 385 2453; x_wconf 81' lang='grc' dir='ltr'>ἄναστησόμεθα·</span> <span class='ocrx_word' id='word_1_633' title='bbox 415 2414 484 2444; x_wconf 78' lang='grc' dir='ltr'>καθὰ</span> <span class='ocrx_word' id='word_1_634' title='bbox 512 2415 558 2444; x_wconf 73' lang='grc' dir='ltr'><strong>καὶ</strong></span> <span class='ocrx_word' id='word_1_635' title='bbox 589 2417 603 2444; x_wconf 88' lang='lat'><strong>6</strong></span> <span class='ocrx_word' id='word_1_636' title='bbox 631 2415 739 2449; x_wconf 79' lang='grc' dir='ltr'>Παῦλός</span> <span class='ocrx_word' id='word_1_637' title='bbox 765 2427 859 2456; x_wconf 81' lang='grc' dir='ltr'>φησιν·</span> 
     </span>
    </p>
   </div>
   <div class='ocr_carea' id='block_1_84' title="bbox 63 2458 861 2499">
    <p class='ocr_par' dir='ltr' id='par_1_84' title="bbox 63 2458 861 2499">
     <span class='ocr_line' id='line_1_84' title="bbox 63 2458 861 2499; baseline 0.004 -12"><span class='ocrx_word' id='word_1_638' title='bbox 63 2473 73 2484; x_wconf 85' lang='grc' dir='ltr'><strong>ι</strong></span> <span class='ocrx_word' id='word_1_639' title='bbox 87 2458 271 2498; x_wconf 76' lang='grc' dir='ltr'>Ἐξερχόμεθα</span> <span class='ocrx_word' id='word_1_640' title='bbox 287 2459 352 2498; x_wconf 85' lang='grc' dir='ltr'>πρὸς</span> <span class='ocrx_word' id='word_1_641' title='bbox 371 2459 450 2488; x_wconf 81' lang='grc' dir='ltr'>αὐτὸν</span> <span class='ocrx_word' id='word_1_642' title='bbox 471 2458 522 2493; x_wconf 81' lang='grc' dir='ltr'><strong>ἔξω</strong></span> <span class='ocrx_word' id='word_1_643' title='bbox 538 2462 586 2496; x_wconf 76' lang='grc' dir='ltr'><strong>τῆς</strong></span> <span class='ocrx_word' id='word_1_644' title='bbox 606 2459 710 2499; x_wconf 78' lang='grc' dir='ltr'>πύλης,</span> <span class='ocrx_word' id='word_1_645' title='bbox 725 2460 861 2497; x_wconf 82' lang='grc' dir='ltr'>τουτέστι,</span> 
     </span>
    </p>
   </div>
   <div class='ocr_carea' id='block_1_85' title="bbox 63 2503 731 2544">
    <p class='ocr_par' dir='ltr' id='par_1_85' title="bbox 63 2503 731 2544">
     <span class='ocr_line' id='line_1_85' title="bbox 63 2503 731 2544; baseline 0.004 -12"><span class='ocrx_word' id='word_1_646' title='bbox 63 2505 106 2532; x_wconf 77' lang='grc' dir='ltr'><strong>τοῦ</strong></span> <span class='ocrx_word' id='word_1_647' title='bbox 120 2503 240 2541; x_wconf 83' lang='grc' dir='ltr'>κόσμου,</span> <span class='ocrx_word' id='word_1_648' title='bbox 255 2503 299 2532; x_wconf 83' lang='grc' dir='ltr'><strong>τὸν</strong></span> <span class='ocrx_word' id='word_1_649' title='bbox 314 2503 463 2541; x_wconf 82' lang='grc' dir='ltr'>ὀνειδισμὸν</span> <span class='ocrx_word' id='word_1_650' title='bbox 479 2504 557 2534; x_wconf 80' lang='grc' dir='ltr'>αὐτοῦ</span> <span class='ocrx_word' id='word_1_651' title='bbox 574 2504 702 2544; x_wconf 79' lang='grc' dir='ltr'>φέροντες.</span> <span class='ocrx_word' id='word_1_652' title='bbox 718 2519 731 2531; x_wconf 73' lang='grc' dir='ltr'><strong>ν</strong></span> 
     </span>
    </p>
   </div>
   <div class='ocr_carea' id='block_1_86' title="bbox 100 2547 860 2591">
    <p class='ocr_par' dir='ltr' id='par_1_86' title="bbox 100 2547 860 2591">
     <span class='ocr_line' id='line_1_86' title="bbox 100 2547 860 2591; baseline 0.008 -17"><span class='ocrx_word' id='word_1_653' title='bbox 100 2562 113 2574; x_wconf 79' lang='grc' dir='ltr'>ι</span> <span class='ocrx_word' id='word_1_654' title='bbox 146 2547 271 2591; x_wconf 37' lang='grc' dir='ltr'>’Δγουσιῌ</span> <span class='ocrx_word' id='word_1_655' title='bbox 281 2547 326 2577; x_wconf 78' lang='grc' dir='ltr'><strong>τὸν</strong></span> <span class='ocrx_word' id='word_1_656' title='bbox 351 2547 456 2584; x_wconf 68' lang='grc' dir='ltr'>Ἰησοῦν</span> <span class='ocrx_word' id='word_1_657' title='bbox 482 2548 536 2578; x_wconf 79' lang='grc' dir='ltr'><strong>ἀπὸ</strong></span> <span class='ocrx_word' id='word_1_658' title='bbox 560 2552 606 2579; x_wconf 77' lang='grc' dir='ltr'><strong>τοῦ</strong></span> <span class='ocrx_word' id='word_1_659' title='bbox 636 2549 744 2591; x_wconf 79' lang='grc' dir='ltr'>Καϊάφα</span> <span class='ocrx_word' id='word_1_660' title='bbox 771 2551 806 2584; x_wconf 82' lang='grc' dir='ltr'><strong>εἰς</strong></span> <span class='ocrx_word' id='word_1_661' title='bbox 831 2551 860 2580; x_wconf 85' lang='grc' dir='ltr'>τὸ</span> 
     </span>
    </p>
   </div>
   <div class='ocr_carea' id='block_1_87' title="bbox 63 2587 860 2633">
    <p class='ocr_par' dir='ltr' id='par_1_87' title="bbox 63 2587 860 2633">
     <span class='ocr_line' id='line_1_87' title="bbox 63 2587 860 2633; baseline 0.006 -13"><span class='ocrx_word' id='word_1_662' title='bbox 63 2592 232 2632; x_wconf 84' lang='grc' dir='ltr'>πραιτώριον.</span> <span class='ocrx_word' id='word_1_663' title='bbox 255 2587 310 2622; x_wconf 75' lang='grc' dir='ltr'>Ἦν</span> <span class='ocrx_word' id='word_1_664' title='bbox 335 2593 362 2622; x_wconf 78' lang='grc' dir='ltr'>δὲ</span> <span class='ocrx_word' id='word_1_665' title='bbox 387 2592 488 2633; x_wconf 75' lang='grc' dir='ltr'>πρωία·</span> <span class='ocrx_word' id='word_1_666' title='bbox 510 2594 556 2623; x_wconf 77' lang='grc' dir='ltr'><strong>καὶ</strong></span> <span class='ocrx_word' id='word_1_667' title='bbox 576 2595 649 2624; x_wconf 80' lang='grc' dir='ltr'>αὐτοὶ</span> <span class='ocrx_word' id='word_1_668' title='bbox 670 2587 720 2625; x_wconf 71' lang='grc' dir='ltr'>οὐκ</span> <span class='ocrx_word' id='word_1_669' title='bbox 739 2597 860 2631; x_wconf 80' lang='grc' dir='ltr'>εἰσῆλθον</span> 
     </span>
    </p>
   </div>
   <div class='ocr_carea' id='block_1_88' title="bbox 65 2636 860 2681">
    <p class='ocr_par' dir='ltr' id='par_1_88' title="bbox 65 2636 860 2681">
     <span class='ocr_line' id='line_1_88' title="bbox 65 2636 860 2681; baseline 0.006 -16"><span class='ocrx_word' id='word_1_670' title='bbox 65 2637 95 2669; x_wconf 75' lang='grc' dir='ltr'>εἰς</span> <span class='ocrx_word' id='word_1_671' title='bbox 113 2637 144 2666; x_wconf 80' lang='grc' dir='ltr'><strong>τὸ</strong></span> <span class='ocrx_word' id='word_1_672' title='bbox 163 2637 344 2677; x_wconf 80' lang='grc' dir='ltr'>πραιτώριον,</span> <span class='ocrx_word' id='word_1_673' title='bbox 363 2636 408 2666; x_wconf 74' lang='grc' dir='ltr'><strong>ἵνα</strong></span> <span class='ocrx_word' id='word_1_674' title='bbox 429 2637 649 2681; x_wconf 31' lang='grc' dir='ltr'>μὴῂμιανθῶσιν,</span> <span class='ocrx_word' id='word_1_675' title='bbox 670 2639 729 2669; x_wconf 77' lang='grc' dir='ltr'>ἀλλ’</span> <span class='ocrx_word' id='word_1_676' title='bbox 748 2639 792 2670; x_wconf 77' lang='grc' dir='ltr'>ἴνα</span> <span class='ocrx_word' id='word_1_677' title='bbox 808 2641 860 2681; x_wconf 80' lang='grc' dir='ltr'><strong>φά-</strong></span> 
     </span>
    </p>
   </div>
   <div class='ocr_carea' id='block_1_89' title="bbox 65 2678 857 2725">
    <p class='ocr_par' dir='ltr' id='par_1_89' title="bbox 65 2678 857 2725">
     <span class='ocr_line' id='line_1_89' title="bbox 65 2678 857 2725; baseline 0.004 -14"><span class='ocrx_word' id='word_1_678' title='bbox 65 2693 127 2719; x_wconf 81' lang='grc' dir='ltr'>γωσι</span> <span class='ocrx_word' id='word_1_679' title='bbox 135 2681 168 2725; x_wconf 54' lang='grc' dir='ltr'><strong>τὸ</strong></span> <span class='ocrx_word' id='word_1_680' title='bbox 182 2682 299 2722; x_wconf 79' lang='grc' dir='ltr'>Πάσχα.</span> <span class='ocrx_word' id='word_1_681' title='bbox 316 2682 446 2719; x_wconf 78' lang='grc' dir='ltr'>Ἐξῆλθεν</span> <span class='ocrx_word' id='word_1_682' title='bbox 459 2678 504 2712; x_wconf 73' lang='grc' dir='ltr'><strong>οὖν</strong></span> <span class='ocrx_word' id='word_1_683' title='bbox 516 2686 530 2713; x_wconf 85' lang='grc' dir='ltr'>ὁ</span> <span class='ocrx_word' id='word_1_684' title='bbox 545 2684 660 2718; x_wconf 69' lang='grc' dir='ltr'>Πιλᾶτος</span> <span class='ocrx_word' id='word_1_685' title='bbox 672 2685 737 2725; x_wconf 81' lang='grc' dir='ltr'>πρὸς</span> <span class='ocrx_word' id='word_1_686' title='bbox 748 2678 840 2719; x_wconf 61' lang='lat' dir='ltr'><strong>uti-toi».-</strong></span> <span class='ocrx_word' id='word_1_687' title='bbox 849 2708 857 2724; x_wconf 82' lang='lat'><strong>,</strong></span> 
     </span>
    </p>
   </div>
   <div class='ocr_carea' id='block_1_90' title="bbox 65 2721 856 2771">
    <p class='ocr_par' dir='ltr' id='par_1_90' title="bbox 65 2721 856 2771">
     <span class='ocr_line' id='line_1_90' title="bbox 65 2721 856 2771; baseline 0.008 -16"><span class='ocrx_word' id='word_1_688' title='bbox 65 2727 107 2756; x_wconf 75' lang='lat' dir='ltr'><strong>xui</strong></span> <span class='ocrx_word' id='word_1_689' title='bbox 124 2721 198 2757; x_wconf 59' lang='lat' dir='ltr'><strong>s&#39;im&#39;</strong></span> <span class='ocrx_word' id='word_1_690' title='bbox 217 2721 287 2758; x_wconf 75' lang='grc' dir='ltr'>Τίνα</span> <span class='ocrx_word' id='word_1_691' title='bbox 306 2727 468 2767; x_wconf 82' lang='grc' dir='ltr'>κατηγορίαν</span> <span class='ocrx_word' id='word_1_692' title='bbox 488 2727 581 2769; x_wconf 73' lang='grc' dir='ltr'>φέρετε</span> <span class='ocrx_word' id='word_1_693' title='bbox 601 2729 670 2758; x_wconf 79' lang='grc' dir='ltr'>κατὰ</span> <span class='ocrx_word' id='word_1_694' title='bbox 689 2721 734 2760; x_wconf 72' lang='grc' dir='ltr'>τοῦ</span> <span class='ocrx_word' id='word_1_695' title='bbox 757 2721 856 2771; x_wconf 56' lang='grc' dir='ltr'>ἀνθρώλ</span> 
     </span>
    </p>
   </div>
   <div class='ocr_carea' id='block_1_91' title="bbox 97 2806 623 2843">
    <p class='ocr_par' dir='ltr' id='par_1_91' title="bbox 97 2806 623 2843">
     <span class='ocr_line' id='line_1_91' title="bbox 97 2806 623 2843; baseline -0.002 -6"><span class='ocrx_word' id='word_1_696' title='bbox 97 2806 118 2826; x_wconf 77' lang='grc'><strong>’⁷</strong></span> <span class='ocrx_word' id='word_1_697' title='bbox 130 2806 232 2837; x_wconf 76' lang='lat' dir='ltr'><strong>Matth.</strong></span> <span class='ocrx_word' id='word_1_698' title='bbox 250 2814 296 2843; x_wconf 81' lang='lat' dir='ltr'><strong>lx,</strong></span> <span class='ocrx_word' id='word_1_699' title='bbox 312 2810 357 2836; x_wconf 77' lang='lat'><strong>22.</strong></span> <span class='ocrx_word' id='word_1_700' title='bbox 395 2807 418 2827; x_wconf 66' lang='grc'><strong>’⁸</strong></span> <span class='ocrx_word' id='word_1_701' title='bbox 431 2808 517 2838; x_wconf 81' lang='lat' dir='ltr'><strong>Hebr.</strong></span> <span class='ocrx_word' id='word_1_702' title='bbox 534 2816 565 2838; x_wconf 71' lang='grc' dir='ltr'><strong>κ.</strong></span> <span class='ocrx_word' id='word_1_703' title='bbox 583 2812 623 2837; x_wconf 85' lang='lat'><strong>38.</strong></span> 
     </span>
    </p>
   </div>
   <div class='ocr_carea' id='block_1_92' title="bbox 920 1566 1717 1600">
    <p class='ocr_par' dir='ltr' id='par_1_92' title="bbox 920 1566 1717 1600">
     <span class='ocr_line' id='line_1_92' title="bbox 920 1566 1717 1600; baseline 0 -6"><span class='ocrx_word' id='word_1_704' title='bbox 920 1566 1074 1594; x_wconf 91' lang='lat' dir='ltr'><strong>dominum.</strong></span> <span class='ocrx_word' id='word_1_705' title='bbox 1099 1567 1140 1593; x_wconf 91' lang='lat' dir='ltr'><strong>lta</strong></span> <span class='ocrx_word' id='word_1_706' title='bbox 1162 1567 1238 1594; x_wconf 91' lang='lat' dir='ltr'><strong>enim</strong></span> <span class='ocrx_word' id='word_1_707' title='bbox 1261 1566 1342 1594; x_wconf 89' lang='lat' dir='ltr'><strong>habet</strong></span> <span class='ocrx_word' id='word_1_708' title='bbox 1365 1566 1546 1594; x_wconf 82' lang='lat' dir='ltr'><strong>affectionum</strong></span> <span class='ocrx_word' id='word_1_709' title='bbox 1568 1567 1717 1600; x_wconf 86' lang='lat' dir='ltr'><strong>tumultus,</strong></span> 
     </span>
    </p>
   </div>
   <div class='ocr_carea' id='block_1_93' title="bbox 918 1610 1716 1648">
    <p class='ocr_par' dir='ltr' id='par_1_93' title="bbox 918 1610 1716 1648">
     <span class='ocr_line' id='line_1_93' title="bbox 918 1610 1716 1648; baseline 0.003 -11"><span class='ocrx_word' id='word_1_710' title='bbox 918 1610 1028 1646; x_wconf 85' lang='lat' dir='ltr'><strong>quando</strong></span> <span class='ocrx_word' id='word_1_711' title='bbox 1043 1618 1123 1638; x_wconf 67' lang='lat' dir='ltr'><strong>mens</strong></span> <span class='ocrx_word' id='word_1_712' title='bbox 1137 1615 1231 1638; x_wconf 86' lang='lat' dir='ltr'><strong>nostra</strong></span> <span class='ocrx_word' id='word_1_713' title='bbox 1251 1611 1329 1647; x_wconf 90' lang='lat' dir='ltr'><strong>quasi</strong></span> <span class='ocrx_word' id='word_1_714' title='bbox 1343 1613 1436 1639; x_wconf 88' lang='lat' dir='ltr'><strong>Petrus</strong></span> <span class='ocrx_word' id='word_1_715' title='bbox 1449 1611 1548 1648; x_wconf 87' lang='lat' dir='ltr'><strong>aliquis</strong></span> <span class='ocrx_word' id='word_1_716' title='bbox 1571 1619 1644 1647; x_wconf 60' lang='lat' dir='ltr'><strong>saepe</strong></span> <span class='ocrx_word' id='word_1_717' title='bbox 1657 1619 1716 1647; x_wconf 92' lang='lat' dir='ltr'><strong>per-</strong></span> 
     </span>
    </p>
   </div>
   <div class='ocr_carea' id='block_1_94' title="bbox 918 1655 1716 1693">
    <p class='ocr_par' dir='ltr' id='par_1_94' title="bbox 918 1655 1716 1693">
     <span class='ocr_line' id='line_1_94' title="bbox 918 1655 1716 1693; baseline 0.003 -11"><span class='ocrx_word' id='word_1_718' title='bbox 918 1655 995 1683; x_wconf 84' lang='lat' dir='ltr'><strong>tinax</strong></span> <span class='ocrx_word' id='word_1_719' title='bbox 1009 1656 1054 1688; x_wconf 86' lang='lat' dir='ltr'><strong>sit,</strong></span> <span class='ocrx_word' id='word_1_720' title='bbox 1069 1657 1146 1692; x_wconf 88' lang='lat' dir='ltr'><strong>quasi</strong></span> <span class='ocrx_word' id='word_1_721' title='bbox 1172 1664 1228 1684; x_wconf 92' lang='lat' dir='ltr'><strong>non</strong></span> <span class='ocrx_word' id='word_1_722' title='bbox 1250 1662 1381 1693; x_wconf 82' lang='lat' dir='ltr'><strong>negatura</strong></span> <span class='ocrx_word' id='word_1_723' title='bbox 1406 1657 1531 1690; x_wconf 89' lang='lat' dir='ltr'><strong>verbum,</strong></span> <span class='ocrx_word' id='word_1_724' title='bbox 1555 1661 1582 1685; x_wconf 92' lang='lat' dir='ltr'><strong>et</strong></span> <span class='ocrx_word' id='word_1_725' title='bbox 1605 1657 1664 1685; x_wconf 88' lang='lat' dir='ltr'><strong>ideo</strong></span> <span class='ocrx_word' id='word_1_726' title='bbox 1688 1661 1716 1685; x_wconf 88' lang='lat' dir='ltr'><strong>et</strong></span> 
     </span>
    </p>
   </div>
   <div class='ocr_carea' id='block_1_95' title="bbox 917 1701 1716 1738">
    <p class='ocr_par' dir='ltr' id='par_1_95' title="bbox 917 1701 1716 1738">
     <span class='ocr_line' id='line_1_95' title="bbox 917 1701 1716 1738; baseline 0.003 -11"><span class='ocrx_word' id='word_1_727' title='bbox 917 1704 970 1728; x_wconf 88' lang='lat' dir='ltr'><strong>stat</strong></span> <span class='ocrx_word' id='word_1_728' title='bbox 985 1704 1012 1728; x_wconf 94' lang='lat' dir='ltr'><strong>et</strong></span> <span class='ocrx_word' id='word_1_729' title='bbox 1022 1701 1137 1728; x_wconf 87' lang='lat' dir='ltr'><strong>calescit.</strong></span> <span class='ocrx_word' id='word_1_730' title='bbox 1158 1702 1217 1728; x_wconf 88' lang='lat' dir='ltr'><strong>Stat</strong></span> <span class='ocrx_word' id='word_1_731' title='bbox 1233 1701 1358 1737; x_wconf 87' lang='lat' dir='ltr'><strong>quidem,</strong></span> <span class='ocrx_word' id='word_1_732' title='bbox 1374 1709 1406 1729; x_wconf 88' lang='lat' dir='ltr'><strong>eo</strong></span> <span class='ocrx_word' id='word_1_733' title='bbox 1428 1701 1503 1738; x_wconf 90' lang='lat' dir='ltr'><strong>quod</strong></span> <span class='ocrx_word' id='word_1_734' title='bbox 1521 1709 1578 1729; x_wconf 92' lang='lat' dir='ltr'><strong>non</strong></span> <span class='ocrx_word' id='word_1_735' title='bbox 1601 1702 1716 1729; x_wconf 86' lang='lat' dir='ltr'><strong>incline-</strong></span> 
     </span>
    </p>
   </div>
   <div class='ocr_carea' id='block_1_96' title="bbox 917 1745 1715 1782">
    <p class='ocr_par' dir='ltr' id='par_1_96' title="bbox 917 1745 1715 1782">
     <span class='ocr_line' id='line_1_96' title="bbox 917 1745 1715 1782; baseline 0.004 -11"><span class='ocrx_word' id='word_1_736' title='bbox 917 1747 964 1772; x_wconf 91' lang='lat' dir='ltr'><strong>tur</strong></span> <span class='ocrx_word' id='word_1_737' title='bbox 986 1753 1073 1781; x_wconf 84' lang='lat' dir='ltr'><strong>neque</strong></span> <span class='ocrx_word' id='word_1_738' title='bbox 1092 1745 1260 1779; x_wconf 85' lang='lat' dir='ltr'><strong>humilietur,</strong></span> <span class='ocrx_word' id='word_1_739' title='bbox 1281 1746 1329 1774; x_wconf 91' lang='lat' dir='ltr'><strong>sed</strong></span> <span class='ocrx_word' id='word_1_740' title='bbox 1351 1746 1378 1773; x_wconf 89' lang='lat' dir='ltr'><strong>in</strong></span> <span class='ocrx_word' id='word_1_741' title='bbox 1396 1754 1444 1774; x_wconf 88' lang='lat' dir='ltr'><strong>sua</strong></span> <span class='ocrx_word' id='word_1_742' title='bbox 1471 1746 1619 1782; x_wconf 84' lang='lat' dir='ltr'><strong>pertinacia</strong></span> <span class='ocrx_word' id='word_1_743' title='bbox 1648 1754 1715 1774; x_wconf 89' lang='lat' dir='ltr'><strong>con-</strong></span> 
     </span>
    </p>
   </div>
   <div class='ocr_carea' id='block_1_97' title="bbox 916 1790 1714 1824">
    <p class='ocr_par' dir='ltr' id='par_1_97' title="bbox 916 1790 1714 1824">
     <span class='ocr_line' id='line_1_97' title="bbox 916 1790 1714 1824; baseline 0.004 -8"><span class='ocrx_word' id='word_1_744' title='bbox 916 1793 1020 1817; x_wconf 87' lang='lat' dir='ltr'><strong>stanter</strong></span> <span class='ocrx_word' id='word_1_745' title='bbox 1039 1795 1158 1818; x_wconf 91' lang='lat' dir='ltr'><strong>maneat.</strong></span> <span class='ocrx_word' id='word_1_746' title='bbox 1184 1790 1338 1818; x_wconf 80' lang='lat' dir='ltr'><strong>Calefacere</strong></span> <span class='ocrx_word' id='word_1_747' title='bbox 1364 1795 1459 1818; x_wconf 88' lang='lat' dir='ltr'><strong>autem</strong></span> <span class='ocrx_word' id='word_1_748' title='bbox 1483 1799 1512 1818; x_wconf 88' lang='lat' dir='ltr'><strong>se</strong></span> <span class='ocrx_word' id='word_1_749' title='bbox 1546 1790 1659 1824; x_wconf 90' lang='lat' dir='ltr'><strong>dicitur,</strong></span> <span class='ocrx_word' id='word_1_750' title='bbox 1681 1799 1714 1819; x_wconf 91' lang='lat' dir='ltr'><strong>eo</strong></span> 
     </span>
    </p>
   </div>
   <div class='ocr_carea' id='block_1_98' title="bbox 917 1834 1716 1872">
    <p class='ocr_par' dir='ltr' id='par_1_98' title="bbox 917 1834 1716 1872">
     <span class='ocr_line' id='line_1_98' title="bbox 917 1834 1716 1872; baseline 0.003 -11"><span class='ocrx_word' id='word_1_751' title='bbox 917 1834 990 1870; x_wconf 87' lang='lat' dir='ltr'><strong>quod</strong></span> <span class='ocrx_word' id='word_1_752' title='bbox 1003 1842 1058 1870; x_wconf 76' lang='lat' dir='ltr'><strong>pra:</strong></span> <span class='ocrx_word' id='word_1_753' title='bbox 1073 1834 1180 1862; x_wconf 77' lang='lat' dir='ltr'><strong>fervore</strong></span> <span class='ocrx_word' id='word_1_754' title='bbox 1191 1838 1217 1862; x_wconf 86' lang='lat' dir='ltr'><strong>et</strong></span> <span class='ocrx_word' id='word_1_755' title='bbox 1232 1834 1304 1862; x_wconf 79' lang='lat' dir='ltr'><strong>fastu</strong></span> <span class='ocrx_word' id='word_1_756' title='bbox 1316 1835 1464 1870; x_wconf 87' lang='lat' dir='ltr'><strong>pertinacia</strong></span> <span class='ocrx_word' id='word_1_757' title='bbox 1486 1835 1601 1862; x_wconf 89' lang='lat' dir='ltr'><strong>laboret.</strong></span> <span class='ocrx_word' id='word_1_758' title='bbox 1618 1835 1716 1872; x_wconf 79' lang='lat' dir='ltr'><strong>Arguit</strong></span> 
     </span>
    </p>
   </div>
   <div class='ocr_carea' id='block_1_99' title="bbox 916 1878 1715 1915">
    <p class='ocr_par' dir='ltr' id='par_1_99' title="bbox 916 1878 1715 1915">
     <span class='ocr_line' id='line_1_99' title="bbox 916 1878 1715 1915; baseline 0.004 -11"><span class='ocrx_word' id='word_1_759' title='bbox 916 1882 1010 1905; x_wconf 89' lang='lat' dir='ltr'><strong>autem</strong></span> <span class='ocrx_word' id='word_1_760' title='bbox 1034 1886 1098 1905; x_wconf 91' lang='lat' dir='ltr'><strong>eum</strong></span> <span class='ocrx_word' id='word_1_761' title='bbox 1130 1878 1235 1912; x_wconf 87' lang='lat' dir='ltr'><strong>ancilla,</strong></span> <span class='ocrx_word' id='word_1_762' title='bbox 1265 1887 1348 1914; x_wconf 87' lang='lat' dir='ltr'><strong>parva</strong></span> <span class='ocrx_word' id='word_1_763' title='bbox 1375 1879 1505 1914; x_wconf 70' lang='lat' dir='ltr'><strong>quaedam</strong></span> <span class='ocrx_word' id='word_1_764' title='bbox 1537 1879 1665 1915; x_wconf 87' lang='lat' dir='ltr'><strong>voluptas</strong></span> <span class='ocrx_word' id='word_1_765' title='bbox 1686 1883 1715 1907; x_wconf 88' lang='lat' dir='ltr'><strong>et</strong></span> 
     </span>
    </p>
   </div>
   <div class='ocr_carea' id='block_1_100' title="bbox 915 1921 1714 1959">
    <p class='ocr_par' dir='ltr' id='par_1_100' title="bbox 915 1921 1714 1959">
     <span class='ocr_line' id='line_1_100' title="bbox 915 1921 1714 1959; baseline 0.003 -10"><span class='ocrx_word' id='word_1_766' title='bbox 915 1921 1078 1950; x_wconf 83' lang='lat' dir='ltr'><strong>eifeminans</strong></span> <span class='ocrx_word' id='word_1_767' title='bbox 1106 1933 1111 1949; x_wconf 91' lang='lat'>:</span> <span class='ocrx_word' id='word_1_768' title='bbox 1143 1922 1292 1958; x_wconf 87' lang='lat' dir='ltr'><strong>statimque</strong></span> <span class='ocrx_word' id='word_1_769' title='bbox 1324 1927 1409 1959; x_wconf 85' lang='lat' dir='ltr'><strong>negat</strong></span> <span class='ocrx_word' id='word_1_770' title='bbox 1435 1931 1603 1956; x_wconf 84' lang='lat' dir='ltr'><strong>sermonem,</strong></span> <span class='ocrx_word' id='word_1_771' title='bbox 1632 1928 1661 1951; x_wconf 88' lang='lat' dir='ltr'><strong>et</strong></span> <span class='ocrx_word' id='word_1_772' title='bbox 1686 1924 1714 1952; x_wconf 91' lang='lat' dir='ltr'><strong>in</strong></span> 
     </span>
    </p>
   </div>
   <div class='ocr_carea' id='block_1_101' title="bbox 915 1967 1713 2004">
    <p class='ocr_par' dir='ltr' id='par_1_101' title="bbox 915 1967 1713 2004">
     <span class='ocr_line' id='line_1_101' title="bbox 915 1967 1713 2004; baseline 0.003 -10"><span class='ocrx_word' id='word_1_773' title='bbox 915 1967 1112 1995; x_wconf 86' lang='lat' dir='ltr'><strong>absurditatem</strong></span> <span class='ocrx_word' id='word_1_774' title='bbox 1123 1967 1220 1996; x_wconf 84' lang='lat' dir='ltr'><strong>fertur.</strong></span> <span class='ocrx_word' id='word_1_775' title='bbox 1236 1967 1290 1996; x_wconf 84' lang='lat' dir='ltr'><strong>Sed</strong></span> <span class='ocrx_word' id='word_1_776' title='bbox 1305 1971 1333 1995; x_wconf 92' lang='lat' dir='ltr'><strong>et</strong></span> <span class='ocrx_word' id='word_1_777' title='bbox 1351 1968 1471 2004; x_wconf 88' lang='lat' dir='ltr'><strong>quadam</strong></span> <span class='ocrx_word' id='word_1_778' title='bbox 1496 1968 1608 1996; x_wconf 86' lang='lat' dir='ltr'><strong>adversa</strong></span> <span class='ocrx_word' id='word_1_779' title='bbox 1625 1972 1713 1996; x_wconf 84' lang='lat' dir='ltr'><strong>tenta-</strong></span> 
     </span>
    </p>
   </div>
   <div class='ocr_carea' id='block_1_102' title="bbox 913 2011 1714 2049">
    <p class='ocr_par' dir='ltr' id='par_1_102' title="bbox 913 2011 1714 2049">
     <span class='ocr_line' id='line_1_102' title="bbox 913 2011 1714 2049; baseline 0.004 -10"><span class='ocrx_word' id='word_1_780' title='bbox 913 2011 989 2039; x_wconf 89' lang='lat' dir='ltr'><strong>tione</strong></span> <span class='ocrx_word' id='word_1_781' title='bbox 1009 2012 1141 2047; x_wconf 80' lang='lat' dir='ltr'><strong>arguitur,</strong></span> <span class='ocrx_word' id='word_1_782' title='bbox 1161 2013 1233 2040; x_wconf 90' lang='lat' dir='ltr'><strong>sicut</strong></span> <span class='ocrx_word' id='word_1_783' title='bbox 1245 2015 1312 2040; x_wconf 85' lang='lat' dir='ltr'><strong>tunc</strong></span> <span class='ocrx_word' id='word_1_784' title='bbox 1332 2013 1429 2040; x_wconf 89' lang='lat' dir='ltr'><strong>Petrus</strong></span> <span class='ocrx_word' id='word_1_785' title='bbox 1453 2013 1534 2049; x_wconf 67' lang='grc'><strong>741</strong></span> <span class='ocrx_word' id='word_1_786' title='bbox 1551 2021 1566 2041; x_wconf 88' lang='lat' dir='ltr'><strong>a</strong></span> <span class='ocrx_word' id='word_1_787' title='bbox 1582 2021 1672 2048; x_wconf 87' lang='lat' dir='ltr'><strong>servo,</strong></span> <span class='ocrx_word' id='word_1_788' title='bbox 1687 2017 1714 2042; x_wconf 91' lang='lat' dir='ltr'><strong>et</strong></span> 
     </span>
    </p>
   </div>
   <div class='ocr_carea' id='block_1_103' title="bbox 914 2056 1714 2093">
    <p class='ocr_par' dir='ltr' id='par_1_103' title="bbox 914 2056 1714 2093">
     <span class='ocr_line' id='line_1_103' title="bbox 914 2056 1714 2093; baseline 0.001 -9"><span class='ocrx_word' id='word_1_789' title='bbox 914 2056 951 2084; x_wconf 89' lang='lat' dir='ltr'><strong>ita</strong></span> <span class='ocrx_word' id='word_1_790' title='bbox 978 2056 1124 2084; x_wconf 74' lang='lat' dir='ltr'><strong>infirmitas</strong></span> <span class='ocrx_word' id='word_1_791' title='bbox 1137 2057 1195 2093; x_wconf 86' lang='lat' dir='ltr'><strong>ejus</strong></span> <span class='ocrx_word' id='word_1_792' title='bbox 1208 2056 1430 2093; x_wconf 89' lang='lat' dir='ltr'><strong>deprehenditur.</strong></span> <span class='ocrx_word' id='word_1_793' title='bbox 1445 2057 1496 2085; x_wconf 90' lang='lat' dir='ltr'><strong>Sed</strong></span> <span class='ocrx_word' id='word_1_794' title='bbox 1523 2065 1667 2093; x_wconf 85' lang='lat' dir='ltr'><strong>precemur</strong></span> <span class='ocrx_word' id='word_1_795' title='bbox 1682 2062 1714 2085; x_wconf 90' lang='lat' dir='ltr'><strong>ut</strong></span> 
     </span>
    </p>
   </div>
   <div class='ocr_carea' id='block_1_104' title="bbox 915 2102 1712 2138">
    <p class='ocr_par' dir='ltr' id='par_1_104' title="bbox 915 2102 1712 2138">
     <span class='ocr_line' id='line_1_104' title="bbox 915 2102 1712 2138; baseline 0.003 -9"><span class='ocrx_word' id='word_1_796' title='bbox 915 2102 1028 2138; x_wconf 88' lang='lat' dir='ltr'><strong>aspiciat</strong></span> <span class='ocrx_word' id='word_1_797' title='bbox 1042 2110 1093 2130; x_wconf 89' lang='lat' dir='ltr'><strong>nos</strong></span> <span class='ocrx_word' id='word_1_798' title='bbox 1104 2103 1184 2130; x_wconf 81' lang='lat' dir='ltr'><strong>Iesus</strong></span> <span class='ocrx_word' id='word_1_799' title='bbox 1198 2102 1319 2130; x_wconf 88' lang='lat' dir='ltr'><strong>Verbum</strong></span> <span class='ocrx_word' id='word_1_800' title='bbox 1337 2103 1396 2133; x_wconf 88' lang='lat' dir='ltr'><strong>Dei.</strong></span> <span class='ocrx_word' id='word_1_801' title='bbox 1419 2107 1446 2130; x_wconf 85' lang='lat' dir='ltr'><strong>et</strong></span> <span class='ocrx_word' id='word_1_802' title='bbox 1467 2103 1502 2130; x_wconf 88' lang='lat' dir='ltr'><strong>ad</strong></span> <span class='ocrx_word' id='word_1_803' title='bbox 1518 2103 1712 2138; x_wconf 69' lang='lat' dir='ltr'><strong>paenitentiam</strong></span> 
     </span>
    </p>
   </div>
   <div class='ocr_carea' id='block_1_105' title="bbox 875 2147 1714 2184">
    <p class='ocr_par' dir='ltr' id='par_1_105' title="bbox 875 2147 1714 2184">
     <span class='ocr_line' id='line_1_105' title="bbox 875 2147 1714 2184; baseline 0.001 -9"><span class='ocrx_word' id='word_1_804' title='bbox 875 2147 900 2180; x_wconf 91' lang='lat' dir='ltr'><strong>D</strong></span> <span class='ocrx_word' id='word_1_805' title='bbox 916 2151 944 2175; x_wconf 92' lang='lat' dir='ltr'><strong>et</strong></span> <span class='ocrx_word' id='word_1_806' title='bbox 956 2148 1088 2183; x_wconf 87' lang='lat' dir='ltr'><strong>lacrymas</strong></span> <span class='ocrx_word' id='word_1_807' title='bbox 1101 2152 1231 2184; x_wconf 91' lang='lat' dir='ltr'><strong>provocet</strong></span> <span class='ocrx_word' id='word_1_808' title='bbox 1245 2157 1253 2176; x_wconf 89' lang='lat'><strong>:</strong></span> <span class='ocrx_word' id='word_1_809' title='bbox 1269 2147 1342 2184; x_wconf 91' lang='lat' dir='ltr'><strong>quod</strong></span> <span class='ocrx_word' id='word_1_810' title='bbox 1357 2148 1413 2182; x_wconf 81' lang='lat' dir='ltr'><strong>ﬁet,</strong></span> <span class='ocrx_word' id='word_1_811' title='bbox 1429 2147 1538 2184; x_wconf 92' lang='lat' dir='ltr'><strong>quando</strong></span> <span class='ocrx_word' id='word_1_812' title='bbox 1549 2148 1714 2176; x_wconf 85' lang='lat' dir='ltr'><strong>exiverimus</strong></span> 
     </span>
    </p>
   </div>
   <div class='ocr_carea' id='block_1_106' title="bbox 916 2193 1714 2229">
    <p class='ocr_par' dir='ltr' id='par_1_106' title="bbox 916 2193 1714 2229">
     <span class='ocr_line' id='line_1_106' title="bbox 916 2193 1714 2229; baseline 0.001 -9"><span class='ocrx_word' id='word_1_813' title='bbox 916 2200 948 2221; x_wconf 83' lang='lat' dir='ltr'><strong>ex</strong></span> <span class='ocrx_word' id='word_1_814' title='bbox 962 2193 1032 2220; x_wconf 91' lang='lat' dir='ltr'><strong>atrio</strong></span> <span class='ocrx_word' id='word_1_815' title='bbox 1044 2193 1180 2228; x_wconf 82' lang='lat' dir='ltr'><strong>pontiﬁcis</strong></span> <span class='ocrx_word' id='word_1_816' title='bbox 1194 2193 1240 2228; x_wconf 90' lang='lat' dir='ltr'><strong>qui</strong></span> <span class='ocrx_word' id='word_1_817' title='bbox 1255 2193 1405 2221; x_wconf 85' lang='lat' dir='ltr'><strong>Dominum</strong></span> <span class='ocrx_word' id='word_1_818' title='bbox 1427 2193 1570 2229; x_wconf 77' lang='lat' dir='ltr'><strong>crucifigit,</strong></span> <span class='ocrx_word' id='word_1_819' title='bbox 1584 2197 1611 2220; x_wconf 88' lang='lat' dir='ltr'><strong>et</strong></span> <span class='ocrx_word' id='word_1_820' title='bbox 1623 2197 1714 2222; x_wconf 87' lang='lat' dir='ltr'><strong>rector</strong></span> 
     </span>
    </p>
   </div>
   <div class='ocr_carea' id='block_1_107' title="bbox 916 2237 1730 2274">
    <p class='ocr_par' dir='ltr' id='par_1_107' title="bbox 916 2237 1730 2274">
     <span class='ocr_line' id='line_1_107' title="bbox 916 2237 1730 2274; baseline 0.001 -9"><span class='ocrx_word' id='word_1_821' title='bbox 916 2240 958 2265; x_wconf 80' lang='lat' dir='ltr'><strong>est</strong></span> <span class='ocrx_word' id='word_1_822' title='bbox 981 2237 1087 2266; x_wconf 87' lang='lat' dir='ltr'><strong>mundi.</strong></span> <span class='ocrx_word' id='word_1_823' title='bbox 1103 2237 1222 2272; x_wconf 88' lang='lat' dir='ltr'><strong>Quando</strong></span> <span class='ocrx_word' id='word_1_824' title='bbox 1242 2238 1317 2265; x_wconf 90' lang='lat' dir='ltr'><strong>enim</strong></span> <span class='ocrx_word' id='word_1_825' title='bbox 1336 2242 1412 2265; x_wconf 82' lang='lat' dir='ltr'><strong>extra</strong></span> <span class='ocrx_word' id='word_1_826' title='bbox 1438 2238 1584 2271; x_wconf 84' lang='lat' dir='ltr'><strong>mundum,</strong></span> <span class='ocrx_word' id='word_1_827' title='bbox 1611 2239 1656 2274; x_wconf 84' lang='lat' dir='ltr'><strong>qui</strong></span> <span class='ocrx_word' id='word_1_828' title='bbox 1672 2242 1730 2272; x_wconf 86' lang='lat' dir='ltr'><strong>est_</strong></span> 
     </span>
    </p>
   </div>
   <div class='ocr_carea' id='block_1_108' title="bbox 915 2282 1713 2317">
    <p class='ocr_par' dir='ltr' id='par_1_108' title="bbox 915 2282 1713 2317">
     <span class='ocr_line' id='line_1_108' title="bbox 915 2282 1713 2317; baseline 0.001 -8"><span class='ocrx_word' id='word_1_829' title='bbox 915 2282 1015 2310; x_wconf 88' lang='lat' dir='ltr'><strong>atrium</strong></span> <span class='ocrx_word' id='word_1_830' title='bbox 1031 2283 1146 2310; x_wconf 88' lang='lat' dir='ltr'><strong>rectoris</strong></span> <span class='ocrx_word' id='word_1_831' title='bbox 1161 2282 1266 2316; x_wconf 90' lang='lat' dir='ltr'><strong>mundi,</strong></span> <span class='ocrx_word' id='word_1_832' title='bbox 1283 2283 1383 2317; x_wconf 81' lang='lat' dir='ltr'><strong>egressi</strong></span> <span class='ocrx_word' id='word_1_833' title='bbox 1399 2282 1543 2316; x_wconf 80' lang='lat' dir='ltr'><strong>fuerimus,</strong></span> <span class='ocrx_word' id='word_1_834' title='bbox 1566 2286 1631 2310; x_wconf 91' lang='lat' dir='ltr'><strong>tunc</strong></span> <span class='ocrx_word' id='word_1_835' title='bbox 1646 2289 1713 2310; x_wconf 86' lang='lat' dir='ltr'><strong>sane</strong></span> 
     </span>
    </p>
   </div>
   <div class='ocr_carea' id='block_1_109' title="bbox 915 2326 1711 2362">
    <p class='ocr_par' dir='ltr' id='par_1_109' title="bbox 915 2326 1711 2362">
     <span class='ocr_line' id='line_1_109' title="bbox 915 2326 1711 2362; baseline 0 -8"><span class='ocrx_word' id='word_1_836' title='bbox 915 2326 950 2355; x_wconf 91' lang='lat' dir='ltr'><strong>ad</strong></span> <span class='ocrx_word' id='word_1_837' title='bbox 970 2327 1162 2362; x_wconf 60' lang='lat' dir='ltr'><strong>paenitentiam</strong></span> <span class='ocrx_word' id='word_1_838' title='bbox 1190 2327 1328 2355; x_wconf 84' lang='lat' dir='ltr'><strong>sinceram</strong></span> <span class='ocrx_word' id='word_1_839' title='bbox 1350 2335 1528 2362; x_wconf 82' lang='lat' dir='ltr'><strong>exsurgemus</strong></span> <span class='ocrx_word' id='word_1_840' title='bbox 1557 2337 1563 2355; x_wconf 89' lang='lat'>:</span> <span class='ocrx_word' id='word_1_841' title='bbox 1589 2327 1659 2354; x_wconf 89' lang='lat' dir='ltr'><strong>sicut</strong></span> <span class='ocrx_word' id='word_1_842' title='bbox 1683 2330 1711 2354; x_wconf 89' lang='lat' dir='ltr'><strong>et</strong></span> 
     </span>
    </p>
   </div>
   <div class='ocr_carea' id='block_1_110' title="bbox 915 2371 1710 2407">
    <p class='ocr_par' dir='ltr' id='par_1_110' title="bbox 915 2371 1710 2407">
     <span class='ocr_line' id='line_1_110' title="bbox 915 2371 1710 2407; baseline 0 -8"><span class='ocrx_word' id='word_1_843' title='bbox 915 2371 1016 2399; x_wconf 87' lang='lat' dir='ltr'><strong>Paulus</strong></span> <span class='ocrx_word' id='word_1_844' title='bbox 1033 2371 1099 2400; x_wconf 86' lang='lat' dir='ltr'><strong>dicit</strong></span> <span class='ocrx_word' id='word_1_845' title='bbox 1113 2381 1119 2398; x_wconf 77' lang='grc' dir='ltr'><strong>ε</strong></span> <span class='ocrx_word' id='word_1_846' title='bbox 1142 2383 1154 2396; x_wconf 77' lang='grc' dir='ltr'><strong>ι</strong></span> <span class='ocrx_word' id='word_1_847' title='bbox 1167 2371 1348 2407; x_wconf 82' lang='lat' dir='ltr'><strong>Egrediamur</strong></span> <span class='ocrx_word' id='word_1_848' title='bbox 1368 2371 1402 2399; x_wconf 89' lang='lat' dir='ltr'><strong>ad</strong></span> <span class='ocrx_word' id='word_1_849' title='bbox 1420 2379 1483 2400; x_wconf 87' lang='lat' dir='ltr'><strong>eum</strong></span> <span class='ocrx_word' id='word_1_850' title='bbox 1498 2376 1574 2399; x_wconf 87' lang='lat' dir='ltr'><strong>extra</strong></span> <span class='ocrx_word' id='word_1_851' title='bbox 1590 2375 1710 2407; x_wconf 86' lang='lat' dir='ltr'><strong>portam,</strong></span> 
     </span>
    </p>
   </div>
   <div class='ocr_carea' id='block_1_111' title="bbox 914 2415 1659 2453">
    <p class='ocr_par' dir='ltr' id='par_1_111' title="bbox 914 2415 1659 2453">
     <span class='ocr_line' id='line_1_111' title="bbox 914 2415 1659 2453; baseline -0.001 -9"><span class='ocrx_word' id='word_1_852' title='bbox 914 2415 967 2444; x_wconf 90' lang='lat' dir='ltr'><strong>hoc</strong></span> <span class='ocrx_word' id='word_1_853' title='bbox 981 2419 1023 2444; x_wconf 88' lang='lat' dir='ltr'><strong>est</strong></span> <span class='ocrx_word' id='word_1_854' title='bbox 1038 2416 1183 2451; x_wconf 88' lang='lat' dir='ltr'><strong>mundum,</strong></span> <span class='ocrx_word' id='word_1_855' title='bbox 1199 2416 1379 2452; x_wconf 87' lang='lat' dir='ltr'><strong>opprobrium</strong></span> <span class='ocrx_word' id='word_1_856' title='bbox 1393 2416 1452 2453; x_wconf 86' lang='lat' dir='ltr'><strong>ejus</strong></span> <span class='ocrx_word' id='word_1_857' title='bbox 1463 2416 1584 2445; x_wconf 80' lang='lat' dir='ltr'><strong>ferentes</strong></span> <span class='ocrx_word' id='word_1_858' title='bbox 1595 2416 1629 2443; x_wconf 76' lang='lat'><strong>&quot;.</strong></span> <span class='ocrx_word' id='word_1_859' title='bbox 1646 2427 1659 2440; x_wconf 69' lang='grc' dir='ltr'><strong>ι</strong></span> 
     </span>
    </p>
   </div>
   <div class='ocr_carea' id='block_1_112' title="bbox 949 2557 1712 2594">
    <p class='ocr_par' dir='ltr' id='par_1_112' title="bbox 949 2557 1712 2594">
     <span class='ocr_line' id='line_1_112' title="bbox 949 2557 1712 2594; baseline 0.003 -10"><span class='ocrx_word' id='word_1_860' title='bbox 949 2557 1039 2585; x_wconf 73' lang='grc' dir='ltr'>νειε.</span> <span class='ocrx_word' id='word_1_861' title='bbox 1061 2558 1158 2586; x_wconf 78' lang='lat'><strong>28-32.</strong></span> <span class='ocrx_word' id='word_1_862' title='bbox 1184 2568 1196 2581; x_wconf 75' lang='grc' dir='ltr'><strong>α</strong></span> <span class='ocrx_word' id='word_1_863' title='bbox 1214 2559 1328 2585; x_wconf 89' lang='lat' dir='ltr'><strong>Ducunt</strong></span> <span class='ocrx_word' id='word_1_864' title='bbox 1342 2565 1407 2594; x_wconf 83' lang='lat' dir='ltr'><strong>ergo</strong></span> <span class='ocrx_word' id='word_1_865' title='bbox 1420 2559 1515 2586; x_wconf 85' lang='lat' dir='ltr'><strong>Jesum</strong></span> <span class='ocrx_word' id='word_1_866' title='bbox 1534 2566 1549 2586; x_wconf 75' lang='grc' dir='ltr'><strong>ει</strong></span> <span class='ocrx_word' id='word_1_867' title='bbox 1565 2557 1668 2594; x_wconf 91' lang='lat' dir='ltr'><strong>Caipha</strong></span> <span class='ocrx_word' id='word_1_868' title='bbox 1683 2558 1712 2586; x_wconf 93' lang='lat' dir='ltr'><strong>in</strong></span> 
     </span>
    </p>
   </div>
   <div class='ocr_carea' id='block_1_113' title="bbox 914 2601 1713 2639">
    <p class='ocr_par' dir='ltr' id='par_1_113' title="bbox 914 2601 1713 2639">
     <span class='ocr_line' id='line_1_113' title="bbox 914 2601 1713 2639; baseline 0.003 -11"><span class='ocrx_word' id='word_1_869' title='bbox 914 2601 1082 2636; x_wconf 69' lang='lat' dir='ltr'><strong>praetorium.</strong></span> <span class='ocrx_word' id='word_1_870' title='bbox 1098 2602 1164 2630; x_wconf 89' lang='lat' dir='ltr'><strong>Erat</strong></span> <span class='ocrx_word' id='word_1_871' title='bbox 1175 2606 1269 2630; x_wconf 88' lang='lat' dir='ltr'><strong>autem</strong></span> <span class='ocrx_word' id='word_1_872' title='bbox 1285 2610 1376 2636; x_wconf 83' lang='lat' dir='ltr'><strong>mane,</strong></span> <span class='ocrx_word' id='word_1_873' title='bbox 1387 2602 1470 2639; x_wconf 82' lang='lat' dir='ltr'><strong>etipsi</strong></span> <span class='ocrx_word' id='word_1_874' title='bbox 1479 2611 1536 2630; x_wconf 92' lang='lat' dir='ltr'><strong>non</strong></span> <span class='ocrx_word' id='word_1_875' title='bbox 1545 2602 1713 2630; x_wconf 87' lang='lat' dir='ltr'><strong>introierunt</strong></span> 
     </span>
    </p>
   </div>
   <div class='ocr_carea' id='block_1_114' title="bbox 914 2645 1711 2682">
    <p class='ocr_par' dir='ltr' id='par_1_114' title="bbox 914 2645 1711 2682">
     <span class='ocr_line' id='line_1_114' title="bbox 914 2645 1711 2682; baseline 0 -9"><span class='ocrx_word' id='word_1_876' title='bbox 914 2645 940 2673; x_wconf 89' lang='lat' dir='ltr'><strong>in</strong></span> <span class='ocrx_word' id='word_1_877' title='bbox 956 2646 1128 2681; x_wconf 64' lang='lat' dir='ltr'><strong>praetorium,</strong></span> <span class='ocrx_word' id='word_1_878' title='bbox 1142 2655 1177 2675; x_wconf 92' lang='lat' dir='ltr'><strong>ne</strong></span> <span class='ocrx_word' id='word_1_879' title='bbox 1195 2648 1460 2682; x_wconf 87' lang='lat' dir='ltr'><strong>contaminarentur,</strong></span> <span class='ocrx_word' id='word_1_880' title='bbox 1482 2647 1530 2676; x_wconf 91' lang='lat' dir='ltr'><strong>sed</strong></span> <span class='ocrx_word' id='word_1_881' title='bbox 1554 2650 1585 2674; x_wconf 91' lang='lat' dir='ltr'><strong>ut</strong></span> <span class='ocrx_word' id='word_1_882' title='bbox 1600 2646 1711 2675; x_wconf 87' lang='lat' dir='ltr'><strong>ederent</strong></span> 
     </span>
    </p>
   </div>
   <div class='ocr_carea' id='block_1_115' title="bbox 915 2690 1708 2729">
    <p class='ocr_par' dir='ltr' id='par_1_115' title="bbox 915 2690 1708 2729">
     <span class='ocr_line' id='line_1_115' title="bbox 915 2690 1708 2729; baseline -0.001 -11"><span class='ocrx_word' id='word_1_883' title='bbox 915 2691 1028 2719; x_wconf 88' lang='lat' dir='ltr'><strong>Pascha.</strong></span> <span class='ocrx_word' id='word_1_884' title='bbox 1045 2692 1134 2720; x_wconf 85' lang='lat' dir='ltr'><strong>Exivit</strong></span> <span class='ocrx_word' id='word_1_885' title='bbox 1156 2700 1220 2729; x_wconf 85' lang='lat' dir='ltr'><strong>ergo</strong></span> <span class='ocrx_word' id='word_1_886' title='bbox 1235 2692 1339 2720; x_wconf 88' lang='lat' dir='ltr'><strong>Pilatus</strong></span> <span class='ocrx_word' id='word_1_887' title='bbox 1359 2692 1393 2720; x_wconf 91' lang='lat' dir='ltr'><strong>ad</strong></span> <span class='ocrx_word' id='word_1_888' title='bbox 1409 2700 1456 2720; x_wconf 88' lang='lat' dir='ltr'><strong>eos</strong></span> <span class='ocrx_word' id='word_1_889' title='bbox 1471 2691 1555 2724; x_wconf 83' lang='lat' dir='ltr'><strong>foras,</strong></span> <span class='ocrx_word' id='word_1_890' title='bbox 1569 2695 1597 2718; x_wconf 90' lang='lat' dir='ltr'><strong>et</strong></span> <span class='ocrx_word' id='word_1_891' title='bbox 1611 2690 1679 2718; x_wconf 82' lang='lat' dir='ltr'><strong>dixit</strong></span> <span class='ocrx_word' id='word_1_892' title='bbox 1701 2699 1708 2718; x_wconf 92' lang='lat'><strong>:</strong></span> 
     </span>
    </p>
   </div>
   <div class='ocr_carea' id='block_1_116' title="bbox 914 2734 1709 2770">
    <p class='ocr_par' dir='ltr' id='par_1_116' title="bbox 914 2734 1709 2770">
     <span class='ocr_line' id='line_1_116' title="bbox 914 2734 1709 2770; baseline -0.004 -5"><span class='ocrx_word' id='word_1_893' title='bbox 914 2736 1003 2770; x_wconf 83' lang='lat' dir='ltr'><strong>Quam</strong></span> <span class='ocrx_word' id='word_1_894' title='bbox 1027 2737 1229 2766; x_wconf 84' lang='lat' dir='ltr'><strong>accusationem</strong></span> <span class='ocrx_word' id='word_1_895' title='bbox 1263 2737 1368 2767; x_wconf 71' lang='lat' dir='ltr'><strong>effertis</strong></span> <span class='ocrx_word' id='word_1_896' title='bbox 1395 2737 1524 2766; x_wconf 85' lang='lat' dir='ltr'><strong>adversus</strong></span> <span class='ocrx_word' id='word_1_897' title='bbox 1566 2734 1709 2765; x_wconf 84' lang='lat' dir='ltr'><strong>hominem</strong></span> 
     </span>
    </p>
   </div>
  </div>
