1927 3076
217 145 270 172 255

217 205 312 236 hunc?
331 206 543 243 Responderunt
556 211 584 235 et
606 206 735 235 dixerunt
750 206 773 234 ei
789 215 796 234 :
812 207 839 235 Si
862 214 919 234 non
940 211 1012 234 esset
1025 210 1050 240 Α

215 250 259 279 hic
268 259 382 286 nocens,
403 251 617 287 haudquaquam
636 251 685 279 tibi
705 251 914 279 tradidissemus
937 259 1009 279 eum.

215 295 292 322 Dixit
309 303 373 331 ergo
387 294 426 322 eis
439 295 543 323 Pilatus
559 304 566 322 :
582 294 705 330 Accipite
720 302 784 322 eum
797 302 856 328 vos,
871 299 898 322 et
912 303 1010 323 secun-

215 339 282 368 dum
303 340 391 375 legem
405 343 524 367 vestram
542 339 663 375 judicate
689 348 761 368 eum.
786 340 920 368 Dixerunt
946 348 1011 376 ergo

215 385 241 412 ei
258 384 347 412 Judaei
370 393 376 412 :
393 384 478 412 Nobis
494 393 551 413 non
573 386 637 414 licet
654 387 806 414 interficere
819 394 985 423 quemquam
1002 396 1008 414 :

215 433 246 458 ut
260 436 352 457 sermo
375 430 443 457 Jesu
468 431 641 466 impleretur,
655 439 739 467 quem
765 431 833 460 dixit
857 432 1011 468 signiﬁcans

215 481 272 510 qua
286 479 377 502 morte
396 479 469 503 esset
495 475 656 504 moriturus.
682 487 695 500 ι
719 476 761 504 Λᾶ
787 476 889 504 multos
906 476 1012 512 judices

214 518 321 546 ducunt
340 519 505 553 Dominum,
531 520 673 555 opinantes
693 528 722 548 se
741 521 821 549 illum
846 520 1009 548 contumelia

212 563 371 599 affecturos,
393 565 441 593 sed
458 573 551 594 revera
570 574 617 602 per
630 566 717 594 multa
739 566 883 594 tribunalia
904 566 1008 594 clarum

213 608 344 637 reddunt.
358 610 493 638 Dominus
507 611 580 638 enim
595 618 642 646 per
657 611 749 639 omnia
775 611 819 639 illa
842 611 930 638 exivit
953 619 1010 639 non

213 654 353 683 convictus
368 655 401 683 de
422 656 548 690 crimine,
569 656 655 684 robur
671 656 775 683 habens
790 655 833 684 cui
857 656 1009 684 contradici

213 705 270 725 non
285 699 381 734 potuit.
406 701 519 728 Ducunt
533 708 598 736 ergo
622 708 685 728 eum
703 700 737 728 ad
762 701 933 736 praetorium.
948 702 1010 728 Non

213 742 287 770 enim
313 743 452 772 habebant
471 745 524 780 ipsi
546 749 710 781 potestatem
739 744 891 779 occidendi,
916 749 1010 781 utpote

213 793 306 814 rerum
322 789 490 824 potientibus
513 790 664 823 Romanis;
679 790 721 817 vel
742 789 808 825 quia
827 789 961 818 timebant
975 798 1010 818 ne

212 835 305 866 postea
332 841 426 868 pmnas
441 834 556 867 luerent,
580 834 700 862 accusati
727 833 800 869 quod
819 834 1008 862 indemnatum

210 875 421 906 interfecissent.
446 890 458 903 ε
477 880 544 906 Erat
566 883 658 906 autem
686 886 778 912 mane,
806 890 818 902 υ
843 879 954 914 inquit:
979 881 1047 911 utB

211 918 301 948 discas
320 922 395 957 quod
411 931 459 959 per
473 923 617 951 dimidium
632 923 720 951 noctis
739 931 755 951 a
775 922 874 959 Caipha
889 924 1009 951 interro-

211 969 292 999 gatus
307 966 352 994 sit.
369 968 447 996 Prius
470 969 546 996 enim
561 976 644 1002 quam
668 968 755 1004 gallus
768 972 898 1002 cantaret,
922 968 1010 996 abdu«

211 1013 275 1037 ctus
286 1015 329 1039 est
341 1011 373 1040 ad
387 1013 531 1049 Caipham.
543 1013 615 1048 Quid
626 1017 719 1041 autem
730 1013 765 1041 ab
780 1021 812 1041 eo
826 1013 1009 1050 interrogarit,

210 1053 322 1083 silentio
338 1058 471 1092 praeteriit
493 1058 545 1086 iste
560 1058 736 1094 evangelista.
755 1058 806 1086 Alii
826 1063 917 1087 autem
931 1059 1009 1087 dixe-

211 1102 297 1127 runt:
318 1101 386 1129 Cum
406 1106 516 1130 noctem
540 1103 570 1130 in
589 1103 641 1130 illis
666 1102 855 1138 perfecissent,
879 1111 959 1131 mane
974 1104 1008 1132 ad

211 1143 328 1173 Pilatum
344 1146 490 1175 duxerunt.
514 1159 526 1171 -
545 1148 598 1183 Ipsi
622 1151 715 1176 autem
729 1155 784 1175 non
809 1153 875 1175 sunt
894 1148 1008 1184 ingressi

211 1187 240 1215 in
256 1191 425 1225 praetorium,
440 1195 471 1219 ut
485 1199 519 1219 ne
531 1191 727 1226 polluerentur.
754 1203 766 1215 π
787 1193 810 1220 0
827 1191 1006 1220 dementiam!

214 1231 316 1266 Injusle
323 1233 433 1268 quidem
443 1234 612 1267 occidebant,
621 1239 648 1262 et
658 1242 712 1262 non
727 1234 859 1270 putabant
866 1243 895 1263 se
907 1236 1003 1271 pollui:

210 1279 238 1303 et
253 1276 335 1311 pollui
350 1285 380 1305 se
402 1277 559 1312 credebant,
583 1278 604 1306 si
626 1278 832 1314 ingrederentur
853 1279 882 1306 in
907 1284 1007 1315 practo-

210 1320 296 1348 rium.
313 1321 384 1356 Quid
397 1330 491 1350 autem
513 1327 566 1356 est,
582 1334 594 1347 α
611 1327 643 1351 ut
661 1322 840 1351 comederent
854 1324 975 1352 Pascha?
994 1335 1004 1348 ιι

209 1365 281 1393 Sane
303 1367 440 1395 Dominus
459 1367 525 1395 illud
549 1366 614 1395 fecit
639 1367 726 1402 prima
754 1370 932 1404 Azymorum.
958 1369 1006 1396 Vel

210 1410 293 1446 igitur
319 1411 501 1448 intelligamus
518 1420 567 1447 per
592 1411 697 1440 Pascha
720 1420 801 1440 omne
831 1412 933 1440 festum
961 1420 1004 1440 se-

209 1458 285 1490 ptem
308 1454 426 1489 dierum,
449 1456 490 1484 vel
513 1456 588 1492 quod
610 1457 660 1492 ipsi
680 1456 792 1492 quidem
818 1457 1006 1484 manducaturi

217 1499 337 1527 erantin
353 1508 505 1535 parascevae
525 1509 645 1536 vespere.
672 1502 732 1536 Ipse
755 1505 847 1528 autem
872 1501 1008 1528 Dominus

209 1551 265 1571 uno
286 1543 328 1572 die
353 1545 491 1580 praevenit,
515 1553 655 1574 reservans
675 1546 717 1573 sui
736 1545 903 1573 occisionem
925 1553 1003 1580 para-
1021 1547 1043 1579 C

209 1596 307 1622 scevae,
321 1589 432 1625 quando
447 1594 474 1618 et
489 1594 566 1618 vetus
581 1590 663 1618 ﬁebat
674 1589 787 1617 Pascha.
802 1590 887 1617 Porro
906 1590 1006 1619 Pilatus

209 1633 347 1669 aliquanto
368 1634 522 1668 humanior,
540 1634 596 1670 ipse
616 1634 752 1670 egreditur
768 1645 774 1662 :
792 1638 819 1662 et
833 1635 897 1670 quia
911 1635 1007 1662 Domi-

208 1686 275 1706 num
308 1679 374 1707 vidit
395 1680 529 1713 vinctum,
554 1687 608 1707 non
632 1679 796 1706 existimavit
821 1679 884 1707 inde
905 1679 964 1715 jam
978 1687 1006 1707 se

210 1730 322 1751 causam
340 1723 440 1752 habere
461 1728 557 1752 contra
573 1724 724 1756 Christum,
739 1723 787 1751 sed
801 1723 949 1759 interrogat
971 1723 1005 1751 de

211 1775 292 1796 causa
307 1769 489 1798 vinculorum.
506 1771 543 1797 At
565 1769 592 1796 hi
608 1777 672 1796 cum
691 1768 757 1796 nihil
773 1773 884 1804 possent
904 1768 1004 1804 dicere,

212 1824 224 1838 α
254 1814 311 1842 Nisi
330 1815 374 1843 hic
394 1819 466 1843 esset
486 1814 658 1848 malefactor,
684 1814 775 1847 aiunt,
797 1822 854 1842 non
877 1814 926 1842 tibi
950 1818 1005 1842 tra-

210 1858 375 1888 didissemus
400 1868 473 1888 eum.
495 1871 508 1884 υ
532 1860 614 1888 Vides
628 1868 675 1887 eos
695 1859 771 1887 omni
788 1859 848 1888 loco
871 1860 1006 1888 declinare

210 1905 416 1933 accusationes?
451 1906 545 1932 Annas
566 1903 749 1940 interrogavit,
780 1909 807 1931 et
832 1903 898 1931 nihil
928 1903 1003 1931 inve-

212 1949 262 1977 nit.
287 1949 370 1985 742
383 1949 425 1977 Ad
440 1949 572 1985 Caipham
587 1949 671 1982 misit,
688 1949 732 1984 qui
749 1949 848 1976 iterum
865 1955 927 1975 cum
939 1956 1004 1975 exa-

208 1993 344 2021 minasset
357 2001 392 2020 eu
409 2001 449 2027 ιι),
471 1993 506 2021 ad
528 1993 643 2021 Pilatum
664 1993 748 2020 misit.
771 1992 879 2020 Deinde
903 1992 1005 2020 Pilatus

206 2039 307 2066 iterum
329 2039 510 2074 interrogat:
540 2039 628 2073 Quam
661 2037 864 2066 accusationem
900 2036 1004 2064 habetis

206 2082 419 2110 contra’hunc?
441 2084 477 2110 Et
504 2090 593 2118 neque
615 2082 668 2110 hoc
691 2082 750 2109 loco
782 2081 871 2109 dicere
901 2080 1004 2116 aliquid

205 2131 331 2162 possunt.
347 2126 428 2155 Unde
444 2127 506 2162 quia
518 2127 585 2155 nihil
599 2126 692 2155 dicunt
707 2136 713 2154 :
727 2126 886 2161 «Accipite,
903 2125 1001 2161 inquit,

206 2179 254 2199 vos
266 2171 354 2206 illum,
376 2183 388 2196 υ
409 2172 470 2208 quia
485 2172 558 2200 enim
573 2171 716 2208 vobisipsis
727 2171 862 2207 judicium
883 2170 1001 2198 vindica-

205 2215 249 2250 tis,
272 2219 299 2244 et
321 2221 482 2253 arroganter
509 2217 663 2253 loquimini,
686 2216 764 2252 quasi
785 2215 853 2243 nihil
879 2223 999 2251 unquam

204 2261 267 2289 mali
280 2261 419 2290 feceritis:
437 2273 448 2286 -
472 2262 531 2290 Nisi
551 2262 635 2295 enim,
651 2261 790 2296 inquiunt,
806 2260 901 2287 fuisset
916 2259 1000 2286 male-

205 2304 300 2339 factor,
315 2315 370 2334 non
382 2306 431 2334 tibi
444 2306 653 2334 tradidissemus
672 2313 737 2333 eum
753 2315 759 2332 :
778 2316 790 2328 δι
807 2304 855 2340 ipsi
876 2303 1001 2339 accipite,

205 2354 232 2377 et
243 2350 372 2386 judicate.
395 2351 421 2378 Si
433 2355 525 2379 autem
540 2351 573 2378 ad
589 2358 634 2378 me
655 2349 824 2378 detulissetis
838 2356 959 2381 causam,
975 2352 1002 2375 et

158 2419 162 2422 .
203 2394 323 2422 formam
337 2395 408 2430 juris
423 2395 589 2429 servassetis,
613 2394 801 2423 necessarium
824 2392 919 2420 fuisset
939 2400 1002 2428 pro-

202 2439 274 2468 ferre
295 2448 390 2468 causas
411 2440 541 2468 hominis.
561 2452 573 2464 α
596 2440 722 2467 Judicate
739 2447 803 2467 cum
831 2446 888 2465 vos.
909 2449 922 2461 η
944 2439 1001 2472 Ego

202 2483 276 2511 enim
296 2485 456 2520 neutiquam
481 2485 545 2512 talis
565 2484 647 2521 judex
677 2484 786 2512 fuerim.
810 2483 896 2518 Igitur
914 2482 937 2509 si
959 2482 1000 2509 lex

201 2532 290 2556 vestra
303 2537 361 2556 non
374 2529 466 2557 audita
489 2537 570 2557 causa
586 2529 672 2565 punit,
688 2540 700 2552 ιι
714 2528 836 2564 judicate
850 2526 910 2562 ipsi.
931 2538 943 2551 δ
964 2529 1000 2554 At

201 2572 238 2600 illi
250 2573 344 2601 dicunt
356 2584 362 2601 :
384 2585 396 2598 ιι
411 2574 498 2601 Nobis
512 2582 567 2601 non
581 2574 642 2601 licet
656 2573 780 2601 occidere
792 2579 970 2608 quemquam.
985 2582 996 2595 ι›

200 2617 262 2645 Hoc
274 2622 367 2646 autem
380 2618 506 2646 dixerunt
529 2618 645 2646 scientes
660 2618 734 2653 quod
748 2617 866 2645 Romani
881 2616 915 2644 ad
936 2624 997 2643 cru‘

199 2669 261 2691 cem
285 2663 501 2691 condemnarent
521 2663 644 2691 rebelles.
671 2664 712 2691 Ut
731 2662 812 2698 igitur
829 2660 997 2697 cruciﬁgere-

200 2710 245 2734 tur
261 2707 408 2743 Dominus,
424 2712 452 2736 et
463 2716 539 2736 mors
555 2707 611 2744 ejus
625 2707 819 2744 invulgaretur,
835 2706 892 2742 ejus
912 2705 997 2741 gratia

199 2755 354 2786 praetexunt
376 2752 450 2788 quod
472 2761 528 2781 non
548 2752 627 2780 liceat
644 2752 696 2780 sibi
722 2751 845 2780 occidere
869 2761 875 2779 :
896 2750 998 2785 alioqui

199 2796 339 2831 quomodo
371 2797 541 2833 Stephanum
577 2797 753 2834 lapidarunt?
786 2796 846 2832 sed,
883 2799 915 2824 ut
931 2794 998 2828 dixi,

234 2834 256 2852 9°
271 2839 333 2865 Act.
350 2845 407 2871 vu,
421 2840 455 2866 58

1015 2238 1040 2268 D

723 143 980 172 THEOPHYLACTI
999 143 1176 172 BULGARLE
1195 143 1351 172 ARCHIEP.

1821 148 1864 174 256

1066 218 1116 236 που
1137 206 1243 243 τούτου;
1261 206 1473 247 Ἀπεκρίθησαν,
1495 207 1541 237 καὶ
1565 203 1637 238 εἶπον
1660 209 1758 247 αὐτῷ·
1782 209 1814 238 Εἰ
1833 209 1865 246 μὴ

1066 247 1098 292 ἦν
1115 248 1189 284 οἶτος
1206 252 1364 287 κακοποιὸς,
1386 253 1431 281 οὖκ
1451 252 1481 282 ἄν
1501 264 1543 282 σοι
1560 252 1763 292 παρεδώκαμεν
1781 253 1862 283 αὐτόν.

1067 291 1149 326 Εἶπεν
1171 291 1214 325 οὖν
1238 298 1325 329 αὐτοῖς
1347 297 1360 325 ὁ
1382 297 1511 330 Πιλάτος·
1537 297 1640 327 Λάϐετε
1668 297 1755 327 αὐτὸν
1782 299 1864 335 ὑμεῖς,

1066 341 1110 370 καὶ
1130 341 1199 370 κατὰ
1216 340 1260 369 τὸν
1282 341 1360 378 νόμον
1380 343 1452 379 ὑμῶν
1473 341 1579 382 κρίνατε
1598 342 1692 371 αὐτόν.
1721 337 1807 371 Εἶπον
1827 337 1865 370 οἷν

1066 387 1137 425 αὐτῷ
1165 387 1190 414 οἱ
1218 386 1354 415 ’[ουδαῖοι“
1385 386 1468 423 Ἡμῖν
1497 387 1545 416 οὐκ
1575 386 1674 420 ἔξεστιν
1710 388 1865 415 ἀποκτεῖναι

1064 430 1170 459 οὐδέναο
1194 429 1236 459 ἵνα
1259 431 1273 458 ὁ
1288 429 1363 469 λόγος
1387 433 1432 459 τοῦ
1459 431 1549 467 Ἰησοῦ
1573 431 1724 470 πληρωθῇ,
1746 430 1775 460 ὃν
1798 426 1865 467 εἶπε,

1064 475 1202 513 σημαίνων
1238 474 1305 514 ποίῳ
1342 475 1446 514 θανάτῳ
1484 475 1594 513 ἔμελλεν
1633 475 1862 510 ἀποθνήσκειν.»

1065 520 1178 552 Πολλοῖς
1203 518 1382 559 δικαστηρίοις
1408 519 1539 558 ὑπάγουσι
1568 520 1612 550 τὸν
1643 520 1769 558 Κύριον,
1797 520 1866 548 αὐτοὶ

1065 564 1111 602 μὲν
1143 564 1311 604 καθυϐρίζειν
1341 564 1417 593 αὐτὸν
1450 565 1581 602 οἰόμενοι,
1611 566 1657 599 τῆς
1683 564 1714 594 δὲ
1743 564 1865 599 ἀληθείας

1065 609 1176 646 μᾶλλον]
1189 607 1232 637 διὰ
1255 610 1306 638 τῶν
1329 609 1434 638 πολλῶν
1456 609 1632 648 δικαστηρίων
1656 609 1863 649 ἐκφαινομένης.

1066 653 1237 690 Ἀνέγκλητος
1269 653 1321 692 γὰρ
1356 652 1399 682 διὰ
1435 652 1534 682 τούτων
1569 654 1678 683 πάντων
1719 655 1734 682 ὁ
1774 653 1864 692 Κύριος

1064 697 1188 734 ἐξελθὼν,
1221 698 1411 738 ἀναντίρρητον
1444 697 1473 726 τὸ
1503 698 1598 738 κράτος
1624 699 1718 738 ἔσχεν.
1747 696 1864 736 Ἄγουσιν

1063 738 1108 771 οὖν
1138 742 1216 771 αὐτὸν
1241 743 1277 775 εἷς
1304 743 1334 771 τὸ
1357 741 1529 781 πραιτώριον.
1558 743 1597 772 Οὖ
1618 742 1669 782 γὰρ
1693 738 1772 782 εἶχον
1797 741 1865 770 αὐτοὶ

1064 787 1183 820 ἐξουσίαν
1199 787 1315 822 ἀνελεῖν,
1330 786 1376 816 ἅτε
1389 789 1441 815 τῶν
1457 787 1624 826 πραγμάτων
1644 787 1697 816 ὑπὸ
1718 786 1865 824 “Ρωμαίοις

1064 831 1205 869 κειμένων·
1227 831 1284 869 ἅμα
1310 831 1336 859 δὲ
1357 830 1402 860 καὶ
1425 831 1613 867 ἐδεδοίκεισαν,
1630 831 1732 870 μήπως
1759 831 1863 869 ὕστερον

1065 876 1140 909 δίκας
1171 875 1307 914 ὑπόσχωσι
1333 875 1569 915 κατηγορηθέντες,
1598 877 1633 909 ὡς
1662 877 1729 905 ἄνευ
1756 876 1864 915 κρίσεως

1065 920 1206 953 ἀνελόντες.
1228 931 1243 949 (ί
1257 915 1312 950 τΗν
1328 920 1355 949 δὲ
1370 918 1473 959 πρωΐα,
1499 932 1511 948 1)
1537 920 1631 960 φησὶν,
1649 920 1693 949 ἵνα
1711 920 1746 949 σὺ
1764 921 1860 959 μάθῃς,

1063 966 1104 994 ὅτι
1129 964 1213 1002 ἥμισυ
1236 967 1282 1000 τῆς
1300 964 1392 997 νυκτὸς
1413 965 1462 994 ὑπὸ
1487 965 1600 1005 Καϊάφα
1624 966 1766 1005 ἠρωτᾶτο.
1800 964 1862 1003 Πρὶν

1063 1009 1114 1049 γὰρ
1139 1010 1267 1048 ἀλέκτορα
1290 1011 1424 1048 φωνῆσαι,
1444 1009 1552 1049 ἀπήχθη
1572 1010 1637 1049 πρὸς
1663 1010 1809 1049 Καϊάφαν.
1832 1009 1862 1038 Τί

1064 1054 1092 1083 δὲ
1114 1054 1164 1082 ὑπὸ
1185 1053 1277 1083 τούτου
1297 1055 1435 1092 ἠρωτᾶτο,
1455 1056 1561 1094 παρ’ἤκε
1582 1054 1629 1091 μὲν
1652 1050 1730 1088 οἶτος
1751 1055 1765 1082 ὃ
1789 1055 1862 1091 εὐαγ-

1063 1098 1195 1137 γελιστὴς,
1220 1098 1304 1138 ἕτεροι
1325 1098 1352 1127 δὲ
1373 1093 1455 1128 εἷπον.
1477 1099 1533 1133 Τῆς
1554 1098 1581 1127 δὲ
1600 1098 1691 1131 νυκτὸς
1714 1100 1741 1127 ἐν
1765 1098 1862 1130 τούτοις

1063 1143 1232 1178 ἀνυσθείσης,
1250 1140 1353 1183 πρωίας
1368 1145 1432 1182 πρὸς
1450 1144 1565 1172 Πιλάτον
1583 1143 1730 1180 ἀπάγεται.
1752 1157 1763 1168 ι
1784 1143 1861 1172 Αὐτοὶ

1063 1188 1089 1216 δὲ
1110 1189 1157 1217 οὐκ
1177 1189 1296 1224 εἰσῆλθον
1317 1189 1352 1221 εἰς
1373 1189 1401 1217 τὸ
1423 1188 1597 1228 πραιτώριον,
1616 1187 1661 1217 ἵνα
1682 1189 1723 1226 μὴ
1747 1189 1861 1226 μιανθῶ-

1062 1244 1115 1262 σιν.
1141 1246 1153 1258 ι
1172 1231 1209 1262 Ὦ
1234 1235 1281 1268 τῆς
1306 1232 1411 1266 ἄνοίαςῐ
1437 1234 1576 1267 Φονῶντες
1601 1233 1649 1271 μὲν
1673 1233 1791 1268 ἀδίκως,
1816 1233 1860 1261 οὖκ

1062 1277 1178 1315 ἐνόμιζον
1207 1277 1369 1314 μιαίνεσθαι·
1397 1277 1573 1316 δικαστηρίων
1604 1277 1631 1306 δὲ
1662 1277 1859 1312 ἐπιϐαίνοντες,

1062 1321 1172 1358 μιαίνειν
1187 1321 1294 1354 ἑαυτοὺς
1309 1324 1430 1360 ἡγοῖντο.
1455 1323 1492 1352 Τί
1508 1322 1536 1352 δέ
1553 1323 1637 1357 ἐστιν,
1653 1335 1664 1348 ιι
1686 1321 1733 1350 ἵνα
1756 1321 1859 1359 φάγωσι

1059 1365 1089 1394 τὸ
1114 1366 1227 1406 Πάσχα;
1250 1379 1261 1392 ν
1276 1366 1321 1395 καὶ
1337 1365 1397 1405 ςμὴν
1425 1366 1488 1395 αὐτὸ
1510 1369 1523 1396 ὃ
1552 1367 1648 1405 Κύριος
1672 1366 1808 1399 πεποίηκε
1829 1367 1858 1404 τῇ

1061 1409 1153 1450 πρώτῃ
1170 1412 1221 1439 τῶν
1238 1410 1366 1449 Ἀζύμων.
1389 1409 1426 1441 Ἦ
1448 1406 1491 1440 οὖν
1512 1411 1612 1451 Πάσχα
1633 1410 1681 1446 τὴν
1696 1410 1794 1451 ἑορτὴν
1810 1414 1858 1438 πᾶ-

1061 1466 1110 1483 σαν
1127 1454 1255 1493 νοήσομεν
1274 1454 1320 1489 τὰς
1337 1454 1404 1484 ἑπτὰ
1419 1457 1535 1495 ἡμέρας,
1552 1455 1569 1491 ἢ
1586 1456 1626 1484 ὅτι
1645 1456 1722 1484 αὐτοὶ
1740 1455 1788 1492 μὲν
1803 1454 1857 1483 τότε

1061 1499 1170 1537 ἔμελλον
1187 1498 1251 1528 αὐτὸ
1265 1503 1359 1539 φαγεῖν
1423 1501 1578 1540 παρασκευῇ
1595 1498 1722 1538 ἑσπέρας·
1742 1499 1818 1532 αὐτὸς
1832 1497 1856 1526 δὲ

1061 1543 1111 1581 πρὸ
1128 1547 1189 1582 μιᾶς
1204 1543 1268 1572 αὐτὸ
1284 1543 1442 1582 παρέδωκε,
1460 1545 1546 1583 τηρῶν
1568 1543 1615 1579 τὴν
1637 1545 1736 1573 ἑαυτοῦ
1757 1542 1856 1582 σφαγὴν

1059 1589 1092 1627 τῇ
1115 1591 1288 1628 παρασκευῇ,
1309 1588 1350 1617 ὅτε
1371 1589 1417 1617 καὶ
1435 1589 1465 1618 τὸ
1486 1588 1600 1618 παλαιὸν
1622 1589 1724 1626 ἐγίνετο
1747 1588 1854 1626 Πάσχα.

1060 1632 1093 1662 Ὁ
1114 1633 1140 1662 δὲ
1163 1632 1279 1665 Πιλάτος
1293 1633 1484 1672 ἐπιεικέστερόν
1504 1645 1529 1662 τι
1548 1635 1645 1669 ποιῶν,
1663 1633 1746 1666 αὐτὸς
1766 1633 1855 1667 ᾖεισι·

1059 1678 1104 1707 καὶ
1124 1678 1215 1713 ἐπειδὴ
1234 1678 1278 1706 τὸν
1301 1679 1399 1718 Κύριον
1419 1672 1472 1708 εἶδε
1493 1678 1645 1716 δεδεμένον,
1666 1679 1715 1706 οὒκ
1739 1677 1854 1714 ἐνόμισεν

1061 1723 1174 1752 ἐντεῦθεν
1203 1723 1254 1758 ἤδη
1285 1722 1394 1763 ἔλεγχον
1427 1723 1497 1763 ἔχειν
1528 1723 1597 1752 κατὰ
1627 1724 1766 1762 Χριστοῦ,
1798 1721 1854 1750 ἀλλ’

1060 1768 1145 1807 ἐρωτᾷ
1164 1766 1210 1803 τὴν
1231 1767 1317 1797 αἰτίαν
1336 1769 1388 1796 τῶν
1411 1768 1526 1806 δεσμῶν.
1547 1769 1582 1796 Οἱ
1607 1768 1635 1796 δὲ
1658 1767 1734 1796 οὐδὲν
1756 1768 1854 1806 ἔχοντες

1059 1813 1155 1847 εἰπεῖν,
1182 1826 1193 1838 η
1217 1812 1248 1840 Εἰ
1264 1811 1300 1850 μὴ
1323 1807 1354 1847 ἦν
1375 1808 1449 1847 οὗτος
1469 1812 1625 1844 κακοποιὸς,
1645 1812 1741 1851 φασὶν,
1762 1813 1808 1840 οὐκ
1824 1809 1852 1838 ἄν

1059 1868 1100 1886 σοι
1125 1855 1318 1896 παρεδώκαμεν
1343 1857 1429 1887 αὐτόν.
1459 1869 1470 1882 υ
1493 1856 1576 1896 Ὁρᾷς
1602 1858 1742 1895 πανταχοῦ
1764 1853 1851 1884 ἐκκλί-

1059 1912 1149 1934 νοντας
1165 1901 1224 1934 τοὺς
1240 1900 1383 1939 ἐλέγχους;
1397 1901 1431 1930 Ὁ
1448 1900 1541 1934 Ἄννας
1556 1901 1698 1940 ἠρώτησε,
1721 1900 1769 1929 καὶ
1781 1898 1850 1928 οὐδὲν

1059 1944 1154 1984 εὑρὼν,
1177 1945 1241 1984 πρὸς
1267 1945 1390 1984 Καϊάφαν
1415 1945 1542 1985 ἔπεμψεν.
1568 1941 1654 1977 Οὑτος
1683 1945 1766 1974 πάλιν
1792 1945 1851 1972 ἄνα·

1058 1988 1163 2028 κρίνας,
1176 1989 1241 2028 πρὸς
1261 1989 1378 2018 Πιλάτου
1398 1984 1512 2020 στέλλει.
1530 1984 1597 2020 Εἶτα
1612 1992 1625 2019 ὁ
1642 1989 1760 2022 Πιλάτος
1775 1988 1848 2017 πάλιν

1059 2034 1159 2073 igtur?
1184 2033 1253 2062 Τίνα
1281 2034 1441 2073 κατηγορίαν
1467 2034 1543 2073 ἔχετε
1568 2034 1638 2063 κατὰ
1663 2033 1775 2070 τούτου,
1799 2030 1849 2062 Καὶ

1059 2076 1116 2106 οὐδὲ
1140 2079 1250 2106 ἐνταῦθα
1271 2076 1361 2116 ἔχουσί
1381 2089 1406 2106 τι
1427 2079 1520 2108 εἰπεῖν.
1543 2078 1625 2108 ⁷Ουεν
1646 2078 1737 2113 ἐπειδὴ
1760 2079 1787 2106 οὐ
1807 2075 1847 2104 λέ-

1057 2133 1146 2159 γουσιν
1175 2120 1263 2158 οὖδὲν,
1297 2131 1310 2148 (ι
1340 2121 1462 2159 Λάϐετε,
1487 2123 1584 2161 φησιν,
1614 2122 1691 2151 αὐτὸν
1722 2123 1807 2160 ὑμεῖς.
1831 2129 1844 2147 ι)

1057 2166 1169 2200 Ἐπειδὴ
1200 2166 1251 2205 γὰρ
1284 2166 1384 2198 ἑαυτοῖς
1419 2166 1574 2205 ἐπιτρέπετε
1605 2167 1653 2202 τὴν
1681 2165 1782 2206 κρίσιν,
1807 2163 1848 2193 καὶ

1057 2208 1259 2245 ἀλαζονεύεσθε,
1279 2211 1313 2243 ὡς
1333 2211 1380 2239 οὐκ
1402 2211 1432 2239 ἂν
1450 2211 1539 2240 ἄδικόν
1560 2223 1586 2240 τι
1601 2210 1755 2246 ποιήσοντές
1776 2220 1846 2238 ποτε.

1056 2269 1068 2281 α
1086 2256 1119 2284 Ιίῖ
1134 2254 1172 2292 μὴ
1187 2254 1239 2294 γὰρ
1257 2250 1306 2291 ἦν,
1323 2256 1402 2294 φασὶ,
1419 2255 1575 2291 κακοποιὸς,
1591 2257 1639 2285 οὐκ
1659 2255 1690 2283 ἄν
1706 2267 1747 2284 σοι
1767 2265 1846 2293 παρε-

1055 2299 1179 2337 δώκαμεν
1197 2299 1288 2334 αὐτὸν,
1302 2313 1314 2325 ν
1333 2313 1343 2325 ε
1363 2300 1437 2330 αὐτοὶ
1456 2299 1567 2337 λάϐετε,
1587 2300 1633 2329 καὶ
1649 2301 1766 2339 κρίνατε.
1784 2312 1795 2325 ι
1817 2298 1846 2327 Εἴ

1055 2343 1083 2373 δὲ
1108 2343 1171 2384 πρὸς
1184 2343 1230 2382 ἐμὲ
1253 2343 1394 2382 ἠνέγκατε,
1416 2344 1462 2373 καὶ
1484 2347 1577 2383 σχῆμα
1604 2344 1775 2384 δικαστηρίου
1800 2353 1847 2370 πι-

1056 2389 1179 2428 ριάτττετε
1194 2390 1232 2427 τῷ
1246 2390 1400 2427 πράγματι,
1416 2390 1559 2428 ἀναγκαῖον
1578 2389 1689 2422 ἐξειπεῖν
1710 2388 1743 2418 τὰ
1763 2385 1845 2417 αἰτιά-

1056 2445 1128 2472 ματα
1146 2436 1192 2462 τοῧ
1214 2432 1363 2472 ἀνθρώπου.
1392 2444 1406 2462 (ι
1428 2433 1543 2472 Κρίνατε
1563 2429 1607 2462 οὖν
1630 2433 1707 2462 αὐτὸν
1729 2435 1813 2472 ὑμεῖς·
1829 2442 1842 2457 η

1055 2478 1106 2517 ἐγὼ
1128 2478 1179 2518 γὰρ
1199 2479 1245 2507 οὐκ
1267 2477 1298 2507 ἂν
1316 2478 1440 2513 δικαστὴς
1462 2481 1574 2511 τοιοῦτος
1594 2477 1662 2513 εἴην.
1687 2479 1720 2508 Εἰ
1736 2475 1844 2507 τοίνυνδ

1054 2523 1132 2561 νόμος
1147 2524 1220 2559 ὑμῶν
1239 2522 1362 2555 ἀναιτίως
1377 2523 1498 2558 κολάζει,
1520 2534 1533 2550 ιι
1551 2522 1655 2562 κρίνατε
1676 2522 1759 2552 αὐτοί.
1783 2533 1796 2550 ν
1811 2519 1843 2549 Οἱ

1054 2566 1096 2604 δὲ,
1116 2581 1127 2594 ιι
1150 2567 1232 2604 Ἱίμῐν
1254 2568 1301 2595 οὐκ
1319 2567 1418 2601 ἔξεστιν
1441 2569 1594 2597 ἀποκτεῖναι
1613 2567 1720 2606 οὐδένα,
1738 2581 1749 2593 ι
1770 2564 1839 2607 φασί.

1054 2614 1140 2642 Τοῦτο
1159 2611 1185 2639 δὲ
1206 2610 1325 2649 λέγουσιν
1344 2611 1454 2647 εἰδότες,
1475 2611 1515 2641 ὅτι
1537 2613 1560 2641 οἱ
1587 2612 1719 2650 Ῥωμαῖοι
1742 2610 1841 2650 σταυρῷ

1053 2656 1258 2689 καταδικάζουσι
1284 2655 1340 2689 τοὺς
1365 2657 1508 2697 ἀντάρτας.
1530 2655 1582 2686 Ἴν’
1608 2652 1653 2686 οὖν
1676 2655 1841 2696 σταυρωθῇὃ

1055 2700 1166 2739 Κύριος,
1186 2699 1232 2728 καὶ
1254 2701 1268 2729 ὃ
1288 2700 1398 2734 θάνατος
1423 2702 1500 2730 αὐτοῦ
1526 2701 1698 2740 ἐκπομπευθῇ
1722 2701 1767 2729 καὶ
1789 2701 1840 2728 ἐπι-

1052 2744 1201 2784 κατάρατος
1233 2748 1369 2784 κηρυχθῇ,
1391 2744 1483 2774 τούτου
1516 2743 1601 2774 ἕνεκεν
1635 2744 1838 2785 σχηματίζονται

1051 2788 1082 2819 τὸ
1095 2789 1132 2828 μὴ
1158 2788 1252 2823 ἐξεῖναι
1269 2789 1540 2831 αὐτοῖςιᾶποκτεῖναι·
1561 2789 1618 2819 ἐπεὶ
1638 2791 1693 2823 πῶς
1711 2789 1756 2819 τὸν
1778 2786 1838 2819 Στέ-
