  <div class='ocr_page' id='page_1' title='image "/cluster/home/n/w/nwhite01/storage/ocr_20150623/124/njp.32101010942728/194.png"; bbox 0 0 1927 3076; ppageno 0'>
   <div class='ocr_carea' id='block_1_1' title="bbox 58 182 106 208">
    <p class='ocr_par' dir='ltr' id='par_1_1' title="bbox 58 182 106 208">
     <span class='ocr_line' id='line_1_1' title="bbox 58 182 106 208; baseline 0 0"><span class='ocrx_word' id='word_1_1' title='bbox 58 182 106 208; x_wconf 81' lang='grc'><strong>257</strong></span> 
     </span>
    </p>
   </div>
   <div class='ocr_carea' id='block_1_2' title="bbox 448 175 1361 207">
    <p class='ocr_par' dir='ltr' id='par_1_2' title="bbox 448 175 1361 207">
     <span class='ocr_line' id='line_1_2' title="bbox 448 175 1361 207; baseline -0.004 0"><span class='ocrx_word' id='word_1_2' title='bbox 448 178 643 207; x_wconf 79' lang='lat' dir='ltr'><strong>ENARRATIO</strong></span> <span class='ocrx_word' id='word_1_3' title='bbox 661 179 694 207; x_wconf 84' lang='lat' dir='ltr'><strong>IN</strong></span> <span class='ocrx_word' id='word_1_4' title='bbox 714 177 929 207; x_wconf 75' lang='lat' dir='ltr'><strong>EVANGELIUM</strong></span> <span class='ocrx_word' id='word_1_5' title='bbox 948 176 1097 206; x_wconf 76' lang='lat' dir='ltr'><strong>JOANNIS.</strong></span> <span class='ocrx_word' id='word_1_6' title='bbox 1116 191 1152 197; x_wconf 97' lang='lat'><strong>—</strong></span> <span class='ocrx_word' id='word_1_7' title='bbox 1169 175 1245 204; x_wconf 80' lang='lat' dir='ltr'><strong>CAP.</strong></span> <span class='ocrx_word' id='word_1_8' title='bbox 1265 176 1361 204; x_wconf 78' lang='lat' dir='ltr'><strong>XVIII.</strong></span> 
     </span>
    </p>
   </div>
   <div class='ocr_carea' id='block_1_3' title="bbox 1645 177 1698 204">
    <p class='ocr_par' dir='ltr' id='par_1_3' title="bbox 1645 177 1698 204">
     <span class='ocr_line' id='line_1_3' title="bbox 1645 177 1698 204; baseline 0.019 -1"><span class='ocrx_word' id='word_1_9' title='bbox 1645 177 1698 204; x_wconf 72' lang='lat'><strong>358</strong></span> 
     </span>
    </p>
   </div>
   <div class='ocr_carea' id='block_1_4' title="bbox 58 236 849 283">
    <p class='ocr_par' dir='ltr' id='par_1_4' title="bbox 58 237 848 283">
     <span class='ocr_line' id='line_1_4' title="bbox 58 237 848 283; baseline -0.003 -11"><span class='ocrx_word' id='word_1_10' title='bbox 58 255 134 283; x_wconf 59' lang='grc' dir='ltr'>οινον</span> <span class='ocrx_word' id='word_1_11' title='bbox 157 241 340 278; x_wconf 62' lang='grc' dir='ltr'>ἐλιθοϐόλουη</span> <span class='ocrx_word' id='word_1_12' title='bbox 360 241 430 271; x_wconf 78' lang='grc' dir='ltr'>Ἀλλ’</span> <span class='ocrx_word' id='word_1_13' title='bbox 456 242 521 282; x_wconf 81' lang='grc' dir='ltr'>ὅπερ</span> <span class='ocrx_word' id='word_1_14' title='bbox 546 237 637 281; x_wconf 65' lang='grc' dir='ltr'>εἷπον,</span> <span class='ocrx_word' id='word_1_15' title='bbox 664 243 848 282; x_wconf 70' lang='grc' dir='ltr'><strong>σταυρωθῆναι</strong></span> 
     </span>
    </p>
   </div>
   <div class='ocr_carea' id='block_1_5' title="bbox 904 236 1696 283">
    <p class='ocr_par' dir='ltr' id='par_1_5' title="bbox 904 236 1696 276">
     <span class='ocr_line' id='line_1_5' title="bbox 904 236 1696 276; baseline -0.004 -7"><span class='ocrx_word' id='word_1_16' title='bbox 904 240 1024 276; x_wconf 83' lang='lat' dir='ltr'><strong>cruciﬁgi</strong></span> <span class='ocrx_word' id='word_1_17' title='bbox 1056 239 1209 268; x_wconf 88' lang='lat' dir='ltr'><strong>Dominum</strong></span> <span class='ocrx_word' id='word_1_18' title='bbox 1242 238 1374 271; x_wconf 87' lang='lat' dir='ltr'><strong>volentes,</strong></span> <span class='ocrx_word' id='word_1_19' title='bbox 1402 236 1456 265; x_wconf 87' lang='lat' dir='ltr'><strong>hoc</strong></span> <span class='ocrx_word' id='word_1_20' title='bbox 1484 237 1590 271; x_wconf 75' lang='lat' dir='ltr'><strong>dicunt,</strong></span> <span class='ocrx_word' id='word_1_21' title='bbox 1618 238 1696 273; x_wconf 90' lang='lat' dir='ltr'><strong>quasi</strong></span> 
     </span>
    </p>
   </div>
   <div class='ocr_carea' id='block_1_6' title="bbox 58 285 845 326">
    <p class='ocr_par' dir='ltr' id='par_1_6' title="bbox 58 285 845 326">
     <span class='ocr_line' id='line_1_6' title="bbox 58 285 845 326; baseline -0.001 -10"><span class='ocrx_word' id='word_1_22' title='bbox 58 288 98 316; x_wconf 77' lang='grc' dir='ltr'>τὸν</span> <span class='ocrx_word' id='word_1_23' title='bbox 121 287 218 326; x_wconf 81' lang='grc' dir='ltr'><strong>Κύριον</strong></span> <span class='ocrx_word' id='word_1_24' title='bbox 243 286 416 326; x_wconf 82' lang='grc' dir='ltr'>βουλόμενοι,</span> <span class='ocrx_word' id='word_1_25' title='bbox 440 290 517 316; x_wconf 75' lang='grc' dir='ltr'>τοῦτο</span> <span class='ocrx_word' id='word_1_26' title='bbox 536 286 657 326; x_wconf 84' lang='grc' dir='ltr'>λέγουσιν</span> <span class='ocrx_word' id='word_1_27' title='bbox 674 297 680 305; x_wconf 88' lang='grc'><strong>·</strong></span> <span class='ocrx_word' id='word_1_28' title='bbox 701 285 792 326; x_wconf 77' lang='grc' dir='ltr'>ὥσπερ</span> <span class='ocrx_word' id='word_1_29' title='bbox 815 285 845 315; x_wconf 79' lang='grc' dir='ltr'><strong>ἂν</strong></span> 
     </span>
    </p>
   </div>
   <div class='ocr_carea' id='block_1_7' title="bbox 58 326 846 368">
    <p class='ocr_par' dir='ltr' id='par_1_7' title="bbox 58 326 846 368">
     <span class='ocr_line' id='line_1_7' title="bbox 58 326 846 368; baseline -0.003 -7"><span class='ocrx_word' id='word_1_30' title='bbox 58 334 78 361; x_wconf 79' lang='grc' dir='ltr'><strong>εἰ</strong></span> <span class='ocrx_word' id='word_1_31' title='bbox 102 332 183 364; x_wconf 75' lang='grc' dir='ltr'>οὕτως</span> <span class='ocrx_word' id='word_1_32' title='bbox 205 326 294 361; x_wconf 70' lang='grc' dir='ltr'>εἶπον·</span> <span class='ocrx_word' id='word_1_33' title='bbox 320 330 403 368; x_wconf 84' lang='grc' dir='ltr'><strong>Ἣμῖν</strong></span> <span class='ocrx_word' id='word_1_34' title='bbox 427 333 475 360; x_wconf 78' lang='grc' dir='ltr'>οὐκ</span> <span class='ocrx_word' id='word_1_35' title='bbox 499 331 599 365; x_wconf 80' lang='grc' dir='ltr'>ἔξεστιν</span> <span class='ocrx_word' id='word_1_36' title='bbox 623 333 778 360; x_wconf 78' lang='grc' dir='ltr'>ἀποκτεῖναι</span> <span class='ocrx_word' id='word_1_37' title='bbox 803 330 846 360; x_wconf 79' lang='grc' dir='ltr'><strong>διὰ</strong></span> 
     </span>
    </p>
   </div>
   <div class='ocr_carea' id='block_1_8' title="bbox 59 375 846 416">
    <p class='ocr_par' dir='ltr' id='par_1_8' title="bbox 59 375 846 416">
     <span class='ocr_line' id='line_1_8' title="bbox 59 375 846 416; baseline -0.003 -10"><span class='ocrx_word' id='word_1_38' title='bbox 59 380 167 416; x_wconf 77' lang='grc' dir='ltr'>σταυροῦ</span> <span class='ocrx_word' id='word_1_39' title='bbox 183 376 294 405; x_wconf 59' lang='grc' dir='ltr'>οὐδένων</span> <span class='ocrx_word' id='word_1_40' title='bbox 318 375 346 404; x_wconf 84' lang='grc' dir='ltr'>τὸ</span> <span class='ocrx_word' id='word_1_41' title='bbox 368 376 394 404; x_wconf 86' lang='grc' dir='ltr'><strong>δὲ</strong></span> <span class='ocrx_word' id='word_1_42' title='bbox 415 378 602 415; x_wconf 73' lang='grc' dir='ltr'><strong>σταυρωθῆναι</strong></span> <span class='ocrx_word' id='word_1_43' title='bbox 623 378 729 412; x_wconf 75' lang='grc' dir='ltr'>τοῦτον,</span> <span class='ocrx_word' id='word_1_44' title='bbox 750 375 846 404; x_wconf 78' lang='grc' dir='ltr'>ἐπιπό-</span> 
     </span>
    </p>
   </div>
   <div class='ocr_carea' id='block_1_9' title="bbox 58 419 846 460">
    <p class='ocr_par' dir='ltr' id='par_1_9' title="bbox 58 419 846 460">
     <span class='ocr_line' id='line_1_9' title="bbox 58 419 846 460; baseline 0 -11"><span class='ocrx_word' id='word_1_45' title='bbox 58 424 130 456; x_wconf 71' lang='grc' dir='ltr'>θητον</span> <span class='ocrx_word' id='word_1_46' title='bbox 145 422 222 459; x_wconf 70' lang='grc' dir='ltr'>ἡμῖν.</span> <span class='ocrx_word' id='word_1_47' title='bbox 242 435 254 446; x_wconf 80' lang='grc' dir='ltr'><strong>σι</strong></span> <span class='ocrx_word' id='word_1_48' title='bbox 271 420 331 450; x_wconf 85' lang='grc' dir='ltr'>Ἵνα</span> <span class='ocrx_word' id='word_1_49' title='bbox 346 422 359 449; x_wconf 89' lang='lat'><strong>6</strong></span> <span class='ocrx_word' id='word_1_50' title='bbox 377 420 452 458; x_wconf 83' lang='grc' dir='ltr'>λόγος</span> <span class='ocrx_word' id='word_1_51' title='bbox 474 424 519 450; x_wconf 75' lang='grc' dir='ltr'><strong>τοῦ</strong></span> <span class='ocrx_word' id='word_1_52' title='bbox 540 420 628 456; x_wconf 78' lang='grc' dir='ltr'>Ἰησοῦ</span> <span class='ocrx_word' id='word_1_53' title='bbox 649 421 794 460; x_wconf 80' lang='grc' dir='ltr'>πληρωθῇ,</span> <span class='ocrx_word' id='word_1_54' title='bbox 819 419 846 449; x_wconf 80' lang='grc' dir='ltr'>ὃν</span> 
     </span>
    </p>
   </div>
   <div class='ocr_carea' id='block_1_10' title="bbox 59 461 848 505">
    <p class='ocr_par' dir='ltr' id='par_1_10' title="bbox 59 461 848 505">
     <span class='ocr_line' id='line_1_10' title="bbox 59 461 848 505; baseline 0 -11"><span class='ocrx_word' id='word_1_55' title='bbox 59 461 112 494; x_wconf 71' lang='grc' dir='ltr'>εἶπε</span> <span class='ocrx_word' id='word_1_56' title='bbox 136 480 146 491; x_wconf 85' lang='grc' dir='ltr'>ι-</span> <span class='ocrx_word' id='word_1_57' title='bbox 161 465 223 505; x_wconf 79' lang='grc' dir='ltr'>περὶ</span> <span class='ocrx_word' id='word_1_58' title='bbox 240 469 285 495; x_wconf 72' lang='grc' dir='ltr'>τοῦ</span> <span class='ocrx_word' id='word_1_59' title='bbox 307 464 420 494; x_wconf 78' lang='grc' dir='ltr'>θανάτου</span> <span class='ocrx_word' id='word_1_60' title='bbox 443 465 522 494; x_wconf 76' lang='grc' dir='ltr'>αὐτοῦ</span> <span class='ocrx_word' id='word_1_61' title='bbox 537 487 545 501; x_wconf 83' lang='grc'><em>,</em></span> <span class='ocrx_word' id='word_1_62' title='bbox 570 465 610 493; x_wconf 81' lang='grc' dir='ltr'>ὅτι</span> <span class='ocrx_word' id='word_1_63' title='bbox 628 465 749 499; x_wconf 81' lang='grc' dir='ltr'>δηλονότι</span> <span class='ocrx_word' id='word_1_64' title='bbox 769 476 848 495; x_wconf 78' lang='grc' dir='ltr'>σταυ-</span> 
     </span>
    </p>
   </div>
   <div class='ocr_carea' id='block_1_11' title="bbox 60 509 848 549">
    <p class='ocr_par' dir='ltr' id='par_1_11' title="bbox 60 509 848 549">
     <span class='ocr_line' id='line_1_11' title="bbox 60 509 848 549; baseline -0.001 -11"><span class='ocrx_word' id='word_1_65' title='bbox 60 510 218 549; x_wconf 67' lang='grc' dir='ltr'>ρωθήσεται,</span> <span class='ocrx_word' id='word_1_66' title='bbox 236 509 254 544; x_wconf 78' lang='grc' dir='ltr'>ἢ</span> <span class='ocrx_word' id='word_1_67' title='bbox 271 509 310 538; x_wconf 79' lang='grc' dir='ltr'><strong>ὅτι</strong></span> <span class='ocrx_word' id='word_1_68' title='bbox 327 511 375 549; x_wconf 76' lang='grc' dir='ltr'><strong>οὐχ</strong></span> <span class='ocrx_word' id='word_1_69' title='bbox 394 509 444 538; x_wconf 75' lang='grc' dir='ltr'><strong>ὑπὸ</strong></span> <span class='ocrx_word' id='word_1_70' title='bbox 466 509 618 545; x_wconf 78' lang='grc' dir='ltr'><strong>Ἰουδαίων,</strong></span> <span class='ocrx_word' id='word_1_71' title='bbox 639 509 707 538; x_wconf 77' lang='grc' dir='ltr'>ἀλλὰ</span> <span class='ocrx_word' id='word_1_72' title='bbox 730 509 776 538; x_wconf 78' lang='grc' dir='ltr'>καὶ</span> <span class='ocrx_word' id='word_1_73' title='bbox 797 509 848 538; x_wconf 75' lang='grc' dir='ltr'><strong>ὑπὸ</strong></span> 
     </span>
    </p>
   </div>
   <div class='ocr_carea' id='block_1_12' title="bbox 60 549 847 592">
    <p class='ocr_par' dir='ltr' id='par_1_12' title="bbox 60 549 847 592">
     <span class='ocr_line' id='line_1_12' title="bbox 60 549 847 592; baseline -0.003 -9"><span class='ocrx_word' id='word_1_74' title='bbox 60 555 160 583; x_wconf 77' lang='grc' dir='ltr'>ἐθνικῶν</span> <span class='ocrx_word' id='word_1_75' title='bbox 191 554 300 592; x_wconf 80' lang='grc' dir='ltr'>ἔμελλεν</span> <span class='ocrx_word' id='word_1_76' title='bbox 334 555 509 592; x_wconf 75' lang='grc' dir='ltr'>ἀναιρεῖσθαι.</span> <span class='ocrx_word' id='word_1_77' title='bbox 549 553 684 583; x_wconf 81' lang='grc' dir='ltr'>Εἷπόντων</span> <span class='ocrx_word' id='word_1_78' title='bbox 718 549 763 582; x_wconf 67' lang='grc' dir='ltr'><strong>οὖν</strong></span> <span class='ocrx_word' id='word_1_79' title='bbox 795 555 847 582; x_wconf 78' lang='grc' dir='ltr'><strong>τῶν</strong></span> 
     </span>
    </p>
   </div>
   <div class='ocr_carea' id='block_1_13' title="bbox 60 597 849 637">
    <p class='ocr_par' dir='ltr' id='par_1_13' title="bbox 60 597 849 637">
     <span class='ocr_line' id='line_1_13' title="bbox 60 597 849 637; baseline -0.001 -10"><span class='ocrx_word' id='word_1_80' title='bbox 60 598 204 634; x_wconf 73' lang='grc' dir='ltr'>Ἰουδαίων,</span> <span class='ocrx_word' id='word_1_81' title='bbox 233 597 273 627; x_wconf 73' lang='grc' dir='ltr'>ὅτι</span> <span class='ocrx_word' id='word_1_82' title='bbox 299 611 311 624; x_wconf 83' lang='grc' dir='ltr'>ι</span> <span class='ocrx_word' id='word_1_83' title='bbox 335 597 418 636; x_wconf 82' lang='grc' dir='ltr'>Ἡμῖν</span> <span class='ocrx_word' id='word_1_84' title='bbox 445 598 493 627; x_wconf 77' lang='grc' dir='ltr'><strong>οὐκ</strong></span> <span class='ocrx_word' id='word_1_85' title='bbox 517 597 616 631; x_wconf 81' lang='grc' dir='ltr'>ἔξεστιν</span> <span class='ocrx_word' id='word_1_86' title='bbox 642 599 811 637; x_wconf 72' lang='grc' dir='ltr'><strong>ἀποκτεῖναι⁷</strong></span> <span class='ocrx_word' id='word_1_87' title='bbox 836 611 849 623; x_wconf 77' lang='grc' dir='ltr'><strong>ιι</strong></span> 
     </span>
    </p>
   </div>
   <div class='ocr_carea' id='block_1_14' title="bbox 59 641 849 682">
    <p class='ocr_par' dir='ltr' id='par_1_14' title="bbox 59 641 849 682">
     <span class='ocr_line' id='line_1_14' title="bbox 59 641 849 682; baseline -0.001 -11"><span class='ocrx_word' id='word_1_88' title='bbox 59 643 296 682; x_wconf 76' lang='grc' dir='ltr'>παραλαμϐάνουσι</span> <span class='ocrx_word' id='word_1_89' title='bbox 311 642 402 672; x_wconf 81' lang='grc' dir='ltr'>λοιπὸν</span> <span class='ocrx_word' id='word_1_90' title='bbox 419 642 496 671; x_wconf 82' lang='grc' dir='ltr'>αὐτὸν</span> <span class='ocrx_word' id='word_1_91' title='bbox 519 643 543 672; x_wconf 73' lang='grc' dir='ltr'>οἱ</span> <span class='ocrx_word' id='word_1_92' title='bbox 563 641 679 677; x_wconf 83' lang='grc' dir='ltr'>ἐθνικοὶ,</span> <span class='ocrx_word' id='word_1_93' title='bbox 703 643 748 672; x_wconf 77' lang='grc' dir='ltr'><strong>καὶ</strong></span> <span class='ocrx_word' id='word_1_94' title='bbox 768 654 849 671; x_wconf 85' lang='grc' dir='ltr'>σταυ-</span> 
     </span>
    </p>
   </div>
   <div class='ocr_carea' id='block_1_15' title="bbox 60 686 848 726">
    <p class='ocr_par' dir='ltr' id='par_1_15' title="bbox 60 686 848 726">
     <span class='ocr_line' id='line_1_15' title="bbox 60 686 848 726; baseline -0.001 -10"><span class='ocrx_word' id='word_1_95' title='bbox 60 689 127 726; x_wconf 75' lang='grc' dir='ltr'>ροῦσι</span> <span class='ocrx_word' id='word_1_96' title='bbox 145 686 216 716; x_wconf 83' lang='grc' dir='ltr'>κατὰ</span> <span class='ocrx_word' id='word_1_97' title='bbox 234 687 265 716; x_wconf 82' lang='grc' dir='ltr'><strong>τὸ</strong></span> <span class='ocrx_word' id='word_1_98' title='bbox 285 686 432 725; x_wconf 80' lang='grc' dir='ltr'>εἰθισμένον</span> <span class='ocrx_word' id='word_1_99' title='bbox 452 687 538 720; x_wconf 81' lang='grc' dir='ltr'>αὐτοῖς</span> <span class='ocrx_word' id='word_1_100' title='bbox 549 709 557 723; x_wconf 88' lang='grc'><em>,</em></span> <span class='ocrx_word' id='word_1_101' title='bbox 574 686 620 716; x_wconf 79' lang='grc' dir='ltr'>καὶ</span> <span class='ocrx_word' id='word_1_102' title='bbox 639 686 708 716; x_wconf 75' lang='grc' dir='ltr'>οὕτω</span> <span class='ocrx_word' id='word_1_103' title='bbox 729 687 848 726; x_wconf 79' lang='grc' dir='ltr'>πληροῦ-</span> 
     </span>
    </p>
   </div>
   <div class='ocr_carea' id='block_1_16' title="bbox 58 730 849 771">
    <p class='ocr_par' dir='ltr' id='par_1_16' title="bbox 58 730 849 771">
     <span class='ocr_line' id='line_1_16' title="bbox 58 730 849 771; baseline -0.001 -10"><span class='ocrx_word' id='word_1_104' title='bbox 58 743 98 761; x_wconf 83' lang='grc' dir='ltr'><strong>ται</strong></span> <span class='ocrx_word' id='word_1_105' title='bbox 124 733 137 760; x_wconf 82' lang='grc' dir='ltr'><strong>ὃ</strong></span> <span class='ocrx_word' id='word_1_106' title='bbox 161 732 238 770; x_wconf 85' lang='grc' dir='ltr'>λόγος</span> <span class='ocrx_word' id='word_1_107' title='bbox 264 735 311 761; x_wconf 75' lang='grc' dir='ltr'><strong>τοῦ</strong></span> <span class='ocrx_word' id='word_1_108' title='bbox 338 731 427 767; x_wconf 75' lang='grc' dir='ltr'>Ἰησοῦ</span> <span class='ocrx_word' id='word_1_109' title='bbox 455 730 663 771; x_wconf 68' lang='grc' dir='ltr'><strong>ἀμφοτέρωθεν,</strong></span> <span class='ocrx_word' id='word_1_110' title='bbox 689 730 720 760; x_wconf 76' lang='grc' dir='ltr'>ἔκ</span> <span class='ocrx_word' id='word_1_111' title='bbox 749 742 778 760; x_wconf 84' lang='grc' dir='ltr'><strong>τε</strong></span> <span class='ocrx_word' id='word_1_112' title='bbox 802 733 849 760; x_wconf 67' lang='grc' dir='ltr'><strong>τοῦ</strong></span> 
     </span>
    </p>
   </div>
   <div class='ocr_carea' id='block_1_17' title="bbox 60 775 704 816">
    <p class='ocr_par' dir='ltr' id='par_1_17' title="bbox 60 775 704 816">
     <span class='ocr_line' id='line_1_17' title="bbox 60 775 704 816; baseline -0.002 -11"><span class='ocrx_word' id='word_1_113' title='bbox 60 777 161 809; x_wconf 81' lang='grc' dir='ltr'>ἐθνιχοῑς</span> <span class='ocrx_word' id='word_1_114' title='bbox 176 777 376 816; x_wconf 71' lang='grc' dir='ltr'>παραδοθῆναι,</span> <span class='ocrx_word' id='word_1_115' title='bbox 389 775 434 805; x_wconf 79' lang='grc' dir='ltr'><strong>καὶ</strong></span> <span class='ocrx_word' id='word_1_116' title='bbox 449 778 494 804; x_wconf 72' lang='grc' dir='ltr'><strong>τοῦ</strong></span> <span class='ocrx_word' id='word_1_117' title='bbox 510 777 704 816; x_wconf 77' lang='grc' dir='ltr'>σταυρωθῆναι.</span> 
     </span>
    </p>
   </div>
   <div class='ocr_carea' id='block_1_18' title="bbox 95 816 849 860">
    <p class='ocr_par' dir='ltr' id='par_1_18' title="bbox 95 816 849 860">
     <span class='ocr_line' id='line_1_18' title="bbox 95 816 849 860; baseline 0 -10"><span class='ocrx_word' id='word_1_118' title='bbox 95 835 106 846; x_wconf 81' lang='grc' dir='ltr'><strong>ι</strong></span> <span class='ocrx_word' id='word_1_119' title='bbox 122 822 253 856; x_wconf 74' lang='grc' dir='ltr'>Εἰσῆλθεν</span> <span class='ocrx_word' id='word_1_120' title='bbox 272 816 315 850; x_wconf 63' lang='grc' dir='ltr'><strong>οὖν</strong></span> <span class='ocrx_word' id='word_1_121' title='bbox 329 822 365 854; x_wconf 81' lang='grc' dir='ltr'><strong>εἰς</strong></span> <span class='ocrx_word' id='word_1_122' title='bbox 380 820 410 849; x_wconf 84' lang='grc' dir='ltr'><strong>τὸ</strong></span> <span class='ocrx_word' id='word_1_123' title='bbox 421 819 582 860; x_wconf 72' lang='grc' dir='ltr'>πραιτώριον</span> <span class='ocrx_word' id='word_1_124' title='bbox 599 821 679 849; x_wconf 81' lang='grc' dir='ltr'>πάλιν</span> <span class='ocrx_word' id='word_1_125' title='bbox 693 821 706 848; x_wconf 87' lang='lat'><strong>6</strong></span> <span class='ocrx_word' id='word_1_126' title='bbox 718 819 849 857; x_wconf 85' lang='grc' dir='ltr'>Πιλοίτος,</span> 
     </span>
    </p>
   </div>
   <div class='ocr_carea' id='block_1_19' title="bbox 60 859 850 905">
    <p class='ocr_par' dir='ltr' id='par_1_19' title="bbox 60 859 850 905">
     <span class='ocr_line' id='line_1_19' title="bbox 60 859 850 905; baseline 0.001 -12"><span class='ocrx_word' id='word_1_127' title='bbox 60 865 100 894; x_wconf 67' lang='grc' dir='ltr'><strong>καὶ</strong></span> <span class='ocrx_word' id='word_1_128' title='bbox 117 865 239 905; x_wconf 65' lang='grc' dir='ltr'>ἐφώνησε</span> <span class='ocrx_word' id='word_1_129' title='bbox 258 866 302 894; x_wconf 82' lang='grc' dir='ltr'><strong>τὸν</strong></span> <span class='ocrx_word' id='word_1_130' title='bbox 322 867 426 900; x_wconf 65' lang='grc' dir='ltr'>Ἰησοῦν</span> <span class='ocrx_word' id='word_1_131' title='bbox 434 859 449 904; x_wconf 20' lang='grc' dir='ltr'><strong>,ν</strong></span> <span class='ocrx_word' id='word_1_132' title='bbox 463 864 509 894; x_wconf 82' lang='grc' dir='ltr'><strong>καὶ</strong></span> <span class='ocrx_word' id='word_1_133' title='bbox 529 859 600 894; x_wconf 70' lang='grc' dir='ltr'>εἶπεν</span> <span class='ocrx_word' id='word_1_134' title='bbox 621 865 692 903; x_wconf 85' lang='grc' dir='ltr'><strong>αὖτῷ</strong></span> <span class='ocrx_word' id='word_1_135' title='bbox 704 876 711 883; x_wconf 88' lang='grc'><strong>·</strong></span> <span class='ocrx_word' id='word_1_136' title='bbox 734 864 774 895; x_wconf 72' lang='grc' dir='ltr'>Σὺ</span> <span class='ocrx_word' id='word_1_137' title='bbox 795 860 816 894; x_wconf 77' lang='grc' dir='ltr'>εἷ</span> <span class='ocrx_word' id='word_1_138' title='bbox 837 866 850 894; x_wconf 98' lang='lat'><strong>6</strong></span> 
     </span>
    </p>
   </div>
   <div class='ocr_carea' id='block_1_20' title="bbox 60 909 849 949">
    <p class='ocr_par' dir='ltr' id='par_1_20' title="bbox 60 909 849 949">
     <span class='ocr_line' id='line_1_20' title="bbox 60 909 849 949; baseline 0 -11"><span class='ocrx_word' id='word_1_139' title='bbox 60 909 175 948; x_wconf 72' lang='grc' dir='ltr'>βασιλεὺς</span> <span class='ocrx_word' id='word_1_140' title='bbox 197 911 249 939; x_wconf 79' lang='grc' dir='ltr'><strong>τῶν</strong></span> <span class='ocrx_word' id='word_1_141' title='bbox 273 909 426 946; x_wconf 78' lang='grc' dir='ltr'>Ἰουδαίων;</span> <span class='ocrx_word' id='word_1_142' title='bbox 442 909 581 949; x_wconf 77' lang='grc' dir='ltr'><strong>Ἀπεκρίθη</strong></span> <span class='ocrx_word' id='word_1_143' title='bbox 602 910 673 949; x_wconf 78' lang='grc' dir='ltr'>αὐτῷ</span> <span class='ocrx_word' id='word_1_144' title='bbox 693 910 707 938; x_wconf 92' lang='lat'><strong>6</strong></span> <span class='ocrx_word' id='word_1_145' title='bbox 722 909 826 945; x_wconf 72' lang='grc' dir='ltr'>Ἰησοῦς</span> <span class='ocrx_word' id='word_1_146' title='bbox 843 921 849 928; x_wconf 89' lang='grc'>·</span> 
     </span>
    </p>
   </div>
   <div class='ocr_carea' id='block_1_21' title="bbox 61 949 849 993">
    <p class='ocr_par' dir='ltr' id='par_1_21' title="bbox 61 949 849 993">
     <span class='ocr_line' id='line_1_21' title="bbox 61 949 849 993; baseline 0 -10"><span class='ocrx_word' id='word_1_147' title='bbox 61 954 110 993; x_wconf 66' lang='grc' dir='ltr'><strong>Ἀφ’</strong></span> <span class='ocrx_word' id='word_1_148' title='bbox 124 956 217 984; x_wconf 69' lang='grc' dir='ltr'>ἑαυτοῦ</span> <span class='ocrx_word' id='word_1_149' title='bbox 239 954 270 983; x_wconf 82' lang='grc' dir='ltr'><strong>σὺ</strong></span> <span class='ocrx_word' id='word_1_150' title='bbox 287 957 363 984; x_wconf 71' lang='grc' dir='ltr'>τοῦτο</span> <span class='ocrx_word' id='word_1_151' title='bbox 384 954 484 993; x_wconf 77' lang='grc' dir='ltr'>λέγεις,</span> <span class='ocrx_word' id='word_1_152' title='bbox 499 953 516 988; x_wconf 82' lang='grc' dir='ltr'>ἢ</span> <span class='ocrx_word' id='word_1_153' title='bbox 537 954 612 983; x_wconf 85' lang='grc' dir='ltr'>ἄλλοι</span> <span class='ocrx_word' id='word_1_154' title='bbox 633 965 673 983; x_wconf 83' lang='grc' dir='ltr'><strong>σοι</strong></span> <span class='ocrx_word' id='word_1_155' title='bbox 693 949 767 983; x_wconf 82' lang='grc' dir='ltr'>εἶπον</span> <span class='ocrx_word' id='word_1_156' title='bbox 789 954 849 993; x_wconf 77' lang='grc' dir='ltr'>περὶ</span> 
     </span>
    </p>
   </div>
   <div class='ocr_carea' id='block_1_22' title="bbox 61 998 849 1038">
    <p class='ocr_par' dir='ltr' id='par_1_22' title="bbox 61 998 849 1038">
     <span class='ocr_line' id='line_1_22' title="bbox 61 998 849 1038; baseline 0.001 -12"><span class='ocrx_word' id='word_1_157' title='bbox 61 999 136 1036; x_wconf 74' lang='grc' dir='ltr'>ἐμοῧ;</span> <span class='ocrx_word' id='word_1_158' title='bbox 157 999 299 1038; x_wconf 80' lang='grc' dir='ltr'>Ἀπεκρίθη</span> <span class='ocrx_word' id='word_1_159' title='bbox 319 999 392 1038; x_wconf 76' lang='grc' dir='ltr'>αὐτῷ</span> <span class='ocrx_word' id='word_1_160' title='bbox 416 1000 429 1028; x_wconf 79' lang='lat'><strong>6</strong></span> <span class='ocrx_word' id='word_1_161' title='bbox 456 998 588 1031; x_wconf 79' lang='grc' dir='ltr'>Πιλάτος·</span> <span class='ocrx_word' id='word_1_162' title='bbox 611 998 685 1034; x_wconf 73' lang='grc' dir='ltr'>Μήτι</span> <span class='ocrx_word' id='word_1_163' title='bbox 707 998 760 1036; x_wconf 80' lang='grc' dir='ltr'>ἐγὼ</span> <span class='ocrx_word' id='word_1_164' title='bbox 782 999 849 1028; x_wconf 88' lang='grc' dir='ltr'>Ἰου-</span> 
     </span>
    </p>
   </div>
   <div class='ocr_carea' id='block_1_23' title="bbox 61 1042 852 1083">
    <p class='ocr_par' dir='ltr' id='par_1_23' title="bbox 61 1042 852 1083">
     <span class='ocr_line' id='line_1_23' title="bbox 61 1042 852 1083; baseline 0 -12"><span class='ocrx_word' id='word_1_165' title='bbox 61 1043 125 1075; x_wconf 81' lang='grc' dir='ltr'>δαῖός</span> <span class='ocrx_word' id='word_1_166' title='bbox 144 1045 220 1083; x_wconf 60' lang='lat' dir='ltr'><strong>ait“;</strong></span> <span class='ocrx_word' id='word_1_167' title='bbox 240 1043 280 1074; x_wconf 88' lang='grc' dir='ltr'>Τὸ</span> <span class='ocrx_word' id='word_1_168' title='bbox 300 1044 369 1076; x_wconf 83' lang='grc' dir='ltr'>ἔθνος</span> <span class='ocrx_word' id='word_1_169' title='bbox 394 1043 424 1072; x_wconf 78' lang='grc' dir='ltr'><strong>τὸ</strong></span> <span class='ocrx_word' id='word_1_170' title='bbox 445 1042 489 1072; x_wconf 82' lang='grc' dir='ltr'><strong>σὸν</strong></span> <span class='ocrx_word' id='word_1_171' title='bbox 509 1042 556 1072; x_wconf 81' lang='grc' dir='ltr'><strong>καὶ</strong></span> <span class='ocrx_word' id='word_1_172' title='bbox 576 1044 599 1072; x_wconf 79' lang='grc' dir='ltr'>οἱ</span> <span class='ocrx_word' id='word_1_173' title='bbox 621 1043 750 1083; x_wconf 70' lang='grc' dir='ltr'>ἀρχιερεῖς</span> <span class='ocrx_word' id='word_1_174' title='bbox 770 1043 852 1083; x_wconf 85' lang='grc' dir='ltr'>παρέ-</span> 
     </span>
    </p>
   </div>
   <div class='ocr_carea' id='block_1_24' title="bbox 61 1087 849 1127">
    <p class='ocr_par' dir='ltr' id='par_1_24' title="bbox 61 1087 849 1127">
     <span class='ocr_line' id='line_1_24' title="bbox 61 1087 849 1127; baseline 0.003 -12"><span class='ocrx_word' id='word_1_175' title='bbox 61 1088 140 1116; x_wconf 70' lang='grc' dir='ltr'>δωκάν</span> <span class='ocrx_word' id='word_1_176' title='bbox 163 1099 192 1116; x_wconf 93' lang='grc' dir='ltr'><strong>σε</strong></span> <span class='ocrx_word' id='word_1_177' title='bbox 218 1087 289 1126; x_wconf 81' lang='grc' dir='ltr'>ἐμοί.</span> <span class='ocrx_word' id='word_1_178' title='bbox 315 1087 351 1117; x_wconf 92' lang='grc' dir='ltr'>Τί</span> <span class='ocrx_word' id='word_1_179' title='bbox 376 1087 526 1124; x_wconf 83' lang='grc' dir='ltr'>ἐποίησας;</span> <span class='ocrx_word' id='word_1_180' title='bbox 561 1088 704 1127; x_wconf 78' lang='grc' dir='ltr'>Ἀπεκρίθη</span> <span class='ocrx_word' id='word_1_181' title='bbox 731 1087 849 1123; x_wconf 71' lang='grc' dir='ltr'>Ἰησοῦς·</span> 
     </span>
    </p>
   </div>
   <div class='ocr_carea' id='block_1_25' title="bbox 62 1131 848 1171">
    <p class='ocr_par' dir='ltr' id='par_1_25' title="bbox 62 1131 848 1171">
     <span class='ocr_line' id='line_1_25' title="bbox 62 1131 848 1171; baseline 0.001 -10"><span class='ocrx_word' id='word_1_182' title='bbox 62 1131 91 1162; x_wconf 84' lang='grc' dir='ltr'><strong>Ἣ</strong></span> <span class='ocrx_word' id='word_1_183' title='bbox 108 1133 233 1171; x_wconf 85' lang='grc' dir='ltr'>βασιλεία</span> <span class='ocrx_word' id='word_1_184' title='bbox 254 1134 271 1168; x_wconf 89' lang='grc' dir='ltr'>ἡ</span> <span class='ocrx_word' id='word_1_185' title='bbox 288 1131 339 1170; x_wconf 81' lang='grc' dir='ltr'>ἐμὴ</span> <span class='ocrx_word' id='word_1_186' title='bbox 355 1134 402 1161; x_wconf 83' lang='grc' dir='ltr'><strong>οὐκ</strong></span> <span class='ocrx_word' id='word_1_187' title='bbox 418 1131 487 1162; x_wconf 81' lang='grc' dir='ltr'>ἔστιν</span> <span class='ocrx_word' id='word_1_188' title='bbox 504 1133 533 1161; x_wconf 82' lang='grc' dir='ltr'>ἐκ</span> <span class='ocrx_word' id='word_1_189' title='bbox 552 1134 599 1161; x_wconf 75' lang='grc' dir='ltr'><strong>τοῦ</strong></span> <span class='ocrx_word' id='word_1_190' title='bbox 621 1132 723 1170; x_wconf 79' lang='grc' dir='ltr'>κόσμου</span> <span class='ocrx_word' id='word_1_191' title='bbox 743 1132 848 1162; x_wconf 83' lang='grc' dir='ltr'>τούτου.</span> 
     </span>
    </p>
   </div>
   <div class='ocr_carea' id='block_1_26' title="bbox 63 1172 851 1216">
    <p class='ocr_par' dir='ltr' id='par_1_26' title="bbox 63 1172 851 1216">
     <span class='ocr_line' id='line_1_26' title="bbox 63 1172 851 1216; baseline 0 -10"><span class='ocrx_word' id='word_1_192' title='bbox 63 1177 91 1206; x_wconf 80' lang='grc' dir='ltr'><strong>Εἰ</strong></span> <span class='ocrx_word' id='word_1_193' title='bbox 117 1178 144 1205; x_wconf 76' lang='grc' dir='ltr'>ἐκ</span> <span class='ocrx_word' id='word_1_194' title='bbox 163 1180 208 1206; x_wconf 78' lang='grc' dir='ltr'><strong>τοῦ</strong></span> <span class='ocrx_word' id='word_1_195' title='bbox 229 1177 330 1215; x_wconf 85' lang='grc' dir='ltr'>κόσμου</span> <span class='ocrx_word' id='word_1_196' title='bbox 346 1176 436 1206; x_wconf 69' lang='grc' dir='ltr'>τούτου</span> <span class='ocrx_word' id='word_1_197' title='bbox 456 1172 487 1211; x_wconf 65' lang='grc' dir='ltr'><strong>ἦν</strong></span> <span class='ocrx_word' id='word_1_198' title='bbox 509 1179 524 1212; x_wconf 85' lang='grc' dir='ltr'>ἡ</span> <span class='ocrx_word' id='word_1_199' title='bbox 547 1177 668 1216; x_wconf 78' lang='grc' dir='ltr'>βασιλεία</span> <span class='ocrx_word' id='word_1_200' title='bbox 691 1179 706 1212; x_wconf 84' lang='grc' dir='ltr'>ἡ</span> <span class='ocrx_word' id='word_1_201' title='bbox 731 1176 803 1215; x_wconf 78' lang='grc' dir='ltr'>ἐμὴ,</span> <span class='ocrx_word' id='word_1_202' title='bbox 827 1178 851 1206; x_wconf 80' lang='grc' dir='ltr'>οἱ</span> 
     </span>
    </p>
   </div>
   <div class='ocr_carea' id='block_1_27' title="bbox 63 1219 851 1260">
    <p class='ocr_par' dir='ltr' id='par_1_27' title="bbox 63 1219 851 1260">
     <span class='ocr_line' id='line_1_27' title="bbox 63 1219 851 1260; baseline 0.003 -12"><span class='ocrx_word' id='word_1_203' title='bbox 63 1222 182 1260; x_wconf 66' lang='grc' dir='ltr'>ὑπηρέται</span> <span class='ocrx_word' id='word_1_204' title='bbox 206 1223 238 1250; x_wconf 84' lang='grc' dir='ltr'><strong>ἂν</strong></span> <span class='ocrx_word' id='word_1_205' title='bbox 261 1223 285 1251; x_wconf 83' lang='grc' dir='ltr'>οἷ</span> <span class='ocrx_word' id='word_1_206' title='bbox 302 1221 361 1259; x_wconf 81' lang='grc' dir='ltr'>ἐμοὶ</span> <span class='ocrx_word' id='word_1_207' title='bbox 387 1221 557 1260; x_wconf 78' lang='grc' dir='ltr'>ἠγωνίζοντο,</span> <span class='ocrx_word' id='word_1_208' title='bbox 579 1219 622 1249; x_wconf 80' lang='grc' dir='ltr'><strong>ἵνα</strong></span> <span class='ocrx_word' id='word_1_209' title='bbox 647 1221 684 1259; x_wconf 85' lang='grc' dir='ltr'><strong>μὴ</strong></span> <span class='ocrx_word' id='word_1_210' title='bbox 708 1221 851 1260; x_wconf 79' lang='grc' dir='ltr'>παραδοθῶ</span> 
     </span>
    </p>
   </div>
   <div class='ocr_carea' id='block_1_28' title="bbox 62 1265 850 1304">
    <p class='ocr_par' dir='ltr' id='par_1_28' title="bbox 62 1265 850 1304">
     <span class='ocr_line' id='line_1_28' title="bbox 62 1265 850 1304; baseline 0.003 -11"><span class='ocrx_word' id='word_1_211' title='bbox 62 1269 109 1298; x_wconf 75' lang='grc' dir='ltr'>τοῖς</span> <span class='ocrx_word' id='word_1_212' title='bbox 126 1266 275 1299; x_wconf 79' lang='grc' dir='ltr'>Ἰουδαίοις.</span> <span class='ocrx_word' id='word_1_213' title='bbox 297 1267 353 1296; x_wconf 67' lang='grc' dir='ltr'><strong>Νῦν</strong></span> <span class='ocrx_word' id='word_1_214' title='bbox 370 1266 396 1295; x_wconf 81' lang='grc' dir='ltr'><strong>δὲ</strong></span> <span class='ocrx_word' id='word_1_215' title='bbox 417 1268 433 1301; x_wconf 81' lang='grc' dir='ltr'>ἡ</span> <span class='ocrx_word' id='word_1_216' title='bbox 457 1265 579 1304; x_wconf 71' lang='grc' dir='ltr'>βασιλεία</span> <span class='ocrx_word' id='word_1_217' title='bbox 598 1267 615 1301; x_wconf 88' lang='grc' dir='ltr'><strong>ἡ</strong></span> <span class='ocrx_word' id='word_1_218' title='bbox 636 1265 688 1304; x_wconf 84' lang='grc' dir='ltr'>ἐμὴ</span> <span class='ocrx_word' id='word_1_219' title='bbox 710 1266 757 1294; x_wconf 79' lang='grc' dir='ltr'><strong>οὐκ</strong></span> <span class='ocrx_word' id='word_1_220' title='bbox 780 1265 850 1295; x_wconf 82' lang='grc' dir='ltr'>ἔστιν</span> 
     </span>
    </p>
   </div>
   <div class='ocr_carea' id='block_1_29' title="bbox 62 1309 852 1350">
    <p class='ocr_par' dir='ltr' id='par_1_29' title="bbox 62 1309 852 1350">
     <span class='ocr_line' id='line_1_29' title="bbox 62 1309 852 1350; baseline 0.001 -12"><span class='ocrx_word' id='word_1_221' title='bbox 62 1309 180 1340; x_wconf 72' lang='grc' dir='ltr'>ἐντεῦθεν.</span> <span class='ocrx_word' id='word_1_222' title='bbox 206 1324 220 1336; x_wconf 77' lang='grc' dir='ltr'><strong>ι</strong></span> <span class='ocrx_word' id='word_1_223' title='bbox 247 1310 387 1350; x_wconf 78' lang='grc' dir='ltr'>Ἐφώνησε</span> <span class='ocrx_word' id='word_1_224' title='bbox 413 1310 456 1339; x_wconf 81' lang='grc' dir='ltr'><strong>τὸν</strong></span> <span class='ocrx_word' id='word_1_225' title='bbox 482 1310 587 1345; x_wconf 68' lang='grc' dir='ltr'>Ἰησοῦν</span> <span class='ocrx_word' id='word_1_226' title='bbox 613 1311 626 1338; x_wconf 94' lang='lat'><strong>6</strong></span> <span class='ocrx_word' id='word_1_227' title='bbox 652 1311 768 1343; x_wconf 77' lang='grc' dir='ltr'>Πιλάτος</span> <span class='ocrx_word' id='word_1_228' title='bbox 792 1310 852 1340; x_wconf 80' lang='grc' dir='ltr'>κατ’</span> 
     </span>
    </p>
   </div>
   <div class='ocr_carea' id='block_1_30' title="bbox 63 1352 849 1394">
    <p class='ocr_par' dir='ltr' id='par_1_30' title="bbox 63 1352 849 1394">
     <span class='ocr_line' id='line_1_30' title="bbox 63 1352 849 1394; baseline 0.001 -12"><span class='ocrx_word' id='word_1_229' title='bbox 63 1355 137 1390; x_wconf 74' lang='grc' dir='ltr'>ἰξίαν,</span> <span class='ocrx_word' id='word_1_230' title='bbox 157 1355 249 1390; x_wconf 83' lang='grc' dir='ltr'>ἐπειδὴ</span> <span class='ocrx_word' id='word_1_231' title='bbox 270 1356 374 1394; x_wconf 77' lang='grc' dir='ltr'>μεγάλη</span> <span class='ocrx_word' id='word_1_232' title='bbox 395 1354 442 1392; x_wconf 84' lang='grc' dir='ltr'>μὲν</span> <span class='ocrx_word' id='word_1_233' title='bbox 462 1354 522 1394; x_wconf 79' lang='grc' dir='ltr'>περὶ</span> <span class='ocrx_word' id='word_1_234' title='bbox 544 1356 623 1383; x_wconf 76' lang='grc' dir='ltr'>αὐτοῦ</span> <span class='ocrx_word' id='word_1_235' title='bbox 646 1355 777 1394; x_wconf 72' lang='grc' dir='ltr'>ὑπόληψις</span> <span class='ocrx_word' id='word_1_236' title='bbox 797 1352 827 1391; x_wconf 72' lang='grc' dir='ltr'><strong>ἦν</strong></span> <span class='ocrx_word' id='word_1_237' title='bbox 841 1376 849 1391; x_wconf 84' lang='lat'><strong>,</strong></span> 
     </span>
    </p>
   </div>
   <div class='ocr_carea' id='block_1_31' title="bbox 65 1398 851 1439">
    <p class='ocr_par' dir='ltr' id='par_1_31' title="bbox 65 1398 851 1439">
     <span class='ocr_line' id='line_1_31' title="bbox 65 1398 851 1439; baseline 0.001 -11"><span class='ocrx_word' id='word_1_238' title='bbox 65 1398 177 1428; x_wconf 64' lang='grc' dir='ltr'>ἐϐούλετο</span> <span class='ocrx_word' id='word_1_239' title='bbox 200 1399 229 1428; x_wconf 85' lang='grc' dir='ltr'><strong>δὲ</strong></span> <span class='ocrx_word' id='word_1_240' title='bbox 252 1402 343 1438; x_wconf 81' lang='grc' dir='ltr'>μαθεῖν</span> <span class='ocrx_word' id='word_1_241' title='bbox 363 1399 478 1439; x_wconf 74' lang='grc' dir='ltr'>ἀκριϐῶς</span> <span class='ocrx_word' id='word_1_242' title='bbox 507 1398 714 1438; x_wconf 81' lang='grc' dir='ltr'>ἀπηλλαγμένος</span> <span class='ocrx_word' id='word_1_243' title='bbox 736 1402 782 1428; x_wconf 72' lang='grc' dir='ltr'><strong>τοῦ</strong></span> <span class='ocrx_word' id='word_1_244' title='bbox 805 1402 851 1429; x_wconf 74' lang='grc' dir='ltr'>θο-</span> 
     </span>
    </p>
   </div>
   <div class='ocr_carea' id='block_1_32' title="bbox 66 1439 852 1484">
    <p class='ocr_par' dir='ltr' id='par_1_32' title="bbox 66 1439 852 1484">
     <span class='ocr_line' id='line_1_32' title="bbox 66 1439 852 1484; baseline 0 -13"><span class='ocrx_word' id='word_1_245' title='bbox 66 1443 135 1480; x_wconf 75' lang='grc' dir='ltr'>ρύϐου</span> <span class='ocrx_word' id='word_1_246' title='bbox 157 1446 208 1473; x_wconf 75' lang='grc' dir='ltr'><strong>τῶν</strong></span> <span class='ocrx_word' id='word_1_247' title='bbox 244 1443 389 1475; x_wconf 74' lang='grc' dir='ltr'>Ἰουδαίων.</span> <span class='ocrx_word' id='word_1_248' title='bbox 412 1444 519 1484; x_wconf 82' lang='grc' dir='ltr'>Ἐρωτᾷ</span> <span class='ocrx_word' id='word_1_249' title='bbox 533 1439 576 1472; x_wconf 67' lang='grc' dir='ltr'><strong>οὖν</strong></span> <span class='ocrx_word' id='word_1_250' title='bbox 593 1443 686 1478; x_wconf 83' lang='grc' dir='ltr'>αὐτὸν,</span> <span class='ocrx_word' id='word_1_251' title='bbox 726 1445 748 1472; x_wconf 85' lang='grc' dir='ltr'><strong>εἰ</strong></span> <span class='ocrx_word' id='word_1_252' title='bbox 774 1446 852 1483; x_wconf 72' lang='grc' dir='ltr'>βασι-</span> 
     </span>
    </p>
   </div>
   <div class='ocr_carea' id='block_1_33' title="bbox 65 1488 851 1528">
    <p class='ocr_par' dir='ltr' id='par_1_33' title="bbox 65 1488 851 1528">
     <span class='ocr_line' id='line_1_33' title="bbox 65 1488 851 1528; baseline 0.001 -12"><span class='ocrx_word' id='word_1_253' title='bbox 65 1488 115 1521; x_wconf 75' lang='grc' dir='ltr'>λεύς</span> <span class='ocrx_word' id='word_1_254' title='bbox 129 1490 197 1518; x_wconf 84' lang='grc' dir='ltr'>ἐστιν</span> <span class='ocrx_word' id='word_1_255' title='bbox 219 1501 228 1507; x_wconf 88' lang='grc'>·</span> <span class='ocrx_word' id='word_1_256' title='bbox 242 1488 256 1517; x_wconf 86' lang='grc' dir='ltr'>ὃ</span> <span class='ocrx_word' id='word_1_257' title='bbox 272 1488 440 1528; x_wconf 70' lang='grc' dir='ltr'>περιεφέρετο</span> <span class='ocrx_word' id='word_1_258' title='bbox 457 1488 529 1527; x_wconf 78' lang='grc' dir='ltr'>παρὰ</span> <span class='ocrx_word' id='word_1_259' title='bbox 546 1492 627 1524; x_wconf 79' lang='grc' dir='ltr'>πᾶσι,</span> <span class='ocrx_word' id='word_1_260' title='bbox 647 1490 724 1517; x_wconf 74' lang='grc' dir='ltr'>τοῦτο</span> <span class='ocrx_word' id='word_1_261' title='bbox 744 1489 779 1521; x_wconf 86' lang='grc' dir='ltr'>εἷς</span> <span class='ocrx_word' id='word_1_262' title='bbox 800 1488 851 1526; x_wconf 89' lang='grc' dir='ltr'><strong>μέ-</strong></span> 
     </span>
    </p>
   </div>
   <div class='ocr_carea' id='block_1_34' title="bbox 66 1532 851 1573">
    <p class='ocr_par' dir='ltr' id='par_1_34' title="bbox 66 1532 851 1573">
     <span class='ocr_line' id='line_1_34' title="bbox 66 1532 851 1573; baseline 0.003 -13"><span class='ocrx_word' id='word_1_263' title='bbox 66 1544 101 1561; x_wconf 76' lang='grc' dir='ltr'><strong>σον</strong></span> <span class='ocrx_word' id='word_1_264' title='bbox 117 1533 197 1572; x_wconf 77' lang='grc' dir='ltr'>ἄγων.</span> <span class='ocrx_word' id='word_1_265' title='bbox 216 1533 252 1563; x_wconf 60' lang='lat' dir='ltr'><strong>K0</strong></span> <span class='ocrx_word' id='word_1_266' title='bbox 270 1534 297 1562; x_wconf 76' lang='grc' dir='ltr'><strong>δὲ</strong></span> <span class='ocrx_word' id='word_1_267' title='bbox 316 1533 428 1573; x_wconf 66' lang='grc' dir='ltr'>Χριστος</span> <span class='ocrx_word' id='word_1_268' title='bbox 443 1535 529 1572; x_wconf 82' lang='grc' dir='ltr'>ἐρωτᾷ</span> <span class='ocrx_word' id='word_1_269' title='bbox 544 1532 637 1569; x_wconf 76' lang='grc' dir='ltr'>αὖτὸν,</span> <span class='ocrx_word' id='word_1_270' title='bbox 658 1533 679 1561; x_wconf 82' lang='grc' dir='ltr'><strong>εἰ</strong></span> <span class='ocrx_word' id='word_1_271' title='bbox 698 1534 743 1572; x_wconf 72' lang='grc' dir='ltr'><strong>ἀφ’</strong></span> <span class='ocrx_word' id='word_1_272' title='bbox 759 1535 851 1562; x_wconf 75' lang='grc' dir='ltr'>ἑαυτοῦ</span> 
     </span>
    </p>
   </div>
   <div class='ocr_carea' id='block_1_35' title="bbox 864 937 888 969">
    <p class='ocr_par' dir='ltr' id='par_1_35' title="bbox 864 937 888 969">
     <span class='ocr_line' id='line_1_35' title="bbox 864 937 888 969; baseline 0 0"><span class='ocrx_word' id='word_1_273' title='bbox 864 937 888 969; x_wconf 84' lang='grc' dir='ltr'><strong>Β</strong></span> 
     </span>
    </p>
   </div>
   <div class='ocr_carea' id='block_1_36' title="bbox 900 281 1697 314">
    <p class='ocr_par' dir='ltr' id='par_1_36' title="bbox 900 281 1697 314">
     <span class='ocr_line' id='line_1_36' title="bbox 900 281 1697 314; baseline -0.004 0"><span class='ocrx_word' id='word_1_274' title='bbox 900 286 940 314; x_wconf 88' lang='lat' dir='ltr'><strong>sic</strong></span> <span class='ocrx_word' id='word_1_275' title='bbox 951 286 1082 314; x_wconf 83' lang='lat' dir='ltr'><strong>dixissent</strong></span> <span class='ocrx_word' id='word_1_276' title='bbox 1098 293 1104 311; x_wconf 90' lang='lat'><strong>:</strong></span> <span class='ocrx_word' id='word_1_277' title='bbox 1123 296 1134 308; x_wconf 73' lang='grc' dir='ltr'>τι</span> <span class='ocrx_word' id='word_1_278' title='bbox 1153 283 1240 312; x_wconf 84' lang='lat' dir='ltr'><strong>Nobis</strong></span> <span class='ocrx_word' id='word_1_279' title='bbox 1253 291 1311 310; x_wconf 89' lang='lat' dir='ltr'><strong>non</strong></span> <span class='ocrx_word' id='word_1_280' title='bbox 1330 282 1391 310; x_wconf 86' lang='lat' dir='ltr'><strong>licet</strong></span> <span class='ocrx_word' id='word_1_281' title='bbox 1406 281 1530 310; x_wconf 85' lang='lat' dir='ltr'><strong>occidere</strong></span> <span class='ocrx_word' id='word_1_282' title='bbox 1545 295 1557 307; x_wconf 72' lang='grc' dir='ltr'><strong>ι</strong></span> <span class='ocrx_word' id='word_1_283' title='bbox 1574 283 1603 310; x_wconf 91' lang='lat' dir='ltr'><strong>in</strong></span> <span class='ocrx_word' id='word_1_284' title='bbox 1617 291 1697 311; x_wconf 83' lang='lat' dir='ltr'><strong>cruce</strong></span> 
     </span>
    </p>
   </div>
   <div class='ocr_carea' id='block_1_37' title="bbox 902 327 1698 366">
    <p class='ocr_par' dir='ltr' id='par_1_37' title="bbox 902 327 1698 366">
     <span class='ocr_line' id='line_1_37' title="bbox 902 327 1698 366; baseline -0.001 -11"><span class='ocrx_word' id='word_1_285' title='bbox 902 342 914 355; x_wconf 81' lang='grc' dir='ltr'><strong>α</strong></span> <span class='ocrx_word' id='word_1_286' title='bbox 942 337 1122 366; x_wconf 84' lang='lat' dir='ltr'><strong>quemquam.</strong></span> <span class='ocrx_word' id='word_1_287' title='bbox 1150 340 1163 353; x_wconf 75' lang='grc' dir='ltr'><strong>ι</strong></span> <span class='ocrx_word' id='word_1_288' title='bbox 1192 327 1466 356; x_wconf 87' lang='lat' dir='ltr'><strong>Desideratissimum</strong></span> <span class='ocrx_word' id='word_1_289' title='bbox 1497 330 1591 354; x_wconf 87' lang='lat' dir='ltr'><strong>autem</strong></span> <span class='ocrx_word' id='word_1_290' title='bbox 1626 330 1698 355; x_wconf 85' lang='lat' dir='ltr'><strong>esset</strong></span> 
     </span>
    </p>
   </div>
   <div class='ocr_carea' id='block_1_38' title="bbox 900 371 1696 410">
    <p class='ocr_par' dir='ltr' id='par_1_38' title="bbox 900 371 1696 410">
     <span class='ocr_line' id='line_1_38' title="bbox 900 371 1696 410; baseline -0.006 -7"><span class='ocrx_word' id='word_1_291' title='bbox 900 374 981 403; x_wconf 86' lang='lat' dir='ltr'><strong>nobis</strong></span> <span class='ocrx_word' id='word_1_292' title='bbox 995 374 1068 410; x_wconf 91' lang='lat' dir='ltr'><strong>quod</strong></span> <span class='ocrx_word' id='word_1_293' title='bbox 1081 372 1296 408; x_wconf 87' lang='lat' dir='ltr'><strong>cruciﬁgeretur.</strong></span> <span class='ocrx_word' id='word_1_294' title='bbox 1315 382 1327 395; x_wconf 71' lang='grc' dir='ltr'><strong>ιι</strong></span> <span class='ocrx_word' id='word_1_295' title='bbox 1345 372 1386 400; x_wconf 91' lang='lat' dir='ltr'><strong>Ut</strong></span> <span class='ocrx_word' id='word_1_296' title='bbox 1397 379 1489 399; x_wconf 84' lang='lat' dir='ltr'><strong>sermo</strong></span> <span class='ocrx_word' id='word_1_297' title='bbox 1501 371 1566 399; x_wconf 83' lang='lat' dir='ltr'><strong>Jesu</strong></span> <span class='ocrx_word' id='word_1_298' title='bbox 1582 371 1696 407; x_wconf 87' lang='lat' dir='ltr'><strong>implea-</strong></span> 
     </span>
    </p>
   </div>
   <div class='ocr_carea' id='block_1_39' title="bbox 900 415 1698 455">
    <p class='ocr_par' dir='ltr' id='par_1_39' title="bbox 900 415 1698 455">
     <span class='ocr_line' id='line_1_39' title="bbox 900 415 1698 455; baseline -0.004 -8"><span class='ocrx_word' id='word_1_299' title='bbox 900 423 946 447; x_wconf 98' lang='lat' dir='ltr'><strong>tur</strong></span> <span class='ocrx_word' id='word_1_300' title='bbox 972 427 1054 455; x_wconf 84' lang='lat' dir='ltr'><strong>quem</strong></span> <span class='ocrx_word' id='word_1_301' title='bbox 1077 418 1181 446; x_wconf 82' lang='lat' dir='ltr'><strong>dixerat</strong></span> <span class='ocrx_word' id='word_1_302' title='bbox 1207 428 1219 441; x_wconf 71' lang='grc' dir='ltr'><strong>ι</strong></span> <span class='ocrx_word' id='word_1_303' title='bbox 1234 416 1270 444; x_wconf 90' lang='lat' dir='ltr'><strong>de</strong></span> <span class='ocrx_word' id='word_1_304' title='bbox 1289 420 1380 444; x_wconf 89' lang='lat' dir='ltr'><strong>morte</strong></span> <span class='ocrx_word' id='word_1_305' title='bbox 1416 423 1477 448; x_wconf 78' lang='lat' dir='ltr'><strong>sua,</strong></span> <span class='ocrx_word' id='word_1_306' title='bbox 1496 423 1595 450; x_wconf 80' lang='lat' dir='ltr'><strong>nempe</strong></span> <span class='ocrx_word' id='word_1_307' title='bbox 1623 415 1698 451; x_wconf 88' lang='lat' dir='ltr'><strong>quod</strong></span> 
     </span>
    </p>
   </div>
   <div class='ocr_carea' id='block_1_40' title="bbox 901 459 1698 499">
    <p class='ocr_par' dir='ltr' id='par_1_40' title="bbox 901 459 1698 499">
     <span class='ocr_line' id='line_1_40' title="bbox 901 459 1698 499; baseline -0.006 -7"><span class='ocrx_word' id='word_1_308' title='bbox 901 463 1101 499; x_wconf 84' lang='lat' dir='ltr'><strong>cruciﬁgendus</strong></span> <span class='ocrx_word' id='word_1_309' title='bbox 1114 466 1197 495; x_wconf 80' lang='lat' dir='ltr'><strong>esset,</strong></span> <span class='ocrx_word' id='word_1_310' title='bbox 1220 461 1262 489; x_wconf 84' lang='lat' dir='ltr'><strong>vel</strong></span> <span class='ocrx_word' id='word_1_311' title='bbox 1277 460 1351 497; x_wconf 86' lang='lat' dir='ltr'><strong>quod</strong></span> <span class='ocrx_word' id='word_1_312' title='bbox 1371 468 1426 488; x_wconf 92' lang='lat' dir='ltr'><strong>non</strong></span> <span class='ocrx_word' id='word_1_313' title='bbox 1447 468 1463 488; x_wconf 89' lang='lat' dir='ltr'><strong>a</strong></span> <span class='ocrx_word' id='word_1_314' title='bbox 1478 459 1595 494; x_wconf 75' lang='lat' dir='ltr'><strong>Judaeis,</strong></span> <span class='ocrx_word' id='word_1_315' title='bbox 1618 459 1667 487; x_wconf 89' lang='lat' dir='ltr'><strong>sed</strong></span> <span class='ocrx_word' id='word_1_316' title='bbox 1682 468 1698 488; x_wconf 90' lang='lat' dir='ltr'><strong>a</strong></span> 
     </span>
    </p>
   </div>
   <div class='ocr_carea' id='block_1_41' title="bbox 900 504 1696 546">
    <p class='ocr_par' dir='ltr' id='par_1_41' title="bbox 900 504 1696 546">
     <span class='ocr_line' id='line_1_41' title="bbox 900 504 1696 546; baseline -0.006 -10"><span class='ocrx_word' id='word_1_317' title='bbox 900 509 1026 546; x_wconf 76' lang='lat' dir='ltr'><strong>gentibus</strong></span> <span class='ocrx_word' id='word_1_318' title='bbox 1049 508 1222 536; x_wconf 93' lang='lat' dir='ltr'><strong>occidendus.</strong></span> <span class='ocrx_word' id='word_1_319' title='bbox 1250 507 1321 534; x_wconf 89' lang='lat' dir='ltr'><strong>Cum</strong></span> <span class='ocrx_word' id='word_1_320' title='bbox 1347 513 1413 541; x_wconf 85' lang='lat' dir='ltr'><strong>ergo</strong></span> <span class='ocrx_word' id='word_1_321' title='bbox 1442 505 1575 532; x_wconf 80' lang='lat' dir='ltr'><strong>dixissent</strong></span> <span class='ocrx_word' id='word_1_322' title='bbox 1596 504 1696 536; x_wconf 65' lang='lat' dir='ltr'><strong>Judaai,</strong></span> 
     </span>
    </p>
   </div>
   <div class='ocr_carea' id='block_1_42' title="bbox 903 549 1694 585">
    <p class='ocr_par' dir='ltr' id='par_1_42' title="bbox 903 549 1694 585">
     <span class='ocr_line' id='line_1_42' title="bbox 903 549 1694 585; baseline -0.008 -3"><span class='ocrx_word' id='word_1_323' title='bbox 903 565 916 578; x_wconf 73' lang='grc' dir='ltr'><strong>α</strong></span> <span class='ocrx_word' id='word_1_324' title='bbox 932 553 1019 582; x_wconf 88' lang='lat' dir='ltr'><strong>Nobis</strong></span> <span class='ocrx_word' id='word_1_325' title='bbox 1039 561 1094 580; x_wconf 91' lang='lat' dir='ltr'><strong>non</strong></span> <span class='ocrx_word' id='word_1_326' title='bbox 1111 552 1173 580; x_wconf 87' lang='lat' dir='ltr'><strong>licet</strong></span> <span class='ocrx_word' id='word_1_327' title='bbox 1194 551 1330 584; x_wconf 88' lang='lat' dir='ltr'><strong>occidere,</strong></span> <span class='ocrx_word' id='word_1_328' title='bbox 1347 562 1359 574; x_wconf 77' lang='grc' dir='ltr'><strong>ιι</strong></span> <span class='ocrx_word' id='word_1_329' title='bbox 1389 554 1454 577; x_wconf 92' lang='lat' dir='ltr'><strong>tunc</strong></span> <span class='ocrx_word' id='word_1_330' title='bbox 1469 549 1609 585; x_wconf 90' lang='lat' dir='ltr'><strong>accipiunt</strong></span> <span class='ocrx_word' id='word_1_331' title='bbox 1631 557 1694 577; x_wconf 91' lang='lat' dir='ltr'><strong>eum</strong></span> 
     </span>
    </p>
   </div>
   <div class='ocr_carea' id='block_1_43' title="bbox 900 594 1697 635">
    <p class='ocr_par' dir='ltr' id='par_1_43' title="bbox 900 594 1697 635">
     <span class='ocr_line' id='line_1_43' title="bbox 900 594 1697 635; baseline -0.008 -8"><span class='ocrx_word' id='word_1_332' title='bbox 900 599 1024 635; x_wconf 75' lang='lat' dir='ltr'><strong>gentiles,</strong></span> <span class='ocrx_word' id='word_1_333' title='bbox 1036 602 1064 626; x_wconf 88' lang='lat' dir='ltr'><strong>et</strong></span> <span class='ocrx_word' id='word_1_334' title='bbox 1079 605 1126 633; x_wconf 90' lang='lat' dir='ltr'><strong>pro</strong></span> <span class='ocrx_word' id='word_1_335' title='bbox 1143 605 1190 625; x_wconf 84' lang='lat' dir='ltr'><strong>sua</strong></span> <span class='ocrx_word' id='word_1_336' title='bbox 1205 595 1402 625; x_wconf 79' lang='lat' dir='ltr'><strong>consuetudine</strong></span> <span class='ocrx_word' id='word_1_337' title='bbox 1421 595 1594 631; x_wconf 89' lang='lat' dir='ltr'><strong>cruciﬁgunt.</strong></span> <span class='ocrx_word' id='word_1_338' title='bbox 1614 596 1645 622; x_wconf 82' lang='lat' dir='ltr'><strong>Et</strong></span> <span class='ocrx_word' id='word_1_339' title='bbox 1661 594 1697 622; x_wconf 87' lang='lat' dir='ltr'><strong>ita</strong></span> 
     </span>
    </p>
   </div>
   <div class='ocr_carea' id='block_1_44' title="bbox 900 639 1694 679">
    <p class='ocr_par' dir='ltr' id='par_1_44' title="bbox 900 639 1694 679">
     <span class='ocr_line' id='line_1_44' title="bbox 900 639 1694 679; baseline -0.005 -8"><span class='ocrx_word' id='word_1_340' title='bbox 900 643 1030 679; x_wconf 85' lang='lat' dir='ltr'><strong>impletur</strong></span> <span class='ocrx_word' id='word_1_341' title='bbox 1052 651 1144 671; x_wconf 86' lang='lat' dir='ltr'><strong>sermo</strong></span> <span class='ocrx_word' id='word_1_342' title='bbox 1163 643 1239 676; x_wconf 88' lang='lat' dir='ltr'><strong>Jesu,</strong></span> <span class='ocrx_word' id='word_1_343' title='bbox 1255 645 1283 669; x_wconf 84' lang='lat' dir='ltr'><strong>et</strong></span> <span class='ocrx_word' id='word_1_344' title='bbox 1299 640 1374 677; x_wconf 88' lang='lat' dir='ltr'><strong>quod</strong></span> <span class='ocrx_word' id='word_1_345' title='bbox 1395 639 1513 668; x_wconf 84' lang='lat' dir='ltr'><strong>traditus</strong></span> <span class='ocrx_word' id='word_1_346' title='bbox 1539 639 1694 676; x_wconf 77' lang='lat' dir='ltr'><strong>gentilibus,</strong></span> 
     </span>
    </p>
   </div>
   <div class='ocr_carea' id='block_1_45' title="bbox 902 687 1181 724">
    <p class='ocr_par' dir='ltr' id='par_1_45' title="bbox 902 687 1181 724">
     <span class='ocr_line' id='line_1_45' title="bbox 902 687 1181 724; baseline -0.007 -8"><span class='ocrx_word' id='word_1_347' title='bbox 902 692 930 716; x_wconf 83' lang='lat' dir='ltr'><strong>et</strong></span> <span class='ocrx_word' id='word_1_348' title='bbox 939 687 1012 724; x_wconf 91' lang='lat' dir='ltr'><strong>quod</strong></span> <span class='ocrx_word' id='word_1_349' title='bbox 1022 687 1181 716; x_wconf 73' lang='lat' dir='ltr'><strong>cruciﬁxus.</strong></span> 
     </span>
    </p>
   </div>
   <div class='ocr_carea' id='block_1_46' title="bbox 937 819 1696 857">
    <p class='ocr_par' dir='ltr' id='par_1_46' title="bbox 937 819 1696 857">
     <span class='ocr_line' id='line_1_46' title="bbox 937 819 1696 857; baseline -0.004 -6"><span class='ocrx_word' id='word_1_350' title='bbox 937 824 1024 851; x_wconf 79' lang='lat' dir='ltr'><strong>Vens.</strong></span> <span class='ocrx_word' id='word_1_351' title='bbox 1042 825 1135 850; x_wconf 85' lang='lat'><strong>33-36.</strong></span> <span class='ocrx_word' id='word_1_352' title='bbox 1154 833 1166 846; x_wconf 82' lang='grc' dir='ltr'><strong>α</strong></span> <span class='ocrx_word' id='word_1_353' title='bbox 1189 820 1318 849; x_wconf 79' lang='lat' dir='ltr'><strong>Introivit</strong></span> <span class='ocrx_word' id='word_1_354' title='bbox 1341 827 1405 857; x_wconf 86' lang='lat' dir='ltr'><strong>ergo</strong></span> <span class='ocrx_word' id='word_1_355' title='bbox 1428 819 1528 848; x_wconf 84' lang='lat' dir='ltr'><strong>iterum</strong></span> <span class='ocrx_word' id='word_1_356' title='bbox 1551 820 1581 848; x_wconf 90' lang='lat' dir='ltr'><strong>in</strong></span> <span class='ocrx_word' id='word_1_357' title='bbox 1595 824 1696 857; x_wconf 75' lang='lat' dir='ltr'><strong>prazto-</strong></span> 
     </span>
    </p>
   </div>
   <div class='ocr_carea' id='block_1_47' title="bbox 902 865 1698 901">
    <p class='ocr_par' dir='ltr' id='par_1_47' title="bbox 902 865 1698 901">
     <span class='ocr_line' id='line_1_47' title="bbox 902 865 1698 901; baseline -0.001 -6"><span class='ocrx_word' id='word_1_358' title='bbox 902 867 974 895; x_wconf 89' lang='lat' dir='ltr'><strong>rium</strong></span> <span class='ocrx_word' id='word_1_359' title='bbox 988 868 1098 901; x_wconf 81' lang='lat' dir='ltr'><strong>Pilatus,</strong></span> <span class='ocrx_word' id='word_1_360' title='bbox 1109 867 1369 899; x_wconf 81' lang='lat' dir='ltr'><strong>etvocavitJesum,</strong></span> <span class='ocrx_word' id='word_1_361' title='bbox 1380 869 1407 893; x_wconf 89' lang='lat' dir='ltr'><strong>et</strong></span> <span class='ocrx_word' id='word_1_362' title='bbox 1420 865 1489 893; x_wconf 85' lang='lat' dir='ltr'><strong>dixit</strong></span> <span class='ocrx_word' id='word_1_363' title='bbox 1497 866 1520 893; x_wconf 88' lang='lat' dir='ltr'><strong>ei</strong></span> <span class='ocrx_word' id='word_1_364' title='bbox 1535 876 1541 893; x_wconf 91' lang='lat'><strong>:</strong></span> <span class='ocrx_word' id='word_1_365' title='bbox 1558 867 1600 894; x_wconf 91' lang='lat' dir='ltr'><strong>Tu</strong></span> <span class='ocrx_word' id='word_1_366' title='bbox 1615 866 1698 894; x_wconf 90' lang='lat' dir='ltr'><strong>esille</strong></span> 
     </span>
    </p>
   </div>
   <div class='ocr_carea' id='block_1_48' title="bbox 904 911 1698 947">
    <p class='ocr_par' dir='ltr' id='par_1_48' title="bbox 904 911 1698 947">
     <span class='ocr_line' id='line_1_48' title="bbox 904 911 1698 947; baseline -0.003 -7"><span class='ocrx_word' id='word_1_367' title='bbox 904 921 950 940; x_wconf 87' lang='lat' dir='ltr'><strong>rex</strong></span> <span class='ocrx_word' id='word_1_368' title='bbox 963 913 1142 941; x_wconf 70' lang='lat' dir='ltr'><strong>Iudaeorum?</strong></span> <span class='ocrx_word' id='word_1_369' title='bbox 1169 911 1320 947; x_wconf 78' lang='lat' dir='ltr'><strong>Respondit</strong></span> <span class='ocrx_word' id='word_1_370' title='bbox 1334 913 1415 938; x_wconf 86' lang='lat' dir='ltr'><strong>Jesus</strong></span> <span class='ocrx_word' id='word_1_371' title='bbox 1440 920 1446 938; x_wconf 92' lang='lat'><strong>:</strong></span> <span class='ocrx_word' id='word_1_372' title='bbox 1466 913 1486 938; x_wconf 83' lang='lat' dir='ltr'><strong>A</strong></span> <span class='ocrx_word' id='word_1_373' title='bbox 1501 911 1647 946; x_wconf 89' lang='lat' dir='ltr'><strong>temetipso</strong></span> <span class='ocrx_word' id='word_1_374' title='bbox 1669 914 1698 938; x_wconf 91' lang='lat' dir='ltr'><strong>tu</strong></span> 
     </span>
    </p>
   </div>
   <div class='ocr_carea' id='block_1_49' title="bbox 906 954 1700 991">
    <p class='ocr_par' dir='ltr' id='par_1_49' title="bbox 906 954 1700 991">
     <span class='ocr_line' id='line_1_49' title="bbox 906 954 1700 991; baseline -0.005 -6"><span class='ocrx_word' id='word_1_375' title='bbox 906 956 958 984; x_wconf 90' lang='lat' dir='ltr'><strong>hoc</strong></span> <span class='ocrx_word' id='word_1_376' title='bbox 972 957 1052 991; x_wconf 85' lang='lat' dir='ltr'><strong>dicis,</strong></span> <span class='ocrx_word' id='word_1_377' title='bbox 1076 965 1109 984; x_wconf 86' lang='lat' dir='ltr'><strong>an</strong></span> <span class='ocrx_word' id='word_1_378' title='bbox 1125 957 1169 984; x_wconf 82' lang='lat' dir='ltr'><strong>alii</strong></span> <span class='ocrx_word' id='word_1_379' title='bbox 1196 956 1323 984; x_wconf 82' lang='lat' dir='ltr'><strong>dixerunt</strong></span> <span class='ocrx_word' id='word_1_380' title='bbox 1345 955 1394 983; x_wconf 87' lang='lat' dir='ltr'><strong>tibi</strong></span> <span class='ocrx_word' id='word_1_381' title='bbox 1416 954 1451 982; x_wconf 92' lang='lat' dir='ltr'><strong>de</strong></span> <span class='ocrx_word' id='word_1_382' title='bbox 1466 957 1529 983; x_wconf 77' lang='lat' dir='ltr'><strong>me?</strong></span> <span class='ocrx_word' id='word_1_383' title='bbox 1545 954 1700 990; x_wconf 90' lang='lat' dir='ltr'><strong>Respondit</strong></span> 
     </span>
    </p>
   </div>
   <div class='ocr_carea' id='block_1_50' title="bbox 904 1000 1700 1037">
    <p class='ocr_par' dir='ltr' id='par_1_50' title="bbox 904 1000 1700 1037">
     <span class='ocr_line' id='line_1_50' title="bbox 904 1000 1700 1037; baseline -0.001 -9"><span class='ocrx_word' id='word_1_384' title='bbox 904 1002 1006 1029; x_wconf 83' lang='lat' dir='ltr'><strong>Pilatus</strong></span> <span class='ocrx_word' id='word_1_385' title='bbox 1020 1010 1026 1028; x_wconf 89' lang='lat'><strong>:</strong></span> <span class='ocrx_word' id='word_1_386' title='bbox 1044 1003 1118 1029; x_wconf 74' lang='lat' dir='ltr'><strong>Num</strong></span> <span class='ocrx_word' id='word_1_387' title='bbox 1133 1009 1183 1037; x_wconf 85' lang='lat' dir='ltr'><strong>ego</strong></span> <span class='ocrx_word' id='word_1_388' title='bbox 1193 1000 1307 1028; x_wconf 69' lang='lat' dir='ltr'><strong>Judmus</strong></span> <span class='ocrx_word' id='word_1_389' title='bbox 1319 1001 1401 1028; x_wconf 79' lang='lat' dir='ltr'><strong>sum?</strong></span> <span class='ocrx_word' id='word_1_390' title='bbox 1414 1000 1490 1027; x_wconf 86' lang='lat' dir='ltr'><strong>Gens</strong></span> <span class='ocrx_word' id='word_1_391' title='bbox 1502 1004 1548 1027; x_wconf 88' lang='lat' dir='ltr'><strong>tua</strong></span> <span class='ocrx_word' id='word_1_392' title='bbox 1563 1004 1591 1027; x_wconf 87' lang='lat' dir='ltr'><strong>et</strong></span> <span class='ocrx_word' id='word_1_393' title='bbox 1608 1000 1700 1035; x_wconf 90' lang='lat' dir='ltr'><strong>ponti-</strong></span> 
     </span>
    </p>
   </div>
   <div class='ocr_carea' id='block_1_51' title="bbox 904 1043 1700 1081">
    <p class='ocr_par' dir='ltr' id='par_1_51' title="bbox 904 1043 1700 1081">
     <span class='ocr_line' id='line_1_51' title="bbox 904 1043 1700 1081; baseline -0.004 -7"><span class='ocrx_word' id='word_1_394' title='bbox 904 1046 968 1074; x_wconf 84' lang='lat' dir='ltr'><strong>ﬁces</strong></span> <span class='ocrx_word' id='word_1_395' title='bbox 984 1046 1156 1074; x_wconf 88' lang='lat' dir='ltr'><strong>tradiderunt</strong></span> <span class='ocrx_word' id='word_1_396' title='bbox 1177 1049 1205 1073; x_wconf 87' lang='lat' dir='ltr'><strong>te</strong></span> <span class='ocrx_word' id='word_1_397' title='bbox 1228 1045 1315 1072; x_wconf 86' lang='lat' dir='ltr'><strong>mihi:</strong></span> <span class='ocrx_word' id='word_1_398' title='bbox 1337 1044 1401 1081; x_wconf 85' lang='lat' dir='ltr'><strong>quid</strong></span> <span class='ocrx_word' id='word_1_399' title='bbox 1416 1043 1521 1072; x_wconf 79' lang='lat' dir='ltr'><strong>fecisti?</strong></span> <span class='ocrx_word' id='word_1_400' title='bbox 1547 1043 1700 1079; x_wconf 77' lang='lat' dir='ltr'><strong>Respondit</strong></span> 
     </span>
    </p>
   </div>
   <div class='ocr_carea' id='block_1_52' title="bbox 902 1088 1699 1126">
    <p class='ocr_par' dir='ltr' id='par_1_52' title="bbox 902 1088 1699 1126">
     <span class='ocr_line' id='line_1_52' title="bbox 902 1088 1699 1126; baseline -0.001 -9"><span class='ocrx_word' id='word_1_401' title='bbox 902 1091 981 1118; x_wconf 87' lang='lat' dir='ltr'><strong>Jesus</strong></span> <span class='ocrx_word' id='word_1_402' title='bbox 996 1102 1002 1119; x_wconf 85' lang='lat'>:</span> <span class='ocrx_word' id='word_1_403' title='bbox 1020 1092 1148 1126; x_wconf 80' lang='lat' dir='ltr'><strong>Regnum</strong></span> <span class='ocrx_word' id='word_1_404' title='bbox 1163 1097 1257 1117; x_wconf 88' lang='lat' dir='ltr'><strong>meum</strong></span> <span class='ocrx_word' id='word_1_405' title='bbox 1268 1097 1324 1117; x_wconf 92' lang='lat' dir='ltr'><strong>non</strong></span> <span class='ocrx_word' id='word_1_406' title='bbox 1334 1093 1376 1116; x_wconf 87' lang='lat' dir='ltr'><strong>est</strong></span> <span class='ocrx_word' id='word_1_407' title='bbox 1389 1089 1423 1116; x_wconf 90' lang='lat' dir='ltr'><strong>de</strong></span> <span class='ocrx_word' id='word_1_408' title='bbox 1434 1088 1486 1116; x_wconf 87' lang='lat' dir='ltr'><strong>hoc</strong></span> <span class='ocrx_word' id='word_1_409' title='bbox 1498 1088 1610 1116; x_wconf 92' lang='lat' dir='ltr'><strong>mundo.</strong></span> <span class='ocrx_word' id='word_1_410' title='bbox 1625 1089 1651 1116; x_wconf 91' lang='lat' dir='ltr'><strong>Si</strong></span> <span class='ocrx_word' id='word_1_411' title='bbox 1667 1096 1699 1116; x_wconf 85' lang='lat' dir='ltr'><strong>ex</strong></span> 
     </span>
    </p>
   </div>
   <div class='ocr_carea' id='block_1_53' title="bbox 904 1133 1700 1170">
    <p class='ocr_par' dir='ltr' id='par_1_53' title="bbox 904 1133 1700 1170">
     <span class='ocr_line' id='line_1_53' title="bbox 904 1133 1700 1170; baseline -0.004 -7"><span class='ocrx_word' id='word_1_412' title='bbox 904 1135 956 1163; x_wconf 92' lang='lat' dir='ltr'><strong>hoc</strong></span> <span class='ocrx_word' id='word_1_413' title='bbox 969 1134 1076 1162; x_wconf 89' lang='lat' dir='ltr'><strong>mundo</strong></span> <span class='ocrx_word' id='word_1_414' title='bbox 1093 1138 1164 1162; x_wconf 80' lang='lat' dir='ltr'><strong>esset</strong></span> <span class='ocrx_word' id='word_1_415' title='bbox 1183 1141 1299 1170; x_wconf 80' lang='lat' dir='ltr'><strong>regnum</strong></span> <span class='ocrx_word' id='word_1_416' title='bbox 1314 1141 1418 1164; x_wconf 88' lang='lat' dir='ltr'><strong>meum.</strong></span> <span class='ocrx_word' id='word_1_417' title='bbox 1435 1133 1554 1161; x_wconf 85' lang='lat' dir='ltr'><strong>ministri</strong></span> <span class='ocrx_word' id='word_1_418' title='bbox 1572 1134 1628 1160; x_wconf 89' lang='lat' dir='ltr'><strong>mei</strong></span> <span class='ocrx_word' id='word_1_419' title='bbox 1643 1133 1700 1160; x_wconf 89' lang='lat' dir='ltr'><strong>uti-</strong></span> 
     </span>
    </p>
   </div>
   <div class='ocr_carea' id='block_1_54' title="bbox 904 1178 1699 1216">
    <p class='ocr_par' dir='ltr' id='par_1_54' title="bbox 904 1178 1699 1216">
     <span class='ocr_line' id='line_1_54' title="bbox 904 1178 1699 1216; baseline -0.004 -8"><span class='ocrx_word' id='word_1_420' title='bbox 904 1188 957 1216; x_wconf 83' lang='lat' dir='ltr'><strong>que</strong></span> <span class='ocrx_word' id='word_1_421' title='bbox 983 1179 1156 1208; x_wconf 81' lang='lat' dir='ltr'><strong>decertarent</strong></span> <span class='ocrx_word' id='word_1_422' title='bbox 1175 1187 1210 1206; x_wconf 87' lang='lat' dir='ltr'><strong>ne</strong></span> <span class='ocrx_word' id='word_1_423' title='bbox 1233 1178 1355 1206; x_wconf 88' lang='lat' dir='ltr'><strong>traderer</strong></span> <span class='ocrx_word' id='word_1_424' title='bbox 1368 1178 1480 1207; x_wconf 72' lang='lat' dir='ltr'><strong>Iudaeis.</strong></span> <span class='ocrx_word' id='word_1_425' title='bbox 1506 1179 1584 1206; x_wconf 87' lang='lat' dir='ltr'><strong>Nunc</strong></span> <span class='ocrx_word' id='word_1_426' title='bbox 1606 1182 1699 1206; x_wconf 84' lang='lat' dir='ltr'><strong>autem</strong></span> 
     </span>
    </p>
   </div>
   <div class='ocr_carea' id='block_1_55' title="bbox 904 1223 1700 1260">
    <p class='ocr_par' dir='ltr' id='par_1_55' title="bbox 904 1223 1700 1260">
     <span class='ocr_line' id='line_1_55' title="bbox 904 1223 1700 1260; baseline -0.003 -8"><span class='ocrx_word' id='word_1_427' title='bbox 904 1233 1023 1260; x_wconf 85' lang='lat' dir='ltr'><strong>regnum</strong></span> <span class='ocrx_word' id='word_1_428' title='bbox 1032 1232 1123 1252; x_wconf 86' lang='lat' dir='ltr'><strong>meum</strong></span> <span class='ocrx_word' id='word_1_429' title='bbox 1133 1232 1188 1252; x_wconf 92' lang='lat' dir='ltr'><strong>non</strong></span> <span class='ocrx_word' id='word_1_430' title='bbox 1197 1228 1237 1252; x_wconf 92' lang='lat' dir='ltr'><strong>est</strong></span> <span class='ocrx_word' id='word_1_431' title='bbox 1251 1223 1322 1251; x_wconf 90' lang='lat' dir='ltr'><strong>hinc.</strong></span> <span class='ocrx_word' id='word_1_432' title='bbox 1335 1235 1347 1247; x_wconf 69' lang='grc' dir='ltr'><strong>ν</strong></span> <span class='ocrx_word' id='word_1_433' title='bbox 1361 1223 1473 1251; x_wconf 85' lang='lat' dir='ltr'><strong>Vocavit</strong></span> <span class='ocrx_word' id='word_1_434' title='bbox 1485 1224 1580 1251; x_wconf 83' lang='lat' dir='ltr'><strong>Jcsum</strong></span> <span class='ocrx_word' id='word_1_435' title='bbox 1596 1223 1700 1251; x_wconf 78' lang='lat' dir='ltr'><strong>Pilatus</strong></span> 
     </span>
    </p>
   </div>
   <div class='ocr_carea' id='block_1_56' title="bbox 905 1268 1699 1305">
    <p class='ocr_par' dir='ltr' id='par_1_56' title="bbox 905 1268 1699 1305">
     <span class='ocr_line' id='line_1_56' title="bbox 905 1268 1699 1305; baseline -0.003 -8"><span class='ocrx_word' id='word_1_436' title='bbox 905 1270 1037 1303; x_wconf 86' lang='lat' dir='ltr'><strong>seorsim;</strong></span> <span class='ocrx_word' id='word_1_437' title='bbox 1053 1273 1079 1297; x_wconf 84' lang='lat' dir='ltr'><strong>et</strong></span> <span class='ocrx_word' id='word_1_438' title='bbox 1094 1270 1157 1305; x_wconf 83' lang='lat' dir='ltr'><strong>quia</strong></span> <span class='ocrx_word' id='word_1_439' title='bbox 1172 1277 1271 1303; x_wconf 83' lang='lat' dir='ltr'><strong>magna</strong></span> <span class='ocrx_word' id='word_1_440' title='bbox 1286 1268 1414 1304; x_wconf 75' lang='lat' dir='ltr'><strong>qumdam</strong></span> <span class='ocrx_word' id='word_1_441' title='bbox 1429 1269 1462 1296; x_wconf 89' lang='lat' dir='ltr'><strong>de</strong></span> <span class='ocrx_word' id='word_1_442' title='bbox 1476 1276 1509 1296; x_wconf 90' lang='lat' dir='ltr'><strong>eo</strong></span> <span class='ocrx_word' id='word_1_443' title='bbox 1523 1271 1581 1296; x_wconf 89' lang='lat' dir='ltr'><strong>erat</strong></span> <span class='ocrx_word' id='word_1_444' title='bbox 1594 1268 1699 1303; x_wconf 85' lang='lat' dir='ltr'><strong>opinio,</strong></span> 
     </span>
    </p>
   </div>
   <div class='ocr_carea' id='block_1_57' title="bbox 905 1311 1701 1347">
    <p class='ocr_par' dir='ltr' id='par_1_57' title="bbox 905 1311 1701 1347">
     <span class='ocr_line' id='line_1_57' title="bbox 905 1311 1701 1347; baseline -0.004 -6"><span class='ocrx_word' id='word_1_445' title='bbox 905 1313 1013 1342; x_wconf 83' lang='lat' dir='ltr'><strong>volebat</strong></span> <span class='ocrx_word' id='word_1_446' title='bbox 1036 1313 1130 1341; x_wconf 85' lang='lat' dir='ltr'><strong>omnia</strong></span> <span class='ocrx_word' id='word_1_447' title='bbox 1163 1313 1304 1340; x_wconf 76' lang='lat' dir='ltr'><strong>evidenter</strong></span> <span class='ocrx_word' id='word_1_448' title='bbox 1334 1320 1509 1347; x_wconf 82' lang='lat' dir='ltr'><strong>cognoscere,</strong></span> <span class='ocrx_word' id='word_1_449' title='bbox 1539 1311 1701 1339; x_wconf 87' lang='lat' dir='ltr'><strong>liberaturus</strong></span> 
     </span>
    </p>
   </div>
   <div class='ocr_carea' id='block_1_58' title="bbox 905 1356 1700 1392">
    <p class='ocr_par' dir='ltr' id='par_1_58' title="bbox 905 1356 1700 1392">
     <span class='ocr_line' id='line_1_58' title="bbox 905 1356 1700 1392; baseline -0.004 -7"><span class='ocrx_word' id='word_1_450' title='bbox 905 1365 970 1386; x_wconf 88' lang='lat' dir='ltr'><strong>eum</strong></span> <span class='ocrx_word' id='word_1_451' title='bbox 985 1366 999 1385; x_wconf 88' lang='lat' dir='ltr'><strong>a</strong></span> <span class='ocrx_word' id='word_1_452' title='bbox 1014 1358 1135 1385; x_wconf 85' lang='lat' dir='ltr'><strong>tumultu</strong></span> <span class='ocrx_word' id='word_1_453' title='bbox 1157 1356 1329 1385; x_wconf 65' lang='lat' dir='ltr'><strong>Iudaeorum.</strong></span> <span class='ocrx_word' id='word_1_454' title='bbox 1349 1358 1502 1392; x_wconf 85' lang='lat' dir='ltr'><strong>Interrogat</strong></span> <span class='ocrx_word' id='word_1_455' title='bbox 1525 1356 1616 1392; x_wconf 82' lang='lat' dir='ltr'><strong>igitur,</strong></span> <span class='ocrx_word' id='word_1_456' title='bbox 1631 1362 1700 1383; x_wconf 90' lang='lat' dir='ltr'><strong>num</strong></span> 
     </span>
    </p>
   </div>
   <div class='ocr_carea' id='block_1_59' title="bbox 906 1400 1700 1437">
    <p class='ocr_par' dir='ltr' id='par_1_59' title="bbox 906 1400 1700 1437">
     <span class='ocr_line' id='line_1_59' title="bbox 906 1400 1700 1437; baseline -0.003 -7"><span class='ocrx_word' id='word_1_457' title='bbox 906 1410 951 1430; x_wconf 78' lang='lat' dir='ltr'><strong>rex</strong></span> <span class='ocrx_word' id='word_1_458' title='bbox 971 1402 1016 1434; x_wconf 88' lang='lat' dir='ltr'><strong>sit,</strong></span> <span class='ocrx_word' id='word_1_459' title='bbox 1032 1402 1106 1437; x_wconf 88' lang='lat' dir='ltr'><strong>quod</strong></span> <span class='ocrx_word' id='word_1_460' title='bbox 1120 1401 1192 1437; x_wconf 89' lang='lat' dir='ltr'><strong>apud</strong></span> <span class='ocrx_word' id='word_1_461' title='bbox 1207 1409 1305 1429; x_wconf 89' lang='lat' dir='ltr'><strong>omnes</strong></span> <span class='ocrx_word' id='word_1_462' title='bbox 1321 1401 1356 1428; x_wconf 90' lang='lat' dir='ltr'><strong>de</strong></span> <span class='ocrx_word' id='word_1_463' title='bbox 1371 1408 1403 1428; x_wconf 90' lang='lat' dir='ltr'><strong>eo</strong></span> <span class='ocrx_word' id='word_1_464' title='bbox 1426 1400 1577 1434; x_wconf 82' lang='lat' dir='ltr'><strong>ferebatur,</strong></span> <span class='ocrx_word' id='word_1_465' title='bbox 1597 1401 1626 1428; x_wconf 93' lang='lat' dir='ltr'><strong>in</strong></span> <span class='ocrx_word' id='word_1_466' title='bbox 1641 1408 1700 1428; x_wconf 89' lang='lat' dir='ltr'><strong>me-</strong></span> 
     </span>
    </p>
   </div>
   <div class='ocr_carea' id='block_1_60' title="bbox 905 1445 1701 1481">
    <p class='ocr_par' dir='ltr' id='par_1_60' title="bbox 905 1445 1701 1481">
     <span class='ocr_line' id='line_1_60' title="bbox 905 1445 1701 1481; baseline -0.003 -7"><span class='ocrx_word' id='word_1_467' title='bbox 905 1446 984 1474; x_wconf 92' lang='lat' dir='ltr'><strong>dium</strong></span> <span class='ocrx_word' id='word_1_468' title='bbox 995 1445 1124 1474; x_wconf 81' lang='lat' dir='ltr'><strong>afferens.</strong></span> <span class='ocrx_word' id='word_1_469' title='bbox 1138 1445 1262 1474; x_wconf 75' lang='lat' dir='ltr'><strong>Christus</strong></span> <span class='ocrx_word' id='word_1_470' title='bbox 1275 1449 1367 1473; x_wconf 85' lang='lat' dir='ltr'><strong>autem</strong></span> <span class='ocrx_word' id='word_1_471' title='bbox 1382 1445 1479 1481; x_wconf 71' lang='lat' dir='ltr'><strong>quaerit</strong></span> <span class='ocrx_word' id='word_1_472' title='bbox 1493 1453 1560 1472; x_wconf 89' lang='lat' dir='ltr'><strong>num</strong></span> <span class='ocrx_word' id='word_1_473' title='bbox 1576 1454 1591 1472; x_wconf 88' lang='lat' dir='ltr'><strong>a</strong></span> <span class='ocrx_word' id='word_1_474' title='bbox 1601 1448 1701 1472; x_wconf 82' lang='lat' dir='ltr'><strong>semet-</strong></span> 
     </span>
    </p>
   </div>
   <div class='ocr_carea' id='block_1_61' title="bbox 905 1489 1701 1526">
    <p class='ocr_par' dir='ltr' id='par_1_61' title="bbox 905 1489 1701 1526">
     <span class='ocr_line' id='line_1_61' title="bbox 905 1489 1701 1526; baseline -0.003 -7"><span class='ocrx_word' id='word_1_475' title='bbox 905 1491 966 1526; x_wconf 88' lang='lat' dir='ltr'><strong>ipso</strong></span> <span class='ocrx_word' id='word_1_476' title='bbox 990 1491 1041 1519; x_wconf 89' lang='lat' dir='ltr'><strong>hoc</strong></span> <span class='ocrx_word' id='word_1_477' title='bbox 1056 1491 1138 1525; x_wconf 85' lang='lat' dir='ltr'><strong>dicat,</strong></span> <span class='ocrx_word' id='word_1_478' title='bbox 1158 1491 1199 1518; x_wconf 87' lang='lat' dir='ltr'><strong>vel</strong></span> <span class='ocrx_word' id='word_1_479' title='bbox 1224 1491 1258 1518; x_wconf 89' lang='lat' dir='ltr'><strong>ab</strong></span> <span class='ocrx_word' id='word_1_480' title='bbox 1284 1491 1343 1519; x_wconf 89' lang='lat' dir='ltr'><strong>aliis</strong></span> <span class='ocrx_word' id='word_1_481' title='bbox 1373 1500 1379 1517; x_wconf 89' lang='lat'>:</span> <span class='ocrx_word' id='word_1_482' title='bbox 1408 1499 1464 1518; x_wconf 91' lang='lat' dir='ltr'><strong>non</strong></span> <span class='ocrx_word' id='word_1_483' title='bbox 1490 1491 1628 1526; x_wconf 83' lang='lat' dir='ltr'><strong>ignorans,</strong></span> <span class='ocrx_word' id='word_1_484' title='bbox 1653 1489 1701 1517; x_wconf 90' lang='lat' dir='ltr'><strong>sed</strong></span> 
     </span>
    </p>
   </div>
   <div class='ocr_carea' id='block_1_62' title="bbox 906 1534 1699 1570">
    <p class='ocr_par' dir='ltr' id='par_1_62' title="bbox 906 1534 1699 1570">
     <span class='ocr_line' id='line_1_62' title="bbox 906 1534 1699 1570; baseline -0.001 -8"><span class='ocrx_word' id='word_1_485' title='bbox 906 1534 1034 1570; x_wconf 80' lang='lat' dir='ltr'><strong>detegere</strong></span> <span class='ocrx_word' id='word_1_486' title='bbox 1049 1535 1151 1563; x_wconf 89' lang='lat' dir='ltr'><strong>malam</strong></span> <span class='ocrx_word' id='word_1_487' title='bbox 1163 1535 1324 1563; x_wconf 67' lang='lat' dir='ltr'><strong>Judzeorum</strong></span> <span class='ocrx_word' id='word_1_488' title='bbox 1337 1538 1459 1562; x_wconf 88' lang='lat' dir='ltr'><strong>mentem</strong></span> <span class='ocrx_word' id='word_1_489' title='bbox 1470 1535 1572 1568; x_wconf 83' lang='lat' dir='ltr'><strong>volens,</strong></span> <span class='ocrx_word' id='word_1_490' title='bbox 1588 1539 1618 1561; x_wconf 88' lang='lat' dir='ltr'><strong>ut</strong></span> <span class='ocrx_word' id='word_1_491' title='bbox 1634 1534 1671 1561; x_wconf 89' lang='lat' dir='ltr'><strong>ita</strong></span> <span class='ocrx_word' id='word_1_492' title='bbox 1684 1542 1699 1561; x_wconf 90' lang='lat' dir='ltr'><strong>a</strong></span> 
     </span>
    </p>
   </div>
   <div class='ocr_carea' id='block_1_63' title="bbox 65 1564 849 1616">
    <p class='ocr_par' dir='ltr' id='par_1_63' title="bbox 65 1564 849 1616">
     <span class='ocr_line' id='line_1_63' title="bbox 139 1564 727 1573; baseline 0 -1"><span class='ocrx_word' id='word_1_493' title='bbox 139 1564 144 1572; x_wconf 83' lang='lat'><strong>.</strong></span> <span class='ocrx_word' id='word_1_494' title='bbox 345 1564 349 1573; x_wconf 90' lang='lat'><strong>.</strong></span> <span class='ocrx_word' id='word_1_495' title='bbox 422 1564 426 1566; x_wconf 88' lang='lat'><em>-</em></span> <span class='ocrx_word' id='word_1_496' title='bbox 457 1564 463 1572; x_wconf 89' lang='lat'><strong>.</strong></span> <span class='ocrx_word' id='word_1_497' title='bbox 520 1564 524 1572; x_wconf 95' lang='lat'><strong>.</strong></span> <span class='ocrx_word' id='word_1_498' title='bbox 631 1564 636 1569; x_wconf 79' lang='grc' dir='ltr'><strong>ι</strong></span> <span class='ocrx_word' id='word_1_499' title='bbox 723 1564 727 1572; x_wconf 91' lang='lat'><strong>.</strong></span> 
     </span>
     <span class='ocr_line' id='line_1_64' title="bbox 65 1577 849 1616; baseline 0.001 -11"><span class='ocrx_word' id='word_1_500' title='bbox 65 1581 129 1606; x_wconf 74' lang='grc' dir='ltr'>τοῦτο</span> <span class='ocrx_word' id='word_1_501' title='bbox 146 1578 232 1616; x_wconf 80' lang='grc' dir='ltr'>λέγει,</span> <span class='ocrx_word' id='word_1_502' title='bbox 253 1577 269 1614; x_wconf 81' lang='grc' dir='ltr'>ἢ</span> <span class='ocrx_word' id='word_1_503' title='bbox 289 1577 342 1606; x_wconf 77' lang='grc' dir='ltr'>ἀπὸ</span> <span class='ocrx_word' id='word_1_504' title='bbox 358 1578 445 1607; x_wconf 81' lang='grc' dir='ltr'>ἄλλων</span> <span class='ocrx_word' id='word_1_505' title='bbox 458 1589 464 1596; x_wconf 85' lang='grc'><em>’</em></span> <span class='ocrx_word' id='word_1_506' title='bbox 485 1578 533 1606; x_wconf 79' lang='grc' dir='ltr'>οὒκ</span> <span class='ocrx_word' id='word_1_507' title='bbox 552 1577 671 1615; x_wconf 78' lang='grc' dir='ltr'>ἀγνοῶν,</span> <span class='ocrx_word' id='word_1_508' title='bbox 693 1577 752 1606; x_wconf 78' lang='grc' dir='ltr'>ἀλλ’</span> <span class='ocrx_word' id='word_1_509' title='bbox 772 1579 849 1607; x_wconf 78' lang='grc' dir='ltr'>ἐκκα-</span> 
     </span>
    </p>
   </div>
   <div class='ocr_carea' id='block_1_64' title="bbox 904 1564 1701 1616">
    <p class='ocr_par' dir='ltr' id='par_1_64' title="bbox 907 1564 1701 1615">
     <span class='ocr_line' id='line_1_65' title="bbox 907 1564 1701 1615; baseline -0.001 -8"><span class='ocrx_word' id='word_1_510' title='bbox 907 1564 994 1607; x_wconf 67' lang='grc' dir='ltr'><strong>Ρὶιοῶ</strong></span> <span class='ocrx_word' id='word_1_511' title='bbox 1019 1579 1238 1607; x_wconf 84' lang='lat' dir='ltr'><strong>condemnentur</strong></span> <span class='ocrx_word' id='word_1_512' title='bbox 1261 1579 1322 1615; x_wconf 91' lang='lat' dir='ltr'><strong>ipsi.</strong></span> <span class='ocrx_word' id='word_1_513' title='bbox 1345 1579 1409 1607; x_wconf 87' lang='lat' dir='ltr'><strong>Ideo</strong></span> <span class='ocrx_word' id='word_1_514' title='bbox 1427 1583 1454 1607; x_wconf 88' lang='lat' dir='ltr'><strong>et</strong></span> <span class='ocrx_word' id='word_1_515' title='bbox 1477 1564 1580 1607; x_wconf 80' lang='lat' dir='ltr'><strong>Pilatus</strong></span> <span class='ocrx_word' id='word_1_516' title='bbox 1606 1587 1670 1607; x_wconf 88' lang='lat' dir='ltr'><strong>mox</strong></span> <span class='ocrx_word' id='word_1_517' title='bbox 1685 1586 1701 1606; x_wconf 89' lang='lat' dir='ltr'><strong>a</strong></span> 
     </span>
    </p>
   </div>
   <div class='ocr_carea' id='block_1_65' title="bbox 64 1620 852 1662">
    <p class='ocr_par' dir='ltr' id='par_1_65' title="bbox 64 1620 852 1662">
     <span class='ocr_line' id='line_1_66' title="bbox 64 1620 852 1662; baseline 0.004 -13"><span class='ocrx_word' id='word_1_518' title='bbox 64 1621 137 1660; x_wconf 55' lang='grc' dir='ltr'>λάψαι</span> <span class='ocrx_word' id='word_1_519' title='bbox 158 1622 206 1658; x_wconf 75' lang='grc' dir='ltr'><strong>τὴν</strong></span> <span class='ocrx_word' id='word_1_520' title='bbox 233 1622 351 1662; x_wconf 83' lang='grc' dir='ltr'>πονηρὰν</span> <span class='ocrx_word' id='word_1_521' title='bbox 377 1624 430 1651; x_wconf 80' lang='grc' dir='ltr'><strong>τῶν</strong></span> <span class='ocrx_word' id='word_1_522' title='bbox 457 1621 591 1652; x_wconf 76' lang='grc' dir='ltr'>Ἰουδαίων</span> <span class='ocrx_word' id='word_1_523' title='bbox 619 1620 728 1659; x_wconf 83' lang='grc' dir='ltr'>γνώμην</span> <span class='ocrx_word' id='word_1_524' title='bbox 755 1622 852 1661; x_wconf 82' lang='grc' dir='ltr'>βουλό-</span> 
     </span>
    </p>
   </div>
   <div class='ocr_carea' id='block_1_66' title="bbox 65 1666 852 1705">
    <p class='ocr_par' dir='ltr' id='par_1_66' title="bbox 65 1666 852 1705">
     <span class='ocr_line' id='line_1_67' title="bbox 65 1666 852 1705; baseline 0.003 -12"><span class='ocrx_word' id='word_1_525' title='bbox 65 1677 142 1703; x_wconf 78' lang='grc' dir='ltr'>μενος,</span> <span class='ocrx_word' id='word_1_526' title='bbox 167 1667 236 1696; x_wconf 84' lang='grc' dir='ltr'>ὥστε</span> <span class='ocrx_word' id='word_1_527' title='bbox 261 1666 307 1696; x_wconf 81' lang='grc' dir='ltr'>καὶ</span> <span class='ocrx_word' id='word_1_528' title='bbox 332 1666 383 1695; x_wconf 74' lang='grc' dir='ltr'><strong>ὑπὸ</strong></span> <span class='ocrx_word' id='word_1_529' title='bbox 410 1669 456 1696; x_wconf 71' lang='grc' dir='ltr'><strong>τοῦ</strong></span> <span class='ocrx_word' id='word_1_530' title='bbox 485 1666 606 1697; x_wconf 78' lang='grc' dir='ltr'>Πιλάτου</span> <span class='ocrx_word' id='word_1_531' title='bbox 637 1669 852 1705; x_wconf 77' lang='grc' dir='ltr'>κατηγορηθῆναι</span> 
     </span>
    </p>
   </div>
   <div class='ocr_carea' id='block_1_67' title="bbox 65 1710 851 1749">
    <p class='ocr_par' dir='ltr' id='par_1_67' title="bbox 65 1710 851 1749">
     <span class='ocr_line' id='line_1_68' title="bbox 65 1710 851 1749; baseline 0.003 -12"><span class='ocrx_word' id='word_1_532' title='bbox 65 1711 156 1744; x_wconf 69' lang='grc' dir='ltr'>αὐτούς.</span> <span class='ocrx_word' id='word_1_533' title='bbox 179 1712 228 1741; x_wconf 83' lang='grc' dir='ltr'><strong>Διὸ</strong></span> <span class='ocrx_word' id='word_1_534' title='bbox 248 1711 293 1740; x_wconf 83' lang='grc' dir='ltr'><strong>καὶ</strong></span> <span class='ocrx_word' id='word_1_535' title='bbox 314 1713 328 1740; x_wconf 80' lang='grc' dir='ltr'>ὃ</span> <span class='ocrx_word' id='word_1_536' title='bbox 349 1711 465 1744; x_wconf 81' lang='grc' dir='ltr'>Πιλάτος</span> <span class='ocrx_word' id='word_1_537' title='bbox 487 1710 635 1744; x_wconf 74' lang='grc' dir='ltr'>ἀκολούθως</span> <span class='ocrx_word' id='word_1_538' title='bbox 656 1710 687 1739; x_wconf 78' lang='grc' dir='ltr'><strong>τὸ</strong></span> <span class='ocrx_word' id='word_1_539' title='bbox 707 1712 780 1749; x_wconf 81' lang='grc' dir='ltr'>παρὰ</span> <span class='ocrx_word' id='word_1_540' title='bbox 800 1713 851 1740; x_wconf 82' lang='grc' dir='ltr'><strong>τῶν</strong></span> 
     </span>
    </p>
   </div>
   <div class='ocr_carea' id='block_1_68' title="bbox 66 1753 850 1796">
    <p class='ocr_par' dir='ltr' id='par_1_68' title="bbox 66 1753 850 1796">
     <span class='ocr_line' id='line_1_69' title="bbox 66 1753 850 1796; baseline 0.001 -13"><span class='ocrx_word' id='word_1_541' title='bbox 66 1753 187 1785; x_wconf 61' lang='grc' dir='ltr'>Ἰουδαίων</span> <span class='ocrx_word' id='word_1_542' title='bbox 205 1757 391 1796; x_wconf 73' lang='grc' dir='ltr'>παραδοθῆναι</span> <span class='ocrx_word' id='word_1_543' title='bbox 416 1757 493 1785; x_wconf 78' lang='grc' dir='ltr'>αὐτὸν</span> <span class='ocrx_word' id='word_1_544' title='bbox 513 1755 701 1796; x_wconf 63' lang='grc' dir='ltr'>προ[σ]ἶιέρει,</span> <span class='ocrx_word' id='word_1_545' title='bbox 722 1755 766 1784; x_wconf 82' lang='grc' dir='ltr'><strong>καὶ</strong></span> <span class='ocrx_word' id='word_1_546' title='bbox 786 1757 850 1784; x_wconf 83' lang='grc' dir='ltr'>ἑαυ-</span> 
     </span>
    </p>
   </div>
   <div class='ocr_carea' id='block_1_69' title="bbox 65 1797 851 1840">
    <p class='ocr_par' dir='ltr' id='par_1_69' title="bbox 65 1797 851 1840">
     <span class='ocr_line' id='line_1_70' title="bbox 65 1797 851 1840; baseline 0.004 -14"><span class='ocrx_word' id='word_1_547' title='bbox 65 1799 102 1827; x_wconf 71' lang='grc' dir='ltr'><strong>τὸν</strong></span> <span class='ocrx_word' id='word_1_548' title='bbox 120 1801 285 1829; x_wconf 74' lang='grc' dir='ltr'>ἀπαλλάττει</span> <span class='ocrx_word' id='word_1_549' title='bbox 305 1797 401 1833; x_wconf 80' lang='grc' dir='ltr'>αἰτίας.</span> <span class='ocrx_word' id='word_1_550' title='bbox 424 1799 480 1830; x_wconf 84' lang='grc' dir='ltr'>Καὶ</span> <span class='ocrx_word' id='word_1_551' title='bbox 502 1800 587 1833; x_wconf 78' lang='grc' dir='ltr'>ἄλλως</span> <span class='ocrx_word' id='word_1_552' title='bbox 607 1800 634 1828; x_wconf 82' lang='grc' dir='ltr'>δέ</span> <span class='ocrx_word' id='word_1_553' title='bbox 647 1811 654 1818; x_wconf 74' lang='grc'><strong>’</strong></span> <span class='ocrx_word' id='word_1_554' title='bbox 680 1799 786 1840; x_wconf 80' lang='grc' dir='ltr'>Ἐρωτᾷ</span> <span class='ocrx_word' id='word_1_555' title='bbox 807 1800 851 1830; x_wconf 83' lang='grc' dir='ltr'><strong>τὸν</strong></span> 
     </span>
    </p>
   </div>
   <div class='ocr_carea' id='block_1_70' title="bbox 66 1843 852 1884">
    <p class='ocr_par' dir='ltr' id='par_1_70' title="bbox 66 1843 852 1884">
     <span class='ocr_line' id='line_1_71' title="bbox 66 1843 852 1884; baseline 0.005 -14"><span class='ocrx_word' id='word_1_556' title='bbox 66 1843 171 1873; x_wconf 73' lang='grc' dir='ltr'>Πιλάτου</span> <span class='ocrx_word' id='word_1_557' title='bbox 187 1846 200 1873; x_wconf 88' lang='lat'><strong>6</strong></span> <span class='ocrx_word' id='word_1_558' title='bbox 226 1844 340 1884; x_wconf 77' lang='grc' dir='ltr'>Κύριος,</span> <span class='ocrx_word' id='word_1_559' title='bbox 357 1845 380 1874; x_wconf 82' lang='grc' dir='ltr'><strong>εἰ</strong></span> <span class='ocrx_word' id='word_1_560' title='bbox 396 1846 441 1884; x_wconf 59' lang='grc' dir='ltr'><strong>ἀφ’</strong></span> <span class='ocrx_word' id='word_1_561' title='bbox 456 1846 550 1874; x_wconf 71' lang='grc' dir='ltr'>ἑαυτοῦ</span> <span class='ocrx_word' id='word_1_562' title='bbox 567 1847 644 1873; x_wconf 73' lang='grc' dir='ltr'>τοῦτο</span> <span class='ocrx_word' id='word_1_563' title='bbox 659 1843 742 1882; x_wconf 80' lang='grc' dir='ltr'>λέγει,</span> <span class='ocrx_word' id='word_1_564' title='bbox 759 1843 776 1880; x_wconf 85' lang='grc' dir='ltr'>ἢ</span> <span class='ocrx_word' id='word_1_565' title='bbox 802 1844 852 1874; x_wconf 66' lang='grc' dir='ltr'>ὑπὸ</span> 
     </span>
    </p>
   </div>
   <div class='ocr_carea' id='block_1_71' title="bbox 67 1886 849 1929">
    <p class='ocr_par' dir='ltr' id='par_1_71' title="bbox 67 1886 849 1929">
     <span class='ocr_line' id='line_1_72' title="bbox 67 1886 849 1929; baseline 0.005 -15"><span class='ocrx_word' id='word_1_566' title='bbox 67 1886 142 1917; x_wconf 70' lang='grc' dir='ltr'>ἄλλων</span> <span class='ocrx_word' id='word_1_567' title='bbox 167 1889 294 1922; x_wconf 83' lang='grc' dir='ltr'>πεισθείς.</span> <span class='ocrx_word' id='word_1_568' title='bbox 327 1889 452 1929; x_wconf 78' lang='grc' dir='ltr'>Ἐλέγχει</span> <span class='ocrx_word' id='word_1_569' title='bbox 481 1888 532 1929; x_wconf 87' lang='grc' dir='ltr'><strong>γὰρ</strong></span> <span class='ocrx_word' id='word_1_570' title='bbox 557 1888 599 1917; x_wconf 79' lang='grc' dir='ltr'><strong>διὰ</strong></span> <span class='ocrx_word' id='word_1_571' title='bbox 629 1889 722 1918; x_wconf 82' lang='grc' dir='ltr'>τούτου</span> <span class='ocrx_word' id='word_1_572' title='bbox 752 1889 849 1928; x_wconf 74' lang='grc' dir='ltr'><strong>οιῦτὸν⁷</strong></span> 
     </span>
    </p>
   </div>
   <div class='ocr_carea' id='block_1_72' title="bbox 67 1932 851 1974">
    <p class='ocr_par' dir='ltr' id='par_1_72' title="bbox 67 1932 851 1974">
     <span class='ocr_line' id='line_1_73' title="bbox 67 1932 851 1974; baseline 0.003 -14"><span class='ocrx_word' id='word_1_573' title='bbox 67 1932 163 1967; x_wconf 74' lang='grc' dir='ltr'>ἀνόητον</span> <span class='ocrx_word' id='word_1_574' title='bbox 185 1933 272 1971; x_wconf 83' lang='grc' dir='ltr'>ὄντα,</span> <span class='ocrx_word' id='word_1_575' title='bbox 299 1934 344 1963; x_wconf 78' lang='grc' dir='ltr'><strong>καὶ</strong></span> <span class='ocrx_word' id='word_1_576' title='bbox 367 1935 478 1974; x_wconf 79' lang='grc' dir='ltr'>ἀκρίτως</span> <span class='ocrx_word' id='word_1_577' title='bbox 502 1933 657 1970; x_wconf 75' lang='grc' dir='ltr'>δικάζοντα,</span> <span class='ocrx_word' id='word_1_578' title='bbox 683 1932 728 1962; x_wconf 80' lang='grc' dir='ltr'>καὶ</span> <span class='ocrx_word' id='word_1_579' title='bbox 755 1934 851 1962; x_wconf 81' lang='grc' dir='ltr'>ὡσανεὶ</span> 
     </span>
    </p>
   </div>
   <div class='ocr_carea' id='block_1_73' title="bbox 66 1977 850 2018">
    <p class='ocr_par' dir='ltr' id='par_1_73' title="bbox 66 1977 850 2018">
     <span class='ocr_line' id='line_1_74' title="bbox 66 1977 850 2018; baseline 0.004 -14"><span class='ocrx_word' id='word_1_580' title='bbox 66 1978 162 2006; x_wconf 71' lang='grc' dir='ltr'>τοιαῦτα</span> <span class='ocrx_word' id='word_1_581' title='bbox 188 1989 255 2018; x_wconf 76' lang='grc' dir='ltr'>φησι</span> <span class='ocrx_word' id='word_1_582' title='bbox 283 1978 347 2018; x_wconf 73' lang='grc' dir='ltr'>πρὸς</span> <span class='ocrx_word' id='word_1_583' title='bbox 376 1978 513 2008; x_wconf 82' lang='grc' dir='ltr'>Πιλάτον·</span> <span class='ocrx_word' id='word_1_584' title='bbox 549 1979 582 2008; x_wconf 85' lang='grc' dir='ltr'>Εἰ</span> <span class='ocrx_word' id='word_1_585' title='bbox 612 1977 659 2016; x_wconf 83' lang='grc' dir='ltr'>μὲν</span> <span class='ocrx_word' id='word_1_586' title='bbox 685 1977 729 2017; x_wconf 69' lang='grc' dir='ltr'><strong>ἀφ’</strong></span> <span class='ocrx_word' id='word_1_587' title='bbox 756 1979 850 2007; x_wconf 80' lang='grc' dir='ltr'>ἑαυτοῦ</span> 
     </span>
    </p>
   </div>
   <div class='ocr_carea' id='block_1_74' title="bbox 67 2023 850 2062">
    <p class='ocr_par' dir='ltr' id='par_1_74' title="bbox 67 2023 850 2062">
     <span class='ocr_line' id='line_1_75' title="bbox 67 2023 850 2062; baseline 0.005 -15"><span class='ocrx_word' id='word_1_588' title='bbox 67 2023 133 2051; x_wconf 67' lang='grc' dir='ltr'>τοῦτο</span> <span class='ocrx_word' id='word_1_589' title='bbox 145 2023 230 2062; x_wconf 78' lang='grc' dir='ltr'>λέγεις</span> <span class='ocrx_word' id='word_1_590' title='bbox 243 2046 250 2059; x_wconf 83' lang='grc'><strong>,</strong></span> <span class='ocrx_word' id='word_1_591' title='bbox 266 2023 347 2056; x_wconf 75' lang='grc' dir='ltr'>δεῖξον</span> <span class='ocrx_word' id='word_1_592' title='bbox 367 2023 400 2052; x_wconf 80' lang='grc' dir='ltr'><strong>τὰ</strong></span> <span class='ocrx_word' id='word_1_593' title='bbox 418 2024 517 2061; x_wconf 83' lang='grc' dir='ltr'>σημεῖα</span> <span class='ocrx_word' id='word_1_594' title='bbox 537 2024 584 2057; x_wconf 71' lang='grc' dir='ltr'><strong>τῆς</strong></span> <span class='ocrx_word' id='word_1_595' title='bbox 601 2023 665 2060; x_wconf 79' lang='grc' dir='ltr'>ἐμῆς</span> <span class='ocrx_word' id='word_1_596' title='bbox 681 2023 832 2062; x_wconf 79' lang='grc' dir='ltr'>ἀντάρσεως</span> <span class='ocrx_word' id='word_1_597' title='bbox 843 2034 850 2042; x_wconf 88' lang='grc'><strong>·</strong></span> 
     </span>
    </p>
   </div>
   <div class='ocr_carea' id='block_1_75' title="bbox 67 2065 850 2107">
    <p class='ocr_par' dir='ltr' id='par_1_75' title="bbox 67 2065 850 2107">
     <span class='ocr_line' id='line_1_76' title="bbox 67 2065 850 2107; baseline 0.004 -14"><span class='ocrx_word' id='word_1_598' title='bbox 67 2065 86 2093; x_wconf 80' lang='grc' dir='ltr'>εἷ</span> <span class='ocrx_word' id='word_1_599' title='bbox 104 2065 127 2095; x_wconf 80' lang='grc' dir='ltr'><strong>δὲ</strong></span> <span class='ocrx_word' id='word_1_600' title='bbox 147 2067 197 2096; x_wconf 74' lang='grc' dir='ltr'>ὑπὸ</span> <span class='ocrx_word' id='word_1_601' title='bbox 216 2067 307 2096; x_wconf 80' lang='grc' dir='ltr'>ἄλλων</span> <span class='ocrx_word' id='word_1_602' title='bbox 325 2068 483 2107; x_wconf 69' lang='grc' dir='ltr'>ἐδιδάχθης,</span> <span class='ocrx_word' id='word_1_603' title='bbox 500 2068 591 2096; x_wconf 68' lang='grc' dir='ltr'>οὐκοῦν</span> <span class='ocrx_word' id='word_1_604' title='bbox 614 2066 712 2106; x_wconf 81' lang='grc' dir='ltr'>ἀκριϐῆ</span> <span class='ocrx_word' id='word_1_605' title='bbox 733 2067 781 2102; x_wconf 79' lang='grc' dir='ltr'><strong>τὴν</strong></span> <span class='ocrx_word' id='word_1_606' title='bbox 797 2067 850 2101; x_wconf 81' lang='grc' dir='ltr'><strong>ἐξέ-</strong></span> 
     </span>
    </p>
   </div>
   <div class='ocr_carea' id='block_1_76' title="bbox 67 2111 849 2151">
    <p class='ocr_par' dir='ltr' id='par_1_76' title="bbox 67 2111 849 2151">
     <span class='ocr_line' id='line_1_77' title="bbox 67 2111 849 2151; baseline 0.003 -12"><span class='ocrx_word' id='word_1_607' title='bbox 67 2120 132 2139; x_wconf 78' lang='grc' dir='ltr'>τασιν</span> <span class='ocrx_word' id='word_1_608' title='bbox 149 2111 270 2148; x_wconf 82' lang='grc' dir='ltr'>ποίησον.</span> <span class='ocrx_word' id='word_1_609' title='bbox 286 2111 320 2142; x_wconf 83' lang='grc' dir='ltr'><strong>Ὀ</strong></span> <span class='ocrx_word' id='word_1_610' title='bbox 337 2112 379 2147; x_wconf 84' lang='grc' dir='ltr'><strong>δὲ,</strong></span> <span class='ocrx_word' id='word_1_611' title='bbox 401 2114 441 2141; x_wconf 78' lang='grc' dir='ltr'>δτι</span> <span class='ocrx_word' id='word_1_612' title='bbox 464 2112 511 2150; x_wconf 78' lang='grc' dir='ltr'>μὲν</span> <span class='ocrx_word' id='word_1_613' title='bbox 531 2111 628 2147; x_wconf 85' lang='grc' dir='ltr'>ἤκουσε</span> <span class='ocrx_word' id='word_1_614' title='bbox 648 2113 713 2150; x_wconf 80' lang='grc' dir='ltr'>παρ’</span> <span class='ocrx_word' id='word_1_615' title='bbox 735 2111 849 2151; x_wconf 76' lang='grc' dir='ltr'>ἑτέρων,</span> 
     </span>
    </p>
   </div>
   <div class='ocr_carea' id='block_1_77' title="bbox 68 2154 849 2197">
    <p class='ocr_par' dir='ltr' id='par_1_77' title="bbox 68 2154 849 2197">
     <span class='ocr_line' id='line_1_78' title="bbox 68 2154 849 2197; baseline 0.004 -15"><span class='ocrx_word' id='word_1_616' title='bbox 68 2154 91 2182; x_wconf 73' lang='grc' dir='ltr'>αὖ</span> <span class='ocrx_word' id='word_1_617' title='bbox 108 2155 191 2194; x_wconf 83' lang='grc' dir='ltr'>λέγει·</span> <span class='ocrx_word' id='word_1_618' title='bbox 208 2157 301 2190; x_wconf 74' lang='grc' dir='ltr'>ἅπλῶς</span> <span class='ocrx_word' id='word_1_619' title='bbox 317 2157 344 2185; x_wconf 78' lang='grc' dir='ltr'>δὲ</span> <span class='ocrx_word' id='word_1_620' title='bbox 362 2159 396 2197; x_wconf 85' lang='grc' dir='ltr'><strong>τῇ</strong></span> <span class='ocrx_word' id='word_1_621' title='bbox 417 2160 461 2186; x_wconf 74' lang='grc' dir='ltr'><strong>τοῦ</strong></span> <span class='ocrx_word' id='word_1_622' title='bbox 480 2158 545 2186; x_wconf 76' lang='grc' dir='ltr'>λαοῧ</span> <span class='ocrx_word' id='word_1_623' title='bbox 564 2155 645 2196; x_wconf 68' lang='grc' dir='ltr'>ψήφῳ</span> <span class='ocrx_word' id='word_1_624' title='bbox 664 2156 772 2193; x_wconf 71' lang='grc' dir='ltr'>ἕπεται,</span> <span class='ocrx_word' id='word_1_625' title='bbox 787 2157 849 2195; x_wconf 81' lang='grc' dir='ltr'>καὶ,</span> 
     </span>
    </p>
   </div>
   <div class='ocr_carea' id='block_1_78' title="bbox 68 2199 890 2241">
    <p class='ocr_par' dir='ltr' id='par_1_78' title="bbox 68 2199 890 2241">
     <span class='ocr_line' id='line_1_79' title="bbox 68 2199 890 2241; baseline 0.002 -13"><span class='ocrx_word' id='word_1_626' title='bbox 68 2210 77 2222; x_wconf 80' lang='grc' dir='ltr'><strong>ι</strong></span> <span class='ocrx_word' id='word_1_627' title='bbox 91 2200 248 2238; x_wconf 75' lang='grc' dir='ltr'>Παρέὸωκοίν</span> <span class='ocrx_word' id='word_1_628' title='bbox 271 2212 314 2238; x_wconf 81' lang='grc' dir='ltr'>σε,</span> <span class='ocrx_word' id='word_1_629' title='bbox 331 2202 424 2241; x_wconf 80' lang='grc' dir='ltr'>φησὶν,</span> <span class='ocrx_word' id='word_1_630' title='bbox 440 2201 510 2239; x_wconf 82' lang='grc' dir='ltr'>ἐμοί.</span> <span class='ocrx_word' id='word_1_631' title='bbox 534 2214 546 2226; x_wconf 68' lang='grc' dir='ltr'><strong>ν</strong></span> <span class='ocrx_word' id='word_1_632' title='bbox 569 2201 608 2230; x_wconf 83' lang='grc' dir='ltr'><strong>Τὸ</strong></span> <span class='ocrx_word' id='word_1_633' title='bbox 621 2201 648 2230; x_wconf 85' lang='grc' dir='ltr'><strong>δὲ</strong></span> <span class='ocrx_word' id='word_1_634' title='bbox 661 2222 670 2237; x_wconf 86' lang='grc'><strong>,</strong></span> <span class='ocrx_word' id='word_1_635' title='bbox 687 2214 698 2227; x_wconf 75' lang='grc' dir='ltr'><strong>α</strong></span> <span class='ocrx_word' id='word_1_636' title='bbox 712 2200 748 2241; x_wconf 77' lang='grc' dir='ltr'>Τί</span> <span class='ocrx_word' id='word_1_637' title='bbox 761 2201 851 2237; x_wconf 76' lang='grc' dir='ltr'>ἐποίη-</span> <span class='ocrx_word' id='word_1_638' title='bbox 865 2199 890 2230; x_wconf 81' lang='grc' dir='ltr'><strong>Ι)</strong></span> 
     </span>
    </p>
   </div>
   <div class='ocr_carea' id='block_1_79' title="bbox 69 2240 850 2286">
    <p class='ocr_par' dir='ltr' id='par_1_79' title="bbox 69 2240 850 2286">
     <span class='ocr_line' id='line_1_80' title="bbox 69 2240 850 2286; baseline -0.004 -9"><span class='ocrx_word' id='word_1_639' title='bbox 69 2253 123 2280; x_wconf 54' lang='grc' dir='ltr'>σας</span> <span class='ocrx_word' id='word_1_640' title='bbox 149 2259 160 2270; x_wconf 72' lang='grc' dir='ltr'><strong><em>ι</em></strong></span> <span class='ocrx_word' id='word_1_641' title='bbox 185 2247 221 2278; x_wconf 81' lang='grc' dir='ltr'>ὣς</span> <span class='ocrx_word' id='word_1_642' title='bbox 249 2245 452 2285; x_wconf 84' lang='grc' dir='ltr'>πικραινομένου</span> <span class='ocrx_word' id='word_1_643' title='bbox 480 2247 555 2286; x_wconf 75' lang='grc' dir='ltr'>ῥῆμα</span> <span class='ocrx_word' id='word_1_644' title='bbox 586 2246 668 2275; x_wconf 83' lang='grc' dir='ltr'>ἔοικεν</span> <span class='ocrx_word' id='word_1_645' title='bbox 701 2240 780 2282; x_wconf 72' lang='grc' dir='ltr'>εἶναι,</span> <span class='ocrx_word' id='word_1_646' title='bbox 805 2246 850 2274; x_wconf 83' lang='grc' dir='ltr'><strong>καὶ</strong></span> 
     </span>
    </p>
   </div>
   <div class='ocr_carea' id='block_1_80' title="bbox 68 2290 850 2330">
    <p class='ocr_par' dir='ltr' id='par_1_80' title="bbox 68 2290 850 2330">
     <span class='ocr_line' id='line_1_81' title="bbox 68 2290 850 2330; baseline 0.005 -14"><span class='ocrx_word' id='word_1_647' title='bbox 68 2291 251 2328; x_wconf 71' lang='grc' dir='ltr'>τραχυνομένου</span> <span class='ocrx_word' id='word_1_648' title='bbox 274 2291 376 2321; x_wconf 85' lang='grc' dir='ltr'>λοιπόν.</span> <span class='ocrx_word' id='word_1_649' title='bbox 401 2291 485 2320; x_wconf 79' lang='grc' dir='ltr'>Δάλει</span> <span class='ocrx_word' id='word_1_650' title='bbox 509 2290 582 2330; x_wconf 74' lang='grc' dir='ltr'>γὰρ,</span> <span class='ocrx_word' id='word_1_651' title='bbox 608 2290 634 2319; x_wconf 86' lang='grc' dir='ltr'><strong>τί</strong></span> <span class='ocrx_word' id='word_1_652' title='bbox 649 2290 794 2326; x_wconf 63' lang='lat' dir='ltr'><strong>Emimus;</strong></span> <span class='ocrx_word' id='word_1_653' title='bbox 815 2290 850 2320; x_wconf 60' lang='lat'><strong>&#39;0</strong></span> 
     </span>
    </p>
   </div>
   <div class='ocr_carea' id='block_1_81' title="bbox 69 2331 850 2375">
    <p class='ocr_par' dir='ltr' id='par_1_81' title="bbox 69 2331 850 2375">
     <span class='ocr_line' id='line_1_82' title="bbox 69 2331 850 2375; baseline 0.004 -15"><span class='ocrx_word' id='word_1_654' title='bbox 69 2331 91 2360; x_wconf 74' lang='grc' dir='ltr'>δὲ</span> <span class='ocrx_word' id='word_1_655' title='bbox 105 2333 194 2374; x_wconf 85' lang='grc' dir='ltr'>Κύριος</span> <span class='ocrx_word' id='word_1_656' title='bbox 209 2334 254 2364; x_wconf 85' lang='grc' dir='ltr'><strong>διὰ</strong></span> <span class='ocrx_word' id='word_1_657' title='bbox 269 2338 315 2364; x_wconf 79' lang='grc' dir='ltr'><strong>τοῦ</strong></span> <span class='ocrx_word' id='word_1_658' title='bbox 332 2334 570 2375; x_wconf 79' lang='grc' dir='ltr'>ἀπολογήσασθαι,</span> <span class='ocrx_word' id='word_1_659' title='bbox 586 2333 626 2364; x_wconf 76' lang='grc' dir='ltr'>ὅτι</span> <span class='ocrx_word' id='word_1_660' title='bbox 646 2347 658 2361; x_wconf 75' lang='grc' dir='ltr'><strong>α</strong></span> <span class='ocrx_word' id='word_1_661' title='bbox 673 2334 708 2364; x_wconf 81' lang='grc' dir='ltr'><strong>Ἦ</strong></span> <span class='ocrx_word' id='word_1_662' title='bbox 725 2334 850 2374; x_wconf 79' lang='grc' dir='ltr'>βασιλεία</span> 
     </span>
    </p>
   </div>
   <div class='ocr_carea' id='block_1_82' title="bbox 69 2377 850 2419">
    <p class='ocr_par' dir='ltr' id='par_1_82' title="bbox 69 2377 850 2419">
     <span class='ocr_line' id='line_1_83' title="bbox 69 2377 850 2419; baseline 0.001 -12"><span class='ocrx_word' id='word_1_663' title='bbox 69 2377 141 2415; x_wconf 82' lang='grc' dir='ltr'>ἡέμὴ</span> <span class='ocrx_word' id='word_1_664' title='bbox 159 2380 205 2408; x_wconf 81' lang='grc' dir='ltr'>οὒκ</span> <span class='ocrx_word' id='word_1_665' title='bbox 224 2379 294 2410; x_wconf 74' lang='grc' dir='ltr'>ἔστιν</span> <span class='ocrx_word' id='word_1_666' title='bbox 310 2381 340 2409; x_wconf 80' lang='grc' dir='ltr'>ἐκ</span> <span class='ocrx_word' id='word_1_667' title='bbox 357 2382 403 2409; x_wconf 74' lang='grc' dir='ltr'><strong>τοῦ</strong></span> <span class='ocrx_word' id='word_1_668' title='bbox 421 2380 522 2419; x_wconf 84' lang='grc' dir='ltr'>κόσμου</span> <span class='ocrx_word' id='word_1_669' title='bbox 541 2378 653 2418; x_wconf 69' lang='grc' dir='ltr'><strong>’τούτου⁷</strong></span> <span class='ocrx_word' id='word_1_670' title='bbox 671 2392 683 2405; x_wconf 79' lang='grc' dir='ltr'><strong>ιι</strong></span> <span class='ocrx_word' id='word_1_671' title='bbox 704 2378 750 2408; x_wconf 77' lang='grc' dir='ltr'>δύο</span> <span class='ocrx_word' id='word_1_672' title='bbox 766 2383 850 2408; x_wconf 76' lang='grc' dir='ltr'>ταῦτα</span> 
     </span>
    </p>
   </div>
   <div class='ocr_carea' id='block_1_83' title="bbox 69 2423 850 2464">
    <p class='ocr_par' dir='ltr' id='par_1_83' title="bbox 69 2423 850 2464">
     <span class='ocr_line' id='line_1_84' title="bbox 69 2423 850 2464; baseline 0.008 -17"><span class='ocrx_word' id='word_1_673' title='bbox 69 2426 177 2460; x_wconf 76' lang='grc' dir='ltr'>κατορθοῖ</span> <span class='ocrx_word' id='word_1_674' title='bbox 190 2435 196 2442; x_wconf 89' lang='grc'><strong>·</strong></span> <span class='ocrx_word' id='word_1_675' title='bbox 216 2424 244 2453; x_wconf 83' lang='grc' dir='ltr'>ἓν</span> <span class='ocrx_word' id='word_1_676' title='bbox 262 2423 329 2462; x_wconf 75' lang='grc' dir='ltr'>μὲν,</span> <span class='ocrx_word' id='word_1_677' title='bbox 357 2424 449 2464; x_wconf 76' lang='grc' dir='ltr'>ἀνοίγει</span> <span class='ocrx_word' id='word_1_678' title='bbox 471 2424 515 2453; x_wconf 84' lang='grc' dir='ltr'><strong>τὸν</strong></span> <span class='ocrx_word' id='word_1_679' title='bbox 538 2424 656 2454; x_wconf 83' lang='grc' dir='ltr'>Πιλάτον</span> <span class='ocrx_word' id='word_1_680' title='bbox 679 2424 714 2457; x_wconf 84' lang='grc' dir='ltr'>εἷς</span> <span class='ocrx_word' id='word_1_681' title='bbox 734 2424 764 2453; x_wconf 81' lang='grc' dir='ltr'><strong>τὸ</strong></span> <span class='ocrx_word' id='word_1_682' title='bbox 781 2425 850 2462; x_wconf 81' lang='grc' dir='ltr'>γνῶ-</span> 
     </span>
    </p>
   </div>
   <div class='ocr_carea' id='block_1_84' title="bbox 70 2466 848 2509">
    <p class='ocr_par' dir='ltr' id='par_1_84' title="bbox 70 2466 848 2509">
     <span class='ocr_line' id='line_1_85' title="bbox 70 2466 848 2509; baseline 0.005 -16"><span class='ocrx_word' id='word_1_683' title='bbox 70 2476 121 2501; x_wconf 85' lang='grc' dir='ltr'>ναι,</span> <span class='ocrx_word' id='word_1_684' title='bbox 139 2467 178 2497; x_wconf 79' lang='grc' dir='ltr'><strong>ὅτι</strong></span> <span class='ocrx_word' id='word_1_685' title='bbox 197 2469 226 2498; x_wconf 80' lang='grc' dir='ltr'>οὖ</span> <span class='ocrx_word' id='word_1_686' title='bbox 241 2468 316 2509; x_wconf 74' lang='grc' dir='ltr'>ψιλός</span> <span class='ocrx_word' id='word_1_687' title='bbox 338 2470 410 2498; x_wconf 82' lang='grc' dir='ltr'>ἐστιν</span> <span class='ocrx_word' id='word_1_688' title='bbox 431 2469 567 2509; x_wconf 81' lang='grc' dir='ltr'>ἄνθρωπος</span> <span class='ocrx_word' id='word_1_689' title='bbox 579 2490 587 2504; x_wconf 88' lang='lat'><strong>,</strong></span> <span class='ocrx_word' id='word_1_690' title='bbox 610 2466 669 2497; x_wconf 67' lang='grc' dir='ltr'>οὖδὶ</span> <span class='ocrx_word' id='word_1_691' title='bbox 688 2470 741 2498; x_wconf 79' lang='grc' dir='ltr'><strong>τῶν</strong></span> <span class='ocrx_word' id='word_1_692' title='bbox 761 2467 848 2505; x_wconf 79' lang='grc' dir='ltr'>κάτω,</span> 
     </span>
    </p>
   </div>
   <div class='ocr_carea' id='block_1_85' title="bbox 70 2510 850 2553">
    <p class='ocr_par' dir='ltr' id='par_1_85' title="bbox 70 2510 850 2553">
     <span class='ocr_line' id='line_1_86' title="bbox 70 2510 850 2553; baseline 0.005 -16"><span class='ocrx_word' id='word_1_693' title='bbox 70 2510 128 2539; x_wconf 71' lang='grc' dir='ltr'>ἀλλὰ</span> <span class='ocrx_word' id='word_1_694' title='bbox 137 2512 217 2549; x_wconf 75' lang='grc' dir='ltr'>Θεὸς,</span> <span class='ocrx_word' id='word_1_695' title='bbox 230 2513 276 2542; x_wconf 83' lang='grc' dir='ltr'><strong>καὶ</strong></span> <span class='ocrx_word' id='word_1_696' title='bbox 289 2514 360 2543; x_wconf 75' lang='grc' dir='ltr'>Θεοῦ</span> <span class='ocrx_word' id='word_1_697' title='bbox 372 2513 436 2546; x_wconf 82' lang='grc' dir='ltr'>Υἱός</span> <span class='ocrx_word' id='word_1_698' title='bbox 448 2525 454 2531; x_wconf 93' lang='grc'><strong>·</strong></span> <span class='ocrx_word' id='word_1_699' title='bbox 469 2513 556 2553; x_wconf 82' lang='grc' dir='ltr'>ἔτερον</span> <span class='ocrx_word' id='word_1_700' title='bbox 573 2514 615 2549; x_wconf 83' lang='grc' dir='ltr'><strong>δὲ,</strong></span> <span class='ocrx_word' id='word_1_701' title='bbox 630 2512 730 2542; x_wconf 72' lang='grc' dir='ltr'>διαλύει</span> <span class='ocrx_word' id='word_1_702' title='bbox 741 2512 789 2548; x_wconf 86' lang='grc' dir='ltr'><strong>τὴν</strong></span> <span class='ocrx_word' id='word_1_703' title='bbox 806 2513 850 2542; x_wconf 80' lang='grc' dir='ltr'>ἐπὶ</span> 
     </span>
    </p>
   </div>
   <div class='ocr_carea' id='block_1_86' title="bbox 70 2557 848 2598">
    <p class='ocr_par' dir='ltr' id='par_1_86' title="bbox 70 2557 848 2598">
     <span class='ocr_line' id='line_1_87' title="bbox 70 2557 848 2598; baseline 0.005 -16"><span class='ocrx_word' id='word_1_704' title='bbox 70 2557 185 2594; x_wconf 77' lang='grc' dir='ltr'>τυραννίδι</span> <span class='ocrx_word' id='word_1_705' title='bbox 210 2558 336 2598; x_wconf 70' lang='grc' dir='ltr'>ὑποψίαν,</span> <span class='ocrx_word' id='word_1_706' title='bbox 364 2572 375 2585; x_wconf 73' lang='grc' dir='ltr'><strong>α</strong></span> <span class='ocrx_word' id='word_1_707' title='bbox 403 2559 443 2588; x_wconf 85' lang='grc' dir='ltr'><strong>Οὖ</strong></span> <span class='ocrx_word' id='word_1_708' title='bbox 467 2559 518 2597; x_wconf 85' lang='grc' dir='ltr'><strong>γάρ</strong></span> <span class='ocrx_word' id='word_1_709' title='bbox 544 2559 615 2586; x_wconf 83' lang='grc' dir='ltr'>ἐστιν</span> <span class='ocrx_word' id='word_1_710' title='bbox 636 2560 653 2593; x_wconf 88' lang='grc' dir='ltr'>ἡ</span> <span class='ocrx_word' id='word_1_711' title='bbox 683 2557 806 2597; x_wconf 81' lang='grc' dir='ltr'>βασιλεία</span> <span class='ocrx_word' id='word_1_712' title='bbox 832 2559 848 2593; x_wconf 88' lang='grc' dir='ltr'>ἡ</span> 
     </span>
    </p>
   </div>
   <div class='ocr_carea' id='block_1_87' title="bbox 71 2599 849 2641">
    <p class='ocr_par' dir='ltr' id='par_1_87' title="bbox 71 2599 849 2641">
     <span class='ocr_line' id='line_1_88' title="bbox 71 2599 849 2641; baseline 0.001 -12"><span class='ocrx_word' id='word_1_713' title='bbox 71 2599 113 2635; x_wconf 74' lang='grc' dir='ltr'><strong>ἐμὴ</strong></span> <span class='ocrx_word' id='word_1_714' title='bbox 127 2602 154 2630; x_wconf 75' lang='grc' dir='ltr'>ἐκ</span> <span class='ocrx_word' id='word_1_715' title='bbox 169 2605 213 2631; x_wconf 75' lang='grc' dir='ltr'><strong>τοῦ</strong></span> <span class='ocrx_word' id='word_1_716' title='bbox 228 2602 329 2640; x_wconf 78' lang='grc' dir='ltr'>κόσμου</span> <span class='ocrx_word' id='word_1_717' title='bbox 347 2603 450 2632; x_wconf 82' lang='grc' dir='ltr'>τούτου.</span> <span class='ocrx_word' id='word_1_718' title='bbox 464 2616 476 2630; x_wconf 73' lang='grc' dir='ltr'><strong>ι</strong></span> <span class='ocrx_word' id='word_1_719' title='bbox 493 2601 581 2631; x_wconf 79' lang='grc' dir='ltr'>Ὥστε</span> <span class='ocrx_word' id='word_1_720' title='bbox 598 2603 635 2641; x_wconf 79' lang='grc' dir='ltr'>μὴ</span> <span class='ocrx_word' id='word_1_721' title='bbox 652 2601 746 2631; x_wconf 79' lang='grc' dir='ltr'>δέδειθί</span> <span class='ocrx_word' id='word_1_722' title='bbox 764 2613 797 2640; x_wconf 87' lang='grc' dir='ltr'><strong>με</strong></span> <span class='ocrx_word' id='word_1_723' title='bbox 814 2603 849 2636; x_wconf 86' lang='grc' dir='ltr'>ὡς</span> 
     </span>
    </p>
   </div>
   <div class='ocr_carea' id='block_1_88' title="bbox 71 2642 849 2686">
    <p class='ocr_par' dir='ltr' id='par_1_88' title="bbox 71 2642 849 2686">
     <span class='ocr_line' id='line_1_89' title="bbox 71 2642 849 2686; baseline 0.001 -12"><span class='ocrx_word' id='word_1_724' title='bbox 71 2642 193 2683; x_wconf 65' lang='grc' dir='ltr'>τύραννον,</span> <span class='ocrx_word' id='word_1_725' title='bbox 211 2646 257 2675; x_wconf 83' lang='grc' dir='ltr'><strong>καὶ</strong></span> <span class='ocrx_word' id='word_1_726' title='bbox 278 2647 451 2682; x_wconf 77' lang='grc' dir='ltr'>στασιαστήν.</span> <span class='ocrx_word' id='word_1_727' title='bbox 475 2661 487 2673; x_wconf 82' lang='grc' dir='ltr'>ι</span> <span class='ocrx_word' id='word_1_728' title='bbox 512 2648 545 2676; x_wconf 77' lang='grc' dir='ltr'>Εἰ</span> <span class='ocrx_word' id='word_1_729' title='bbox 562 2646 613 2686; x_wconf 81' lang='grc' dir='ltr'><strong>γὰρ</strong></span> <span class='ocrx_word' id='word_1_730' title='bbox 630 2642 661 2682; x_wconf 70' lang='grc' dir='ltr'><strong>ἦν</strong></span> <span class='ocrx_word' id='word_1_731' title='bbox 681 2648 711 2675; x_wconf 82' lang='grc' dir='ltr'>ἐκ</span> <span class='ocrx_word' id='word_1_732' title='bbox 730 2649 775 2675; x_wconf 76' lang='grc' dir='ltr'><strong>τοῦ</strong></span> <span class='ocrx_word' id='word_1_733' title='bbox 797 2647 849 2676; x_wconf 83' lang='grc' dir='ltr'>κό-</span> 
     </span>
    </p>
   </div>
   <div class='ocr_carea' id='block_1_89' title="bbox 72 2689 848 2731">
    <p class='ocr_par' dir='ltr' id='par_1_89' title="bbox 72 2689 848 2731">
     <span class='ocr_line' id='line_1_90' title="bbox 72 2689 848 2731; baseline 0.004 -14"><span class='ocrx_word' id='word_1_734' title='bbox 72 2698 129 2725; x_wconf 78' lang='grc' dir='ltr'>σμου</span> <span class='ocrx_word' id='word_1_735' title='bbox 144 2691 234 2721; x_wconf 84' lang='grc' dir='ltr'>τούτου</span> <span class='ocrx_word' id='word_1_736' title='bbox 251 2693 267 2726; x_wconf 78' lang='grc' dir='ltr'>ἡ</span> <span class='ocrx_word' id='word_1_737' title='bbox 287 2692 408 2731; x_wconf 78' lang='grc' dir='ltr'>βασιλεία</span> <span class='ocrx_word' id='word_1_738' title='bbox 424 2703 490 2729; x_wconf 83' lang='grc' dir='ltr'>μου,</span> <span class='ocrx_word' id='word_1_739' title='bbox 505 2692 529 2720; x_wconf 80' lang='grc' dir='ltr'>οἱ</span> <span class='ocrx_word' id='word_1_740' title='bbox 545 2689 676 2730; x_wconf 73' lang='grc' dir='ltr'>ὑπηρέται</span> <span class='ocrx_word' id='word_1_741' title='bbox 694 2690 727 2720; x_wconf 81' lang='grc' dir='ltr'><strong>ἂν</strong></span> <span class='ocrx_word' id='word_1_742' title='bbox 745 2691 770 2720; x_wconf 76' lang='grc' dir='ltr'>οἱ</span> <span class='ocrx_word' id='word_1_743' title='bbox 789 2691 848 2729; x_wconf 78' lang='grc' dir='ltr'>ἐμοὶ</span> 
     </span>
    </p>
   </div>
   <div class='ocr_carea' id='block_1_90' title="bbox 72 2732 850 2776">
    <p class='ocr_par' dir='ltr' id='par_1_90' title="bbox 72 2732 850 2776">
     <span class='ocr_line' id='line_1_91' title="bbox 72 2732 850 2776; baseline 0.001 -13"><span class='ocrx_word' id='word_1_744' title='bbox 72 2732 229 2772; x_wconf 72' lang='grc' dir='ltr'>ἠγωνίζοντο,</span> <span class='ocrx_word' id='word_1_745' title='bbox 249 2735 293 2764; x_wconf 80' lang='grc' dir='ltr'>ἴνα</span> <span class='ocrx_word' id='word_1_746' title='bbox 310 2737 348 2774; x_wconf 85' lang='grc' dir='ltr'><strong>μὴ</strong></span> <span class='ocrx_word' id='word_1_747' title='bbox 370 2737 524 2776; x_wconf 76' lang='grc' dir='ltr'>παραδοθῶ.</span> <span class='ocrx_word' id='word_1_748' title='bbox 546 2750 557 2762; x_wconf 68' lang='grc' dir='ltr'><strong>υ</strong></span> <span class='ocrx_word' id='word_1_749' title='bbox 573 2735 707 2765; x_wconf 69' lang='grc' dir='ltr'>Ἐνταῦθα</span> <span class='ocrx_word' id='word_1_750' title='bbox 727 2735 754 2764; x_wconf 84' lang='grc' dir='ltr'><strong>δὲ</strong></span> <span class='ocrx_word' id='word_1_751' title='bbox 775 2736 850 2771; x_wconf 84' lang='grc' dir='ltr'><strong>δηλοί</strong></span> 
     </span>
    </p>
   </div>
   <div class='ocr_carea' id='block_1_91' title="bbox 73 2776 850 2820">
    <p class='ocr_par' dir='ltr' id='par_1_91' title="bbox 73 2776 850 2820">
     <span class='ocr_line' id='line_1_92' title="bbox 73 2776 850 2820; baseline -0.003 -11"><span class='ocrx_word' id='word_1_752' title='bbox 73 2776 109 2820; x_wconf 54' lang='grc' dir='ltr'><strong>κᾳὶ</strong></span> <span class='ocrx_word' id='word_1_753' title='bbox 120 2780 162 2814; x_wconf 76' lang='grc' dir='ltr'><strong>τῆς</strong></span> <span class='ocrx_word' id='word_1_754' title='bbox 178 2779 241 2819; x_wconf 86' lang='grc' dir='ltr'>παρ’</span> <span class='ocrx_word' id='word_1_755' title='bbox 257 2782 321 2818; x_wconf 84' lang='grc' dir='ltr'>ἡμῖν</span> <span class='ocrx_word' id='word_1_756' title='bbox 338 2781 474 2820; x_wconf 76' lang='grc' dir='ltr'>βασιλείας</span> <span class='ocrx_word' id='word_1_757' title='bbox 493 2780 522 2809; x_wconf 82' lang='grc' dir='ltr'>τὸ</span> <span class='ocrx_word' id='word_1_758' title='bbox 542 2779 660 2816; x_wconf 80' lang='grc' dir='ltr'>ἀσθενὲς,</span> <span class='ocrx_word' id='word_1_759' title='bbox 675 2779 714 2808; x_wconf 70' lang='grc' dir='ltr'>ὅτι</span> <span class='ocrx_word' id='word_1_760' title='bbox 735 2780 761 2808; x_wconf 84' lang='grc' dir='ltr'><strong>ἐν</strong></span> <span class='ocrx_word' id='word_1_761' title='bbox 783 2781 850 2816; x_wconf 76' lang='grc' dir='ltr'>ὑπη-</span> 
     </span>
    </p>
   </div>
   <div class='ocr_carea' id='block_1_92' title="bbox 74 2819 848 2865">
    <p class='ocr_par' dir='ltr' id='par_1_92' title="bbox 74 2819 848 2865">
     <span class='ocr_line' id='line_1_93' title="bbox 74 2819 848 2865; baseline 0.004 -16"><span class='ocrx_word' id='word_1_762' title='bbox 74 2819 146 2859; x_wconf 79' lang='grc' dir='ltr'>ρέταις</span> <span class='ocrx_word' id='word_1_763' title='bbox 160 2823 214 2863; x_wconf 81' lang='grc' dir='ltr'>ἔχει</span> <span class='ocrx_word' id='word_1_764' title='bbox 230 2825 277 2861; x_wconf 78' lang='grc' dir='ltr'><strong>τὴν</strong></span> <span class='ocrx_word' id='word_1_765' title='bbox 297 2819 372 2865; x_wconf 66' lang='grc' dir='ltr'>ἰσχύν</span> <span class='ocrx_word' id='word_1_766' title='bbox 384 2837 391 2844; x_wconf 78' lang='grc' dir='ltr'><strong><em>ο</em></strong></span> <span class='ocrx_word' id='word_1_767' title='bbox 405 2827 422 2860; x_wconf 85' lang='grc' dir='ltr'>ἡ</span> <span class='ocrx_word' id='word_1_768' title='bbox 443 2825 469 2854; x_wconf 80' lang='grc' dir='ltr'>δὲ</span> <span class='ocrx_word' id='word_1_769' title='bbox 486 2825 540 2855; x_wconf 81' lang='grc' dir='ltr'><strong>ἄνω</strong></span> <span class='ocrx_word' id='word_1_770' title='bbox 561 2824 692 2863; x_wconf 80' lang='grc' dir='ltr'>αὐτάρκης</span> <span class='ocrx_word' id='word_1_771' title='bbox 707 2823 778 2861; x_wconf 77' lang='grc' dir='ltr'>ἐστὶ,</span> <span class='ocrx_word' id='word_1_772' title='bbox 796 2835 848 2860; x_wconf 87' lang='grc' dir='ltr'>μη-</span> 
     </span>
    </p>
   </div>
   <div class='ocr_carea' id='block_1_93' title="bbox 906 1623 1699 1657">
    <p class='ocr_par' dir='ltr' id='par_1_93' title="bbox 906 1623 1699 1657">
     <span class='ocr_line' id='line_1_94' title="bbox 906 1623 1699 1657; baseline 0.004 -7"><span class='ocrx_word' id='word_1_773' title='bbox 906 1623 1009 1652; x_wconf 74' lang='grc' dir='ltr'>]ιιᾱωὶε</span> <span class='ocrx_word' id='word_1_774' title='bbox 1022 1623 1073 1651; x_wconf 88' lang='lat' dir='ltr'><strong>sibi</strong></span> <span class='ocrx_word' id='word_1_775' title='bbox 1088 1624 1221 1652; x_wconf 84' lang='lat' dir='ltr'><strong>traditum</strong></span> <span class='ocrx_word' id='word_1_776' title='bbox 1236 1623 1312 1657; x_wconf 89' lang='lat' dir='ltr'><strong>dicit,</strong></span> <span class='ocrx_word' id='word_1_777' title='bbox 1335 1631 1394 1651; x_wconf 90' lang='lat' dir='ltr'><strong>sese</strong></span> <span class='ocrx_word' id='word_1_778' title='bbox 1409 1631 1423 1651; x_wconf 88' lang='lat' dir='ltr'><strong>a</strong></span> <span class='ocrx_word' id='word_1_779' title='bbox 1439 1623 1555 1651; x_wconf 86' lang='lat' dir='ltr'><strong>crimine</strong></span> <span class='ocrx_word' id='word_1_780' title='bbox 1571 1623 1699 1653; x_wconf 87' lang='lat' dir='ltr'><strong>liberans.</strong></span> 
     </span>
    </p>
   </div>
   <div class='ocr_carea' id='block_1_94' title="bbox 909 1668 1701 1704">
    <p class='ocr_par' dir='ltr' id='par_1_94' title="bbox 909 1668 1701 1704">
     <span class='ocr_line' id='line_1_95' title="bbox 909 1668 1701 1704; baseline 0.001 -9"><span class='ocrx_word' id='word_1_781' title='bbox 909 1668 1027 1696; x_wconf 87' lang='lat' dir='ltr'><strong>Etaliter</strong></span> <span class='ocrx_word' id='word_1_782' title='bbox 1042 1678 1047 1695; x_wconf 94' lang='lat'>:</span> <span class='ocrx_word' id='word_1_783' title='bbox 1065 1669 1216 1704; x_wconf 88' lang='lat' dir='ltr'><strong>lnterrogat</strong></span> <span class='ocrx_word' id='word_1_784' title='bbox 1228 1668 1347 1696; x_wconf 87' lang='lat' dir='ltr'><strong>Pilatum</strong></span> <span class='ocrx_word' id='word_1_785' title='bbox 1358 1669 1494 1696; x_wconf 90' lang='lat' dir='ltr'><strong>Dominus</strong></span> <span class='ocrx_word' id='word_1_786' title='bbox 1504 1677 1570 1696; x_wconf 91' lang='lat' dir='ltr'><strong>num</strong></span> <span class='ocrx_word' id='word_1_787' title='bbox 1584 1676 1599 1696; x_wconf 91' lang='lat' dir='ltr'><strong>a</strong></span> <span class='ocrx_word' id='word_1_788' title='bbox 1612 1670 1701 1704; x_wconf 83' lang='lat' dir='ltr'><strong>seipse</strong></span> 
     </span>
    </p>
   </div>
   <div class='ocr_carea' id='block_1_95' title="bbox 907 1711 1702 1749">
    <p class='ocr_par' dir='ltr' id='par_1_95' title="bbox 907 1711 1702 1749">
     <span class='ocr_line' id='line_1_96' title="bbox 907 1711 1702 1749; baseline 0 -9"><span class='ocrx_word' id='word_1_789' title='bbox 907 1711 991 1747; x_wconf 83' lang='lat' dir='ltr'><strong>dicat,</strong></span> <span class='ocrx_word' id='word_1_790' title='bbox 1007 1713 1047 1740; x_wconf 78' lang='lat' dir='ltr'><strong>vel</strong></span> <span class='ocrx_word' id='word_1_791' title='bbox 1063 1712 1098 1740; x_wconf 88' lang='lat' dir='ltr'><strong>ab</strong></span> <span class='ocrx_word' id='word_1_792' title='bbox 1111 1713 1173 1741; x_wconf 88' lang='lat' dir='ltr'><strong>aliis</strong></span> <span class='ocrx_word' id='word_1_793' title='bbox 1187 1721 1343 1748; x_wconf 87' lang='lat' dir='ltr'><strong>persuasus.</strong></span> <span class='ocrx_word' id='word_1_794' title='bbox 1360 1713 1459 1748; x_wconf 77' lang='lat' dir='ltr'><strong>Arguit</strong></span> <span class='ocrx_word' id='word_1_795' title='bbox 1477 1717 1569 1740; x_wconf 87' lang='lat' dir='ltr'><strong>autem</strong></span> <span class='ocrx_word' id='word_1_796' title='bbox 1586 1721 1632 1749; x_wconf 89' lang='lat' dir='ltr'><strong>per</strong></span> <span class='ocrx_word' id='word_1_797' title='bbox 1648 1714 1702 1741; x_wconf 92' lang='lat' dir='ltr'><strong>hoc</strong></span> 
     </span>
    </p>
   </div>
   <div class='ocr_carea' id='block_1_96' title="bbox 906 1758 1701 1793">
    <p class='ocr_par' dir='ltr' id='par_1_96' title="bbox 906 1758 1701 1793">
     <span class='ocr_line' id='line_1_97' title="bbox 906 1758 1701 1793; baseline 0.003 -9"><span class='ocrx_word' id='word_1_798' title='bbox 906 1766 970 1785; x_wconf 80' lang='lat' dir='ltr'><strong>etim</strong></span> <span class='ocrx_word' id='word_1_799' title='bbox 996 1758 1172 1793; x_wconf 86' lang='lat' dir='ltr'><strong>insipientem</strong></span> <span class='ocrx_word' id='word_1_800' title='bbox 1197 1766 1266 1791; x_wconf 86' lang='lat' dir='ltr'><strong>esse,</strong></span> <span class='ocrx_word' id='word_1_801' title='bbox 1281 1762 1308 1786; x_wconf 89' lang='lat' dir='ltr'><strong>et</strong></span> <span class='ocrx_word' id='word_1_802' title='bbox 1331 1758 1433 1792; x_wconf 89' lang='lat' dir='ltr'><strong>absque</strong></span> <span class='ocrx_word' id='word_1_803' title='bbox 1448 1758 1552 1793; x_wconf 86' lang='lat' dir='ltr'><strong>judicio</strong></span> <span class='ocrx_word' id='word_1_804' title='bbox 1568 1758 1701 1786; x_wconf 79' lang='lat' dir='ltr'><strong>condem-</strong></span> 
     </span>
    </p>
   </div>
   <div class='ocr_carea' id='block_1_97' title="bbox 906 1801 1699 1838">
    <p class='ocr_par' dir='ltr' id='par_1_97' title="bbox 906 1801 1699 1838">
     <span class='ocr_line' id='line_1_98' title="bbox 906 1801 1699 1838; baseline 0.001 -9"><span class='ocrx_word' id='word_1_805' title='bbox 906 1806 1028 1836; x_wconf 86' lang='lat' dir='ltr'><strong>nantcm,</strong></span> <span class='ocrx_word' id='word_1_806' title='bbox 1042 1807 1070 1830; x_wconf 85' lang='lat' dir='ltr'><strong>et</strong></span> <span class='ocrx_word' id='word_1_807' title='bbox 1083 1802 1161 1838; x_wconf 80' lang='lat' dir='ltr'><strong>quasi</strong></span> <span class='ocrx_word' id='word_1_808' title='bbox 1174 1802 1203 1829; x_wconf 91' lang='lat' dir='ltr'><strong>in</strong></span> <span class='ocrx_word' id='word_1_809' title='bbox 1213 1802 1286 1830; x_wconf 92' lang='lat' dir='ltr'><strong>hunc</strong></span> <span class='ocrx_word' id='word_1_810' title='bbox 1297 1801 1410 1829; x_wconf 89' lang='lat' dir='ltr'><strong>modum</strong></span> <span class='ocrx_word' id='word_1_811' title='bbox 1418 1802 1484 1829; x_wconf 90' lang='lat' dir='ltr'><strong>dicit</strong></span> <span class='ocrx_word' id='word_1_812' title='bbox 1495 1803 1578 1838; x_wconf 65' lang='lat'><strong>743</strong></span> <span class='ocrx_word' id='word_1_813' title='bbox 1591 1803 1678 1830; x_wconf 82' lang='lat' dir='ltr'><strong>Pilato</strong></span> <span class='ocrx_word' id='word_1_814' title='bbox 1691 1812 1699 1830; x_wconf 89' lang='lat'><em>:</em></span> 
     </span>
    </p>
   </div>
   <div class='ocr_carea' id='block_1_98' title="bbox 905 1846 1701 1882">
    <p class='ocr_par' dir='ltr' id='par_1_98' title="bbox 905 1846 1701 1882">
     <span class='ocr_line' id='line_1_99' title="bbox 905 1846 1701 1882; baseline -0.001 -8"><span class='ocrx_word' id='word_1_815' title='bbox 905 1846 934 1874; x_wconf 90' lang='lat' dir='ltr'><strong>Si</strong></span> <span class='ocrx_word' id='word_1_816' title='bbox 950 1846 1063 1882; x_wconf 85' lang='lat' dir='ltr'><strong>quidem</strong></span> <span class='ocrx_word' id='word_1_817' title='bbox 1087 1855 1101 1874; x_wconf 91' lang='lat' dir='ltr'><strong>a</strong></span> <span class='ocrx_word' id='word_1_818' title='bbox 1118 1847 1204 1881; x_wconf 90' lang='lat' dir='ltr'><strong>lcipso</strong></span> <span class='ocrx_word' id='word_1_819' title='bbox 1220 1847 1273 1874; x_wconf 86' lang='lat' dir='ltr'><strong>hoc</strong></span> <span class='ocrx_word' id='word_1_820' title='bbox 1293 1846 1372 1879; x_wconf 89' lang='lat' dir='ltr'><strong>dicis,</strong></span> <span class='ocrx_word' id='word_1_821' title='bbox 1393 1851 1515 1874; x_wconf 85' lang='lat' dir='ltr'><strong>monstra</strong></span> <span class='ocrx_word' id='word_1_822' title='bbox 1530 1847 1606 1882; x_wconf 87' lang='lat' dir='ltr'><strong>signa</strong></span> <span class='ocrx_word' id='word_1_823' title='bbox 1631 1854 1701 1874; x_wconf 76' lang='lat' dir='ltr'><strong>mea:</strong></span> 
     </span>
    </p>
   </div>
   <div class='ocr_carea' id='block_1_99' title="bbox 906 1890 1700 1926">
    <p class='ocr_par' dir='ltr' id='par_1_99' title="bbox 906 1890 1700 1926">
     <span class='ocr_line' id='line_1_100' title="bbox 906 1890 1700 1926; baseline 0 -8"><span class='ocrx_word' id='word_1_824' title='bbox 906 1890 1071 1919; x_wconf 87' lang='lat' dir='ltr'><strong>rebellionis.</strong></span> <span class='ocrx_word' id='word_1_825' title='bbox 1085 1891 1113 1919; x_wconf 92' lang='lat' dir='ltr'><strong>Si</strong></span> <span class='ocrx_word' id='word_1_826' title='bbox 1128 1895 1220 1918; x_wconf 88' lang='lat' dir='ltr'><strong>autem</strong></span> <span class='ocrx_word' id='word_1_827' title='bbox 1235 1891 1269 1919; x_wconf 76' lang='lat' dir='ltr'><strong>al)</strong></span> <span class='ocrx_word' id='word_1_828' title='bbox 1285 1891 1345 1918; x_wconf 88' lang='lat' dir='ltr'><strong>aliis</strong></span> <span class='ocrx_word' id='word_1_829' title='bbox 1355 1890 1469 1918; x_wconf 88' lang='lat' dir='ltr'><strong>edoctus</strong></span> <span class='ocrx_word' id='word_1_830' title='bbox 1483 1898 1522 1925; x_wconf 73' lang='lat' dir='ltr'><strong>es,</strong></span> <span class='ocrx_word' id='word_1_831' title='bbox 1539 1891 1622 1926; x_wconf 86' lang='lat' dir='ltr'><strong>igitur</strong></span> <span class='ocrx_word' id='word_1_832' title='bbox 1636 1891 1700 1918; x_wconf 93' lang='lat' dir='ltr'><strong>dili-</strong></span> 
     </span>
    </p>
   </div>
   <div class='ocr_carea' id='block_1_100' title="bbox 905 1934 1703 1972">
    <p class='ocr_par' dir='ltr' id='par_1_100' title="bbox 905 1934 1703 1972">
     <span class='ocr_line' id='line_1_101' title="bbox 905 1934 1703 1972; baseline 0.001 -9"><span class='ocrx_word' id='word_1_833' title='bbox 905 1940 1017 1971; x_wconf 82' lang='lat' dir='ltr'><strong>gentem</strong></span> <span class='ocrx_word' id='word_1_834' title='bbox 1032 1936 1237 1972; x_wconf 85' lang='lat' dir='ltr'><strong>inquisitionem</strong></span> <span class='ocrx_word' id='word_1_835' title='bbox 1261 1934 1354 1963; x_wconf 81' lang='lat' dir='ltr'><strong>facito.</strong></span> <span class='ocrx_word' id='word_1_836' title='bbox 1374 1937 1412 1962; x_wconf 84' lang='lat' dir='ltr'><strong>At</strong></span> <span class='ocrx_word' id='word_1_837' title='bbox 1425 1935 1469 1962; x_wconf 88' lang='lat' dir='ltr'><strong>ille</strong></span> <span class='ocrx_word' id='word_1_838' title='bbox 1484 1934 1549 1970; x_wconf 89' lang='lat' dir='ltr'><strong>quid</strong></span> <span class='ocrx_word' id='word_1_839' title='bbox 1567 1935 1703 1964; x_wconf 88' lang='lat' dir='ltr'><strong>audiverit</strong></span> 
     </span>
    </p>
   </div>
   <div class='ocr_carea' id='block_1_101' title="bbox 905 1979 1700 2016">
    <p class='ocr_par' dir='ltr' id='par_1_101' title="bbox 905 1979 1700 2016">
     <span class='ocr_line' id='line_1_102' title="bbox 905 1979 1700 2016; baseline -0.001 -8"><span class='ocrx_word' id='word_1_840' title='bbox 905 1980 939 2008; x_wconf 90' lang='lat' dir='ltr'><strong>ab</strong></span> <span class='ocrx_word' id='word_1_841' title='bbox 955 1980 1024 2012; x_wconf 88' lang='lat' dir='ltr'><strong>aliis,</strong></span> <span class='ocrx_word' id='word_1_842' title='bbox 1041 1988 1097 2008; x_wconf 91' lang='lat' dir='ltr'><strong>non</strong></span> <span class='ocrx_word' id='word_1_843' title='bbox 1109 1980 1194 2008; x_wconf 92' lang='lat' dir='ltr'><strong>dicit:</strong></span> <span class='ocrx_word' id='word_1_844' title='bbox 1212 1980 1374 2015; x_wconf 89' lang='lat' dir='ltr'><strong>simpliciter</strong></span> <span class='ocrx_word' id='word_1_845' title='bbox 1393 1984 1485 2007; x_wconf 89' lang='lat' dir='ltr'><strong>autem</strong></span> <span class='ocrx_word' id='word_1_846' title='bbox 1500 1979 1622 2016; x_wconf 85' lang='lat' dir='ltr'><strong>sequitur</strong></span> <span class='ocrx_word' id='word_1_847' title='bbox 1636 1987 1700 2007; x_wconf 90' lang='lat' dir='ltr'><strong>sen-</strong></span> 
     </span>
    </p>
   </div>
   <div class='ocr_carea' id='block_1_102' title="bbox 904 2024 1698 2061">
    <p class='ocr_par' dir='ltr' id='par_1_102' title="bbox 904 2024 1698 2061">
     <span class='ocr_line' id='line_1_103' title="bbox 904 2024 1698 2061; baseline 0 -9"><span class='ocrx_word' id='word_1_848' title='bbox 904 2025 1017 2053; x_wconf 90' lang='lat' dir='ltr'><strong>tentiam</strong></span> <span class='ocrx_word' id='word_1_849' title='bbox 1027 2025 1128 2061; x_wconf 89' lang='lat' dir='ltr'><strong>populi,</strong></span> <span class='ocrx_word' id='word_1_850' title='bbox 1137 2029 1164 2052; x_wconf 87' lang='lat' dir='ltr'><strong>et</strong></span> <span class='ocrx_word' id='word_1_851' title='bbox 1172 2036 1184 2049; x_wconf 83' lang='grc' dir='ltr'><strong>ι</strong></span> <span class='ocrx_word' id='word_1_852' title='bbox 1194 2024 1377 2053; x_wconf 86' lang='lat' dir='ltr'><strong>Tradiderunt</strong></span> <span class='ocrx_word' id='word_1_853' title='bbox 1385 2029 1422 2059; x_wconf 90' lang='lat' dir='ltr'><strong>te,</strong></span> <span class='ocrx_word' id='word_1_854' title='bbox 1434 2036 1445 2048; x_wconf 73' lang='grc' dir='ltr'><strong>ν</strong></span> <span class='ocrx_word' id='word_1_855' title='bbox 1455 2025 1554 2060; x_wconf 87' lang='lat' dir='ltr'><strong>inquit,</strong></span> <span class='ocrx_word' id='word_1_856' title='bbox 1570 2035 1583 2048; x_wconf 79' lang='grc' dir='ltr'><strong>ι</strong></span> <span class='ocrx_word' id='word_1_857' title='bbox 1596 2024 1673 2052; x_wconf 89' lang='lat' dir='ltr'><strong>mihi.</strong></span> <span class='ocrx_word' id='word_1_858' title='bbox 1687 2036 1698 2048; x_wconf 83' lang='grc' dir='ltr'>ι-</span> 
     </span>
    </p>
   </div>
   <div class='ocr_carea' id='block_1_103' title="bbox 904 2067 1701 2105">
    <p class='ocr_par' dir='ltr' id='par_1_103' title="bbox 904 2067 1701 2105">
     <span class='ocr_line' id='line_1_104' title="bbox 904 2067 1701 2105; baseline 0 -8"><span class='ocrx_word' id='word_1_859' title='bbox 904 2071 973 2097; x_wconf 90' lang='lat' dir='ltr'><strong>Cum</strong></span> <span class='ocrx_word' id='word_1_860' title='bbox 988 2074 1080 2098; x_wconf 90' lang='lat' dir='ltr'><strong>autem</strong></span> <span class='ocrx_word' id='word_1_861' title='bbox 1095 2069 1183 2098; x_wconf 89' lang='lat' dir='ltr'><strong>dicit:</strong></span> <span class='ocrx_word' id='word_1_862' title='bbox 1208 2068 1281 2105; x_wconf 87' lang='lat' dir='ltr'><strong>Quid</strong></span> <span class='ocrx_word' id='word_1_863' title='bbox 1300 2067 1408 2098; x_wconf 77' lang='lat' dir='ltr'><strong>fecisti?</strong></span> <span class='ocrx_word' id='word_1_864' title='bbox 1431 2070 1545 2096; x_wconf 88' lang='lat' dir='ltr'><strong>verbum</strong></span> <span class='ocrx_word' id='word_1_865' title='bbox 1567 2069 1646 2105; x_wconf 89' lang='lat' dir='ltr'><strong>quasi</strong></span> <span class='ocrx_word' id='word_1_866' title='bbox 1667 2069 1701 2098; x_wconf 80' lang='lat' dir='ltr'><strong>ad</strong></span> 
     </span>
    </p>
   </div>
   <div class='ocr_carea' id='block_1_104' title="bbox 904 2113 1702 2149">
    <p class='ocr_par' dir='ltr' id='par_1_104' title="bbox 904 2113 1702 2149">
     <span class='ocr_line' id='line_1_105' title="bbox 904 2113 1702 2149; baseline 0.001 -8"><span class='ocrx_word' id='word_1_867' title='bbox 904 2115 1115 2142; x_wconf 87' lang='lat' dir='ltr'><strong>amaritudinem</strong></span> <span class='ocrx_word' id='word_1_868' title='bbox 1138 2113 1248 2142; x_wconf 90' lang='lat' dir='ltr'><strong>adducti</strong></span> <span class='ocrx_word' id='word_1_869' title='bbox 1267 2117 1294 2141; x_wconf 84' lang='lat' dir='ltr'><strong>et</strong></span> <span class='ocrx_word' id='word_1_870' title='bbox 1314 2113 1465 2149; x_wconf 85' lang='lat' dir='ltr'><strong>exasperati</strong></span> <span class='ocrx_word' id='word_1_871' title='bbox 1481 2113 1596 2141; x_wconf 89' lang='lat' dir='ltr'><strong>videtur.</strong></span> <span class='ocrx_word' id='word_1_872' title='bbox 1628 2114 1702 2142; x_wconf 88' lang='lat' dir='ltr'><strong>Dicit</strong></span> 
     </span>
    </p>
   </div>
   <div class='ocr_carea' id='block_1_105' title="bbox 906 2157 1699 2194">
    <p class='ocr_par' dir='ltr' id='par_1_105' title="bbox 906 2157 1699 2194">
     <span class='ocr_line' id='line_1_106' title="bbox 906 2157 1699 2194; baseline 0 -8"><span class='ocrx_word' id='word_1_873' title='bbox 906 2159 992 2192; x_wconf 86' lang='lat' dir='ltr'><strong>enim,</strong></span> <span class='ocrx_word' id='word_1_874' title='bbox 1019 2159 1092 2194; x_wconf 86' lang='lat' dir='ltr'><strong>Quid</strong></span> <span class='ocrx_word' id='word_1_875' title='bbox 1119 2158 1224 2186; x_wconf 79' lang='lat' dir='ltr'><strong>fecisti?</strong></span> <span class='ocrx_word' id='word_1_876' title='bbox 1263 2159 1301 2186; x_wconf 78' lang='lat' dir='ltr'><strong>At</strong></span> <span class='ocrx_word' id='word_1_877' title='bbox 1332 2158 1471 2185; x_wconf 91' lang='lat' dir='ltr'><strong>Dominus</strong></span> <span class='ocrx_word' id='word_1_878' title='bbox 1498 2157 1699 2194; x_wconf 88' lang='lat' dir='ltr'><strong>respondendo,</strong></span> 
     </span>
    </p>
   </div>
   <div class='ocr_carea' id='block_1_106' title="bbox 908 2202 1702 2239">
    <p class='ocr_par' dir='ltr' id='par_1_106' title="bbox 908 2202 1702 2239">
     <span class='ocr_line' id='line_1_107' title="bbox 908 2202 1702 2239; baseline 0.001 -9"><span class='ocrx_word' id='word_1_879' title='bbox 908 2214 920 2227; x_wconf 79' lang='grc' dir='ltr'><strong>α</strong></span> <span class='ocrx_word' id='word_1_880' title='bbox 942 2204 1071 2239; x_wconf 81' lang='lat' dir='ltr'><strong>Regnum</strong></span> <span class='ocrx_word' id='word_1_881' title='bbox 1083 2211 1177 2231; x_wconf 87' lang='lat' dir='ltr'><strong>meum</strong></span> <span class='ocrx_word' id='word_1_882' title='bbox 1190 2210 1247 2230; x_wconf 89' lang='lat' dir='ltr'><strong>non</strong></span> <span class='ocrx_word' id='word_1_883' title='bbox 1261 2206 1302 2230; x_wconf 88' lang='lat' dir='ltr'><strong>est</strong></span> <span class='ocrx_word' id='word_1_884' title='bbox 1311 2202 1345 2230; x_wconf 90' lang='lat' dir='ltr'><strong>de</strong></span> <span class='ocrx_word' id='word_1_885' title='bbox 1355 2202 1407 2230; x_wconf 87' lang='lat' dir='ltr'><strong>hoc</strong></span> <span class='ocrx_word' id='word_1_886' title='bbox 1418 2202 1531 2236; x_wconf 91' lang='lat' dir='ltr'><strong>mundo,</strong></span> <span class='ocrx_word' id='word_1_887' title='bbox 1546 2214 1558 2226; x_wconf 74' lang='grc' dir='ltr'><strong>υ</strong></span> <span class='ocrx_word' id='word_1_888' title='bbox 1573 2203 1630 2231; x_wconf 93' lang='lat' dir='ltr'><strong>duo</strong></span> <span class='ocrx_word' id='word_1_889' title='bbox 1643 2203 1702 2231; x_wconf 68' lang='lat' dir='ltr'><strong>haec</strong></span> 
     </span>
    </p>
   </div>
   <div class='ocr_carea' id='block_1_107' title="bbox 906 2246 1702 2284">
    <p class='ocr_par' dir='ltr' id='par_1_107' title="bbox 906 2246 1702 2284">
     <span class='ocr_line' id='line_1_108' title="bbox 906 2246 1702 2284; baseline 0.001 -9"><span class='ocrx_word' id='word_1_890' title='bbox 906 2247 1029 2284; x_wconf 86' lang='lat' dir='ltr'><strong>corrigit.</strong></span> <span class='ocrx_word' id='word_1_891' title='bbox 1058 2248 1181 2275; x_wconf 87' lang='lat' dir='ltr'><strong>Primum</strong></span> <span class='ocrx_word' id='word_1_892' title='bbox 1205 2248 1278 2275; x_wconf 88' lang='lat' dir='ltr'><strong>enim</strong></span> <span class='ocrx_word' id='word_1_893' title='bbox 1299 2246 1380 2274; x_wconf 87' lang='lat' dir='ltr'><strong>docet</strong></span> <span class='ocrx_word' id='word_1_894' title='bbox 1395 2247 1515 2274; x_wconf 86' lang='lat' dir='ltr'><strong>Pilatum</strong></span> <span class='ocrx_word' id='word_1_895' title='bbox 1538 2251 1568 2274; x_wconf 93' lang='lat' dir='ltr'><strong>ut</strong></span> <span class='ocrx_word' id='word_1_896' title='bbox 1591 2247 1659 2274; x_wconf 90' lang='lat' dir='ltr'><strong>sciat</strong></span> <span class='ocrx_word' id='word_1_897' title='bbox 1673 2256 1702 2276; x_wconf 89' lang='lat' dir='ltr'><strong>se</strong></span> 
     </span>
    </p>
   </div>
   <div class='ocr_carea' id='block_1_108' title="bbox 906 2290 1700 2328">
    <p class='ocr_par' dir='ltr' id='par_1_108' title="bbox 906 2290 1700 2328">
     <span class='ocr_line' id='line_1_109' title="bbox 906 2290 1700 2328; baseline -0.003 -8"><span class='ocrx_word' id='word_1_898' title='bbox 906 2300 963 2320; x_wconf 92' lang='lat' dir='ltr'><strong>non</strong></span> <span class='ocrx_word' id='word_1_899' title='bbox 977 2299 1035 2320; x_wconf 84' lang='lat' dir='ltr'><strong>esse</strong></span> <span class='ocrx_word' id='word_1_900' title='bbox 1050 2300 1149 2328; x_wconf 92' lang='lat' dir='ltr'><strong>purum</strong></span> <span class='ocrx_word' id='word_1_901' title='bbox 1173 2291 1329 2324; x_wconf 88' lang='lat' dir='ltr'><strong>hominem,</strong></span> <span class='ocrx_word' id='word_1_902' title='bbox 1354 2299 1445 2327; x_wconf 88' lang='lat' dir='ltr'><strong>neque</strong></span> <span class='ocrx_word' id='word_1_903' title='bbox 1461 2298 1494 2318; x_wconf 87' lang='lat' dir='ltr'><strong>ex</strong></span> <span class='ocrx_word' id='word_1_904' title='bbox 1520 2290 1561 2318; x_wconf 92' lang='lat' dir='ltr'><strong>his</strong></span> <span class='ocrx_word' id='word_1_905' title='bbox 1574 2292 1700 2326; x_wconf 87' lang='lat' dir='ltr'><strong>terrenis,</strong></span> 
     </span>
    </p>
   </div>
   <div class='ocr_carea' id='block_1_109' title="bbox 906 2335 1702 2372">
    <p class='ocr_par' dir='ltr' id='par_1_109' title="bbox 906 2335 1702 2372">
     <span class='ocr_line' id='line_1_110' title="bbox 906 2335 1702 2372; baseline 0 -7"><span class='ocrx_word' id='word_1_906' title='bbox 906 2338 953 2365; x_wconf 88' lang='lat' dir='ltr'><strong>sed</strong></span> <span class='ocrx_word' id='word_1_907' title='bbox 968 2340 1058 2366; x_wconf 89' lang='lat' dir='ltr'><strong>Deum</strong></span> <span class='ocrx_word' id='word_1_908' title='bbox 1075 2340 1102 2365; x_wconf 91' lang='lat' dir='ltr'><strong>et</strong></span> <span class='ocrx_word' id='word_1_909' title='bbox 1122 2337 1170 2364; x_wconf 91' lang='lat' dir='ltr'><strong>Dei</strong></span> <span class='ocrx_word' id='word_1_910' title='bbox 1180 2336 1289 2364; x_wconf 83' lang='lat' dir='ltr'><strong>Filium.</strong></span> <span class='ocrx_word' id='word_1_911' title='bbox 1308 2335 1409 2363; x_wconf 85' lang='lat' dir='ltr'><strong>Deinde</strong></span> <span class='ocrx_word' id='word_1_912' title='bbox 1422 2335 1501 2363; x_wconf 75' lang='lat' dir='ltr'><strong>solvit</strong></span> <span class='ocrx_word' id='word_1_913' title='bbox 1513 2336 1702 2372; x_wconf 86' lang='lat' dir='ltr'><strong>suspicionem</strong></span> 
     </span>
    </p>
   </div>
   <div class='ocr_carea' id='block_1_110' title="bbox 907 2381 1702 2418">
    <p class='ocr_par' dir='ltr' id='par_1_110' title="bbox 907 2381 1702 2418">
     <span class='ocr_line' id='line_1_111' title="bbox 907 2381 1702 2418; baseline 0.001 -9"><span class='ocrx_word' id='word_1_914' title='bbox 907 2382 1070 2418; x_wconf 86' lang='lat' dir='ltr'><strong>tyrannidis.</strong></span> <span class='ocrx_word' id='word_1_915' title='bbox 1088 2394 1099 2406; x_wconf 79' lang='grc' dir='ltr'><strong>ι</strong></span> <span class='ocrx_word' id='word_1_916' title='bbox 1114 2382 1178 2409; x_wconf 85' lang='lat' dir='ltr'><strong>Non</strong></span> <span class='ocrx_word' id='word_1_917' title='bbox 1197 2385 1239 2408; x_wconf 85' lang='lat' dir='ltr'><strong>est</strong></span> <span class='ocrx_word' id='word_1_918' title='bbox 1260 2381 1336 2408; x_wconf 89' lang='lat' dir='ltr'><strong>enim</strong></span> <span class='ocrx_word' id='word_1_919' title='bbox 1350 2387 1465 2416; x_wconf 88' lang='lat' dir='ltr'><strong>regnum</strong></span> <span class='ocrx_word' id='word_1_920' title='bbox 1485 2388 1578 2408; x_wconf 89' lang='lat' dir='ltr'><strong>meum</strong></span> <span class='ocrx_word' id='word_1_921' title='bbox 1591 2382 1626 2409; x_wconf 89' lang='lat' dir='ltr'><strong>de</strong></span> <span class='ocrx_word' id='word_1_922' title='bbox 1648 2381 1702 2410; x_wconf 89' lang='lat' dir='ltr'><strong>hoc</strong></span> 
     </span>
    </p>
   </div>
   <div class='ocr_carea' id='block_1_111' title="bbox 905 2425 1702 2461">
    <p class='ocr_par' dir='ltr' id='par_1_111' title="bbox 905 2425 1702 2461">
     <span class='ocr_line' id='line_1_112' title="bbox 905 2425 1702 2461; baseline 0 -7"><span class='ocrx_word' id='word_1_923' title='bbox 905 2427 1022 2461; x_wconf 87' lang='lat' dir='ltr'><strong>mundo,</strong></span> <span class='ocrx_word' id='word_1_924' title='bbox 1038 2438 1050 2451; x_wconf 73' lang='grc' dir='ltr'><strong>ιι</strong></span> <span class='ocrx_word' id='word_1_925' title='bbox 1064 2430 1091 2454; x_wconf 86' lang='lat' dir='ltr'><strong>et</strong></span> <span class='ocrx_word' id='word_1_926' title='bbox 1100 2426 1138 2454; x_wconf 89' lang='lat' dir='ltr'><strong>ita</strong></span> <span class='ocrx_word' id='word_1_927' title='bbox 1148 2434 1182 2453; x_wconf 88' lang='lat' dir='ltr'><strong>ne</strong></span> <span class='ocrx_word' id='word_1_928' title='bbox 1191 2426 1289 2453; x_wconf 84' lang='lat' dir='ltr'><strong>timeas</strong></span> <span class='ocrx_word' id='word_1_929' title='bbox 1297 2433 1342 2453; x_wconf 89' lang='lat' dir='ltr'><strong>me</strong></span> <span class='ocrx_word' id='word_1_930' title='bbox 1353 2429 1382 2452; x_wconf 94' lang='lat' dir='ltr'><strong>ut</strong></span> <span class='ocrx_word' id='word_1_931' title='bbox 1393 2429 1539 2460; x_wconf 88' lang='lat' dir='ltr'><strong>tyrannum</strong></span> <span class='ocrx_word' id='word_1_932' title='bbox 1552 2429 1579 2453; x_wconf 87' lang='lat' dir='ltr'><strong>et</strong></span> <span class='ocrx_word' id='word_1_933' title='bbox 1591 2425 1702 2454; x_wconf 88' lang='lat' dir='ltr'><strong>seditio-</strong></span> 
     </span>
    </p>
   </div>
   <div class='ocr_carea' id='block_1_112' title="bbox 906 2469 1700 2506">
    <p class='ocr_par' dir='ltr' id='par_1_112' title="bbox 906 2469 1700 2506">
     <span class='ocr_line' id='line_1_113' title="bbox 906 2469 1700 2506; baseline 0.001 -8"><span class='ocrx_word' id='word_1_934' title='bbox 906 2479 977 2499; x_wconf 89' lang='lat' dir='ltr'><strong>sum.</strong></span> <span class='ocrx_word' id='word_1_935' title='bbox 993 2483 1006 2496; x_wconf 79' lang='grc' dir='ltr'><strong>ι</strong></span> <span class='ocrx_word' id='word_1_936' title='bbox 1020 2473 1089 2500; x_wconf 87' lang='lat' dir='ltr'><strong>Nam</strong></span> <span class='ocrx_word' id='word_1_937' title='bbox 1104 2471 1125 2498; x_wconf 92' lang='lat' dir='ltr'><strong>si</strong></span> <span class='ocrx_word' id='word_1_938' title='bbox 1138 2474 1209 2498; x_wconf 85' lang='lat' dir='ltr'><strong>esset</strong></span> <span class='ocrx_word' id='word_1_939' title='bbox 1221 2478 1253 2498; x_wconf 91' lang='lat' dir='ltr'><strong>ex</strong></span> <span class='ocrx_word' id='word_1_940' title='bbox 1269 2470 1322 2498; x_wconf 90' lang='lat' dir='ltr'><strong>hoc</strong></span> <span class='ocrx_word' id='word_1_941' title='bbox 1336 2469 1441 2497; x_wconf 91' lang='lat' dir='ltr'><strong>mundo</strong></span> <span class='ocrx_word' id='word_1_942' title='bbox 1456 2477 1571 2506; x_wconf 83' lang='lat' dir='ltr'><strong>regnum</strong></span> <span class='ocrx_word' id='word_1_943' title='bbox 1595 2479 1700 2506; x_wconf 87' lang='lat' dir='ltr'><strong>meum,</strong></span> 
     </span>
    </p>
   </div>
   <div class='ocr_carea' id='block_1_113' title="bbox 905 2515 1701 2552">
    <p class='ocr_par' dir='ltr' id='par_1_113' title="bbox 905 2515 1701 2552">
     <span class='ocr_line' id='line_1_114' title="bbox 905 2515 1701 2552; baseline -0.001 -7"><span class='ocrx_word' id='word_1_944' title='bbox 905 2517 1024 2545; x_wconf 88' lang='lat' dir='ltr'><strong>ministri</strong></span> <span class='ocrx_word' id='word_1_945' title='bbox 1041 2516 1094 2544; x_wconf 89' lang='lat' dir='ltr'><strong>mei</strong></span> <span class='ocrx_word' id='word_1_946' title='bbox 1107 2519 1259 2544; x_wconf 79' lang='lat' dir='ltr'><strong>certassent</strong></span> <span class='ocrx_word' id='word_1_947' title='bbox 1275 2515 1381 2552; x_wconf 80' lang='lat' dir='ltr'><strong>utique,</strong></span> <span class='ocrx_word' id='word_1_948' title='bbox 1396 2519 1427 2542; x_wconf 92' lang='lat' dir='ltr'><strong>ut</strong></span> <span class='ocrx_word' id='word_1_949' title='bbox 1441 2523 1497 2543; x_wconf 90' lang='lat' dir='ltr'><strong>non</strong></span> <span class='ocrx_word' id='word_1_950' title='bbox 1512 2515 1636 2544; x_wconf 85' lang='lat' dir='ltr'><strong>traderer</strong></span> <span class='ocrx_word' id='word_1_951' title='bbox 1649 2517 1701 2544; x_wconf 92' lang='lat' dir='ltr'><strong>Ju-</strong></span> 
     </span>
    </p>
   </div>
   <div class='ocr_carea' id='block_1_114' title="bbox 905 2560 1702 2596">
    <p class='ocr_par' dir='ltr' id='par_1_114' title="bbox 905 2560 1702 2596">
     <span class='ocr_line' id='line_1_115' title="bbox 905 2560 1702 2596; baseline -0.004 -6"><span class='ocrx_word' id='word_1_952' title='bbox 905 2562 981 2590; x_wconf 64' lang='lat' dir='ltr'><strong>dmis.</strong></span> <span class='ocrx_word' id='word_1_953' title='bbox 996 2574 1008 2586; x_wconf 81' lang='grc' dir='ltr'><strong>ιι</strong></span> <span class='ocrx_word' id='word_1_954' title='bbox 1022 2563 1082 2589; x_wconf 86' lang='lat' dir='ltr'><strong>Hoc</strong></span> <span class='ocrx_word' id='word_1_955' title='bbox 1093 2564 1186 2588; x_wconf 88' lang='lat' dir='ltr'><strong>autem</strong></span> <span class='ocrx_word' id='word_1_956' title='bbox 1198 2560 1257 2588; x_wconf 91' lang='lat' dir='ltr'><strong>loco</strong></span> <span class='ocrx_word' id='word_1_957' title='bbox 1270 2560 1412 2596; x_wconf 69' lang='lat' dir='ltr'><strong>praesentis</strong></span> <span class='ocrx_word' id='word_1_958' title='bbox 1422 2560 1498 2596; x_wconf 86' lang='lat' dir='ltr'><strong>regni</strong></span> <span class='ocrx_word' id='word_1_959' title='bbox 1510 2560 1702 2588; x_wconf 83' lang='lat' dir='ltr'><strong>inﬁrmitatem</strong></span> 
     </span>
    </p>
   </div>
   <div class='ocr_carea' id='block_1_115' title="bbox 905 2604 1702 2641">
    <p class='ocr_par' dir='ltr' id='par_1_115' title="bbox 905 2604 1702 2641">
     <span class='ocr_line' id='line_1_116' title="bbox 905 2604 1702 2641; baseline -0.004 -8"><span class='ocrx_word' id='word_1_960' title='bbox 905 2605 1051 2641; x_wconf 84' lang='lat' dir='ltr'><strong>signiﬁcat,</strong></span> <span class='ocrx_word' id='word_1_961' title='bbox 1066 2613 1100 2633; x_wconf 86' lang='lat' dir='ltr'><strong>eo</strong></span> <span class='ocrx_word' id='word_1_962' title='bbox 1113 2604 1186 2641; x_wconf 91' lang='lat' dir='ltr'><strong>quod</strong></span> <span class='ocrx_word' id='word_1_963' title='bbox 1200 2612 1215 2632; x_wconf 90' lang='lat' dir='ltr'><strong>a</strong></span> <span class='ocrx_word' id='word_1_964' title='bbox 1236 2604 1369 2633; x_wconf 86' lang='lat' dir='ltr'><strong>ministris</strong></span> <span class='ocrx_word' id='word_1_965' title='bbox 1384 2604 1484 2633; x_wconf 86' lang='lat' dir='ltr'><strong>habeat</strong></span> <span class='ocrx_word' id='word_1_966' title='bbox 1496 2605 1589 2633; x_wconf 91' lang='lat' dir='ltr'><strong>robur.</strong></span> <span class='ocrx_word' id='word_1_967' title='bbox 1603 2605 1702 2639; x_wconf 88' lang='lat' dir='ltr'><strong>Super-</strong></span> 
     </span>
    </p>
   </div>
   <div class='ocr_carea' id='block_1_116' title="bbox 903 2647 1702 2685">
    <p class='ocr_par' dir='ltr' id='par_1_116' title="bbox 903 2647 1702 2685">
     <span class='ocr_line' id='line_1_117' title="bbox 903 2647 1702 2685; baseline -0.003 -7"><span class='ocrx_word' id='word_1_968' title='bbox 903 2658 971 2678; x_wconf 89' lang='lat' dir='ltr'><strong>num</strong></span> <span class='ocrx_word' id='word_1_969' title='bbox 981 2654 1073 2678; x_wconf 91' lang='lat' dir='ltr'><strong>autem</strong></span> <span class='ocrx_word' id='word_1_970' title='bbox 1080 2657 1127 2685; x_wconf 89' lang='lat' dir='ltr'><strong>per</strong></span> <span class='ocrx_word' id='word_1_971' title='bbox 1135 2657 1164 2677; x_wconf 90' lang='lat' dir='ltr'><strong>se</strong></span> <span class='ocrx_word' id='word_1_972' title='bbox 1173 2649 1312 2677; x_wconf 82' lang='lat' dir='ltr'><strong>sufﬁciens</strong></span> <span class='ocrx_word' id='word_1_973' title='bbox 1325 2653 1376 2683; x_wconf 87' lang='lat' dir='ltr'><strong>est,</strong></span> <span class='ocrx_word' id='word_1_974' title='bbox 1387 2650 1462 2677; x_wconf 92' lang='lat' dir='ltr'><strong>nullo</strong></span> <span class='ocrx_word' id='word_1_975' title='bbox 1474 2649 1606 2684; x_wconf 84' lang='lat' dir='ltr'><strong>indigens.</strong></span> <span class='ocrx_word' id='word_1_976' title='bbox 1615 2647 1702 2676; x_wconf 87' lang='lat' dir='ltr'><strong>Mani-</strong></span> 
     </span>
    </p>
   </div>
   <div class='ocr_carea' id='block_1_117' title="bbox 904 2692 1701 2728">
    <p class='ocr_par' dir='ltr' id='par_1_117' title="bbox 904 2692 1701 2728">
     <span class='ocr_line' id='line_1_118' title="bbox 904 2692 1701 2728; baseline -0.004 -7"><span class='ocrx_word' id='word_1_977' title='bbox 904 2693 973 2722; x_wconf 66' lang='lat' dir='ltr'><strong>chazi</strong></span> <span class='ocrx_word' id='word_1_978' title='bbox 985 2693 1050 2721; x_wconf 87' lang='lat' dir='ltr'><strong>hinc</strong></span> <span class='ocrx_word' id='word_1_979' title='bbox 1060 2697 1170 2728; x_wconf 88' lang='lat' dir='ltr'><strong>sumpta</strong></span> <span class='ocrx_word' id='word_1_980' title='bbox 1183 2700 1247 2720; x_wconf 86' lang='lat' dir='ltr'><strong>ansa</strong></span> <span class='ocrx_word' id='word_1_981' title='bbox 1256 2692 1351 2721; x_wconf 90' lang='lat' dir='ltr'><strong>dicunt</strong></span> <span class='ocrx_word' id='word_1_982' title='bbox 1363 2702 1369 2720; x_wconf 86' lang='lat'>:</span> <span class='ocrx_word' id='word_1_983' title='bbox 1382 2693 1500 2720; x_wconf 83' lang='lat' dir='ltr'><strong>Mundus</strong></span> <span class='ocrx_word' id='word_1_984' title='bbox 1510 2692 1554 2720; x_wconf 90' lang='lat' dir='ltr'><strong>hic</strong></span> <span class='ocrx_word' id='word_1_985' title='bbox 1568 2700 1624 2720; x_wconf 90' lang='lat' dir='ltr'><strong>non</strong></span> <span class='ocrx_word' id='word_1_986' title='bbox 1635 2695 1677 2719; x_wconf 87' lang='lat' dir='ltr'><strong>est</strong></span> <span class='ocrx_word' id='word_1_987' title='bbox 1685 2699 1701 2718; x_wconf 89' lang='lat' dir='ltr'><strong>a</strong></span> 
     </span>
    </p>
   </div>
   <div class='ocr_carea' id='block_1_118' title="bbox 904 2737 1701 2772">
    <p class='ocr_par' dir='ltr' id='par_1_118' title="bbox 904 2737 1701 2772">
     <span class='ocr_line' id='line_1_119' title="bbox 904 2737 1701 2772; baseline -0.005 -4"><span class='ocrx_word' id='word_1_988' title='bbox 904 2740 978 2768; x_wconf 90' lang='lat' dir='ltr'><strong>bono</strong></span> <span class='ocrx_word' id='word_1_989' title='bbox 984 2741 1042 2767; x_wconf 90' lang='lat' dir='ltr'><strong>Deo</strong></span> <span class='ocrx_word' id='word_1_990' title='bbox 1050 2746 1125 2766; x_wconf 86' lang='lat' dir='ltr'><strong>:nam</strong></span> <span class='ocrx_word' id='word_1_991' title='bbox 1132 2738 1374 2772; x_wconf 81' lang='lat' dir='ltr'><strong>FiliusDei,aiunt,</strong></span> <span class='ocrx_word' id='word_1_992' title='bbox 1384 2737 1461 2765; x_wconf 85' lang='lat' dir='ltr'><strong>dicit:</strong></span> <span class='ocrx_word' id='word_1_993' title='bbox 1468 2738 1531 2765; x_wconf 85' lang='lat' dir='ltr'><strong>Non</strong></span> <span class='ocrx_word' id='word_1_994' title='bbox 1539 2741 1580 2764; x_wconf 80' lang='lat' dir='ltr'><strong>est</strong></span> <span class='ocrx_word' id='word_1_995' title='bbox 1586 2743 1701 2772; x_wconf 85' lang='lat' dir='ltr'><strong>regnum</strong></span> 
     </span>
    </p>
   </div>
   <div class='ocr_carea' id='block_1_119' title="bbox 904 2780 1701 2817">
    <p class='ocr_par' dir='ltr' id='par_1_119' title="bbox 904 2780 1701 2817">
     <span class='ocr_line' id='line_1_120' title="bbox 904 2780 1701 2817; baseline -0.005 -5"><span class='ocrx_word' id='word_1_996' title='bbox 904 2792 999 2812; x_wconf 89' lang='lat' dir='ltr'><strong>meum</strong></span> <span class='ocrx_word' id='word_1_997' title='bbox 1014 2783 1089 2810; x_wconf 90' lang='lat' dir='ltr'><strong>hinc.</strong></span> <span class='ocrx_word' id='word_1_998' title='bbox 1105 2784 1254 2816; x_wconf 69' lang='lat' dir='ltr'><strong>Caeterum,</strong></span> <span class='ocrx_word' id='word_1_999' title='bbox 1273 2782 1380 2815; x_wconf 88' lang='lat' dir='ltr'><strong>ostulti,</strong></span> <span class='ocrx_word' id='word_1_1000' title='bbox 1402 2781 1496 2810; x_wconf 88' lang='lat' dir='ltr'><strong>discite</strong></span> <span class='ocrx_word' id='word_1_1001' title='bbox 1510 2780 1621 2817; x_wconf 86' lang='lat' dir='ltr'><strong>quidem</strong></span> <span class='ocrx_word' id='word_1_1002' title='bbox 1643 2781 1701 2816; x_wconf 92' lang='lat' dir='ltr'><strong>pri-</strong></span> 
     </span>
    </p>
   </div>
   <div class='ocr_carea' id='block_1_120' title="bbox 905 2826 1701 2864">
    <p class='ocr_par' dir='ltr' id='par_1_120' title="bbox 905 2826 1701 2864">
     <span class='ocr_line' id='line_1_121' title="bbox 905 2826 1701 2864; baseline -0.004 -8"><span class='ocrx_word' id='word_1_1003' title='bbox 905 2836 982 2856; x_wconf 91' lang='lat' dir='ltr'><strong>mum</strong></span> <span class='ocrx_word' id='word_1_1004' title='bbox 990 2827 1024 2857; x_wconf 90' lang='lat' dir='ltr'><strong>ab</strong></span> <span class='ocrx_word' id='word_1_1005' title='bbox 1035 2828 1094 2864; x_wconf 89' lang='lat' dir='ltr'><strong>ipsa</strong></span> <span class='ocrx_word' id='word_1_1006' title='bbox 1107 2827 1235 2856; x_wconf 84' lang='lat' dir='ltr'><strong>dictione.</strong></span> <span class='ocrx_word' id='word_1_1007' title='bbox 1245 2826 1401 2855; x_wconf 77' lang='lat' dir='ltr'><strong>Dixitenim</strong></span> <span class='ocrx_word' id='word_1_1008' title='bbox 1416 2835 1422 2854; x_wconf 95' lang='lat'>:</span> <span class='ocrx_word' id='word_1_1009' title='bbox 1435 2835 1451 2853; x_wconf 78' lang='grc' dir='ltr'>ί(</span> <span class='ocrx_word' id='word_1_1010' title='bbox 1461 2827 1589 2862; x_wconf 83' lang='lat' dir='ltr'><strong>Regnum</strong></span> <span class='ocrx_word' id='word_1_1011' title='bbox 1605 2832 1701 2854; x_wconf 88' lang='lat' dir='ltr'><strong>meum</strong></span> 
     </span>
    </p>
   </div>
  </div>
