1927 3076
219 160 269 187 259

726 152 982 182 THEOPHYLACTI
1000 151 1178 180 BULGARIIE
1197 152 1352 180 ARCHIEP.

1831 153 1874 179 260

217 229 274 250 non
289 224 330 249 est
338 228 372 249 ex
380 221 434 249 hoc
443 219 560 253 mundo,
572 230 585 244 ν»
595 222 623 247 et
632 225 742 246 rursum
761 229 773 241 α
789 218 850 245 Non
863 220 903 244 est
913 215 985 243 hinc.
1000 226 1010 239 η

1068 214 1138 248 δενὸς
1163 214 1284 254 δεομένη.
1307 215 1342 244 Οἱ
1366 214 1515 254 Μανιχαῖοι
1544 214 1572 244 δὲ
1596 215 1726 244 ἐντεῦθεν
1750 213 1876 245 λαϐόντες

217 268 279 294 Non
295 265 367 294 enim
378 265 448 294 dixit
462 265 535 301 quod
548 272 602 292 non
617 264 654 292 sit
664 263 693 291 in
711 262 925 298 mundo,neque
937 260 1014 297 quod

215 319 273 339 non
283 310 380 338 sithic.
393 311 462 338 Nam
472 317 589 345 regnum
598 308 710 345 quidem
722 307 780 343 ejus
788 307 863 335 estin
874 306 926 334 hoc
936 313 1014 333 mun-

215 354 251 382 do
261 353 332 382 etab
345 361 378 382 eo
395 353 508 389 regitur,
522 353 630 381 etsieut
641 352 698 388 ipse
711 353 778 386 vult,
790 351 881 380 omnia
894 351 1013 378 circum-

215 398 281 434 agit.
295 399 359 426 Non
382 401 424 425 est
443 400 537 426 autem
556 396 592 424 de
616 396 722 424 mundo
744 404 860 432 regnum
872 396 940 432 ejus,
965 394 1014 423 sed

215 450 366 479 supernum
389 446 417 470 et
434 445 497 470 ante
515 441 625 474 saecula,
653 445 681 470 et
695 449 750 468 non
766 440 841 474 hinc,
868 440 895 468 id
918 443 958 467 est
980 446 1013 466 ex

215 488 332 516 terrenis
346 487 540 520 constitutum,
569 487 615 514 sed
642 486 688 514 hic
710 486 822 522 quidem
846 485 963 521 imperat
986 488 1014 512 et

215 533 287 569 regit
303 541 311 560 :
325 540 382 561 non
405 536 500 560 autem
514 535 556 559 est
570 531 644 566 hinc,
665 539 754 567 neque
775 531 958 559 constitutum
979 536 1013 556 ex

217 577 269 606 illis
283 577 469 611 inferioribus,
485 585 573 612 neque
586 576 718 604 caducum
735 586 740 603 :
757 575 857 611 alioqui
872 573 1012 611 quomodo

216 622 414 657 intelligeretur
421 621 483 656 hoc,
494 633 506 646 ιι
520 623 552 649 In
563 621 674 658 propria
687 621 761 649 venit
771 621 820 655 99‘,
835 632 848 645 ν
860 620 881 648 si
894 619 1013 648 mundus

216 666 261 694 hic
271 674 326 694 non
336 670 407 694 esset
416 666 475 702 ejus
489 667 636 701 proprius?

1067 260 1202 300 ἀφορμῆς,
1229 260 1366 298 λέγουσιν,
1393 258 1432 288 ὅτι
1458 258 1586 297 ὃκόσμος
1611 254 1694 291 οὗτος
1737 257 1875 297 animum}

1067 305 1123 333 ἐστι
1138 307 1184 333 τοῦ
1200 305 1298 342 ἀγαθοῦ
1326 305 1408 334 Θεοῦ.
1424 303 1459 334 Ὁ
1474 304 1523 344 γὰρ
1539 303 1601 337 Υἱὸς
1617 306 1667 332 τοῦ
1687 304 1783 338 Θεοῦ,
1800 302 1877 342 φησι,

1067 348 1154 388 λέγει,
1179 348 1218 378 ὅτι
1239 363 1251 374 α
1273 349 1332 380 Οὖκ
1352 348 1423 378 ἔστιν
1444 351 1460 385 ἡ
1489 348 1612 388 βασιλεία
1634 356 1692 386 μόυ
1723 349 1877 377 ἐντεῦθεν.-

1067 392 1154 430 Ἇλλ’,
1175 387 1197 422 ὦ
1217 394 1340 430 ἀνόητοι,
1360 394 1457 432 μάθετε
1473 387 1540 432 μὲν,
1561 396 1668 432 πρῶτον
1691 392 1752 422 ἀπὸ
1767 394 1817 426 τῆς
1837 390 1876 420 λέ-

1067 437 1139 472 ξεως.
1155 433 1222 467 Εἶπε
1234 438 1299 477 γὰρ,
1311 437 1350 467 ὅτι
1363 452 1374 464 ι
1385 437 1421 468 Ἡ
1435 437 1558 478 βασιλεία
1573 450 1623 476 μου
1635 438 1689 467 οὐκ.
1704 437 1784 467 ἔστιν
1796 438 1827 465 ἐκ
1837 438 1877 465 τοῦ

1068 482 1168 520 κόσμου
1184 482 1277 512 τούτου
1289 494 1295 501 ·
1311 496 1323 509 ι
1338 483 1384 512 καὶ
1398 479 1484 519 αὖθις,
1505 496 1516 509 τι
1535 484 1594 514 Οὐκ
1615 482 1691 512 ἔστιν
1716 483 1851 511 ἐντεῦθεν.
1869 494 1878 506 ι

1068 528 1108 558 Οὖ
1123 527 1174 568 γὰρ
1195 522 1267 557 εἶπεν
1279 539 1286 546 ·
1311 529 1370 558 Οὐκ
1391 527 1461 557 ἔστιν
1477 529 1504 558 ἐν
1522 530 1559 567 τῷ
1577 528 1675 568 κόσμῳ
1692 549 1702 564 ,
1725 526 1792 555 οὐδέ
1816 527 1878 555 ἐστιν

1068 573 1191 602 ἐνταῦθα.
1206 573 1347 602 Βασιλεύει
1360 572 1406 611 μὲν
1423 572 1474 611 γὰρ
1494 574 1520 601 ἐν
1541 573 1579 612 τῷ
1600 571 1701 612 κόσμῳ
1715 594 1724 608 ,
1746 571 1794 600 καὶ
1818 582 1879 610 προ-

1067 621 1164 646 νοεῖται
1179 615 1272 646 τούτου
1284 639 1292 654 ,
1308 617 1353 646 καὶ
1369 618 1404 650 ὥς
1420 618 1562 657 βούλεται,
1578 616 1707 656 περιάγει
1725 616 1764 645 τὰ
1779 615 1875 645 πάντα.

1067 663 1126 691 Οὐκ
1141 661 1196 691 ἔστι
1219 662 1245 691 δὲ
1265 663 1295 691 ἐκ
1316 665 1362 692 τοῦ
1380 662 1480 700 κόσμου
1501 665 1516 698 ἡ
1540 661 1664 701 βασιλεία
1687 661 1800 697 αὐτοῦ,
1823 661 1877 689 ἀλλ’

217 706 315 736 ἄνωθεν
341 705 387 736 καὶ
411 706 586 746 προαιώνιος·
613 706 658 735 καὶ
682 706 729 746 οὐκ
766 707 905 742 ἐντεῦθεν,
941 705 1058 736 κάτωθεν
1093 705 1180 744 λέγω,
1217 711 1358 736 συστᾶσα’
1389 707 1448 736 ἀλλ’
1475 707 1587 736 ἐνταῦθα
1626 706 1676 743 μὲν
1719 708 1876 745 κρατοῦσα,

217 751 261 781 καὶ
280 752 413 781 διοικοῦσα
426 763 432 769 ·
453 751 500 781 οὐκ
519 752 634 780 ἐντεῦθεν
655 750 682 780 δὲ
701 745 780 787 οὖσα,
807 750 865 780 οὐδὲ
886 750 934 785 τὴν
955 751 1078 780 σύστασιν
1099 751 1217 780 κάτωθεν
1241 754 1363 791 σχοῦσα,
1383 751 1442 780 οὐδὲ
1463 751 1587 791 ἐπίκηρος
1606 746 1687 780 οδσα.

1757 748 1874 780 Ἐπειτα

216 797 273 830 πῶς
290 796 395 832 νοηθείη
413 796 460 832 τὸ,
481 809 492 822 α
513 796 560 829 Εἷς
578 795 612 825 τὰ
632 795 687 825 ἴδια
706 791 784 831 ἦλθεν
796 818 805 832 ,
825 809 837 822 ››
853 796 876 824 εἷ
894 794 932 833 μὴ
947 791 979 830 ἦν
999 797 1011 824 ὁ
1026 795 1123 834 κόσμος
1139 795 1202 829 ἴδιος
1217 797 1315 833 αὐτοῦ,

251 846 339 873 Vans.
355 847 450 872 37-40.
470 856 482 869 ι
496 845 573 872 Dixit
587 845 681 881 itaque
694 845 719 873 ei
741 845 842 872 Pilatus
860 846 951 880 :Ergo
967 852 1012 872 rex

217 898 246 917 es
260 893 306 918 tu?
320 889 472 926 Respondit
485 890 564 917 Jesus
584 899 590 918 :
619 891 661 917 Tu
683 889 759 923 dicis,
785 889 858 925 quod
879 897 925 917 rex
948 897 1010 917 sum

216 942 277 971 ego.
305 936 364 970 Ego
379 937 406 962 in
429 935 482 962 hoc
509 939 590 962 natus
624 942 695 966 sum,
721 939 748 962 et
771 935 806 962 ad
829 934 882 962 hoc
907 934 966 962 veni
982 935 1011 962 in

217 979 364 1014 mundum,
391 983 421 1007 ut
447 979 637 1007 testimonium
661 978 747 1007 feram
776 979 893 1007 veritati.
913 979 1011 1007 Omnis

216 1024 316 1060 quiest
339 1032 373 1052 ex
390 1024 513 1058 veritate,
546 1024 624 1052 audit
648 1031 744 1051 vocem
771 1031 873 1052 meam.
895 1024 971 1051 Dicit
984 1024 1010 1051 ei

216 1069 316 1098 Pilatus
340 1078 348 1097 :
374 1069 444 1105 Quid
459 1073 502 1097 est
524 1069 637 1097 veritas?
663 1070 697 1096 Et
719 1077 783 1097 cum
809 1068 862 1096 hoc
886 1069 1009 1101 dixisset,

216 1113 317 1140 iterum
332 1112 433 1148 prodiit
447 1112 481 1140 ad
496 1112 621 1146 Jndznos,
636 1116 664 1140 et
675 1112 742 1140 dicit
759 1112 798 1139 eis
815 1123 820 1140 :
836 1114 894 1148 Ego
907 1111 1011 1139 nullam

217 1155 327 1184 invenio
342 1156 369 1183 in
382 1163 414 1184 eo
429 1164 551 1184 causam.
569 1157 616 1183 Est
626 1160 721 1184 autem
736 1155 908 1183 consuetudo
921 1155 1008 1189 vobis,

216 1203 247 1227 ut
272 1207 359 1227 unum
379 1199 519 1227 dimittam
533 1199 609 1227 vobis
624 1200 652 1227 in
666 1199 782 1227 Pascha.
807 1198 930 1227 Vultisne
946 1205 1010 1234 ergo

216 1243 353 1272 dimittam
376 1244 455 1272 vobis
475 1244 549 1272 illum
573 1252 667 1280 regem
692 1244 872 1272 Iudaeorum?
905 1255 916 1267 ιι
941 1244 1011 1271 Cum

215 1289 316 1316 Pilatus
336 1288 529 1325 interrogasset
555 1289 707 1316 Dominum
740 1296 807 1316 num
831 1296 878 1315 rex
904 1291 975 1315 esset
1002 1296 1010 1316 :

218 1344 231 1358 ι
245 1335 313 1369 Ego,
328 1333 424 1369 inquit,
440 1334 469 1360 in
491 1333 544 1361 hoc
558 1337 638 1361 natus
653 1341 726 1367 sum,
742 1345 754 1357 ν
778 1333 831 1360 hoc
845 1336 898 1366 est,
913 1337 944 1360 ut
963 1340 1010 1360 rex

215 1378 278 1406 sim.
294 1379 398 1406 Natura
419 1378 492 1405 enim
507 1378 558 1406 hoc
574 1378 673 1411 habeo,
688 1382 715 1406 et
736 1385 770 1405 ex
784 1385 816 1405 eo
831 1376 906 1413 quod
929 1381 1011 1404 natus

215 1432 278 1452 sum
291 1423 325 1451 de
340 1424 420 1450 Patre
443 1431 450 1450 :
477 1431 542 1450 nam
558 1423 629 1450 istud
654 1423 746 1458 ipsum
769 1421 805 1449 de
827 1429 890 1457 rege
913 1425 1011 1449 natum

215 1477 284 1502 esse,
303 1475 397 1503 regem
420 1475 464 1495 me
497 1475 555 1494 esse
577 1471 701 1494 testatur.
724 1468 758 1494 Et
783 1466 819 1493 ita
847 1473 911 1493 cum
932 1465 1011 1493 audis

215 1512 290 1549 quod
304 1523 316 1536 ι
334 1512 418 1538 vitam
433 1513 513 1539 Pater
528 1510 633 1538 dederit
647 1510 723 1544 Filio,
741 1514 768 1538 et
774 1510 909 1546 judicium
920 1510 941 1544 ³,
957 1521 968 1534 ›ι
983 1513 1011 1538 et

214 1557 265 1584 alia
278 1556 383 1589 omnia,
399 1555 436 1583 ita
450 1555 571 1591 intellige
591 1554 656 1582 illud
677 1566 690 1579 α
714 1555 829 1588 dederit,
858 1566 871 1579 ι
889 1563 940 1590 pro
964 1563 1009 1591 ge-

215 1599 306 1627 nuerit
327 1598 477 1634 ipsum,ita
492 1602 523 1626 ut
545 1597 642 1626 habeat
667 1598 752 1625 vitam
773 1603 801 1626 et
819 1598 968 1634 judicium,
985 1602 1012 1626 et

217 1642 301 1679 744
316 1642 472 1670 naturaliter
487 1643 546 1671 haec
566 1643 659 1670 omnia
674 1643 760 1670 Filius
776 1650 792 1670 ιι
806 1643 887 1670 Patre
903 1642 1010 1670 habeat.

215 1689 251 1716 Et
260 1691 405 1723 propterea
421 1688 481 1716 veni
492 1688 520 1715 in
532 1687 681 1722 mundum,
695 1692 726 1715 ut
736 1687 806 1716 istud
818 1688 907 1723 ipsum
920 1687 1011 1715 dicam

216 1739 243 1763 et
270 1735 394 1768 doceam,
421 1733 656 1769 persuadeamque
690 1733 849 1761 hominibus
881 1733 1011 1761 omnibus

215 1780 288 1816 quod
313 1782 373 1809 Rex
396 1780 449 1807 sim
464 1787 494 1806 ac
512 1777 654 1806 Dominus.
679 1778 831 1806 Conciliare
851 1783 945 1806 autem
964 1787 1011 1814 per

215 1824 268 1852 hoc
289 1825 381 1853 volens
407 1824 535 1858 Pilatum,
558 1826 585 1850 et
611 1822 774 1858 persuadere
794 1827 825 1851 ut
856 1823 929 1851 dicta
947 1830 1010 1850 sus-

215 1869 308 1906 cipiat,
326 1870 433 1906 inquit:
452 1880 465 1893 ι
489 1869 588 1897 Omnis
614 1868 659 1904 qui
674 1872 716 1896 est
739 1876 772 1895 ex
788 1868 912 1902 veritate,
933 1867 1010 1896 audit

214 1922 311 1943 vocem
325 1923 428 1943 meam.
446 1926 459 1939 »
473 1915 514 1941 Ita
534 1918 561 1942 et
576 1918 617 1948 tu,
633 1921 649 1941 ο
664 1914 759 1948 Pilate,
773 1913 795 1940 si
811 1913 923 1948 quidem
937 1914 1008 1942 veri-

214 1959 276 1987 tatis
299 1967 328 1987 es
363 1959 446 1993 ﬁlius,
469 1966 584 1993 eamque
615 1957 766 1992 desideras,
799 1956 892 1984 audies
913 1964 1009 1985 vocem

213 2011 316 2037 meam,
336 2003 488 2039 credesque
504 2010 548 2030 me
558 2009 651 2037 regem
666 2009 735 2034 eSSe,
756 2009 812 2028 non
823 2000 905 2028 talem
918 2002 1010 2036 quales

213 2051 278 2075 sunt
297 2047 439 2081 mundani,
462 2054 512 2073 nec
525 2046 690 2081 acquisitum
713 2045 861 2072 habentem
881 2051 1008 2080 regnum,

213 2091 262 2119 sed
277 2092 414 2125 naturale,
427 2095 455 2118 et
469 2099 484 2118 a
496 2091 637 2118 nativitate
650 2090 708 2125 ipsa
720 2098 735 2117 a
749 2092 807 2117 Deo
820 2094 848 2117 et
867 2097 929 2126 rege
941 2090 1009 2118 illud

213 2135 421 2171 suscipientem.
432 2135 657 2170 Perstringuntur
668 2139 762 2162 autem
781 2134 833 2162 hoc
849 2134 910 2163 loco
925 2135 1009 2163 etiam

212 2180 312 2214 Judaei,
334 2180 406 2216 quod
426 2188 482 2208 non
494 2180 549 2208 sint
561 2187 592 2208 ex
605 2180 729 2213 veritate,
758 2179 822 2216 quia
837 2188 933 2208 vocem
950 2180 1009 2216 ejus

213 2225 307 2253 audire
321 2225 428 2254 nolunt.
447 2227 560 2253 Etcum
579 2233 637 2253 non
651 2225 705 2252 siut
718 2233 751 2253 ex
785 2225 909 2259 veritate,
930 2233 1007 2253 men-

212 2271 290 2300 dacia
306 2271 401 2307 utique
424 2274 521 2299 contra
547 2271 636 2306 ipsum
660 2270 810 2304 ﬁnxerunt,
833 2274 862 2298 et
875 2278 933 2298 non
947 2279 1008 2298 vere

212 2316 312 2344 mortis
326 2323 390 2343 reus
400 2320 450 2344 est.
467 2315 512 2344 sic
539 2315 624 2352 igitur
638 2315 732 2351 paucis
745 2315 798 2343 illis
821 2315 911 2344 verbis
933 2316 1009 2344 Pila—

212 2365 273 2389 tum
294 2361 394 2396 rapuit,
412 2365 494 2397 atque
516 2360 564 2395 ita,
589 2365 620 2388 ut
633 2361 666 2389 de
698 2360 812 2389 veritate
836 2360 1011 2395 interrogarit

215 2418 228 2431 ιι
244 2406 317 2441 Quid
329 2405 381 2434 sit?
391 2417 403 2430 ιι
413 2407 511 2435 Ferme
523 2406 596 2434 enim
608 2406 679 2434 inter
688 2405 814 2434 homines
827 2405 929 2433 abolita
939 2409 1008 2439 erat,

212 2455 240 2479 et
252 2450 432 2487 ignorabatur
443 2451 477 2479 ab
492 2451 656 2480 omnibusin
668 2450 826 2479 inﬁdelitate
844 2450 933 2478 adhuc
947 2458 1009 2485 per-

212 2495 396 2524 manentibus.
413 2496 482 2531 Quia
498 2500 592 2524 autem
607 2501 731 2532 tempore
748 2495 858 2531 quidem
870 2495 1010 2531 indigebat

212 2541 324 2578 proprio
339 2541 455 2577 quaestio
474 2541 544 2574 limo,
557 2546 583 2568 et
603 2541 719 2577 urgebat
730 2544 761 2568 ut
777 2540 895 2575 eriperet
912 2541 1007 2568 Jesum

211 2594 227 2614 a
246 2586 407 2614 Judworum
425 2585 530 2620 furore,
546 2586 646 2614 idcirco
674 2585 812 2621 egreditur
836 2585 872 2613 ad
894 2593 952 2619 eos,
981 2589 1008 2613 et

211 2633 279 2662 dicit
295 2643 301 2661 ε
318 2645 331 2659 ιι
347 2635 405 2670 Ego
417 2633 521 2661 nullam
535 2641 644 2660 causam
659 2633 766 2661 invenio
785 2633 812 2660 in
831 2640 875 2660 eo.
892 2644 904 2657 ιι
926 2634 960 2660 Et
980 2632 1008 2660 id

212 2686 320 2715 quoque
338 2678 485 2715 sapienter.
504 2679 566 2706 Non
580 2678 653 2706 enim
669 2678 735 2706 dixit
749 2688 755 2705 :
767 2678 896 2714 Quamvis
911 2685 1008 2714 pecca-

212 2724 294 2758 verit,
310 2727 338 2752 et
351 2723 451 2760 dignus
467 2723 503 2752 sit
524 2727 624 2757 morte,
648 2727 772 2752 attamen
787 2723 849 2752 festi
866 2721 1007 2759 privilegio

248 2808 282 2826 "‘
295 2809 375 2838 Joan.
390 2817 412 2843 ι,
431 2811 472 2838 il.
512 2809 612 2838 ‘Joan.
629 2817 662 2844 ν,
675 2811 721 2838 26.

1027 871 1050 902 B

1108 854 1120 866 κ
1148 838 1230 871 Εἶπεν
1253 843 1298 870 οὖν
1323 841 1394 880 αὖτῷ
1413 842 1427 869 ὁ
1449 841 1587 875 Πιλάτος·
1614 841 1728 870 Οὐκοῦν
1753 838 1874 879 βασιλεὺς

1067 886 1089 914 εἰ
1103 885 1154 921 σός
1178 885 1319 924 Ἀπεκρίθη
1347 884 1465 920 Ἰησοῦς·
1496 884 1535 915 Σὺ
1555 884 1654 924 λέγεις,
1680 884 1727 914 ὅτι
1755 883 1875 923 βασιλεύς

1066 930 1120 968 εἶμι
1137 929 1206 968 ἐγώ·
1232 929 1284 968 ἐγὼ
1308 930 1343 963 εἷς
1364 932 1442 959 τοῦτο
1465 929 1643 968 γεγέννημαι,
1666 928 1719 958 καὶ
1744 930 1783 962 εἰς
1802 930 1873 957 τοῦτο

1066 975 1180 1010 ἐλήλυθα
1204 975 1239 1008 εἷς
1253 975 1297 1004 τὸν
1324 974 1443 1012 κόσμον,
1472 974 1516 1003 ἵνα
1548 974 1719 1014 μαρτυρήσω
1746 976 1782 1013 τῇ
1813 974 1873 1008 ἀλη-

1066 1019 1130 1059 θείᾳ.
1158 1021 1214 1053 Πᾶς
1229 1020 1243 1048 ὁ
1265 1018 1301 1048 ὢν
1328 1020 1358 1048 ἐκ
1384 1021 1430 1055 τῆς
1452 1019 1594 1056 ἀληθείας,
1620 1019 1718 1048 ἀκούει
1751 1030 1805 1056 μου
1829 1019 1872 1052 fit

1065 1066 1161 1103 φωνῆς.
1176 1063 1255 1102 Λέγει
1270 1065 1341 1104 αὐτῷ
1352 1066 1365 1093 ὃ
1378 1063 1494 1096 Πιλάτος
1505 1075 1511 1082 ·
1525 1063 1560 1094 Τί
1574 1065 1644 1092 ἐστιν
1659 1063 1781 1098 ἀλήθεια
1796 1077 1803 1096 ς
1823 1061 1872 1092 Καὶ

1065 1111 1142 1138 τοῦτο
1155 1108 1235 1137 εἰπὼν
1247 1131 1256 1146 ,
1278 1108 1358 1137 πάλιν
1379 1108 1470 1144 ἐξῆλθε
1490 1108 1555 1148 πρὸς
1573 1108 1633 1142 τοὺς
1657 1107 1814 1140 Ἰουδαίους
1828 1105 1871 1135 καὶ

1065 1153 1137 1192 λέγει
1155 1154 1241 1186 αὐτοῖς
1255 1164 1261 1171 ·
1275 1153 1349 1192 Ἐγὼ
1364 1154 1488 1191 οὐδεμίαν
1503 1153 1590 1182 αἰτίαν
1606 1153 1726 1192 εὑρίσκω
1745 1154 1773 1181 ἐν
1790 1153 1868 1190 αὐτῷ.

1065 1196 1146 1228 Ἔστι
1161 1196 1188 1226 δὲ
1204 1198 1326 1233 συνήθεια
1342 1199 1402 1235 ὑμῖν
1415 1220 1423 1234 ,
1440 1197 1484 1227 ἵνα
1501 1198 1546 1227 ἕνα
1562 1198 1622 1235 ὑμῖν
1638 1197 1777 1227 ἀπολύσω
1795 1197 1821 1225 ἔν
1836 1197 1870 1236 τῷ

1105 1241 1110 1252 ν
1239 1242 1257 1252 μ
1352 1238 1368 1255 τ
1398 1244 1406 1254 ς
1431 1243 1444 1250 ~
1479 1243 1487 1254 ν
1550 1242 1557 1252 r
1631 1242 1637 1251 \
1776 1242 1784 1251 ι
1839 1243 1855 1249 ~

1067 1243 1179 1282 Πασχα.
1195 1243 1325 1271 Bon/.500:
1338 1254 1382 1272 ουν
1397 1255 1457 1281 υμιν
1473 1243 1600 1272 απολυσω
1613 1254 1658 1272 τον
1678 1244 1802 1282 βασιλεα
1822 1252 1870 1270 των

1066 1287 1221 1324 Ἰουδαίων;
1235 1300 1245 1312 ιι
1259 1289 1318 1317 Τοῦ
1331 1288 1449 1317 Πιλάτου
1463 1287 1644 1328 ἐρωτήσαντος
1655 1288 1701 1317 τὸν
1718 1287 1821 1327 Κύριον
1830 1309 1837 1322 ,
1849 1286 1868 1314 εἰ

1067 1332 1188 1371 βασιλεύς
1211 1333 1298 1361 ἐστιν’
1318 1346 1330 1358 ιι
1351 1332 1444 1370 Ἐγὼ,
1464 1332 1543 1372 φησὶν
1557 1355 1565 1368 ,
1585 1334 1619 1365 εἷς
1640 1336 1722 1362 τοῦτο
1742 1333 1867 1371 γεγέννη-

1066 1388 1132 1414 μαι,
1148 1390 1161 1402 ι
1179 1377 1327 1414 τουτέστιν,
1347 1378 1383 1410 εἷς
1403 1376 1433 1406 τὸ
1451 1377 1574 1416 βασιλεὺς
1596 1372 1674 1407 εἶναι.
1700 1377 1796 1407 Φύσει
1818 1374 1865 1414 γὰρ

1066 1421 1119 1460 ἔχω
1131 1423 1227 1458 τοῦτο,
1249 1422 1294 1450 καὶ
1319 1421 1364 1451 ἀπ’
1391 1423 1530 1451 αὐτοῦτοῦ
1559 1424 1722 1461 γεννηθῆναι
1749 1423 1780 1450 ἐκ
1812 1421 1868 1450 Πα-

1065 1465 1133 1504 τρός.
1159 1466 1232 1495 Αὐτὸ
1255 1465 1307 1505 γὰρ
1333 1468 1410 1495 τοῦτο
1429 1466 1458 1495 τὸ
1479 1467 1509 1496 ἐκ
1534 1467 1664 1505 βασιλέως
1685 1468 1867 1505 γεννηθῆναι,

1067 1509 1178 1549 βασιλέα
1196 1506 1263 1539 εἷναί
1278 1522 1311 1549 με
1333 1512 1471 1550 μαρτυρεῖ.
1491 1510 1576 1540 σΩστε
1596 1511 1642 1540 καὶ
1663 1509 1730 1540 ὅταν
1753 1509 1865 1548 ἀκούῃς,

1067 1555 1106 1584 ὅτι
1120 1554 1189 1589 ζωὴν
1212 1555 1294 1584 ἔδωκε
1317 1557 1355 1595 τῷ
1380 1556 1437 1595 Υἱῷ
1461 1557 1475 1585 ὃ
1499 1555 1613 1594 Πατὴρ,
1638 1556 1685 1585 καὶ
1712 1555 1802 1595 κρίσιν
1826 1553 1868 1582 καὶ

1067 1599 1152 1628 τᾶλλα
1171 1599 1272 1636 πάντα,
1292 1599 1361 1629 οὕτω
1377 1599 1430 1630 νόει
1442 1599 1472 1629 τό
1484 1611 1491 1618 ·
1517 1613 1530 1626 σι
1547 1600 1658 1638 ἔδωκεν,
1681 1614 1694 1627 ι»
1723 1601 1784 1629 ἀντὶ
1805 1601 1847 1628 τοῦ
1859 1620 1866 1633 ,

1067 1645 1205 1682 ἐγέννησεν
1227 1645 1321 1682 αὐτὸν,
1338 1644 1406 1674 ὥστε
1427 1645 1498 1684 ἔχειν
1519 1645 1601 1682 ζωὴν,
1620 1645 1666 1675 καὶ
1687 1645 1808 1686 κρίνειν,
1825 1642 1865 1672 καὶ

1067 1690 1182 1729 φυσικῶς
1201 1693 1285 1718 ταῦτα
1302 1689 1390 1719 πάντα
1410 1690 1536 1729 πρόσεστι
1556 1692 1594 1729 τῷ
1613 1691 1671 1730 Υῖῷ
1690 1692 1721 1720 ἐκ
1746 1688 1862 1727 Πατρός.

1068 1735 1123 1764 Καὶ
1148 1733 1192 1763 διὰ
1215 1736 1291 1763 τοῦτο
1319 1735 1432 1769 ἐλήλυθα
1456 1737 1491 1768 εἷς
1515 1735 1559 1764 τὸν
1586 1735 1697 1774 κόσμον,
1719 1735 1766 1764 ἵνα
1791 1735 1864 1762 τοῦτο

1066 1779 1130 1808 αὐτὸ
1142 1778 1226 1815 εἴπω,
1245 1779 1290 1808 καὶ
1310 1779 1419 1816 διδάξω,
1437 1779 1483 1808 καὶ
1502 1780 1590 1808 πείσω
1602 1779 1723 1815 πάντας,
1746 1778 1786 1808 ὅτι
1809 1779 1862 1807 Βα-

1067 1824 1168 1861 σιλεὺς,
1191 1824 1236 1853 καὶ
1261 1823 1417 1861 Δεσπότης,
1445 1823 1490 1852 καὶ
1516 1824 1612 1864 Κύριός
1636 1826 1702 1862 εἶμι.
1728 1821 1864 1854 Ἐπισπά-

1066 1871 1161 1897 σασθαι
1185 1868 1212 1898 δὲ
1230 1867 1312 1897 θέλων
1331 1868 1377 1897 καὶ
1400 1867 1443 1897 διὰ
1466 1868 1567 1898 τούτων
1586 1869 1630 1898 τὸν
1655 1869 1777 1898 Πιλάτον
1792 1890 1801 1903 ,
1821 1864 1862 1895 καὶ

1063 1913 1176 1949 πεῖσαι,
1209 1912 1279 1941 ὥστε
1313 1913 1511 1952 παραδέξασθαι
1543 1912 1577 1942 τὰ
1611 1913 1746 1953 λεγόμενα
1779 1910 1861 1952 φησί’

1066 1968 1080 1986 α
1099 1959 1157 1990 Πᾶς
1172 1959 1186 1986 ὁ
1203 1956 1238 1985 ὢν
1252 1957 1282 1986 ἐκ
1296 1959 1342 2002 τῆς
1355 1958 1479 1993 ἀληθείας
1493 1957 1585 1987 ἀκούει
1602 1969 1652 1996 μου
1668 1960 1715 1994 τῆς
1735 1958 1860 2002 φωνῆς.)

1064 2001 1148 2031 Ὥστε
1165 2001 1211 2031 καὶ
1226 2002 1275 2037 σὺ,
1296 1995 1317 2030 ὦ
1336 2003 1455 2041 Πιλάτε,
1476 2002 1549 2042 εἴπερ
1569 2003 1695 2039 ἀληθείας
1714 2003 1806 2032 τέκνον
1825 1994 1859 2035 εἶ,

1064 2047 1110 2075 καὶ
1135 2049 1222 2079 ποθεῖς
1243 2046 1362 2088 ταύτην,
1389 2046 1510 2081 ἀκούσεις
1534 2059 1584 2086 μου
1610 2050 1657 2083 τῆς
1683 2048 1795 2088 φωνῆς,
1817 2043 1859 2074 καὶ

1064 2091 1214 2124 πιστεύσεις
1233 2103 1266 2130 με
1283 2086 1350 2121 εἶναι
1371 2092 1484 2131 βασιλέα
1504 2093 1531 2121 οὗ
1548 2095 1664 2122 τοιοῦτον
1677 2114 1684 2128 ,
1706 2088 1757 2121 οἶοι
1775 2092 1798 2119 οἱ
1816 2090 1858 2118 τοῦ

1065 2136 1181 2174 κόσμου,
1195 2136 1336 2173 ἐπίκτητον
1350 2136 1447 2176 ἔχοντα
1460 2137 1507 2173 τὴν
1524 2136 1608 2178 ἀρχὴν
1618 2160 1625 2173 ,
1641 2138 1709 2167 ἀλλὰ
1724 2134 1836 2178 φυσικὴν
1848 2155 1856 2169 ,

1064 2181 1108 2211 καὶ
1125 2183 1173 2210 ἀπ’
1193 2183 1273 2211 αὐτοῦ
1293 2185 1338 2211 τοῦ
1355 2185 1511 2220 γεννηθῆναι
1531 2184 1560 2212 ἐκ
1579 2185 1649 2213 Θεοῦ
1666 2182 1711 2211 καὶ
1732 2179 1859 2222 βασιλέως

1063 2226 1213 2266 προσοῦσάν
1231 2238 1285 2264 μοι·
1303 2226 1455 2256 Αἰνίττεται
1474 2227 1501 2255 δὲ
1520 2228 1632 2256 ἐνταῦθα
1653 2227 1698 2257 καὶ
1713 2226 1774 2259 τοὺς
1794 2225 1858 2254 Ἰου-

1063 2271 1150 2304 δαίους
1166 2271 1203 2309 μὴ
1238 2270 1314 2304 ὄντας
1334 2272 1364 2300 ἐκ
1379 2273 1427 2307 τῆς
1448 2271 1588 2310 ἀληθείας,
1610 2272 1667 2301 ἐπεὶ
1690 2273 1738 2301 οὐκ
1758 2268 1857 2300 ἀκούειν

1064 2315 1164 2345 θέλουσι
1180 2317 1227 2351 τῆς
1242 2318 1330 2355 φωνῆς
1350 2317 1441 2346 αὐτοῦ.
1467 2316 1515 2351 Μὴ
1536 2316 1607 2350 ὄντες
1627 2316 1654 2345 δὲ
1675 2317 1705 2346 ἐκ
1725 2317 1773 2351 τῆς
1797 2314 1858 2347 ἀλη-

1064 2360 1152 2397 θείας,
1181 2361 1264 2400 ψευδῆ
1289 2360 1396 2394 πάντως
1422 2360 1468 2390 καὶ
1495 2362 1553 2389 κατ’
1579 2362 1656 2390 αὐτοῦ
1682 2361 1856 2392 πλάττονται,

1062 2405 1106 2434 καὶ
1132 2406 1178 2434 οὐκ
1202 2407 1306 2442 ἀληθῶς
1333 2405 1421 2445 ἔνοχός
1446 2407 1506 2435 ἐστι
1532 2405 1655 2436 θανάτου.
1683 2405 1764 2436 Οὕτω
1798 2403 1856 2441 γοῦν

1061 2445 1115 2479 εἷλε
1132 2455 1186 2484 τοῖς
1201 2451 1313 2490 βραχέσι
1331 2451 1432 2483 τούτοις
1454 2450 1554 2490 ῥήμασι
1573 2450 1616 2480 τὸν
1635 2451 1752 2480 Πιλάτον
1767 2472 1774 2486 ,
1790 2446 1854 2476 ὥστε

1062 2494 1124 2533 περὶ
1144 2495 1267 2530 ἀληθείας
1285 2496 1417 2534 ἐρωτῆσαι
1438 2496 1483 2524 τὸν
1505 2495 1638 2534 Πιλάτον,
1663 2509 1676 2522 ιι
1692 2495 1728 2525 Τί
1749 2495 1825 2527 ἔστη
1841 2503 1852 2515 ³

1062 2540 1162 2579 Σχεδὸν
1188 2540 1238 2579 γὰρ
1265 2539 1291 2573 ἐξ
1316 2539 1459 2580 ἀνθρώπων
1484 2540 1637 2580 ἠφάνιστο,
1665 2539 1712 2569 καὶ
1738 2537 1851 2578 ἠγνοεῖτο

1062 2586 1112 2614 ὑπὸ
1127 2584 1250 2621 πάντων,
1273 2583 1313 2613 ἔτι
1334 2585 1360 2613 ἐν
1375 2584 1487 2624 ἀπιστίᾳ
1508 2585 1600 2615 ὄντων.
1623 2584 1703 2615 Ἐπεὶ
1719 2584 1746 2613 δὲ
1764 2580 1851 2624 xulng

1063 2630 1110 2666 μὲν
1132 2629 1214 2658 ἐδεῖτο
1239 2628 1305 2658 ἰδίου
1331 2628 1360 2658 τὸ
1386 2630 1530 2669 ἐρώτημα,
1550 2630 1580 2659 τὸ
1601 2629 1629 2659 δὲ
1650 2633 1804 2667 κατεπεῖγον
1821 2619 1850 2658 ἧν

1062 2673 1210 2714 ἐξαρπάσαι
1236 2673 1281 2702 τὸν
1308 2673 1411 2710 Ἰησοῦν
1441 2677 1488 2710 τῆς
1514 2676 1567 2704 τῶν
1594 2674 1729 2704 Ἰουδαίων
1755 2671 1850 2714 ὁρμῆς-ν

1060 2711 1196 2748 διὰέοῧτο
1210 2718 1344 2759 ἐξέρχεται
1366 2719 1431 2759 πρὸς
1451 2718 1562 2756 αὐτοὺς,
1579 2719 1624 2748 καί
1641 2730 1720 2760 φησιν
1731 2729 1738 2738 ·
1758 2731 1769 2743 ι
1784 2711 1849 2751 Ἐγὼ
