1927 3076
65 163 112 190 261
459 162 654 190 ENARRATIO
673 162 705 190 IN
725 161 941 190 EVANGELIUM
958 162 1108 190 JOANNIS.
1128 176 1163 182 —
1182 162 1256 190 CAP.
1277 164 1346 192 XIX.

1659 167 1710 194 262

64 222 193 262 οὐδεμίαν
217 221 305 253 αἲτίαν
331 222 444 265 εὗρίσκω
467 224 493 253 ἐν
509 225 593 265 αὐτῷ.
619 238 631 251 »ι
657 224 712 255 Καὶ
733 227 809 254 τοῦτο
830 224 853 254 δὲ

911 231 978 259 eum
1001 224 1116 258 donate;
1139 225 1188 253 sed
1204 225 1323 260 primum
1345 233 1411 254 eum
1433 226 1557 256 liberavit
1578 227 1613 256 ab
1633 229 1710 256 omni

64 270 190 302 συνετῶς.
217 269 260 298 Οὐ
282 268 334 308 γὰρ
358 264 446 305 εἶπεν,
472 269 512 298 ὅτι
530 264 571 300 Eii
586 269 632 299 καὶ
659 269 796 310 ἥμαρτεν,
812 271 858 302 καὶ

62 313 132 347 ἄξιός
149 315 206 343 ἐστι
221 314 349 351 θανάτου,
374 313 446 353 ὅμως
465 315 613 354 χαρίσασθε
628 315 705 343 αὐτὸν
774 316 860 356 ἑορτῇ-

63 358 134 387 ιὶλλὰ
154 359 261 398 πρῶτον
278 358 356 387 αὐτὸν
373 359 530 393 ἀπαλλάξας
547 359 633 392 αἰτίας
657 359 764 395 ἁπάσης
775 383 784 396 ,
801 360 860 391 τότε

62 403 130 436 ἆΞιοί
164 403 261 436 αὖτοὺς
292 403 353 443 περὶ
384 405 431 439 τῆς
460 404 624 438 ἀπολύσεως.
650 402 729 440 Ἵνα,
758 405 781 433 εἰ
811 406 859 443 μὲν

62 448 184 488 ἀπολυθῇ
199 450 214 477 ὁ
229 447 333 483 Ἰησοῦς
343 470 351 484 ,
370 448 490 486 μηδεμία
513 449 601 482 αὐτοῖς
624 447 704 488 χάρις
720 449 858 489 ὀφείλοιτο·

60 492 103 522 τὸν
119 492 171 532 γὰρ
189 492 305 522 ἀναίτιον
326 493 531 523 ἀπολελύκασιν.
557 494 590 524 Εἰ
612 493 640 522 δε
655 494 861 534 καταψηφίσω-

60 548 122 575 ται,
138 536 257 577 δειχθείη
274 538 360 566 αὐτῶν
375 539 392 573 ἡ
411 538 494 567 κακία
505 561 513 576 ,
531 537 572 567 ὅτι
586 538 630 567 τὸν
647 538 764 567 ἀναίτιον
778 551 860 569 κατε-

59 582 183 612 δίκασαν.
201 581 276 622 Ὅρα
301 582 328 611 δὲ
346 581 393 612 καὶ
415 582 459 618 τὸ,
476 596 487 608 α
506 582 550 612 τὸν
575 582 685 622 βασιλέα
712 584 763 612 τῶν
789 583 859 613 Ἰου-

57 626 186 663 aziom-
215 627 289 657 ποῖόν
318 638 378 656 τινα
406 629 464 656 νοῦν
490 627 559 667 ἔχει.
584 629 715 667 Φανιρῶς
737 627 789 667 γὰρ
817 629 860 658 διὰ

57 671 153 701 τούτου
181 672 353 710 ἀπολογεῖται
379 673 393 700 ὁ
421 672 553 709 Πιλάτος,
588 673 624 705 ὡς
649 673 724 702 οὐδὲν
757 673 860 708 Ἰησοῦς

59 715 207 753 ἔπταισεν,
234 717 304 745 ἀλλὰ
328 717 416 754 μάτην
444 718 596 755 ἐγκαλεῖται
619 718 683 756 παρ’
705 717 808 754 uorat,
825 720 859 752 ὡς

61 761 201 800 βασιλείας
240 762 385 799 ἕπιθυμῶν.
446 762 487 791 υῦ
514 762 565 800 γὰρ
595 761 626 790 ἂν
664 761 709 791 τὸν
747 763 859 801 βασιλέα

60 805 156 834 ἑαυτὸν
191 807 334 844 ποιοῦντα,
371 805 416 835 καὶ
454 806 612 845 ἀνταίροντα
703 807 756 835 τῶν
785 806 859 837 Ῥω-

61 850 150 888 μαίων
178 849 335 890 δυναστείᾳ,
375 852 389 879 ὃ
416 851 468 879 τῶν
509 850 651 888 Ῥωμαίων
688 851 858 890 ὑποστράτη-

59 906 104 934 γος
128 894 272 925 ἀπέλυσεν.
293 895 381 924 "non
405 895 432 923 ἐν
455 896 493 935 τῷ
518 896 620 931 εἰπεῖν,
641 906 656 924 (ι
675 895 729 925 Τὸν
746 896 857 935 βασιλέα

59 941 112 967 τῶν
144 939 280 970 Ἰουδαίων
307 940 446 977 ἀπολύσω,
468 952 480 964 ι
505 940 642 973 παντελῶς
667 940 785 969 ἀναίτιον
813 941 857 970 τὸν

61 983 169 1019 Ἰησοῦν
195 984 385 1021 ἀποδείκνυσι,
413 984 459 1014 καὶ
480 985 611 1024 ἔπεγγελᾷ
630 985 684 1017 τοῖς
705 983 857 1024 Ἰουδαίοις,

58 1028 159 1058 ὡσανεὶ
183 1032 293 1058 τοιαῦτα
311 1028 405 1068 λέγων·
437 1027 489 1059 ⁸ον
511 1030 585 1066 ὑμεῖς
610 1033 796 1069 συκοφαντεῖτε
822 1032 857 1063 ὡς

58 1073 255 1112 βασιλειῶντα,
285 1073 313 1102 ὃν
344 1073 477 1114 ἀντάρτην
505 1073 551 1102 καὶ
577 1073 743 1109 στασιαστήν
770 1086 857 1114 φατε,

58 1120 156 1147 τοῦτον
183 1117 310 1147 ἀπολύειν
341 1118 394 1157 ἐγὼ
421 1117 503 1157 ἀξιῶ,
532 1119 630 1157 δῆλον,
658 1120 693 1152 ὡς
723 1120 770 1148 οὐκ
793 1119 856 1148 ὄντα

60 1165 192 1192 τοιοῦτον.
218 1162 295 1195 Τινὲς
320 1162 407 1199 δὲτὸ,
434 1173 449 1191 σ
474 1162 519 1196 Εἰς
544 1165 622 1192 τοῦτο
646 1163 822 1202 γεγέννημαι,
845 1177 856 1190 ιι

59 1208 87 1236 οὗ
109 1206 159 1243 τὴν
185 1208 216 1236 ἐκ
240 1209 287 1236 τοῦ
310 1208 416 1247 Πατρὸς
438 1207 596 1247 προαιώνιον
621 1208 742 1246 γέννησιν
760 1209 856 1244 δηλοῦν

57 1251 193 1290 ἐνόησαν,
215 1252 284 1281 ἀλλὰ
301 1252 349 1287 τὴν
371 1251 479 1292 ὕστερον
497 1253 528 1281 ἐκ
549 1253 689 1292 παρθένου,
713 1252 765 1282 Διὰ
779 1255 856 1282 τοῦτο

57 1295 110 1336 γὰρ
140 1297 237 1336 γέγονα
263 1296 414 1335 ἄνθρωπος,
442 1297 487 1326 καὶ
519 1297 658 1335 ἐγεννήθην
682 1299 712 1326 ἐκ
727 1297 854 1336 Μαρίας,

57 1340 102 1370 ἴνα
116 1342 150 1371 τὸ
164 1342 258 1382 ψεῦδος
277 1342 323 1370 καὶ
340 1341 384 1370 τὸν
401 1341 524 1371 διάϐολον
552 1343 692 1378 ἀπολέσω,
714 1342 762 1377 τὴν
783 1342 853 1371 θείαν

57 1385 135 1424 φύσιν
160 1386 298 1420 ἀποδείξας
318 1386 508 1426 βασιλεύουσαν
524 1386 643 1416 πάντων.
671 1386 791 1422 Ἀλήθεια
809 1382 853 1415 οὖν

57 1430 135 1460 τοῦτό
148 1431 235 1466 ἐστιν,
246 1433 263 1466 ἡ
278 1431 329 1468 ἓμὴ
345 1433 442 1469 γνῶσις
453 1454 461 1469 ,
475 1431 520 1460 καὶ
534 1433 550 1466 ἡ
567 1430 685 1470 σωτηρία
701 1434 718 1467 ἡ
734 1430 777 1460 διὰ
790 1432 854 1460 ταύ-

56 1486 114 1511 της.
128 1475 181 1505 Διὰ
192 1479 268 1505 τοῦτο
281 1478 342 1514 γοῦν
357 1472 446 1512 ἦλθον,
458 1475 501 1505 ἵνα
516 1475 562 1505 καὶ
575 1476 623 1512 τὴν
640 1475 766 1512 ἀληθινὴν
785 1478 853 1515 γνῶ-

57 1530 99 1548 σιν
114 1522 162 1549 τοῦ
173 1522 248 1550 Θεοῦ
259 1521 304 1550 καὶ
317 1520 450 1560 σωτηρίαν
468 1520 634 1560 χαρίσωμαι.
657 1520 743 1565 Ἀξιοχ
755 1520 781 1550 δὲ
795 1521 854 1554 ἐξε-
872 1532 896 1565 c

56 1563 152 1602 τάσαι,
170 1566 250 1594 πόοεν
264 1565 415 1605 ὁρμώμενοι
436 1567 460 1595 οἱ
484 1565 622 1601 Ἰουδαῖοι,
642 1565 699 1599 ἔθος
715 1560 787 1604 εἶχον
808 1567 854 1594 ἕνα

57 1609 167 1647 δέσμιον
184 1609 320 1639 ἀπολύειν.
345 1611 456 1650 Πρῶτον
478 1611 526 1649 μὲν
543 1605 588 1639 οὖν
602 1611 672 1639 ἔστιν
689 1611 789 1649 εἰπεῖν,
813 1610 854 1640 ὅτι

57 1654 81 1682 οἱ
106 1667 118 1679 ι
150 1655 317 1688 διδασκοντες
349 1655 538 1691 διδασκαλίας,
567 1655 721 1693 ἐντάλματα
748 1655 851 1695 ἀνθρώ-

56 1710 130 1736 πων,
143 1710 159 1728 »
178 1699 213 1729 τὰ
234 1700 346 1730 πλεῖστα
370 1703 428 1733 ταῖς
444 1699 523 1733 ἰδίαις
551 1699 688 1739 ἐστοίχουν
715 1700 853 1738 γνώμαις,

56 1743 116 1772 ἀλλ’
137 1744 167 1772 οὖ
192 1748 246 1778 τοῖς
268 1747 314 1774 τοῦ
340 1746 410 1775 Θεοῦ
433 1746 620 1784 προσεχρῶντο
640 1745 741 1783 νόμοις.
770 1744 852 1775 "001v

55 1788 101 1817 καὶ
114 1791 192 1818 τοῦτο
212 1790 239 1817 ἐν
254 1788 307 1818 ἔθει
328 1789 438 1829 τοιούτῳ
461 1790 548 1829 ἀλόγῳ
561 1784 633 1830 εἶχον
643 1812 650 1826 ,
674 1785 716 1818 οἶα
732 1793 779 1818 τοῦ
794 1791 852 1819 λοι-

55 1836 107 1862 ποῦ
155 1834 408 1874 ἐκτραχηλισθέντες
452 1836 503 1863 τῶν
542 1836 658 1872 νομικῶν
694 1835 848 1868 διατάξεων.

55 1876 173 1908 Ἔπειτα
183 1901 192 1916 ,
209 1879 256 1907 καὶ
267 1879 383 1920 τοιοῦτόν
397 1880 547 1920 τινιῧρηται
563 1880 589 1908 ἐν
608 1881 641 1918 τῇ
658 1881 754 1920 Γραφῇ
772 1891 851 1918 νομο-

55 1921 178 1960 θέτημα,
206 1924 251 1963 ἀφ’
277 1919 307 1952 οἷ
331 1923 398 1957 εἰκὸς
422 1919 454 1959 ἦν
477 1923 644 1963 ὁρμωμένους
669 1924 780 1960 αὐτοὺς,
807 1925 853 1958 τὰς

55 1968 180 2002 τοιαύτας
203 1969 346 2002 ἀπολύσεις
370 1970 422 1997 τῶν
444 1969 612 2008 κατακρίτων
636 1970 663 1998 ἐν
690 1969 743 1998 ἔθει
763 1970 848 2009 σχεῖν.

57 2013 212 2052 Γέγραπται
237 2013 288 2052 γὰρ
314 2012 439 2053 περὶτοῦ
456 2013 585 2047 ἀκουσίως
613 2013 785 2054 φονεύοντος,
807 2014 852 2044 ἐὰν

57 2056 92 2095 μὴ
110 2057 145 2086 δι’
161 2057 259 2097 ἔχθραν
279 2057 297 2093 ἢ
312 2058 434 2093 ἐπίτηδες
457 2058 539 2087 θέλων
558 2060 739 2095 κακοποιῆσαί
754 2071 792 2093 τις
808 2061 851 2090 τὸν

56 2101 167 2137 πλησίον
183 2102 283 2138 αὐτοῦ,
392 2106 503 2142 σκεῦος,
519 2101 536 2138 ἢ
552 2103 640 2141 λίθον,
662 2105 692 2134 τὸ
717 2104 744 2133 δὲ
771 2104 851 2134 πεσὸν

56 2146 165 2181 una?“
187 2146 232 2175 τὸν
257 2148 470 2187 παρευρεθέντα,
497 2147 543 2177 καὶ
565 2149 683 2188 ἀποθάνῃ
704 2150 718 2178 ὁ
744 2149 850 2189 ἄνθρω-

56 2202 120 2226 πος,
148 2191 272 2225 ἀκούσιος
297 2192 346 2229 μὲν
368 2192 458 2232 φονεὺς
484 2194 498 2221 ὁ
520 2195 654 2229 τοιοῦτος,
680 2198 763 2233 κρινεῖ
790 2194 816 2223 δὲ
831 2197 848 2230 ἡ

57 2235 196 2275 συναγωγὴ
224 2241 315 2273 πᾶσα,
341 2238 387 2266 καὶ
416 2237 581 2266 ἀπολύσουσι
613 2238 660 2276 μὲν
688 2241 780 2268 τοῦτον
804 2241 849 2268 τοῦ

56 2281 168 2310 θανάτου
195 2281 243 2319 (οὗ
259 2281 310 2321 γὰρ
333 2282 458 2318 κακοήθει
485 2283 578 2321 γνώμῃ
603 2282 780 2324 πεψόνιυκε),
796 2295 849 2313 κα-

55 2326 216 2361 ταστήσουσι
239 2326 268 2355 δὲ
284 2326 362 2355 αὐτὸν
386 2328 422 2360 εἷς
443 2326 492 2363 τήν
517 2328 594 2356 πόλιν
619 2331 665 2357 τοῦ
685 2330 849 2369 φυγαδευτη-

57 2371 125 2409 ρίου,
149 2370 290 2408 τουτέστι,
313 2373 382 2412 φυγῇ
397 2371 588 2409 ζημιώσουσιν.
607 2371 657 2402 Ἐκ
678 2373 771 2403 τούτου
787 2374 849 2408 ἴσως

55 2415 223 2460 ὁρμώμενοι,
240 2415 275 2448 ὥς
296 2427 327 2454 γε
349 2418 525 2456 στοχάζεσθαι
551 2419 638 2454 ἡμᾶς,
662 2417 717 2451 ἔθος
732 2422 849 2449 τοιοῦτον

55 2461 140 2506 εξχον,
172 2460 221 2489 ἕνα
247 2461 372 2490 ἀπολύειν
408 2464 460 2490 τῶν
484 2462 530 2490 ἐπὶ
555 2464 650 2502 φονικῇ
680 2463 773 2503 γνώμῃ
793 2460 1037 2504 καταχρινομένων.

914 269 1040 304 crimine,
1054 273 1081 298 et
1094 273 1161 297 tunc
1172 273 1233 298 orat
1245 277 1292 298 eos
1307 273 1338 298 ut
1351 271 1503 304 absolvant,
1520 276 1550 299 ut
1561 273 1583 300 si
1597 273 1709 308 quidem

915 314 1055 342 absolutus
1078 313 1159 342 fuerit
1179 315 1270 348 Iesus.
1292 315 1366 343 nulla
1385 316 1424 344 eis
1445 317 1533 352 gratia
1548 316 1678 346 debeatur
1702 327 1708 345 :

914 359 1083 387 dimisissent
1093 359 1167 387 enim
1178 359 1322 387 innoxium
1336 368 1343 387 :
1356 360 1378 388 si
1386 364 1479 388 autem
1490 361 1709 396 condemnarint,

913 403 1073 431 ostendatur
1095 411 1189 432 eorum
1224 403 1336 438 malitia,
1370 405 1445 441 quod
1475 405 1616 433 innoxium
1642 413 1710 434 con-

913 448 1083 476 demnarint.
1099 448 1169 476 Vide
1188 452 1282 476 autem
1296 457 1379 484 quem
1397 457 1510 478 sensum
1521 449 1624 478 habeat
1637 449 1711 486 quod

913 492 979 520 dicit
995 501 1002 520 :
1021 504 1033 517 α
1050 493 1126 521 illum
1141 501 1232 529 regem
1254 493 1429 522 Judzeorum.
1446 505 1459 519 α
1480 494 1622 522 Mauiieste
1637 495 1711 523 enim

913 545 961 573 per
975 537 1028 565 hoc
1045 542 1158 565 excusat
1180 538 1283 566 Pilatus
1297 539 1392 566 Jesum
1410 546 1426 567 α
1441 543 1551 575 peccato
1571 539 1710 574 alienum;

914 582 962 610 sed
978 581 1077 610 frustra
1098 582 1221 618 arguitur
1235 582 1270 610 ab
1291 583 1331 610 eis
1346 587 1378 610 ut
1400 591 1519 620 regnum
1541 583 1708 612 desiderans.

914 627 975 654 Non
990 626 1063 654 enim
1085 627 1107 654 si
1123 635 1216 663 regem
1230 635 1259 655 se
1281 627 1393 661 faceret,
1413 632 1440 656 et
1458 633 1554 657 contra
1569 630 1710 657 Romano-

913 679 975 699 rum
998 671 1152 706 potentiam
1173 671 1326 705 extolleret.
1347 672 1501 700 dimitteret
1523 681 1588 701 eum
1610 675 1712 701 Roma-

913 723 1013 744 norum
1025 724 1138 752 praeses;
1150 720 1177 744 et
1189 717 1227 744 ita
1237 717 1363 751 dicendo,
1377 729 1389 741 ιι
1403 719 1506 753 Regem
1517 718 1594 746 illum
1602 718 1710 746 Judaio-

913 768 974 788 rum
987 761 1137 795 dimittam,
1155 773 1168 785 ν
1181 769 1228 797 per
1245 762 1338 789 omnia
1353 762 1449 790 Jesum
1461 763 1604 790 innoxium
1619 762 1710 790 decla—

914 809 966 839 rat,
988 809 1015 833 et
1038 805 1144 834 deridet
1157 806 1280 840 Judaeos,
1302 807 1378 842 quasi
1402 807 1466 834 talia
1482 807 1597 835 dicens:
1621 809 1710 844 Quem

913 857 961 877 vos
975 851 1109 878 accusatis
1134 849 1200 878 falso
1225 855 1255 878 ut
1278 859 1394 886 regnum
1420 851 1596 880 invadentem
1616 857 1644 880 et
1667 860 1710 880 re-

912 894 1059 922 bellantem
1083 903 1114 922 ac
1135 894 1298 922 seditiosum
1321 895 1422 929 dicitis,
1446 896 1524 924 illum
1543 904 1593 924 oro
1608 901 1637 924 ut
1660 897 1708 924 ab-

912 938 1023 966 solvatis
1039 947 1045 966 :
1070 943 1097 967 et
1111 939 1288 968 manifestum
1311 940 1386 976 quod
1402 948 1457 968 non
1472 941 1509 968 ita
1531 942 1574 968 sit.
1591 940 1709 975 Quidam

912 987 1015 1017 autem,
1039 984 1067 1011 in
1091 983 1144 1011 hoc
1166 988 1262 1012 natum
1287 992 1357 1017 esse,
1385 993 1441 1012 non
1463 985 1655 1013 intellexerunt
1675 986 1710 1014 de

912 1032 1014 1055 aeterna
1039 1028 1084 1056 illa
1115 1037 1130 1056 a
1157 1030 1236 1056 Patre
1258 1029 1410 1063 nativitate,
1440 1029 1488 1057 sed
1520 1031 1670 1065 posteriore
1694 1038 1710 1059 e

912 1072 1026 1108 virgine.
1051 1074 1198 1109 Propterea
1214 1074 1289 1101 enim
1313 1073 1402 1101 factus
1415 1081 1478 1102 sum
1503 1074 1599 1107 homo.
1614 1078 1641 1102 et
1658 1083 1708 1103 na~

911 1120 957 1144 tus
971 1125 1004 1144 ex
1019 1118 1116 1150 Maria,
1131 1122 1161 1145 ut
1172 1117 1345 1146 mendacium
1358 1122 1385 1145 et
1397 1117 1536 1146 diabolum
1551 1119 1684 1154 expellam
1700 1129 1706 1148 :

911 1160 1031 1189 divinam
1051 1166 1178 1190 naturam
1203 1162 1350 1191 ostendens
1375 1171 1487 1199 regnare
1500 1171 1582 1198 super
1602 1164 1706 1192 omnia.

912 1207 1018 1234 Veritas
1050 1206 1130 1242 igitur
1160 1207 1212 1234 hoc
1241 1211 1292 1241 est,
1317 1215 1417 1244 nempe
1447 1216 1508 1236 mea
1535 1208 1644 1236 scientia
1681 1213 1710 1237 et

909 1251 984 1278 salus
999 1259 1060 1287 qua:
1083 1259 1130 1287 per
1149 1251 1218 1279 hanc
1232 1252 1366 1286 contingit
1387 1261 1393 1279 :
1417 1257 1528 1288 propter
1545 1252 1596 1281 hoc
1609 1253 1710 1282 scilicet

910 1295 982 1329 veni,
1003 1300 1034 1323 ut
1053 1303 1148 1324 veram
1169 1297 1311 1324 scientiam
1337 1296 1384 1324 Dei
1406 1301 1434 1325 et
1454 1298 1574 1325 salutem
1598 1298 1706 1334 largiar.

910 1340 1032 1375 Dignum
1047 1345 1139 1368 autem
1161 1345 1203 1368 est
1225 1345 1255 1368 ut
1269 1345 1416 1377 quaeratur,
1433 1342 1505 1369 unde
1528 1343 1595 1370 moti
1618 1343 1707 1371 Judmi

910 1385 1136 1412 consuetudinem
1157 1384 1277 1413 habeant
1291 1385 1447 1413 dimittendi
1466 1394 1553 1414 unum
1573 1386 1705 1415 vinctum.

911 1429 1003 1456 Primo
1017 1429 1092 1457 enim
1107 1429 1197 1457 dicere
1211 1437 1357 1465 possumus
1371 1430 1446 1466 quod
1460 1430 1588 1458 docentes
1608 1432 1707 1459 doctri-

909 1481 968 1507 nas,
986 1473 1112 1502 mandata
1133 1474 1286 1507 hominum,
1311 1475 1427 1510 plurima
1454 1475 1536 1511 745
1559 1476 1636 1512 juxta
1658 1485 1707 1505 sua

910 1518 997 1553 cupita
1016 1519 1197 1554 protulerunt,
1212 1527 1264 1548 nec
1284 1518 1383 1547 divinis
1407 1520 1449 1547 usi
1464 1519 1573 1548 fuerunt
1591 1521 1707 1556 legibus,

911 1562 982 1591 unde
1005 1567 1033 1591 et
1055 1563 1108 1591 hoc
1133 1564 1169 1591 ita
1197 1571 1226 1592 se
1252 1563 1344 1598 habet,
1371 1564 1454 1600 inque
1479 1565 1707 1594 consuetudinem

909 1607 976 1635 abiit
993 1608 1080 1636 etiam
1101 1608 1205 1644 absque
1236 1609 1352 1642 ratione,
1377 1610 1467 1645 qualia
1492 1610 1578 1638 multa
1603 1611 1705 1646 absque

908 1652 973 1688 legis
986 1657 1135 1689 praecepto.
1150 1653 1257 1682 Deinde
1276 1653 1338 1681 talis
1349 1654 1461 1682 inventa
1477 1658 1519 1682 est
1532 1654 1574 1682 lex
1589 1655 1617 1682 in
1632 1655 1706 1683 Scri-

908 1701 1000 1732 ptura,
1015 1706 1029 1725 a
1049 1706 1101 1733 qua
1116 1698 1262 1726 verisimile
1276 1703 1319 1726 est
1331 1699 1468 1734 proiectas
1478 1707 1538 1727 esse
1559 1699 1706 1728 absolutio-

907 1749 957 1769 nes
976 1743 1038 1770 illas
1052 1742 1309 1770 condemuatorum.
1332 1744 1470 1779 Scriptum
1485 1748 1527 1771 est
1541 1745 1612 1772 enim
1627 1746 1661 1772 de
1673 1753 1705 1773 eo

910 1787 957 1822 qui
981 1792 1079 1822 praeter
1101 1788 1267 1816 voluntatem
1284 1796 1362 1816 suam
1377 1789 1518 1821 occiderit,
1532 1789 1553 1816 si
1570 1798 1627 1817 non
1642 1798 1705 1825 pro-

906 1835 968 1866 pter
990 1831 1157 1865 inimicitias,
1184 1832 1223 1859 vel
1249 1832 1342 1860 dedita
1368 1841 1450 1868 opera
1475 1832 1595 1868 afﬂigere
1619 1834 1706 1862 voluit

907 1875 1035 1907 vicinum,
1056 1875 1162 1911 jaciens
1184 1884 1229 1904 vas
1253 1877 1293 1903 vel
1316 1877 1444 1911 lapidem,
1473 1881 1501 1904 et
1528 1885 1593 1905 casu
1609 1886 1696 1913 percu-

907 1920 976 1948 tiens
994 1924 1205 1956 praetereuntem
1220 1921 1408 1956 moriaturque
1431 1921 1526 1955 homo,
1546 1922 1703 1950 involunta-

906 1965 962 1992 rius
975 1964 1006 1992 ﬁt
1020 1964 1158 1992 homicida
1174 1965 1235 1993 talis
1255 1974 1262 1993 :
1278 1965 1410 2001 judicabit
1423 1970 1515 1993 autem
1531 1967 1621 1994 omnis
1635 1974 1701 2003 syn-

905 2017 1002 2045 agoga,
1026 2014 1054 2037 et
1079 2009 1220 2037 absolvent
1241 2010 1353 2046 quidem
1375 2009 1453 2038 illum
1474 2018 1488 2038 a
1505 2014 1595 2038 morte
1612 2020 1618 2039 :
1644 2020 1701 2040 non

906 2054 980 2082 enim
1008 2054 1125 2090 maligna
1158 2058 1248 2082 mente
1275 2055 1384 2083 occidit.
1411 2055 1583 2083 Constituent
1610 2060 1703 2084 autem

906 2107 971 2127 eum
986 2100 1016 2126 in
1030 2099 1137 2127 civitate
1151 2099 1259 2135 refugii,
1283 2099 1336 2127 hoc
1350 2104 1402 2132 est.
1427 2100 1522 2128 exsilio
1537 2100 1701 2128 multabunt.

907 2145 946 2171 Ex
970 2144 1023 2172 hoc
1043 2143 1114 2172 forte
1137 2148 1216 2172 erant
1242 2144 1361 2180 impulsi,
1385 2148 1415 2172 ut
1437 2145 1590 2180 conjectare
1605 2153 1702 2181 possu-

863 2185 890 2218 D
906 2196 967 2216 mus
982 2197 988 2216 :
1005 2188 1041 2216 ita
1055 2189 1131 2216 enim
1146 2196 1253 2217 morem
1267 2188 1425 2223 ﬁrmarunt,
1438 2193 1469 2216 ut
1479 2197 1564 2217 unum
1578 2190 1702 2218 absolve-

904 2238 967 2261 rent
988 2241 1020 2261 ex
1035 2233 1077 2261 his
1098 2233 1145 2269 qui
1161 2233 1196 2261 de
1219 2233 1367 2261 homicidio
1387 2234 1493 2261 fuerant
1513 2234 1699 2262 condemnati.

905 2279 974 2306 Nam
997 2277 1040 2305 lex
1063 2277 1176 2313 quidem
1194 2278 1309 2314 jubebat
1330 2277 1382 2306 hoc
1401 2285 1461 2306 esse
1476 2277 1600 2306 ofﬁcium
1616 2287 1702 2315 syna-

904 2330 982 2358 goga:
993 2321 1167 2350 Iudaeorum.
1180 2323 1215 2350 Et
1228 2323 1289 2357 quia
1302 2323 1436 2350 Romanis
1448 2327 1567 2351 cesserat
1575 2331 1699 2358 regnum,

904 2368 1045 2394 Romanos
1077 2365 1201 2394 fecerunt
1225 2366 1357 2394 dominos
1379 2367 1550 2403 absolvendi,
1584 2368 1653 2396 sicut
1675 2373 1702 2397 et

904 2419 978 2440 nunc
993 2411 1123 2440 Pilatum.

1096 2460 1130 2491 Ὁ
1158 2459 1206 2497 μὲν
1235 2455 1280 2490 οὖν
1311 2461 1388 2500 νόμος
1421 2461 1596 2502 προσέταττεν
1625 2463 1700 2503 ἔργον

55 2505 116 2533 εἶναι
139 2507 219 2534 τοῦτο
244 2507 292 2541 τῆς
306 2510 462 2545 συναγωγῆς
487 2509 540 2536 τῶν
568 2507 711 2537 Ἰουδαίων·
737 2509 794 2538 ἐπεὶ
810 2510 836 2538 δὲ
857 2509 890 2538 τὰ
909 2507 1058 2546 πράγματα
1089 2505 1141 2535 ὑπὸ
1164 2505 1309 2544 Ῥωμαίοις
1332 2507 1440 2546 γέγονε,
1469 2507 1528 2541 τοὺς
1557 2508 1700 2547 Ῥωμαίων

55 2549 180 2589 ἄρχοντας
199 2550 304 2590 κυρίους
319 2553 456 2580 ποιοῦνται
470 2553 515 2580 τοῦ
531 2552 677 2592 ἀπολύειν,
691 2553 782 2594 ὥσπερ
797 2549 841 2584 οὖν
858 2552 903 2584 καὶ
924 2555 968 2580 νῦν
989 2551 1033 2580 τὸν
1061 2551 1189 2581 Πιλᾶτον.

341 2613 486 2643 ΚΕΦΑΛ.
503 2612 566 2644 ΙΘ’.

54 2671 105 2706 Πφὶ
119 2674 160 2700 τῆς
172 2674 218 2697 τοῦ
230 2672 338 2704 Χριστοῦ
352 2673 535 2704 μαστιγώσεως.
555 2674 613 2706 Περὶ
626 2677 667 2704 τῆς
687 2676 846 2708 σταυρώσεως

81 2706 120 2727 τοῦ
132 2704 251 2732 Χριστοῦ.
269 2705 330 2732 Περί
345 2707 393 2728 τῶν
411 2706 474 2732 παρὰ
485 2707 519 2732 τῶ
535 2708 631 2732 σταυρῷ
648 2708 768 2732 ἑστώτων.
787 2709 846 2732 Ιῐεοὶ

81 2712 120 2727 του
132 2712 251 2760 λριστου.
269 2712 330 2736 Περι
345 2713 393 2728 των
411 2714 474 2736 παρα
485 2714 519 2736 τῳ
535 2712 631 2738 σταυρῷ
648 2712 768 2732 ἑστώτων.
787 2712 846 2740 Περί

81 2737 118 2773 τῆς
138 2736 261 2774 ατήσεως
281 2739 325 2760 τοῦ
347 2738 469 2768 Κυριακοῡ
491 2737 614 2769 σώματος.
636 2739 693 2769 Περί
710 2743 750 2769 τῆς
772 2743 846 2771 ταφῆς

82 2773 159 2791 αυτοῦ.

87 2819 98 2834 ι
112 2807 306 2848 Ἐχραύγασαν
318 2803 363 2838 οἷν
379 2808 459 2838 πάλιν
473 2809 570 2843 πάντες
582 2810 708 2850 λέγοντες·
726 2811 774 2849 Μὴ
786 2815 845 2842 τοῦ·

1192 2614 1312 2642 CAPUT
1327 2615 1407 2643 XIX:

901 2674 940 2700 De
953 2671 1133 2706 ﬂagellationc
1156 2672 1265 2700 Christi.
1279 2675 1316 2700 Dc
1340 2674 1513 2708 cruciﬁxione
1535 2673 1645 2701 Christi.
1661 2674 1698 2701 De

938 2709 971 2735 iis
985 2710 1032 2743 qui
1039 2708 1124 2742 juxta.
1133 2716 1232 2745 crucem
1249 2710 1367 2736 stabant.
1382 2711 1419 2736 De
1426 2711 1554 2745 petitione
1565 2710 1700 2736 Dominici

936 2746 1063 2779 corporis.
1085 2745 1121 2772 De
1134 2744 1271 2779 sepultura
1285 2745 1412 2780 ejusdem.

936 2819 1026 2848 Vnus.
1043 2821 1100 2847 1-7.
1123 2830 1137 2844 α
1155 2819 1348 2848 Clamaierunt
1366 2827 1477 2849 rursum
1497 2826 1594 2850 omnes
1608 2819 1698 2850 dicen-
