1927 3076
230 161 283 188 263

728 157 987 185 THEOPHYLACTI
1007 156 1185 184 BULGARME
1203 156 1361 185 ARCHIEP.

1837 159 1880 186 264

229 227 272 250 tes
288 231 295 250 :
307 223 368 249 Non
378 221 462 255 hunc,
473 220 521 248 sed
532 219 695 248 Barabbam.
707 221 773 248 Erat
787 224 878 248 autem
889 219 1027 247 Barabbas

1085 231 1124 249 τον
1133 242 1140 255 ,
1158 219 1226 261 ἀλλὰ
1236 220 1281 249 τὸν
1298 220 1457 259 Βαραϐϐᾶν.
1469 216 1524 251 Ἦν
1537 220 1564 250 δὲ
1577 223 1591 250 ὁ
1608 219 1766 261 Βαραϐϐᾶς
1780 221 1880 259 λῃστής.

228 267 307 295 latro.
333 267 410 294 Tunc
438 273 502 301 ergo
528 265 707 300 apprehendit
737 265 841 293 Pilatus
867 265 973 297 Jesum,
1002 268 1030 292 et

228 311 382 345 ﬂagellavit.
397 311 432 337 Et
445 310 548 337 milites
564 310 711 345 plectentcs
731 317 864 337 coronam
885 309 919 336 de
933 308 1029 344 spinis,

227 356 418 390 imposuerunt
435 354 514 389 capiti
530 354 598 389 ejus,
615 358 643 381 et
664 358 737 381 veste
758 361 894 389 purpurea
909 353 1030 381 circum—

228 399 366 428 dederunt
379 407 452 433 eum,
468 407 500 426 ac
522 399 648 426 dicebant
670 407 677 426 ε
693 400 762 432 Ave,
783 406 828 426 rex
844 397 1004 426 Judaeorum
1022 406 1028 425 :

228 448 257 472 et
270 444 372 471 dabant
392 443 417 471 ei
443 443 543 479 alapas.
562 443 649 471 Exivit
670 443 771 470 iterum
788 443 888 470 Pilatus
905 443 990 475 foras,
1003 447 1032 470 et

228 488 294 516 dicit
308 488 348 516 eis
365 496 371 515 :
395 490 465 515 Ecce
479 487 587 516 adduco
612 487 687 515 vobis
701 495 765 516 cum
779 487 865 522 foras,
878 492 908 514 ut
923 495 1031 522 cogno-

228 533 310 561 scatis
325 532 402 569 quod
422 533 528 560 nullam
552 533 583 560 in
603 540 635 560 eo
653 540 764 560 causam
786 532 911 560 invenio.
935 531 1034 559 Exivit

228 586 292 614 ergo
306 579 385 605 Jesus
400 576 476 605 foras
491 582 599 613 gestans
618 578 742 613 spineam
756 585 899 610 coronam,
916 581 945 604 et
967 585 1031 612 pur-

227 630 341 659 pureum
351 622 473 658 pallium,
488 625 516 649 et
529 622 595 650 dicit
610 622 649 650 eis
666 632 673 650 :
690 623 760 649 Ecce
771 622 866 649 homo.
881 622 950 649 Cum
966 629 1031 656 ergo

229 666 362 695 vidissent
377 675 440 694 eum
462 667 604 702 pontifices
625 670 653 694 et
667 666 787 694 ministri
808 666 974 700 clamabant,
990 666 1031 694 di-

229 716 323 740 centes
337 720 343 739 :
357 711 499 747 Cruciiige,
513 711 642 747 crucilige
659 719 735 739 eum.
757 711 831 738 Dicit
845 711 884 738 eis
905 711 1007 738 Pilatus
1024 718 1030 737 :

229 756 353 792 Accipite
367 764 432 784 eum
446 763 504 790 vos,
520 760 549 783 et
563 755 715 791 cruciﬁgite
735 764 741 783 :
759 763 810 791 ego
825 756 896 783 enim
918 763 975 783 non
989 755 1033 782 in-

229 801 308 829 venio
328 800 358 828 in
380 809 413 829 eo
427 808 550 828 causam.
571 801 784 836 Responderunt
798 800 822 828 ei
844 800 934 828 Judaei
951 809 957 827 :
973 801 1029 828 Nos

229 846 317 881 legem
333 846 477 878 habemus,
494 850 522 873 et
535 845 687 873 secundum
709 846 795 881 legem
809 849 935 872 nostram
949 845 1030 872 debet

1083 263 1152 293 Τότε
1167 259 1211 293 οὖν
1230 264 1324 293 ἔλαϐεν
1345 267 1358 294 ὁ
1374 266 1491 299 Πιλάτος
1515 265 1559 294 τὸν
1580 259 1685 301 Ἰησοῦν
1714 265 1766 294 καὶ
1784 265 1884 302 ἐμαστί-

1083 320 1163 347 γωσε.
1204 308 1257 338 Καὶ
1284 311 1306 338 οἳ
1339 312 1501 349 στρατιῶται
1533 309 1673 344 πλέξαντες
1703 309 1838 349 στέφανον
1865 309 1884 343 ἐξ

1083 354 1220 392 ἀκανθῶν,
1249 354 1380 390 ἐπέθηκαν
1406 357 1484 384 αὐτοῦ
1564 356 1686 394 κεφαλῇ,
1717 354 1768 383 καὶ
1787 353 1883 387 ἱμάτιον

1083 401 1231 438 πορφυροῦν
1251 399 1408 438 περιέϐαλον
1430 399 1528 437 αὐτὸν,
1554 400 1599 428 καὶ
1621 398 1726 438 ἔλεγον·
1757 399 1855 437 Χαῖρε,
1874 401 1884 427 ὁ

1086 442 1208 482 βασιλεὺς
1232 444 1284 471 τῶν
1317 443 1471 479 Ἰουδαίων,
1501 443 1546 473 καὶ
1572 444 1671 472 ἐδίδουν
1702 443 1782 482 αὖτῷ
1815 443 1883 482 ῥαπί-

1086 499 1186 524 σματα.
1209 487 1334 522 Ἐξῆλθεν
1350 484 1392 517 οὖν
1417 489 1465 522 ἔξω
1480 489 1560 517 πάλιν
1584 490 1598 517 ὁ
1617 488 1758 523 Πιλάτος,
1785 489 1831 516 καὶ
1845 488 1884 516 λέ-

1085 544 1125 570 γει
1152 533 1246 564 αὐτοῖς·
1274 530 1328 562 Ἴδε
1350 532 1408 571 ἄγω
1431 534 1493 571 ὑμῖν
1520 533 1598 562 αὐτὸν
1621 531 1693 568 ἔξω,
1718 531 1766 560 ἵνα
1794 534 1883 570 γνῶτε,

1085 577 1125 606 ὅτι
1149 579 1175 606 ἐν
1191 578 1264 617 αὐτῷ
1284 578 1408 616 οὐδεμίαν
1431 578 1517 608 αἰτίαν
1541 578 1666 618 εὑρίσκω.
1697 577 1833 612 Ἐξῆλθεν
1847 572 1883 606 οὖν

1085 624 1100 652 ὁ
1116 622 1219 658 Ἰησοῦς
1234 622 1283 656 ἔξω
1305 625 1391 662 φορῶν
1407 622 1452 652 τὸν
1468 623 1604 652 ἀκάνθινον
1621 622 1760 662 στέφανον
1771 644 1780 658 ,
1797 622 1841 650 καὶ
1860 622 1884 650 τὸ

1086 669 1234 706 πορφυροῦν
1251 667 1368 704 ἱμάτιον.
1391 667 1444 696 Καὶ
1465 667 1537 706 λέγει
1560 668 1657 700 αὐτοῖς·
1679 666 1743 697 Ἰδε
1759 668 1774 695 ὁ
1791 666 1882 705 ἄνθρωσ

1085 723 1143 744 πος.
1166 710 1235 740 ’Ότε
1254 707 1297 740 οὖν
1315 707 1381 740 εἶδον
1398 712 1475 741 αὐτὸν
1503 713 1527 741 οἱ
1551 713 1682 752 ἀρχιερεῖς
1699 711 1752 741 καὶ
1776 712 1800 739 οἶ
1823 713 1882 746 ὑπη-

1087 755 1178 795 ρέται,
1199 756 1366 795 ἐκραύγασαν
1387 755 1514 794 λέγοντες·
1530 757 1709 795 Σταύρωσον,
1729 756 1880 794 σταύρωσον

1084 800 1171 830 αὐτόν.
1190 799 1268 838 Λέγει
1284 802 1370 834 αὐτοῖς
1392 804 1406 830 ὁ
1428 801 1552 834 Πιλάτος·
1569 800 1671 830 Λάϐετε
1689 801 1777 829 αὐτὸν
1801 800 1883 837 ὑμεῖς,

1084 845 1128 874 καὶ
1145 845 1326 884 σταυρώσατε¹
1354 845 1406 885 ἐγὼ
1430 846 1481 886 γὰρ
1497 847 1546 885 οὐχ
1567 846 1679 884 εὑρίσκω
1702 846 1731 873 ἐν
1750 845 1827 884 αὐτῷ
1844 845 1879 872 αἷ-

230 890 311 924 mori,
334 891 397 926 quia
422 890 521 918 Filium
546 890 596 917 Dei
612 898 641 918 se
658 889 731 918 fecit.
755 902 768 914 γι
789 890 855 917 Vide
877 898 925 925 per
946 897 1027 925 quam

1085 889 1150 918 τίαν·
1173 889 1364 929 Ἀπεκρίθησαν
1392 891 1464 929 αὖτῷ
1485 892 1509 919 οἱ
1536 890 1671 920 Ἰουδαῖοι·
1693 889 1800 928 Ἡμεῖς
1813 889 1884 925 νόμον

229 935 316 963 multa
342 939 515 962 monstratur
543 934 706 962 Judaaorum
733 934 845 962 malitia.
874 934 1029 962 Barabbam

227 980 302 1008 enim
328 979 549 1007 manifestarium
583 979 719 1007 latronem
746 983 853 1014 petunt,
880 979 1029 1006 Dominum

228 1030 291 1052 vero
304 1023 430 1052 tradunt.
454 1024 583 1060 Flagellat
601 1024 684 1060 igitur
698 1031 763 1051 eum
784 1024 897 1057 Pilatus,
915 1028 946 1050 ut
965 1031 1030 1051 con-

228 1068 332 1096 soletur
344 1072 372 1096 et
385 1069 492 1105 mitiget
506 1076 602 1097 eorum
618 1068 755 1096 furorem.
773 1069 845 1096 Nam
861 1069 926 1104 quia
941 1068 1031 1096 verbis

227 1121 284 1141 non
309 1112 397 1149 potuit
417 1121 482 1141 eum
502 1114 617 1149 eripere,
641 1113 771 1149 ﬂagellat,
797 1113 912 1141 studens
931 1117 958 1140 et
973 1113 1030 1148 ipse

228 1158 269 1186 vel
286 1166 333 1194 per
347 1158 400 1186 hoc
424 1158 564 1186 insaniam
583 1166 680 1186 eorum
704 1158 822 1193 placare.
843 1159 876 1184 Et
896 1157 1031 1193 permittit

227 1206 259 1230 ut
270 1202 393 1238 chlamys
406 1207 433 1230 et
444 1210 544 1231 corona
558 1203 583 1230 ei
596 1203 850 1238 circumponantur,
865 1210 919 1238 quo
933 1209 1030 1229 eorum

228 1247 268 1275 ira
293 1248 476 1276 exhauriatur.
494 1247 578 1283 746
595 1247 694 1275 Milites
713 1255 776 1275 vero
800 1247 892 1275 omnia
917 1247 951 1274 ad
971 1254 1030 1282 gra-

229 1292 296 1320 tiam
323 1293 484 1321 Judmorum
499 1291 613 1320 faciunt.
637 1293 710 1320 Nam
726 1292 787 1328 quia
802 1291 969 1319 audiverunt
983 1291 1030 1319 Pi-

227 1341 315 1372 latum
330 1337 465 1365 dicentem
482 1346 489 1365 :
508 1349 521 1361 «ι
537 1338 640 1372 Regem
662 1337 741 1364 illum
756 1337 920 1364 Judmorum
937 1336 1030 1364 dimit-

229 1387 296 1415 tam,
315 1393 328 1406 ι»
345 1382 459 1410 irrident
471 1390 545 1409 nunc
562 1390 626 1409 eum
650 1385 680 1408 ut
695 1389 797 1417 regem.
814 1383 908 1416 Neque
928 1381 1001 1408 cnim
1016 1388 1030 1407 a

230 1427 314 1454 Pilato
337 1427 458 1462 instigati
486 1426 538 1454 hoc
561 1425 707 1459 faciebant,
730 1426 776 1461 qui
800 1426 881 1453 etiam
904 1429 932 1452 et
949 1429 1031 1452 nocte

229 1471 383 1499 invaserant
404 1472 500 1498 Jesum
525 1474 624 1505 printer
647 1470 814 1498 sententiam
835 1470 968 1505 praesidis,
985 1477 1030 1505 pe-

228 1516 371 1543 cuniarnm
387 1515 473 1551 gratia
487 1515 591 1542 Judaeis
605 1514 801 1551 gratiﬁcantes.
815 1514 943 1542 Placidus
957 1514 1031 1541 enim

230 1564 289 1587 erat
314 1560 426 1594 Pilatus,
442 1564 469 1587 et
491 1567 548 1586 non
568 1559 662 1586 efferis
677 1559 811 1592 moribus,
838 1558 908 1586 sicut
929 1558 1030 1586 Judrci.

229 1605 315 1631 Porro
338 1604 429 1631 educit
444 1605 551 1638 Jesum,
578 1604 648 1631 iram
665 1604 776 1631 illorum
797 1603 972 1639 exstinguere
989 1611 1033 1631 vo-

231 1648 306 1682 lens;
322 1649 369 1676 sed
382 1649 421 1676 illi
436 1656 525 1684 neque
541 1648 580 1676 sic
603 1647 786 1676 mansuefacti
809 1653 884 1676 sunt.
907 1648 1033 1676 Clamant

230 1697 321 1720 autem
339 1702 345 1721 :
365 1705 376 1718 ει
394 1694 529 1728 Crucilige
544 1701 621 1721 eum.
641 1704 652 1718 ››
669 1694 740 1721 Cum
756 1693 866 1721 vidisset
879 1697 971 1721 autem
987 1694 1033 1720 Pi-

230 1738 302 1765 latus
315 1738 407 1765 omnia
422 1739 481 1765 haec
498 1738 597 1765 frustra
613 1738 681 1771 ﬁeri,
698 1738 784 1766 dicit:
800 1749 813 1761 «ι
830 1737 953 1774 Accipite
968 1746 1032 1765 eum

230 1790 289 1817 vos,
303 1786 330 1810 et
344 1782 491 1819 crucifigite
508 1792 514 1810 :
532 1791 583 1819 ego
597 1783 669 1810 enim
686 1791 742 1810 non
757 1782 864 1810 invenio
877 1782 904 1809 in
920 1790 953 1810 eo
968 1790 1033 1809 cau-

229 1835 298 1855 sam.
318 1839 330 1851 υ
353 1828 428 1856 Facit
448 1831 541 1856 autem
567 1827 630 1861 hoc,
646 1827 791 1863 impellens
809 1835 856 1855 eos
872 1827 899 1854 in
914 1835 973 1854 rem
995 1828 1034 1854 eis

229 1880 286 1900 non
300 1880 468 1905 concessam,
493 1872 515 1900 si
531 1872 601 1900 forte
625 1872 666 1900 sic
679 1872 838 1900 absolvatur
858 1873 946 1900 Jesus.
963 1873 1033 1899 Nam

229 1924 279 1952 ego
302 1916 425 1953 quidem,
450 1916 549 1952 inquit,
574 1916 620 1951 qui
636 1915 724 1943 habeo
746 1919 909 1952 potestatem
924 1915 1033 1943 cruciﬁ-

229 1961 321 1997 gcndi,
339 1973 352 1986 ιι
376 1961 481 1989 nullam
496 1961 605 1988 invenio
621 1968 732 1988 causam
749 1969 755 1987 :
777 1972 789 1984 ιι
808 1967 855 1987 vos
869 1964 959 1987 autem
976 1967 1033 1986 non

230 2006 361 2033 habentes
376 2010 539 2041 potestatem
554 2004 733 2040 cruciﬁgendi
746 2004 835 2032 dicitis
850 2012 913 2031 eum
929 2011 1007 2031 reum
1023 2012 1030 2032 :

237 2062 249 2074 κ
270 2050 391 2085 Accipite
406 2051 489 2085 igitur
503 2057 579 2082 eum,
596 2053 623 2076 et
637 2048 804 2084 cruciﬁgite;
823 2059 835 2072 ι
851 2048 899 2075 sed
913 2055 967 2075 non
983 2048 1031 2076 ha.

230 2095 299 2122 betis
311 2098 487 2130 potestatem,
506 2094 662 2121 dimittatur
684 2101 748 2128 ergo
764 2093 849 2120 homo
865 2092 919 2120 ille.
936 2094 1033 2129 Itaque

229 2139 293 2166 talis
306 2138 417 2174 quidem
432 2142 491 2166 erat
505 2145 582 2166 mens
603 2137 693 2170 Pilati,
718 2137 813 2165 mitior
828 2136 961 2171 videlicet,
984 2145 1033 2165 nc-

231 2191 283 2218 que
298 2187 395 2210 tamen
416 2182 545 2210 severiter
572 2190 621 2218 pro
646 2182 759 2209 veritate
786 2182 902 2209 instans.
930 2184 966 2209 At
992 2181 1031 2209 illi

231 2228 313 2255 etiam
339 2227 365 2254 in
388 2227 441 2255 hoc
462 2226 581 2261 confusi,
611 2226 708 2254 dicunt
731 2226 804 2261 quod
831 2238 844 2250 ι
869 2227 1026 2254 Secundum

231 2277 353 2300 nostram
374 2272 463 2308 legem
487 2271 569 2300 debet
596 2272 676 2305 mori,
705 2271 769 2307 quia
793 2271 894 2299 Filium
924 2272 972 2299 Dei
998 2279 1027 2299 se

230 2316 304 2344 fecit.
335 2328 347 2341 ι
369 2317 438 2344 Vide
461 2317 600 2352 quomodo
625 2316 729 2344 malitia
753 2316 803 2344 sibi
829 2324 886 2344 non
909 2320 1027 2344 constet.

231 2363 318 2397 Supra
333 2361 441 2389 dicebat
457 2361 496 2389 eis
518 2362 621 2390 Pilatus
642 2371 648 2388 :
674 2372 687 2385 ει
704 2360 825 2396 Accipite
841 2369 915 2395 eum,
938 2366 966 2388 et
988 2369 1028 2389 se-

231 2406 353 2434 cundum
369 2410 487 2434 vestram
503 2406 592 2442 legem
604 2405 736 2442 judicate,
754 2417 767 2430 ν
783 2410 810 2433 et
823 2405 891 2433 illud
911 2414 967 2433 non
982 2414 1027 2441 ap-

233 2451 393 2486 probarunt.
410 2453 488 2479 l‘iunc
502 2451 601 2478 iterum
616 2451 720 2485 dicunt,
738 2462 751 2476 ι
767 2451 925 2479 Secundum
940 2451 1027 2486 legem

230 2499 351 2523 nostram
363 2495 446 2523 debet
468 2495 552 2523 mori.
577 2507 590 2520 ι›
603 2497 688 2532 Supra
710 2496 877 2523 accusabant
891 2495 966 2531 quod
987 2494 1028 2522 l‘e-

231 2540 312 2568 cisset
324 2547 353 2568 se
363 2548 467 2576 regem,
483 2548 556 2568 nunc
573 2540 607 2568 de
621 2540 764 2568 mendacio
778 2540 928 2576 redarguti,
945 2548 1028 2567 accu—

231 2589 295 2613 sant
319 2596 331 2609 α
348 2585 423 2621 quod
437 2585 538 2613 Filium
559 2585 608 2612 Dei
624 2593 653 2613 se
666 2583 770 2613 fecerit.
788 2596 800 2609 νι
818 2585 888 2620 Quid
903 2585 954 2612 hoc
973 2585 1028 2612 cri-

232 2630 302 2658 mini
316 2631 444 2658 vertitur?
467 2630 494 2657 Si
519 2638 600 2665 opera
616 2630 665 2657 Dei
687 2629 758 2664 facit,
782 2630 879 2658 Filium
901 2630 953 2658 Dei
968 2637 1028 2658 esse

230 2675 296 2712 quid
312 2675 455 2712 prohibet?
470 2674 538 2703 Vide
548 2679 641 2702 autem
654 2674 774 2703 divinam
785 2674 1026 2710 dispensationem,

230 2719 368 2756 quomodo
380 2719 417 2747 illi
431 2719 542 2756 quidem
557 2719 592 2747 ad
602 2719 706 2747 multos
716 2718 821 2755 judices
834 2719 963 2747 duxerint
973 2720 1028 2747 Do-

232 2765 348 2798 minum,
373 2768 404 2792 ut
426 2763 593 2792 iufamarent
613 2768 639 2792 et
653 2764 870 2792 contaminarent
890 2764 948 2800 ejus
969 2765 1027 2800 glo-

231 2809 311 2844 riam,
339 2809 388 2838 scd
410 2809 577 2838 contumelia
599 2808 628 2837 in
649 2813 732 2845 caput
753 2809 878 2845 ipsorum
894 2808 1027 2838 reciderit.

1084 934 1198 973 ἔχομεν,
1214 934 1259 963 καὶ
1273 934 1343 963 κατὰ
1358 934 1402 963 τὸν
1417 934 1496 971 νόμον
1513 936 1591 973 ἡμῶν
1605 935 1705 973 ὀφείλει
1725 935 1881 969 ἀποθανεῖν,

1085 979 1124 1008 ὅτι
1140 979 1231 1008 ἑαυτὸν
1252 981 1323 1009 Θεοῦ
1339 979 1403 1008 Υἱὸν
1419 979 1552 1015 ἐποίησεν.
1572 993 1584 1005 υ
1596 979 1670 1018 θΟρα
1687 979 1735 1007 διὰ
1763 979 1850 1008 πόσων
1868 980 1881 1011 ἡ

1141 1024 1147 1034 Ι
1203 1026 1220 1032 σν
1264 1023 1272 1034 ³
1322 1024 1333 1034 Ν
1357 1024 1363 1033 Ῐ
1455 1024 1461 1034 Ι
1587 1025 1618 1034 ’γ’
1683 1024 1690 1035 \
1842 1023 1869 1033 ἔκ

1084 1035 1165 1053 κακια
1184 1036 1236 1052 των
1274 1025 1400 1053 Ιουοαιων
1424 1024 1563 1053 δεικνυται.
1592 1026 1640 1054 Ιον
1661 1036 1717 1063 γαρ
1741 1022 1880 1062 Βαραϐνιπιν

1085 1067 1305 1107 ὁμολογουμένως
1329 1068 1431 1107 λῃστὴν
1457 1069 1639 1104 ἐξαιτοῦνται,
1657 1068 1702 1096 τὸν
1731 1068 1760 1096 δὲ
1794 1067 1881 1106 Κύριον

1086 1114 1275 1152 παραδιδόασι.
1294 1113 1429 1151 Μαστιγοῖ
1445 1109 1489 1142 οὖν
1514 1113 1592 1142 αὐτὸν
1611 1116 1624 1142 ὁ
1638 1113 1781 1149 Πιλάτος,
1798 1124 1879 1151 παρι-

1087 1157 1254 1196 μυΟήσασθαι
1285 1157 1349 1191 τέως
1376 1158 1421 1187 καὶ
1451 1159 1562 1187 ἐκλῦσαι
1595 1157 1639 1186 τὸν
1669 1158 1758 1196 θυμὸν
1804 1158 1881 1185 αὐτῶν

1088 1202 1254 1242 βουλόμενος.
1280 1202 1392 1238 Ἐπειδὴ
1409 1202 1460 1242 γὰρ
1486 1202 1528 1231 διὰ
1555 1202 1680 1242 ῥημάτων
1703 1203 1755 1231 οὐκ
1781 1201 1881 1240 ἴσχυσεν

1087 1247 1163 1276 αὐτὸν
1200 1247 1348 1283 ἐξελέσθαι,
1382 1247 1519 1286 μαστίζει,
1548 1247 1668 1276 σπεύδων
1696 1246 1766 1286 ἄχρι
1796 1246 1880 1274 τούτου

1087 1293 1183 1326 στῆσαι
1205 1291 1254 1326 τὴν
1277 1291 1373 1328 μανίαν
1401 1293 1507 1328 αὐτῶν,
1536 1292 1581 1320 καὶ
1609 1290 1655 1326 τὴν
1678 1291 1828 1330 χλαμύδα,
1843 1289 1881 1318 καὶ

1085 1336 1129 1364 τὸν
1166 1335 1292 1376 στέφανον
1320 1337 1454 1375 συγχωρεῖ
1488 1337 1655 1375 περιτεθῆναι
1686 1337 1781 1374 αὐτῷ,
1820 1334 1880 1363 ὥστε

1087 1381 1173 1409 αὐτῶν
1199 1380 1319 1419 χαλάσαι
1343 1381 1391 1415 τὴν
1407 1380 1496 1419 ὀργήν·
1513 1381 1536 1409 οἱ
1562 1379 1590 1409 δὲ
1616 1382 1785 1419 στρατιῶται
1801 1379 1880 1408 mil/:1

1087 1425 1151 1463 πρὸς
1176 1425 1254 1464 χάριν
1281 1427 1332 1453 τῶν
1358 1424 1493 1454 Ἰουδαίων
1519 1425 1692 1463 πράττουσιν.
1730 1424 1812 1454 Ἐπεὶ
1835 1424 1879 1462 γὰρ

1086 1469 1201 1504 ἤκουσαν
1219 1471 1263 1498 τοῦ
1282 1469 1398 1499 Πιλάτου
1422 1469 1543 1507 λέγοντος
1560 1478 1567 1485 '
1589 1480 1603 1498 (ι
1619 1469 1672 1499 Τὸν
1699 1468 1818 1508 βασιλέα
1835 1469 1880 1496 τῶν

1087 1513 1221 1542 Ἰουδαίων
1245 1513 1390 1550 ἀπολύσω,
1410 1526 1424 1542 ››
1449 1514 1606 1552 ἐμπαίζοοσι
1632 1513 1727 1542 λοιπὸν
1755 1514 1827 1552 αὖτῷ
1851 1514 1879 1543 ὡς

1061 1556 1071 1567 ³
1089 1559 1203 1596 βασιλεῖ.
1223 1559 1263 1588 Οὖ
1279 1558 1329 1597 γὰρ
1343 1557 1374 1594 δὴ
1395 1559 1446 1588 ὑπὸ
1466 1561 1511 1588 τοῦ
1530 1558 1651 1588 Πιλάτου
1669 1557 1879 1598 προτραπέντες,

1088 1603 1190 1631 ἐποίουν
1205 1605 1305 1639 ταῦτα,
1322 1601 1348 1632 οἵ
1365 1614 1394 1641 γε
1410 1603 1456 1632 καὶ
1479 1603 1571 1636 νυκτὸς
1593 1603 1707 1638 ἐπῆλθον
1731 1604 1770 1643 τῷ
1794 1601 1877 1636 Ἰησοῦ

1088 1646 1162 1686 παρὰ
1180 1647 1289 1686 γνώμην
1306 1650 1351 1676 τοῦ
1373 1647 1517 1685 ἡγεμόνος,
1535 1651 1588 1680 τοῖς
1602 1646 1610 1657 ³
1624 1647 1756 1680 Ιουόαίοις
1778 1644 1878 1686 [aprili-

1089 1703 1161 1730 μενοι
1174 1691 1320 1731 χρημάτων
1332 1691 1419 1721 ἕνεκα.
1436 1691 1580 1724 Μαλθακὸς
1596 1692 1643 1729 μὲν
1658 1687 1702 1720 οὖν
1721 1694 1736 1721 ὁ
1751 1690 1875 1725 Πιλᾶτος,

1086 1737 1115 1765 οὗ
1142 1737 1273 1772 κακοήθης
1299 1735 1326 1764 δὲ
1351 1736 1420 1765 κατὰ
1445 1736 1503 1769 τοὺς
1530 1735 1682 1769 Ἰουδαίους,
1702 1735 1816 1775 Ἐξάγει
1836 1733 1876 1772 μὲν

1085 1781 1135 1820 γὰρ
1147 1780 1190 1810 τὸν
1205 1780 1322 1817 Ἰησοῦν,
1340 1780 1434 1809 σϐέσαι
1454 1781 1534 1810 πάλιν
1551 1781 1638 1810 αὐτῶν
1663 1779 1707 1809 τὸν
1725 1781 1808 1818 θυμὸν
1821 1781 1875 1818 βου-

1085 1825 1213 1864 λόμενος,
1231 1824 1289 1854 ἀλλ’
1312 1825 1405 1854 ἐκεῖνοι
1426 1825 1483 1854 οὐδὲ
1509 1825 1592 1858 οὕτως
1620 1824 1715 1864 ἥμεροι
1741 1824 1876 1863 γεγόνασι,

1087 1871 1169 1908 βοῶσι
1184 1870 1220 1898 δέ·
1237 1883 1247 1895 η
1261 1869 1420 1909 Σταύρωσον
1430 1892 1438 1908 ,
1458 1869 1611 1906 σταύρωσον
1623 1869 1713 1898 αὐτόν.
1729 1880 1744 1897 ›)
1768 1867 1840 1898 Ἰδὼν
1851 1866 1874 1895 δέ

1085 1916 1099 1943 ὁ
1118 1914 1232 1946 Πιλάτος
1257 1913 1343 1951 μάτην
1365 1914 1451 1942 πάντα
1477 1915 1615 1952 γινόμενα,
1641 1913 1715 1953 φησί’
1743 1927 1755 1939 ε
1782 1912 1876 1942 Λάϐετε

1087 1957 1164 1986 αὐτὸν
1184 1959 1275 1994 ὑμεῖς,
1292 1957 1336 1986 καὶ
1356 1957 1536 1997 σταυρώσατε-
1554 1957 1607 1996 ἐγὼ
1629 1958 1680 1996 γὰρ
1695 1958 1748 1997 οὐχ
1771 1955 1874 1996 εὑρίσκω

1087 2003 1113 2030 ἐν
1131 2003 1202 2041 αὖτῷ
1215 2001 1311 2030 αἰτίαν.
1329 2015 1340 2026 η
1367 2003 1442 2031 Ποιεῖ
1468 2003 1495 2032 δὲ
1519 2005 1615 2037 τοῦτο,
1640 2004 1769 2032 συνωθῶν
1787 1999 1874 2031 αὐτοὺς

1085 2047 1121 2079 εἷς
1138 2050 1249 2086 πρᾶγμα
1265 2046 1302 2084 μὴ
1319 2046 1555 2086 συγκεχωρημένον
1581 2047 1683 2082 αὐτοῖς,
1706 2048 1744 2080 ὡς
1761 2046 1793 2075 ἂν
1813 2046 1874 2073 ἀπο-

1084 2091 1150 2131 λυθῇ
1167 2093 1180 2119 ὁ
1195 2091 1307 2127 Ἰησοῦς.
1330 2089 1403 2129 Ἐγὼ
1419 2091 1466 2128 μὲν
1490 2090 1557 2130 γὰρ,
1574 2090 1668 2130 φησὶν,
1684 2093 1697 2119 ὁ
1713 2091 1783 2130 ἔχων
1805 2089 1872 2123 ἐξου-

1087 2135 1146 2165 σίαν
1162 2138 1329 2175 σταυρῶσαι,
1357 2149 1367 2159 -
1382 2135 1506 2173 οὐδεμίαν
1532 2135 1618 2164 αἰτίαν
1633 2135 1763 2175 εὑρίσκω·
1778 2147 1791 2164 ι)
1809 2133 1875 2172 ὑμεῖς

1046 2200 1069 2232 D
1087 2180 1113 2209 δὲ
1130 2182 1153 2209 οἱ
1177 2180 1214 2218 μὴ
1242 2180 1346 2219 ἔχοντες
1368 2179 1488 2214 ἐξουσίαν
1504 2184 1648 2219 σταυροῦν,
1671 2179 1737 2218 φατὲ
1760 2178 1873 2209 ὑπαίτιον

1096 2220 1111 2232 τ
1197 2228 1213 2232 η.
1320 2228 1325 2232 ι
1359 2224 1386 2232 ιι
1449 2220 1464 2232 ’τ
1514 2225 1521 2232 9
1545 2225 1550 2232 κ
1637 2225 1642 2232 ι
1754 2225 1761 2232 l

1087 2224 1153 2253 εἶναι
1168 2228 1268 2254 τοῖτον.
1283 2238 1295 2250 ιι
1310 2224 1416 2254 Λαϐέτε
1435 2224 1478 2253 οὖν
1493 2225 1586 2261 αὐτὸν,
1601 2225 1646 2254 καὶ
1659 2225 1839 2264 σταυρώσατε.
1858 2232 1870 2250 ι

1083 2268 1154 2298 Ἀλλ’
1170 2270 1217 2298 οὐκ
1244 2269 1317 2308 ἔχετε
1333 2269 1468 2305 ἐξουσίανς
1490 2270 1584 2298 οὐκοῦν
1608 2269 1768 2304 ἀπολυθήτω
1792 2270 1806 2297 ὁ
1832 2266 1871 2295 ἄν·

1082 2316 1193 2353 θρωπος.
1219 2315 1342 2346 Ἰὀιοῦτος
1368 2313 1415 2351 μὲν
1441 2308 1486 2342 οὖν
1510 2315 1524 2342 ὁ
1546 2314 1643 2347 σκοπὸς
1667 2316 1713 2342 τοῦ
1742 2312 1870 2346 Πιλάτου,

1082 2357 1271 2397 ἐπιεικέστερος
1292 2358 1412 2396 δηλαδὴ,
1430 2359 1458 2387 οὐ
1485 2358 1537 2396 μὴν
1562 2358 1713 2391 ἔνστατικὸς
1742 2357 1806 2397 ὑπὲρ
1829 2357 1871 2389 τῆς

1081 2403 1216 2439 ἀληθείας.
1246 2404 1281 2433 Οἱ
1308 2402 1396 2432 δὲκαὶ
1421 2403 1447 2431 ἐν
1469 2403 1554 2442 τούτῳ
1577 2403 1813 2442 καταισχυνθέντες
1833 2398 1871 2428 λέ·

1081 2458 1184 2485 γουσιν,
1205 2447 1245 2477 ὅτι
1268 2461 1280 2474 α
1309 2447 1387 2477 Κατὰ
1407 2447 1452 2476 τὸν
1473 2446 1552 2486 νόμον
1574 2449 1652 2485 ἡμῶν
1684 2447 1783 2487 ὀφείλει
1809 2446 1869 2474 ἀπο·

1081 2494 1184 2529 θανεῖν,
1199 2492 1239 2521 ὅτι
1254 2492 1317 2522 Υἱὸν
1340 2492 1410 2522 Θεοῦ
1435 2492 1528 2521 ἑαυτὸν
1552 2492 1688 2528 ἐποίησεν,
1708 2505 1720 2518 ιι
1739 2492 1812 2531 Ὅρα
1826 2489 1869 2523 τὴν

1081 2537 1176 2566 κακίαν
1209 2536 1367 2575 ἀσύμφωνον
1393 2538 1482 2576 ἑαυτῇ.
1520 2533 1591 2566 Ἀνω
1628 2536 1717 2576 ἔλεγεν
1747 2535 1829 2566 αὐτοῖς
1854 2533 1866 2560 δ

1085 2581 1217 2614 [1ιλάτος’
1253 2592 1267 2609 u
1300 2580 1405 2610 Λαϐέτε
1433 2581 1511 2610 αὐτὸν
1538 2583 1631 2620 ὑμεῖς’,
1661 2580 1706 2610 καὶ
1734 2580 1802 2610 κατὰ
1829 2577 1868 2606 τὸν

1083 2625 1160 2663 νόμον
1187 2627 1261 2662 ὑμῶν
1293 2624 1407 2664 κρίνατε
1453 2637 1468 2654 (ι
1491 2626 1537 2655 καὶ
1561 2627 1608 2655 οὐκ
1637 2625 1758 2660 ἐδέξαντο
1786 2626 1864 2653 τοῦτο.

1083 2671 1138 2700 Νῦν
1162 2670 1258 2708 πάλιν,
1285 2669 1324 2699 ὅτι
1361 2681 1374 2698 ι(
1396 2670 1473 2700 Κατὰ
1496 2670 1541 2699 τὸν
1568 2670 1647 2708 νόμον
1682 2672 1759 2708 ἡμῶν
1780 2666 1867 2708 ὀφείλει

1083 2715 1222 2744 ἀποθανεῖν
1236 2737 1243 2751 ,
1260 2726 1274 2743 ι)
1299 2714 1484 2755 προφέρουσιν.
1523 2713 1604 2751 Ἂνω,
1625 2715 1666 2744 ὅτι
1686 2714 1800 2744 Βασιλέα
1815 2714 1867 2741 ίαν·

1082 2759 1125 2788 τὸν
1149 2760 1233 2796 ποιεῖ,
1258 2760 1408 2790 ἐνεκάλουν·
1423 2762 1469 2789 νῦν
1486 2759 1585 2789 ἐκείνου
1609 2761 1718 2799 ψευδοῦς
1741 2755 1867 2798 ἐλεηθέν-

1082 2815 1140 2841 τος,
1164 2816 1178 2832 α
1199 2803 1267 2835 Ὅτι
1288 2805 1352 2835 Υἱὸν
1376 2806 1446 2835 Θεοῦ
1470 2805 1562 2834 ἑαυτὸν
1590 2806 1674 2842 ποιεῖ,
1691 2815 1706 2834 ι
1724 2804 1865 2843 ἐγκαλοῦσι-
