1927 3076
41 167 78 196 265
381 158 576 192 ENARRATIO
595 163 628 191 IN
646 160 864 191 EVANGELIUM
880 159 1030 189 JOANNIS.
1051 174 1086 181 —
1104 155 1180 188 CAP.
1200 160 1265 188 XIX.
1597 157 1649 188 266

42 230 83 260 Καὶ
110 228 132 257 τί
155 229 226 257 τοῦτο
250 226 390 266 ἔγκλημας
431 228 466 257 Εἰ
501 226 535 256 τὰ
560 226 625 265 ἔργα
653 228 699 255 τοῦ
725 226 796 255 Θεοῦ

861 223 927 251 Hinc
951 223 1026 251 enim
1047 223 1134 257 magis
1154 222 1248 250 insons
1270 221 1485 256 demonstratur,
1511 230 1569 250 rem
1592 226 1650 251 tam

41 278 104 311 ποιεῖ,
126 272 182 303 Υἶὸν
196 272 263 302 Θεοῦ
288 267 354 301 εἶναι
380 271 406 301 τί
433 271 530 301 κωλύει
553 271 651 309 αὖτόν;
676 269 751 310 ⁴⁷Ορα
767 269 795 299 δὲ

861 269 994 304 litigenter
1016 266 1238 303 disquirentibus.
1260 266 1374 301 Quoties
1397 266 1437 294 vel
1460 266 1563 295 Pilatus
1583 275 1650 296 con-

41 319 75 354 τὴν
92 318 152 347 θείειν
176 316 342 354 οἰκονομίαν,
367 318 424 350 πῶς
445 318 538 346 ἐκεῖνοι
563 315 609 352 μὲν
632 315 736 345 πλείοσι
755 316 796 344 δι-

861 312 939 340 ἐςςυς
951 316 992 340 est
1002 320 1031 340 se
1041 312 1109 340 nihil
1122 311 1243 339 invenire
1255 314 1345 339 morte
1357 311 1488 347 dignum!

40 363 162 403 κπστηρίοις
176 361 327 400 παρεδίδουν
348 361 391 391 τὸν
412 360 527 401 Κύριον,
553 361 622 390 ὥστε
639 360 822 398 μωμήσασθαι
836 358 914 387 αὐτὸν
925 381 933 397 ,
949 357 994 386 καὶ
1010 361 1180 396 καταχρᾶνοιι
1200 357 1247 392 τὴν
1267 356 1343 390 δόξαν
1360 357 1456 395 αὐτοῦ,
1473 357 1510 389 εἷς
1531 357 1650 396 κεφαλὴν

40 409 60 438 δὲ
75 400 146 440 αὐτοῖς
171 406 278 446 ἡῧϐρις
298 400 493 446 περιτρέπεται·
519 407 635 435 ἐντεῦθεν
659 405 710 444 γὰρ
734 405 836 443 μᾶλλον
861 402 1035 441 ἄχατάχριτος
1059 402 1251 438 διαδείκνυτοιι,
1278 400 1464 439 ἐξεταζομένου
1491 403 1538 430 τοῦ
1562 401 1649 442 πράγ-

41 464 103 492 ματος
114 451 298 492 ἀκριϐέστερον.
316 451 434 484 Ποσάκις
449 453 537 490 γοῦνὸ
555 451 671 484 Πιλάτος
690 449 847 489 ὡμολόγησε
863 448 944 487 μηδὲν
961 448 1090 487 εὑρίσκειν
1114 448 1141 476 ἐν
1164 448 1236 487 αὐτῷ
1252 447 1365 476 θανάτου
1383 446 1468 480 dimov!

74 497 150 528 ιιὍτε
170 492 212 526 οὖν
228 496 338 532 ἤκουσεν
354 497 367 525 ὅ
394 495 510 530 Πιλάτος
531 498 622 525 τοῦτον
641 495 684 524 τὸν
705 495 799 534 λόγον,

41 543 118 580 μᾶλλον
139 541 267 582 ἐφοϐήθη,
302 543 348 570 καὶ
372 541 492 576 εἰσῆλθεν
521 541 558 573 εἰς
583 541 613 582 τῇ
639 540 799 580 πραιτώριον

39 588 113 622 πόλιν,
134 581 175 616 καὶ
199 587 269 624 λέγει
285 587 323 625 τῷ
348 585 446 621 Ἰησοῦ·
476 585 561 616 Πόθεν
589 581 613 614 εἶ
640 585 688 622 σός
710 583 745 615 Ὁ
772 584 799 613 δὲ

41 631 120 667 Ἰησοῦς
140 631 271 671 ἀπόκρισιν
284 632 331 660 οὐκ
347 631 444 660 ἔδωκεν
465 631 548 669 αὐτῷ.
564 628 644 669 Λέγει
662 625 706 659 οἶν
726 631 798 669 αὐτῷ

39 678 48 705 ὃ
63 676 166 709 Πιλάτος-
181 675 257 714 Ἐμοὶ
272 676 302 704 οὖ
319 676 426 711 λαλεῖς;
442 676 500 705 Οὐκ
515 671 586 708 οἶδας
596 698 603 711 ,
622 674 662 704 ὅτι
680 675 798 709 ἐξουσίαν

39 722 79 759 ἔχω
90 720 225 760 σταυρῶσαί
242 732 290 757 σε,
308 720 354 749 καὶ
371 719 490 754 ἐξουσίαν
513 720 568 759 ἔχω
592 719 726 748 ἀπολῦσαί
749 730 797 756 σε;

40 765 153 804 Ἀπεκρίθη
189 764 297 800 Ἰησοῦς·
335 766 394 794 Οὖκ
427 760 496 804 εἶχες
531 764 650 798 ἐξουσίαν
675 765 800 802 οὐδεμίαν

41 809 163 847 χατ“ἔμοῦ,
179 809 247 847 εἰμὴ
265 805 296 845 ἦν
312 821 352 839 σοι
374 809 514 847 δεδομένον
531 808 642 839 ἄνωθεν.
657 809 709 838 Διὰ
726 812 802 839 τοῦτο

41 854 208 893 δπαριδιδούς
231 853 265 891 μέ
294 866 335 884 σοι
359 854 465 893 μείζονα
491 853 623 894 ἁμαρτίαν
647 853 715 893 ἔχει.
735 867 747 880 ι
768 854 802 884 Ὁ

42 898 76 936 μὲν
97 898 200 932 Πιλᾶτος
223 898 298 939 ψιλὸν
324 899 401 937 λόγον
423 898 502 937 μόνον
528 898 658 936 ἀκούσας,
674 898 713 927 ὅτι
740 899 802 932 Υἱός

41 944 81 972 im
92 947 129 972 τοῦ
141 946 223 979 Θεοῦ,
240 943 370 982 adesi-ur
387 944 412 973 οἱ
429 943 456 972 δὲ
471 943 516 972 καὶ
537 943 604 983 ἔργα
620 946 676 973 θεῖα
695 943 801 981 ἰδόντες,

42 990 161 1026 ἀναιροῦσιν
172 988 263 1025 αὐτὸν,
280 988 345 1027 ὑπὲρ
361 983 396 1017 ὧν
412 989 492 1028 ἐχρῆν
506 991 672 1028 προσκυνεῖν.
695 987 803 1029 Ἐρωτᾷ

73 1033 153 1067 αὐτὸν,
176 1034 224 1072 οὐχ
246 1032 330 1066 οὕτως
350 1032 441 1072 ὥσπερ
469 1033 605 1072 πρότερον·
623 1044 638 1061 α
652 1032 688 1062 Τί
711 1033 804 1068 ἐποίη-

41 1088 92 1113 σιςς
106 1088 118 1105 ››
135 1077 214 1113 ἀλλὰ,
233 1090 245 1104 ι
265 1077 313 1110 Τίς
329 1072 353 1106 εἶ
368 1077 418 1114 σύ;
437 1091 449 1104 ν
474 1077 544 1107 Τότε
568 1077 617 1115 μὲν
637 1077 688 1117 γὰρ
711 1078 802 1113 ἐπειδή

41 1123 66 1153 ὡς
94 1123 220 1160 βασιλειῶν
250 1122 416 1159 ἐνεκαλεῖτο,
456 1122 563 1154 εἰκότως
598 1123 693 1162 ἐρωτᾷ·
725 1136 737 1149 α
768 1123 804 1153 Τί

42 1166 158 1203 ἐποίησας,
169 1180 180 1192 ν
191 1169 233 1195 νῦν
252 1167 298 1202 δὲ,
317 1167 375 1196 ἐπεὶ
394 1168 430 1200 ὡς
450 1167 513 1196 “by
526 1169 597 1196 (θεοῦ
614 1167 705 1196 ἑαυτὸν
722 1169 803 1197 ποιῶν

42 1210 202 1247 διαϐάλλεται,
225 1213 323 1252 ἐρωτᾷ·
351 1223 365 1240 (
391 1211 476 1240 Πόθεν
501 1207 525 1240 εἷ
545 1211 592 1247 σός
611 1225 623 1238 ι
648 1211 750 1247 Ἰησοῦς
777 1212 804 1242 δὲ

41 1254 199 1294 σιγᾷ.⁷Ιίμαθε
220 1256 274 1295 γὰρ
289 1257 353 1296 παρ’
377 1257 457 1285 αὐτοῦ
482 1257 496 1285 ὁ
513 1256 646 1291 Πιλάτος,
667 1257 707 1285 ὅτι
727 1270 739 1283 αι
759 1258 804 1290 Εἷς

40 1302 98 1328 toi-.0
111 1300 271 1339 γεγέννημαι·
289 1312 303 1329 ι)
318 1300 381 1335 καὶ,
398 1314 410 1327 ιι
424 1302 459 1330 Ἣ
474 1301 595 1340 βασιλεία
613 1313 662 1338 μου
676 1303 721 1330 οὐχ
735 1302 804 1331 ἔστιν

41 1345 142 1373 ἐντεῦθεν
167 1359 177 1370 ιι
203 1345 249 1375 καὶ
278 1345 349 1383 ὅμως
374 1345 448 1375 οὐδὲν
471 1347 501 1374 ἐκ
532 1345 631 1375 τούτων
661 1346 802 1386 ὠφελήθη,

40 1388 83 1417 οὐδὲ
101 1390 201 1425 ἀντέστη
225 1390 292 1429 ὓπὲρ
318 1393 363 1426 τῆς
387 1390 530 1427 ἀληθείας,
553 1391 613 1419 ἀλλ’
639 1390 748 1420 ἐνέδωκε
772 1394 804 1431 τῇ

40 1437 74 1461 τοῦ
92 1433 161 1474 όχλου
184 1437 264 1474 ὁρμῇ.
283 1436 330 1465 Διὸ
346 1437 359 1464 ὁ
381 1435 478 1476 Κύριος
501 1434 548 1468 τὰς
564 1435 705 1474 ἐρωτήσεις
726 1438 804 1466 αὐτοῦ

41 1479 67 1510 ὣς
87 1480 135 1514 εἰκῆ
167 1480 308 1518 γενομένας
339 1481 490 1517 διαπτύων,
516 1480 589 1509 οὐδὲν
619 1480 802 1520 ἀποκρίνεται.

40 1521 111 1558 Ὅλως
124 1523 148 1553 δὲ
167 1525 288 1564 φαίνεται
310 1526 324 1553 ὁ
342 1524 459 1558 Πιλάτος
483 1524 520 1563 μὴ
540 1525 646 1565 στεῤῥός
667 1537 706 1558 τις
721 1521 804 1563 εἶναι,

888 498 978 525 Vsus.
1001 500 1076 525 8-H.
1102 508 1115 521 ι
1136 498 1204 525 Cum
1219 504 1284 532 ergo
1307 495 1429 524 audisset
1452 495 1557 524 Pilatus
1576 495 1650 525 hunc

853 550 1019 576 sermonem,
1036 542 1125 578 magis
1146 541 1249 569 timuit.
1275 542 1310 569 Et
1324 541 1465 576 ingressus
1485 545 1527 569 est
1551 545 1651 576 praeto-

853 587 924 615 rium
939 587 1050 620 iterum,
1066 591 1093 614 et
1106 586 1174 614 dicit
1188 586 1222 614 ad
1236 587 1330 614 Jcsum
1344 595 1350 613 :
1367 585 1449 614 Unde
1463 593 1492 614 es
1508 587 1558 614 tu?
1572 586 1652 615 Jesus

853 636 943 660 autem
955 639 1117 668 responsum
1130 639 1187 659 non
1197 631 1271 659 dedit
1285 631 1318 659 ei.
1332 631 1405 659 Dicit
1416 638 1482 666 ergo
1492 631 1516 658 ei
1526 631 1630 660 Pilatus
1643 641 1651 659 :

854 676 920 704 Mihi
935 685 989 704 non
1004 677 1140 712 loqueris?
1154 676 1248 704 Nescis
1265 676 1339 712 quod
1355 680 1515 712 potestatem
1531 676 1650 704 habeam

852 721 1029 757 eruciﬁgeudi
1053 726 1090 756 te,
1115 725 1142 750 et
1162 721 1279 749 habeam
1302 725 1463 757 potestatem
1489 720 1648 749 absolvendi

858 768 905 794 te?
925 766 1079 802 Respondit
1099 767 1180 794 Jesus
1196 775 1202 794 :
1216 768 1278 794 Non
1294 766 1408 794 haberes
1423 770 1590 802 potestatem
1604 766 1652 794 ad-

858 819 966 839 versum
986 820 1029 839 me
1043 812 1137 847 ullam,
1158 811 1210 839 nisi
1226 811 1273 839 tibi
1289 811 1383 839 datum
1399 816 1469 839 eSset
1483 819 1498 839 e
1516 811 1651 847 supernis.

857 857 1002 892 Propterea
1019 857 1064 892 qui
1079 865 1122 884 me
1137 856 1248 884 tradidit
1263 856 1324 890 tibi,
1340 856 1428 892 majus
1443 860 1585 892 peccatutn
1601 856 1652 884 ha-

858 901 912 928 bet.
940 913 952 925 ιι
970 901 1071 928 Pilatus
1094 901 1203 936 quidem
1225 901 1317 929 audito
1343 901 1417 928 nudo
1438 908 1564 928 sermone
1578 901 1653 937 quod

856 946 892 974 sit
913 946 998 974 Filius
1020 946 1079 978 Dei,
1104 946 1230 982 pavescit.
1252 946 1291 973 llli
1309 945 1390 973 etiam
1412 946 1540 981 operibus
1555 945 1654 974 divinis

857 990 922 1018 visis
935 999 999 1018 eum
1013 990 1150 1023 occidunt,
1165 995 1278 1026 propter
1291 997 1352 1026 qua:
1367 990 1481 1018 adorare
1495 990 1651 1026 oportebat.

857 1035 1115 1071 Interrogatautem
1128 1043 1191 1063 eum
1203 1043 1260 1062 non
1276 1040 1305 1063 ut
1317 1035 1398 1071 prius,
1415 1047 1427 1059 σι
1440 1034 1512 1070 Quid
1521 1035 1627 1062 fecisti?
1639 1047 1651 1060 ι

858 1079 914 1111 sed,
933 1091 946 1104 ι
957 1081 1024 1115 Quis
1039 1088 1067 1108 es
1082 1083 1128 1108 tu?
1142 1092 1153 1104 ι
1166 1081 1237 1108 Nam
1248 1081 1310 1116 quia
1327 1085 1392 1107 tunc
1407 1080 1516 1116 quidem
1533 1084 1562 1107 ut
1574 1080 1653 1116 regni

858 1124 1015 1152 invasorem
1039 1125 1200 1161 arguebant,
1217 1125 1317 1152 merito
1341 1125 1466 1160 rogabat,
1483 1136 1495 1149 ι
1521 1125 1594 1160 Quid
1615 1123 1654 1153 fec

858 1169 934 1198 cisti?
954 1181 967 1194 ι»
985 1171 1063 1197 Nunc
1074 1174 1165 1197 autem
1178 1169 1241 1205 quia
1255 1173 1384 1197 accusant
1402 1169 1476 1205 quod
1491 1170 1588 1197 Filium
1603 1169 1655 1197 Dei

858 1221 887 1242 se
902 1214 1007 1247 fecerit,
1017 1218 1104 1250 rogat,
1117 1213 1199 1250 ’147
1216 1226 1227 1238 ι
1244 1213 1325 1242 Unde
1339 1222 1367 1242 es
1376 1216 1420 1242 tu?
1436 1226 1448 1238 ιι
1465 1215 1546 1241 Jesus
1561 1219 1655 1242 autem

858 1262 938 1287 taret.
952 1259 1089 1287 Didicerat
1101 1259 1174 1286 enim
1189 1259 1222 1286 ab
1249 1266 1282 1286 eo
1297 1259 1399 1286 Pilatus
1413 1258 1489 1294 quod
1512 1270 1525 1283 ι
1548 1260 1579 1286 ln
1603 1258 1655 1287 hoc

858 1308 938 1331 natus
945 1312 1018 1337 sum,
1028 1315 1040 1327 ι
1048 1309 1085 1338 et,
1097 1316 1108 1327 ι
1122 1305 1250 1339 Regnum
1262 1312 1354 1331 meum
1362 1312 1418 1331 non
1427 1308 1468 1332 est
1476 1304 1554 1331 hinc;
1567 1315 1578 1327 ιι
1588 1308 1652 1331 atta-

859 1356 923 1376 men
945 1348 1013 1376 nihil
1034 1357 1064 1376 ex
1081 1349 1123 1376 his
1148 1349 1268 1385 percepit
1289 1349 1423 1383 utilitatis,
1446 1356 1534 1385 neque
1555 1349 1657 1376 restitit

858 1393 918 1421 aliis
942 1402 991 1430 pro
1015 1393 1136 1427 veritate,
1164 1393 1212 1421 sed
1244 1394 1325 1422 cessit
1347 1394 1436 1422 turba?
1464 1394 1655 1422 tumultuanti.

859 1438 964 1466 Idcirco
984 1439 1119 1466 Dominus
1134 1438 1361 1474 interrogationes
1379 1439 1447 1474 ejus,
1463 1443 1558 1474 utpote
1572 1438 1658 1467 factas

859 1486 972 1516 temere,
995 1491 1134 1519 respuens,
1150 1483 1215 1510 nihil
1242 1483 1398 1519 respondet.
1423 1483 1542 1511 Omnino
1565 1487 1658 1511 autem

860 1528 966 1556 videtur
985 1528 1090 1556 Pilatus
1112 1537 1169 1555 non
1184 1536 1242 1556 esse
1266 1528 1387 1556 fervidus
1407 1532 1435 1556 et
1448 1532 1587 1562 constans,
1608 1528 1658 1556 sed

42 1567 92 1597 ἀλλὰ
103 1569 142 1597 καὶ
156 1569 211 1598 λίαν
225 1569 280 1598 ὑπὸ
300 1571 352 1598 τῶν
373 1569 507 1608 τυχόντων
530 1569 670 1609 φοϐήτρων
691 1570 804 1600 διασειό-

862 1572 884 1600 is
899 1581 980 1609 quem
1004 1573 1046 1601 vel
1068 1581 1152 1609 pauca
1168 1572 1294 1609 quzedam
1318 1573 1540 1601 terriculamenta
1558 1580 1659 1601 concu-

41 1623 105 1648 μενος.
123 1614 174 1644 Καὶ
190 1614 240 1654 γὰρ
263 1614 313 1644 χαὶ
336 1614 394 1648 τοὺς
417 1614 560 1648 Ἰουδαίους
584 1614 730 1651 ἐδεδοίκει,
761 1616 806 1645 καὶ

41 1656 71 1684 τὸν
83 1657 190 1694 Ἰησοῦν,
209 1661 245 1692 ὡς
270 1659 337 1689 Υἱὸν
365 1661 452 1695 Θεοῦ,
479 1659 610 1699 ἔφριττεν.
638 1659 753 1697 Ἰδωμεν
779 1661 806 1690 δὲ

40 1701 73 1730 ιιιὶ
93 1704 140 1736 πῶς
160 1704 250 1733 ἑαυτὸν
271 1704 442 1743 κατακρίνει,
468 1705 501 1733 δι’
525 1699 562 1733 ὧν
586 1703 665 1743 λέγει·
685 1717 700 1731 α
718 1704 807 1738 Ἐξου-

41 1744 83 1774 oin
103 1747 150 1786 ἔχω
174 1749 330 1787 σταυρῶσαί
354 1760 398 1786 σε,
419 1749 465 1778 καὶ
491 1747 608 1781 ἐξουσίαν
635 1748 691 1788 ἔχω
708 1750 808 1779 ἀπολῦ-

40 1791 73 1818 σαί
85 1803 118 1821 σε.
134 1807 145 1818 ι
166 1794 197 1823 Εἰ
217 1793 270 1833 γὰρ
282 1792 314 1822 τὸ
328 1798 381 1822 πᾶν
401 1795 428 1823 ἐν
444 1793 485 1823 σοὶ
504 1794 603 1831 ἔκειτο,
625 1794 695 1827 τίνος
719 1793 807 1824 ἕνεκεν

41 1835 76 1863 οὐκ
88 1837 203 1874 ἀπέλυες,
223 1837 252 1867 ὃν
275 1837 395 1867 ἀναίτιον
425 1835 513 1877 εἶρεςς
539 1838 571 1868 Ὁ
597 1838 623 1867 δὲ
643 1840 739 1878 Κύριος
763 1840 806 1868 τὸν

40 1879 100 1919 view
122 1882 196 1912 αὐτοῦ
217 1884 365 1912 κατασπῶν
377 1906 385 1920 ,
405 1894 419 1912 (ι
438 1884 498 1913 Οὐκ
515 1878 601 1922 εἶχες,
623 1884 721 1924 φησὶν,
738 1883 810 1917 ἐξου-

40 1924 85 1953 σίςιν
103 1927 218 1965 οὖδεμίαν
245 1929 310 1957 κατ’
339 1929 422 1966 ἐμοῦ,
440 1929 462 1957 εἷ
491 1927 527 1965 μὴ
551 1923 582 1963 ἦν
605 1923 646 1958 σοι
670 1928 808 1965 δεδομένον

41 1967 125 2001 ἄνωθεν.
142 1983 155 2000 ι
170 1973 210 2002 Οὐ
225 1972 278 2011 γὰρ
301 1971 392 2006 ἅπλῶς
405 1972 487 2005 οὕτως
503 1972 678 2011 ἀποθνήσκω,
697 1973 767 2002 ἄλλοί
783 1985 807 2003 τι

42 2016 141 2049 μυστικὸν
162 2017 275 2046 ἐπιτελῶ
286 2041 296 2054 ,
313 2017 359 2046 καὶ
382 2017 480 2046 ἄνωθεν
496 2021 572 2047 τοῦτο
595 2018 630 2051 εἷς
645 2019 735 2053 κοινὴν
757 2030 809 2047 σω-

41 2058 112 2097 τηρίαν
125 2061 297 2100 προώρισται.
315 2060 379 2091 Ἵνα
392 2061 419 2090 δὲ
437 2062 474 2100 μὴ
493 2062 623 2097 ἀκούσας,
638 2063 678 2091 ὅτι
698 2076 708 2088 ι
721 2061 807 2091 Ἄνω-

43 2103 72 2130 θέν
90 2104 137 2133 ἐστι
157 2106 314 2144 δεδομένον,
329 2119 342 2136 n
363 2107 474 2146 νομίσῃς
501 2106 675 2146 ἀπηλλάχθαι
701 2107 810 2143 εὐθύνης

43 2148 97 2192 ξπρᾶ
110 2151 166 2190 Θεῷ
181 2150 223 2180 τὸν
242 2151 362 2181 Πιλάτον
374 2173 382 2187 ,
399 2151 531 2192 ἐπιφέρει,
553 2151 594 2180 ὅτι
611 2163 625 2178 α
647 2150 682 2181 “Ο
697 2153 810 2192 παραδι-

43 2190 86 2225 δθύς
104 2193 132 2231 μέ
148 2206 186 2224 σοι
207 2195 318 2234 μείζονα
343 2190 483 2236 ἁμαρτίαν
498 2195 567 2235 ἔχει,
590 2209 603 2222 ι
619 2190 744 2226 Δείκνυσι
759 2196 809 2236 γὰρ

859 1617 942 1645 tiunt.
960 1620 1030 1646 Nam
1051 1622 1078 1645 et
1093 1619 1202 1646 Judaeos
1214 1618 1338 1651 timebat,
1355 1622 1383 1645 et
1401 1619 1496 1646 Iesum
1510 1622 1542 1646 ut
1557 1618 1656 1646 Filium

859 1663 911 1690 Dei
930 1662 1069 1691 horrebat.
1095 1662 1244 1691 Videamus
1259 1667 1352 1690 autem
1374 1663 1514 1699 quomodo
1538 1663 1658 1699 Seipsum

859 1707 1028 1735 condemnet
1047 1715 1094 1743 per
1109 1716 1139 1735 ea
1156 1715 1217 1744 quae
1235 1707 1302 1735 dicit
1319 1719 1324 1735 :
1351 1719 1364 1732 ιι
1391 1709 1557 1736 Potestatem
1572 1707 1658 1736 habeo

860 1752 1035 1788 cruciﬁgendi
1050 1756 1087 1785 te,
1104 1757 1131 1780 et
1145 1756 1307 1788 potestatem
1321 1752 1406 1780 habeo
1421 1753 1576 1780 dimittendi
1590 1757 1625 1780 te.
1645 1763 1658 1776 ν

860 1796 887 1824 Si
912 1797 985 1824 enim
1007 1797 1059 1824 hoc
1081 1801 1169 1824 totum
1202 1796 1297 1831 habes,
1322 1801 1350 1824 et
1375 1797 1402 1824 in
1428 1801 1453 1824 te
1477 1797 1562 1824 situm
1587 1801 1658 1825 erat.

861 1849 944 1877 quare
967 1848 1023 1868 non
1044 1841 1169 1868 dimisisti
1189 1849 1272 1877 quem
1295 1841 1439 1868 innoxium
1458 1841 1609 1868 invenisti?
1625 1845 1662 1870 At

863 1886 999 1914 Dominus
1014 1885 1116 1914 fastum
1131 1886 1187 1921 ejus
1198 1886 1364 1920 deprimens,
1380 1885 1470 1921 inquit
1486 1894 1493 1913 :
1510 1897 1523 1909 ι
1539 1888 1600 1913 Non
1615 1885 1661 1913 ha-

861 1931 939 1959 beres
951 1934 1114 1967 potestatem
1129 1931 1212 1958 ullam
1228 1930 1372 1958 adversum
1388 1938 1445 1963 me,
1460 1930 1511 1957 nisi
1526 1934 1598 1957 esset
1612 1929 1661 1958 tibi

861 1983 979 2012 superne
992 1976 1098 2003 datum.
1119 1987 1131 2000 ι
1149 1977 1209 2003 Non
1224 1975 1299 2003 enim
1314 1975 1350 2003 ita
1366 1974 1528 2010 simpliciter
1543 1973 1659 2008 morior,

862 2021 909 2048 sed
921 2021 1065 2056 mysticum
1076 2020 1178 2056 aliquid
1193 2019 1313 2056 perﬁcio,
1329 2024 1356 2047 et
1370 2019 1537 2055 praeﬁnitum
1552 2023 1595 2048 est
1608 2019 1661 2047 hoc

862 2073 981 2101 superne
1001 2066 1027 2093 iu
1047 2066 1164 2093 salutem
1181 2064 1333 2093 hominum.
1349 2065 1390 2092 Ne
1411 2069 1514 2098 autem,
1530 2072 1595 2092 cum
1610 2072 1659 2092 au-

863 2110 943 2138 dieris
953 2110 1026 2146 quod
1043 2122 1054 2134 α
1067 2118 1184 2146 superne
1197 2110 1234 2137 sit
1245 2109 1350 2144 datum,
1361 2120 1374 2135 ιι
1391 2109 1530 2137 existimes
1544 2109 1661 2136 Pilatum

863 2155 935 2191 apud
957 2157 1044 2183 Deum
1064 2163 1079 2183 a
1093 2155 1172 2190 culpa
1193 2155 1355 2188 liberatum,
1377 2155 1471 2182 statim
1492 2153 1632 2182 subinfcrt
1651 2163 1658 2180 :

865 2211 878 2225 ι
899 2200 952 2234 Qui
966 2199 1077 2227 tradidit
1092 2208 1136 2227 me
1158 2199 1217 2233 tibi,
1240 2199 1329 2235 majus
1351 2203 1494 2235 peccatum
1520 2198 1616 2226 habet.
1646 2210 1658 2223 1

43 2235 134 2266 ἐντεῦθεν
158 2239 265 2269 καὶτὸν
292 2240 410 2270 Πιλάτον
441 2240 574 2280 ἁμαρτίας
603 2240 762 2278 ὑπεύθυνον,
789 2243 806 2270 εἰ

865 2244 996 2273 Ostendit
1009 2244 1082 2272 enim
1095 2244 1159 2272 hinc
1169 2248 1195 2272 et
1206 2244 1322 2271 Pilatum
1337 2248 1457 2279 peccato,
1473 2243 1599 2279 quamvis
1608 2243 1662 2271 mi-

43 2281 75 2325 διαὶ
87 2282 221 2318 ἰλοίττονος.
238 2286 280 2315 Οὖ
298 2285 349 2325 γὰρ
369 2285 459 2320 ἐπειδὴ
477 2285 575 2314 ἄνωθεν
593 2286 712 2325 ἐδέδοτο,
729 2298 807 2315 τουτ-

43 2323 101 2363 έστι,
114 2329 299 2370 συγκεχώρητο
323 2330 354 2359 τὸ
377 2331 518 2360 ἀποθανεῖν
534 2330 578 2359 τὸν
600 2331 735 2370 Χριστὸνξ,
759 2331 810 2367 ἤδη

43 2369 132 2401 ἀναίτιοί
145 2375 206 2402 εἰσιν
223 2375 237 2404 ὅ
259 2386 288 2403 τε
308 2375 423 2408 Πιλάτος
445 2374 491 2404 καὶ
512 2377 536 2405 οἱ
561 2375 695 2405 Ἰουδαῖοι·
723 2377 782 2406 ἀλλ’
799 2378 811 2410 ἡ

44 2414 78 2460 μὲν
98 2417 204 2457 ὑμετέρα
227 2418 381 2460 προαίρεσις
411 2420 441 2449 τὸ
464 2419 545 2449 κακὸν
573 2419 719 2458 ἐϐούλετο,
748 2421 762 2449 δ
784 2421 812 2450 δὲ

43 2458 94 2493 θεὸς
119 2462 201 2501 εἴασε,
229 2458 277 2493 καὶ
301 2458 484 2504 συνεχώρησεν
510 2466 546 2498 εἰς
575 2464 650 2503 ἔργον
678 2464 813 2504 προϐῆναι

44 2503 131 2542 ταύτην.
154 2507 258 2537 Οὔκουν
275 2509 389 2538 ἀναίτιοι
412 2510 435 2538 οἱ
450 2510 579 2549 πονηροὶ,
603 2508 694 2545 ἐπειδὴ
717 2511 731 2538 ὁ
746 2509 814 2543 Θεὸς

44 2555 153 2594 ξυγχωρεῖ
180 2553 227 2588 τὴν
251 2554 341 2582 αὐτῶν
374 2553 472 2583 κακίαν
504 2555 540 2587 εἷς
569 2553 645 2594 ἔργον
674 2553 815 2584 ἐκϐαίνειν*

46 2591 96 2621 ἀλλᾶ
108 2595 166 2625 διότι
182 2597 228 2627 καὶ
246 2597 388 2637 βούλονται
410 2598 455 2628 καί
477 2598 702 2638 διαπράττονται,
728 2599 815 2636 πάσης

45 2640 200 2679 κατακρίσεως
219 2642 301 2676 ἄξιοι.

78 2695 87 2708 ι
102 2683 147 2714 Ἐκ
162 2687 255 2717 τούτου
278 2687 364 2723 ἐζήτει
388 2689 402 2717 ὃ
429 2687 548 2722 Πιλάτος
568 2689 701 2718 ἀπολῦσαι
724 2688 814 2720 αὐτόν.

46 2726 72 2772 φῖ
95 2727 117 2758 δὲ
139 2729 261 2761 Ἰουδαῖοι
292 2732 419 2771 ἔκραζον,
444 2732 574 2772 λέγοντες
605 2746 618 2759 α
635 2733 700 2763 Ἐὰν
725 2736 816 2763 τοῦτον

47 2770 174 2818 έῖολύσῃς,
189 2778 236 2806 οὐκ
257 2772 283 2806 εἷ
297 2770 369 2817 φίλος
392 2780 437 2806 τοῦ
462 2770 608 2818 Καίσαρος.
625 2780 686 2811 Πᾶς
709 2780 722 2807 ὃ
741 2780 818 2817 βασιη

46 2813 82 2844 λέι
94 2818 176 2850 ἑαυτὸν
189 2823 292 2858 ποιῶν,
308 2821 438 2861 ἀντιλέγει
455 2823 493 2863 τῷ
510 2823 639 2863 Καίσαρι.
658 2822 696 2853 ⁸0
706 2819 751 2853 οὖν
768 2824 817 2854 Πι-

161 2870 279 2899 Parum.
296 2871 348 2900 Gn.
369 2872 478 2900 CXXIV.

864 2289 925 2317 nori
942 2289 1105 2317 obnoxium.
1125 2290 1187 2316 Non
1203 2289 1278 2316 enim
1291 2289 1354 2324 quia
1369 2296 1484 2324 superne
1497 2287 1593 2315 datum
1609 2291 1661 2322 est,

864 2333 916 2362 hoc
930 2339 982 2367 est,
997 2341 1160 2362 concessum
1175 2338 1216 2361 est
1228 2337 1258 2361 ut
1271 2333 1406 2360 moriatur
1421 2332 1555 2366 Christus,
1569 2333 1662 2360 statim

866 2382 942 2406 extra
965 2386 1065 2406 noxam
1091 2382 1155 2406 sunt
1188 2378 1290 2406 Pilatus
1317 2381 1345 2405 et
1372 2377 1473 2410 Judaei;
1501 2376 1550 2404 sed
1573 2381 1665 2406 vestra

866 2422 978 2459 quidem
992 2423 1117 2450 voluntas
1129 2422 1232 2450 malum
1245 2422 1339 2456 voluit,
1353 2423 1427 2450 Deus
1438 2426 1531 2449 autem
1543 2422 1666 2457 permisit

866 2471 894 2495 et
903 2467 1040 2495 concessit
1056 2467 1123 2495 utin
1134 2475 1202 2503 opus
1217 2466 1270 2494 hoc
1285 2466 1481 2503 progrediatur.
1500 2466 1586 2503 igitur
1597 2466 1662 2494 mali

867 2520 923 2540 non
934 2517 1000 2540 sunt
1009 2512 1077 2540 citra
1092 2512 1212 2548 culpam,
1225 2512 1289 2548 quia
1307 2513 1381 2540 Deus
1396 2511 1523 2548 permisit
1536 2512 1663 2548 ipsorum

870 2557 1001 2585 malitiam
1023 2556 1133 2593 prodire
1148 2556 1175 2584 in
1190 2564 1270 2592 opus;
1286 2556 1333 2584 sed
1347 2564 1380 2584 eo
1395 2556 1469 2592 quod
1484 2560 1512 2584 et
1526 2556 1626 2584 volunt
1637 2560 1665 2584 et

871 2601 984 2636 faciunt,
1005 2602 1080 2630 omni
1103 2601 1335 2630 condemnatione
1355 2605 1420 2629 sunt
1437 2600 1522 2636 digni.

906 2693 991 2720 Vens.
1013 2694 1107 2720 12-14.
1124 2703 1136 2715 ι
1154 2693 1188 2719 Et
1203 2699 1234 2718 ex
1250 2699 1283 2719 eo
1298 2690 1440 2727 quarebat
1454 2691 1555 2718 Pilatus
1578 2690 1666 2717 absol-

873 2744 936 2764 vere
958 2744 1033 2764 eum.
1058 2735 1147 2764 Judaei
1163 2740 1256 2763 autem
1272 2736 1440 2768 clamabant,
1459 2734 1583 2762 dicentes
1614 2741 1620 2760 :
1639 2733 1667 2761 Si

869 2781 944 2809 hunc
956 2781 1116 2815 absolveris,
1130 2788 1185 2808 non
1196 2788 1225 2808 es
1240 2780 1346 2807 amicus
1359 2779 1482 2808 Caesaris.
1496 2778 1627 2814 Quisquis
1640 2785 1669 2805 se

874 2833 970 2862 regem
984 2825 1060 2860 facit.
1080 2825 1244 2854 contradicit
1258 2825 1370 2853 Casari.
1386 2824 1489 2853 Pilatus
1501 2827 1592 2852 autem
1604 2829 1670 2851 cum

1512 2869 1528 2896 9
