  <div class='ocr_page' id='page_1' title='image "/cluster/home/n/w/nwhite01/storage/ocr_20150623/124/njp.32101010942728/199.png"; bbox 0 0 1927 3076; ppageno 0'>
   <div class='ocr_carea' id='block_1_1' title="bbox 279 138 332 165">
    <p class='ocr_par' dir='ltr' id='par_1_1' title="bbox 279 138 332 165">
     <span class='ocr_line' id='line_1_1' title="bbox 279 138 332 165; baseline 0 -1"><span class='ocrx_word' id='word_1_1' title='bbox 279 138 332 165; x_wconf 82' lang='grc'><strong>267</strong></span> 
     </span>
    </p>
   </div>
   <div class='ocr_carea' id='block_1_2' title="bbox 787 136 1885 166">
    <p class='ocr_par' dir='ltr' id='par_1_2' title="bbox 787 136 1885 166">
     <span class='ocr_line' id='line_1_2' title="bbox 787 136 1885 166; baseline 0.002 -2"><span class='ocrx_word' id='word_1_2' title='bbox 787 136 1041 165; x_wconf 83' lang='lat' dir='ltr'><strong>THEOPHYLACTI</strong></span> <span class='ocrx_word' id='word_1_3' title='bbox 1061 136 1239 165; x_wconf 70' lang='grc' dir='ltr'>ΒυιϐΑειιιΕ</span> <span class='ocrx_word' id='word_1_4' title='bbox 1257 136 1415 164; x_wconf 76' lang='lat' dir='ltr'><strong>ARCHlEP.</strong></span> <span class='ocrx_word' id='word_1_5' title='bbox 1850 140 1885 166; x_wconf 72' lang='lat'><strong>268</strong></span> 
     </span>
    </p>
   </div>
   <div class='ocr_carea' id='block_1_3' title="bbox 277 197 1071 238">
    <p class='ocr_par' dir='ltr' id='par_1_3' title="bbox 277 198 1071 235">
     <span class='ocr_line' id='line_1_3' title="bbox 277 198 1071 235; baseline 0 -8"><span class='ocrx_word' id='word_1_6' title='bbox 277 198 399 228; x_wconf 79' lang='lat' dir='ltr'><strong>audisset</strong></span> <span class='ocrx_word' id='word_1_7' title='bbox 419 198 494 227; x_wconf 87' lang='lat' dir='ltr'><strong>hunc</strong></span> <span class='ocrx_word' id='word_1_8' title='bbox 515 207 684 232; x_wconf 84' lang='lat' dir='ltr'><strong>sermonem,</strong></span> <span class='ocrx_word' id='word_1_9' title='bbox 709 199 841 235; x_wconf 91' lang='lat' dir='ltr'><strong>produxit</strong></span> <span class='ocrx_word' id='word_1_10' title='bbox 866 198 941 228; x_wconf 84' lang='lat' dir='ltr'><strong>foras</strong></span> <span class='ocrx_word' id='word_1_11' title='bbox 963 201 1071 233; x_wconf 81' lang='lat' dir='ltr'><strong>Jesum,</strong></span> 
     </span>
    </p>
   </div>
   <div class='ocr_carea' id='block_1_4' title="bbox 1125 197 1887 238">
    <p class='ocr_par' dir='ltr' id='par_1_4' title="bbox 1135 197 1887 238">
     <span class='ocr_line' id='line_1_4' title="bbox 1135 197 1887 238; baseline -0.001 -9"><span class='ocrx_word' id='word_1_12' title='bbox 1135 200 1212 233; x_wconf 81' lang='grc' dir='ltr'>λάτος</span> <span class='ocrx_word' id='word_1_13' title='bbox 1234 199 1347 233; x_wconf 80' lang='grc' dir='ltr'>ἀκούσας</span> <span class='ocrx_word' id='word_1_14' title='bbox 1372 200 1463 228; x_wconf 73' lang='grc' dir='ltr'>τοῦτον</span> <span class='ocrx_word' id='word_1_15' title='bbox 1489 197 1532 228; x_wconf 84' lang='grc' dir='ltr'><strong>τὸν</strong></span> <span class='ocrx_word' id='word_1_16' title='bbox 1559 198 1651 237; x_wconf 86' lang='grc' dir='ltr'>λόγον,</span> <span class='ocrx_word' id='word_1_17' title='bbox 1680 199 1778 238; x_wconf 82' lang='grc' dir='ltr'>ἤγαγεν</span> <span class='ocrx_word' id='word_1_18' title='bbox 1798 200 1839 234; x_wconf 76' lang='grc' dir='ltr'><strong>ἔξω</strong></span> <span class='ocrx_word' id='word_1_19' title='bbox 1858 203 1887 231; x_wconf 62' lang='grc' dir='ltr'>τὶν</span> 
     </span>
    </p>
   </div>
   <div class='ocr_carea' id='block_1_5' title="bbox 276 244 1071 280">
    <p class='ocr_par' dir='ltr' id='par_1_5' title="bbox 276 244 1071 280">
     <span class='ocr_line' id='line_1_5' title="bbox 276 244 1071 280; baseline 0 -8"><span class='ocrx_word' id='word_1_20' title='bbox 276 244 400 280; x_wconf 74' lang='lat' dir='ltr'><strong>seditque</strong></span> <span class='ocrx_word' id='word_1_21' title='bbox 410 252 459 280; x_wconf 91' lang='lat' dir='ltr'><strong>pro</strong></span> <span class='ocrx_word' id='word_1_22' title='bbox 474 244 606 272; x_wconf 77' lang='lat' dir='ltr'><strong>tribunali</strong></span> <span class='ocrx_word' id='word_1_23' title='bbox 620 245 647 272; x_wconf 88' lang='lat' dir='ltr'><strong>in</strong></span> <span class='ocrx_word' id='word_1_24' title='bbox 662 245 723 272; x_wconf 89' lang='lat' dir='ltr'><strong>loco</strong></span> <span class='ocrx_word' id='word_1_25' title='bbox 738 244 783 280; x_wconf 88' lang='lat' dir='ltr'><strong>qui</strong></span> <span class='ocrx_word' id='word_1_26' title='bbox 797 244 895 272; x_wconf 89' lang='lat' dir='ltr'><strong>dicitur</strong></span> <span class='ocrx_word' id='word_1_27' title='bbox 920 244 1071 272; x_wconf 85' lang='lat' dir='ltr'><strong>Lithostro-</strong></span> 
     </span>
    </p>
   </div>
   <div class='ocr_carea' id='block_1_6' title="bbox 277 289 1072 325">
    <p class='ocr_par' dir='ltr' id='par_1_6' title="bbox 277 289 1072 325">
     <span class='ocr_line' id='line_1_6' title="bbox 277 289 1072 325; baseline 0 -8"><span class='ocrx_word' id='word_1_28' title='bbox 277 293 332 324; x_wconf 88' lang='lat' dir='ltr'><strong>tos,</strong></span> <span class='ocrx_word' id='word_1_29' title='bbox 348 289 474 316; x_wconf 79' lang='lat' dir='ltr'><strong>hebraice</strong></span> <span class='ocrx_word' id='word_1_30' title='bbox 492 293 587 317; x_wconf 90' lang='lat' dir='ltr'><strong>autem</strong></span> <span class='ocrx_word' id='word_1_31' title='bbox 608 289 758 317; x_wconf 82' lang='lat' dir='ltr'><strong>Gabbatha.</strong></span> <span class='ocrx_word' id='word_1_32' title='bbox 786 290 852 317; x_wconf 89' lang='lat' dir='ltr'><strong>Erat</strong></span> <span class='ocrx_word' id='word_1_33' title='bbox 868 293 961 317; x_wconf 90' lang='lat' dir='ltr'><strong>autem</strong></span> <span class='ocrx_word' id='word_1_34' title='bbox 991 297 1072 325; x_wconf 83' lang='lat' dir='ltr'><strong>para—</strong></span> 
     </span>
    </p>
   </div>
   <div class='ocr_carea' id='block_1_7' title="bbox 278 333 1074 369">
    <p class='ocr_par' dir='ltr' id='par_1_7' title="bbox 278 333 1074 369">
     <span class='ocr_line' id='line_1_7' title="bbox 278 333 1074 369; baseline 0 -7"><span class='ocrx_word' id='word_1_35' title='bbox 278 342 357 362; x_wconf 88' lang='lat' dir='ltr'><strong>sceve</strong></span> <span class='ocrx_word' id='word_1_36' title='bbox 380 333 504 368; x_wconf 84' lang='lat' dir='ltr'><strong>Paschae,</strong></span> <span class='ocrx_word' id='word_1_37' title='bbox 520 334 586 361; x_wconf 88' lang='lat' dir='ltr'><strong>hora</strong></span> <span class='ocrx_word' id='word_1_38' title='bbox 599 333 686 362; x_wconf 74' lang='lat' dir='ltr'><strong>ferme</strong></span> <span class='ocrx_word' id='word_1_39' title='bbox 709 338 797 362; x_wconf 85' lang='lat' dir='ltr'><strong>sexta.</strong></span> <span class='ocrx_word' id='word_1_40' title='bbox 824 345 837 358; x_wconf 77' lang='grc' dir='ltr'><strong>ιι</strong></span> <span class='ocrx_word' id='word_1_41' title='bbox 853 335 1002 369; x_wconf 78' lang='lat' dir='ltr'><strong>Postquam</strong></span> <span class='ocrx_word' id='word_1_42' title='bbox 1018 336 1074 362; x_wconf 91' lang='lat' dir='ltr'><strong>Do-</strong></span> 
     </span>
    </p>
   </div>
   <div class='ocr_carea' id='block_1_8' title="bbox 278 378 1072 414">
    <p class='ocr_par' dir='ltr' id='par_1_8' title="bbox 278 378 1072 414">
     <span class='ocr_line' id='line_1_8' title="bbox 278 378 1072 414; baseline 0 -8"><span class='ocrx_word' id='word_1_43' title='bbox 278 378 374 406; x_wconf 87' lang='lat' dir='ltr'><strong>minus</strong></span> <span class='ocrx_word' id='word_1_44' title='bbox 391 378 545 414; x_wconf 76' lang='lat' dir='ltr'><strong>perstrinxit</strong></span> <span class='ocrx_word' id='word_1_45' title='bbox 559 378 677 406; x_wconf 78' lang='lat' dir='ltr'><strong>Pilatum</strong></span> <span class='ocrx_word' id='word_1_46' title='bbox 698 386 746 414; x_wconf 90' lang='lat' dir='ltr'><strong>per</strong></span> <span class='ocrx_word' id='word_1_47' title='bbox 761 378 853 412; x_wconf 81' lang='lat' dir='ltr'><strong>verba,</strong></span> <span class='ocrx_word' id='word_1_48' title='bbox 870 383 898 406; x_wconf 90' lang='lat' dir='ltr'><strong>et</strong></span> <span class='ocrx_word' id='word_1_49' title='bbox 918 379 1072 406; x_wconf 84' lang='lat' dir='ltr'><strong>excusatio-</strong></span> 
     </span>
    </p>
   </div>
   <div class='ocr_carea' id='block_1_9' title="bbox 278 422 1074 459">
    <p class='ocr_par' dir='ltr' id='par_1_9' title="bbox 278 422 1074 459">
     <span class='ocr_line' id='line_1_9' title="bbox 278 422 1074 459; baseline 0.001 -9"><span class='ocrx_word' id='word_1_50' title='bbox 278 430 343 451; x_wconf 85' lang='lat' dir='ltr'><strong>nem</strong></span> <span class='ocrx_word' id='word_1_51' title='bbox 359 422 415 451; x_wconf 84' lang='lat' dir='ltr'><strong>sive</strong></span> <span class='ocrx_word' id='word_1_52' title='bbox 427 422 614 451; x_wconf 86' lang='lat' dir='ltr'><strong>del&#39;ensionem</strong></span> <span class='ocrx_word' id='word_1_53' title='bbox 629 423 767 457; x_wconf 81' lang='lat' dir='ltr'><strong>adhibuit,</strong></span> <span class='ocrx_word' id='word_1_54' title='bbox 781 424 855 459; x_wconf 90' lang='lat' dir='ltr'><strong>quod</strong></span> <span class='ocrx_word' id='word_1_55' title='bbox 870 424 926 451; x_wconf 83' lang='lat' dir='ltr'><strong>Nisi</strong></span> <span class='ocrx_word' id='word_1_56' title='bbox 947 424 1074 451; x_wconf 86' lang='lat' dir='ltr'><strong>volunta-</strong></span> 
     </span>
    </p>
   </div>
   <div class='ocr_carea' id='block_1_10' title="bbox 277 467 1073 503">
    <p class='ocr_par' dir='ltr' id='par_1_10' title="bbox 277 467 1073 503">
     <span class='ocr_line' id='line_1_10' title="bbox 277 467 1073 503; baseline 0.001 -9"><span class='ocrx_word' id='word_1_57' title='bbox 277 467 337 495; x_wconf 87' lang='lat' dir='ltr'><strong>rius</strong></span> <span class='ocrx_word' id='word_1_58' title='bbox 352 475 403 503; x_wconf 85' lang='lat' dir='ltr'><strong>ego</strong></span> <span class='ocrx_word' id='word_1_59' title='bbox 423 467 559 503; x_wconf 87' lang='lat' dir='ltr'><strong>meipsum</strong></span> <span class='ocrx_word' id='word_1_60' title='bbox 572 467 676 502; x_wconf 87' lang='lat' dir='ltr'><strong>darem,</strong></span> <span class='ocrx_word' id='word_1_61' title='bbox 696 472 723 495; x_wconf 91' lang='lat' dir='ltr'><strong>et</strong></span> <span class='ocrx_word' id='word_1_62' title='bbox 736 469 816 495; x_wconf 87' lang='lat' dir='ltr'><strong>Pater</strong></span> <span class='ocrx_word' id='word_1_63' title='bbox 829 468 1001 502; x_wconf 82' lang='lat' dir='ltr'><strong>concederet,</strong></span> <span class='ocrx_word' id='word_1_64' title='bbox 1017 476 1073 495; x_wconf 91' lang='lat' dir='ltr'><strong>non</strong></span> 
     </span>
    </p>
   </div>
   <div class='ocr_carea' id='block_1_11' title="bbox 278 512 1073 549">
    <p class='ocr_par' dir='ltr' id='par_1_11' title="bbox 278 512 1073 549">
     <span class='ocr_line' id='line_1_11' title="bbox 278 512 1073 549; baseline 0.001 -10"><span class='ocrx_word' id='word_1_65' title='bbox 278 512 391 539; x_wconf 83' lang='lat' dir='ltr'><strong>haberes</strong></span> <span class='ocrx_word' id='word_1_66' title='bbox 412 515 577 547; x_wconf 88' lang='lat' dir='ltr'><strong>potestatem</strong></span> <span class='ocrx_word' id='word_1_67' title='bbox 598 516 693 540; x_wconf 88' lang='lat' dir='ltr'><strong>contra</strong></span> <span class='ocrx_word' id='word_1_68' title='bbox 711 520 767 547; x_wconf 89' lang='lat' dir='ltr'><strong>me,</strong></span> <span class='ocrx_word' id='word_1_69' title='bbox 789 517 816 540; x_wconf 89' lang='lat' dir='ltr'><strong>et</strong></span> <span class='ocrx_word' id='word_1_70' title='bbox 838 512 911 549; x_wconf 91' lang='lat' dir='ltr'><strong>quod</strong></span> <span class='ocrx_word' id='word_1_71' title='bbox 932 517 1073 548; x_wconf 85' lang='lat' dir='ltr'><strong>peccatum</strong></span> 
     </span>
    </p>
   </div>
   <div class='ocr_carea' id='block_1_12' title="bbox 277 556 1072 594">
    <p class='ocr_par' dir='ltr' id='par_1_12' title="bbox 277 556 1072 594">
     <span class='ocr_line' id='line_1_12' title="bbox 277 556 1072 594; baseline 0.001 -10"><span class='ocrx_word' id='word_1_72' title='bbox 277 556 377 584; x_wconf 82' lang='lat' dir='ltr'><strong>habeas</strong></span> <span class='ocrx_word' id='word_1_73' title='bbox 392 561 420 585; x_wconf 87' lang='lat' dir='ltr'><strong>et</strong></span> <span class='ocrx_word' id='word_1_74' title='bbox 432 561 472 591; x_wconf 88' lang='lat' dir='ltr'><strong>tu,</strong></span> <span class='ocrx_word' id='word_1_75' title='bbox 488 561 517 585; x_wconf 89' lang='lat' dir='ltr'><strong>et</strong></span> <span class='ocrx_word' id='word_1_76' title='bbox 532 557 618 585; x_wconf 89' lang='lat' dir='ltr'><strong>Judas</strong></span> <span class='ocrx_word' id='word_1_77' title='bbox 634 561 730 585; x_wconf 89' lang='lat' dir='ltr'><strong>tamen</strong></span> <span class='ocrx_word' id='word_1_78' title='bbox 742 557 843 593; x_wconf 80' lang='lat' dir='ltr'><strong>majus,</strong></span> <span class='ocrx_word' id='word_1_79' title='bbox 864 557 911 594; x_wconf 90' lang='lat' dir='ltr'><strong>qui</strong></span> <span class='ocrx_word' id='word_1_80' title='bbox 929 565 973 585; x_wconf 89' lang='lat' dir='ltr'><strong>me</strong></span> <span class='ocrx_word' id='word_1_81' title='bbox 986 557 1072 585; x_wconf 88' lang='lat' dir='ltr'><strong>tradi-</strong></span> 
     </span>
    </p>
   </div>
   <div class='ocr_carea' id='block_1_13' title="bbox 277 601 1074 638">
    <p class='ocr_par' dir='ltr' id='par_1_13' title="bbox 277 601 1074 638">
     <span class='ocr_line' id='line_1_13' title="bbox 277 601 1074 638; baseline 0.001 -9"><span class='ocrx_word' id='word_1_82' title='bbox 277 601 328 636; x_wconf 86' lang='lat' dir='ltr'><strong>dit,</strong></span> <span class='ocrx_word' id='word_1_83' title='bbox 345 601 387 629; x_wconf 86' lang='lat' dir='ltr'><strong>vel</strong></span> <span class='ocrx_word' id='word_1_84' title='bbox 409 601 492 629; x_wconf 87' lang='lat' dir='ltr'><strong>etiam</strong></span> <span class='ocrx_word' id='word_1_85' title='bbox 515 602 641 638; x_wconf 89' lang='lat' dir='ltr'><strong>populus,</strong></span> <span class='ocrx_word' id='word_1_86' title='bbox 665 610 698 630; x_wconf 92' lang='lat' dir='ltr'><strong>eo</strong></span> <span class='ocrx_word' id='word_1_87' title='bbox 713 602 788 638; x_wconf 91' lang='lat' dir='ltr'><strong>quod</strong></span> <span class='ocrx_word' id='word_1_88' title='bbox 811 613 824 626; x_wconf 70' lang='grc' dir='ltr'>(ι</span> <span class='ocrx_word' id='word_1_89' title='bbox 841 604 928 638; x_wconf 84' lang='lat' dir='ltr'><strong>Super</strong></span> <span class='ocrx_word' id='word_1_90' title='bbox 950 602 1074 630; x_wconf 82' lang='lat' dir='ltr'><strong>dolorem</strong></span> 
     </span>
    </p>
   </div>
   <div class='ocr_carea' id='block_1_14' title="bbox 277 646 1074 681">
    <p class='ocr_par' dir='ltr' id='par_1_14' title="bbox 277 646 1074 681">
     <span class='ocr_line' id='line_1_14' title="bbox 277 646 1074 681; baseline 0.003 -8"><span class='ocrx_word' id='word_1_91' title='bbox 277 646 420 674; x_wconf 83' lang='lat' dir='ltr'><strong>vulnerum</strong></span> <span class='ocrx_word' id='word_1_92' title='bbox 437 654 564 674; x_wconf 89' lang='lat' dir='ltr'><strong>meorum</strong></span> <span class='ocrx_word' id='word_1_93' title='bbox 577 646 683 674; x_wconf 87' lang='lat' dir='ltr'><strong>addidit</strong></span> <span class='ocrx_word' id='word_1_94' title='bbox 696 647 718 681; x_wconf 76' lang='lat'><strong>‘,</strong></span> <span class='ocrx_word' id='word_1_95' title='bbox 735 651 763 674; x_wconf 91' lang='lat' dir='ltr'><strong>et</strong></span> <span class='ocrx_word' id='word_1_96' title='bbox 784 655 841 674; x_wconf 90' lang='lat' dir='ltr'><strong>non</strong></span> <span class='ocrx_word' id='word_1_97' title='bbox 854 651 895 675; x_wconf 88' lang='lat' dir='ltr'><strong>est</strong></span> <span class='ocrx_word' id='word_1_98' title='bbox 915 647 1074 676; x_wconf 80' lang='lat' dir='ltr'><strong>recordatus</strong></span> 
     </span>
    </p>
   </div>
   <div class='ocr_carea' id='block_1_15' title="bbox 276 690 1073 724">
    <p class='ocr_par' dir='ltr' id='par_1_15' title="bbox 276 690 1073 724">
     <span class='ocr_line' id='line_1_15' title="bbox 276 690 1073 724; baseline 0.003 -6"><span class='ocrx_word' id='word_1_99' title='bbox 276 694 308 718; x_wconf 85' lang='lat' dir='ltr'><strong>ut</strong></span> <span class='ocrx_word' id='word_1_100' title='bbox 319 690 401 719; x_wconf 81' lang='lat' dir='ltr'><strong>faciat</strong></span> <span class='ocrx_word' id='word_1_101' title='bbox 414 691 631 719; x_wconf 88' lang='lat' dir='ltr'><strong>misericordiam</strong></span> <span class='ocrx_word' id='word_1_102' title='bbox 643 691 665 724; x_wconf 85' lang='lat'><strong>&#39;,</strong></span> <span class='ocrx_word' id='word_1_103' title='bbox 687 703 700 716; x_wconf 75' lang='grc' dir='ltr'><strong>ιι</strong></span> <span class='ocrx_word' id='word_1_104' title='bbox 720 692 768 720; x_wconf 87' lang='lat' dir='ltr'><strong>sed</strong></span> <span class='ocrx_word' id='word_1_105' title='bbox 784 700 848 719; x_wconf 89' lang='lat' dir='ltr'><strong>cum</strong></span> <span class='ocrx_word' id='word_1_106' title='bbox 860 691 1008 720; x_wconf 84' lang='lat' dir='ltr'><strong>invenisset</strong></span> <span class='ocrx_word' id='word_1_107' title='bbox 1028 699 1073 720; x_wconf 87' lang='lat' dir='ltr'><strong>me</strong></span> 
     </span>
    </p>
   </div>
   <div class='ocr_carea' id='block_1_16' title="bbox 275 736 1073 772">
    <p class='ocr_par' dir='ltr' id='par_1_16' title="bbox 275 736 1073 772">
     <span class='ocr_line' id='line_1_16' title="bbox 275 736 1073 772; baseline 0.003 -10"><span class='ocrx_word' id='word_1_108' title='bbox 275 736 426 771; x_wconf 88' lang='lat' dir='ltr'><strong>patrocinio</strong></span> <span class='ocrx_word' id='word_1_109' title='bbox 447 740 475 764; x_wconf 88' lang='lat' dir='ltr'><strong>et</strong></span> <span class='ocrx_word' id='word_1_110' title='bbox 501 736 639 772; x_wconf 86' lang='lat' dir='ltr'><strong>adjutorio</strong></span> <span class='ocrx_word' id='word_1_111' title='bbox 660 736 836 770; x_wconf 89' lang='lat' dir='ltr'><strong>destitutum,</strong></span> <span class='ocrx_word' id='word_1_112' title='bbox 857 737 930 764; x_wconf 88' lang='lat' dir='ltr'><strong>cruci</strong></span> <span class='ocrx_word' id='word_1_113' title='bbox 954 736 1073 772; x_wconf 77' lang='lat' dir='ltr'><strong>tradidit,</strong></span> 
     </span>
    </p>
   </div>
   <div class='ocr_carea' id='block_1_17' title="bbox 275 781 1073 817">
    <p class='ocr_par' dir='ltr' id='par_1_17' title="bbox 275 781 1073 817">
     <span class='ocr_line' id='line_1_17' title="bbox 275 781 1073 817; baseline 0 -9"><span class='ocrx_word' id='word_1_114' title='bbox 275 784 303 808; x_wconf 88' lang='lat' dir='ltr'><strong>et</strong></span> <span class='ocrx_word' id='word_1_115' title='bbox 315 788 405 816; x_wconf 91' lang='lat' dir='ltr'><strong>neque</strong></span> <span class='ocrx_word' id='word_1_116' title='bbox 425 781 488 808; x_wconf 88' lang='lat' dir='ltr'><strong>talia</strong></span> <span class='ocrx_word' id='word_1_117' title='bbox 496 781 599 817; x_wconf 87' lang='lat' dir='ltr'><strong>judicia</strong></span> <span class='ocrx_word' id='word_1_118' title='bbox 615 781 642 808; x_wconf 92' lang='lat' dir='ltr'><strong>in</strong></span> <span class='ocrx_word' id='word_1_119' title='bbox 656 781 756 817; x_wconf 87' lang='lat' dir='ltr'><strong>quibus</strong></span> <span class='ocrx_word' id='word_1_120' title='bbox 778 781 906 808; x_wconf 76' lang='lat' dir='ltr'><strong>innoxius</strong></span> <span class='ocrx_word' id='word_1_121' title='bbox 920 781 1073 809; x_wconf 84' lang='lat' dir='ltr'><strong>declaratus</strong></span> 
     </span>
    </p>
   </div>
   <div class='ocr_carea' id='block_1_18' title="bbox 275 825 1071 862">
    <p class='ocr_par' dir='ltr' id='par_1_18' title="bbox 275 825 1071 862">
     <span class='ocr_line' id='line_1_18' title="bbox 275 825 1071 862; baseline 0.001 -9"><span class='ocrx_word' id='word_1_122' title='bbox 275 833 349 859; x_wconf 89' lang='lat' dir='ltr'><strong>sum,</strong></span> <span class='ocrx_word' id='word_1_123' title='bbox 373 833 436 853; x_wconf 89' lang='lat' dir='ltr'><strong>eum</strong></span> <span class='ocrx_word' id='word_1_124' title='bbox 462 825 615 861; x_wconf 79' lang='lat' dir='ltr'><strong>placarunt,</strong></span> <span class='ocrx_word' id='word_1_125' title='bbox 641 826 689 854; x_wconf 87' lang='lat' dir='ltr'><strong>sed</strong></span> <span class='ocrx_word' id='word_1_126' title='bbox 712 825 861 862; x_wconf 83' lang='lat' dir='ltr'><strong>clamabat,</strong></span> <span class='ocrx_word' id='word_1_127' title='bbox 889 837 902 850; x_wconf 74' lang='grc' dir='ltr'><strong>α</strong></span> <span class='ocrx_word' id='word_1_128' title='bbox 927 826 1071 862; x_wconf 82' lang='lat' dir='ltr'><strong>Cruciiige,</strong></span> 
     </span>
    </p>
   </div>
   <div class='ocr_carea' id='block_1_19' title="bbox 276 870 1072 907">
    <p class='ocr_par' dir='ltr' id='par_1_19' title="bbox 276 870 1072 907">
     <span class='ocr_line' id='line_1_19' title="bbox 276 870 1072 907; baseline 0 -9"><span class='ocrx_word' id='word_1_129' title='bbox 276 870 406 907; x_wconf 84' lang='lat' dir='ltr'><strong>cruciﬁge</strong></span> <span class='ocrx_word' id='word_1_130' title='bbox 427 881 433 899; x_wconf 92' lang='lat'>:</span> <span class='ocrx_word' id='word_1_131' title='bbox 452 882 465 895; x_wconf 72' lang='grc' dir='ltr'><strong><em>ι</em></strong></span> <span class='ocrx_word' id='word_1_132' title='bbox 480 879 543 898; x_wconf 90' lang='lat' dir='ltr'><strong>cum</strong></span> <span class='ocrx_word' id='word_1_133' title='bbox 559 871 600 905; x_wconf 79' lang='lat' dir='ltr'><strong>iis,</strong></span> <span class='ocrx_word' id='word_1_134' title='bbox 625 870 750 906; x_wconf 86' lang='lat' dir='ltr'><strong>inquam,</strong></span> <span class='ocrx_word' id='word_1_135' title='bbox 767 870 846 898; x_wconf 86' lang='lat' dir='ltr'><strong>dictis</strong></span> <span class='ocrx_word' id='word_1_136' title='bbox 860 871 998 898; x_wconf 90' lang='lat' dir='ltr'><strong>Dominus</strong></span> <span class='ocrx_word' id='word_1_137' title='bbox 1012 880 1072 907; x_wconf 89' lang='lat' dir='ltr'><strong>per-</strong></span> 
     </span>
    </p>
   </div>
   <div class='ocr_carea' id='block_1_20' title="bbox 273 915 1073 952">
    <p class='ocr_par' dir='ltr' id='par_1_20' title="bbox 273 915 1073 952">
     <span class='ocr_line' id='line_1_20' title="bbox 273 915 1073 952; baseline 0.003 -10"><span class='ocrx_word' id='word_1_138' title='bbox 273 915 428 943; x_wconf 85' lang='lat' dir='ltr'><strong>strinxisset</strong></span> <span class='ocrx_word' id='word_1_139' title='bbox 442 915 570 950; x_wconf 80' lang='lat' dir='ltr'><strong>Pilatum,</strong></span> <span class='ocrx_word' id='word_1_140' title='bbox 590 926 602 939; x_wconf 73' lang='grc' dir='ltr'><strong>κ</strong></span> <span class='ocrx_word' id='word_1_141' title='bbox 620 915 761 951; x_wconf 66' lang='lat' dir='ltr'><strong>quan‘ebat</strong></span> <span class='ocrx_word' id='word_1_142' title='bbox 779 924 809 943; x_wconf 88' lang='lat' dir='ltr'><strong>ex</strong></span> <span class='ocrx_word' id='word_1_143' title='bbox 827 915 879 944; x_wconf 90' lang='lat' dir='ltr'><strong>hoc</strong></span> <span class='ocrx_word' id='word_1_144' title='bbox 896 927 908 939; x_wconf 82' lang='lat'><strong><em>»</em></strong></span> <span class='ocrx_word' id='word_1_145' title='bbox 925 916 969 943; x_wconf 86' lang='lat' dir='ltr'><strong>ille</strong></span> <span class='ocrx_word' id='word_1_146' title='bbox 984 917 1073 952; x_wconf 88' lang='lat' dir='ltr'><strong>magis</strong></span> 
     </span>
    </p>
   </div>
   <div class='ocr_carea' id='block_1_21' title="bbox 275 959 1072 996">
    <p class='ocr_par' dir='ltr' id='par_1_21' title="bbox 275 959 1072 996">
     <span class='ocr_line' id='line_1_21' title="bbox 275 959 1072 996; baseline 0.001 -8"><span class='ocrx_word' id='word_1_147' title='bbox 275 971 288 984; x_wconf 81' lang='grc' dir='ltr'><strong>ι</strong></span> <span class='ocrx_word' id='word_1_148' title='bbox 306 959 445 988; x_wconf 77' lang='lat' dir='ltr'><strong>dimittere</strong></span> <span class='ocrx_word' id='word_1_149' title='bbox 461 968 535 988; x_wconf 89' lang='lat' dir='ltr'><strong>eum.</strong></span> <span class='ocrx_word' id='word_1_150' title='bbox 554 971 566 984; x_wconf 78' lang='grc' dir='ltr'><strong>ιι</strong></span> <span class='ocrx_word' id='word_1_151' title='bbox 582 960 670 988; x_wconf 74' lang='grc' dir='ltr'><strong>,1υὰδεὶ</strong></span> <span class='ocrx_word' id='word_1_152' title='bbox 685 965 778 988; x_wconf 87' lang='lat' dir='ltr'><strong>autem</strong></span> <span class='ocrx_word' id='word_1_153' title='bbox 793 966 860 988; x_wconf 90' lang='lat' dir='ltr'><strong>cum</strong></span> <span class='ocrx_word' id='word_1_154' title='bbox 879 960 969 996; x_wconf 91' lang='lat' dir='ltr'><strong>ipsum</strong></span> <span class='ocrx_word' id='word_1_155' title='bbox 988 969 1072 989; x_wconf 87' lang='lat' dir='ltr'><strong>accu-</strong></span> 
     </span>
    </p>
   </div>
   <div class='ocr_carea' id='block_1_22' title="bbox 271 1004 1072 1042">
    <p class='ocr_par' dir='ltr' id='par_1_22' title="bbox 271 1004 1072 1042">
     <span class='ocr_line' id='line_1_22' title="bbox 271 1004 1072 1042; baseline 0.001 -9"><span class='ocrx_word' id='word_1_156' title='bbox 271 1009 377 1033; x_wconf 88' lang='lat' dir='ltr'><strong>sassent</strong></span> <span class='ocrx_word' id='word_1_157' title='bbox 391 1005 464 1040; x_wconf 90' lang='lat' dir='ltr'><strong>quod</strong></span> <span class='ocrx_word' id='word_1_158' title='bbox 479 1006 571 1033; x_wconf 88' lang='lat' dir='ltr'><strong>Deum</strong></span> <span class='ocrx_word' id='word_1_159' title='bbox 591 1013 621 1033; x_wconf 82' lang='lat' dir='ltr'><strong>se</strong></span> <span class='ocrx_word' id='word_1_160' title='bbox 636 1004 747 1038; x_wconf 89' lang='lat' dir='ltr'><strong>faceret,</strong></span> <span class='ocrx_word' id='word_1_161' title='bbox 765 1005 849 1041; x_wconf 70' lang='grc'><strong>748</strong></span> <span class='ocrx_word' id='word_1_162' title='bbox 863 1013 896 1033; x_wconf 88' lang='lat' dir='ltr'><strong>ac</strong></span> <span class='ocrx_word' id='word_1_163' title='bbox 918 1006 1005 1042; x_wconf 84' lang='lat' dir='ltr'><strong>legem</strong></span> <span class='ocrx_word' id='word_1_164' title='bbox 1021 1006 1072 1034; x_wconf 92' lang='lat' dir='ltr'><strong>ob-</strong></span> 
     </span>
    </p>
   </div>
   <div class='ocr_carea' id='block_1_23' title="bbox 269 1049 1073 1087">
    <p class='ocr_par' dir='ltr' id='par_1_23' title="bbox 269 1049 1073 1087">
     <span class='ocr_line' id='line_1_23' title="bbox 269 1049 1073 1087; baseline 0.002 -10"><span class='ocrx_word' id='word_1_165' title='bbox 269 1049 412 1086; x_wconf 66' lang='lat' dir='ltr'><strong>iecissent,</strong></span> <span class='ocrx_word' id='word_1_166' title='bbox 426 1057 456 1077; x_wconf 90' lang='lat' dir='ltr'><strong>se</strong></span> <span class='ocrx_word' id='word_1_167' title='bbox 478 1050 562 1077; x_wconf 77' lang='lat' dir='ltr'><strong>refelli</strong></span> <span class='ocrx_word' id='word_1_168' title='bbox 581 1050 715 1085; x_wconf 84' lang='lat' dir='ltr'><strong>putabant</strong></span> <span class='ocrx_word' id='word_1_169' title='bbox 740 1053 780 1083; x_wconf 86' lang='lat' dir='ltr'><strong>(ex</strong></span> <span class='ocrx_word' id='word_1_170' title='bbox 797 1050 850 1078; x_wconf 87' lang='lat' dir='ltr'><strong>hoc</strong></span> <span class='ocrx_word' id='word_1_171' title='bbox 868 1051 971 1078; x_wconf 86' lang='lat' dir='ltr'><strong>Pilatus</strong></span> <span class='ocrx_word' id='word_1_172' title='bbox 986 1051 1073 1087; x_wconf 82' lang='lat' dir='ltr'><strong>magis</strong></span> 
     </span>
    </p>
   </div>
   <div class='ocr_carea' id='block_1_24' title="bbox 272 1094 1072 1128">
    <p class='ocr_par' dir='ltr' id='par_1_24' title="bbox 272 1094 1072 1128">
     <span class='ocr_line' id='line_1_24' title="bbox 272 1094 1072 1128; baseline 0.004 -7"><span class='ocrx_word' id='word_1_173' title='bbox 272 1094 377 1127; x_wconf 78' lang='lat' dir='ltr'><strong>timuit,</strong></span> <span class='ocrx_word' id='word_1_174' title='bbox 386 1098 414 1122; x_wconf 88' lang='lat' dir='ltr'><strong>et</strong></span> <span class='ocrx_word' id='word_1_175' title='bbox 426 1095 510 1122; x_wconf 83' lang='lat' dir='ltr'><strong>voluit</strong></span> <span class='ocrx_word' id='word_1_176' title='bbox 521 1095 659 1122; x_wconf 82' lang='lat' dir='ltr'><strong>dimittere</strong></span> <span class='ocrx_word' id='word_1_177' title='bbox 668 1103 743 1128; x_wconf 88' lang='lat' dir='ltr'><strong>eum,</strong></span> <span class='ocrx_word' id='word_1_178' title='bbox 754 1103 789 1122; x_wconf 87' lang='lat' dir='ltr'><strong>ne</strong></span> <span class='ocrx_word' id='word_1_179' title='bbox 801 1094 870 1123; x_wconf 86' lang='lat' dir='ltr'><strong>forte</strong></span> <span class='ocrx_word' id='word_1_180' title='bbox 884 1097 973 1123; x_wconf 90' lang='lat' dir='ltr'><strong>Deum</strong></span> <span class='ocrx_word' id='word_1_181' title='bbox 985 1095 1072 1124; x_wconf 82' lang='lat' dir='ltr'><strong>offen-</strong></span> 
     </span>
    </p>
   </div>
   <div class='ocr_carea' id='block_1_25' title="bbox 271 1138 1073 1175">
    <p class='ocr_par' dir='ltr' id='par_1_25' title="bbox 271 1138 1073 1175">
     <span class='ocr_line' id='line_1_25' title="bbox 271 1138 1073 1175; baseline 0.002 -9"><span class='ocrx_word' id='word_1_182' title='bbox 271 1138 369 1172; x_wconf 78' lang='lat' dir='ltr'><strong>deret),</strong></span> <span class='ocrx_word' id='word_1_183' title='bbox 386 1139 488 1167; x_wconf 86' lang='lat' dir='ltr'><strong>iterum</strong></span> <span class='ocrx_word' id='word_1_184' title='bbox 510 1139 674 1175; x_wconf 87' lang='lat' dir='ltr'><strong>confugiunt</strong></span> <span class='ocrx_word' id='word_1_185' title='bbox 687 1140 722 1168; x_wconf 91' lang='lat' dir='ltr'><strong>ad</strong></span> <span class='ocrx_word' id='word_1_186' title='bbox 743 1144 872 1168; x_wconf 89' lang='lat' dir='ltr'><strong>externas</strong></span> <span class='ocrx_word' id='word_1_187' title='bbox 894 1140 978 1175; x_wconf 82' lang='lat' dir='ltr'><strong>leges,</strong></span> <span class='ocrx_word' id='word_1_188' title='bbox 993 1145 1020 1168; x_wconf 88' lang='lat' dir='ltr'><strong>et</strong></span> <span class='ocrx_word' id='word_1_189' title='bbox 1041 1144 1073 1168; x_wconf 89' lang='lat' dir='ltr'><strong>ut</strong></span> 
     </span>
    </p>
   </div>
   <div class='ocr_carea' id='block_1_26' title="bbox 270 1184 1073 1220">
    <p class='ocr_par' dir='ltr' id='par_1_26' title="bbox 270 1184 1073 1220">
     <span class='ocr_line' id='line_1_26' title="bbox 270 1184 1073 1220; baseline 0.002 -9"><span class='ocrx_word' id='word_1_190' title='bbox 270 1184 466 1212; x_wconf 89' lang='lat' dir='ltr'><strong>meticulosum</strong></span> <span class='ocrx_word' id='word_1_191' title='bbox 490 1187 595 1212; x_wconf 89' lang='lat' dir='ltr'><strong>terrent</strong></span> <span class='ocrx_word' id='word_1_192' title='bbox 618 1185 747 1212; x_wconf 80' lang='lat' dir='ltr'><strong>Pilatum.</strong></span> <span class='ocrx_word' id='word_1_193' title='bbox 774 1186 846 1212; x_wconf 88' lang='lat' dir='ltr'><strong>Nam</strong></span> <span class='ocrx_word' id='word_1_194' title='bbox 869 1185 932 1220; x_wconf 84' lang='lat' dir='ltr'><strong>quia</strong></span> <span class='ocrx_word' id='word_1_195' title='bbox 947 1185 1073 1213; x_wconf 88' lang='lat' dir='ltr'><strong>viderant</strong></span> 
     </span>
    </p>
   </div>
   <div class='ocr_carea' id='block_1_27' title="bbox 270 1229 1073 1264">
    <p class='ocr_par' dir='ltr' id='par_1_27' title="bbox 270 1229 1073 1264">
     <span class='ocr_line' id='line_1_27' title="bbox 270 1229 1073 1264; baseline 0.002 -8"><span class='ocrx_word' id='word_1_196' title='bbox 270 1236 334 1256; x_wconf 90' lang='lat' dir='ltr'><strong>eum</strong></span> <span class='ocrx_word' id='word_1_197' title='bbox 344 1229 446 1264; x_wconf 85' lang='lat' dir='ltr'><strong>pietate</strong></span> <span class='ocrx_word' id='word_1_198' title='bbox 457 1229 573 1262; x_wconf 88' lang='lat' dir='ltr'><strong>moveri,</strong></span> <span class='ocrx_word' id='word_1_199' title='bbox 588 1237 621 1256; x_wconf 89' lang='lat' dir='ltr'><strong>ne</strong></span> <span class='ocrx_word' id='word_1_200' title='bbox 636 1229 737 1257; x_wconf 84' lang='lat' dir='ltr'><strong>Filium</strong></span> <span class='ocrx_word' id='word_1_201' title='bbox 753 1229 802 1257; x_wconf 91' lang='lat' dir='ltr'><strong>Dei</strong></span> <span class='ocrx_word' id='word_1_202' title='bbox 816 1229 964 1257; x_wconf 88' lang='lat' dir='ltr'><strong>occidendo</strong></span> <span class='ocrx_word' id='word_1_203' title='bbox 977 1230 1073 1259; x_wconf 85' lang='lat' dir='ltr'><strong>Jesum</strong></span> 
     </span>
    </p>
   </div>
   <div class='ocr_carea' id='block_1_28' title="bbox 270 1274 1074 1309">
    <p class='ocr_par' dir='ltr' id='par_1_28' title="bbox 270 1274 1074 1309">
     <span class='ocr_line' id='line_1_28' title="bbox 270 1274 1074 1309; baseline 0.002 -8"><span class='ocrx_word' id='word_1_204' title='bbox 270 1277 374 1309; x_wconf 89' lang='lat' dir='ltr'><strong>peccet,</strong></span> <span class='ocrx_word' id='word_1_205' title='bbox 391 1278 499 1302; x_wconf 89' lang='lat' dir='ltr'><strong>metum</strong></span> <span class='ocrx_word' id='word_1_206' title='bbox 513 1274 630 1302; x_wconf 68' lang='lat' dir='ltr'><strong>Caesaris</strong></span> <span class='ocrx_word' id='word_1_207' title='bbox 646 1274 791 1307; x_wconf 88' lang='lat' dir='ltr'><strong>incutiunt,</strong></span> <span class='ocrx_word' id='word_1_208' title='bbox 807 1278 835 1302; x_wconf 89' lang='lat' dir='ltr'><strong>et</strong></span> <span class='ocrx_word' id='word_1_209' title='bbox 846 1279 1006 1303; x_wconf 84' lang='lat' dir='ltr'><strong>accusantes</strong></span> <span class='ocrx_word' id='word_1_210' title='bbox 1018 1276 1074 1304; x_wconf 93' lang='lat' dir='ltr'><strong>Do-</strong></span> 
     </span>
    </p>
   </div>
   <div class='ocr_carea' id='block_1_29' title="bbox 267 1318 1072 1356">
    <p class='ocr_par' dir='ltr' id='par_1_29' title="bbox 267 1318 1072 1356">
     <span class='ocr_line' id='line_1_29' title="bbox 267 1318 1072 1356; baseline 0.002 -10"><span class='ocrx_word' id='word_1_211' title='bbox 267 1318 376 1347; x_wconf 90' lang='lat' dir='ltr'><strong>minum</strong></span> <span class='ocrx_word' id='word_1_212' title='bbox 391 1318 426 1346; x_wconf 91' lang='lat' dir='ltr'><strong>de</strong></span> <span class='ocrx_word' id='word_1_213' title='bbox 440 1319 596 1355; x_wconf 82' lang='lat' dir='ltr'><strong>tyrannide,</strong></span> <span class='ocrx_word' id='word_1_214' title='bbox 614 1319 734 1347; x_wconf 82' lang='lat' dir='ltr'><strong>Pilatum</strong></span> <span class='ocrx_word' id='word_1_215' title='bbox 757 1319 848 1355; x_wconf 84' lang='lat' dir='ltr'><strong>magis</strong></span> <span class='ocrx_word' id='word_1_216' title='bbox 870 1323 974 1347; x_wconf 82' lang='lat' dir='ltr'><strong>terrent</strong></span> <span class='ocrx_word' id='word_1_217' title='bbox 991 1321 1072 1356; x_wconf 89' lang='lat' dir='ltr'><strong>quasi</strong></span> 
     </span>
    </p>
   </div>
   <div class='ocr_carea' id='block_1_30' title="bbox 269 1362 1075 1401">
    <p class='ocr_par' dir='ltr' id='par_1_30' title="bbox 269 1362 1075 1401">
     <span class='ocr_line' id='line_1_30' title="bbox 269 1362 1075 1401; baseline 0.001 -10"><span class='ocrx_word' id='word_1_218' title='bbox 269 1362 443 1391; x_wconf 84' lang='lat' dir='ltr'><strong>offensurum</strong></span> <span class='ocrx_word' id='word_1_219' title='bbox 452 1364 600 1398; x_wconf 68' lang='lat' dir='ltr'><strong>Caesarem,</strong></span> <span class='ocrx_word' id='word_1_220' title='bbox 615 1363 638 1391; x_wconf 94' lang='lat' dir='ltr'><strong>si</strong></span> <span class='ocrx_word' id='word_1_221' title='bbox 649 1363 780 1391; x_wconf 85' lang='lat' dir='ltr'><strong>rebellem</strong></span> <span class='ocrx_word' id='word_1_222' title='bbox 795 1364 872 1391; x_wconf 91' lang='lat' dir='ltr'><strong>illum</strong></span> <span class='ocrx_word' id='word_1_223' title='bbox 885 1364 1023 1392; x_wconf 82' lang='lat' dir='ltr'><strong>dimittat.</strong></span> <span class='ocrx_word' id='word_1_224' title='bbox 1039 1366 1075 1401; x_wconf 61' lang='lat' dir='ltr'><strong>Et</strong></span> 
     </span>
    </p>
   </div>
   <div class='ocr_carea' id='block_1_31' title="bbox 268 1407 1072 1444">
    <p class='ocr_par' dir='ltr' id='par_1_31' title="bbox 268 1407 1072 1444">
     <span class='ocr_line' id='line_1_31' title="bbox 268 1407 1072 1444; baseline 0.004 -9"><span class='ocrx_word' id='word_1_225' title='bbox 268 1407 316 1436; x_wconf 88' lang='lat' dir='ltr'><strong>ubi</strong></span> <span class='ocrx_word' id='word_1_226' title='bbox 329 1408 374 1436; x_wconf 91' lang='lat' dir='ltr'><strong>ille</strong></span> <span class='ocrx_word' id='word_1_227' title='bbox 392 1408 420 1436; x_wconf 90' lang='lat' dir='ltr'><strong>in</strong></span> <span class='ocrx_word' id='word_1_228' title='bbox 434 1408 579 1443; x_wconf 85' lang='lat' dir='ltr'><strong>tyrannide</strong></span> <span class='ocrx_word' id='word_1_229' title='bbox 593 1408 798 1444; x_wconf 75' lang='lat' dir='ltr'><strong>deprehensus?</strong></span> <span class='ocrx_word' id='word_1_230' title='bbox 812 1408 894 1436; x_wconf 90' lang='lat' dir='ltr'><strong>Unde</strong></span> <span class='ocrx_word' id='word_1_231' title='bbox 910 1413 1003 1436; x_wconf 86' lang='lat' dir='ltr'><strong>autem</strong></span> <span class='ocrx_word' id='word_1_232' title='bbox 1019 1409 1072 1438; x_wconf 87' lang='lat' dir='ltr'><strong>hoc</strong></span> 
     </span>
    </p>
   </div>
   <div class='ocr_carea' id='block_1_32' title="bbox 268 1452 1070 1488">
    <p class='ocr_par' dir='ltr' id='par_1_32' title="bbox 268 1452 1070 1488">
     <span class='ocr_line' id='line_1_32' title="bbox 268 1452 1070 1488; baseline 0.002 -7"><span class='ocrx_word' id='word_1_233' title='bbox 268 1452 437 1481; x_wconf 72' lang='lat' dir='ltr'><strong>ostendetis?</strong></span> <span class='ocrx_word' id='word_1_234' title='bbox 449 1461 516 1480; x_wconf 92' lang='lat' dir='ltr'><strong>num</strong></span> <span class='ocrx_word' id='word_1_235' title='bbox 529 1461 544 1479; x_wconf 89' lang='lat' dir='ltr'><strong>a</strong></span> <span class='ocrx_word' id='word_1_236' title='bbox 556 1454 696 1488; x_wconf 81' lang='lat' dir='ltr'><strong>purpura?</strong></span> <span class='ocrx_word' id='word_1_237' title='bbox 709 1460 774 1480; x_wconf 93' lang='lat' dir='ltr'><strong>num</strong></span> <span class='ocrx_word' id='word_1_238' title='bbox 788 1461 804 1480; x_wconf 90' lang='lat' dir='ltr'><strong>a</strong></span> <span class='ocrx_word' id='word_1_239' title='bbox 815 1453 988 1483; x_wconf 81' lang='lat' dir='ltr'><strong>diademate?</strong></span> <span class='ocrx_word' id='word_1_240' title='bbox 1003 1463 1070 1484; x_wconf 90' lang='lat' dir='ltr'><strong>num</strong></span> 
     </span>
    </p>
   </div>
   <div class='ocr_carea' id='block_1_33' title="bbox 1128 243 1887 284">
    <p class='ocr_par' dir='ltr' id='par_1_33' title="bbox 1128 243 1887 284">
     <span class='ocr_line' id='line_1_33' title="bbox 1128 243 1887 284; baseline -0.003 -10"><span class='ocrx_word' id='word_1_241' title='bbox 1128 246 1230 281; x_wconf 73' lang='grc' dir='ltr'>Ἰησοῦν</span> <span class='ocrx_word' id='word_1_242' title='bbox 1241 267 1249 281; x_wconf 90' lang='grc'><strong>,</strong></span> <span class='ocrx_word' id='word_1_243' title='bbox 1264 244 1310 273; x_wconf 80' lang='grc' dir='ltr'><strong>καὶ</strong></span> <span class='ocrx_word' id='word_1_244' title='bbox 1325 243 1446 273; x_wconf 73' lang='grc' dir='ltr'><strong>ἐκάθισεν</strong></span> <span class='ocrx_word' id='word_1_245' title='bbox 1469 243 1512 273; x_wconf 78' lang='grc' dir='ltr'><strong>ἐπὶ</strong></span> <span class='ocrx_word' id='word_1_246' title='bbox 1535 245 1581 272; x_wconf 74' lang='grc' dir='ltr'><strong>τοῦ</strong></span> <span class='ocrx_word' id='word_1_247' title='bbox 1596 243 1717 284; x_wconf 79' lang='grc' dir='ltr'><strong>βήματος</strong></span> <span class='ocrx_word' id='word_1_248' title='bbox 1733 245 1768 278; x_wconf 83' lang='grc' dir='ltr'>εἷς</span> <span class='ocrx_word' id='word_1_249' title='bbox 1781 245 1847 274; x_wconf 76' lang='grc' dir='ltr'>τόπον</span> <span class='ocrx_word' id='word_1_250' title='bbox 1857 245 1887 273; x_wconf 75' lang='grc' dir='ltr'><strong>λιι</strong></span> 
     </span>
    </p>
   </div>
   <div class='ocr_carea' id='block_1_34' title="bbox 1127 285 1888 332">
    <p class='ocr_par' dir='ltr' id='par_1_34' title="bbox 1127 285 1888 332">
     <span class='ocr_line' id='line_1_34' title="bbox 1127 285 1888 332; baseline -0.004 -12"><span class='ocrx_word' id='word_1_251' title='bbox 1127 292 1238 332; x_wconf 83' lang='grc' dir='ltr'>γόμενον</span> <span class='ocrx_word' id='word_1_252' title='bbox 1255 288 1437 328; x_wconf 75' lang='grc' dir='ltr'><strong>Λιθόστρωτον</strong></span> <span class='ocrx_word' id='word_1_253' title='bbox 1448 311 1457 326; x_wconf 90' lang='grc'><strong>,</strong></span> <span class='ocrx_word' id='word_1_254' title='bbox 1471 287 1614 328; x_wconf 73' lang='grc' dir='ltr'>Ἐϐραϊστὶ</span> <span class='ocrx_word' id='word_1_255' title='bbox 1629 288 1654 318; x_wconf 83' lang='grc' dir='ltr'>δὲ</span> <span class='ocrx_word' id='word_1_256' title='bbox 1673 289 1808 319; x_wconf 74' lang='grc' dir='ltr'>Γαϐϐαθᾶ.</span> <span class='ocrx_word' id='word_1_257' title='bbox 1818 285 1888 319; x_wconf 76' lang='grc' dir='ltr'><strong>Ἦνέὲ</strong></span> 
     </span>
    </p>
   </div>
   <div class='ocr_carea' id='block_1_35' title="bbox 1129 332 1889 375">
    <p class='ocr_par' dir='ltr' id='par_1_35' title="bbox 1129 332 1889 375">
     <span class='ocr_line' id='line_1_35' title="bbox 1129 332 1889 375; baseline -0.005 -9"><span class='ocrx_word' id='word_1_258' title='bbox 1129 334 1287 375; x_wconf 81' lang='grc' dir='ltr'>παρασκευὴ</span> <span class='ocrx_word' id='word_1_259' title='bbox 1298 336 1342 363; x_wconf 75' lang='grc' dir='ltr'><strong>τοῦ</strong></span> <span class='ocrx_word' id='word_1_260' title='bbox 1359 333 1475 373; x_wconf 75' lang='grc' dir='ltr'>Πάσχα,</span> <span class='ocrx_word' id='word_1_261' title='bbox 1492 333 1548 373; x_wconf 82' lang='grc' dir='ltr'><strong>ὥρα</strong></span> <span class='ocrx_word' id='word_1_262' title='bbox 1564 332 1592 363; x_wconf 83' lang='grc' dir='ltr'><strong>δὲ</strong></span> <span class='ocrx_word' id='word_1_263' title='bbox 1602 333 1665 363; x_wconf 79' lang='grc' dir='ltr'>ὡσεὶ</span> <span class='ocrx_word' id='word_1_264' title='bbox 1683 334 1759 369; x_wconf 78' lang='grc' dir='ltr'>ἕκτη.</span> <span class='ocrx_word' id='word_1_265' title='bbox 1773 345 1786 362; x_wconf 69' lang='grc' dir='ltr'><strong>ιι</strong></span> <span class='ocrx_word' id='word_1_266' title='bbox 1803 333 1889 369; x_wconf 73' lang='grc' dir='ltr'>ἘπειΞῆ</span> 
     </span>
    </p>
   </div>
   <div class='ocr_carea' id='block_1_36' title="bbox 1129 378 1889 419">
    <p class='ocr_par' dir='ltr' id='par_1_36' title="bbox 1129 378 1889 419">
     <span class='ocr_line' id='line_1_36' title="bbox 1129 378 1889 419; baseline -0.005 -9"><span class='ocrx_word' id='word_1_267' title='bbox 1129 378 1278 415; x_wconf 74' lang='grc' dir='ltr'><strong>κατέπληξε</strong></span> <span class='ocrx_word' id='word_1_268' title='bbox 1293 379 1337 408; x_wconf 80' lang='grc' dir='ltr'><strong>τὸν</strong></span> <span class='ocrx_word' id='word_1_269' title='bbox 1354 378 1473 408; x_wconf 83' lang='grc' dir='ltr'>Πιλάτον</span> <span class='ocrx_word' id='word_1_270' title='bbox 1495 380 1509 407; x_wconf 81' lang='grc' dir='ltr'><strong>ὁ</strong></span> <span class='ocrx_word' id='word_1_271' title='bbox 1527 378 1621 418; x_wconf 87' lang='grc' dir='ltr'>Κύριος</span> <span class='ocrx_word' id='word_1_272' title='bbox 1643 378 1688 408; x_wconf 79' lang='grc' dir='ltr'><strong>διὰ</strong></span> <span class='ocrx_word' id='word_1_273' title='bbox 1711 380 1762 408; x_wconf 72' lang='grc' dir='ltr'><strong>τῶν</strong></span> <span class='ocrx_word' id='word_1_274' title='bbox 1780 379 1889 419; x_wconf 71' lang='grc' dir='ltr'>ῥημάτων,</span> 
     </span>
    </p>
   </div>
   <div class='ocr_carea' id='block_1_37' title="bbox 1129 422 1889 465">
    <p class='ocr_par' dir='ltr' id='par_1_37' title="bbox 1129 422 1889 465">
     <span class='ocr_line' id='line_1_37' title="bbox 1129 422 1889 465; baseline -0.007 -10"><span class='ocrx_word' id='word_1_275' title='bbox 1129 425 1174 455; x_wconf 87' lang='grc' dir='ltr'><strong>καὶ</strong></span> <span class='ocrx_word' id='word_1_276' title='bbox 1190 426 1261 465; x_wconf 75' lang='grc' dir='ltr'><strong>σαφῆ</strong></span> <span class='ocrx_word' id='word_1_277' title='bbox 1277 423 1427 462; x_wconf 77' lang='grc' dir='ltr'><strong>παρέσχετο</strong></span> <span class='ocrx_word' id='word_1_278' title='bbox 1439 422 1487 459; x_wconf 86' lang='grc' dir='ltr'><strong>τὴν</strong></span> <span class='ocrx_word' id='word_1_279' title='bbox 1503 423 1646 462; x_wconf 79' lang='grc' dir='ltr'>ἀπολογίαν</span> <span class='ocrx_word' id='word_1_280' title='bbox 1655 445 1665 462; x_wconf 89' lang='grc'><strong>,</strong></span> <span class='ocrx_word' id='word_1_281' title='bbox 1681 423 1724 453; x_wconf 79' lang='grc' dir='ltr'><strong>ὅτι</strong></span> <span class='ocrx_word' id='word_1_282' title='bbox 1747 424 1778 453; x_wconf 83' lang='grc' dir='ltr'>Εἰ</span> <span class='ocrx_word' id='word_1_283' title='bbox 1796 423 1829 460; x_wconf 82' lang='grc' dir='ltr'><strong>μὴ</strong></span> <span class='ocrx_word' id='word_1_284' title='bbox 1845 422 1889 452; x_wconf 69' lang='lat' dir='ltr'><strong>Exim</strong></span> 
     </span>
    </p>
   </div>
   <div class='ocr_carea' id='block_1_38' title="bbox 1129 467 1889 507">
    <p class='ocr_par' dir='ltr' id='par_1_38' title="bbox 1129 467 1889 507">
     <span class='ocr_line' id='line_1_38' title="bbox 1129 467 1889 507; baseline -0.004 -8"><span class='ocrx_word' id='word_1_285' title='bbox 1129 469 1181 507; x_wconf 83' lang='grc' dir='ltr'><strong>ἐγὼ</strong></span> <span class='ocrx_word' id='word_1_286' title='bbox 1197 468 1310 506; x_wconf 76' lang='grc' dir='ltr'>ἐμαυτὸν</span> <span class='ocrx_word' id='word_1_287' title='bbox 1335 468 1449 504; x_wconf 67' lang='grc' dir='ltr'>ἐδίδουν,</span> <span class='ocrx_word' id='word_1_288' title='bbox 1472 468 1517 496; x_wconf 85' lang='grc' dir='ltr'><strong>καὶ</strong></span> <span class='ocrx_word' id='word_1_289' title='bbox 1542 469 1556 497; x_wconf 80' lang='grc' dir='ltr'><strong>ὃ</strong></span> <span class='ocrx_word' id='word_1_290' title='bbox 1572 467 1667 507; x_wconf 84' lang='grc' dir='ltr'>Πατὴρ</span> <span class='ocrx_word' id='word_1_291' title='bbox 1695 467 1843 507; x_wconf 77' lang='grc' dir='ltr'><strong>συνεχώρει,</strong></span> <span class='ocrx_word' id='word_1_292' title='bbox 1861 469 1889 496; x_wconf 69' lang='grc' dir='ltr'>οἰκ</span> 
     </span>
    </p>
   </div>
   <div class='ocr_carea' id='block_1_39' title="bbox 1129 510 1890 554">
    <p class='ocr_par' dir='ltr' id='par_1_39' title="bbox 1129 510 1890 554">
     <span class='ocr_line' id='line_1_39' title="bbox 1129 510 1890 554; baseline -0.005 -11"><span class='ocrx_word' id='word_1_293' title='bbox 1129 510 1197 554; x_wconf 69' lang='grc' dir='ltr'>εἶχες</span> <span class='ocrx_word' id='word_1_294' title='bbox 1210 512 1329 547; x_wconf 79' lang='grc' dir='ltr'><strong>ἐξουσίαν</strong></span> <span class='ocrx_word' id='word_1_295' title='bbox 1346 514 1405 542; x_wconf 80' lang='grc' dir='ltr'>κατ’</span> <span class='ocrx_word' id='word_1_296' title='bbox 1421 513 1501 551; x_wconf 76' lang='grc' dir='ltr'>ἐμοῦ,</span> <span class='ocrx_word' id='word_1_297' title='bbox 1521 512 1567 541; x_wconf 82' lang='grc' dir='ltr'><strong>καὶ</strong></span> <span class='ocrx_word' id='word_1_298' title='bbox 1582 513 1623 542; x_wconf 79' lang='grc' dir='ltr'><strong>ὅτι</strong></span> <span class='ocrx_word' id='word_1_299' title='bbox 1643 512 1777 552; x_wconf 80' lang='grc' dir='ltr'>ἁμαρτίαν</span> <span class='ocrx_word' id='word_1_300' title='bbox 1792 512 1851 552; x_wconf 75' lang='grc' dir='ltr'>ἔχεις</span> <span class='ocrx_word' id='word_1_301' title='bbox 1862 511 1890 540; x_wconf 69' lang='grc' dir='ltr'><strong>ιιὶ</strong></span> 
     </span>
    </p>
   </div>
   <div class='ocr_carea' id='block_1_40' title="bbox 1129 556 1890 597">
    <p class='ocr_par' dir='ltr' id='par_1_40' title="bbox 1129 556 1890 597">
     <span class='ocr_line' id='line_1_40' title="bbox 1129 556 1890 597; baseline -0.007 -8"><span class='ocrx_word' id='word_1_302' title='bbox 1129 559 1160 589; x_wconf 73' lang='grc' dir='ltr'><strong>σὺ</strong></span> <span class='ocrx_word' id='word_1_303' title='bbox 1172 581 1180 595; x_wconf 91' lang='grc'><strong>,</strong></span> <span class='ocrx_word' id='word_1_304' title='bbox 1196 558 1242 588; x_wconf 85' lang='grc' dir='ltr'><strong>καὶ</strong></span> <span class='ocrx_word' id='word_1_305' title='bbox 1264 557 1371 595; x_wconf 86' lang='grc' dir='ltr'>μείζονα</span> <span class='ocrx_word' id='word_1_306' title='bbox 1399 556 1502 590; x_wconf 83' lang='grc' dir='ltr'>Ἰούδας</span> <span class='ocrx_word' id='word_1_307' title='bbox 1530 557 1720 597; x_wconf 82' lang='grc' dir='ltr'>ὁπαροίδιδούς</span> <span class='ocrx_word' id='word_1_308' title='bbox 1743 569 1791 596; x_wconf 81' lang='grc' dir='ltr'><strong>με,</strong></span> <span class='ocrx_word' id='word_1_309' title='bbox 1808 557 1824 592; x_wconf 84' lang='grc' dir='ltr'>ἢ</span> <span class='ocrx_word' id='word_1_310' title='bbox 1841 556 1890 586; x_wconf 71' lang='lat' dir='ltr'><strong>xall</strong></span> 
     </span>
    </p>
   </div>
   <div class='ocr_carea' id='block_1_41' title="bbox 1129 601 1890 642">
    <p class='ocr_par' dir='ltr' id='par_1_41' title="bbox 1129 601 1890 642">
     <span class='ocr_line' id='line_1_41' title="bbox 1129 601 1890 642; baseline -0.004 -9"><span class='ocrx_word' id='word_1_311' title='bbox 1129 603 1191 637; x_wconf 83' lang='grc' dir='ltr'>λαὸς</span> <span class='ocrx_word' id='word_1_312' title='bbox 1200 625 1209 640; x_wconf 89' lang='grc'><strong>,</strong></span> <span class='ocrx_word' id='word_1_313' title='bbox 1224 602 1290 632; x_wconf 86' lang='grc' dir='ltr'>διότι</span> <span class='ocrx_word' id='word_1_314' title='bbox 1303 616 1313 629; x_wconf 77' lang='grc' dir='ltr'><strong>ιι</strong></span> <span class='ocrx_word' id='word_1_315' title='bbox 1330 601 1396 632; x_wconf 87' lang='grc' dir='ltr'>Ἐπὶ</span> <span class='ocrx_word' id='word_1_316' title='bbox 1406 602 1435 632; x_wconf 82' lang='grc' dir='ltr'>τὸ</span> <span class='ocrx_word' id='word_1_317' title='bbox 1446 602 1525 640; x_wconf 74' lang='grc' dir='ltr'>ἄλγος</span> <span class='ocrx_word' id='word_1_318' title='bbox 1540 603 1591 631; x_wconf 79' lang='grc' dir='ltr'><strong>τῶν</strong></span> <span class='ocrx_word' id='word_1_319' title='bbox 1607 602 1771 642; x_wconf 74' lang='grc' dir='ltr'>τραυμάτων</span> <span class='ocrx_word' id='word_1_320' title='bbox 1782 613 1826 639; x_wconf 85' lang='grc' dir='ltr'><strong>μου</strong></span> <span class='ocrx_word' id='word_1_321' title='bbox 1835 612 1890 640; x_wconf 70' lang='grc' dir='ltr'>προσ-</span> 
     </span>
    </p>
   </div>
   <div class='ocr_carea' id='block_1_42' title="bbox 1129 645 1890 684">
    <p class='ocr_par' dir='ltr' id='par_1_42' title="bbox 1129 645 1890 684">
     <span class='ocr_line' id='line_1_42' title="bbox 1129 645 1890 684; baseline -0.005 -7"><span class='ocrx_word' id='word_1_322' title='bbox 1129 649 1222 684; x_wconf 83' lang='grc' dir='ltr'>έθηκε,</span> <span class='ocrx_word' id='word_1_323' title='bbox 1236 647 1283 676; x_wconf 84' lang='grc' dir='ltr'><strong>καὶ</strong></span> <span class='ocrx_word' id='word_1_324' title='bbox 1303 647 1352 676; x_wconf 77' lang='grc' dir='ltr'><strong>οὐκ</strong></span> <span class='ocrx_word' id='word_1_325' title='bbox 1367 646 1488 684; x_wconf 79' lang='grc' dir='ltr'>ἐμνήσθη</span> <span class='ocrx_word' id='word_1_326' title='bbox 1512 648 1622 682; x_wconf 77' lang='grc' dir='ltr'>ποιῆσαι</span> <span class='ocrx_word' id='word_1_327' title='bbox 1635 646 1724 683; x_wconf 88' lang='grc' dir='ltr'>ἔλεος,</span> <span class='ocrx_word' id='word_1_328' title='bbox 1739 661 1750 673; x_wconf 79' lang='grc' dir='ltr'>ι</span> <span class='ocrx_word' id='word_1_329' title='bbox 1764 646 1821 675; x_wconf 74' lang='grc' dir='ltr'>ἀλλ’</span> <span class='ocrx_word' id='word_1_330' title='bbox 1831 645 1890 684; x_wconf 67' lang='grc' dir='ltr'>εὑρών</span> 
     </span>
    </p>
   </div>
   <div class='ocr_carea' id='block_1_43' title="bbox 1129 690 1890 731">
    <p class='ocr_par' dir='ltr' id='par_1_43' title="bbox 1129 690 1890 731">
     <span class='ocr_line' id='line_1_43' title="bbox 1129 690 1890 731; baseline -0.004 -9"><span class='ocrx_word' id='word_1_331' title='bbox 1129 705 1161 730; x_wconf 91' lang='grc' dir='ltr'><strong>με</strong></span> <span class='ocrx_word' id='word_1_332' title='bbox 1183 692 1382 731; x_wconf 82' lang='grc' dir='ltr'>ἀσυνηγόρητον</span> <span class='ocrx_word' id='word_1_333' title='bbox 1403 691 1448 720; x_wconf 82' lang='grc' dir='ltr'><strong>καὶ</strong></span> <span class='ocrx_word' id='word_1_334' title='bbox 1464 691 1631 727; x_wconf 74' lang='grc' dir='ltr'>ἀϐοήθητον,</span> <span class='ocrx_word' id='word_1_335' title='bbox 1648 693 1759 731; x_wconf 78' lang='grc' dir='ltr'>σταυρῷ</span> <span class='ocrx_word' id='word_1_336' title='bbox 1772 690 1890 731; x_wconf 68' lang='grc' dir='ltr'>παρέδωκε,</span> 
     </span>
    </p>
   </div>
   <div class='ocr_carea' id='block_1_44' title="bbox 1129 731 1890 776">
    <p class='ocr_par' dir='ltr' id='par_1_44' title="bbox 1129 731 1890 776">
     <span class='ocr_line' id='line_1_44' title="bbox 1129 731 1890 776; baseline -0.007 -9"><span class='ocrx_word' id='word_1_337' title='bbox 1129 738 1174 767; x_wconf 80' lang='grc' dir='ltr'><strong>καὶ</strong></span> <span class='ocrx_word' id='word_1_338' title='bbox 1190 736 1248 767; x_wconf 79' lang='grc' dir='ltr'>οὐδὲ</span> <span class='ocrx_word' id='word_1_339' title='bbox 1262 739 1379 766; x_wconf 74' lang='grc' dir='ltr'>τοσαῦτα</span> <span class='ocrx_word' id='word_1_340' title='bbox 1396 735 1573 776; x_wconf 81' lang='grc' dir='ltr'>δικαστήρια,</span> <span class='ocrx_word' id='word_1_341' title='bbox 1591 736 1617 771; x_wconf 83' lang='grc' dir='ltr'><strong>ἐξ</strong></span> <span class='ocrx_word' id='word_1_342' title='bbox 1634 731 1671 765; x_wconf 66' lang='grc' dir='ltr'>ὧν</span> <span class='ocrx_word' id='word_1_343' title='bbox 1693 735 1823 768; x_wconf 74' lang='grc' dir='ltr'>ἀνεύθυνος</span> <span class='ocrx_word' id='word_1_344' title='bbox 1840 734 1890 768; x_wconf 68' lang='grc' dir='ltr'>ἐξῆλ-</span> 
     </span>
    </p>
   </div>
   <div class='ocr_carea' id='block_1_45' title="bbox 1129 778 1890 820">
    <p class='ocr_par' dir='ltr' id='par_1_45' title="bbox 1129 778 1890 820">
     <span class='ocr_line' id='line_1_45' title="bbox 1129 778 1890 820; baseline -0.004 -8"><span class='ocrx_word' id='word_1_345' title='bbox 1129 785 1183 819; x_wconf 87' lang='grc' dir='ltr'>θον,</span> <span class='ocrx_word' id='word_1_346' title='bbox 1200 781 1429 817; x_wconf 82' lang='grc' dir='ltr'>κατεδυσωπήθη,</span> <span class='ocrx_word' id='word_1_347' title='bbox 1445 781 1504 810; x_wconf 76' lang='grc' dir='ltr'>ἀλλ’</span> <span class='ocrx_word' id='word_1_348' title='bbox 1521 780 1602 820; x_wconf 81' lang='grc' dir='ltr'>ἐϐόα,</span> <span class='ocrx_word' id='word_1_349' title='bbox 1620 795 1631 807; x_wconf 76' lang='grc' dir='ltr'><strong>ι</strong></span> <span class='ocrx_word' id='word_1_350' title='bbox 1649 781 1820 820; x_wconf 80' lang='grc' dir='ltr'>Σταύρωσον,</span> <span class='ocrx_word' id='word_1_351' title='bbox 1834 778 1890 808; x_wconf 45' lang='lat' dir='ltr'><strong>erat“</strong></span> 
     </span>
    </p>
   </div>
   <div class='ocr_carea' id='block_1_46' title="bbox 1129 821 1890 867">
    <p class='ocr_par' dir='ltr' id='par_1_46' title="bbox 1129 821 1890 867">
     <span class='ocr_line' id='line_1_46' title="bbox 1129 821 1890 867; baseline -0.007 -10"><span class='ocrx_word' id='word_1_352' title='bbox 1129 838 1220 867; x_wconf 87' lang='grc' dir='ltr'>ρωσον·</span> <span class='ocrx_word' id='word_1_353' title='bbox 1236 841 1248 853; x_wconf 76' lang='grc' dir='ltr'><strong>ιι</strong></span> <span class='ocrx_word' id='word_1_354' title='bbox 1265 826 1322 856; x_wconf 78' lang='grc' dir='ltr'>ἐπεὶ</span> <span class='ocrx_word' id='word_1_355' title='bbox 1345 821 1390 855; x_wconf 65' lang='grc' dir='ltr'><strong>οὖν</strong></span> <span class='ocrx_word' id='word_1_356' title='bbox 1416 828 1500 855; x_wconf 78' lang='grc' dir='ltr'>ταῦτα</span> <span class='ocrx_word' id='word_1_357' title='bbox 1520 825 1601 855; x_wconf 85' lang='grc' dir='ltr'>εἰπὼν</span> <span class='ocrx_word' id='word_1_358' title='bbox 1617 828 1630 856; x_wconf 82' lang='grc' dir='ltr'>ὁ</span> <span class='ocrx_word' id='word_1_359' title='bbox 1656 826 1755 865; x_wconf 85' lang='grc' dir='ltr'>Κύριος</span> <span class='ocrx_word' id='word_1_360' title='bbox 1776 822 1890 858; x_wconf 76' lang='grc' dir='ltr'><strong>κατέπληξε</strong></span> 
     </span>
    </p>
   </div>
   <div class='ocr_carea' id='block_1_47' title="bbox 1126 870 1892 909">
    <p class='ocr_par' dir='ltr' id='par_1_47' title="bbox 1126 870 1892 909">
     <span class='ocr_line' id='line_1_47' title="bbox 1126 870 1892 909; baseline -0.009 -8"><span class='ocrx_word' id='word_1_361' title='bbox 1126 873 1169 901; x_wconf 80' lang='grc' dir='ltr'>τὸν</span> <span class='ocrx_word' id='word_1_362' title='bbox 1188 872 1316 908; x_wconf 83' lang='grc' dir='ltr'>Πιλάτον,</span> <span class='ocrx_word' id='word_1_363' title='bbox 1337 881 1350 899; x_wconf 78' lang='grc' dir='ltr'>ι(</span> <span class='ocrx_word' id='word_1_364' title='bbox 1363 870 1447 906; x_wconf 80' lang='grc' dir='ltr'>ἐζήτει</span> <span class='ocrx_word' id='word_1_365' title='bbox 1463 872 1493 900; x_wconf 80' lang='grc' dir='ltr'>ἐκ</span> <span class='ocrx_word' id='word_1_366' title='bbox 1508 871 1599 900; x_wconf 86' lang='grc' dir='ltr'>τούτου</span> <span class='ocrx_word' id='word_1_367' title='bbox 1615 882 1629 900; x_wconf 81' lang='lat' dir='ltr'><strong>n</strong></span> <span class='ocrx_word' id='word_1_368' title='bbox 1647 872 1751 909; x_wconf 78' lang='grc' dir='ltr'>μᾶλλον</span> <span class='ocrx_word' id='word_1_369' title='bbox 1771 881 1784 898; x_wconf 80' lang='grc' dir='ltr'><strong>ιι</strong></span> <span class='ocrx_word' id='word_1_370' title='bbox 1794 870 1892 899; x_wconf 49' lang='lat' dir='ltr'><strong>amna“</strong></span> 
     </span>
    </p>
   </div>
   <div class='ocr_carea' id='block_1_48' title="bbox 1128 912 1890 955">
    <p class='ocr_par' dir='ltr' id='par_1_48' title="bbox 1128 912 1890 955">
     <span class='ocr_line' id='line_1_48' title="bbox 1128 912 1890 955; baseline -0.009 -9"><span class='ocrx_word' id='word_1_371' title='bbox 1128 917 1214 946; x_wconf 75' lang='grc' dir='ltr'>αὐτόν.</span> <span class='ocrx_word' id='word_1_372' title='bbox 1234 931 1245 942; x_wconf 80' lang='lat' dir='ltr'><strong><em>n</em></strong></span> <span class='ocrx_word' id='word_1_373' title='bbox 1272 916 1398 946; x_wconf 80' lang='grc' dir='ltr'>Ἰουδαῖοι</span> <span class='ocrx_word' id='word_1_374' title='bbox 1414 915 1458 955; x_wconf 84' lang='grc' dir='ltr'>δὲ,</span> <span class='ocrx_word' id='word_1_375' title='bbox 1477 915 1535 944; x_wconf 81' lang='grc' dir='ltr'>ἐπεὶ</span> <span class='ocrx_word' id='word_1_376' title='bbox 1557 917 1593 949; x_wconf 88' lang='grc' dir='ltr'>ὡς</span> <span class='ocrx_word' id='word_1_377' title='bbox 1608 916 1677 946; x_wconf 78' lang='grc' dir='ltr'>Θεὸν</span> <span class='ocrx_word' id='word_1_378' title='bbox 1693 919 1813 945; x_wconf 73' lang='grc' dir='ltr'>ποιοῦντα</span> <span class='ocrx_word' id='word_1_379' title='bbox 1826 912 1890 942; x_wconf 74' lang='grc' dir='ltr'>ἑαυτὸν</span> 
     </span>
    </p>
   </div>
   <div class='ocr_carea' id='block_1_49' title="bbox 1127 958 1891 1000">
    <p class='ocr_par' dir='ltr' id='par_1_49' title="bbox 1127 958 1891 1000">
     <span class='ocr_line' id='line_1_49' title="bbox 1127 958 1891 1000; baseline -0.003 -9"><span class='ocrx_word' id='word_1_380' title='bbox 1127 961 1327 996; x_wconf 81' lang='grc' dir='ltr'>διαϐάλλοντες,</span> <span class='ocrx_word' id='word_1_381' title='bbox 1351 960 1397 990; x_wconf 83' lang='grc' dir='ltr'><strong>καὶ</strong></span> <span class='ocrx_word' id='word_1_382' title='bbox 1421 960 1464 989; x_wconf 75' lang='grc' dir='ltr'><strong>τὸν</strong></span> <span class='ocrx_word' id='word_1_383' title='bbox 1489 960 1567 998; x_wconf 80' lang='grc' dir='ltr'>νόμον</span> <span class='ocrx_word' id='word_1_384' title='bbox 1595 959 1811 1000; x_wconf 71' lang='grc' dir='ltr'>προσενεγκόντες</span> <span class='ocrx_word' id='word_1_385' title='bbox 1835 958 1891 994; x_wconf 65' lang='grc' dir='ltr'>ἠλέγ-</span> 
     </span>
    </p>
   </div>
   <div class='ocr_carea' id='block_1_50' title="bbox 1125 1002 1889 1047">
    <p class='ocr_par' dir='ltr' id='par_1_50' title="bbox 1125 1002 1889 1047">
     <span class='ocr_line' id='line_1_50' title="bbox 1125 1002 1889 1047; baseline -0.001 -12"><span class='ocrx_word' id='word_1_386' title='bbox 1125 1009 1227 1047; x_wconf 77' lang='grc' dir='ltr'>χθησαν</span> <span class='ocrx_word' id='word_1_387' title='bbox 1253 1006 1282 1045; x_wconf 84' lang='grc' dir='ltr'>(ὁ</span> <span class='ocrx_word' id='word_1_388' title='bbox 1299 1005 1351 1045; x_wconf 74' lang='grc' dir='ltr'><strong>γὰρ</strong></span> <span class='ocrx_word' id='word_1_389' title='bbox 1370 1005 1484 1038; x_wconf 86' lang='grc' dir='ltr'>ΙΙιλάτος</span> <span class='ocrx_word' id='word_1_390' title='bbox 1507 1006 1536 1034; x_wconf 80' lang='grc' dir='ltr'><strong>ἐκ</strong></span> <span class='ocrx_word' id='word_1_391' title='bbox 1552 1005 1645 1035; x_wconf 86' lang='grc' dir='ltr'>τούτου</span> <span class='ocrx_word' id='word_1_392' title='bbox 1665 1006 1769 1043; x_wconf 75' lang='grc' dir='ltr'>μᾶλλον</span> <span class='ocrx_word' id='word_1_393' title='bbox 1787 1002 1889 1043; x_wconf 68' lang='grc' dir='ltr'>ἐφοϐήθηι</span> 
     </span>
    </p>
   </div>
   <div class='ocr_carea' id='block_1_51' title="bbox 1126 1046 1891 1089">
    <p class='ocr_par' dir='ltr' id='par_1_51' title="bbox 1126 1046 1891 1089">
     <span class='ocr_line' id='line_1_51' title="bbox 1126 1046 1891 1089; baseline -0.004 -9"><span class='ocrx_word' id='word_1_394' title='bbox 1126 1046 1171 1080; x_wconf 77' lang='grc' dir='ltr'><strong>καὶ</strong></span> <span class='ocrx_word' id='word_1_395' title='bbox 1193 1050 1316 1080; x_wconf 81' lang='grc' dir='ltr'>ἐϐούλετο</span> <span class='ocrx_word' id='word_1_396' title='bbox 1330 1051 1461 1080; x_wconf 77' lang='grc' dir='ltr'>ἀπολῦσαι</span> <span class='ocrx_word' id='word_1_397' title='bbox 1475 1050 1568 1086; x_wconf 82' lang='grc' dir='ltr'>αὐτὸν,</span> <span class='ocrx_word' id='word_1_398' title='bbox 1584 1050 1680 1089; x_wconf 84' lang='grc' dir='ltr'>μήπως</span> <span class='ocrx_word' id='word_1_399' title='bbox 1696 1051 1760 1089; x_wconf 81' lang='grc' dir='ltr'>Θεῷ</span> <span class='ocrx_word' id='word_1_400' title='bbox 1773 1046 1891 1088; x_wconf 50' lang='grc' dir='ltr'>προσχρώ-</span> 
     </span>
    </p>
   </div>
   <div class='ocr_carea' id='block_1_52' title="bbox 1126 1089 1892 1136">
    <p class='ocr_par' dir='ltr' id='par_1_52' title="bbox 1126 1089 1892 1136">
     <span class='ocr_line' id='line_1_52' title="bbox 1126 1089 1892 1136; baseline -0.018 -3"><span class='ocrx_word' id='word_1_401' title='bbox 1126 1095 1186 1135; x_wconf 61' lang='grc' dir='ltr'>στ’)</span> <span class='ocrx_word' id='word_1_402' title='bbox 1205 1097 1286 1124; x_wconf 80' lang='grc' dir='ltr'>πάλιν</span> <span class='ocrx_word' id='word_1_403' title='bbox 1313 1094 1357 1124; x_wconf 71' lang='grc' dir='ltr'>ἐπὶ</span> <span class='ocrx_word' id='word_1_404' title='bbox 1379 1094 1438 1128; x_wconf 70' lang='grc' dir='ltr'>τοὺς</span> <span class='ocrx_word' id='word_1_405' title='bbox 1460 1094 1508 1128; x_wconf 76' lang='grc' dir='ltr'><strong>ἔξω</strong></span> <span class='ocrx_word' id='word_1_406' title='bbox 1524 1096 1620 1133; x_wconf 84' lang='grc' dir='ltr'>νόμους</span> <span class='ocrx_word' id='word_1_407' title='bbox 1643 1089 1892 1136; x_wconf 49' lang='grc' dir='ltr'>καταφεύγουσι,”χιῖ</span> 
     </span>
    </p>
   </div>
   <div class='ocr_carea' id='block_1_53' title="bbox 1126 1136 1890 1181">
    <p class='ocr_par' dir='ltr' id='par_1_53' title="bbox 1126 1136 1890 1181">
     <span class='ocr_line' id='line_1_53' title="bbox 1126 1136 1890 1181; baseline -0.001 -12"><span class='ocrx_word' id='word_1_408' title='bbox 1126 1141 1161 1174; x_wconf 83' lang='grc' dir='ltr'><strong>ὡς</strong></span> <span class='ocrx_word' id='word_1_409' title='bbox 1184 1141 1299 1181; x_wconf 74' lang='grc' dir='ltr'>ψοφοδεῆ</span> <span class='ocrx_word' id='word_1_410' title='bbox 1328 1139 1469 1179; x_wconf 77' lang='grc' dir='ltr'>ἐκφοϐοῦσι</span> <span class='ocrx_word' id='word_1_411' title='bbox 1494 1139 1538 1168; x_wconf 78' lang='grc' dir='ltr'><strong>τὸν</strong></span> <span class='ocrx_word' id='word_1_412' title='bbox 1564 1140 1692 1170; x_wconf 82' lang='grc' dir='ltr'>Πιλάτον.</span> <span class='ocrx_word' id='word_1_413' title='bbox 1718 1139 1768 1172; x_wconf 59' lang='grc' dir='ltr'><strong>⁸Ως</strong></span> <span class='ocrx_word' id='word_1_414' title='bbox 1787 1137 1832 1177; x_wconf 74' lang='grc' dir='ltr'>γὰρ</span> <span class='ocrx_word' id='word_1_415' title='bbox 1845 1136 1890 1164; x_wconf 58' lang='grc' dir='ltr'><strong>εἶδε*</strong></span> 
     </span>
    </p>
   </div>
   <div class='ocr_carea' id='block_1_54' title="bbox 1127 1180 1892 1222">
    <p class='ocr_par' dir='ltr' id='par_1_54' title="bbox 1127 1180 1892 1222">
     <span class='ocr_line' id='line_1_54' title="bbox 1127 1180 1892 1222; baseline -0.005 -8"><span class='ocrx_word' id='word_1_416' title='bbox 1127 1186 1206 1215; x_wconf 77' lang='grc' dir='ltr'>αὐτὸν</span> <span class='ocrx_word' id='word_1_417' title='bbox 1224 1184 1434 1222; x_wconf 67' lang='grc' dir='ltr'>εὐλαϐούμενον,</span> <span class='ocrx_word' id='word_1_418' title='bbox 1459 1184 1497 1222; x_wconf 83' lang='grc' dir='ltr'><strong>μὴ</strong></span> <span class='ocrx_word' id='word_1_419' title='bbox 1513 1184 1577 1214; x_wconf 83' lang='grc' dir='ltr'>Υἱὸν</span> <span class='ocrx_word' id='word_1_420' title='bbox 1595 1187 1665 1216; x_wconf 78' lang='grc' dir='ltr'>Θεοῦ</span> <span class='ocrx_word' id='word_1_421' title='bbox 1677 1185 1744 1214; x_wconf 81' lang='grc' dir='ltr'>ὄντα</span> <span class='ocrx_word' id='word_1_422' title='bbox 1759 1180 1892 1220; x_wconf 64' lang='grc' dir='ltr'><strong>κατακρίνω»ν</strong></span> 
     </span>
    </p>
   </div>
   <div class='ocr_carea' id='block_1_55' title="bbox 1127 1226 1891 1270">
    <p class='ocr_par' dir='ltr' id='par_1_55' title="bbox 1127 1226 1891 1270">
     <span class='ocr_line' id='line_1_55' title="bbox 1127 1226 1891 1270; baseline 0.001 -11"><span class='ocrx_word' id='word_1_423' title='bbox 1127 1230 1171 1259; x_wconf 82' lang='grc' dir='ltr'>τὸν</span> <span class='ocrx_word' id='word_1_424' title='bbox 1188 1230 1292 1266; x_wconf 77' lang='grc' dir='ltr'>Ἰησοῦν</span> <span class='ocrx_word' id='word_1_425' title='bbox 1315 1229 1441 1269; x_wconf 81' lang='grc' dir='ltr'>ἁμάρτῃ,</span> <span class='ocrx_word' id='word_1_426' title='bbox 1469 1229 1512 1259; x_wconf 81' lang='grc' dir='ltr'><strong>τὸν</strong></span> <span class='ocrx_word' id='word_1_427' title='bbox 1537 1229 1617 1270; x_wconf 73' lang='grc' dir='ltr'>φόϐον</span> <span class='ocrx_word' id='word_1_428' title='bbox 1637 1232 1682 1258; x_wconf 78' lang='grc' dir='ltr'><strong>τοῦ</strong></span> <span class='ocrx_word' id='word_1_429' title='bbox 1703 1229 1830 1268; x_wconf 79' lang='grc' dir='ltr'>Καίσαρος</span> <span class='ocrx_word' id='word_1_430' title='bbox 1850 1226 1891 1253; x_wconf 47' lang='lat' dir='ltr'><strong>in“</strong></span> 
     </span>
    </p>
   </div>
   <div class='ocr_carea' id='block_1_56' title="bbox 1128 1270 1892 1314">
    <p class='ocr_par' dir='ltr' id='par_1_56' title="bbox 1128 1270 1892 1314">
     <span class='ocr_line' id='line_1_56' title="bbox 1128 1270 1892 1314; baseline -0.005 -11"><span class='ocrx_word' id='word_1_431' title='bbox 1128 1274 1242 1304; x_wconf 78' lang='grc' dir='ltr'>σείουσιν</span> <span class='ocrx_word' id='word_1_432' title='bbox 1255 1275 1345 1314; x_wconf 83' lang='grc' dir='ltr'>αὐτῷ,</span> <span class='ocrx_word' id='word_1_433' title='bbox 1363 1274 1410 1303; x_wconf 85' lang='grc' dir='ltr'>καὶ</span> <span class='ocrx_word' id='word_1_434' title='bbox 1426 1273 1470 1302; x_wconf 80' lang='grc' dir='ltr'>ἐπὶ</span> <span class='ocrx_word' id='word_1_435' title='bbox 1490 1274 1624 1314; x_wconf 84' lang='grc' dir='ltr'>τυραννίδι</span> <span class='ocrx_word' id='word_1_436' title='bbox 1637 1273 1680 1303; x_wconf 86' lang='grc' dir='ltr'><strong>τὸν</strong></span> <span class='ocrx_word' id='word_1_437' title='bbox 1700 1274 1793 1313; x_wconf 84' lang='grc' dir='ltr'>Κύριον</span> <span class='ocrx_word' id='word_1_438' title='bbox 1809 1270 1892 1301; x_wconf 70' lang='grc' dir='ltr'>διαϐάλ-</span> 
     </span>
    </p>
   </div>
   <div class='ocr_carea' id='block_1_57' title="bbox 1126 1314 1891 1358">
    <p class='ocr_par' dir='ltr' id='par_1_57' title="bbox 1126 1314 1891 1358">
     <span class='ocr_line' id='line_1_57' title="bbox 1126 1314 1891 1358; baseline -0.007 -10"><span class='ocrx_word' id='word_1_439' title='bbox 1126 1319 1231 1356; x_wconf 87' lang='grc' dir='ltr'>λοντες,</span> <span class='ocrx_word' id='word_1_440' title='bbox 1259 1320 1445 1357; x_wconf 75' lang='grc' dir='ltr'>ἔκδειματοῖισι</span> <span class='ocrx_word' id='word_1_441' title='bbox 1472 1318 1516 1348; x_wconf 83' lang='grc' dir='ltr'><strong>τὸν</strong></span> <span class='ocrx_word' id='word_1_442' title='bbox 1535 1319 1667 1356; x_wconf 79' lang='grc' dir='ltr'>Πιλάτον,</span> <span class='ocrx_word' id='word_1_443' title='bbox 1688 1321 1725 1352; x_wconf 88' lang='grc' dir='ltr'><strong>ὡς</strong></span> <span class='ocrx_word' id='word_1_444' title='bbox 1749 1314 1891 1358; x_wconf 76' lang='grc' dir='ltr'>προσκρούειν</span> 
     </span>
    </p>
   </div>
   <div class='ocr_carea' id='block_1_58' title="bbox 1127 1363 1890 1403">
    <p class='ocr_par' dir='ltr' id='par_1_58' title="bbox 1127 1363 1890 1403">
     <span class='ocr_line' id='line_1_58' title="bbox 1127 1363 1890 1403; baseline -0.007 -10"><span class='ocrx_word' id='word_1_445' title='bbox 1127 1364 1257 1402; x_wconf 84' lang='grc' dir='ltr'>μέλλοντα</span> <span class='ocrx_word' id='word_1_446' title='bbox 1281 1363 1416 1403; x_wconf 84' lang='grc' dir='ltr'>Καίσαρι,</span> <span class='ocrx_word' id='word_1_447' title='bbox 1442 1363 1466 1393; x_wconf 85' lang='grc' dir='ltr'><strong>εἴ</strong></span> <span class='ocrx_word' id='word_1_448' title='bbox 1483 1375 1514 1403; x_wconf 83' lang='grc' dir='ltr'>γε</span> <span class='ocrx_word' id='word_1_449' title='bbox 1538 1363 1666 1393; x_wconf 77' lang='grc' dir='ltr'>ἀπολύσει</span> <span class='ocrx_word' id='word_1_450' title='bbox 1690 1363 1737 1393; x_wconf 87' lang='grc' dir='ltr'><strong>τὸν</strong></span> <span class='ocrx_word' id='word_1_451' title='bbox 1763 1363 1890 1400; x_wconf 70' lang='grc' dir='ltr'>ἀνταίροντι</span> 
     </span>
    </p>
   </div>
   <div class='ocr_carea' id='block_1_59' title="bbox 1127 1403 1890 1449">
    <p class='ocr_par' dir='ltr' id='par_1_59' title="bbox 1127 1403 1890 1449">
     <span class='ocr_line' id='line_1_59' title="bbox 1127 1403 1890 1449; baseline -0.004 -11"><span class='ocrx_word' id='word_1_452' title='bbox 1127 1411 1208 1449; x_wconf 86' lang='grc' dir='ltr'>αὐτῷ.</span> <span class='ocrx_word' id='word_1_453' title='bbox 1242 1408 1297 1438; x_wconf 87' lang='grc' dir='ltr'>Καὶ</span> <span class='ocrx_word' id='word_1_454' title='bbox 1322 1411 1372 1438; x_wconf 75' lang='grc' dir='ltr'><strong>ποῦ</strong></span> <span class='ocrx_word' id='word_1_455' title='bbox 1399 1409 1548 1448; x_wconf 81' lang='grc' dir='ltr'>τυραννίδος</span> <span class='ocrx_word' id='word_1_456' title='bbox 1575 1405 1649 1442; x_wconf 65' lang='grc' dir='ltr'>οὗτος</span> <span class='ocrx_word' id='word_1_457' title='bbox 1677 1409 1768 1444; x_wconf 70' lang='grc' dir='ltr'>ἑάλως</span> <span class='ocrx_word' id='word_1_458' title='bbox 1793 1407 1858 1437; x_wconf 76' lang='grc' dir='ltr'>πόθεν</span> <span class='ocrx_word' id='word_1_459' title='bbox 1874 1403 1890 1432; x_wconf 74' lang='grc' dir='ltr'><strong>δὲ</strong></span> 
     </span>
    </p>
   </div>
   <div class='ocr_carea' id='block_1_60' title="bbox 1125 1449 1891 1493">
    <p class='ocr_par' dir='ltr' id='par_1_60' title="bbox 1125 1449 1891 1493">
     <span class='ocr_line' id='line_1_60' title="bbox 1125 1449 1891 1493; baseline -0.008 -10"><span class='ocrx_word' id='word_1_460' title='bbox 1125 1457 1200 1483; x_wconf 78' lang='grc' dir='ltr'>τοῦτο</span> <span class='ocrx_word' id='word_1_461' title='bbox 1217 1453 1328 1489; x_wconf 81' lang='grc' dir='ltr'>δείξετε;</span> <span class='ocrx_word' id='word_1_462' title='bbox 1345 1453 1409 1483; x_wconf 79' lang='grc' dir='ltr'><strong>Ἀπὸ</strong></span> <span class='ocrx_word' id='word_1_463' title='bbox 1432 1455 1480 1489; x_wconf 84' lang='grc' dir='ltr'><strong>τῆς</strong></span> <span class='ocrx_word' id='word_1_464' title='bbox 1497 1453 1670 1493; x_wconf 78' lang='grc' dir='ltr'>ἁλουργίδος;</span> <span class='ocrx_word' id='word_1_465' title='bbox 1694 1452 1749 1482; x_wconf 80' lang='grc' dir='ltr'><strong>ἀπὸ</strong></span> <span class='ocrx_word' id='word_1_466' title='bbox 1763 1454 1804 1481; x_wconf 78' lang='grc' dir='ltr'>τοῦ</span> <span class='ocrx_word' id='word_1_467' title='bbox 1819 1449 1891 1483; x_wconf 70' lang='grc' dir='ltr'>διαδή-</span> 
     </span>
    </p>
   </div>
   <div class='ocr_carea' id='block_1_61' title="bbox 269 1494 1071 1545">
    <p class='ocr_par' dir='ltr' id='par_1_61' title="bbox 269 1497 1069 1535">
     <span class='ocr_line' id='line_1_61' title="bbox 269 1497 1069 1535; baseline 0.004 -11"><span class='ocrx_word' id='word_1_468' title='bbox 269 1505 286 1525; x_wconf 89' lang='lat' dir='ltr'><strong>a</strong></span> <span class='ocrx_word' id='word_1_469' title='bbox 309 1497 473 1525; x_wconf 84' lang='lat' dir='ltr'><strong>militaribus</strong></span> <span class='ocrx_word' id='word_1_470' title='bbox 497 1497 599 1533; x_wconf 77' lang='lat' dir='ltr'><strong>signis?</strong></span> <span class='ocrx_word' id='word_1_471' title='bbox 619 1505 712 1524; x_wconf 92' lang='lat' dir='ltr'><strong>nonne</strong></span> <span class='ocrx_word' id='word_1_472' title='bbox 727 1497 822 1524; x_wconf 88' lang='lat' dir='ltr'><strong>omnia</strong></span> <span class='ocrx_word' id='word_1_473' title='bbox 851 1506 913 1533; x_wconf 59' lang='lat' dir='ltr'><strong>quas</strong></span> <span class='ocrx_word' id='word_1_474' title='bbox 939 1498 1069 1535; x_wconf 86' lang='lat' dir='ltr'><strong>habebat,</strong></span> 
     </span>
    </p>
   </div>
   <div class='ocr_carea' id='block_1_62' title="bbox 1125 1494 1891 1545">
    <p class='ocr_par' dir='ltr' id='par_1_62' title="bbox 1127 1494 1891 1539">
     <span class='ocr_line' id='line_1_62' title="bbox 1127 1494 1891 1539; baseline -0.003 -13"><span class='ocrx_word' id='word_1_475' title='bbox 1127 1509 1227 1537; x_wconf 84' lang='grc' dir='ltr'>ματος;</span> <span class='ocrx_word' id='word_1_476' title='bbox 1245 1498 1299 1528; x_wconf 81' lang='grc' dir='ltr'>ἀπὸ</span> <span class='ocrx_word' id='word_1_477' title='bbox 1319 1500 1372 1527; x_wconf 76' lang='grc' dir='ltr'><strong>τῶν</strong></span> <span class='ocrx_word' id='word_1_478' title='bbox 1392 1500 1606 1538; x_wconf 80' lang='grc' dir='ltr'>στρατιωτικῶν;</span> <span class='ocrx_word' id='word_1_479' title='bbox 1628 1500 1670 1528; x_wconf 84' lang='grc' dir='ltr'><strong>Οὐ</strong></span> <span class='ocrx_word' id='word_1_480' title='bbox 1685 1498 1775 1528; x_wconf 79' lang='grc' dir='ltr'>πάντα</span> <span class='ocrx_word' id='word_1_481' title='bbox 1791 1497 1853 1534; x_wconf 85' lang='grc' dir='ltr'><strong>αὖτῷ</strong></span> <span class='ocrx_word' id='word_1_482' title='bbox 1865 1494 1891 1539; x_wconf 65' lang='grc' dir='ltr'><strong>εξ·</strong></span> 
     </span>
    </p>
   </div>
   <div class='ocr_carea' id='block_1_63' title="bbox 268 1541 1070 1575">
    <p class='ocr_par' dir='ltr' id='par_1_63' title="bbox 268 1541 1070 1575">
     <span class='ocr_line' id='line_1_63' title="bbox 268 1541 1070 1575; baseline 0.005 -6"><span class='ocrx_word' id='word_1_483' title='bbox 268 1541 350 1569; x_wconf 74' lang='lat' dir='ltr'><strong>vilia?</strong></span> <span class='ocrx_word' id='word_1_484' title='bbox 365 1545 393 1569; x_wconf 89' lang='lat' dir='ltr'><strong>et</strong></span> <span class='ocrx_word' id='word_1_485' title='bbox 407 1542 477 1570; x_wconf 86' lang='lat' dir='ltr'><strong>stola</strong></span> <span class='ocrx_word' id='word_1_486' title='bbox 497 1546 524 1569; x_wconf 87' lang='lat' dir='ltr'><strong>et</strong></span> <span class='ocrx_word' id='word_1_487' title='bbox 538 1541 628 1575; x_wconf 85' lang='lat' dir='ltr'><strong>cibus,</strong></span> <span class='ocrx_word' id='word_1_488' title='bbox 650 1546 676 1569; x_wconf 88' lang='lat' dir='ltr'><strong>et</strong></span> <span class='ocrx_word' id='word_1_489' title='bbox 697 1542 813 1571; x_wconf 80' lang='lat' dir='ltr'><strong>domus?</strong></span> <span class='ocrx_word' id='word_1_490' title='bbox 827 1543 888 1570; x_wconf 87' lang='lat' dir='ltr'><strong>Imo</strong></span> <span class='ocrx_word' id='word_1_491' title='bbox 902 1543 928 1571; x_wconf 90' lang='lat' dir='ltr'><strong>ei</strong></span> <span class='ocrx_word' id='word_1_492' title='bbox 953 1551 1004 1572; x_wconf 88' lang='lat' dir='ltr'><strong>nec</strong></span> <span class='ocrx_word' id='word_1_493' title='bbox 1017 1545 1070 1573; x_wconf 52' lang='grc' dir='ltr'><strong>ἀοι</strong></span> 
     </span>
    </p>
   </div>
   <div class='ocr_carea' id='block_1_64' title="bbox 270 1586 1072 1622">
    <p class='ocr_par' dir='ltr' id='par_1_64' title="bbox 270 1586 1072 1622">
     <span class='ocr_line' id='line_1_64' title="bbox 270 1586 1072 1622; baseline 0.006 -9"><span class='ocrx_word' id='word_1_494' title='bbox 270 1593 334 1613; x_wconf 89' lang='lat' dir='ltr'><strong>mus</strong></span> <span class='ocrx_word' id='word_1_495' title='bbox 349 1589 418 1613; x_wconf 88' lang='lat' dir='ltr'><strong>erat.</strong></span> <span class='ocrx_word' id='word_1_496' title='bbox 435 1586 488 1614; x_wconf 89' lang='lat' dir='ltr'><strong>Sed</strong></span> <span class='ocrx_word' id='word_1_497' title='bbox 502 1594 519 1614; x_wconf 92' lang='grc' dir='ltr'><strong>ο</strong></span> <span class='ocrx_word' id='word_1_498' title='bbox 534 1586 656 1614; x_wconf 86' lang='lat' dir='ltr'><strong>Pilatum</strong></span> <span class='ocrx_word' id='word_1_499' title='bbox 671 1595 769 1622; x_wconf 87' lang='lat' dir='ltr'><strong>parum</strong></span> <span class='ocrx_word' id='word_1_500' title='bbox 784 1587 904 1615; x_wconf 81' lang='lat' dir='ltr'><strong>virilem!</strong></span> <span class='ocrx_word' id='word_1_501' title='bbox 920 1588 1072 1618; x_wconf 85' lang='lat' dir='ltr'><strong>Periclitari</strong></span> 
     </span>
    </p>
   </div>
   <div class='ocr_carea' id='block_1_65' title="bbox 270 1630 1072 1666">
    <p class='ocr_par' dir='ltr' id='par_1_65' title="bbox 270 1630 1072 1666">
     <span class='ocr_line' id='line_1_65' title="bbox 270 1630 1072 1666; baseline 0.005 -7"><span class='ocrx_word' id='word_1_502' title='bbox 270 1630 324 1659; x_wconf 90' lang='lat' dir='ltr'><strong>sibi</strong></span> <span class='ocrx_word' id='word_1_503' title='bbox 340 1631 413 1658; x_wconf 89' lang='lat' dir='ltr'><strong>visus</strong></span> <span class='ocrx_word' id='word_1_504' title='bbox 427 1636 479 1665; x_wconf 86' lang='lat' dir='ltr'><strong>est,</strong></span> <span class='ocrx_word' id='word_1_505' title='bbox 503 1631 524 1658; x_wconf 91' lang='lat' dir='ltr'><strong>si</strong></span> <span class='ocrx_word' id='word_1_506' title='bbox 546 1630 659 1666; x_wconf 87' lang='lat' dir='ltr'><strong>quidem</strong></span> <span class='ocrx_word' id='word_1_507' title='bbox 674 1631 744 1659; x_wconf 89' lang='lat' dir='ltr'><strong>hanc</strong></span> <span class='ocrx_word' id='word_1_508' title='bbox 766 1639 877 1660; x_wconf 88' lang='lat' dir='ltr'><strong>causam</strong></span> <span class='ocrx_word' id='word_1_509' title='bbox 890 1633 1072 1663; x_wconf 87' lang='lat' dir='ltr'><strong>indiscussam</strong></span> 
     </span>
    </p>
   </div>
   <div class='ocr_carea' id='block_1_66' title="bbox 268 1675 1072 1713">
    <p class='ocr_par' dir='ltr' id='par_1_66' title="bbox 268 1675 1072 1713">
     <span class='ocr_line' id='line_1_66' title="bbox 268 1675 1072 1713; baseline 0.006 -10"><span class='ocrx_word' id='word_1_510' title='bbox 268 1675 425 1712; x_wconf 80' lang='lat' dir='ltr'><strong>negligeret.</strong></span> <span class='ocrx_word' id='word_1_511' title='bbox 443 1677 516 1704; x_wconf 86' lang='lat' dir='ltr'><strong>Nam</strong></span> <span class='ocrx_word' id='word_1_512' title='bbox 535 1676 607 1703; x_wconf 89' lang='lat' dir='ltr'><strong>vadit</strong></span> <span class='ocrx_word' id='word_1_513' title='bbox 629 1676 738 1712; x_wconf 87' lang='lat' dir='ltr'><strong>quidem</strong></span> <span class='ocrx_word' id='word_1_514' title='bbox 763 1677 840 1713; x_wconf 89' lang='lat' dir='ltr'><strong>quasi</strong></span> <span class='ocrx_word' id='word_1_515' title='bbox 863 1678 1072 1708; x_wconf 83' lang='lat' dir='ltr'><strong>examinaturus</strong></span> 
     </span>
    </p>
   </div>
   <div class='ocr_carea' id='block_1_67' title="bbox 269 1721 1071 1758">
    <p class='ocr_par' dir='ltr' id='par_1_67' title="bbox 269 1721 1071 1758">
     <span class='ocr_line' id='line_1_67' title="bbox 269 1721 1071 1758; baseline 0.005 -9"><span class='ocrx_word' id='word_1_516' title='bbox 269 1721 423 1757; x_wconf 84' lang='lat' dir='ltr'><strong>negotium,</strong></span> <span class='ocrx_word' id='word_1_517' title='bbox 445 1722 499 1749; x_wconf 91' lang='lat' dir='ltr'><strong>hoc</strong></span> <span class='ocrx_word' id='word_1_518' title='bbox 517 1721 591 1749; x_wconf 88' lang='lat' dir='ltr'><strong>enim</strong></span> <span class='ocrx_word' id='word_1_519' title='bbox 613 1721 697 1749; x_wconf 87' lang='lat' dir='ltr'><strong>sessio</strong></span> <span class='ocrx_word' id='word_1_520' title='bbox 716 1722 861 1758; x_wconf 78' lang='lat' dir='ltr'><strong>signiﬁcat.</strong></span> <span class='ocrx_word' id='word_1_521' title='bbox 886 1723 965 1752; x_wconf 84' lang='lat' dir='ltr'><strong>Nulla</strong></span> <span class='ocrx_word' id='word_1_522' title='bbox 979 1729 1071 1753; x_wconf 86' lang='lat' dir='ltr'><strong>autem</strong></span> 
     </span>
    </p>
   </div>
   <div class='ocr_carea' id='block_1_68' title="bbox 269 1765 1072 1801">
    <p class='ocr_par' dir='ltr' id='par_1_68' title="bbox 269 1765 1072 1801">
     <span class='ocr_line' id='line_1_68' title="bbox 269 1765 1072 1801; baseline 0.005 -7"><span class='ocrx_word' id='word_1_523' title='bbox 269 1766 474 1794; x_wconf 83' lang='lat' dir='ltr'><strong>examinatione</strong></span> <span class='ocrx_word' id='word_1_524' title='bbox 489 1765 574 1801; x_wconf 88' lang='lat' dir='ltr'><strong>facta,</strong></span> <span class='ocrx_word' id='word_1_525' title='bbox 597 1766 682 1795; x_wconf 81' lang='lat' dir='ltr'><strong>tradit</strong></span> <span class='ocrx_word' id='word_1_526' title='bbox 697 1767 785 1801; x_wconf 84' lang='lat' dir='ltr'><strong>illum,</strong></span> <span class='ocrx_word' id='word_1_527' title='bbox 799 1768 961 1797; x_wconf 88' lang='lat' dir='ltr'><strong>existimans</strong></span> <span class='ocrx_word' id='word_1_528' title='bbox 981 1777 1011 1797; x_wconf 90' lang='lat' dir='ltr'><strong>se</strong></span> <span class='ocrx_word' id='word_1_529' title='bbox 1033 1770 1072 1798; x_wconf 89' lang='lat' dir='ltr'><strong>sic</strong></span> 
     </span>
    </p>
   </div>
   <div class='ocr_carea' id='block_1_69' title="bbox 271 1811 1071 1847">
    <p class='ocr_par' dir='ltr' id='par_1_69' title="bbox 271 1811 1071 1847">
     <span class='ocr_line' id='line_1_69' title="bbox 271 1811 1071 1847; baseline 0.005 -8"><span class='ocrx_word' id='word_1_530' title='bbox 271 1811 333 1839; x_wconf 90' lang='lat' dir='ltr'><strong>illos</strong></span> <span class='ocrx_word' id='word_1_531' title='bbox 354 1811 538 1847; x_wconf 88' lang='lat' dir='ltr'><strong>placaturum.</strong></span> <span class='ocrx_word' id='word_1_532' title='bbox 564 1812 711 1847; x_wconf 85' lang='lat' dir='ltr'><strong>Quomodo</strong></span> <span class='ocrx_word' id='word_1_533' title='bbox 726 1816 830 1847; x_wconf 85' lang='lat' dir='ltr'><strong>autem,</strong></span> <span class='ocrx_word' id='word_1_534' title='bbox 848 1814 943 1841; x_wconf 87' lang='lat' dir='ltr'><strong>Marco</strong></span> <span class='ocrx_word' id='word_1_535' title='bbox 965 1814 1071 1843; x_wconf 87' lang='lat' dir='ltr'><strong>dicente</strong></span> 
     </span>
    </p>
   </div>
   <div class='ocr_carea' id='block_1_70' title="bbox 269 1857 1069 1895">
    <p class='ocr_par' dir='ltr' id='par_1_70' title="bbox 269 1857 1069 1895">
     <span class='ocr_line' id='line_1_70' title="bbox 269 1857 1069 1895; baseline 0.004 -11"><span class='ocrx_word' id='word_1_536' title='bbox 269 1857 380 1885; x_wconf 86' lang='lat' dir='ltr'><strong>tertiam</strong></span> <span class='ocrx_word' id='word_1_537' title='bbox 407 1857 504 1885; x_wconf 88' lang='lat' dir='ltr'><strong>horam</strong></span> <span class='ocrx_word' id='word_1_538' title='bbox 528 1857 640 1893; x_wconf 85' lang='lat' dir='ltr'><strong>quando</strong></span> <span class='ocrx_word' id='word_1_539' title='bbox 661 1857 788 1885; x_wconf 88' lang='lat' dir='ltr'><strong>Christus</strong></span> <span class='ocrx_word' id='word_1_540' title='bbox 813 1859 1023 1895; x_wconf 83' lang='lat' dir='ltr'><strong>cruciﬁgebatur</strong></span> <span class='ocrx_word' id='word_1_541' title='bbox 1047 1860 1069 1895; x_wconf 71' lang='grc'>⁸,</span> 
     </span>
    </p>
   </div>
   <div class='ocr_carea' id='block_1_71' title="bbox 266 1902 1068 1940">
    <p class='ocr_par' dir='ltr' id='par_1_71' title="bbox 266 1902 1068 1940">
     <span class='ocr_line' id='line_1_71' title="bbox 266 1902 1068 1940; baseline 0.002 -10"><span class='ocrx_word' id='word_1_542' title='bbox 266 1903 388 1930; x_wconf 86' lang='lat' dir='ltr'><strong>Joannes</strong></span> <span class='ocrx_word' id='word_1_543' title='bbox 405 1907 513 1930; x_wconf 83' lang='lat' dir='ltr'><strong>sextam</strong></span> <span class='ocrx_word' id='word_1_544' title='bbox 526 1903 590 1930; x_wconf 87' lang='lat' dir='ltr'><strong>dicit</strong></span> <span class='ocrx_word' id='word_1_545' title='bbox 604 1902 635 1930; x_wconf 79' lang='lat'><strong>5?</strong></span> <span class='ocrx_word' id='word_1_546' title='bbox 650 1903 736 1939; x_wconf 87' lang='lat' dir='ltr'><strong>lgitur</strong></span> <span class='ocrx_word' id='word_1_547' title='bbox 749 1902 802 1930; x_wconf 85' lang='lat' dir='ltr'><strong>hoc</strong></span> <span class='ocrx_word' id='word_1_548' title='bbox 819 1904 928 1931; x_wconf 85' lang='lat' dir='ltr'><strong>solvunt</strong></span> <span class='ocrx_word' id='word_1_549' title='bbox 943 1904 1068 1940; x_wconf 89' lang='lat' dir='ltr'><strong>quidam,</strong></span> 
     </span>
    </p>
   </div>
   <div class='ocr_carea' id='block_1_72' title="bbox 267 1947 1069 1984">
    <p class='ocr_par' dir='ltr' id='par_1_72' title="bbox 267 1947 1069 1984">
     <span class='ocr_line' id='line_1_72' title="bbox 267 1947 1069 1984; baseline 0.002 -9"><span class='ocrx_word' id='word_1_550' title='bbox 267 1948 341 1984; x_wconf 90' lang='lat' dir='ltr'><strong>quod</strong></span> <span class='ocrx_word' id='word_1_551' title='bbox 352 1948 494 1983; x_wconf 73' lang='lat' dir='ltr'><strong>scripturae</strong></span> <span class='ocrx_word' id='word_1_552' title='bbox 508 1955 585 1974; x_wconf 84' lang='lat' dir='ltr'><strong>error</strong></span> <span class='ocrx_word' id='word_1_553' title='bbox 597 1948 642 1974; x_wconf 89' lang='lat' dir='ltr'><strong>sit.</strong></span> <span class='ocrx_word' id='word_1_554' title='bbox 654 1949 724 1975; x_wconf 87' lang='lat' dir='ltr'><strong>Nam</strong></span> <span class='ocrx_word' id='word_1_555' title='bbox 736 1947 826 1975; x_wconf 86' lang='lat' dir='ltr'><strong>littera</strong></span> <span class='ocrx_word' id='word_1_556' title='bbox 835 1948 946 1983; x_wconf 81' lang='lat' dir='ltr'><strong>quidem</strong></span> <span class='ocrx_word' id='word_1_557' title='bbox 959 1957 1069 1984; x_wconf 86' lang='lat' dir='ltr'><strong>gamma</strong></span> 
     </span>
    </p>
   </div>
   <div class='ocr_carea' id='block_1_73' title="bbox 267 1992 1067 2029">
    <p class='ocr_par' dir='ltr' id='par_1_73' title="bbox 267 1992 1067 2029">
     <span class='ocr_line' id='line_1_73' title="bbox 267 1992 1067 2029; baseline 0.003 -9"><span class='ocrx_word' id='word_1_558' title='bbox 267 1993 379 2020; x_wconf 86' lang='lat' dir='ltr'><strong>tertiam</strong></span> <span class='ocrx_word' id='word_1_559' title='bbox 399 1992 497 2020; x_wconf 86' lang='lat' dir='ltr'><strong>horam</strong></span> <span class='ocrx_word' id='word_1_560' title='bbox 512 1992 658 2027; x_wconf 81' lang='lat' dir='ltr'><strong>signiﬁcat,</strong></span> <span class='ocrx_word' id='word_1_561' title='bbox 675 1997 701 2020; x_wconf 81' lang='lat' dir='ltr'><strong>et</strong></span> <span class='ocrx_word' id='word_1_562' title='bbox 715 1996 757 2019; x_wconf 82' lang='lat' dir='ltr'><strong>est</strong></span> <span class='ocrx_word' id='word_1_563' title='bbox 768 1992 908 2020; x_wconf 83' lang='lat' dir='ltr'><strong>character</strong></span> <span class='ocrx_word' id='word_1_564' title='bbox 921 1993 979 2029; x_wconf 78' lang='lat' dir='ltr'><strong>ejus</strong></span> <span class='ocrx_word' id='word_1_565' title='bbox 994 1995 1067 2029; x_wconf 85' lang='lat' dir='ltr'><strong>talis,</strong></span> 
     </span>
    </p>
   </div>
   <div class='ocr_carea' id='block_1_74' title="bbox 268 2037 1068 2072">
    <p class='ocr_par' dir='ltr' id='par_1_74' title="bbox 268 2037 1068 2072">
     <span class='ocr_line' id='line_1_74' title="bbox 268 2037 1068 2072; baseline 0.004 -8"><span class='ocrx_word' id='word_1_566' title='bbox 268 2037 302 2070; x_wconf 85' lang='lat' dir='ltr'><strong>I‘;</strong></span> <span class='ocrx_word' id='word_1_567' title='bbox 320 2037 412 2064; x_wconf 82' lang='lat' dir='ltr'><strong>littera</strong></span> <span class='ocrx_word' id='word_1_568' title='bbox 425 2041 521 2064; x_wconf 89' lang='lat' dir='ltr'><strong>autem</strong></span> <span class='ocrx_word' id='word_1_569' title='bbox 537 2044 599 2072; x_wconf 86' lang='lat' dir='ltr'><strong>quae</strong></span> <span class='ocrx_word' id='word_1_570' title='bbox 613 2041 719 2064; x_wconf 84' lang='lat' dir='ltr'><strong>sextam</strong></span> <span class='ocrx_word' id='word_1_571' title='bbox 741 2037 846 2072; x_wconf 84' lang='lat' dir='ltr'><strong>signat,</strong></span> <span class='ocrx_word' id='word_1_572' title='bbox 862 2037 947 2065; x_wconf 82' lang='lat' dir='ltr'><strong>habet</strong></span> <span class='ocrx_word' id='word_1_573' title='bbox 969 2038 1068 2067; x_wconf 87' lang='lat' dir='ltr'><strong>chara-</strong></span> 
     </span>
    </p>
   </div>
   <div class='ocr_carea' id='block_1_75' title="bbox 267 2081 1067 2119">
    <p class='ocr_par' dir='ltr' id='par_1_75' title="bbox 267 2081 1067 2119">
     <span class='ocr_line' id='line_1_75' title="bbox 267 2081 1067 2119; baseline 0.004 -10"><span class='ocrx_word' id='word_1_574' title='bbox 267 2086 371 2110; x_wconf 88' lang='lat' dir='ltr'><strong>cterem</strong></span> <span class='ocrx_word' id='word_1_575' title='bbox 385 2082 477 2115; x_wconf 85' lang='lat' dir='ltr'><strong>talem,</strong></span> <span class='ocrx_word' id='word_1_576' title='bbox 490 2081 530 2116; x_wconf 81' lang='lat' dir='ltr'><strong>C.</strong></span> <span class='ocrx_word' id='word_1_577' title='bbox 546 2081 704 2108; x_wconf 85' lang='lat' dir='ltr'><strong>Verisimile</strong></span> <span class='ocrx_word' id='word_1_578' title='bbox 726 2081 810 2116; x_wconf 74' lang='lat' dir='ltr'><strong>igitur</strong></span> <span class='ocrx_word' id='word_1_579' title='bbox 825 2081 943 2110; x_wconf 88' lang='lat' dir='ltr'><strong>litteram</strong></span> <span class='ocrx_word' id='word_1_580' title='bbox 958 2091 1067 2119; x_wconf 80' lang='lat' dir='ltr'><strong>gamma</strong></span> 
     </span>
    </p>
   </div>
   <div class='ocr_carea' id='block_1_76' title="bbox 267 2125 1067 2164">
    <p class='ocr_par' dir='ltr' id='par_1_76' title="bbox 267 2125 1067 2164">
     <span class='ocr_line' id='line_1_76' title="bbox 267 2125 1067 2164; baseline 0.004 -10"><span class='ocrx_word' id='word_1_581' title='bbox 267 2134 284 2154; x_wconf 88' lang='lat' dir='ltr'><strong>a</strong></span> <span class='ocrx_word' id='word_1_582' title='bbox 303 2125 483 2161; x_wconf 87' lang='lat' dir='ltr'><strong>scriptoribus</strong></span> <span class='ocrx_word' id='word_1_583' title='bbox 502 2133 560 2153; x_wconf 90' lang='lat' dir='ltr'><strong>non</strong></span> <span class='ocrx_word' id='word_1_584' title='bbox 578 2126 690 2153; x_wconf 86' lang='lat' dir='ltr'><strong>attentis</strong></span> <span class='ocrx_word' id='word_1_585' title='bbox 706 2126 837 2154; x_wconf 85' lang='lat' dir='ltr'><strong>transisse</strong></span> <span class='ocrx_word' id='word_1_586' title='bbox 855 2134 886 2154; x_wconf 90' lang='lat' dir='ltr'><strong>ea</strong></span> <span class='ocrx_word' id='word_1_587' title='bbox 914 2133 990 2163; x_wconf 89' lang='lat' dir='ltr'><strong>parte</strong></span> <span class='ocrx_word' id='word_1_588' title='bbox 1006 2137 1067 2164; x_wconf 74' lang='lat' dir='ltr'><strong>qua:</strong></span> 
     </span>
    </p>
   </div>
   <div class='ocr_carea' id='block_1_77' title="bbox 268 2170 1068 2207">
    <p class='ocr_par' dir='ltr' id='par_1_77' title="bbox 268 2170 1068 2207">
     <span class='ocr_line' id='line_1_77' title="bbox 268 2170 1068 2207; baseline 0.003 -9"><span class='ocrx_word' id='word_1_589' title='bbox 268 2171 295 2198; x_wconf 94' lang='lat' dir='ltr'><strong>in</strong></span> <span class='ocrx_word' id='word_1_590' title='bbox 313 2170 513 2207; x_wconf 85' lang='lat' dir='ltr'><strong>longitudinem</strong></span> <span class='ocrx_word' id='word_1_591' title='bbox 538 2175 644 2198; x_wconf 87' lang='lat' dir='ltr'><strong>rectam</strong></span> <span class='ocrx_word' id='word_1_592' title='bbox 660 2171 862 2206; x_wconf 89' lang='lat' dir='ltr'><strong>producebatur</strong></span> <span class='ocrx_word' id='word_1_593' title='bbox 881 2171 1023 2200; x_wconf 84' lang='lat' dir='ltr'><strong>incurvata</strong></span> <span class='ocrx_word' id='word_1_594' title='bbox 1040 2173 1068 2200; x_wconf 94' lang='lat' dir='ltr'><strong>in</strong></span> 
     </span>
    </p>
   </div>
   <div class='ocr_carea' id='block_1_78' title="bbox 268 2214 1067 2252">
    <p class='ocr_par' dir='ltr' id='par_1_78' title="bbox 268 2214 1067 2252">
     <span class='ocr_line' id='line_1_78' title="bbox 268 2214 1067 2252; baseline 0 -8"><span class='ocrx_word' id='word_1_595' title='bbox 268 2214 455 2244; x_wconf 86' lang='lat' dir='ltr'><strong>characterem</strong></span> <span class='ocrx_word' id='word_1_596' title='bbox 471 2215 596 2250; x_wconf 86' lang='lat' dir='ltr'><strong>episemi,</strong></span> <span class='ocrx_word' id='word_1_597' title='bbox 612 2223 667 2251; x_wconf 92' lang='lat' dir='ltr'><strong>quo</strong></span> <span class='ocrx_word' id='word_1_598' title='bbox 682 2219 778 2243; x_wconf 78' lang='lat' dir='ltr'><strong>sextus</strong></span> <span class='ocrx_word' id='word_1_599' title='bbox 790 2224 923 2244; x_wconf 89' lang='lat' dir='ltr'><strong>numerus</strong></span> <span class='ocrx_word' id='word_1_600' title='bbox 935 2217 1067 2252; x_wconf 73' lang='lat' dir='ltr'><strong>signatur,</strong></span> 
     </span>
    </p>
   </div>
   <div class='ocr_carea' id='block_1_79' title="bbox 268 2259 1070 2294">
    <p class='ocr_par' dir='ltr' id='par_1_79' title="bbox 268 2259 1070 2294">
     <span class='ocr_line' id='line_1_79' title="bbox 268 2259 1070 2294; baseline 0.004 -7"><span class='ocrx_word' id='word_1_601' title='bbox 268 2264 294 2288; x_wconf 88' lang='lat' dir='ltr'><strong>et</strong></span> <span class='ocrx_word' id='word_1_602' title='bbox 319 2261 357 2288; x_wconf 89' lang='lat' dir='ltr'><strong>sic</strong></span> <span class='ocrx_word' id='word_1_603' title='bbox 375 2267 496 2288; x_wconf 89' lang='lat' dir='ltr'><strong>errorem</strong></span> <span class='ocrx_word' id='word_1_604' title='bbox 509 2259 583 2288; x_wconf 90' lang='lat' dir='ltr'><strong>hunc</strong></span> <span class='ocrx_word' id='word_1_605' title='bbox 601 2264 702 2288; x_wconf 90' lang='lat' dir='ltr'><strong>ortum.</strong></span> <span class='ocrx_word' id='word_1_606' title='bbox 728 2260 808 2294; x_wconf 88' lang='lat' dir='ltr'><strong>Quod</strong></span> <span class='ocrx_word' id='word_1_607' title='bbox 827 2265 921 2289; x_wconf 86' lang='lat' dir='ltr'><strong>autem</strong></span> <span class='ocrx_word' id='word_1_608' title='bbox 935 2261 988 2289; x_wconf 88' lang='lat' dir='ltr'><strong>hoc</strong></span> <span class='ocrx_word' id='word_1_609' title='bbox 1001 2262 1070 2290; x_wconf 87' lang='lat' dir='ltr'><strong>veri-</strong></span> 
     </span>
    </p>
   </div>
   <div class='ocr_carea' id='block_1_80' title="bbox 266 2304 1069 2342">
    <p class='ocr_par' dir='ltr' id='par_1_80' title="bbox 266 2304 1069 2342">
     <span class='ocr_line' id='line_1_80' title="bbox 266 2304 1069 2342; baseline 0.001 -9"><span class='ocrx_word' id='word_1_610' title='bbox 266 2305 360 2333; x_wconf 81' lang='lat' dir='ltr'><strong>simile</strong></span> <span class='ocrx_word' id='word_1_611' title='bbox 379 2305 414 2332; x_wconf 87' lang='lat' dir='ltr'><strong>sit</strong></span> <span class='ocrx_word' id='word_1_612' title='bbox 434 2304 537 2333; x_wconf 77' lang='lat' dir='ltr'><strong>factum</strong></span> <span class='ocrx_word' id='word_1_613' title='bbox 561 2312 630 2339; x_wconf 88' lang='lat' dir='ltr'><strong>esse,</strong></span> <span class='ocrx_word' id='word_1_614' title='bbox 646 2311 673 2333; x_wconf 89' lang='lat' dir='ltr'><strong>et</strong></span> <span class='ocrx_word' id='word_1_615' title='bbox 689 2305 799 2333; x_wconf 89' lang='lat' dir='ltr'><strong>tertiam</strong></span> <span class='ocrx_word' id='word_1_616' title='bbox 815 2305 912 2334; x_wconf 89' lang='lat' dir='ltr'><strong>horam</strong></span> <span class='ocrx_word' id='word_1_617' title='bbox 936 2307 1069 2342; x_wconf 89' lang='lat' dir='ltr'><strong>scriptam</strong></span> 
     </span>
    </p>
   </div>
   <div class='ocr_carea' id='block_1_81' title="bbox 269 2349 1069 2386">
    <p class='ocr_par' dir='ltr' id='par_1_81' title="bbox 269 2349 1069 2386">
     <span class='ocr_line' id='line_1_81' title="bbox 269 2349 1069 2386; baseline 0.003 -9"><span class='ocrx_word' id='word_1_618' title='bbox 269 2357 329 2377; x_wconf 84' lang='lat' dir='ltr'><strong>esse</strong></span> <span class='ocrx_word' id='word_1_619' title='bbox 350 2350 433 2377; x_wconf 87' lang='lat' dir='ltr'><strong>etiam</strong></span> <span class='ocrx_word' id='word_1_620' title='bbox 457 2349 532 2384; x_wconf 82' lang='lat' dir='ltr'><strong>apud</strong></span> <span class='ocrx_word' id='word_1_621' title='bbox 554 2352 704 2384; x_wconf 87' lang='lat' dir='ltr'><strong>Joannem,</strong></span> <span class='ocrx_word' id='word_1_622' title='bbox 729 2355 757 2378; x_wconf 83' lang='lat' dir='ltr'><strong>et</strong></span> <span class='ocrx_word' id='word_1_623' title='bbox 776 2358 832 2378; x_wconf 91' lang='lat' dir='ltr'><strong>non</strong></span> <span class='ocrx_word' id='word_1_624' title='bbox 856 2354 972 2386; x_wconf 81' lang='lat' dir='ltr'><strong>sextam,</strong></span> <span class='ocrx_word' id='word_1_625' title='bbox 999 2351 1069 2379; x_wconf 86' lang='lat' dir='ltr'><strong>sicut</strong></span> 
     </span>
    </p>
   </div>
   <div class='ocr_carea' id='block_1_82' title="bbox 267 2393 1068 2430">
    <p class='ocr_par' dir='ltr' id='par_1_82' title="bbox 267 2393 1068 2430">
     <span class='ocr_line' id='line_1_82' title="bbox 267 2393 1068 2430; baseline 0.004 -9"><span class='ocrx_word' id='word_1_626' title='bbox 267 2402 355 2428; x_wconf 88' lang='lat' dir='ltr'><strong>nunc,</strong></span> <span class='ocrx_word' id='word_1_627' title='bbox 371 2393 551 2422; x_wconf 77' lang='lat' dir='ltr'><strong>manifestum</strong></span> <span class='ocrx_word' id='word_1_628' title='bbox 565 2394 628 2422; x_wconf 87' lang='lat' dir='ltr'><strong>hinc</strong></span> <span class='ocrx_word' id='word_1_629' title='bbox 643 2399 692 2423; x_wconf 89' lang='lat' dir='ltr'><strong>est.</strong></span> <span class='ocrx_word' id='word_1_630' title='bbox 708 2396 780 2422; x_wconf 88' lang='lat' dir='ltr'><strong>Nam</strong></span> <span class='ocrx_word' id='word_1_631' title='bbox 802 2403 864 2423; x_wconf 91' lang='lat' dir='ltr'><strong>cum</strong></span> <span class='ocrx_word' id='word_1_632' title='bbox 879 2399 937 2424; x_wconf 85' lang='lat' dir='ltr'><strong>tres</strong></span> <span class='ocrx_word' id='word_1_633' title='bbox 950 2403 1068 2430; x_wconf 85' lang='lat' dir='ltr'><strong>evange-</strong></span> 
     </span>
    </p>
   </div>
   <div class='ocr_carea' id='block_1_83' title="bbox 266 2439 1068 2474">
    <p class='ocr_par' dir='ltr' id='par_1_83' title="bbox 266 2439 1068 2474">
     <span class='ocr_line' id='line_1_83' title="bbox 266 2439 1068 2474; baseline 0.002 -8"><span class='ocrx_word' id='word_1_634' title='bbox 266 2439 347 2473; x_wconf 68' lang='lat' dir='ltr'><strong>listaa,</strong></span> <span class='ocrx_word' id='word_1_635' title='bbox 377 2439 535 2474; x_wconf 71' lang='lat' dir='ltr'><strong>Malthaaus,</strong></span> <span class='ocrx_word' id='word_1_636' title='bbox 565 2441 675 2468; x_wconf 87' lang='lat' dir='ltr'><strong>Marcus</strong></span> <span class='ocrx_word' id='word_1_637' title='bbox 702 2443 730 2467; x_wconf 90' lang='lat' dir='ltr'><strong>et</strong></span> <span class='ocrx_word' id='word_1_638' title='bbox 767 2441 854 2468; x_wconf 88' lang='lat' dir='ltr'><strong>Lucas</strong></span> <span class='ocrx_word' id='word_1_639' title='bbox 887 2445 1068 2468; x_wconf 85' lang='lat' dir='ltr'><strong>consonanter</strong></span> 
     </span>
    </p>
   </div>
   <div class='ocr_carea' id='block_1_84' title="bbox 267 2484 1067 2520">
    <p class='ocr_par' dir='ltr' id='par_1_84' title="bbox 267 2484 1067 2520">
     <span class='ocr_line' id='line_1_84' title="bbox 267 2484 1067 2520; baseline 0.003 -9"><span class='ocrx_word' id='word_1_640' title='bbox 267 2484 360 2512; x_wconf 89' lang='lat' dir='ltr'><strong>dicant</strong></span> <span class='ocrx_word' id='word_1_641' title='bbox 374 2484 447 2520; x_wconf 90' lang='lat' dir='ltr'><strong>quod</strong></span> <span class='ocrx_word' id='word_1_642' title='bbox 471 2496 485 2508; x_wconf 82' lang='grc' dir='ltr'><strong>ι</strong></span> <span class='ocrx_word' id='word_1_643' title='bbox 500 2492 516 2512; x_wconf 88' lang='lat' dir='ltr'><strong>a</strong></span> <span class='ocrx_word' id='word_1_644' title='bbox 537 2489 613 2512; x_wconf 86' lang='lat' dir='ltr'><strong>sexta</strong></span> <span class='ocrx_word' id='word_1_645' title='bbox 628 2484 695 2512; x_wconf 84' lang='lat' dir='ltr'><strong>hora</strong></span> <span class='ocrx_word' id='word_1_646' title='bbox 708 2485 828 2513; x_wconf 63' lang='lat' dir='ltr'><strong>tenebras</strong></span> <span class='ocrx_word' id='word_1_647' title='bbox 845 2485 925 2513; x_wconf 72' lang='lat' dir='ltr'><strong>facta:</strong></span> <span class='ocrx_word' id='word_1_648' title='bbox 946 2489 1012 2513; x_wconf 86' lang='lat' dir='ltr'><strong>sunt</strong></span> <span class='ocrx_word' id='word_1_649' title='bbox 1023 2494 1067 2514; x_wconf 89' lang='lat' dir='ltr'><strong>su-</strong></span> 
     </span>
    </p>
   </div>
   <div class='ocr_carea' id='block_1_85' title="bbox 265 2529 1064 2566">
    <p class='ocr_par' dir='ltr' id='par_1_85' title="bbox 265 2529 1064 2566">
     <span class='ocr_line' id='line_1_85' title="bbox 265 2529 1064 2566; baseline -0.003 -9"><span class='ocrx_word' id='word_1_650' title='bbox 265 2537 315 2566; x_wconf 88' lang='lat' dir='ltr'><strong>per</strong></span> <span class='ocrx_word' id='word_1_651' title='bbox 329 2529 486 2557; x_wconf 88' lang='lat' dir='ltr'><strong>universam</strong></span> <span class='ocrx_word' id='word_1_652' title='bbox 502 2534 603 2557; x_wconf 87' lang='lat' dir='ltr'><strong>terram</strong></span> <span class='ocrx_word' id='word_1_653' title='bbox 618 2538 704 2565; x_wconf 87' lang='lat' dir='ltr'><strong>usque</strong></span> <span class='ocrx_word' id='word_1_654' title='bbox 718 2530 752 2557; x_wconf 90' lang='lat' dir='ltr'><strong>ad</strong></span> <span class='ocrx_word' id='word_1_655' title='bbox 767 2529 864 2557; x_wconf 90' lang='lat' dir='ltr'><strong>horam</strong></span> <span class='ocrx_word' id='word_1_656' title='bbox 886 2538 991 2558; x_wconf 89' lang='lat' dir='ltr'><strong>nonam</strong></span> <span class='ocrx_word' id='word_1_657' title='bbox 1011 2530 1034 2563; x_wconf 78' lang='grc' dir='ltr'><strong>ε,</strong></span> <span class='ocrx_word' id='word_1_658' title='bbox 1052 2543 1064 2555; x_wconf 77' lang='grc' dir='ltr'><strong>Ι</strong></span> 
     </span>
    </p>
   </div>
   <div class='ocr_carea' id='block_1_86' title="bbox 264 2573 1067 2610">
    <p class='ocr_par' dir='ltr' id='par_1_86' title="bbox 264 2573 1067 2610">
     <span class='ocr_line' id='line_1_86' title="bbox 264 2573 1067 2610; baseline 0.001 -8"><span class='ocrx_word' id='word_1_659' title='bbox 264 2573 441 2602; x_wconf 84' lang='lat' dir='ltr'><strong>manifestum</strong></span> <span class='ocrx_word' id='word_1_660' title='bbox 457 2574 533 2610; x_wconf 92' lang='lat' dir='ltr'><strong>quod</strong></span> <span class='ocrx_word' id='word_1_661' title='bbox 550 2575 686 2602; x_wconf 82' lang='lat' dir='ltr'><strong>Dominus</strong></span> <span class='ocrx_word' id='word_1_662' title='bbox 703 2578 796 2602; x_wconf 83' lang='lat' dir='ltr'><strong>noster</strong></span> <span class='ocrx_word' id='word_1_663' title='bbox 810 2579 872 2602; x_wconf 86' lang='lat' dir='ltr'><strong>ante</strong></span> <span class='ocrx_word' id='word_1_664' title='bbox 894 2580 1000 2603; x_wconf 87' lang='lat' dir='ltr'><strong>sextam</strong></span> <span class='ocrx_word' id='word_1_665' title='bbox 1016 2576 1067 2603; x_wconf 94' lang='lat' dir='ltr'><strong>ho-</strong></span> 
     </span>
    </p>
   </div>
   <div class='ocr_carea' id='block_1_87' title="bbox 263 2619 1063 2656">
    <p class='ocr_par' dir='ltr' id='par_1_87' title="bbox 263 2619 1063 2656">
     <span class='ocr_line' id='line_1_87' title="bbox 263 2619 1063 2656; baseline 0.001 -9"><span class='ocrx_word' id='word_1_666' title='bbox 263 2627 333 2651; x_wconf 85' lang='lat' dir='ltr'><strong>ram,</strong></span> <span class='ocrx_word' id='word_1_667' title='bbox 365 2620 525 2656; x_wconf 87' lang='lat' dir='ltr'><strong>priusquam</strong></span> <span class='ocrx_word' id='word_1_668' title='bbox 561 2619 659 2647; x_wconf 84' lang='lat' dir='ltr'><strong>ﬁerent</strong></span> <span class='ocrx_word' id='word_1_669' title='bbox 684 2619 817 2653; x_wconf 65' lang='lat' dir='ltr'><strong>tenebrae,</strong></span> <span class='ocrx_word' id='word_1_670' title='bbox 851 2620 995 2648; x_wconf 84' lang='lat' dir='ltr'><strong>cruciﬁxus</strong></span> <span class='ocrx_word' id='word_1_671' title='bbox 1018 2622 1063 2656; x_wconf 90' lang='lat' dir='ltr'><strong>sit,</strong></span> 
     </span>
    </p>
   </div>
   <div class='ocr_carea' id='block_1_88' title="bbox 262 2664 1063 2701">
    <p class='ocr_par' dir='ltr' id='par_1_88' title="bbox 262 2664 1063 2701">
     <span class='ocr_line' id='line_1_88' title="bbox 262 2664 1063 2701; baseline 0 -8"><span class='ocrx_word' id='word_1_672' title='bbox 262 2665 364 2693; x_wconf 86' lang='lat' dir='ltr'><strong>scilicet</strong></span> <span class='ocrx_word' id='word_1_673' title='bbox 382 2664 490 2692; x_wconf 87' lang='lat' dir='ltr'><strong>circiter</strong></span> <span class='ocrx_word' id='word_1_674' title='bbox 502 2664 600 2692; x_wconf 89' lang='lat' dir='ltr'><strong>horam</strong></span> <span class='ocrx_word' id='word_1_675' title='bbox 615 2664 737 2697; x_wconf 85' lang='lat' dir='ltr'><strong>tertiam,</strong></span> <span class='ocrx_word' id='word_1_676' title='bbox 753 2664 822 2692; x_wconf 89' lang='lat' dir='ltr'><strong>sicut</strong></span> <span class='ocrx_word' id='word_1_677' title='bbox 839 2666 948 2693; x_wconf 84' lang='lat' dir='ltr'><strong>Marcus</strong></span> <span class='ocrx_word' id='word_1_678' title='bbox 963 2666 1063 2701; x_wconf 85' lang='lat' dir='ltr'><strong>prodit,</strong></span> 
     </span>
    </p>
   </div>
   <div class='ocr_carea' id='block_1_89' title="bbox 261 2709 1065 2745">
    <p class='ocr_par' dir='ltr' id='par_1_89' title="bbox 261 2709 1065 2745">
     <span class='ocr_line' id='line_1_89' title="bbox 261 2709 1065 2745; baseline 0.001 -8"><span class='ocrx_word' id='word_1_679' title='bbox 261 2713 289 2737; x_wconf 86' lang='lat' dir='ltr'><strong>et</strong></span> <span class='ocrx_word' id='word_1_680' title='bbox 313 2711 433 2738; x_wconf 86' lang='lat' dir='ltr'><strong>Joannes</strong></span> <span class='ocrx_word' id='word_1_681' title='bbox 459 2709 598 2743; x_wconf 85' lang='lat' dir='ltr'><strong>similiter,</strong></span> <span class='ocrx_word' id='word_1_682' title='bbox 625 2709 749 2745; x_wconf 89' lang='lat' dir='ltr'><strong>quamvis</strong></span> <span class='ocrx_word' id='word_1_683' title='bbox 777 2709 956 2738; x_wconf 71' lang='lat' dir='ltr'><strong>scribentium</strong></span> <span class='ocrx_word' id='word_1_684' title='bbox 986 2719 1065 2738; x_wconf 87' lang='lat' dir='ltr'><strong>error</strong></span> 
     </span>
    </p>
   </div>
   <div class='ocr_carea' id='block_1_90' title="bbox 296 2798 880 2835">
    <p class='ocr_par' dir='ltr' id='par_1_90' title="bbox 296 2798 880 2835">
     <span class='ocr_line' id='line_1_90' title="bbox 296 2798 880 2835; baseline 0.002 -7"><span class='ocrx_word' id='word_1_685' title='bbox 296 2799 307 2817; x_wconf 85' lang='grc'>¹</span> <span class='ocrx_word' id='word_1_686' title='bbox 318 2800 389 2828; x_wconf 79' lang='lat' dir='ltr'><strong>Psal.</strong></span> <span class='ocrx_word' id='word_1_687' title='bbox 407 2807 517 2834; x_wconf 72' lang='lat' dir='ltr'><strong>vam,</strong></span> <span class='ocrx_word' id='word_1_688' title='bbox 533 2802 577 2827; x_wconf 86' lang='lat'><strong>27.</strong></span> <span class='ocrx_word' id='word_1_689' title='bbox 616 2798 628 2818; x_wconf 85' lang='grc'><strong>³</strong></span> <span class='ocrx_word' id='word_1_690' title='bbox 640 2799 712 2828; x_wconf 90' lang='lat' dir='ltr'><strong>Psal.</strong></span> <span class='ocrx_word' id='word_1_691' title='bbox 728 2808 818 2835; x_wconf 83' lang='lat' dir='ltr'><strong>cvm,</strong></span> <span class='ocrx_word' id='word_1_692' title='bbox 835 2802 880 2829; x_wconf 83' lang='lat'><strong>16.</strong></span> 
     </span>
    </p>
   </div>
   <div class='ocr_carea' id='block_1_91' title="bbox 931 2800 1161 2836">
    <p class='ocr_par' dir='ltr' id='par_1_91' title="bbox 931 2800 1161 2836">
     <span class='ocr_line' id='line_1_91' title="bbox 931 2800 1161 2836; baseline 0.013 -8"><span class='ocrx_word' id='word_1_693' title='bbox 931 2800 942 2818; x_wconf 80' lang='grc'><strong>⁸</strong></span> <span class='ocrx_word' id='word_1_694' title='bbox 959 2802 1043 2830; x_wconf 79' lang='lat' dir='ltr'><strong>Marc.</strong></span> <span class='ocrx_word' id='word_1_695' title='bbox 1059 2804 1161 2836; x_wconf 77' lang='lat' dir='ltr'><strong>xv,25.</strong></span> 
     </span>
    </p>
   </div>
   <div class='ocr_carea' id='block_1_92' title="bbox 1128 1538 1892 1584">
    <p class='ocr_par' dir='ltr' id='par_1_92' title="bbox 1128 1538 1892 1584">
     <span class='ocr_line' id='line_1_92' title="bbox 1128 1538 1892 1584; baseline -0.005 -13"><span class='ocrx_word' id='word_1_696' title='bbox 1128 1545 1190 1579; x_wconf 85' lang='grc' dir='ltr'>τελῆ</span> <span class='ocrx_word' id='word_1_697' title='bbox 1199 1554 1206 1581; x_wconf 87' lang='grc'><strong>;</strong></span> <span class='ocrx_word' id='word_1_698' title='bbox 1224 1543 1269 1573; x_wconf 79' lang='grc' dir='ltr'><strong>καὶ</strong></span> <span class='ocrx_word' id='word_1_699' title='bbox 1282 1543 1379 1579; x_wconf 84' lang='grc' dir='ltr'>στολὴ,</span> <span class='ocrx_word' id='word_1_700' title='bbox 1394 1543 1439 1572; x_wconf 81' lang='grc' dir='ltr'>καὶ</span> <span class='ocrx_word' id='word_1_701' title='bbox 1455 1543 1555 1584; x_wconf 75' lang='grc' dir='ltr'>τροφὴ,</span> <span class='ocrx_word' id='word_1_702' title='bbox 1571 1543 1617 1572; x_wconf 77' lang='grc' dir='ltr'>καὶ</span> <span class='ocrx_word' id='word_1_703' title='bbox 1632 1538 1706 1578; x_wconf 72' lang='grc' dir='ltr'>οἶκος</span> <span class='ocrx_word' id='word_1_704' title='bbox 1716 1566 1725 1580; x_wconf 87' lang='grc'><strong>,</strong></span> <span class='ocrx_word' id='word_1_705' title='bbox 1742 1543 1784 1573; x_wconf 80' lang='grc' dir='ltr'><strong>καὶ</strong></span> <span class='ocrx_word' id='word_1_706' title='bbox 1805 1539 1855 1570; x_wconf 75' lang='grc' dir='ltr'>οὐδὲ</span> <span class='ocrx_word' id='word_1_707' title='bbox 1866 1538 1892 1567; x_wconf 75' lang='grc' dir='ltr'><strong>οἷ-</strong></span> 
     </span>
    </p>
   </div>
   <div class='ocr_carea' id='block_1_93' title="bbox 1127 1583 1891 1628">
    <p class='ocr_par' dir='ltr' id='par_1_93' title="bbox 1127 1583 1891 1628">
     <span class='ocr_line' id='line_1_93' title="bbox 1127 1583 1891 1628; baseline -0.008 -11"><span class='ocrx_word' id='word_1_708' title='bbox 1127 1599 1188 1625; x_wconf 79' lang='grc' dir='ltr'>κος;</span> <span class='ocrx_word' id='word_1_709' title='bbox 1205 1588 1275 1618; x_wconf 86' lang='grc' dir='ltr'>Ἀλλ’</span> <span class='ocrx_word' id='word_1_710' title='bbox 1290 1587 1312 1617; x_wconf 87' lang='grc' dir='ltr'><strong>ὢ</strong></span> <span class='ocrx_word' id='word_1_711' title='bbox 1328 1589 1373 1624; x_wconf 84' lang='grc' dir='ltr'><strong>τῆς</strong></span> <span class='ocrx_word' id='word_1_712' title='bbox 1389 1583 1529 1628; x_wconf 83' lang='grc' dir='ltr'>ἀνανδρίας</span> <span class='ocrx_word' id='word_1_713' title='bbox 1547 1592 1592 1618; x_wconf 76' lang='grc' dir='ltr'><strong>τοῦ</strong></span> <span class='ocrx_word' id='word_1_714' title='bbox 1609 1587 1748 1618; x_wconf 78' lang='grc' dir='ltr'>Πιλάτουῑ</span> <span class='ocrx_word' id='word_1_715' title='bbox 1766 1583 1891 1617; x_wconf 76' lang='grc' dir='ltr'>κινδυνεύειν</span> 
     </span>
    </p>
   </div>
   <div class='ocr_carea' id='block_1_94' title="bbox 1126 1629 1892 1672">
    <p class='ocr_par' dir='ltr' id='par_1_94' title="bbox 1126 1629 1892 1672">
     <span class='ocr_line' id='line_1_94' title="bbox 1126 1629 1892 1672; baseline -0.018 -2"><span class='ocrx_word' id='word_1_716' title='bbox 1126 1633 1298 1672; x_wconf 69' lang='grc' dir='ltr'>νομίσαντας,</span> <span class='ocrx_word' id='word_1_717' title='bbox 1319 1634 1342 1661; x_wconf 84' lang='grc' dir='ltr'>εἶ</span> <span class='ocrx_word' id='word_1_718' title='bbox 1364 1632 1477 1672; x_wconf 79' lang='grc' dir='ltr'>περιίδοι</span> <span class='ocrx_word' id='word_1_719' title='bbox 1499 1632 1624 1670; x_wconf 83' lang='grc' dir='ltr'>τοιαύτην</span> <span class='ocrx_word' id='word_1_720' title='bbox 1648 1634 1771 1663; x_wconf 76' lang='grc' dir='ltr'>ὑπόθεσιν</span> <span class='ocrx_word' id='word_1_721' title='bbox 1797 1629 1892 1662; x_wconf 72' lang='grc' dir='ltr'>ἀνεξέτα-</span> 
     </span>
    </p>
   </div>
   <div class='ocr_carea' id='block_1_95' title="bbox 1127 1671 1891 1717">
    <p class='ocr_par' dir='ltr' id='par_1_95' title="bbox 1127 1671 1891 1717">
     <span class='ocr_line' id='line_1_95' title="bbox 1127 1671 1891 1717; baseline 0.004 -10"><span class='ocrx_word' id='word_1_722' title='bbox 1127 1689 1199 1708; x_wconf 81' lang='grc' dir='ltr'>στον.</span> <span class='ocrx_word' id='word_1_723' title='bbox 1217 1677 1374 1717; x_wconf 80' lang='grc' dir='ltr'>Ἐξέρχεται</span> <span class='ocrx_word' id='word_1_724' title='bbox 1391 1677 1456 1716; x_wconf 82' lang='grc' dir='ltr'>μὲν,</span> <span class='ocrx_word' id='word_1_725' title='bbox 1480 1679 1515 1711; x_wconf 87' lang='grc' dir='ltr'><strong>ὡς</strong></span> <span class='ocrx_word' id='word_1_726' title='bbox 1530 1677 1659 1712; x_wconf 72' lang='grc' dir='ltr'>ἐξετάσων</span> <span class='ocrx_word' id='word_1_727' title='bbox 1684 1678 1717 1707; x_wconf 85' lang='grc' dir='ltr'>τὸ</span> <span class='ocrx_word' id='word_1_728' title='bbox 1743 1681 1845 1717; x_wconf 78' lang='grc' dir='ltr'>πρᾶγμα</span> <span class='ocrx_word' id='word_1_729' title='bbox 1858 1671 1891 1710; x_wconf 60' lang='grc' dir='ltr'><strong>(τὸ</strong></span> 
     </span>
    </p>
   </div>
   <div class='ocr_carea' id='block_1_96' title="bbox 1125 1719 1890 1762">
    <p class='ocr_par' dir='ltr' id='par_1_96' title="bbox 1125 1719 1890 1762">
     <span class='ocr_line' id='line_1_96' title="bbox 1125 1719 1890 1762; baseline 0.003 -11"><span class='ocrx_word' id='word_1_730' title='bbox 1125 1722 1176 1762; x_wconf 82' lang='grc' dir='ltr'>γὰρ</span> <span class='ocrx_word' id='word_1_731' title='bbox 1207 1723 1316 1752; x_wconf 77' lang='grc' dir='ltr'>καθίσαι</span> <span class='ocrx_word' id='word_1_732' title='bbox 1342 1724 1420 1752; x_wconf 80' lang='grc' dir='ltr'>τοῦτο</span> <span class='ocrx_word' id='word_1_733' title='bbox 1444 1722 1566 1762; x_wconf 79' lang='grc' dir='ltr'>ἐδήλου),</span> <span class='ocrx_word' id='word_1_734' title='bbox 1595 1722 1720 1761; x_wconf 82' lang='grc' dir='ltr'>οὐδεμίαν</span> <span class='ocrx_word' id='word_1_735' title='bbox 1749 1722 1774 1751; x_wconf 82' lang='grc' dir='ltr'><strong>δὲ</strong></span> <span class='ocrx_word' id='word_1_736' title='bbox 1802 1719 1890 1762; x_wconf 58' lang='grc' dir='ltr'><strong>ἐξέτασξν</strong></span> 
     </span>
    </p>
   </div>
   <div class='ocr_carea' id='block_1_97' title="bbox 1124 1760 1890 1807">
    <p class='ocr_par' dir='ltr' id='par_1_97' title="bbox 1124 1760 1890 1807">
     <span class='ocr_line' id='line_1_97' title="bbox 1124 1760 1890 1807; baseline -0.001 -11"><span class='ocrx_word' id='word_1_737' title='bbox 1124 1767 1318 1806; x_wconf 71' lang='grc' dir='ltr'>ποιησάμενος,</span> <span class='ocrx_word' id='word_1_738' title='bbox 1340 1767 1521 1807; x_wconf 77' lang='grc' dir='ltr'>παραδίδωσιν</span> <span class='ocrx_word' id='word_1_739' title='bbox 1542 1767 1637 1804; x_wconf 82' lang='grc' dir='ltr'>αὐτὸν,</span> <span class='ocrx_word' id='word_1_740' title='bbox 1661 1769 1775 1805; x_wconf 83' lang='grc' dir='ltr'>νομίζων</span> <span class='ocrx_word' id='word_1_741' title='bbox 1790 1760 1890 1795; x_wconf 62' lang='grc' dir='ltr'>δυσωπί-</span> 
     </span>
    </p>
   </div>
   <div class='ocr_carea' id='block_1_98' title="bbox 1125 1807 1891 1852">
    <p class='ocr_par' dir='ltr' id='par_1_98' title="bbox 1125 1807 1891 1852">
     <span class='ocr_line' id='line_1_98' title="bbox 1125 1807 1891 1852; baseline -0.003 -11"><span class='ocrx_word' id='word_1_742' title='bbox 1125 1823 1179 1841; x_wconf 82' lang='grc' dir='ltr'>σειν</span> <span class='ocrx_word' id='word_1_743' title='bbox 1207 1812 1310 1846; x_wconf 83' lang='grc' dir='ltr'>αὐτούς.</span> <span class='ocrx_word' id='word_1_744' title='bbox 1338 1813 1401 1845; x_wconf 79' lang='grc' dir='ltr'>Πῶς</span> <span class='ocrx_word' id='word_1_745' title='bbox 1418 1811 1444 1840; x_wconf 82' lang='grc' dir='ltr'><strong>δὲ</strong></span> <span class='ocrx_word' id='word_1_746' title='bbox 1471 1814 1516 1841; x_wconf 71' lang='grc' dir='ltr'><strong>τοῦ</strong></span> <span class='ocrx_word' id='word_1_747' title='bbox 1544 1812 1655 1852; x_wconf 80' lang='grc' dir='ltr'>Μάρκου</span> <span class='ocrx_word' id='word_1_748' title='bbox 1681 1813 1801 1851; x_wconf 80' lang='grc' dir='ltr'>λέγοντος</span> <span class='ocrx_word' id='word_1_749' title='bbox 1823 1807 1891 1847; x_wconf 66' lang='grc' dir='ltr'>τρίτην</span> 
     </span>
    </p>
   </div>
   <div class='ocr_carea' id='block_1_99' title="bbox 1124 1852 1892 1897">
    <p class='ocr_par' dir='ltr' id='par_1_99' title="bbox 1124 1852 1892 1897">
     <span class='ocr_line' id='line_1_99' title="bbox 1124 1852 1892 1897; baseline -0.001 -11"><span class='ocrx_word' id='word_1_750' title='bbox 1124 1856 1196 1897; x_wconf 79' lang='grc' dir='ltr'>ὥραν</span> <span class='ocrx_word' id='word_1_751' title='bbox 1212 1853 1295 1894; x_wconf 74' lang='grc' dir='ltr'>εἶναι,</span> <span class='ocrx_word' id='word_1_752' title='bbox 1312 1857 1355 1886; x_wconf 76' lang='grc' dir='ltr'><strong>ὅτε</strong></span> <span class='ocrx_word' id='word_1_753' title='bbox 1379 1858 1393 1885; x_wconf 81' lang='grc' dir='ltr'><strong>ὁ</strong></span> <span class='ocrx_word' id='word_1_754' title='bbox 1416 1856 1530 1897; x_wconf 75' lang='grc' dir='ltr'>Χριστὸς</span> <span class='ocrx_word' id='word_1_755' title='bbox 1557 1858 1735 1897; x_wconf 78' lang='grc' dir='ltr'>ἐσταυροῧτο,</span> <span class='ocrx_word' id='word_1_756' title='bbox 1758 1858 1772 1885; x_wconf 75' lang='grc' dir='ltr'>ὁ</span> <span class='ocrx_word' id='word_1_757' title='bbox 1791 1852 1892 1885; x_wconf 72' lang='grc' dir='ltr'>Ἰωάννης</span> 
     </span>
    </p>
   </div>
   <div class='ocr_carea' id='block_1_100' title="bbox 1124 1896 1893 1942">
    <p class='ocr_par' dir='ltr' id='par_1_100' title="bbox 1124 1896 1893 1942">
     <span class='ocr_line' id='line_1_100' title="bbox 1124 1896 1893 1942; baseline 0.001 -12"><span class='ocrx_word' id='word_1_758' title='bbox 1124 1901 1202 1937; x_wconf 79' lang='grc' dir='ltr'>ἕκτην</span> <span class='ocrx_word' id='word_1_759' title='bbox 1225 1901 1305 1942; x_wconf 80' lang='grc' dir='ltr'>φησί;</span> <span class='ocrx_word' id='word_1_760' title='bbox 1325 1901 1441 1932; x_wconf 86' lang='grc' dir='ltr'>Λύουσιν</span> <span class='ocrx_word' id='word_1_761' title='bbox 1465 1896 1509 1930; x_wconf 63' lang='grc' dir='ltr'><strong>οὖν</strong></span> <span class='ocrx_word' id='word_1_762' title='bbox 1528 1905 1614 1938; x_wconf 75' lang='grc' dir='ltr'>τοῦτο,</span> <span class='ocrx_word' id='word_1_763' title='bbox 1638 1896 1706 1936; x_wconf 83' lang='grc' dir='ltr'>τινὲς</span> <span class='ocrx_word' id='word_1_764' title='bbox 1725 1900 1783 1940; x_wconf 76' lang='grc' dir='ltr'>μὲν,</span> <span class='ocrx_word' id='word_1_765' title='bbox 1796 1899 1831 1928; x_wconf 75' lang='grc' dir='ltr'><strong>ὅτι</strong></span> <span class='ocrx_word' id='word_1_766' title='bbox 1843 1906 1893 1942; x_wconf 67' lang='grc' dir='ltr'><strong>γρα-</strong></span> 
     </span>
    </p>
   </div>
   <div class='ocr_carea' id='block_1_101' title="bbox 1123 1941 1892 1987">
    <p class='ocr_par' dir='ltr' id='par_1_101' title="bbox 1123 1941 1892 1987">
     <span class='ocr_line' id='line_1_101' title="bbox 1123 1941 1892 1987; baseline -0.008 -12"><span class='ocrx_word' id='word_1_767' title='bbox 1123 1946 1198 1986; x_wconf 70' lang='grc' dir='ltr'>φικὸν</span> <span class='ocrx_word' id='word_1_768' title='bbox 1213 1946 1243 1975; x_wconf 80' lang='grc' dir='ltr'><strong>τὸ</strong></span> <span class='ocrx_word' id='word_1_769' title='bbox 1257 1947 1377 1987; x_wconf 79' lang='grc' dir='ltr'>σφάλμα·</span> <span class='ocrx_word' id='word_1_770' title='bbox 1393 1946 1423 1975; x_wconf 86' lang='grc' dir='ltr'><strong>τὸ</strong></span> <span class='ocrx_word' id='word_1_771' title='bbox 1438 1945 1485 1984; x_wconf 86' lang='grc' dir='ltr'>μὲν</span> <span class='ocrx_word' id='word_1_772' title='bbox 1500 1945 1551 1986; x_wconf 76' lang='grc' dir='ltr'>γὰρ</span> <span class='ocrx_word' id='word_1_773' title='bbox 1566 1946 1663 1986; x_wconf 80' lang='grc' dir='ltr'>γάμμα</span> <span class='ocrx_word' id='word_1_774' title='bbox 1678 1947 1728 1983; x_wconf 79' lang='grc' dir='ltr'><strong>τὴν</strong></span> <span class='ocrx_word' id='word_1_775' title='bbox 1744 1944 1826 1986; x_wconf 77' lang='grc' dir='ltr'>τρίτην</span> 
     </span>
    </p>
   </div>
   <div class='ocr_carea' id='block_1_102' title="bbox 1123 1984 1891 2034">
    <p class='ocr_par' dir='ltr' id='par_1_102' title="bbox 1123 1984 1891 2034">
     <span class='ocr_line' id='line_1_102' title="bbox 1123 1984 1891 2034; baseline 0.003 -15"><span class='ocrx_word' id='word_1_776' title='bbox 1123 1991 1268 2030; x_wconf 73' lang='grc' dir='ltr'>σημαίνει,</span> <span class='ocrx_word' id='word_1_777' title='bbox 1288 1991 1335 2020; x_wconf 83' lang='grc' dir='ltr'><strong>καὶ</strong></span> <span class='ocrx_word' id='word_1_778' title='bbox 1350 1991 1421 2021; x_wconf 82' lang='grc' dir='ltr'>ἔστιν</span> <span class='ocrx_word' id='word_1_779' title='bbox 1444 1993 1458 2021; x_wconf 86' lang='grc' dir='ltr'><strong>ὁ</strong></span> <span class='ocrx_word' id='word_1_780' title='bbox 1474 1991 1615 2031; x_wconf 68' lang='grc' dir='ltr'>χαρακτὴρ</span> <span class='ocrx_word' id='word_1_781' title='bbox 1631 1992 1713 2021; x_wconf 76' lang='grc' dir='ltr'>αὐτοῦ</span> <span class='ocrx_word' id='word_1_782' title='bbox 1729 1993 1851 2022; x_wconf 63' lang='grc' dir='ltr'>τοιοῦτος,</span> <span class='ocrx_word' id='word_1_783' title='bbox 1864 1984 1891 2034; x_wconf 39' lang='grc' dir='ltr'><strong>ρ’</strong></span> 
     </span>
    </p>
   </div>
   <div class='ocr_carea' id='block_1_103' title="bbox 1122 2033 1892 2074">
    <p class='ocr_par' dir='ltr' id='par_1_103' title="bbox 1122 2033 1892 2074">
     <span class='ocr_line' id='line_1_103' title="bbox 1122 2033 1892 2074; baseline -0.001 -10"><span class='ocrx_word' id='word_1_784' title='bbox 1122 2035 1152 2064; x_wconf 86' lang='grc' dir='ltr'><strong>τὸ</strong></span> <span class='ocrx_word' id='word_1_785' title='bbox 1168 2036 1195 2066; x_wconf 79' lang='grc' dir='ltr'><em>δὲ</em></span> <span class='ocrx_word' id='word_1_786' title='bbox 1209 2035 1371 2074; x_wconf 78' lang='grc' dir='ltr'>καλούμενον</span> <span class='ocrx_word' id='word_1_787' title='bbox 1387 2036 1517 2074; x_wconf 83' lang='grc' dir='ltr'>ἐπίσημον</span> <span class='ocrx_word' id='word_1_788' title='bbox 1529 2059 1537 2072; x_wconf 89' lang='grc'><strong>,</strong></span> <span class='ocrx_word' id='word_1_789' title='bbox 1553 2035 1600 2072; x_wconf 79' lang='grc' dir='ltr'><strong>τὴν</strong></span> <span class='ocrx_word' id='word_1_790' title='bbox 1616 2036 1714 2073; x_wconf 77' lang='grc' dir='ltr'>ἕκτην,</span> <span class='ocrx_word' id='word_1_791' title='bbox 1736 2035 1780 2066; x_wconf 77' lang='grc' dir='ltr'><strong>καὶ</strong></span> <span class='ocrx_word' id='word_1_792' title='bbox 1797 2033 1845 2073; x_wconf 80' lang='grc' dir='ltr'>ἔχει</span> <span class='ocrx_word' id='word_1_793' title='bbox 1862 2039 1892 2058; x_wconf 81' lang='grc' dir='ltr'><strong>τον</strong></span> 
     </span>
    </p>
   </div>
   <div class='ocr_carea' id='block_1_104' title="bbox 1122 2077 1892 2122">
    <p class='ocr_par' dir='ltr' id='par_1_104' title="bbox 1122 2077 1892 2122">
     <span class='ocr_line' id='line_1_104' title="bbox 1122 2077 1892 2122; baseline -0.009 -13"><span class='ocrx_word' id='word_1_794' title='bbox 1122 2083 1282 2120; x_wconf 80' lang='grc' dir='ltr'>χαρακτῆρα</span> <span class='ocrx_word' id='word_1_795' title='bbox 1297 2081 1396 2110; x_wconf 77' lang='grc' dir='ltr'>τοιόνδε</span> <span class='ocrx_word' id='word_1_796' title='bbox 1407 2104 1416 2118; x_wconf 86' lang='grc'><strong>,</strong></span> <span class='ocrx_word' id='word_1_797' title='bbox 1435 2080 1486 2120; x_wconf 73' lang='grc' dir='ltr'><strong>ς’.</strong></span> <span class='ocrx_word' id='word_1_798' title='bbox 1514 2081 1594 2114; x_wconf 77' lang='grc' dir='ltr'>Εἰκὸς</span> <span class='ocrx_word' id='word_1_799' title='bbox 1620 2077 1664 2111; x_wconf 59' lang='grc' dir='ltr'><strong>οὖν</strong></span> <span class='ocrx_word' id='word_1_800' title='bbox 1680 2081 1709 2110; x_wconf 84' lang='grc' dir='ltr'><strong>τὸ</strong></span> <span class='ocrx_word' id='word_1_801' title='bbox 1725 2081 1817 2122; x_wconf 79' lang='grc' dir='ltr'>γάμμα</span> <span class='ocrx_word' id='word_1_802' title='bbox 1837 2085 1892 2105; x_wconf 84' lang='grc' dir='ltr'>στοι-</span> 
     </span>
    </p>
   </div>
   <div class='ocr_carea' id='block_1_105' title="bbox 1121 2125 1893 2171">
    <p class='ocr_par' dir='ltr' id='par_1_105' title="bbox 1121 2125 1893 2171">
     <span class='ocr_line' id='line_1_105' title="bbox 1121 2125 1893 2171; baseline -0.003 -16"><span class='ocrx_word' id='word_1_803' title='bbox 1121 2130 1191 2165; x_wconf 82' lang='grc' dir='ltr'>χεῖον</span> <span class='ocrx_word' id='word_1_804' title='bbox 1208 2126 1260 2156; x_wconf 86' lang='grc' dir='ltr'><strong>ἀπὸ</strong></span> <span class='ocrx_word' id='word_1_805' title='bbox 1280 2128 1326 2162; x_wconf 80' lang='grc' dir='ltr'><strong>τῆς</strong></span> <span class='ocrx_word' id='word_1_806' title='bbox 1343 2125 1500 2166; x_wconf 81' lang='grc' dir='ltr'>ἀπροσεξίας</span> <span class='ocrx_word' id='word_1_807' title='bbox 1525 2128 1577 2155; x_wconf 84' lang='grc' dir='ltr'><strong>τῶν</strong></span> <span class='ocrx_word' id='word_1_808' title='bbox 1598 2126 1821 2168; x_wconf 77' lang='grc' dir='ltr'>μεταγραφόντων</span> <span class='ocrx_word' id='word_1_809' title='bbox 1839 2130 1893 2171; x_wconf 60' lang='grc' dir='ltr'>χυρς</span> 
     </span>
    </p>
   </div>
   <div class='ocr_carea' id='block_1_106' title="bbox 1124 2171 1892 2210">
    <p class='ocr_par' dir='ltr' id='par_1_106' title="bbox 1124 2171 1892 2210">
     <span class='ocr_line' id='line_1_106' title="bbox 1124 2171 1892 2210; baseline 0.004 -11"><span class='ocrx_word' id='word_1_810' title='bbox 1124 2171 1252 2205; x_wconf 81' lang='grc' dir='ltr'>τωθείσης</span> <span class='ocrx_word' id='word_1_811' title='bbox 1280 2173 1326 2206; x_wconf 83' lang='grc' dir='ltr'><strong>τῆς</strong></span> <span class='ocrx_word' id='word_1_812' title='bbox 1348 2171 1548 2210; x_wconf 84' lang='grc' dir='ltr'>ἀποτεταμένης</span> <span class='ocrx_word' id='word_1_813' title='bbox 1571 2171 1672 2205; x_wconf 83' lang='grc' dir='ltr'>εὐθείας</span> <span class='ocrx_word' id='word_1_814' title='bbox 1697 2174 1734 2206; x_wconf 76' lang='grc' dir='ltr'>εἰς</span> <span class='ocrx_word' id='word_1_815' title='bbox 1759 2172 1848 2209; x_wconf 56' lang='lat' dir='ltr'><strong>[lix-061</strong></span> <span class='ocrx_word' id='word_1_816' title='bbox 1868 2173 1892 2193; x_wconf 63' lang='grc' dir='ltr'><strong>ει(</strong></span> 
     </span>
    </p>
   </div>
   <div class='ocr_carea' id='block_1_107' title="bbox 1122 2209 1893 2259">
    <p class='ocr_par' dir='ltr' id='par_1_107' title="bbox 1122 2209 1893 2259">
     <span class='ocr_line' id='line_1_107' title="bbox 1122 2209 1893 2259; baseline 0.003 -15"><span class='ocrx_word' id='word_1_817' title='bbox 1122 2215 1165 2244; x_wconf 80' lang='grc' dir='ltr'><strong>τὸν</strong></span> <span class='ocrx_word' id='word_1_818' title='bbox 1177 2218 1221 2245; x_wconf 81' lang='grc' dir='ltr'>τοῦ</span> <span class='ocrx_word' id='word_1_819' title='bbox 1237 2216 1369 2255; x_wconf 78' lang='grc' dir='ltr'>ἐπισήμου</span> <span class='ocrx_word' id='word_1_820' title='bbox 1385 2218 1578 2257; x_wconf 76' lang='grc' dir='ltr'>μεταχωρῆσαι</span> <span class='ocrx_word' id='word_1_821' title='bbox 1596 2219 1771 2257; x_wconf 77' lang='grc' dir='ltr'>χαρακτῆρα,</span> <span class='ocrx_word' id='word_1_822' title='bbox 1786 2211 1827 2243; x_wconf 67' lang='grc' dir='ltr'><strong>καὶ</strong></span> <span class='ocrx_word' id='word_1_823' title='bbox 1842 2209 1893 2259; x_wconf 49' lang='grc' dir='ltr'><strong>οξῖξω</strong></span> 
     </span>
    </p>
   </div>
   <div class='ocr_carea' id='block_1_108' title="bbox 1121 2255 1892 2306">
    <p class='ocr_par' dir='ltr' id='par_1_108' title="bbox 1121 2255 1892 2306">
     <span class='ocr_line' id='line_1_108' title="bbox 1121 2255 1892 2306; baseline -0.003 -17"><span class='ocrx_word' id='word_1_824' title='bbox 1121 2261 1169 2296; x_wconf 86' lang='grc' dir='ltr'><strong>τὴν</strong></span> <span class='ocrx_word' id='word_1_825' title='bbox 1191 2261 1293 2296; x_wconf 87' lang='grc' dir='ltr'>πλάνην</span> <span class='ocrx_word' id='word_1_826' title='bbox 1319 2261 1419 2297; x_wconf 85' lang='grc' dir='ltr'>ταύτην</span> <span class='ocrx_word' id='word_1_827' title='bbox 1444 2255 1576 2301; x_wconf 50' lang='grc' dir='ltr'>νενέσθαι.</span> <span class='ocrx_word' id='word_1_828' title='bbox 1597 2255 1666 2292; x_wconf 69' lang='grc' dir='ltr'>Ὅτι</span> <span class='ocrx_word' id='word_1_829' title='bbox 1694 2255 1730 2291; x_wconf 59' lang='lat' dir='ltr'><strong>6t</strong></span> <span class='ocrx_word' id='word_1_830' title='bbox 1748 2262 1821 2290; x_wconf 77' lang='grc' dir='ltr'>τοῦτο</span> <span class='ocrx_word' id='word_1_831' title='bbox 1841 2255 1892 2306; x_wconf 43' lang='lat' dir='ltr'><strong>illd)“</strong></span> 
     </span>
    </p>
   </div>
   <div class='ocr_carea' id='block_1_109' title="bbox 1121 2302 1892 2349">
    <p class='ocr_par' dir='ltr' id='par_1_109' title="bbox 1121 2302 1892 2349">
     <span class='ocr_line' id='line_1_109' title="bbox 1121 2302 1892 2349; baseline 0 -15"><span class='ocrx_word' id='word_1_832' title='bbox 1121 2303 1256 2345; x_wconf 83' lang='grc' dir='ltr'>γενέσθαι,</span> <span class='ocrx_word' id='word_1_833' title='bbox 1282 2305 1328 2335; x_wconf 80' lang='grc' dir='ltr'><strong>καὶ</strong></span> <span class='ocrx_word' id='word_1_834' title='bbox 1350 2307 1441 2346; x_wconf 87' lang='grc' dir='ltr'>τρίτην</span> <span class='ocrx_word' id='word_1_835' title='bbox 1465 2305 1536 2346; x_wconf 83' lang='grc' dir='ltr'>ὥραν</span> <span class='ocrx_word' id='word_1_836' title='bbox 1563 2306 1762 2347; x_wconf 80' lang='grc' dir='ltr'>ἀναγράφεσθαι</span> <span class='ocrx_word' id='word_1_837' title='bbox 1782 2302 1892 2349; x_wconf 41' lang='lat' dir='ltr'><strong>mimi”</strong></span> 
     </span>
    </p>
   </div>
   <div class='ocr_carea' id='block_1_110' title="bbox 1121 2349 1891 2392">
    <p class='ocr_par' dir='ltr' id='par_1_110' title="bbox 1121 2349 1891 2392">
     <span class='ocr_line' id='line_1_110' title="bbox 1121 2349 1891 2392; baseline -0.001 -13"><span class='ocrx_word' id='word_1_838' title='bbox 1121 2352 1158 2389; x_wconf 84' lang='grc' dir='ltr'><strong>τῷ</strong></span> <span class='ocrx_word' id='word_1_839' title='bbox 1176 2349 1303 2391; x_wconf 81' lang='grc' dir='ltr'>Ἰωάννῃ,</span> <span class='ocrx_word' id='word_1_840' title='bbox 1320 2351 1379 2380; x_wconf 85' lang='grc' dir='ltr'>ἀλλ’</span> <span class='ocrx_word' id='word_1_841' title='bbox 1397 2351 1456 2392; x_wconf 68' lang='grc' dir='ltr'>οὐχὶ</span> <span class='ocrx_word' id='word_1_842' title='bbox 1476 2350 1555 2388; x_wconf 83' lang='grc' dir='ltr'>ἕκτην</span> <span class='ocrx_word' id='word_1_843' title='bbox 1581 2350 1672 2391; x_wconf 83' lang='grc' dir='ltr'>ὥσπερ</span> <span class='ocrx_word' id='word_1_844' title='bbox 1700 2353 1760 2387; x_wconf 76' lang='grc' dir='ltr'>νῦν,</span> <span class='ocrx_word' id='word_1_845' title='bbox 1775 2349 1891 2392; x_wconf 29' lang='lat' dir='ltr'><strong>ﬁlioli&quot;</strong></span> 
     </span>
    </p>
   </div>
   <div class='ocr_carea' id='block_1_111' title="bbox 1121 2389 1892 2440">
    <p class='ocr_par' dir='ltr' id='par_1_111' title="bbox 1121 2389 1892 2440">
     <span class='ocr_line' id='line_1_111' title="bbox 1121 2389 1892 2440; baseline 0 -17"><span class='ocrx_word' id='word_1_846' title='bbox 1121 2397 1220 2424; x_wconf 77' lang='grc' dir='ltr'>τεῦθεν.</span> <span class='ocrx_word' id='word_1_847' title='bbox 1240 2397 1301 2425; x_wconf 79' lang='grc' dir='ltr'>Τῶν</span> <span class='ocrx_word' id='word_1_848' title='bbox 1317 2395 1367 2436; x_wconf 77' lang='grc' dir='ltr'>γὰρ</span> <span class='ocrx_word' id='word_1_849' title='bbox 1391 2398 1470 2436; x_wconf 76' lang='grc' dir='ltr'>τριῶν</span> <span class='ocrx_word' id='word_1_850' title='bbox 1493 2397 1704 2435; x_wconf 80' lang='grc' dir='ltr'>εὖαγγελιστῶν,</span> <span class='ocrx_word' id='word_1_851' title='bbox 1721 2398 1765 2425; x_wconf 78' lang='grc' dir='ltr'><strong>τοῦ</strong></span> <span class='ocrx_word' id='word_1_852' title='bbox 1780 2404 1805 2423; x_wconf 85' lang='grc' dir='ltr'><strong>τε</strong></span> <span class='ocrx_word' id='word_1_853' title='bbox 1827 2389 1892 2440; x_wconf 55' lang='grc' dir='ltr'><strong>ΜΠ·</strong></span> 
     </span>
    </p>
   </div>
   <div class='ocr_carea' id='block_1_112' title="bbox 1121 2439 1892 2484">
    <p class='ocr_par' dir='ltr' id='par_1_112' title="bbox 1121 2439 1892 2484">
     <span class='ocr_line' id='line_1_112' title="bbox 1121 2439 1892 2484; baseline 0 -15"><span class='ocrx_word' id='word_1_854' title='bbox 1121 2439 1212 2478; x_wconf 82' lang='grc' dir='ltr'>θαίου,</span> <span class='ocrx_word' id='word_1_855' title='bbox 1227 2441 1272 2470; x_wconf 88' lang='grc' dir='ltr'>καὶ</span> <span class='ocrx_word' id='word_1_856' title='bbox 1288 2443 1334 2470; x_wconf 76' lang='grc' dir='ltr'><strong>τοῦ</strong></span> <span class='ocrx_word' id='word_1_857' title='bbox 1359 2440 1490 2480; x_wconf 79' lang='grc' dir='ltr'>Μάρκου,</span> <span class='ocrx_word' id='word_1_858' title='bbox 1508 2441 1553 2470; x_wconf 78' lang='grc' dir='ltr'><strong>καὶ</strong></span> <span class='ocrx_word' id='word_1_859' title='bbox 1579 2444 1624 2470; x_wconf 77' lang='grc' dir='ltr'>τοῦ</span> <span class='ocrx_word' id='word_1_860' title='bbox 1652 2443 1745 2473; x_wconf 76' lang='grc' dir='ltr'>Λουκᾶ</span> <span class='ocrx_word' id='word_1_861' title='bbox 1767 2439 1892 2484; x_wconf 67' lang='grc' dir='ltr'>συμφωνξυξ</span> 
     </span>
    </p>
   </div>
   <div class='ocr_carea' id='block_1_113' title="bbox 1120 2483 1886 2525">
    <p class='ocr_par' dir='ltr' id='par_1_113' title="bbox 1120 2483 1886 2525">
     <span class='ocr_line' id='line_1_113' title="bbox 1120 2483 1886 2525; baseline -0.005 -12"><span class='ocrx_word' id='word_1_862' title='bbox 1120 2485 1265 2523; x_wconf 85' lang='grc' dir='ltr'>λεγόντων,</span> <span class='ocrx_word' id='word_1_863' title='bbox 1297 2486 1333 2518; x_wconf 86' lang='grc' dir='ltr'>ὥς</span> <span class='ocrx_word' id='word_1_864' title='bbox 1357 2485 1410 2515; x_wconf 82' lang='grc' dir='ltr'>ἀπὸ</span> <span class='ocrx_word' id='word_1_865' title='bbox 1434 2485 1512 2521; x_wconf 75' lang='grc' dir='ltr'>ἕκτης</span> <span class='ocrx_word' id='word_1_866' title='bbox 1537 2484 1609 2525; x_wconf 83' lang='grc' dir='ltr'>ὥρας</span> <span class='ocrx_word' id='word_1_867' title='bbox 1633 2485 1727 2519; x_wconf 84' lang='grc' dir='ltr'>σκότος</span> <span class='ocrx_word' id='word_1_868' title='bbox 1751 2483 1845 2525; x_wconf 75' lang='grc' dir='ltr'>ἐγένετο</span> 
     </span>
    </p>
   </div>
   <div class='ocr_carea' id='block_1_114' title="bbox 1119 2518 1892 2569">
    <p class='ocr_par' dir='ltr' id='par_1_114' title="bbox 1119 2518 1892 2569">
     <span class='ocr_line' id='line_1_114' title="bbox 1119 2518 1892 2569; baseline 0.001 -12"><span class='ocrx_word' id='word_1_869' title='bbox 1119 2518 1182 2565; x_wconf 74' lang='grc' dir='ltr'>ὅλην</span> <span class='ocrx_word' id='word_1_870' title='bbox 1199 2530 1247 2564; x_wconf 82' lang='grc' dir='ltr'>τὴν</span> <span class='ocrx_word' id='word_1_871' title='bbox 1258 2518 1310 2567; x_wconf 45' lang='grc' dir='ltr'><strong>νῆν</strong></span> <span class='ocrx_word' id='word_1_872' title='bbox 1322 2552 1331 2566; x_wconf 86' lang='grc'><strong>,</strong></span> <span class='ocrx_word' id='word_1_873' title='bbox 1354 2529 1402 2563; x_wconf 82' lang='grc' dir='ltr'>ἕως</span> <span class='ocrx_word' id='word_1_874' title='bbox 1425 2529 1496 2569; x_wconf 84' lang='grc' dir='ltr'>ὥρας</span> <span class='ocrx_word' id='word_1_875' title='bbox 1517 2518 1644 2567; x_wconf 69' lang='grc' dir='ltr'>ἐννοίτης,</span> <span class='ocrx_word' id='word_1_876' title='bbox 1667 2530 1811 2569; x_wconf 78' lang='grc' dir='ltr'>πρόδηλον,</span> <span class='ocrx_word' id='word_1_877' title='bbox 1834 2524 1862 2569; x_wconf 61' lang='grc' dir='ltr'>ᾧ(</span> <span class='ocrx_word' id='word_1_878' title='bbox 1882 2518 1892 2545; x_wconf 74' lang='grc' dir='ltr'><strong><em>δ</em></strong></span> 
     </span>
    </p>
   </div>
   <div class='ocr_carea' id='block_1_115' title="bbox 1122 2567 1890 2616">
    <p class='ocr_par' dir='ltr' id='par_1_115' title="bbox 1122 2567 1890 2616">
     <span class='ocr_line' id='line_1_115' title="bbox 1122 2567 1890 2616; baseline 0 -13"><span class='ocrx_word' id='word_1_879' title='bbox 1122 2574 1217 2612; x_wconf 79' lang='grc' dir='ltr'>Κύριος</span> <span class='ocrx_word' id='word_1_880' title='bbox 1232 2575 1308 2612; x_wconf 77' lang='grc' dir='ltr'>ἡμῶν</span> <span class='ocrx_word' id='word_1_881' title='bbox 1328 2574 1379 2614; x_wconf 82' lang='grc' dir='ltr'><strong>πρὸ</strong></span> <span class='ocrx_word' id='word_1_882' title='bbox 1400 2567 1455 2609; x_wconf 40' lang='grc' dir='ltr'>τῆς·</span> <span class='ocrx_word' id='word_1_883' title='bbox 1465 2574 1544 2610; x_wconf 80' lang='grc' dir='ltr'>ἕκτης</span> <span class='ocrx_word' id='word_1_884' title='bbox 1559 2573 1644 2616; x_wconf 82' lang='grc' dir='ltr'>ᾥρας,</span> <span class='ocrx_word' id='word_1_885' title='bbox 1666 2567 1719 2614; x_wconf 79' lang='grc' dir='ltr'>πρὸ</span> <span class='ocrx_word' id='word_1_886' title='bbox 1733 2575 1777 2604; x_wconf 71' lang='grc' dir='ltr'>τοῦ</span> <span class='ocrx_word' id='word_1_887' title='bbox 1791 2567 1890 2616; x_wconf 62' lang='grc' dir='ltr'><strong>γενέσ⁰¹¹</strong></span> 
     </span>
    </p>
   </div>
   <div class='ocr_carea' id='block_1_116' title="bbox 1119 2611 1890 2663">
    <p class='ocr_par' dir='ltr' id='par_1_116' title="bbox 1119 2611 1890 2663">
     <span class='ocr_line' id='line_1_116' title="bbox 1119 2611 1890 2663; baseline 0.001 -17"><span class='ocrx_word' id='word_1_888' title='bbox 1119 2619 1149 2647; x_wconf 83' lang='grc' dir='ltr'><strong>τὸ</strong></span> <span class='ocrx_word' id='word_1_889' title='bbox 1165 2618 1265 2654; x_wconf 79' lang='grc' dir='ltr'>σκότος,</span> <span class='ocrx_word' id='word_1_890' title='bbox 1282 2619 1450 2658; x_wconf 79' lang='grc' dir='ltr'>ἐσταύρωτο,</span> <span class='ocrx_word' id='word_1_891' title='bbox 1466 2620 1569 2655; x_wconf 82' lang='grc' dir='ltr'>δηλαδὴ</span> <span class='ocrx_word' id='word_1_892' title='bbox 1584 2618 1654 2648; x_wconf 80' lang='grc' dir='ltr'>κατὰ</span> <span class='ocrx_word' id='word_1_893' title='bbox 1665 2619 1712 2654; x_wconf 79' lang='grc' dir='ltr'><strong>τὴν</strong></span> <span class='ocrx_word' id='word_1_894' title='bbox 1725 2618 1809 2658; x_wconf 86' lang='grc' dir='ltr'>τρίτην</span> <span class='ocrx_word' id='word_1_895' title='bbox 1824 2611 1890 2663; x_wconf 59' lang='grc' dir='ltr'>ὥραν)</span> 
     </span>
    </p>
   </div>
   <div class='ocr_carea' id='block_1_117' title="bbox 1118 2662 1889 2704">
    <p class='ocr_par' dir='ltr' id='par_1_117' title="bbox 1118 2662 1889 2704">
     <span class='ocr_line' id='line_1_117' title="bbox 1118 2662 1889 2704; baseline 0.001 -13"><span class='ocrx_word' id='word_1_896' title='bbox 1118 2663 1152 2696; x_wconf 84' lang='grc' dir='ltr'>ὡς</span> <span class='ocrx_word' id='word_1_897' title='bbox 1167 2664 1181 2691; x_wconf 85' lang='grc' dir='ltr'><strong>ὁ</strong></span> <span class='ocrx_word' id='word_1_898' title='bbox 1197 2664 1305 2702; x_wconf 80' lang='grc' dir='ltr'>Μάρκος</span> <span class='ocrx_word' id='word_1_899' title='bbox 1326 2675 1353 2692; x_wconf 88' lang='grc' dir='ltr'><strong>τε</strong></span> <span class='ocrx_word' id='word_1_900' title='bbox 1371 2664 1513 2704; x_wconf 79' lang='grc' dir='ltr'>ἱστόρησε,</span> <span class='ocrx_word' id='word_1_901' title='bbox 1540 2664 1586 2693; x_wconf 81' lang='grc' dir='ltr'><strong>καὶ</strong></span> <span class='ocrx_word' id='word_1_902' title='bbox 1612 2665 1626 2693; x_wconf 80' lang='grc' dir='ltr'>ὁ</span> <span class='ocrx_word' id='word_1_903' title='bbox 1648 2663 1773 2698; x_wconf 77' lang='grc' dir='ltr'>Ἰωάννης</span> <span class='ocrx_word' id='word_1_904' title='bbox 1796 2662 1889 2704; x_wconf 54' lang='grc' dir='ltr'><strong>ὅμωυῶ</strong></span> 
     </span>
    </p>
   </div>
   <div class='ocr_carea' id='block_1_118' title="bbox 1118 2702 1888 2749">
    <p class='ocr_par' dir='ltr' id='par_1_118' title="bbox 1118 2702 1888 2749">
     <span class='ocr_line' id='line_1_118' title="bbox 1118 2702 1888 2749; baseline -0.003 -13"><span class='ocrx_word' id='word_1_905' title='bbox 1118 2707 1140 2736; x_wconf 83' lang='lat' dir='ltr'><strong>si.</strong></span> <span class='ocrx_word' id='word_1_906' title='bbox 1155 2706 1226 2742; x_wconf 81' lang='grc' dir='ltr'><strong>καὶὴ</strong></span> <span class='ocrx_word' id='word_1_907' title='bbox 1243 2708 1330 2745; x_wconf 82' lang='grc' dir='ltr'>πλάνη</span> <span class='ocrx_word' id='word_1_908' title='bbox 1348 2710 1398 2738; x_wconf 86' lang='grc' dir='ltr'><strong>τῶν</strong></span> <span class='ocrx_word' id='word_1_909' title='bbox 1419 2708 1574 2749; x_wconf 80' lang='grc' dir='ltr'>γραφόντων</span> <span class='ocrx_word' id='word_1_910' title='bbox 1598 2708 1630 2737; x_wconf 75' lang='grc' dir='ltr'>τὸ</span> <span class='ocrx_word' id='word_1_911' title='bbox 1653 2708 1750 2747; x_wconf 79' lang='grc' dir='ltr'>γάμμα</span> <span class='ocrx_word' id='word_1_912' title='bbox 1765 2702 1888 2745; x_wconf 73' lang='grc' dir='ltr'>μετέθηκεν</span> 
     </span>
    </p>
   </div>
   <div class='ocr_carea' id='block_1_119' title="bbox 1211 2801 1813 2839">
    <p class='ocr_par' dir='ltr' id='par_1_119' title="bbox 1211 2801 1813 2839">
     <span class='ocr_line' id='line_1_119' title="bbox 1211 2801 1813 2839; baseline -0.008 -8"><span class='ocrx_word' id='word_1_913' title='bbox 1211 2802 1221 2820; x_wconf 79' lang='grc'><strong><em>⁵</em></strong></span> <span class='ocrx_word' id='word_1_914' title='bbox 1234 2803 1318 2831; x_wconf 85' lang='lat' dir='ltr'><strong>Joan.</strong></span> <span class='ocrx_word' id='word_1_915' title='bbox 1335 2810 1402 2839; x_wconf 73' lang='grc' dir='ltr'>ιικ,</span> <span class='ocrx_word' id='word_1_916' title='bbox 1417 2805 1463 2831; x_wconf 80' lang='grc'><strong>27.</strong></span> <span class='ocrx_word' id='word_1_917' title='bbox 1519 2802 1532 2823; x_wconf 83' lang='grc'><strong><em>⁶</em></strong></span> <span class='ocrx_word' id='word_1_918' title='bbox 1544 2802 1645 2833; x_wconf 82' lang='lat' dir='ltr'><strong>Matth.</strong></span> <span class='ocrx_word' id='word_1_919' title='bbox 1661 2809 1760 2837; x_wconf 80' lang='lat' dir='ltr'><strong>xxvu,</strong></span> <span class='ocrx_word' id='word_1_920' title='bbox 1772 2801 1813 2828; x_wconf 76' lang='grc'><strong>45.</strong></span> 
     </span>
    </p>
   </div>
  </div>
