1927 3076
11 180 60 206 269

397 176 593 206 ENARRATIO
611 177 645 206 IN
663 176 881 206 EVANGELIUM
899 176 1050 207 JOANNIS.
1068 192 1105 200 -
1117 178 1192 207 CAP.
1213 178 1283 209 XIX.

1606 180 1660 208 270

11 241 46 273 εἰς
65 239 108 268 τὸν
134 240 181 268 τοῦ
210 238 344 277 ἐπισήμου
374 241 544 279 χαρακτῆρα.
585 240 663 274 Τινὲς
691 240 739 279 μὲν
765 236 809 271 οὖν

865 241 1011 270 mutaverit
1024 248 1134 277 gamma
1154 240 1183 268 in
1195 240 1308 277 episemi
1322 240 1523 271 characterem.
1539 243 1574 270 Et
1590 251 1661 272 non-

11 285 78 314 οὕτω
91 283 184 313 λύουσι
199 286 289 315 τοῦτο.
302 283 410 323 Ἐτεροι
424 284 452 314 δέ
465 296 561 324 φασιν,
577 284 617 314 ὅτι
628 287 641 314 6
658 285 707 323 μὲν
724 285 808 326 Μάρ-

11 341 55 362 κος
69 328 116 364 τὴν
131 327 204 368 ὥραν
221 331 269 364 τ’ἤς
292 329 466 369 ἆποράσεως,
482 331 527 365 τῆς
544 329 604 369 περὶ
620 333 667 359 τοῦ
683 342 809 370 σταυρω-

11 376 88 409 Βῆναι
113 373 156 402 τὸν
174 373 288 415 Κύριον,
313 373 443 402 ἐκτίθεται
466 375 556 414 σαφῶς
580 374 626 403 καὶ
655 375 808 415 ἀναμφιϐό-

11 421 73 451 λως.
97 418 175 448 Ἐπεὶ
197 413 242 447 οὖν
256 417 346 448 ἔκτοτε
368 413 520 458 σταυρῶσαι
542 419 587 448 καὶ
607 413 759 459 τιμωρῆσαι
784 420 808 449 οἱ

11 463 135 492 Emis-tul
149 463 289 501 λέγονται,
307 464 352 503 ἀφ’
369 458 399 492 οὗ
412 462 460 498 τὴν
477 463 610 503 ἀπόφασιν
634 458 808 503 ἐξενέγκωσι,

11 508 58 537 Ξιᾶι
71 507 100 536 τὸ
115 508 162 542 τὴν
179 508 290 546 δύναμιν
305 510 353 543 τ’ἧς
369 507 499 547 τιμωρίας
514 508 560 537 καὶ
583 511 629 538 τοῦ
653 509 766 539 θανᾶτου
781 510 808 538 ἐν

11 557 70 585 ταῖς
93 551 226 591 γλώσσαις
250 554 403 588 κεκτῆσθαι·
432 553 524 582 τούτου
550 553 630 593 χάριν
657 555 671 583 6
699 554 808 592 Μάρκος

11 600 47 637 τῇ
66 598 141 637 τρίτῃ
163 596 220 637 ὥρᾳ
246 599 432 636 σταυρωθῆναι
459 598 536 628 αὐτὸν
561 598 653 636 λέγει,
672 598 716 639 ἀφ’
740 595 771 635 ἧς
794 600 809 628 6

11 642 128 675 Πιλάτος
151 642 200 677 τὴν
221 642 357 682 ἀπόφασιν
383 642 531 682 ἐξήνεγκεν.
559 642 687 679 Ἰωάννης
710 643 756 683 δὲ,
773 645 808 678 ὡς

11 687 147 726 εἶρηκότος
170 689 216 716 τοῦ
247 687 361 726 Μάρκου
384 687 429 717 τὸν
447 687 538 728 καιρὸν
562 690 609 723 τῆς
631 688 807 728 ἀποφάσεως,

11 733 90 765 αὐτὸς
101 731 149 767 τὴν
163 731 235 771 ὥραν
247 754 255 770 ,
279 734 304 761 ἔν
360 731 404 761 τὸν
423 727 520 772 Κύριον
539 727 729 772 ἐσταύρωσαν,
749 733 808 775 ἔφη·

11 778 70 805 ἐπεὶ
86 776 131 805 καὶ
145 777 256 812 σκόπει,
272 776 344 805 πόσα
361 776 458 814 μεταξὺ
470 779 517 812 τῆς
532 777 606 817 παρὰ
622 780 669 807 τοῦ
688 778 808 808 Πιλάτου

11 822 74 863 περὶ
88 825 133 851 τοῦ
150 824 262 861 σταυροῦ
278 821 450 861 ἀποφάσεως,
474 821 520 850 καὶ
542 824 589 857 τῆς
604 821 675 862 ὥρας
693 824 810 863 ταύτης,

11 867 41 894 ἓν
102 867 136 899 εἷς
151 867 194 896 τὸν
220 866 335 905 σταυρὸν
358 868 373 896 ὁ
401 866 498 905 Κύριος
516 861 807 907 ἀνέϐηίπέπρακταιξ

11 910 159 944 Ἀπολύσας
172 911 216 940 τὸν
242 910 406 950 Βαραϐϐᾶν,
424 910 611 951 ἐφραγέλλωσε
627 912 671 941 τὸν
695 912 808 952 Ἰησοῦν,

11 955 58 984 καὶ
73 956 209 995 παρέδωκε
225 955 333 988 πάντως
348 956 426 984 αὐτὸν
443 957 479 988 εἰς
501 955 531 985 τὸ
555 959 750 996 σταυρωθῆναι.
774 957 808 989 Ἡ

11 1000 64 1040 γὰρ
84 1003 128 1030 τοῦ
147 999 277 1039 Βαραϐϐᾶ
294 1002 422 1033 ἀπόλυσις
450 1000 604 1042 κατάκρισις
633 997 664 1037 ἦν
685 1004 730 1031 τοῦ
752 1004 810 1033 Κυ-

11 1046 80 1084 ρίου.
100 1045 295 1084 Ἐμπαίζουσιν
311 1046 334 1074 οἳ
361 1047 532 1085 στρατιῶται·
553 1046 600 1075 καὶ
625 1046 735 1082 σκόπει,
758 1049 809 1078 πό-

11 1102 57 1123 σος
70 1089 163 1130 χρόνος
182 1090 306 1126 ἀνηλώθη
323 1089 354 1119 ἂν
370 1091 406 1124 εἷς
425 1090 468 1120 τὸν
484 1089 622 1130 φιλότιμον
644 1092 805 1131 ἔμπαιγμόν.

11 1135 169 1175 Ἐξήνεγκεν
185 1135 264 1164 αὐτὸν
281 1137 295 1164 6
310 1135 445 1174 Πιλάτος,
462 1135 508 1164 καὶ
524 1135 646 1175 διελέχθη
664 1137 716 1169 τοῖς
737 1137 807 1166 Ἰου-

11 1180 105 1212 δαίοις
126 1179 206 1209 πάλιν
230 1179 355 1209 εἰσελθὼν
376 1179 511 1220 ἀνακρίνει
528 1180 571 1209 τὸν
590 1182 705 1216 Ἰησοῦν
729 1182 809 1211 πάλιν

11 1224 124 1258 ἐξελθὼν
153 1225 306 1263 διαλέγεται
328 1229 382 1258 τοῖς
414 1224 563 1258 Ἰουδαίοις.
599 1226 694 1255 Ταῦτα
721 1226 808 1256 πάντα

11 1269 92 1299 ἱκανὰ
115 1265 147 1306 ἦν
164 1270 302 1299 ἀναλῶσαι
317 1270 360 1299 τὸν
387 1269 440 1299 ἀπὸ
462 1271 509 1305 τῆς
532 1270 622 1309 τρίτης
650 1269 720 1311 ὥρας
745 1271 810 1311 ἄχρι

11 1316 60 1349 τῆς
76 1314 154 1351 ἕκτης
168 1314 273 1354 χρόνον,
290 1314 358 1355 ἅπερ
377 1314 502 1350 Ἰωάννης
522 1314 658 1354 ἐκθέμενος
676 1316 808 1356 ἀκριϐῶς,

11 1360 60 1389 ἅτε
81 1364 149 1389 πᾶσι
163 1359 424 1400 παρηκολουθηκὼς,
449 1361 496 1395 τῆς
510 1359 588 1396 ἕκτης
613 1359 684 1401 ὥρας
704 1373 809 1400 μνημο-

11 1404 98 1442 νεύει,
115 1404 157 1434 ὅτε
171 1404 217 1433 καὶ
236 1405 390 1444 παρέδωκεν
412 1404 494 1434 αὐτὸν
521 1404 644 1439 τελείως,
662 1405 706 1435 ἵνα
727 1418 810 1435 σταυ-

14 1452 86 1489 ρωθῇ
98 1472 106 1486 ,
121 1450 169 1479 οὐκ
190 1449 230 1478 ἔτι
245 1449 429 1488 διαλεγόμενος
451 1450 505 1484 τοῖς
530 1449 685 1486 Ἰουδαίοις,
713 1450 730 1486 ἢ
747 1453 810 1479 ἀνα.

11 1496 109 1535 κρίνων
123 1495 169 1524 τὸν
184 1494 288 1529 Ἰησοῦν
300 1518 308 1533 ,
327 1494 396 1523 ἀλλὰ
413 1495 460 1531 τὴν
487 1495 655 1530 τελειοτάτην
673 1495 808 1535 ἀπόφασιν

863 286 929 314 nulli
939 286 1049 322 quidem
1063 286 1100 314 sic
1114 285 1217 314 dicunt.
1234 285 1287 314 Alii
1299 289 1393 314 autem
1410 286 1485 314 aiunt
1495 286 1569 322 quod
1583 289 1659 316 Mar-

861 338 910 359 cus
922 331 1033 366 quidem
1051 330 1148 359 horam
1163 338 1216 366 qua
1236 331 1292 359 lata
1311 335 1353 359 est
1366 331 1503 359 sententia
1521 331 1556 360 de
1570 332 1657 360 cruci-

862 375 969 411 ﬁgendo
1000 375 1131 410 Domino,
1154 375 1296 404 manifeste
1315 379 1342 404 et
1365 375 1466 412 absque
1489 375 1659 405 dubitatione

863 425 962 457 ponat:
978 421 1072 457 utique
1081 421 1145 457 quia
1157 420 1315 457 cruciﬁgere
1331 424 1359 449 et
1377 421 1475 457 punire
1491 420 1526 448 ab
1537 428 1569 449 eo
1584 425 1659 449 tem-

864 473 930 501 pore
945 465 1052 502 judices
1070 465 1212 500 dicuntur,
1232 473 1288 502 quo
1312 465 1476 494 sententiam
1504 465 1658 502 proferunt,

862 518 895 538 eo
920 510 995 547 quod
1018 511 1058 539 vis
1086 519 1177 547 pinna:
1197 514 1225 539 et
1246 511 1343 539 mortis
1365 510 1393 538 in
1426 510 1525 547 linguis
1550 519 1661 547 quoque

862 555 905 583 sit.
934 556 999 592 Ejus
1023 556 1108 592 gratia
1127 556 1237 584 Marcus
1256 555 1334 584 tertia
1360 555 1430 584 hora
1456 555 1580 591 cruciﬁgi
1594 563 1659 584 eum

862 599 940 633 dicit,
963 608 978 628 a
1003 608 1056 637 qua
1073 601 1177 629 Pilatus
1201 600 1366 629 sententiam
1387 601 1523 637 exposuit.
1538 601 1660 629 Joannes

862 649 965 679 autem,
981 653 1045 674 cum
1064 647 1173 674 Marcus
1189 645 1300 674 dixisset
1318 649 1427 682 tempus
1441 645 1594 679 sententiae,
1610 645 1660 674 bo-

863 697 922 718 ram
948 690 976 718 in
1008 697 1061 726 qua
1080 690 1233 719 Dominum
1256 690 1452 719 crucifixerunt
1474 690 1550 718 dicit.
1575 691 1661 719 Camn

863 742 938 767 rum,
966 734 1109 763 considera
1137 740 1240 772 quanta
1258 740 1318 763 acta
1335 735 1391 764 sint
1408 735 1481 763 inter
1497 735 1661 764 sententiam

863 787 878 807 a
899 779 985 808 Pilato
1003 779 1037 808 de
1057 788 1148 814 cruce,
1164 784 1192 809 et
1205 780 1302 808 horam
1318 780 1406 816 ipsam
1433 780 1461 808 in
1483 788 1535 816 qua
1558 780 1586 808 in
1599 789 1662 808 cru-

864 832 925 852 cem
959 825 1097 853 Dominus
1126 824 1258 853 ascendit.
1287 825 1358 853 Cum
1385 825 1533 853 dimisisset
1562 825 1662 854 Barab-

865 868 947 904 bam,
976 869 1124 906 ﬂagellavit
1153 871 1259 904 Jesum,
1285 874 1313 898 et
1343 869 1456 898 tradidit
1481 871 1521 898 eis
1545 874 1576 898 ut
1602 878 1663 898 cru-

826 912 849 943 B
865 913 1030 950 ciﬁgeretur.
1067 915 1138 942 Nam
1173 914 1305 942 Barabbze
1345 914 1468 942 dimissio
1496 914 1663 944 condemna-

865 958 904 986 tio
929 958 1014 995 749
1027 963 1087 987 erat
1103 959 1226 987 Domini.
1260 959 1381 987 llludunt
1402 959 1515 993 milites,
1544 964 1572 988 et
1600 959 1662 988 vide

864 1007 1000 1039 quantum
1012 1004 1145 1039 temporis
1160 1003 1264 1031 insumi
1276 1004 1394 1040 potuerit
1407 1004 1441 1032 ad
1457 1004 1589 1039 majorem
1601 1004 1662 1032 illu-

864 1047 979 1076 sionem.
994 1048 1095 1076 Eduxit
1104 1056 1170 1076 eum
1182 1049 1297 1083 Pilatus,
1311 1053 1338 1077 et
1351 1049 1459 1077 locutus
1467 1057 1532 1077 cum
1546 1049 1660 1078 Judaeis.

864 1093 968 1121 lterum
992 1093 1130 1129 ingressus
1145 1093 1276 1130 dijudicat
1293 1094 1403 1130 Jesum,
1423 1094 1523 1122 iterum
1537 1101 1663 1130 egressus

864 1137 984 1174 loquitur
995 1146 1059 1166 cum
1071 1137 1183 1166 Iudaeis.
1200 1139 1268 1166 Haec
1282 1139 1374 1166 omnia
1386 1138 1563 1166 sufﬁciebant
1572 1138 1606 1167 ad
1619 1139 1661 1167 in-

863 1182 1029 1211 sumendum
1043 1186 1151 1218 tempus
1164 1182 1199 1210 ad
1209 1183 1275 1210 hora
1291 1183 1369 1211 tertia
1385 1191 1471 1219 usque
1486 1183 1521 1211 ad
1534 1187 1661 1212 sextam:

864 1235 926 1263 qua:
935 1228 1056 1256 Joannes
1071 1235 1212 1263 exponens
1230 1227 1384 1263 diligenter,
1398 1231 1493 1263 utpote
1515 1228 1563 1264 qui
1574 1228 1664 1256 omni-

863 1271 914 1300 bus
925 1271 1079 1300 individuus
1089 1280 1182 1300 comes
1193 1271 1323 1307 adfuerit,
1339 1272 1415 1301 horse
1430 1277 1514 1301 sextae
1526 1273 1661 1308 meminit,

864 1317 976 1352 quando
990 1321 1017 1344 et
1030 1317 1141 1345 tradidit
1149 1325 1214 1345 eum
1229 1317 1350 1353 perfecte
1364 1321 1394 1345 ut
1407 1317 1593 1354 cruciﬁgatur,
1606 1326 1664 1346 non

864 1362 934 1390 ultra
959 1362 1073 1398 loquens
1097 1370 1162 1390 cum
1177 1361 1291 1397 Iudaeis,
1318 1362 1360 1390 vel
1386 1361 1542 1399 dijudicans
1555 1363 1662 1398 Iesum,

865 1406 913 1434 sed
925 1410 1076 1434 extremam
1092 1407 1122 1434 in
1142 1415 1207 1435 eum
1223 1406 1366 1442 proferens
1379 1408 1555 1436 sententiam.
1570 1408 1599 1436 Si
1614 1416 1664 1436 au-

865 1455 922 1479 tem
946 1451 1010 1488 quis
1027 1451 1111 1486 dicat,
1135 1453 1225 1487 Quare
1239 1452 1347 1480 circiter
1362 1451 1459 1480 horam
1475 1452 1584 1481 tertiam
1599 1461 1662 1481 cum

864 1495 971 1524 dicatur
989 1496 1122 1532 cruciﬁgi,
1136 1497 1195 1524 vult
1208 1496 1307 1524 iterum
1331 1496 1434 1524 absolvi
1452 1497 1549 1525 illum?
1577 1497 1664 1525 discat

12 1539 72 1569 κατ’
99 1540 178 1569 αὐτοῦ
202 1539 354 1579 ἐξενεγκιῖη.
387 1540 419 1569 Εἰ
449 1539 476 1568 δέ
491 1552 529 1573 τις
555 1539 638 1579 λέγει·
665 1539 719 1570 Καὶ
743 1541 809 1575 τίνος

867 1541 984 1576 primum
1001 1541 1115 1577 quidem
1125 1561 1133 1575 ,
1144 1541 1219 1577 quod
1234 1549 1250 1570 a
1265 1541 1443 1569 multitudine
1457 1546 1570 1570 coactus
1588 1541 1664 1570 dedit

11 1585 101 1614 ἕνεκεν
121 1583 190 1613 κατὰ
207 1583 257 1619 τὴν
282 1584 374 1623 τρίτην
390 1584 460 1622 ὥραν
473 1607 480 1620 ,
497 1588 531 1618 ὼς
547 1585 631 1624 λέγεις
642 1607 650 1620 ,
672 1585 810 1625 ἀποφηνά-

14 1641 91 1666 μενος
107 1631 309 1669 σταυρωθῆναι,
323 1629 403 1658 πάλιν
422 1629 546 1659 ἐϐούλετο
563 1631 696 1659 ἀπολῦσαι
713 1630 808 1667 αὐτόν,

13 1674 168 1711 μανθανέτω
192 1674 297 1711 πρῶτον
320 1673 383 1713 μὲν,
408 1673 447 1702 ὅτι
470 1673 522 1703 ὑπὸ
547 1677 592 1703 τοῦ
615 1674 730 1710 πλήθους
747 1676 809 1714 βια-

13 1720 95 1757 σθεὶς,
109 1718 180 1747 ἔθετο
199 1719 246 1754 τὴν
263 1717 407 1758 ἀπόφασιν·
429 1717 523 1748 ἔπειτα
539 1719 585 1748 καὶ
598 1721 635 1758 τῷ
660 1719 751 1760 ὀνείρῳ
762 1722 809 1755 τῆς

12 1763 136 1802 γυναικὸς
159 1763 287 1793 αἰνίττετο
414 1763 562 1803 ὲνύττετο]·
592 1759 625 1800 ἦν
657 1763 709 1804 γὰρ
735 1766 808 1803 αὖτῷ

13 1808 164 1845 μηνύσασα·
181 1818 196 1837 (ι
211 1807 302 1844 Μηδὲν
317 1807 358 1837 σοὶ
371 1807 417 1836 καὶ
432 1810 470 1848 τῷ
486 1808 581 1849 δικαίῳ
597 1808 691 1849 τούτῳ.
706 1822 718 1834 ι
743 1808 808 1839 Ἐπὶ

12 1858 77 1882 πᾶσι
94 1853 121 1882 δὲ
138 1852 238 1886 τούτοις
249 1875 257 1888 ,
269 1852 363 1882 σκόπει
375 1853 421 1882 καὶ
441 1852 484 1881 τὸν
496 1853 637 1891 Ἰωάννην,
654 1855 710 1887 πῶς
728 1848 807 1883 εἶπεν·

17 1909 31 1925 «ι
42 1898 118 1937 σΩρα
134 1893 166 1933 ἦν
182 1898 245 1926 ὡσεὶ
258 1897 332 1934 ἕκτη.
348 1911 359 1924 ι
377 1899 435 1927 Οὐκ
448 1892 506 1927 εἶπε
522 1898 585 1938 γὰρ,
599 1898 671 1938 Ὦρα
687 1894 719 1934 ἦν
736 1897 809 1935 ἕκτη,

13 1943 45 1975 ὡς
66 1941 295 1982 ἀποφαινόμενος,
323 1943 382 1972 ἀλλ’
405 1944 440 1975 ὡς
461 1943 634 1978 ἐπιδιστάζων
658 1943 703 1973 καὶ
727 1944 809 1982 ἀμφι-

12 1989 115 2024 γνοῶν,
148 1986 255 2017 «Ὡσεὶ
279 1987 352 2023 ἕκτη,
375 2001 386 2013 ι
418 1986 503 2017 Ὥστε
528 1988 601 2017 οὖδὲδ
630 1989 722 2018 διοίσει
747 1989 809 2027 ὑμῖν

83 2032 167 2071 ἡμῖν]
185 2031 215 2061 τὸ
238 2033 299 2071 περὶ
323 2034 371 2068 τῆς
395 2031 465 2071 ὥρας
489 2033 628 2073 φαίνεσθαι
658 2033 696 2072 μὴ
722 2034 809 2070 πάντη

14 2076 203 2116 συντρέχοντας
247 2077 370 2112 ἀλλήλοις
411 2077 471 2111 τοὺς
513 2078 721 2117 εὖαγγιλιστὰς,
756 2077 809 2107 εἴτε

70 2121 97 2150 εἴ
109 2121 159 2160 γε]
180 2121 383 2161 συγχωροίημεν
400 2117 466 2151 εἶναι
483 2123 640 2163 διαφωνίαν.
658 2124 745 2153 Τοῦτο
757 2122 808 2163 γὰρ

864 1586 1046 1620 sententiam;
1076 1586 1173 1614 deinde
1194 1594 1212 1614 a
1243 1586 1354 1614 somnio
1386 1586 1508 1614 mulieris
1531 1586 1665 1622 impulsus

864 1629 956 1658 fuerit.
973 1631 1126 1658 Nuntiabat
1147 1635 1240 1659 autem
1251 1630 1294 1658 illa
1310 1631 1347 1665 ei,
1363 1642 1375 1654 α
1396 1630 1471 1659 Nihil
1492 1631 1538 1658 tibi
1550 1634 1577 1659 et
1587 1632 1664 1668 justo

864 1674 941 1703 huic.
962 1687 975 1699 ιο
990 1676 1105 1711 Insuper
1120 1675 1265 1704 considera
1279 1679 1308 1703 et
1322 1676 1458 1703 Joannem
1473 1675 1575 1704 dixisse
1589 1675 1663 1712 quod

866 1731 878 1744 ι
900 1719 979 1747 fuerit
995 1719 1062 1747 hora
1081 1719 1168 1748 ferme
1182 1725 1270 1753 sexta,
1286 1731 1298 1744 ι
1315 1721 1392 1756 quasi
1403 1728 1459 1748 non
1473 1719 1615 1755 definiens,
1637 1724 1664 1748 et

863 1764 889 1791 in
900 1764 1028 1800 ambiguo
1043 1765 1199 1801 relinquens
1208 1764 1288 1798 dixit,
1304 1776 1317 1788 ι
1338 1763 1424 1792 ferme
1437 1769 1521 1792 sexta.
1541 1776 1554 1790 ιι
1575 1766 1611 1793 Et
1625 1765 1663 1793 ita

863 1808 931 1836 nihil
955 1809 1087 1843 intererit,
1111 1809 1185 1844 quod
1204 1809 1237 1837 dc
1253 1809 1320 1836 hora
1334 1817 1390 1836 non
1406 1809 1532 1837 videntur
1552 1817 1664 1845 prorsus

863 1853 1007 1880 convenire
1019 1853 1202 1889 evangelista},
1217 1853 1240 1880 si
1253 1852 1366 1889 quidem
1379 1852 1593 1881 concederemus
1605 1861 1664 1882 esse

863 1897 1057 1926 differentiam.
1082 1897 1151 1926 Vide
1165 1897 1237 1924 enim
1253 1897 1318 1932 hoc,
1338 1905 1405 1925 num
1422 1905 1521 1926 omnes
1543 1897 1664 1926 dixerint

861 1942 934 1978 quod
948 1942 1093 1970 crucifixus
1107 1942 1153 1970 sit.
1169 1945 1207 1970 At
1227 1941 1279 1969 hoc
1294 1942 1405 1978 quidem
1431 1942 1464 1970 ab
1479 1941 1610 1970 omnibus
1622 1946 1664 1971 est

861 1987 1038 2015 confessum:
1055 1987 1089 2015 de
1112 1987 1180 2015 hora
1197 1991 1288 2015 autem
1308 1987 1330 2014 si
1353 1986 1423 2014 alius
1444 1987 1512 2015 dicit
1527 1995 1586 2015 esse
1608 1991 1664 2015 ter-

863 2033 943 2067 tiam,
966 2032 1036 2060 alius
1051 2032 1130 2068 quasi
1150 2036 1268 2065 sextam,
1293 2030 1359 2067 quid
1380 2031 1432 2059 hoc
1447 2032 1523 2060 obest
1538 2032 1663 2060 veritati?

863 2077 1060 2105 Verumtamen
1076 2076 1135 2105 haac
1148 2077 1335 2105 demonstrata
1355 2080 1419 2104 sunt
1438 2084 1470 2104 ex
1486 2076 1662 2111 abundantia,

864 2121 936 2158 quod
958 2122 1030 2149 nulla
1051 2122 1087 2150 sit
1101 2121 1253 2150 diversitas.

16 2166 120 2202 σκόπει,
152 2167 174 2195 εἰ
195 2166 233 2204 μὴ
259 2167 354 2200 πάντες
374 2163 484 2207 Πεῖπον,
510 2167 550 2197 ὅτι
576 2167 740 2207 ἐσταυρώθη”
763 2169 787 2197 εἰ
808 2166 836 2196 δὲ
861 2170 936 2196 τοῦτο
961 2166 1009 2205 μὲν
1037 2166 1113 2206 παρὰ
1134 2166 1240 2196 πάντων
1266 2166 1452 2205 ὡμολόγηται,
1477 2166 1538 2206 περὶ
1568 2166 1595 2195 δὲ
1619 2167 1665 2202 τῆς

17 2210 100 2249 ὥραις,
118 2211 142 2239 εἰ
160 2213 173 2240 ὁ
189 2211 236 2249 μὲν
256 2212 347 2251 τρίτην
364 2206 445 2248 εἶναι,
458 2213 473 2240 ὁ
496 2212 523 2241 δὲ
549 2213 613 2242 ὡσεὶ
633 2206 712 2249 ἕκτην
727 2213 808 2253 φασὶ,
824 2211 850 2241 τί
870 2214 948 2242 τοῦτο
963 2211 1103 2251 ἐπηρεάζει
1125 2214 1159 2252 τῇ
1181 2211 1310 2251 ἀληθείῃ
1338 2210 1414 2247 Πλὴν
1443 2211 1511 2240 ἀλλὰ
1535 2211 1664 2241 δέδεικται

15 2253 41 2282 ἐκ
55 2255 227 2294 περιουσίας,
240 2253 281 2283 ὅτι
293 2255 353 2284 οὐδὲ
370 2255 598 2295 διαφωνία-ἐστίν.

53 2313 63 2324 ι
80 2299 136 2328 Καὶ
152 2298 224 2337 λέγει
239 2300 293 2333 τοῖς
310 2299 457 2341 Ἰουδαίοις·
473 2299 529 2330 Ίδι
544 2303 558 2330 6
574 2301 701 2341 βασιλεὺς
722 2304 807 2341 ὑμῶν.

904 2311 992 2338 Vnns.
1014 2312 1104 2338 14-18.
1121 2321 1132 2333 ι
1150 2311 1183 2337 Et
1197 2309 1264 2338 dicit
1275 2308 1380 2338 Judmis
1397 2318 1402 2336 :
1419 2310 1489 2337 Ecce
1503 2317 1550 2337 rex
1566 2313 1663 2338 vester.

17 2344 46 2371 Οἱ
71 2344 100 2372 δὲ
125 2344 305 2382 ἐκραύγασαν·
325 2339 420 2384 Ἆρον,
447 2340 526 2385 ἆρον,
550 2346 702 2385 σταύρωσον
719 2346 810 2378 αὐτόν.

18 2387 91 2427 Λέγει
108 2388 199 2421 αὐτοῖς
223 2390 237 2418 6
260 2389 385 2423 Πιλάτος·
411 2391 464 2420 Τὸν
493 2391 607 2430 βασιλέα
628 2393 702 2430 ὑμῶν
728 2404 810 2421 σταυ-

18 2433 103 2470 ρώσω;
132 2432 325 2474 Ἀπεκρίθησαν
343 2436 366 2464 οἱ
384 2437 524 2475 ἀρχιερεῖς·
547 2438 607 2466 Οὐκ
636 2436 733 2476 ἔχομεν
760 2439 810 2476 βα-

18 2478 102 2514 σιλέα,
127 2479 153 2507 εἰ
177 2478 216 2516 μὴ
236 2478 374 2519 Καίσαρα.
401 2480 470 2510 Τότε
494 2475 538 2510 οὖν
565 2475 716 2522 παρέδωκεν
733 2475 811 2511 αὖτὸν

19 2522 116 2558 αὐτοῖς,
133 2521 179 2551 ἶνα
204 2526 355 2564 σταυρωθῇ.
381 2524 539 2564 Παρέλαϐον
559 2521 603 2556 οἷν
631 2527 675 2555 τὸν
693 2526 813 2564 Ἰησοῦν,

19 2567 57 2596 καὶ
81 2567 186 2607 ἤγαγον
207 2568 287 2597 αὐτὸν
308 2570 344 2603 εἰς
360 2570 390 2599 τὸ
411 2572 580 2610 σταυρῶσαι,
603 2572 648 2601 καὶ
673 2571 813 2611 βαστάζων

19 2610 56 2656 τὸν
81 2613 197 2652 σταυρὸν
222 2614 318 2650 αὑτοῦ,
350 2613 455 2650 ἐξῆλθεν
481 2616 518 2649 εἰς
546 2616 641 2654 τόπον,
670 2610 812 2656 λεγόμενον

23 2655 133 2694 Κρανίου
151 2657 232 2687 τόπον
244 2680 252 2695 ,
276 2658 302 2692 ὃς
322 2658 429 2698 λέγεται
441 2659 585 2700 Ἐϐραϊστὶ
599 2661 726 2700 Γολγοθᾶ·
747 2661 813 2691 ὅπου

23 2700 92 2730 αὐτὸν
111 2702 282 2741 ἐσταύρωσαν
295 2725 304 2742 ,
327 2704 372 2733 καὶ
388 2705 446 2742 μετ’
462 2705 541 2733 αὐτοῦ
554 2704 651 2739 ἄλλους
663 2705 709 2734 δύο
725 2706 811 2735 ἐντεῦ-

23 2746 56 2773 ῗεν
73 2746 119 2775 καὶ
135 2747 275 2784 ἐντεῦθεν,
292 2747 373 2786 μέσον
396 2748 424 2778 δὲ
443 2748 488 2778 τὸν
502 2748 618 2784 Ἰησοῦν.
635 2761 650 2779 ι)
679 2751 815 2784 Πολλάκις

24 2790 143 2835 εἴπομεν,
171 2793 206 2825 ὡς
229 2792 356 2833 ἄνανδρος
383 2795 484 2832 μᾶλλον
511 2795 556 2824 καὶ
571 2795 701 2835 ψοφοδεὴς
725 2797 739 2824 ὁ
764 2797 815 2825 Πι-

23 2832 91 2870 ~lite;
105 2859 114 2876 ,
130 2835 148 2872 ἢ
165 2832 319 2875 κακοήθης(
344 2837 420 2879 Ὅρα
441 2841 503 2880 γοῦν
514 2861 524 2878 ,
544 2832 589 2870 καὶ
604 2832 648 2870 νῦν
664 2842 759 2881 σχῆμα
775 2840 814 2875 ἐξ·

867 2353 908 2382 llli
920 2358 1015 2382 autem
1029 2353 1196 2388 clamabant,
1205 2354 1293 2388 Tolle,
1304 2354 1380 2387 tolle,
1393 2353 1520 2389 crucifige
1531 2361 1606 2382 eum.
1619 2354 1664 2382 Di.

866 2399 902 2427 cit
908 2399 946 2426 eis
955 2399 1056 2427 Pilatus
1065 2409 1071 2426 :
1082 2400 1186 2435 Regem
1195 2403 1316 2426 vestrum
1322 2398 1500 2434 crucifigami’
1508 2398 1666 2434 Responde-

866 2447 932 2471 runt
942 2443 1085 2480 pontilices
1097 2453 1103 2470 :
1118 2444 1179 2471 Non
1192 2443 1324 2471 habemus
1336 2451 1443 2480 regem,
1458 2443 1509 2471 nisi
1519 2444 1665 2472 Caesarem.

866 2489 943 2516 Tunc
956 2496 1020 2524 ergo
1036 2488 1149 2517 tradidit
1160 2495 1223 2516 eum
1234 2488 1300 2522 illis,
1311 2493 1342 2516 ut
1352 2488 1566 2524 cruciﬁgeretur.
1579 2491 1664 2516 Acce-

868 2537 969 2569 perunt
982 2537 1076 2561 autem
1096 2533 1201 2565 Iesum,
1224 2537 1252 2560 et
1266 2532 1439 2561 adduxerunt
1452 2541 1515 2561 eum
1529 2536 1560 2560 ut
1576 2533 1664 2561 cruci-

867 2577 982 2614 ﬁgerent
1000 2587 1006 2606 :
1029 2582 1112 2614 atque
1131 2578 1153 2606 is
1172 2578 1298 2614 bajulans
1309 2586 1419 2606 crucem
1433 2585 1524 2612 suam,
1545 2577 1627 2605 exivit
1638 2577 1668 2605 in

868 2631 943 2656 eum,
966 2623 1011 2659 qui
1025 2622 1127 2651 dicitur
1140 2622 1282 2657 Calvariw,
1303 2623 1406 2657 locum,
1423 2623 1557 2650 Hebraice
1574 2626 1668 2650 autem

869 2667 1003 2704 Golgotha
1020 2676 1027 2695 :
1048 2667 1095 2696 ubi
1111 2667 1307 2696 cruciﬁxerunt
1323 2675 1399 2702 eum,
1420 2671 1449 2695 et
1462 2675 1526 2695 cum
1540 2675 1572 2695 eo
1587 2666 1666 2698 alios,

869 2711 938 2739 duos
955 2711 1020 2740 hinc
1041 2716 1068 2740 et
1082 2712 1157 2746 hinc,
1175 2712 1297 2740 medium
1318 2716 1410 2740 autem
1425 2712 1533 2738 Jesum.
1554 2722 1566 2734 υ
1591 2711 1669 2746 Saepe

871 2756 991 2784 diximus
1006 2756 1079 2792 quod
1092 2757 1196 2785 Pilatus
1215 2758 1303 2792 magis
1315 2755 1395 2784 fuerit
1408 2755 1500 2783 mollis
1511 2759 1538 2782 et
1552 2755 1669 2782 meticu-

871 2800 955 2835 losus,
983 2809 1065 2837 quam
1086 2801 1190 2837 asperis
1211 2800 1344 2829 moribus.
1369 2799 1436 2829 Vide
1457 2799 1528 2827 enim
1551 2803 1578 2827 et
1599 2807 1670 2827 nunc

870 2845 943 2881 quod
959 2845 1048 2874 forma
1071 2846 1185 2882 quidem
1208 2845 1339 2874 examinis
1353 2849 1381 2873 et
1392 2844 1489 2881 judicii
1510 2844 1605 2878 utitur,
1623 2843 1671 2873 sed
