1927 3076
276 198 322 224 271

768 187 1026 221 THEOPHYLACTI
1045 192 1221 221 BULGARl/E
1240 187 1397 220 ARCHlEP.
1860 191 1897 218 272

277 259 391 287 omnino
408 257 528 286 molliter
542 264 602 285 rem
616 256 678 292 agit.
695 267 708 280 α
725 257 795 284 Ecce
811 256 897 290 enim,
913 255 1008 292 inquit,
1025 263 1071 283 rex

1128 256 1240 289 ετοίσεως
1260 255 1306 284 καὶ
1325 253 1461 293 κριτηρίου
1479 253 1634 294 περιτίθησι
1648 254 1686 293 τῷ
1700 253 1848 294 πράγματι,
1862 265 1899 290 μι-

276 307 375 332 vester.
396 314 408 327 ν
425 304 520 338 Neque
534 301 607 329 enim
617 302 711 329 Jesum
731 300 905 334 condemnat,
921 308 1009 336 neque
1026 301 1073 328 Ju-

274 347 350 376 daeos
368 346 514 375 manifeste
536 346 669 379 confutat,
691 345 740 374 sed
764 346 841 381 quasi
855 345 960 373 occulte
978 353 1075 380 expro-

276 392 337 420 brat
350 392 390 420 eis
412 396 442 420 ut
462 391 635 428 sycophantis
653 400 659 418 :
675 390 752 426 quasi
774 390 857 424 dicat,
874 391 943 417 Ecce
965 390 1075 426 qualem

275 436 419 464 hominem
437 436 526 464 dicitis
545 440 693 464 attentasse
709 435 836 463 invadere
850 443 974 471 regnum,
992 435 1075 462 vilem

275 481 387 514 scilicet,
403 485 430 509 et
441 481 509 509 nihil
524 481 578 508 tale
594 484 731 508 attentare
751 480 895 508 audentem
914 489 920 507 :
937 483 965 507 et
979 479 1016 507 ita
1029 487 1075 507 ac-

276 526 380 554 Cusatio
394 530 483 554 vestra
506 525 573 553 falsa
595 529 645 553 est.
666 524 740 560 Quid
754 525 829 553 enim
848 524 931 552 habet
943 524 988 552 ille
1003 523 1076 560 quod

276 570 405 606 tyranni?
424 578 490 598 num
507 570 619 604 milites,
639 570 756 603 divitias,
775 569 965 597 nobilitatem?
981 581 994 594 ιι
1008 570 1077 596 Ecce

276 623 324 643 rex
340 619 450 643 vester:
475 627 488 638 π
512 623 574 651 quae
594 614 700 642 utilitas
714 614 735 642 si
753 614 828 642 hunc
845 614 1010 648 occideritis,
1030 613 1076 649 qui

276 659 420 687 hominem
433 667 468 687 ne
489 659 519 687 in
531 659 646 687 minimo
660 659 773 695 quidem
790 667 891 687 nocere
908 659 1028 694 poterit?
1043 660 1079 686 Et

275 703 335 732 haec
355 704 466 740 quidem
484 704 588 733 Pilatus
612 712 669 732 non
697 704 830 732 instanter
847 708 875 731 et
888 703 969 731 ﬁrme
990 707 1018 731 et
1029 710 1077 739 pro

276 748 390 777 veritate
404 753 521 777 certans.
538 750 575 776 At
591 748 628 776 illi
645 758 651 776 :
675 760 687 774 σ
705 749 794 782 Tolle,
812 749 888 782 tolle,
908 747 1046 784 cruciﬁge,
1064 759 1076 771 υ

275 792 413 829 inquiunt.
427 795 537 829 Urgent
548 797 575 821 et
590 798 718 829 quaerunt
727 801 846 828 crucem,
860 797 891 821 ut
907 793 1008 821 malam
1020 792 1078 828 Opi-

275 837 390 866 nionem
402 842 429 866 et
445 838 548 866 famam
559 842 671 866 assuant
680 838 797 866 Christo.
813 837 1076 874 Ignominiosissima

275 883 351 910 enim
371 882 455 918 750
475 885 533 911 erat
554 891 630 911 mors
651 883 738 911 crucis
758 887 785 911 et
807 882 952 910 maledicta
978 891 985 910 :
1007 881 1077 910 sicut

1129 301 1217 334 λακῶς
1234 299 1260 329 δὲ
1274 299 1304 329 τὸ
1321 298 1383 328 ὅλον
1400 298 1625 339 μεταχειρίζεται.
1643 312 1655 325 α
1671 295 1729 328 Ἴδε
1740 297 1805 338 γὰρ,
1823 298 1899 338 φησὶν,

1128 347 1142 374 6
1158 344 1281 384 βασιλεὺς
1306 345 1391 383 ὑμῶν.
1413 357 1425 370 ι
1450 343 1522 373 Οὔτε
1537 344 1588 383 γὰρ
1612 343 1655 372 τὸν
1672 342 1780 379 Ἰησοῦν
1795 342 1900 381 κατακρί-

1128 401 1184 428 νει,
1200 391 1260 419 οὔτε
1285 389 1344 422 τοὺς
1365 388 1508 421 Ἰουδαίους
1530 388 1692 424 ἐπιστομίζει
1717 390 1838 428 φανερῶς·
1858 387 1898 416 ἀλλ’

1129 429 1181 463 οἷον
1207 433 1441 474 ἔπικεκρυμμένως
1467 433 1599 467 ὀνειδίζων
1624 433 1711 466 αὐτοῖς
1738 435 1773 466 ὡς
1789 444 1899 472 cuman-

1129 481 1221 518 τοῖσι,
1235 480 1323 520 φησίν·
1341 477 1396 507 Ἴδε
1411 482 1485 508 ποῖον
1505 477 1641 518 ἄνθρωπον
1657 477 1766 516 λέγετε,
1784 477 1822 507 ὅτι
1843 479 1897 515 βατι-

1130 523 1231 553 λεύσειν
1247 523 1379 564 ἐπεχείρει
1400 524 1478 559 ὑμῖν,
1496 523 1589 558 εὐτελῆ
1609 522 1732 558 δηλαδὴ,
1756 523 1801 552 καὶ
1822 522 1863 551 οὐχ
1878 521 1897 549 ἂι

1130 568 1255 602 τοιούτοις
1280 569 1495 608 ἐπιχειρήσοντα-
1521 566 1590 596 ὥστε
1605 567 1702 607 ψευδὴς
1721 569 1739 602 ἡ
1762 566 1898 605 κατηγορία.

1131 613 1168 643 Τί
1180 613 1231 653 γὰρ
1247 613 1303 653 ἔχει
1322 613 1449 652 τυράννου
1472 608 1564 651 οὗτος,
1587 612 1773 652 depending;
1793 612 1898 646 πλοῦτον;

1131 658 1279 696 εὐγένειαν;
1304 671 1316 684 σ
1330 656 1385 688 Ἴδε
1410 659 1424 686 6
1441 656 1565 697 βασιλεὺς
1589 658 1675 694 ὑμῶν.
1695 670 1707 683 ι
1722 657 1760 687 Τί
1782 656 1811 685 τὸ
1834 655 1899 694 κέρδος

1132 702 1176 732 ἐὰν
1192 705 1283 732 τοῦτον
1301 702 1474 737 ἀποκτείνητε
1484 724 1492 738 ,
1507 701 1646 741 ἄνθρωπον
1659 701 1728 739 μηδὲ
1742 700 1776 730 τὰ
1795 701 1899 740 ἐλάχιστα

1132 747 1276 785 δυνάμενον
1302 748 1417 787 βλάψας
1443 749 1535 775 Ταῦτα
1557 747 1604 784 μὲν
1629 746 1795 783 ὁΠιλοὶτος,
1818 746 1843 774 οὐ
1863 743 1898 781 μὴν

1132 793 1289 826 ἐνστατικῶς
1303 792 1349 821 καὶ
1365 791 1478 831 βεϐαίως
1490 815 1499 830 ,
1515 791 1561 820 καὶ
1573 792 1608 825 ὡς
1630 790 1695 831 ὑπὲρ
1718 790 1838 827 ἀληθείας
1848 790 1898 827 ἆγωι

1129 836 1272 874 νιζόμενος.
1289 838 1324 867 Οἱ
1344 836 1388 874 δὲ,
1399 850 1411 864 ι
1427 832 1504 876 ’Ἆρον
1516 859 1523 872 ,
1540 831 1618 876 ἆρον,
1637 835 1807 876 σταύρωσον,
1821 848 1832 860 ι
1843 832 1897 874 encl-

1136 882 1328 920 Κατεπείγουσι
1343 881 1389 910 καὶ
1404 883 1511 917 ζητοῦσι
1529 880 1573 910 τὸν
1597 881 1724 920 σταυρὸν,
1738 880 1781 909 διὰ
1796 879 1823 909 τὸ
1836 890 1897 913 πονη-

275 915 386 955 dictuni
398 915 449 955 est
460 937 467 955 :
495 939 507 952 α
522 927 684 956 Maledictns
698 928 788 956 omnis
811 927 856 963 qui
878 927 980 963 pendet
992 928 1022 955 in
1040 927 1071 955 li.

1134 925 1181 966 ρὰν
1196 915 1272 960 δόξαν
1298 915 1436 966 βούλεσθαι
1462 925 1609 966 προσάψειν
1635 915 1673 966 τῷ
1697 915 1815 966 Χριστῷ.
1848 923 1898 951 Ἐπ-

273 978 329 1007 gno
341 971 360 999 ⁷.
378 981 392 998 ν
416 972 596 1000 Nesciverunt
609 976 703 1000 autem
720 972 795 1009 quod
814 972 886 999 sicut
905 980 953 1008 per
968 971 1073 1008 lignum

275 1015 366 1050 ruina,
380 1016 416 1044 ita
435 1024 484 1052 per
499 1016 604 1053 lignum
622 1017 767 1045 correctio.
786 1017 902 1053 Insuper
923 1017 984 1045 vide
1007 1025 1076 1053 quo-

275 1060 358 1089 modo
376 1061 458 1089 alium
470 1069 562 1097 regem
582 1065 680 1098 praeter
690 1063 826 1090 Caesarem
840 1069 896 1089 non
912 1066 1074 1098 agnoscunt,

274 1105 426 1134 voluntarie
440 1113 469 1134 se
486 1106 679 1134 Romanorum
699 1106 815 1142 imperio
837 1106 1025 1142 subjicientes,
1048 1111 1075 1135 et

275 1150 325 1177 Dei
338 1158 454 1186 regnum
472 1151 644 1186 repellentes.
663 1151 730 1179 Ideo
747 1154 775 1178 et
790 1152 866 1178 Deus
881 1158 929 1179 eos
942 1152 1076 1179 Romanis

273 1194 395 1229 tradidit,
411 1203 480 1230 quos
492 1195 544 1223 sibi
555 1203 632 1231 reges
644 1195 809 1229 asciverant,
824 1195 970 1224 destitutos
984 1195 1075 1224 divino

273 1239 401 1275 praesidio
411 1243 438 1268 et
454 1248 530 1268 cura.
552 1251 565 1264 «
578 1241 656 1268 Tunc
669 1240 754 1276 igitur
770 1239 882 1268 tradidit
894 1240 974 1268 illum
992 1240 1041 1274 eis,
1060 1252 1073 1265 ιι

272 1284 412 1320 insipiens.
447 1284 597 1320 Oportebat
624 1289 718 1313 autem
745 1285 882 1321 inquirere
917 1292 985 1313 num
1014 1293 1075 1313 vere

271 1328 412 1357 habuisset
424 1329 577 1365 potentiam
592 1329 626 1357 ad
641 1329 826 1358 invadendam
837 1329 1021 1365 tyrannidem.
1038 1332 1075 1358 At

270 1372 316 1401 ille
330 1373 402 1402 cedit
417 1373 596 1410 improvidus,
610 1373 820 1410 effeminateque
839 1374 1004 1402 sententiam
1016 1374 1072 1402 dat.

274 1427 289 1444 «
303 1418 416 1446 Portans
430 1423 524 1446 autem
542 1425 652 1446 crucem
670 1425 748 1446 suam
766 1430 778 1442 ι»
793 1418 939 1455 egreditur.
959 1419 1074 1447 Abomi-

271 1462 361 1491 nabile
380 1463 456 1491 enim
474 1462 609 1499 putabant
619 1463 734 1490 omnino
747 1463 787 1490 vel
807 1463 913 1499 lignum
927 1463 1075 1500 attingere,

1127 971 1332 1004 ονειδιστότατος
1341 971 1393 1010 γὰρ
1410 967 1483 1004 οὗτος
1499 972 1512 999 6
1530 971 1642 1004 θάνατος
1661 969 1707 999 καὶ
1724 969 1897 1008 ἑπικατάρατθξ·

1131 1014 1199 1044 καθὰ
1228 1015 1340 1055 εἴρηταν
1364 1029 1376 1042 κ
1406 1014 1620 1055 Ἐπικατάρατος
1644 1019 1696 1048 πᾶς
1724 1016 1738 1044 6
1763 1013 1898 1054 κρεμάμενος

1131 1059 1174 1089 ἐπὶ
1190 1059 1276 1094 ξύλου.
1291 1074 1302 1085 ›ι
1318 1061 1377 1090 Οὖκ
1388 1059 1497 1100 ᾔδεισαν
1513 1059 1539 1089 δὲ
1549 1082 1556 1096 ,
1573 1059 1613 1089 ὅτι
1625 1059 1718 1099 ὥσπερ
1734 1059 1776 1088 διὰ
1789 1061 1831 1088 τοῦ
1843 1057 1898 1091 ξύλου

1129 1106 1146 1140 ἡ
1162 1107 1275 1141 πτῶσις,
1304 1104 1373 1134 οὕτω
1395 1099 1440 1134 διὰ
1466 1104 1542 1138 ξύλου
1566 1107 1583 1141 ἡ
1612 1104 1768 1145 ἆνόρθωσις.
1790 1103 1856 1143 Ὅρα
1869 1099 1898 1145 δὲ)

1130 1150 1185 1183 πῶς
1201 1149 1280 1179 ἄλλον
1298 1149 1410 1189 βασιλέα
1433 1151 1536 1182 ἑαυτοῖς
1556 1150 1604 1179 οὐκ
1629 1149 1832 1189 ἐπιγράφονται,
1844 1147 1862 1176 εἷ
1874 1144 1898 1183 μὴ

1131 1194 1276 1234 Καίσαρα,
1302 1195 1403 1228 ἑκόντες
1429 1194 1537 1227 ἑαυτοὺς
1575 1193 1771 1228 ὓποεῗοίλλοντες
1847 1191 1898 1221 Ῥω·

1130 1241 1215 1279 μαῖκῇ
1242 1239 1400 1280 δυναστείᾳ,
1425 1238 1471 1268 καὶ
1497 1238 1683 1278 ἀποσειόμενοι
1706 1239 1757 1274 τὴν
1782 1240 1827 1268 τοῦ
1847 1237 1898 1267 Θεοῧ

1131 1283 1278 1323 βασιλείαν.
1299 1283 1347 1313 Διὸ
1371 1283 1417 1313 καὶ
1442 1284 1456 1312 6
1479 1283 1547 1316 Θεὸς
1571 1282 1666 1317 αὐτοὺς
1681 1283 1826 1322 Ῥωμαίοις
1847 1291 1899 1319 παρ-

1129 1328 1244 1368 έδωκεν,
1262 1328 1304 1362 οὓς
1326 1328 1522 1358 ἐπεκαλέσαντο
1538 1329 1656 1366 βασιλεῖς
1672 1329 1714 1358 ἔπ’
1730 1329 1814 1358 αὐτῶν
1826 1349 1833 1363 ,
1850 1327 1899 1355 ἄπ’)-

1130 1373 1238 1406 στοίντες
1266 1374 1312 1408 τῆς
1338 1375 1385 1402 τοῦ
1417 1374 1489 1403 Θεοῦ
1517 1372 1641 1413 προνοίας
1674 1373 1724 1402 καὶ
1758 1370 1897 1402 ἔπιστασίαςυ

1129 1430 1142 1443 σι
1157 1418 1227 1447 Τότε
1239 1413 1283 1447 οὖν
1298 1417 1452 1458 παρέδωκεν
1466 1417 1543 1447 αὐτὸν
1559 1418 1647 1452 αὐτοῖς
1667 1417 1729 1458 (42)
1747 1432 1758 1445 υ
1773 1419 1787 1446 6
1799 1417 1896 1451 ἀνόητῡς-

1129 1462 1194 1492 Δέον
1210 1462 1346 1501 ἐξετάσαι,
1373 1464 1394 1492 εἷ
1426 1464 1530 1499 ἀληθῶς
1553 1462 1666 1501 δύναμιν
1688 1458 1761 1503 εἶχεν
1790 1460 1898 1492 ἐπιθέσθαι

271 1511 300 1535 et
317 1511 461 1543 propterea
479 1506 666 1535 condemnato
684 1511 711 1535 et
727 1507 874 1536 maledicto
892 1508 1071 1536 maledictum

1128 1508 1276 1546 τυραννίδι,
1304 1508 1318 1535 6
1342 1507 1369 1537 δὲ
1390 1507 1512 1536 ἐνδίδωσι
1537 1506 1582 1537 καὶ
1609 1506 1769 1545 ὖποϐαίνει,
1802 1506 1899 1543 ἀτόλμως

272 1551 378 1587 lignum
388 1552 545 1587 imponunt.
561 1551 630 1580 Vide
640 1556 733 1580 autem
749 1556 777 1580 et
787 1552 815 1580 in
826 1553 912 1580 veteri
922 1557 986 1589 typo
1001 1561 1070 1589 quo-

272 1596 338 1624 dam
349 1595 401 1624 hoc
419 1595 535 1624 factum.
556 1598 632 1624 Isaac
652 1596 726 1624 enim
741 1601 769 1624 et
779 1597 832 1625 illic
851 1597 922 1633 ligna
938 1597 949 1614 ⁸
961 1602 1074 1634 portans

275 1640 351 1668 vadit
363 1644 394 1668 ut
403 1640 573 1669 immoletur.
590 1642 630 1669 Ita
644 1645 671 1669 et
680 1641 733 1669 hoc
750 1641 809 1669 loco
821 1642 956 1671 Dominus
962 1650 1073 1671 crucem

275 1684 379 1713 habens
394 1684 478 1719 vadit,
491 1685 566 1721 quasi
579 1685 656 1713 miles
670 1692 746 1714 arma
763 1687 840 1722 gerit,
861 1687 960 1723 quibus
975 1687 1074 1716 adver-

273 1729 377 1757 sarium
391 1733 553 1765 prosternat.
569 1729 651 1765 Quod
668 1734 759 1758 autem
774 1732 850 1759 Isaac
866 1731 953 1768 ﬁgura
967 1732 1002 1759 sit
1017 1733 1073 1760 Do-

272 1774 352 1808 mini,
370 1773 560 1802 manifestum.
580 1776 656 1803 Isaac
681 1775 755 1803 enim
780 1775 977 1812 interpretatur
1000 1778 1075 1805 risus

273 1819 315 1846 vel
331 1819 473 1854 gaudium.
497 1819 564 1857 Quis
590 1824 684 1848 autem
704 1820 771 1848 alius
793 1821 924 1857 gaudium
947 1825 1073 1850 nostrum

273 1862 361 1891 factus
387 1868 439 1898 est,
470 1872 554 1900 quam
572 1864 596 1893 is
624 1865 670 1901 qui
693 1865 722 1892 in
741 1865 921 1902 conceptione
944 1866 1074 1895 humanae

272 1913 377 1937 naturae
390 1916 438 1946 per
452 1909 578 1945 angelum
592 1909 678 1945 Χαῖρε,
693 1909 745 1938 hoc
760 1914 811 1944 est,
829 1911 928 1946 gaude,
945 1919 1074 1939 commu-

272 1953 387 1981 nicavit?
398 1955 467 1990 Quae
484 1954 562 1982 enim
579 1955 663 1990 Virgo
679 1954 784 1982 audivit
808 1954 870 1983 lauta
888 1956 993 1990 nuntia,
1011 1964 1072 1984 om-

272 1998 315 2026 nis
328 2003 426 2026 natura
437 1999 568 2034 suscepit.
579 1999 671 2034 Hujus
682 1999 760 2026 Isaac
775 2003 853 2034 pater
865 2003 907 2028 est
916 2000 1072 2035 Abraham;

273 2047 350 2078 pater
361 2043 515 2070 multarum
528 2043 663 2078 gentium,
679 2043 726 2078 qui
736 2048 777 2071 est
788 2045 862 2071 Deus
876 2052 959 2080 super
969 2045 1071 2080 omnia,

273 2091 301 2114 et
314 2087 360 2122 qui
368 2086 532 2115 Judmorum
549 2091 592 2114 est
602 2088 684 2114 Pater
692 2091 720 2114 et
731 2087 866 2123 gentium,
885 2089 963 2126 cujus
973 2090 1070 2118 volun-

272 2135 328 2159 tate
348 2135 378 2159 et
396 2131 508 2160 consilio
533 2139 644 2160 crucem
665 2131 751 2160 Filius
764 2132 822 2168 ejus
837 2138 936 2169 portat.
951 2136 1070 2163 Verum-

1127 1552 1173 1580 καὶ
1184 1551 1318 1591 ἀνάνδρως
1334 1551 1381 1587 τὴν
1393 1551 1478 1592 κρίσιν
1495 1552 1762 1592 μεταχειρισάμενος.
1789 1566 1800 1578 α
1813 1548 1899 1581 Βαστά-

1128 1597 1179 1630 ζων
1191 1596 1218 1625 δὲ
1234 1596 1277 1626 τὸν
1299 1596 1412 1637 σταυρὸν
1427 1598 1508 1626 αὑτοῦ
1520 1619 1528 1633 ,
1544 1610 1556 1623 ι
1578 1596 1726 1636 ἐξέρχεται.
1744 1596 1798 1627 Καὶ
1814 1595 1858 1636 γὰρ
1868 1593 1899 1623 καὶ

1130 1640 1157 1669 τὸ
1179 1641 1297 1681 ἅψασθαι
1322 1642 1389 1674 ὅλως
1411 1643 1458 1670 τοῦ
1483 1641 1558 1676 ξύλου
1590 1642 1806 1682 ἀπηγορευμένον
1827 1639 1899 1681 dicunt

1127 1684 1170 1714 διὰ
1199 1688 1275 1715 τοῦτο
1298 1687 1369 1726 αὐτῷ
1394 1687 1432 1726 τῷ
1459 1685 1610 1726 κατακρίτῳ
1636 1686 1683 1715 καὶ
1716 1686 1854 1727 καταράτῳ
1880 1681 1900 1711 τὸ

1127 1731 1311 1770 κατηραμένον
1339 1729 1414 1765 ξύλον
1431 1731 1649 1772 ἐπιφορτίζουσιν.
1673 1730 1751 1771 ’Όρα
1775 1732 1801 1761 δὲ
1823 1729 1863 1759 καὶ
1882 1726 1899 1756 iv

1127 1787 1165 1814 τῳ
1193 1775 1262 1805 κατὰ
1285 1775 1333 1810 τὴν
1359 1775 1477 1805 παλαιὰν
1501 1775 1619 1805 τύπωσιν
1644 1778 1723 1805 τοῦτο
1752 1775 1898 1813 τελούμενον.

1129 1819 1185 1849 Καὶ
1210 1819 1260 1861 γὰρ
1283 1821 1361 1849 κάκεῖ
1380 1822 1394 1849 6
1409 1820 1504 1850 Ἰσαὰκ
1516 1819 1551 1849 τὰ
1566 1820 1631 1854 ξύλα
1656 1821 1815 1860 βαστάζων,
1833 1818 1901 1855 air/,9-

1127 1875 1190 1904 χετο
1204 1866 1240 1898 εἷς
1261 1865 1291 1894 τὸ
1313 1867 1456 1906 σφαγῆναι·
1481 1865 1550 1895 οὕτω
1574 1868 1709 1906 κάνταῦθα
1726 1868 1741 1895 6
1761 1865 1851 1905 Κύριος
1869 1862 1900 1891 τὸν

1127 1909 1240 1949 σταυρὸν
1268 1905 1341 1949 ἔχων
1363 1909 1472 1946 ἄπεισι,
1499 1909 1544 1939 καὶ
1571 1905 1614 1938 οἶά
1640 1921 1679 1944 τις
1705 1909 1861 1950 στρατιώτης
1881 1907 1902 1935 τὸ

1127 1953 1221 1990 ὅπλον,
1238 1955 1296 1992 μεθ’
1320 1949 1349 1983 οἷ
1375 1954 1542 1983 καταϐάλλει
1567 1954 1612 1983 τὸν
1638 1953 1901 1995 ἀντιστρατευόμενον,

1127 1997 1209 2038 φέρει.
1221 1997 1286 2027 Ὅτι
1301 1997 1329 2027 δὲ
1342 1997 1423 2032 τύπος
1433 2001 1447 2028 6
1458 1998 1556 2030 Ἰσαὰκ
1568 2002 1614 2029 τοῦ
1627 2001 1710 2039 Θεοῦ,
1729 2000 1815 2034 δῆλον.
1827 1996 1901 2028 Ἰσαὰκ

1127 2042 1300 2082 ἑρμηνεύεται
1320 2056 1332 2070 α
1348 2042 1445 2082 γέλως,
1462 2057 1474 2070 ιι
1491 2044 1551 2079 ἤτοι
1572 2057 1584 2070 α
1600 2044 1683 2084 χαρά.
1703 2055 1719 2073 1)
1743 2046 1790 2077 Τίς
1802 2040 1844 2073 οὖν
1862 2040 1902 2070 ἄλ-

1126 2088 1169 2120 λος
1182 2087 1254 2127 χαρὰ
1270 2088 1345 2125 ἡμῶν
1363 2087 1485 2127 γέγονεν,
1508 2089 1531 2118 εἰ
1547 2088 1584 2127 μὴ
1608 2091 1622 2118 6
1637 2090 1663 2118 ἐν
1679 2091 1712 2128 τῇ
1733 2088 1857 2128 συλλήψει
1869 2085 1901 2114 εὗ-

1125 2131 1167 2165 θὺς
1178 2131 1220 2167 τὸ,
1237 2146 1248 2157 α
1259 2133 1355 2172 Χαῖρε,
1368 2146 1380 2158 ι
1395 2132 1437 2162 διὰ
1449 2136 1494 2162 τοῦ
1508 2134 1620 2173 ἀγγέλου
1633 2136 1666 2174 τῇ
1681 2133 1830 2174 ἀνθρωπίνῃ
1843 2130 1902 2171 φύσει

272 2180 366 2204 tamen
379 2176 407 2204 in
429 2175 524 2210 veteri,
534 2176 563 2204 in
580 2176 637 2204 sola
647 2177 791 2205 voluntate
801 2178 891 2207 Patris
900 2186 943 2207 res
958 2179 1048 2207 stabat
1063 2191 1068 2209 :

1128 2176 1305 2214 διαδεδωκώς;
1331 2176 1362 2206 Ἃ
1387 2177 1437 2216 γὰρ
1463 2180 1479 2214 ἡ
1500 2180 1634 2218 Παρθένος
1648 2178 1744 2214 ἤκουεν
1773 2177 1902 2216 εὐαγγέλια»

274 2220 360 2257 ﬁgura
372 2221 446 2248 enim
457 2225 515 2248 erat
533 2229 540 2248 :
555 2221 607 2249 hoc
623 2225 715 2250 autem
726 2222 786 2251 loco
800 2230 882 2259 opere
897 2224 1050 2260 completur
1063 2233 1071 2252 :

276 2265 375 2293 veritas
385 2265 459 2293 enim
480 2270 546 2293 erat.
561 2266 695 2295 Fortassis
712 2267 785 2295 sicut
801 2268 857 2296 illic
878 2270 952 2296 Isaac
973 2267 1072 2296 dimis~

275 2318 320 2338 sus
338 2315 390 2344 est,
408 2314 436 2338 et
454 2319 540 2347 agnus
551 2311 711 2340 immolatus
727 2317 779 2347 est,
797 2312 833 2341 ita
848 2317 873 2340 et
890 2313 943 2341 hoc
957 2313 1017 2341 loco
1032 2313 1073 2342 di-

273 2355 339 2383 vina
365 2359 462 2383 natura
490 2355 665 2392 impassibilis
690 2358 802 2392 mansit,
835 2358 955 2386 humana
980 2362 1072 2386 autem

271 2404 381 2435 natura,
401 2407 463 2437 quae
485 2405 512 2428 et
529 2404 625 2438 Agnus
649 2401 761 2437 dicitur,
777 2402 840 2438 quia
862 2401 931 2430 Δάαι
949 2403 1072 2432 erratica

271 2445 332 2473 ovis
346 2445 431 2479 ﬁlius,
444 2445 613 2474 immolatur.
630 2446 778 2481 Quomodo
795 2450 887 2474 autem
899 2447 968 2475 alius
984 2449 1071 2476 Evan-

270 2490 363 2526 gelista
386 2489 452 2518 dicit
480 2491 553 2527 quod
571 2503 584 2516 ι
607 2491 751 2519 Simonem
765 2491 928 2527 compulerit
945 2496 976 2520 ut
987 2491 1071 2521 ferret

270 2536 398 2564 crucem?
430 2547 444 2561 ν
473 2536 599 2572 Utraque
625 2535 809 2571 contigerunt,
838 2536 907 2564 etin
935 2537 1067 2574 principio

270 2580 384 2616 quidem
404 2580 541 2609 Dominus
561 2581 618 2615 ipse
636 2588 749 2608 crucem
767 2588 863 2617 gerens
886 2581 981 2618 exivit,
1004 2583 1068 2619 quia

268 2624 372 2661 lignum
396 2625 516 2653 maxime
538 2624 721 2653 abominabile
747 2629 815 2660 erat,
842 2630 870 2655 et
895 2634 977 2656 nemo
1000 2628 1068 2656 alius

267 2670 402 2705 attingere
425 2669 543 2698 volebat.
565 2670 715 2705 Postquam
741 2674 831 2698 autem
852 2671 1002 2708 exiverunt,
1019 2673 1067 2702 ob-

303 2732 314 2749 "
326 2733 408 2761 Deut.
418 2739 487 2768 xxx,
500 2734 543 2760 23.
554 2730 641 2760 8Gen.
660 2740 736 2768 χχιι,
747 2736 773 2769 3,
786 2737 812 2770 6,
827 2737 853 2763 9.

1127 2226 1201 2251 πᾶσα
1217 2223 1234 2257 ἡ
1251 2221 1327 2262 φύσις
1353 2221 1493 2261 διεδέχετο.
1519 2223 1621 2252 Τούτου
1643 2226 1689 2252 τοῦ
1716 2222 1811 2253 Ἰσαὰκ
1829 2220 1901 2258 πατὴρ

1127 2265 1264 2306 Ἀϐραὰμ,
1278 2268 1292 2295 6
1307 2266 1396 2306 πατὴρ
1411 2268 1519 2297 πολλῶν
1533 2268 1628 2304 ἐθνῶν,
1652 2267 1677 2301 ὃς
1698 2270 1766 2297 ἔστιν
1784 2269 1797 2296 6
1813 2266 1902 2309 adver

1127 2311 1208 2346 Θεὸς,
1223 2311 1250 2345 ὃς
1271 2311 1316 2340 καὶ
1338 2311 1474 2341 Ἰουδαίων
1497 2312 1554 2341 ἐστὶ
1582 2312 1680 2352 Πατὴρ
1704 2313 1751 2342 καὶ
1776 2313 1863 2345 ἐθνῶν,
1880 2310 1901 2337 οὗ

1125 2358 1159 2396 τῇ
1185 2355 1290 2397 εὐδοκία
1311 2356 1356 2386 καὶ
1371 2359 1403 2396 τῇ
1431 2357 1514 2396 βουλῇ
1529 2356 1574 2386 τὸν
1598 2357 1711 2396 σταυρὸν
1733 2359 1748 2386 6
1763 2357 1823 2390 Υἱὸς
1837 2355 1902 2383 αὖτοῧ

1128 2402 1265 2441 βαστάζει.
1285 2401 1362 2438 Πλὴν
1375 2402 1400 2430 ἐν
1415 2401 1464 2439 μὲν
1477 2403 1509 2441 τῇ
1528 2403 1638 2441 Παλαιᾷ
1658 2401 1722 2442 ἄχρι
1734 2404 1781 2438 τῆς
1797 2398 1902 2444 προαιρέ-

1126 2458 1191 2480 σεως
1214 2449 1260 2476 τοῦ
1278 2446 1383 2486 Πατρὸς
1400 2445 1464 2482 ἔστη
1491 2446 1522 2475 τὸ
1547 2451 1670 2486 πρᾶγμα·
1696 2446 1778 2480 τύπος
1803 2444 1850 2484 γὰρ
1870 2445 1901 2489 ᾐν-

1125 2492 1236 2521 ἐνταῦθα
1251 2490 1279 2520 δὲ
1298 2491 1343 2520 καὶ
1366 2492 1401 2525 εἰς
1425 2490 1501 2531 ἔργον
1523 2490 1638 2527 ἐξῆλθεν·
1667 2491 1778 2527 ἀλήθεια
1800 2490 1848 2529 γὰρ
1869 2490 1901 2523 ἡν.

1121 2536 1203 2576 Τάχα
1230 2536 1256 2564 δὲ
1268 2557 1277 2574 ,
1303 2535 1394 2574 ὥσπερ
1417 2537 1471 2564 ἐκεῖ
1486 2537 1500 2565 6
1515 2535 1613 2566 Ἰσαὰκ
1632 2536 1744 2576 ἀφείθη,
1765 2538 1778 2565 6
1792 2536 1818 2565 δὲ
1834 2532 1901 2576 ἀμνὸς

1122 2580 1209 2616 ἐτύθη·
1233 2579 1301 2609 οὕτω
1326 2581 1461 2609 κάνταῦθα
1487 2582 1502 2616 ἡ
1527 2580 1584 2610 θεία
1610 2582 1686 2620 φύσις
1711 2578 1867 2616 ιλῖ·ιι;οιθῆς,·ιτὸ

1122 2625 1299 2664 ἀνθρώπινον,
1319 2624 1389 2654 ὃκαὶ
1406 2625 1498 2663 Ἀμνὸς
1513 2625 1633 2665 λέγεται,
1654 2626 1689 2660 ὣς
1703 2628 1749 2655 τοῦ
1765 2624 1846 2662 Ἀδὰμ
1860 2621 1897 2650 τόὗ

1122 2669 1300 2707 πλανηθέντος
1328 2669 1463 2710 προϐάτου
1496 2670 1565 2709 υἱὸς,
1586 2670 1665 2700 τοῦτό
1692 2671 1762 2700 ἐστιν
1788 2668 1803 2698 ὃ
1822 2666 1899 2700 ἐτύθη·

778 2784 820 2814 Ex
845 2786 1002 2816 collatione
1018 2787 1104 2816 codd.
1127 2787 1231 2817 Venet.
1252 2787 1283 2817 S.
1304 2787 1408 2818 Marci.

306 2841 361 2873 (42)
373 2839 442 2868 Cod.
455 2842 500 2874 26,
516 2839 656 2875 παρέδωκεν
668 2840 741 2869 αὺτὸν
755 2842 839 2874 αὐτοῖς
851 2843 895 2870 ἵνα
909 2845 1049 2880 σταυρωθῇ,
1065 2844 1080 2871 6
1093 2843 1212 2878 ἀνόητος,
1226 2856 1250 2873 κ.
1264 2855 1286 2872 τ.
1303 2846 1329 2872 λ.
