1927 3076
211 154 263 181 263

709 149 968 178 THEOPHYLACTI
987 148 1165 176 BULGARIE
1184 148 1341 178 ARCHIEP.

1809 151 1863 178 264

210 219 252 243 tes
269 224 274 242 :
288 215 348 242 Non
358 214 442 247 hunc,
453 212 501 241 sed
512 212 675 241 Barabbam.
688 214 753 241 Erat
767 217 859 240 autem
869 211 1007 240 Barabbas

1066 223 1121 248 τον,
1138 212 1206 253 ἀλλὰ
1217 213 1261 242 τὸν
1279 212 1437 252 Βαραϐϐᾶν.
1450 208 1505 243 τΗν
1518 212 1545 242 δὲ
1558 215 1572 242 6
1589 212 1734 253 Βαραϐϐᾶς
1749 213 1861 252 λῃστής.

208 260 286 287 latro.
314 261 391 287 Tunc
418 266 482 293 ergo
508 257 688 293 apprehendit
717 257 822 285 Pilatus
848 258 954 289 Jesnm,
983 260 1011 284 et

209 303 362 338 ﬂagellavit.
377 304 412 330 Et
426 302 528 330 milites
544 303 692 338 plectentes
711 309 844 329 coronam
866 302 900 329 de
914 301 1010 337 spinis,

208 349 398 383 imposuerunt
415 347 494 382 capiti
510 347 578 382 ejus,
596 351 624 374 et
645 351 718 374 veste
739 353 874 382 purpurea
889 346 1011 373 circum-

209 392 346 420 dederunt
359 399 433 426 eum,
449 399 480 419 ac
503 391 629 418 dicebant
651 400 657 418 :
674 393 742 425 Ave,
763 399 809 418 rex
825 390 985 418 Iudaeorum
1002 398 1009 417 ε

209 441 237 465 et
251 436 353 464 dabant
373 436 397 464 ei
423 436 523 471 alapas.
542 435 630 464 Exivit
650 436 751 463 iterum
768 435 869 463 Pilatus
886 435 971 467 foras,
984 439 1012 462 et

208 481 274 509 dicit
289 481 329 509 eis
346 490 352 509 :
376 482 445 508 Ecce
460 480 568 508 adduco
593 480 667 508 vobis
683 488 746 508 eum
760 480 845 514 foras,
859 484 889 507 ut
904 487 1012 515 cogno-

209 526 290 554 scatis
306 525 383 562 quod
402 525 509 553 nullam
533 525 564 552 in
583 533 616 553 eo
634 533 744 553 causam
767 524 891 552 invenio.
916 524 1015 552 Exivit

209 579 273 607 ergo
287 571 366 598 Jesus
381 569 457 598 foras
471 574 580 606 gestans
599 570 723 605 spineam
737 577 880 602 coronam,
897 574 925 597 et
948 578 1012 605 pur-

207 623 322 652 pureum
332 615 454 651 pallium,
469 618 497 642 et
510 614 577 642 dicit
591 614 630 642 eis
646 624 654 642 :
670 615 740 642 Ecce
752 614 846 642 homo.
861 615 930 641 Cum
947 622 1012 648 ergo

210 659 343 688 vidissent
357 668 422 687 eum
443 659 585 695 pontiﬁces
606 663 634 687 et
648 659 767 686 ministri
789 659 955 692 clamabant,
971 659 1012 686 di-

210 709 304 732 centes
318 713 324 732 :
339 704 479 740 Cruciﬁge,
495 704 623 740 erucilige
639 712 715 732 eum.
737 704 812 731 Dicit
825 703 864 731 eis
887 703 988 731 Pilatus
1004 710 1011 729 :

210 749 334 785 Accipite
348 757 413 777 eum
427 756 485 783 vos,
500 753 530 776 et
543 748 695 784 cruciﬁgite
716 757 722 776 :
739 756 790 784 ego
806 748 877 775 enim
900 756 955 776 non
970 748 1013 775 in-

210 795 289 822 venio
310 793 339 821 in
361 802 394 822 eo
408 801 531 821 causam.
552 793 764 829 Responderunt
779 793 804 820 ei
824 793 915 821 Judaei
931 801 937 820 :
953 793 1009 820 Nos

210 839 298 874 legem
313 839 458 871 habemus,
475 843 502 866 et
516 838 668 866 secundum
689 838 776 874 legem
789 842 915 865 nostram
930 837 1010 865 debet

1064 256 1133 286 Τότε
1147 252 1192 285 οὖν
1211 257 1304 286 ἔλαϐεν
1326 259 1338 286 6
1355 258 1472 292 Πιλάτος
1496 257 1539 286 τὸν
1561 258 1663 294 Ἰησοῦν
1688 258 1734 286 καὶ
1752 258 1867 295 ἐμαστί-

1063 312 1143 340 γωσε.
1185 301 1237 331 Καὶ
1264 303 1287 330 οἱ
1319 304 1481 342 στρατιῶται
1513 302 1653 336 πλέξαντες
1679 302 1808 342 στέφανον
1839 301 1866 336 ἐξ

1065 347 1201 382 ἀκανθῶν,
1229 346 1361 382 ἐπέθηκαν
1387 349 1464 376 αὐτοῦ
1485 349 1518 386 τῇ
1545 349 1664 387 χεραλῇ,
1691 347 1737 375 καὶ
1755 345 1866 380 ἱμάτιον

1064 393 1211 430 πορφυροῦν
1232 391 1389 430 περιέϐαλον
1411 392 1508 429 αὐτὸν,
1534 393 1579 420 καὶ
1601 391 1700 431 ἔλεγον
1727 392 1828 430 Χαῖρε,
1851 393 1866 420 ὁ

1067 435 1189 474 βασιλεὺς
1213 437 1264 464 τῶν
1298 435 1452 472 Ἰουδαίων,
1482 435 1527 465 καὶ
1553 436 1652 465 ἐδίδουν
1679 436 1750 475 αὖτῷ
1783 435 1865 475 ῥαπί-

1066 491 1166 516 σματα.
1190 479 1314 514 Ἐξῆλθεν
1330 477 1373 510 οὖν
1398 481 1446 515 ἔξω
1461 481 1540 510 πάλιν
1565 482 1578 509 6
1596 481 1728 516 Πιλάτος,
1753 481 1800 509 καὶ
1815 480 1867 508 λέ-

1066 536 1106 563 γει
1133 525 1228 557 αὐτοῖς’
1254 522 1309 554 Ἴδε
1331 525 1388 564 ἄγω
1412 526 1474 563 ὑμῖν
1500 526 1579 555 αὐτὸν
1601 524 1671 561 Eia),
1692 524 1735 553 ἵνα
1762 527 1865 563 γνῶτε,

1065 569 1105 598 ὅτι
1129 571 1155 599 ἐν
1172 571 1244 609 αὖτῷ
1265 570 1388 609 οὐδεμίαν
1411 571 1498 600 αἰτίαν
1521 571 1646 611 εὑρίσκω.
1675 569 1802 604 Ἐξῆλθεν
1819 565 1865 598 οὖν

1066 617 1080 644 ὃ
1097 614 1200 650 Ἰησοῦς
1215 614 1264 648 ἔξω
1285 617 1372 655 φορῶν
1388 615 1432 644 τὸν
1449 615 1584 644 ἀκάνθινον
1602 614 1730 655 στέφανον
1741 637 1748 650 ,
1765 615 1812 643 καὶ
1834 615 1866 643 τὸ

1066 661 1216 699 πορφυροῦν
1231 659 1348 696 ἱμάτιον.
1371 659 1425 689 Καὶ
1446 659 1517 698 λέγει
1541 660 1637 693 αὐτοῖς·
1659 658 1715 689 Ἴδε
1730 661 1743 688 6
1759 658 1864 698 ἄνθρω-

1066 715 1124 736 πος.
1147 702 1216 732 ’Ὀτε
1235 699 1278 732 οὖν
1296 699 1361 733 εἶδον
1379 704 1456 733 αὐτὸν
1484 705 1508 734 οἱ
1531 705 1662 744 ἀρχιερεῖς
1677 703 1723 733 καὶ
1745 705 1769 732 οἱ
1792 705 1864 739 ὑπη-

1068 747 1159 788 ρέται,
1180 748 1347 788 ἐκραύγασαν
1368 747 1494 786 λέγοντες·
1511 749 1686 788 Σταύρωσον,
1703 748 1862 787 σταύρωσον

1065 793 1152 823 αὐτόν.
1170 791 1249 831 Λέγει
1265 794 1352 826 αὐτοῖς
1373 796 1387 822 6
1409 793 1532 826 Πιλάτος·
1550 793 1651 823 Λάϐετε
1668 793 1746 822 αὑτὸν
1770 792 1866 830 ὑμεῖς,

1065 838 1109 866 καὶ
1126 837 1306 877 σταυρώσατε·
1335 837 1387 877 ἐγὼ
1411 838 1462 878 γὰρ
1477 839 1526 877 οὐχ
1548 838 1660 876 εὑρίσκω
1679 838 1705 866 ἐν
1722 838 1797 877 αὐτῷ
1817 838 1863 865 αἰ-

211 883 292 916 mori,
315 883 378 919 quia
403 883 502 910 Filium
527 883 577 910 Dei
592 890 622 910 se
638 882 711 910 fecit.
736 894 748 906 κ
770 882 835 910 Vide
858 890 905 917 per
926 890 1008 917 quam

1066 882 1131 911 τίαν·
1153 881 1346 921 Ἀπεκρίθησαν
1374 883 1445 921 αὐτῷ
1466 884 1490 911 οἱ
1517 882 1652 912 Ἰουδαῖοι·
1672 881 1769 920 Ἡμεῖς
1783 882 1867 919 νόμον

210 928 296 956 multa
323 931 496 955 monstratur
524 926 687 955 Judzeorum
713 927 825 954 malitia.
854 927 1009 954 Barabbam

208 973 282 1001 enim
309 972 529 1000 manifestarium
563 972 699 999 latronem
727 975 834 1007 petunt,
861 971 1010 999 Dominum

208 1023 271 1044 vero
285 1016 411 1045 tradunt.
434 1017 564 1052 Flagellat
581 1017 664 1052 igitur
679 1024 744 1044 eum
765 1017 877 1049 Pilatus,
895 1021 926 1043 ut
945 1024 1011 1043 con-

209 1061 313 1090 soletur
324 1065 352 1089 et
366 1061 472 1098 mitiget
486 1070 583 1089 eorum
598 1061 736 1089 furorem.
753 1062 825 1089 Nam
842 1061 906 1097 quia
922 1061 1012 1088 verbis

208 1114 264 1134 non
290 1105 377 1142 potuit
397 1114 462 1134 eum
483 1106 598 1142 eripere,
621 1106 752 1142 ﬂagellat,
777 1105 893 1133 studens
912 1109 939 1133 et
954 1106 1011 1141 ipse

208 1151 249 1179 vel
267 1159 313 1187 per
328 1151 381 1179 hoc
405 1151 544 1179 insaniam
563 1159 661 1179 eorum
685 1151 802 1186 placare.
822 1152 857 1177 Et
876 1150 1012 1186 permittit

209 1199 240 1223 ut
251 1195 373 1231 chlamys
386 1200 413 1224 et
424 1204 525 1223 corona
538 1196 563 1223 ei
576 1195 831 1231 circumponantur,
846 1203 900 1230 quo
914 1202 1011 1222 eorum

209 1240 249 1268 ira
273 1241 456 1268 exhauriatur.
475 1240 559 1276 746
576 1240 675 1268 Milites
694 1248 757 1268 vero
781 1239 873 1268 omnia
898 1239 932 1267 ad
952 1247 1011 1274 gra-

209 1285 276 1313 tiam
303 1285 464 1313 Judmorum
480 1285 593 1312 faciunt.
618 1286 691 1313 Nam
707 1284 768 1320 quia
783 1284 950 1312 audiverunt
964 1283 1011 1311 Pi-

208 1335 296 1365 latum
311 1330 446 1358 dicentem
463 1339 470 1358 :
489 1342 502 1354 ιι
518 1331 621 1365 Regem
643 1330 722 1357 illum
738 1329 901 1357 Judmorttm
919 1329 1011 1356 dimit-

209 1379 276 1408 tam,
296 1386 308 1398 υ
325 1375 439 1403 irrident
452 1383 526 1402 nunc
543 1383 607 1402 eum
630 1378 661 1400 ut
676 1381 778 1409 regem.
795 1376 889 1408 Neque
909 1374 982 1400 enim
997 1381 1011 1400 a

211 1419 295 1448 Pilato
318 1420 439 1455 instigati
467 1419 519 1446 hoc
542 1418 689 1452 faciebant,
711 1418 757 1454 qui
781 1419 862 1445 etiam
886 1422 913 1445 et
931 1422 1013 1445 nocte

210 1463 364 1492 invaserant
385 1465 480 1492 Jesum
506 1467 605 1498 printer
628 1463 795 1490 sententiam
816 1462 949 1498 prmsidis,
965 1470 1010 1498 pe-

209 1509 352 1536 cuniarum
368 1509 454 1545 gratia
469 1508 572 1536 Iudaeis
586 1507 782 1544 gratiﬁcantes.
796 1507 924 1535 Placidus
938 1507 1012 1534 enim

210 1557 270 1580 erat
294 1554 407 1587 Pilatus,
423 1557 450 1580 et
472 1561 529 1580 non
549 1552 643 1580 efferis
658 1552 792 1586 moribus,
819 1551 889 1580 sicut
909 1551 1012 1580 Judzei.

211 1599 296 1625 Porro
319 1598 410 1625 educit
425 1599 532 1631 Jesum,
560 1597 630 1624 iram
646 1597 757 1624 illorum
777 1597 952 1633 exstinguere
969 1605 1013 1624 vo-

211 1642 287 1676 lens;
303 1642 351 1670 sed
364 1643 403 1670 illi
417 1650 506 1678 neque
522 1642 561 1669 sic
585 1641 766 1669 mansuefacti
790 1646 864 1670 sunt.
887 1642 1014 1670 Clamant

211 1690 302 1714 autem
320 1695 326 1714 :
346 1699 358 1711 «ι
375 1687 510 1722 Cruciligc
525 1695 601 1715 eum.
622 1698 632 1711 -
650 1687 720 1714 Cum
736 1687 846 1715 vidisset
859 1691 951 1714 autem
967 1687 1013 1714 Pi-

212 1731 284 1759 latus
296 1731 388 1758 omnia
403 1732 463 1759 lia‘c
479 1731 578 1759 frustra
594 1731 662 1765 ﬁeri,
679 1731 764 1759 dicit:
781 1743 793 1755 ει
810 1731 933 1767 Accipite
948 1739 1013 1759 eum

211 1783 270 1810 vos,
284 1780 311 1803 et
325 1775 472 1812 cruciﬁgite
489 1786 495 1803 :
513 1784 564 1812 ego
578 1776 650 1804 enim
666 1785 723 1804 non
738 1776 844 1804 invenio
858 1776 885 1803 in
901 1783 934 1803 eo
948 1784 1013 1803 cau-

211 1828 280 1848 sam.
300 1832 311 1845 ιι
334 1821 409 1849 Facit
429 1825 522 1848 autem
547 1820 610 1854 hoc,
627 1820 771 1857 impellens
790 1829 837 1848 eos
853 1821 880 1848 in
895 1828 954 1848 rem
976 1821 1015 1848 eis

211 1873 267 1893 non
282 1873 450 1896 concessam,
474 1865 496 1892 si
513 1865 582 1893 forte
606 1865 646 1893 sic.
660 1866 818 1893 absolvatur
838 1866 927 1893 Jesus.
943 1866 1014 1892 Nam

211 1917 261 1945 ego
284 1909 406 1945 quidem,
431 1909 530 1945 inquit,
555 1909 602 1945 qui
618 1908 705 1937 habeo
727 1913 890 1944 potestatem
906 1908 1014 1935 cruciﬁ-

211 1954 303 1990 gendi,
320 1966 333 1978 ι
358 1954 462 1982 nullam
477 1954 586 1982 invenio
602 1961 713 1981 causam
730 1962 736 1981 :
759 1965 771 1977 ιο
789 1961 836 1980 vos
851 1957 941 1980 autem
957 1959 1014 1979 non

212 1999 342 2026 habentes
358 2003 520 2034 potestatem
535 1997 714 2034 cruciﬁgendi
727 1997 816 2025 dicitis
831 2004 894 2024 eum
911 2004 988 2024 reum
1004 2004 1011 2024 :

218 2055 230 2067 α
251 2043 371 2079 Accipite
387 2044 470 2079 igitur
484 2051 560 2076 eum,
576 2047 605 2070 et
617 2041 785 2077 cruciﬁgite;
803 2052 816 2065 ι
832 2041 880 2068 sed
894 2048 948 2068 non
964 2041 1012 2069 ha-

212 2088 280 2116 betis
293 2093 468 2124 potestatem,
487 2088 643 2116 dimittatur
665 2094 728 2122 ergo
745 2086 830 2113 homo
846 2085 900 2113 ille.
918 2087 1014 2122 Itaque

210 2133 273 2161 talis
287 2133 397 2169 quidem
412 2136 471 2161 erat
485 2140 563 2159 mens
584 2131 674 2163 Pilati,
699 2130 793 2158 mitior
809 2129 943 2164 videlicet,
965 2138 1014 2158 ne-

211 2185 264 2214 que
279 2182 375 2206 tamen
397 2177 526 2205 severiter
554 2183 602 2211 pro
627 2175 740 2202 veritate
767 2175 883 2202 instans.
911 2177 947 2202 At
974 2174 1011 2202 illi

212 2222 294 2249 etiam
320 2222 346 2249 in
369 2222 422 2249 hoc
443 2220 562 2254 confusi,
593 2219 690 2247 dicunt
712 2219 784 2255 quod
812 2231 825 2244 α
850 2220 1006 2247 Secundum

211 2271 334 2294 nostram
356 2266 444 2301 legem
468 2264 550 2292 debet
577 2265 657 2298 mori,
687 2265 750 2300 quia
774 2265 876 2293 Filium
905 2265 953 2292 Dei
980 2272 1009 2293 se

211 2311 286 2339 fecit.
317 2322 329 2334 ιο
351 2310 420 2337 Vide
443 2309 582 2344 quomodo
606 2309 711 2337 malitia
734 2309 785 2337 sibi
811 2317 867 2337 non
890 2314 1008 2338 constet.

212 2357 299 2390 Supra
314 2355 423 2382 dicebat
439 2354 478 2381 eis
501 2354 603 2382 Pilatus
623 2363 630 2382 -.
655 2366 668 2379 α
685 2354 806 2390 Accipite
822 2362 897 2388 eum,
919 2359 947 2382 et
969 2362 1010 2382 se-

213 2399 334 2427 cundum
351 2403 469 2427 vestram
485 2399 574 2434 legem
586 2398 718 2435 judicate,
735 2411 748 2424 ι
763 2403 791 2427 et
804 2398 872 2426 illud
892 2407 949 2426 non
963 2407 1008 2435 ap-

214 2443 374 2480 probarunt.
392 2446 470 2472 Nune
484 2444 582 2472 iterum
597 2444 701 2478 dicunt,
719 2455 732 2469 ι
748 2444 906 2472 Secundum
922 2444 1008 2479 legem

211 2492 333 2516 nostram
344 2488 427 2516 debet
450 2489 534 2517 mori.
558 2490 669 2525 nSupra
691 2489 859 2516 accusabant
873 2489 947 2524 quod
969 2488 1009 2516 l'e-

212 2533 293 2561 cisset
306 2541 335 2561 se
345 2542 448 2570 regem,
464 2542 538 2562 nunc
554 2533 588 2562 de
602 2533 745 2561 mendacio
760 2533 909 2569 redarguti,
927 2542 1010 2561 accu-

212 2583 276 2606 sant
300 2590 313 2603 «
329 2579 404 2615 quod
418 2579 520 2606 Filium
540 2578 590 2606 Dei
605 2586 634 2606 se
647 2577 751 2606 fecerit.
770 2589 781 2602 ν
799 2578 869 2613 Quid
885 2577 935 2606 hoc
954 2578 1009 2606 cri-

212 2624 283 2652 mini
298 2625 425 2652 vertitur?
449 2624 476 2651 Si
501 2631 581 2658 Opera
598 2623 647 2651 Dei
668 2622 740 2658 iacnt,
763 2623 861 2651 Filium
882 2623 934 2651 Dei
949 2631 1009 2651 esse

212 2669 277 2706 quid
293 2669 436 2706 prohibet?
452 2668 520 2696 Vide
530 2672 622 2695 autem
635 2668 755 2695 divinam
766 2668 1008 2704 dispensationem,

211 2713 350 2750 quomodo
361 2713 398 2741 illi
412 2712 524 2749 quidem
539 2711 574 2740 ad
584 2712 687 2740 multos
697 2711 802 2748 judices
815 2712 945 2740 duxerint
955 2713 1009 2740 Do-

213 2759 330 2792 minum,
354 2762 386 2786 ut
408 2756 574 2785 infamarent
594 2760 620 2785 et
634 2758 852 2786 contaminarent
872 2758 930 2793 ejus
950 2758 1008 2792 glo-

212 2803 293 2838 riam,
320 2803 370 2831 sed
391 2802 558 2830 contumelia
581 2801 610 2830 in
631 2806 713 2838 caput
735 2802 860 2838 ipsorum
875 2801 1008 2830 reciderit.

1065 927 1178 966 ἔχομεν,
1195 927 1239 955 καὶ
1254 927 1324 955 κατὰ
1339 926 1383 956 τὸν
1398 927 1477 964 νόμον
1494 929 1572 965 ἡμῶν
1586 927 1683 965 ὀφείλει
1700 927 1846 955 ἀποθανεῖν
1857 950 1866 963 ,

1065 972 1105 1001 ὅτι
1120 971 1212 1000 ἑαυτὸν
1233 973 1304 1001 Θεοῦ
1321 972 1383 1001 Υῐὸν
1399 972 1533 1007 ἐποίησεν.
1553 986 1564 998 υ
1577 971 1651 1010 Ὅρα
1667 971 1709 1000 διὰ
1734 972 1826 1000 πόσων
1847 974 1865 1006 ἡ

1065 1016 1146 1046 κακία
1165 1018 1217 1045 τῶν
1245 1015 1381 1046 Ἰουδαίων
1405 1016 1545 1045 δείκνυται.
1567 1017 1621 1046 Τὸν
1642 1016 1694 1055 γὰρ
1715 1015 1866 1054 Βαραϐϐᾶν

1065 1060 1285 1100 ὁμολογουμένως
1310 1060 1411 1100 λῃστὴν
1438 1061 1620 1096 ἐξαιτοῦνται,
1637 1060 1681 1089 τὸν
1707 1060 1732 1089 δὲ
1765 1060 1867 1099 Κύριον

1067 1106 1256 1145 παραδιδόασι.
1276 1106 1410 1144 Μαστιγοῖ
1426 1101 1470 1135 οὖν
1495 1105 1573 1134 αὐτὸν
1592 1108 1605 1134 6
1620 1105 1752 1141 Πιλάτος,
1769 1117 1865 1144 παρα-

1068 1150 1235 1189 μυθήσασθαι
1265 1150 1331 1183 τέως
1357 1151 1402 1179 καὶ
1432 1151 1543 1180 ἐκλῦσαι
1576 1150 1620 1179 τὸν
1650 1150 1731 1188 θυμὸν
1775 1150 1867 1178 αὐτῶν

1069 1195 1235 1234 βουλόμενος.
1261 1195 1373 1230 Ἐπειδὴ
1390 1195 1441 1234 γὰρ
1468 1195 1510 1224 διὰ
1535 1194 1660 1235 ῥημάτων
1682 1195 1729 1224 οὐκ
1753 1193 1869 1233 ἴσχυσεν

1068 1239 1144 1268 αὐτὸν
1181 1239 1329 1274 ἐξελέσθαι,
1363 1239 1500 1278 μαστίζει,
1529 1239 1649 1268 σπεύδων
1675 1238 1739 1278 ἄχρι
1769 1240 1867 1268 τούτου

1068 1286 1164 1319 στῆσαι
1186 1283 1235 1319 τὴν
1258 1284 1354 1321 μανίαν
1382 1285 1488 1320 αὐτῶν,
1516 1284 1561 1313 καὶ
1589 1283 1636 1319 τὴν
1659 1283 1801 1322 χλαμύδα,
1819 1284 1869 1312 καὶ

1067 1328 1111 1357 τὸν
1147 1327 1273 1368 στέφανον
1302 1329 1434 1368 συγχωρεῖ
1469 1330 1636 1368 περιτεθῆναι
1667 1329 1754 1367 αὐτῷ,
1793 1327 1868 1357 ὥστε

1068 1374 1154 1401 αὐτῶν
1180 1373 1300 1412 χαλάσαι
1324 1374 1372 1408 τὴν
1387 1372 1477 1412 ὀργήν·
1493 1374 1517 1402 οἱ
1543 1372 1571 1401 δὲ
1596 1373 1758 1412 στρατιῶται
1774 1373 1868 1401 πάντα

1068 1418 1131 1456 πρὸς
1157 1418 1235 1457 χάριν
1262 1419 1314 1446 τῶν
1339 1417 1474 1447 Ἰουδαίων
1500 1418 1672 1456 πράττουσιν.
1708 1416 1785 1446 Ἐπεὶ
1811 1418 1867 1456 γὰρ

1067 1461 1182 1497 ἥκουσαν
1200 1465 1244 1492 τοῦ
1263 1462 1379 1492 Πιλάτου
1403 1462 1523 1500 λέγοντος
1541 1471 1548 1477 ⁵
1571 1473 1584 1490 α
1599 1462 1652 1492 Τὸν
1679 1461 1791 1500 βασιλέα
1810 1463 1867 1490 τῶν

1068 1506 1202 1536 Ἰουδαίων
1226 1506 1371 1542 ἀπολύσω,
1390 1519 1405 1534 ι)
1430 1506 1587 1544 ἑμπαίζουσι
1613 1506 1705 1535 λοιπὸν
1731 1506 1803 1545 αὖτῷ
1829 1508 1868 1540 ὡς

1042 1549 1051 1560 ¹
1070 1553 1184 1590 βασιλεῖ.
1204 1552 1244 1581 Οὖ
1260 1551 1310 1589 γὰρ
1324 1550 1355 1586 δὴ
1376 1551 1427 1580 ὑπὸ
1447 1553 1492 1580 τοῦ
1511 1550 1631 1580 Πιλάτου
1650 1550 1866 1590 προτραπέντες,

1069 1597 1171 1625 ἐποίουν
1186 1598 1286 1631 ταῦτα,
1304 1594 1329 1624 οἴ
1346 1607 1376 1634 γε
1391 1595 1437 1624 καὶ
1460 1595 1551 1628 νυκτὸς
1573 1596 1687 1630 ἐπῆλθον
1708 1596 1746 1635 τῷ
1770 1594 1865 1630 Ἰησοῦ

1068 1640 1142 1679 παρὰ
1161 1640 1270 1678 γνώμην
1287 1642 1332 1668 τοῦ
1354 1639 1498 1677 ἡγεμόνος,
1516 1643 1569 1672 τοῖς
1583 1639 1733 1672 Ἰουδαίοις
1753 1639 1865 1678 χαριζό-

1069 1696 1141 1723 μενοι
1155 1684 1301 1724 χρημάτων
1313 1683 1399 1713 ἕνεκα.
1418 1683 1560 1716 Μαλθακὸς
1577 1684 1624 1721 μὲν
1639 1679 1683 1713 οἶν
1700 1686 1714 1713 6
1728 1684 1864 1722 Πιλᾶτος,

1067 1730 1096 1758 οὐ
1123 1730 1254 1764 κακοήθης
1280 1728 1307 1757 δὲ
1332 1728 1402 1757 κατὰ
1426 1728 1484 1761 τοὺς
1511 1727 1664 1762 Ἰουδαίους.
1683 1728 1792 1767 Ἐξάγει
1814 1729 1865 1766 μὲν

1066 1773 1116 1812 γὰρ
1129 1773 1171 1802 τὸν
1186 1772 1303 1809 Ἰησοῦν,
1321 1772 1416 1801 σϐέσαι
1435 1773 1514 1802 πάλιν
1531 1773 1619 1802 αὐτῶν
1644 1772 1687 1802 τὸν
1704 1774 1785 1810 θυμὸν
1799 1775 1863 1812 βου-

1067 1818 1194 1856 λόμενος,
1213 1816 1271 1846 ἀλλ’
1293 1817 1386 1846 ἐκεῖνοι
1407 1817 1464 1846 οὐδὲ
1490 1817 1572 1850 οὕτως
1600 1817 1696 1856 ἥμεροι
1719 1817 1864 1856 γεγόνασι,

1069 1863 1150 1901 βοῶσι
1166 1862 1201 1890 δέ·
1218 1875 1228 1887 τι
1242 1861 1401 1901 Σταύρωσον
1411 1883 1420 1900 ,
1439 1861 1591 1899 σταύρωσον
1604 1861 1694 1890 αὐτόν.
1708 1872 1723 1889 )›
1745 1860 1820 1890 Ἰδὼν
1834 1862 1862 1891 δὲ

1067 1908 1081 1935 6
1100 1907 1213 1939 Πιλᾶτος
1238 1906 1324 1944 μάτην
1346 1906 1432 1934 πάντα
1457 1907 1595 1944 γινόμενα,
1621 1905 1695 1945 φησί’
1721 1919 1732 1931 ι
1759 1906 1864 1935 Λάϐετε

1068 1950 1145 1979 αὐτὸν
1165 1952 1256 1987 ὑμεῖς,
1273 1950 1318 1979 καὶ
1337 1949 1517 1989 σταυρώσατε·
1535 1950 1587 1989 ἐγὼ
1609 1950 1660 1989 γὰρ
1676 1950 1727 1989 οὐχ
1749 1949 1863 1989 εὑρίσκω

1068 1995 1094 2023 ἐν
1112 1996 1182 2034 αὖτῷ
1196 1994 1292 2024 αἰτίαν.
1309 2008 1321 2020 ιι
1347 1995 1423 2024 Ποιεῐ
1449 1995 1476 2024 δὲ
1500 1997 1596 2030 τοῦτο,
1621 1996 1748 2024 συνωθῶν
1765 1994 1861 2028 αὐτοὺς

1067 2040 1102 2072 εἷς
1119 2043 1230 2079 πρᾶγμα
1246 2039 1283 2077 μὴ
1300 2038 1536 2078 συγκεχωρημένον
1562 2039 1664 2074 αὐτοῖς,
1687 2040 1723 2072 ὡς
1739 2039 1771 2067 ἂν
1793 2040 1863 2068 ἀπο-

1066 2084 1132 2124 λυθῇ
1148 2086 1161 2112 6
1176 2084 1288 2120 Ἰησοῦς.
1311 2082 1385 2122 Ἐγὼ
1401 2084 1447 2121 μὲν
1471 2082 1538 2122 γὰρ,
1555 2082 1649 2122 φησὶν,
1665 2085 1678 2112 6
1693 2083 1762 2123 ἔχων
1784 2083 1861 2117 ἐξου-

1068 2128 1127 2158 σίαν
1143 2131 1309 2168 σταυρῶσαι,
1338 2142 1348 2153 υ
1364 2128 1487 2165 οὐδεμίαν
1513 2127 1599 2156 αἰτίαν
1615 2127 1742 2166 εὑρίσκωι
1757 2139 1770 2157 υ
1789 2130 1865 2166 ὑμεῖς

1069 2172 1094 2202 δὲ
1111 2174 1134 2202 οἱ
1158 2172 1195 2212 μὴ
1223 2173 1326 2212 ἔχοντες
1349 2172 1469 2207 ἐξουσίαν
1485 2176 1629 2212 σταυροῦν,
1651 2171 1717 2210 φατὲ
1740 2173 1864 2203 ὑπαίτιον

1069 2213 1134 2247 εἶναι
1149 2220 1249 2247 τοῖτον.
1264 2231 1276 2243 ι
1292 2217 1396 2247 Λαϐέτε
1416 2213 1459 2246 οὖν
1474 2217 1567 2254 αὐτὸν,
1582 2217 1627 2246 καὶ
1640 2217 1822 2257 σταυρώσατε.
1845 2229 1859 2248 ι

1064 2261 1135 2291 Ἀλλ’
1151 2263 1198 2292 οὐκ
1225 2262 1298 2301 ἔχετε
1314 2261 1450 2297 ἐξουσίαν;
1471 2263 1565 2290 οὐκοῦν
1589 2261 1749 2296 ἀπολυθήτω
1774 2263 1788 2290 6
1815 2262 1862 2292 ἄν·

1063 2309 1174 2346 θρωπος.
1200 2308 1323 2339 Τοιοῦτος
1349 2306 1396 2344 μὲν
1423 2301 1467 2335 οὖν
1491 2308 1505 2334 6
1527 2306 1624 2339 σκοπὸς
1649 2309 1694 2335 τοῦ
1723 2306 1861 2344 Πιλάτου,

1063 2350 1252 2391 ἐπιεικέστερος
1273 2351 1394 2389 δηλαδὴ,
1412 2351 1440 2379 οὖ
1466 2350 1518 2388 μὴν
1543 2350 1694 2383 ἐνστατικὸς
1722 2349 1789 2390 ὑπὲρ
1814 2353 1864 2387 τῆς

1062 2396 1197 2432 ἀληθείας.
1227 2397 1262 2425 Οἱ
1289 2395 1316 2425 δὲ
1332 2395 1377 2424 καὶ
1403 2396 1428 2424 ἐν
1451 2395 1536 2435 τούτῳ
1559 2395 1796 2434 καταισχυνθέντες
1817 2396 1863 2425 λέ-

1062 2452 1165 2478 γουσιν,
1186 2440 1226 2470 ὅτι
1250 2454 1261 2467 αι
1290 2440 1368 2470 Κατὰ
1389 2439 1433 2469 τὸν
1454 2439 1533 2478 νόμον
1555 2441 1633 2478 ἡμῶν
1665 2440 1765 2479 ὀφείλει
1792 2441 1861 2470 ἀπο-

1062 2487 1165 2522 θανεῖν,
1180 2485 1220 2514 ὅτι
1236 2485 1299 2515 Υἱὸν
1321 2485 1392 2514 Θεοῦ
1417 2485 1509 2514 ἑαυτὸν
1534 2484 1669 2520 ἐποίησεν.
1689 2497 1701 2511 ι
1721 2484 1795 2524 Ὅρα
1811 2486 1862 2520 τὴν

1062 2530 1158 2559 κακίαν
1190 2529 1348 2568 ἀσύμφωνον
1374 2531 1464 2568 ἑαυτῇ.
1502 2526 1572 2558 Ἀνω
1610 2529 1698 2569 ἔλεγεν
1728 2529 1816 2562 αὐτοῖς
1845 2531 1859 2559 6

1066 2575 1198 2608 Πιλάτος·
1235 2585 1249 2602 (ι
1282 2573 1387 2603 Λαϐέτε
1415 2573 1493 2602 αὐτὸν
1520 2575 1612 2612 ὑμεῖς’,
1642 2573 1688 2602 καὶ
1716 2573 1785 2602 κατὰ
1816 2574 1862 2603 τὸν

1064 2619 1141 2656 νόμον
1168 2619 1242 2655 ὑμῶν
1274 2617 1389 2658 κρίνατε·
1435 2630 1450 2648 (ι
1473 2618 1518 2648 καὶ
1543 2620 1590 2647 οὐκ
1619 2617 1739 2652 ἐδέξαντο
1768 2621 1859 2649 τοῦτο.

1065 2665 1120 2693 Νῦν
1143 2664 1240 2701 πάλιν,
1267 2663 1306 2692 ὅτι
1342 2673 1356 2691 (ι
1378 2663 1455 2693 Κατὰ
1478 2662 1523 2692 τὸν
1550 2663 1629 2701 νόμον
1664 2664 1740 2701 ἡμῶν
1762 2663 1863 2702 ὀφείλει

1064 2708 1224 2744 ἀποθανεῖν,
1241 2719 1255 2736 n
1281 2707 1466 2749 προφέρουσιν.
1505 2706 1586 2742 Ἄνω,
1607 2707 1648 2737 ὅτι
1667 2707 1783 2737 Βασιλέα
1800 2709 1862 2737 ἑαυ-

1064 2752 1107 2781 τὸν
1131 2753 1215 2790 ποιεῖ,
1240 2753 1390 2782 ἐνεκάλουν·
1405 2755 1451 2782 νῦν
1468 2752 1567 2782 ἐκείνου
1591 2753 1699 2792 ψευδοῦς
1724 2753 1864 2791 ἐλεγχθέν-

1064 2809 1122 2834 τος,
1145 2809 1160 2825 α
1181 2795 1249 2828 Ὀτι
1270 2798 1334 2828 Υἱὺν
1358 2799 1428 2828 Θεοῦ
1451 2798 1544 2827 ἑαυτὸν
1572 2798 1657 2835 ποιεῖ,
1673 2807 1689 2826 ι
1705 2798 1862 2835 ἐγκαλοῦσι.
