1927 3076
62 132 108 164 265
419 130 614 163 ENARRATIO
634 134 666 162 lN
685 127 902 162 EVANGELIUM
919 131 1068 160 JOANNIS.
1089 145 1124 152 —
1143 127 1218 159 CAP.
1239 132 1303 159 xxx.
1635 128 1688 160 εδδ

63 199 113 228 Καὶ
141 197 162 227 τί
185 200 262 228 τοῦτο
288 197 428 237 ἔγχλημα;
470 199 504 228 Εἰ
539 197 573 227 τὰ
599 197 663 236 ἔργα
691 199 737 226 τοῦ
763 197 834 226 Θεοῦ

900 195 965 222 Hinc
990 194 1064 222 enim
1085 194 1172 227 magis
1192 193 1287 221 insons
1309 193 1524 228 demonstratur,
1549 201 1608 222 rem
1631 198 1689 222 tam

12 265 17 269 .
62 247 135 281 ποιεῖ,
156 243 214 273 “in
229 243 301 273 Θεοῦ
327 238 392 272 εἶναι
418 242 444 272 τί
471 242 568 272 κωλύει
591 242 690 280 αὐτόν,
715 241 789 282 δορα
805 240 833 270 δὲ

900 239 1032 275 Iiligenter
1055 238 1277 274 disquirentibus.
1298 238 1412 272 Quoties
1436 238 1475 265 vel
1498 238 1601 266 Pilatus
1622 247 1688 267 eon-

18 299 24 324 ᾖ
61 287 104 324 τὴν
123 289 183 317 θείαν
209 287 380 325 οἰκονομίαν,
405 289 462 320 πῶς
483 289 577 317 ἐκεῖνοι
601 285 648 323 μὲν
670 287 774 316 πλείοσι
793 287 834 315 δι-

900 284 978 312 essus
989 287 1030 311 est
1040 291 1069 311 se
1080 283 1147 311 nihil
1161 283 1281 310 invenire
1294 286 1384 310 morte
1396 282 1526 318 dignum!

13 357 19 369 ._
59 334 194 373 χαστηρίοις
209 332 365 371 παρεδίδουν
386 332 429 362 τὸν
450 331 565 371 Κύριον,
591 332 660 361 ὥστε
678 331 860 370 μωμήσασθαι
874 329 971 368 αὐτὸν,
987 329 1032 358 καὶ
1048 332 1218 368 καταχρᾶναι
1239 328 1285 363 τὴν
1306 327 1381 362 δόξαν
1399 327 1494 373 αὐτοῦ,
1512 328 1548 360 εἷς
1569 328 1688 368 κεφαλὴν

59 378 84 408 δὲ
101 379 177 411 αὐτοῖς
204 380 220 413 ἡ
240 377 316 417 ὕϐρις
336 377 532 417 περιτρέπεται·
558 378 674 406 ἐντεῦθεν
697 376 748 416 γὰρ
772 377 874 414 μᾶλλον
899 374 1073 413 ἂκατάκριτος
1097 373 1289 409 διαδείκνυται,
1316 372 1502 410 ἐξεταζομένου
1529 375 1576 402 τοῦ
1600 373 1686 413 πράγ-

12 425 30 448 -”
59 434 133 462 ματος
144 422 335 463 ἀκριϐέστερον.
355 422 472 455 Hoc-nitu;
487 425 549 462 γοῦν
562 425 576 452 ὁ
594 422 709 455 Πιλάτος
728 420 885 460 ὡμολόγησε
901 419 982 458 μηδὲν
999 419 1128 458 εὑρίσκειν
1152 419 1179 448 ἐν
1202 420 1274 458 αὐτῷ
1291 418 1404 447 θανάτου
1421 418 1506 452 ἅξιονῑ

14 495 28 506 η
100 462 183 498 «Ὅτε
204 462 249 496 οῦν
266 462 376 503 ἤκουσεν
392 469 405 496 δ
431 466 548 501 Πιλάτος
569 469 661 496 τοῦτον
678 466 723 495 τὸν
743 466 837 506 λόγον,

12 534 18 549 ._
58 514 150 552 μᾶλλον
171 512 305 553 ἐφοϐήθη,
340 514 386 541 καὶ
410 512 530 547 εἰσῆλθεν
559 513 596 544 εἰς
621 512 650 553 το
677 511 837 551 πραιτώριον

12 564 21 594 ᾗ
56 558 143 593 πάλιν,
167 552 210 587 καὶ
235 558 307 596 λέγει
323 558 361 596 τῷ
386 556 484 592 Ἰησοῦ·
514 556 599 587 Πόθεν
627 552 651 585 εἶ
678 555 727 593 σός
748 555 783 586 ¢0
811 555 838 584 δὲ

12 625 19 639 τ
58 602 152 638 Ἰησοῦς
173 602 309 642 ἀπόκρισιν
322 603 370 631 οὐκ
385 602 482 631 ἔδωκεν
503 603 586 640 αὐτῷ.
602 600 682 640 Λέγει
700 596 744 630 οῦν
764 603 837 640 αὖτῷ

12 675 17 684 π
55 649 68 676 ὃ
86 646 200 680 Πιλάτος·
217 646 295 685 Ἐμοὶ
310 647 340 675 οὗ
358 647 464 682 λαλεῖς,
480 648 538 676 Οὐκ
553 642 641 682 οἶδας,
660 645 700 674 ὅτι
718 646 836 680 ἐξουσίαν

12 715 15 724 ,
54 692 106 731 ἔχω
119 691 263 732 σταυρῶσαί
280 703 329 728 σε,
347 691 392 720 καὶ
409 690 528 732 ἐξουσίαν
551 690 605 730 ἔχω
630 690 764 719 ἀπολῦσαί
787 701 835 727 σε;

14 731 25 770 γ’
55 737 187 775 Ἀπεκρίθη
226 735 335 771 Ἰησοῦς·
373 737 432 766 Οὐκ
465 731 534 774 εἶχες
569 735 688 769 ἐξουσίαν
713 736 838 773 οὐδεμίαν

23 800 26 810 ι
55 781 112 810 κατ’
123 782 198 818 ἐμοῦ,
215 779 286 818 εἰμὴ
304 775 334 816 ἦν
350 791 390 810 σοι
412 780 552 818 δεδομένον
569 780 681 810 ἄνωθεν.
695 780 747 809 Διὰ
764 783 840 810 τοῦτο

13 855 15 858 ,
55 828 68 856 ὁ
92 825 246 864 παραδιδούς
270 824 304 862 μέ
333 837 373 855 σοι
396 825 503 864 μείζονα
529 824 662 865 ἁμαρτίαν
685 824 752 864 ἔχει.
773 838 785 851 ι
806 825 840 855 Ὁ

55 871 101 910 μὲν
126 870 238 903 Πιλάτος
262 869 337 909 ψιλὸν
363 870 439 909 λόγον
462 869 539 907 μόνον
567 869 697 907 ἀκούσας,
712 869 751 898 ὅτι
778 870 840 903 Υἱός

53 916 107 945 ἔστι
121 919 162 944 τοῦ
176 917 262 950 Θεοῦ,
280 914 408 953 φοϐεῖται·
425 915 450 944 οἱ
467 914 494 943 δὲ
509 915 553 943 καὶ
575 914 642 954 ἔργα
657 917 714 944 θεῖα
734 914 839 951 ἰδόντες,

55 962 197 998 ἀναιροῦσιν
209 959 302 995 αὐτὸν,
318 959 383 998 ὑπὲρ
399 955 434 988 ὧν
450 959 529 999 ἐχρῆν
544 962 711 999 προσκυνεῖν.
732 959 840 1000 Ἐρωτᾷ

18 1029 21 1032 .
53 1006 79 1034 δὲ
95 1004 189 1042 αὐτὸν,
214 1005 264 1043 οὐχ
287 1003 368 1037 οὕτως
387 1003 479 1043 ὥσπερ
507 1004 643 1042 πρότερον·
661 1003 726 1034 «Τί
749 1004 842 1039 ἐποίη-

52 1059 119 1085 σαςς
136 1060 150 1076 ι)
170 1048 253 1084 ἀλλὰ,
273 1061 286 1074 ε
304 1047 352 1081 Τίς
367 1043 391 1077 εἷ
406 1048 456 1085 σύ,
475 1061 487 1074 ι
513 1048 582 1078 Τότε
607 1048 655 1086 μὲν
675 1048 727 1088 γὰρ
749 1049 840 1084 ἐπειδὴ

19 1098 23 1110 "
52 1096 86 1126 ὡς
122 1095 260 1132 βασιλειῶν
290 1093 454 1130 ἐνεκαλεῖτο,
493 1093 601 1125 εἰκότως
636 1093 731 1133 ἐρωτᾷ-
763 1107 775 1119 α
806 1094 842 1124 Τί

52 1139 194 1175 ἐποίησας,
206 1152 217 1163 ιι
229 1140 274 1166 νῦν
292 1137 336 1173 δὲ,
355 1137 413 1167 ἐπεὶ
432 1139 468 1172 ὡς
488 1138 551 1167 Tib-1
564 1139 635 1166 Θεοῦ
651 1137 743 1166 ἑαυτὸν
759 1140 841 1167 ποιῶν

51 1183 242 1218 διαϐάλλεται,
265 1183 360 1222 ἐρωτᾷ·
389 1194 402 1211 ¢
430 1182 514 1212 Πόθεν
540 1177 564 1211 εἷ
584 1182 630 1218 σύ,
649 1195 661 1209 ι
686 1182 789 1218 Ἰησοῦς
815 1183 842 1212 δὲ

50 1232 123 1268 σιγᾷ.
136 1226 238 1264 Ἐμαθε
261 1227 312 1267 γὰρ
327 1228 391 1267 παρ’
415 1228 496 1256 αὐτοῦ
520 1228 534 1256 ὁ
551 1227 685 1262 Πιλάτος,
705 1227 745 1256 ὅτι
765 1241 777 1254 ιι
796 1229 843 1261 Εἰς

48 1275 126 1302 τοῦτο
142 1271 310 1310 γεγέννημαι·
327 1283 341 1300 ι)
356 1271 419 1305 καὶ.
436 1285 448 1298 κ
463 1273 497 1302 Ἥ
512 1271 634 1311 βασιλεία
651 1284 700 1309 μου
714 1273 760 1301 οὐκ
773 1273 842 1302 ἔστιν

13 1327 18 1336 '
48 1319 177 1347 ἐντεῦθεν·
205 1331 216 1342 ι
243 1316 289 1346 καὶ
317 1316 387 1354 ὅμως
413 1316 487 1346 οὐδὲν
509 1317 539 1346 ἐκ
570 1316 669 1346 τούτοιν
699 1317 840 1357 ὠφελήθη,

47 1362 105 1392 οὐδὲ
129 1361 241 1396 ἀντέστη
265 1361 331 1400 ὑπὲρ
356 1363 401 1397 τῆς
426 1361 568 1398 ἀληθείας,
591 1362 650 1390 ἀλλ’
677 1361 786 1391 ἐνέδωκε
810 1365 843 1402 τῇ

46 1411 92 1437 τοῦ
118 1406 199 1446 ὄχλου
223 1407 304 1445 ὁρμῇ.
321 1406 397 1436 Διὸὸ
420 1406 516 1446 Κύριος
539 1405 586 1439 τὰς
602 1406 743 1445 ἐρωτήσεις
764 1409 842 1437 αὐτοῦ

46 1454 82 1485 ὡς
110 1453 170 1486 εἶχῆ
206 1451 346 1490 γενομένας
377 1451 529 1488 διαπτύων,
554 1450 627 1480 οὐδὲν
657 1451 841 1491 ἀποκρίνεται.

44 1495 141 1530 κὈλως
158 1495 185 1524 δὲ
206 1496 326 1535 φαίνεται
348 1497 362 1524 ὁ
380 1495 497 1529 Πιλοίτος
521 1495 558 1535 μὴ
577 1496 684 1536 erepta;
705 1508 744 1529 τις
759 1492 843 1534 εἶναι,

44 1543 117 1571 ἀλλὰ
132 1540 178 1570 καὶ
193 1541 252 1569 λίαν
266 1540 318 1570 ὑπὸ
338 1542 390 1569 τῶν
411 1540 545 1580 τυχόντων
568 1540 708 1580 φοϐήτρων
729 1542 842 1572 διασειό-

44 1597 134 1625 μενος.
157 1585 213 1615 Καὶ
230 1585 281 1625 γὰρ
303 1585 350 1614 καὶ
374 1585 433 1619 τοὺς
455 1585 598 1619 Ἰουδαίους
622 1585 768 1622 ἐδεδοίκει,
799 1587 844 1616 καὶ

42 1631 89 1660 τὸν
106 1630 231 1666 Ἰησοῦν,
251 1632 286 1663 ὡς
311 1630 375 1660 Υἱὸν
403 1632 490 1666 Θεοῦ,
517 1630 648 1670 ἔφριττεν.
676 1630 791 1669 Ἴδωμεν
817 1632 844 1661 δὲ

42 1675 92 1704 καὶ
119 1677 177 1708 πῶς
199 1674 290 1704 ἑαυτὸν
311 1675 479 1714 κατακρίνει,
506 1676 539 1704 δι’
564 1670 601 1704 ὧν
624 1674 704 1714 λέγει·
723 1688 738 1703 (ι
756 1675 846 1710 Ἐξου-

41 1719 106 1749 σίαν
131 1719 187 1759 ἔχω
214 1720 367 1758 σταυρῶσαί
392 1731 436 1757 σε,
457 1721 503 1749 καὶ
529 1719 647 1752 ἐξουσίαν
674 1720 729 1759 ἔχω
746 1721 845 1750 ἀπολῦ-

40 1765 91 1794 σαί
108 1775 151 1794 σε.
171 1778 182 1790 ι
205 1765 238 1794 Εἰ
259 1764 310 1804 γὰρ
321 1763 351 1793 τὸ
366 1769 419 1793 πᾶν
439 1765 466 1794 ἐν
482 1764 523 1794 σοὶ
542 1765 641 1802 ἔκειτο,
664 1765 734 1798 τίνος
757 1765 845 1795 ἕνεκεν

40 1811 94 1839 οὔκ
111 1809 244 1845 ἀπέλυες,
265 1808 293 1837 δν
315 1809 433 1838 ἀναίτιον
463 1806 551 1848 εῧρεςς
577 1809 610 1838 Ὁ
635 1809 662 1838 δὲ
681 1810 777 1848 Κύριος
801 1811 845 1840 τὸν

38 1854 128 1894 τύψον
155 1854 237 1883 αὐτοῦ
259 1855 403 1883 κατασπῶν
415 1876 423 1890 ,
443 1865 457 1883 (ι
476 1855 535 1884 Οὐκ
553 1849 639 1894 εἶχες,
662 1855 759 1894 φησὶν,
776 1854 848 1888 ἐξου-

38 1899 106 1929 σίαν
131 1898 260 1936 οὐδεμίαν
287 1899 348 1927 κατ’
378 1899 460 1936 ἐμοῦ,
478 1900 500 1927 εἰ
529 1898 565 1936 μὴ
589 1898 621 1934 ἧν
643 1910 684 1928 σοι
708 1899 846 1937 δεδομένον

38 1944 159 1973 ἆνωοεν.
180 1954 193 1971 ι
211 1944 252 1972 Οὐ
267 1942 317 1982 γὰρ
339 1942 430 1977 ἅπλῶς
443 1942 525 1976 οὕτως
540 1943 716 1982 ἀποθνήσκω,
736 1945 805 1974 ἄλλοί
821 1956 845 1974 τι

38 1988 178 2027 μυστικὸν
202 1988 333 2025 ἐπιτελῶ,
352 1988 397 2017 καὶ
420 1987 519 2017 ἄνωθεν
534 1992 609 2018 τοῦτο
633 1989 668 2021 εἷς
684 1989 773 2024 κοινὴν
795 2001 847 2018 σω-

36 2032 142 2072 τηρίαν
158 2031 335 2071 προώρισται.
353 2031 417 2062 Ἵνα
430 2032 457 2061 δὲ
476 2033 512 2071 μὴ
531 2033 661 2068 ἀκούσας,
676 2034 716 2062 ὅτι
736 2047 746 2059 ι
759 2031 845 2063 Ἄνω-

37 2078 85 2107 θέν
111 2079 173 2106 ἔστι
195 2076 352 2115 δεδομένον,
367 2089 381 2107 ι)
401 2078 512 2117 νομίσῃς
539 2077 714 2117 ἀπηλλάχθαι
739 2079 848 2114 εὐθύνης

36 2122 121 2162 παρὰ
138 2123 205 2162 Θεῷ
221 2121 265 2150 τὸν
284 2122 400 2151 Πιλάτον
412 2144 420 2158 ,
437 2122 569 2163 ἐπιφέρει,
591 2122 632 2151 ὅτι
649 2134 664 2150 α
685 2121 720 2153 Ὁ
736 2124 848 2164 παραδι-

36 2167 104 2200 δούς
130 2165 168 2204 μέ
186 2177 227 2195 σοι
249 2165 356 2205 μείζονα
382 2167 516 2207 ἁμαρτίαν
536 2166 605 2206 ἔχει.
628 2181 641 2194 ι
658 2167 782 2197 Δείκνυσι
797 2168 848 2207 γὰρ

926 469 1016 496 Vnns.
1039 471 1114 496 8-11.
1140 479 1154 492 ι
1174 469 1242 496 Cum
1257 475 1322 503 ergo
1346 466 1467 495 audisset
1490 466 1595 495 Pilatus
1614 466 1687 496 hunc

891 521 1057 548 sermonem,
1074 513 1163 549 magis
1185 513 1287 540 timuit.
1313 513 1348 540 Et
1362 512 1503 547 ingressus
1524 516 1565 540 est
1589 517 1689 548 prmo-

891 558 963 586 rium
977 558 1089 591 iterum,
1104 563 1131 586 et
1144 558 1212 586 dicit
1226 557 1260 586 ad
1274 559 1368 585 Jesutn
1383 566 1388 585 :
1405 556 1487 585 Unde
1501 565 1531 584 es
1545 558 1596 585 tu?
1611 557 1690 586 Iesus

891 607 981 631 autem
993 611 1155 639 responsum
1168 610 1225 630 non
1234 602 1309 630 dedit
1324 602 1356 630 ei.
1370 602 1443 630 Dicit
1455 610 1520 638 ergo
1531 602 1553 630 ei
1564 602 1668 630 Pilatus
1680 612 1689 630 :

892 647 958 675 Mihi
973 656 1028 676 non
1042 648 1178 684 loqueris?
1193 647 1286 676 Nescis
1303 647 1377 683 quod
1393 651 1553 683 potestatem
1569 647 1688 675 habeam

891 692 1067 728 cruciﬁgendi
1090 697 1128 727 te,
1153 697 1180 721 et
1201 692 1317 720 habeam
1340 696 1501 728 potestatem
1528 692 1687 720 absolvendi

895 739 942 765 te?
963 737 1117 773 Respondit
1137 739 1218 765 Jesus
1234 746 1240 765 :
1255 739 1317 765 Non
1332 737 1446 765 haberes
1461 741 1627 772 potestatem
1643 737 1690 765 ad-

896 791 1004 810 versum
1024 791 1067 810 me
1081 783 1175 818 ullam,
1196 783 1248 810 nisi
1264 783 1311 810 tibi
1327 782 1422 810 datum
1437 787 1508 810 esset
1522 790 1536 810 e
1554 783 1690 818 supernis.

895 828 1041 862 Propterea
1056 828 1102 864 qui
1117 835 1160 855 me
1176 827 1286 855 tradidit
1302 827 1362 861 tibi,
1378 827 1467 863 majus
1481 831 1623 863 peccatum
1640 827 1690 855 ha-

896 871 950 899 bet.
978 883 990 896 »
1009 872 1109 900 Pilatus
1132 872 1241 907 quidem
1263 872 1355 900 audito
1381 872 1455 900 nudo
1476 880 1603 900 sermone
1616 872 1691 908 quod

894 918 930 944 sit
951 917 1036 944 Filius
1059 917 1117 949 Dei,
1143 917 1268 953 pavescit.
1289 917 1329 944 illi
1347 916 1429 944 etiam
1450 917 1579 952 operibus
1593 916 1692 945 divinis

895 961 960 989 visis
974 969 1037 989 eum
1051 961 1188 994 occidunt,
1204 965 1316 997 propter
1329 969 1390 997 qua:
1405 961 1519 989 adorare
1533 961 1689 996 oportebat.

895 1006 1052 1042 Interrogat
1060 1010 1154 1034 autem
1167 1014 1229 1034 eum
1241 1014 1298 1034 non
1314 1011 1343 1034 ut
1355 1007 1437 1042 prius,
1453 1018 1465 1030 α
1478 1005 1551 1041 Quid
1559 1006 1665 1034 fecisti?
1677 1017 1689 1030 ι

895 1051 953 1082 sed,
971 1062 984 1075 α
995 1051 1062 1086 Quis
1077 1059 1105 1079 es
1120 1054 1166 1079 tu?
1180 1063 1192 1075 ι
1204 1051 1276 1078 Nam
1286 1052 1348 1087 quia
1365 1055 1430 1078 tunc
1445 1051 1555 1087 quidem
1570 1055 1600 1078 ut
1612 1051 1690 1087 regni

896 1095 1053 1123 invasorem
1077 1096 1238 1132 arguebant,
1255 1096 1355 1124 merito
1379 1096 1504 1131 rogabat,
1521 1108 1533 1120 ι
1559 1095 1632 1130 Quid
1654 1094 1692 1124 fe-

896 1139 971 1169 cisti?
992 1152 1005 1165 n
1023 1141 1101 1168 Nunc
1113 1145 1203 1168 autem
1216 1140 1279 1176 quia
1293 1145 1422 1168 accusant
1440 1140 1514 1176 quod
1528 1140 1626 1168 Filium
1640 1140 1693 1168 Dei

896 1192 925 1213 se
939 1185 1045 1218 fecerit,
1055 1189 1142 1220 rogat,
1155 1184 1237 1220 747
1254 1197 1266 1209 ιι
1282 1184 1363 1213 Unde
1377 1193 1405 1212 es
1414 1187 1458 1213 tu?
1474 1197 1486 1209 ιι
1503 1186 1584 1213 Jesus
1599 1189 1693 1213 autem

896 1234 975 1257 tacet.
990 1230 1128 1258 Didicerat
1139 1230 1212 1257 enim
1227 1230 1261 1257 ab
1287 1237 1320 1257 eo
1336 1230 1437 1257 Pilatus
1452 1229 1528 1265 quod
1550 1241 1563 1254 ι
1586 1231 1617 1257 ιιι
1641 1229 1694 1258 hoc

896 1279 1056 1308 natussum,
1066 1286 1077 1298 -
1087 1279 1123 1309 et,
1135 1287 1146 1298 τι
1160 1276 1288 1311 Regnum
1300 1282 1392 1302 meum
1400 1283 1456 1302 nou
1465 1278 1506 1303 est
1514 1275 1592 1303 hinc:
1605 1286 1616 1298 α
1626 1279 1691 1302 atta»

897 1327 961 1347 men
983 1319 1051 1347 nihil
1072 1328 1102 1347 ex
1119 1320 1162 1347 his
1186 1320 1306 1356 percepit
1328 1320 1461 1354 utilitatis,
1484 1327 1572 1356 neque
1593 1320 1695 1348 restitit

896 1364 957 1392 aliis
980 1373 1029 1400 pro
1053 1365 1174 1399 veritate,
1202 1365 1250 1392 sed
1283 1365 1363 1392 cessit
1386 1365 1474 1393 turba:
1502 1365 1693 1393 tumultuanti.

897 1409 1002 1437 Idcirco
1022 1410 1158 1437 Dominus
1173 1409 1400 1446 interrogationes
1417 1410 1485 1446 ejus.
1501 1414 1597 1445 utpote
1611 1409 1696 1438 factas

896 1457 1009 1487 temere,
1033 1462 1172 1490 respuens,
1188 1454 1253 1482 nihil
1280 1454 1436 1490 respondet.
1461 1454 1581 1482 Omnino
1603 1458 1696 1482 autem

898 1499 1004 1526 videtur
1024 1499 1128 1527 Pilatus
1150 1508 1207 1526 non
1222 1507 1280 1527 esse
1304 1499 1426 1527 fervidus
1445 1503 1473 1527 et
1486 1503 1625 1532 constans,
1646 1499 1696 1527 sed

863 1546 885 1579 ο
899 1543 923 1571 is
938 1551 1019 1579 quem
1042 1543 1085 1572 vel
1106 1552 1191 1580 pauca
1206 1543 1332 1580 quaedam
1356 1544 1578 1572 terriculamenta
1597 1552 1697 1572 concu-

897 1589 981 1616 tiunt.
998 1590 1069 1616 Nam
1089 1593 1116 1616 et
1131 1589 1240 1616 Judzeos
1253 1589 1377 1621 timebat,
1393 1593 1421 1616 et
1439 1591 1534 1617 Jesum
1548 1593 1580 1617 ut
1595 1589 1694 1617 Filium

898 1634 949 1661 Dei
968 1633 1108 1661 horrebat.
1133 1633 1283 1661 Videamus
1298 1638 1390 1661 autem
1412 1634 1552 1670 quomodo
1576 1635 1696 1670 seipsum

898 1678 1067 1706 condemnet
1085 1687 1133 1714 per
1147 1687 1178 1706 ea
1195 1686 1255 1714 quae
1274 1679 1341 1706 dicit
1357 1689 1362 1706 :
1389 1689 1402 1703 α
1429 1680 1595 1706 Potestatem
1611 1679 1696 1707 habeo

898 1723 1073 1759 cruciﬁgendi
1089 1727 1125 1756 te,
1142 1727 1170 1750 et
1183 1727 1345 1759 potestatem
1360 1723 1445 1751 habeo
1460 1723 1614 1751 dimittendi
1628 1728 1664 1752 te.
1683 1735 1696 1748 ν

898 1767 925 1795 Si
950 1768 1023 1795 enim
1046 1767 1098 1795 hoc
1120 1772 1207 1795 totum
1240 1767 1336 1802 habes,
1360 1772 1388 1796 et
1413 1768 1440 1795 in
1465 1772 1492 1796 te
1515 1769 1600 1795 situm
1626 1772 1696 1796 erat.

899 1820 982 1848 quare
1004 1820 1061 1840 non
1082 1812 1208 1840 dimisisti
1227 1820 1310 1848 quem
1333 1813 1477 1840 innoxium
1496 1813 1648 1840 invenisti?
1663 1816 1700 1842 At

900 1857 1037 1886 Dominus
1051 1857 1154 1885 fastum
1169 1858 1226 1893 ejus
1236 1858 1403 1892 deprimens,
1419 1857 1508 1893 inquit
1524 1866 1531 1885 :
1549 1868 1562 1881 ι
1576 1859 1638 1884 Non
1653 1857 1699 1884 ha-

899 1902 977 1930 beres
990 1907 1153 1938 potestatem
1167 1903 1251 1930 ullam
1266 1901 1411 1930 adversum
1427 1910 1483 1935 me,
1498 1902 1550 1929 nisi
1565 1905 1636 1929 esset
1649 1901 1700 1929 tibi

899 1955 1017 1983 superne
1030 1948 1136 1975 datum.
1157 1959 1170 1972 ν
1187 1949 1247 1975 Νοιι
1262 1947 1338 1975 enim
1352 1947 1389 1975 ita
1404 1946 1566 1982 simpliciter
1581 1945 1698 1980 morior,

900 1992 947 2020 sed
959 1992 1104 2028 mysticum
1115 1992 1217 2028 aliquid
1232 1991 1351 2028 perficio,
1367 1996 1395 2019 et
1409 1991 1575 2027 przcﬁuitum
1591 1995 1633 2019 est
1646 1991 1699 2019 hoc

900 2045 1020 2073 superne
1040 2037 1065 2064 in
1085 2038 1202 2065 salutem
1218 2037 1372 2064 hominum.
1388 2037 1428 2064 Ne
1449 2041 1552 2070 autem,
1568 2044 1633 2063 eum
1648 2044 1697 2064 au-

901 2081 982 2110 dieris
991 2082 1065 2118 quod
1082 2094 1093 2106 ει
1106 2089 1222 2118 superne
1235 2082 1272 2109 sit
1284 2081 1388 2116 datum,
1399 2091 1413 2107 »
1430 2081 1568 2108 existimes
1582 2081 1699 2109 Pilatum

901 2126 973 2162 apud
995 2128 1083 2154 Deum
1103 2134 1117 2154 a
1131 2127 1211 2162 culpa
1232 2126 1393 2160 liberatum,
1415 2126 1510 2154 statim
1530 2125 1670 2154 subinl‘ert
1689 2135 1696 2152 ι

903 2182 916 2196 ι
937 2171 990 2206 Qui
1004 2170 1115 2199 tradidit
1130 2179 1175 2199 me
1197 2171 1256 2205 tibi,
1279 2171 1367 2207 majus
1389 2175 1532 2207 peccatum
1559 2170 1654 2198 habet.
1684 2182 1696 2195 n

35 2213 170 2242 ἐντεῦθεν
197 2210 242 2240 καὶ
262 2210 305 2240 τὸν
331 2212 448 2241 Πιλάτον
479 2211 612 2251 ἁμαρτίας
642 2211 800 2250 ὑπεύθυνον,
827 2224 838 2241 ε

903 2215 1035 2244 Ostendit
1047 2215 1120 2243 enim
1134 2216 1197 2243 hinc
1207 2220 1234 2243 et
1244 2216 1360 2243 Pilatum
1375 2220 1496 2251 peccato,
1511 2215 1637 2251 quamvis
1646 2215 1700 2243 mi-

34 2256 86 2285 καὶ
103 2255 262 2289 ἐλάττονος.
279 2257 320 2286 Οὖ
336 2256 387 2296 γὰρ
407 2256 496 2292 ἱπειδὴ
515 2256 613 2286 ἄνωθεν
630 2257 750 2296 ἐδέδοτο,
767 2269 845 2286 τουτ-

33 2301 99 2330 έστι
114 2324 124 2338 ,
143 2301 337 2340 συγκεχιίιρητο
362 2301 392 2330 τὸ
416 2303 556 2331 ἀποθανεῖν
572 2301 616 2330 τὸν
638 2302 773 2341 Χριστὸνξ,
797 2303 848 2339 ἤδη

35 2345 168 2374 ἀναίτιοί
183 2347 247 2374 εἰσιν
264 2345 279 2374 ὅ
299 2357 327 2374 τε
346 2346 461 2379 Πιλάτος
483 2346 529 2375 καὶ
550 2348 574 2376 οἱ
599 2346 733 2376 Ἰουδαῖοι·
761 2348 850 2382 ἀλλ’ἢ

33 2390 89 2428 μὲν
120 2389 245 2428 ὑμετέρα
269 2390 419 2430 προαίρεσις
449 2391 478 2420 τὸ
501 2391 583 2420 κακὸν
611 2390 757 2430 ἐϐούλετο,
786 2393 800 2420 ὁ
822 2392 850 2422 δὲ

32 2435 114 2468 Θεὸς
149 2434 243 2471 εἴασε,
270 2434 317 2463 καὶ
338 2435 522 2475 συνεχώρησεν
549 2437 584 2469 εἰς
613 2435 688 2475 ἔργον
715 2436 852 2476 προϐῆναι

32 2479 164 2516 ταύτην.
193 2478 298 2509 Οὔκουν
314 2480 426 2509 ἀναίτιοι
450 2481 473 2510 οἱ
487 2481 617 2521 πονηροὶ,
641 2479 732 2516 ἐπειδὴ
756 2481 852 2514 δΘεὸς

31 2526 191 2564 συγχωρεῖ
221 2523 268 2558 τὴν
291 2525 378 2553 αὐτῶν
412 2524 510 2554 κακίαν
542 2527 578 2558 εἷς
606 2524 682 2566 ἔργον
711 2524 852 2555 ἐκϐαίνειν·

31 2569 113 2597 ἀλλὰ
131 2568 206 2598 διότι
223 2568 269 2597 καὶ
286 2568 426 2608 βούλονται
448 2569 493 2598 καί
515 2569 740 2610 διαπράττονται,
765 2571 853 2607 πάσης

30 2613 240 2653 κατακρίσεως
260 2612 339 2647 ἄξιοι.

82 2671 97 2685 ι
121 2658 184 2688 Ἐκ
201 2657 294 2687 τούτου
317 2658 402 2695 ἐζήτει
426 2660 439 2688 ὁ
466 2658 585 2693 Πιλάτος
605 2660 739 2689 ἀπολῦσαι
762 2660 852 2692 αὐτόν.

29 2704 72 2733 Οἱ
108 2702 142 2732 δὲ
174 2702 300 2732 Ἰουδαῖοι
329 2703 457 2743 ἔκραζον,
482 2703 611 2743 λέγοντες·
643 2718 655 2731 σι
673 2705 738 2735 Ἐὰν
763 2707 854 2734 τοῦτον

28 2747 213 2786 ἀπολύσῃς,
229 2749 276 2777 οὐκ
296 2743 321 2777 εἶ
333 2749 406 2788 φίλος
430 2751 474 2777 τοῦ
499 2749 646 2790 Καίσαρος.
663 2751 724 2782 Πᾶς
746 2751 759 2778 ὁ
779 2752 856 2789 βασι-

27 2791 86 2821 λέα
105 2792 215 2822 ἑαυτὸν
229 2794 329 2830 ποιῶν,
345 2793 475 2832 ἀντιλέγει
492 2794 530 2834 τῷ
547 2794 676 2834 Καίσαρι,
696 2793 733 2824 Ὁ
744 2790 788 2824 οὖν
805 2795 855 2825 Πι-

199 2842 316 2870 Ρλτιιοι..
333 2843 385 2871 Gn.
406 2843 516 2871 CXXIV.

902 2261 964 2288 nori
980 2260 1143 2289 obnoxium.
1163 2261 1225 2288 Non
1241 2261 1317 2288 enim
1330 2261 1392 2296 quia
1407 2268 1522 2296 superne
1536 2259 1631 2288 datum
1647 2264 1699 2293 est,

902 2305 954 2333 hoc
968 2311 1020 2340 est,
1035 2313 1198 2333 concessum
1213 2309 1254 2332 est
1266 2309 1297 2333 ut
1309 2305 1444 2332 moriatur
1459 2305 1593 2338 Christus,
1608 2305 1701 2332 statim

904 2354 980 2378 extra
1003 2357 1103 2378 noxam
1129 2353 1193 2377 sunt
1226 2349 1329 2377 Pilatus
1355 2353 1383 2377 et
1410 2349 1512 2382 Judaei;
1539 2348 1588 2377 sed
1611 2354 1703 2378 vestra

905 2394 1016 2430 quidem
1030 2395 1155 2422 voluntas
1167 2394 1271 2422 malum
1283 2393 1377 2427 voluit,
1391 2395 1466 2421 Deus
1476 2398 1570 2421 autem
1581 2393 1704 2429 permisit

904 2443 932 2467 et
941 2439 1079 2467 concessit
1094 2443 1124 2467 ut
1134 2439 1161 2466 in
1172 2447 1241 2475 opus
1255 2438 1308 2466 hoc
1323 2437 1519 2474 progrediatur.
1538 2438 1625 2475 Igitur
1635 2438 1700 2466 mali

905 2492 960 2512 non
971 2489 1037 2512 sunt
1047 2484 1115 2512 citra
1130 2484 1250 2520 culpam,
1263 2483 1327 2520 quia
1345 2484 1420 2511 Deus
1434 2483 1561 2519 permisit
1574 2484 1701 2520 ipsorum

908 2528 1039 2556 malitiam
1060 2528 1171 2565 prodire
1186 2528 1213 2556 in
1229 2536 1308 2564 opus;
1324 2528 1371 2556 sed
1386 2536 1418 2556 eo
1433 2527 1507 2564 quod
1523 2532 1550 2556 et
1565 2528 1664 2556 volunt
1675 2531 1704 2556 et

909 2573 1022 2607 faciunt,
1044 2573 1118 2602 omni
1141 2573 1373 2601 condemnatione
1393 2577 1458 2601 sunt
1475 2572 1560 2608 digni.

944 2664 1029 2691 Vsns.
1050 2666 1145 2691 12-14.
1162 2674 1175 2686 ιι
1191 2664 1226 2691 Et
1241 2671 1273 2690 ex
1288 2671 1321 2691 eo
1337 2663 1478 2699 quaarebat
1493 2663 1594 2691 Pilatus
1616 2662 1704 2690 absol-

911 2715 974 2735 vere
996 2715 1071 2735 eum.
1096 2707 1184 2735 Judaei
1201 2711 1294 2735 autem
1310 2708 1478 2741 clamabant,
1497 2706 1621 2734 dicentes
1652 2715 1658 2732 :
1677 2706 1706 2734 Si

907 2753 982 2781 hunc
994 2752 1154 2786 absolveris,
1168 2759 1223 2779 non
1234 2760 1263 2779 es
1278 2752 1385 2779 amicus
1397 2751 1519 2780 Cazsaris.
1534 2751 1665 2787 Quisquis
1678 2759 1707 2779 se

912 2805 1008 2834 regem
1023 2796 1098 2832 facit,
1117 2796 1282 2825 contradicit
1296 2797 1409 2825 Caesari.
1424 2796 1527 2824 Pilatus
1539 2799 1631 2824 autem
1642 2804 1708 2824 cum

1550 2841 1567 2868 9
