1927 3076
245 157 298 184 267

753 153 1008 182 THEOPHYLACTI
1028 153 1206 182 BULGARIA'I
1224 153 1382 181 ARCHIEP.

1842 153 1900 181 268

244 217 366 246 audisset
385 217 460 246 hunc
482 225 651 250 sermonem,
676 216 807 253 produxit
832 215 908 245 foras
930 218 1038 250 Jesum,

1102 217 1179 250 λάτος
1200 216 1314 250 ἀκούσας
1338 217 1430 245 τοῦτον
1454 214 1499 244 τὸν
1525 214 1619 254 λόγον,
1646 215 1749 254 ἤγαγεν
1774 215 1824 250 ἔξω
1852 218 1901 247 τὸν

243 263 366 299 seditque
376 271 425 299 pro
441 262 572 290 tribunali
587 263 614 290 in
629 263 690 290 loco
705 262 750 298 qui
764 261 862 289 dicitur
886 261 1038 290 Lithostro-

244 311 298 342 tos,
315 307 440 335 hebraiee
458 311 553 335 autem
575 306 725 335 Gabbatha.
752 308 819 334 Erat
835 310 929 335 autem
958 315 1039 342 para-

245 360 323 380 sceve
347 351 471 385 Pascha},
487 352 553 379 hora
566 351 653 379 ferme
675 355 764 380 sexta.
791 363 804 375 ι
820 353 969 387 Postquam
985 353 1041 380 Do-

245 397 340 424 minus
357 397 513 432 perstrinxit
526 396 644 424 Pilatum
665 404 712 432 per
728 396 819 430 verba,
836 400 865 424 et
884 396 1038 423 excusatio-

244 449 309 469 nem
326 441 382 469 sive
394 440 581 469 defensionem
596 441 734 475 adhibuit,
748 441 822 476 quod
837 441 893 468 Nisi
914 441 1041 469 volunta-

244 485 304 514 rius
319 493 370 521 ego
390 485 526 522 meipsum
539 485 643 519 darem,
663 490 690 513 et
703 486 783 513 Pater
797 485 968 519 concederet,
984 493 1040 513 non

245 530 358 558 haberes
379 533 544 566 potestatem
565 533 660 558 contra
679 538 734 564 me,
756 534 783 558 et
805 529 878 566 quod
899 534 1040 566 peccatum

244 574 344 603 habeas
359 579 387 603 et
399 579 439 609 tu,
456 579 485 603 et
499 574 585 603 Judas
602 579 697 603 tamen
709 575 810 610 majus,
831 575 879 611 qui
896 583 940 602 me
954 574 1040 602 tradi-

244 619 295 654 dit,
311 619 354 648 vel
375 619 460 648 etiam
482 620 609 656 populus,
633 628 665 647 eo
681 620 755 655 quod
778 631 791 644 ‹‹
808 621 896 655 Super
917 619 1041 648 dolorem

244 664 387 692 vulnerum
405 672 531 692 meorum
544 664 650 692 addidit
664 665 686 698 ',
702 668 730 692 et
751 672 807 692 non
821 668 862 692 est
882 664 1041 692 recordatus

243 713 275 736 ut
285 708 368 737 faciat
382 710 598 738 misericordiam
610 709 633 742 ',
654 721 667 734 ιο
687 709 736 737 sed
751 717 815 737 cum
828 709 976 737 invenisset
995 717 1041 737 me

243 754 394 790 patrocinio
415 758 442 782 et
468 754 607 790 adjutorio
628 753 804 788 destitutum,
824 754 897 782 cruci
921 753 1040 789 tradidit,

243 802 270 827 et
281 807 373 835 neque
392 799 567 835 taliajudicia
582 799 610 827 in
623 798 723 835 quibus
745 799 873 826 innoxius
887 798 1041 826 declaratus

242 851 317 877 sum,
340 851 404 872 eum
429 844 583 880 placarunt,
609 843 657 871 sed
680 843 828 879 clamabat,
856 854 869 868 α
895 843 1039 879 Cruciﬁge,

243 889 374 925 cruciﬁge
395 899 401 917 :
420 900 433 913 ιι
447 897 511 916 cum
526 889 568 923 iis,
592 888 717 924 inquam,
734 888 813 916 dictis
828 888 965 916 Dominus
980 897 1040 924 per-

241 933 396 961 strinxisset
409 933 538 968 Pilatum,
558 945 570 957 ι
588 933 728 969 quaerebat
746 941 777 960 ex
795 933 847 961 hoc
863 945 875 957 ιι
893 933 936 961 ille
951 934 1041 969 magis

243 989 256 1002 ι
274 977 413 1006 dimittere
429 986 503 1006 eum.
522 989 534 1002 ν
550 978 638 1006 ,Ιυὰεεὶ
653 983 746 1006 autem
761 984 827 1005 cum
846 978 937 1014 ipsum
956 986 1040 1006 accu-

239 1027 345 1051 sassent
359 1023 431 1058 quod
448 1025 538 1051 Deum
559 1031 589 1050 se
604 1022 715 1055 faceret,
733 1022 817 1058 748
831 1030 864 1051 ac
886 1023 974 1059 legem
989 1023 1040 1051 ob-

237 1068 380 1104 jecissent,
394 1075 423 1096 se
446 1068 530 1095 refelli
550 1068 683 1103 putabant
708 1070 749 1100 (ex
765 1067 817 1095 hoc
837 1068 939 1095 Pilatus
954 1068 1040 1104 magis

239 1113 344 1145 timuit,
354 1117 382 1140 et
394 1113 478 1140 voluit
489 1113 627 1140 dimittere
636 1120 711 1146 eum,
722 1120 757 1139 ne
769 1112 838 1140 forte
852 1115 941 1140 Deum
953 1112 1040 1140 offen-

238 1157 336 1191 deret),
354 1157 456 1185 iterum
478 1157 641 1193 confugiunt
655 1157 690 1185 ad
711 1161 840 1185 externas
862 1157 946 1192 leges,
961 1162 989 1185 et
1009 1161 1041 1186 ut

238 1202 434 1230 meticulosum
457 1206 563 1230 terrent
586 1202 715 1230 Pilatum.
743 1203 815 1230 Nam
838 1202 900 1238 quia
916 1202 1042 1230 viderant

238 1255 302 1275 eum
312 1247 414 1283 pietate
425 1247 541 1280 moveri,
556 1255 589 1274 ne
604 1247 705 1275 Filium
721 1247 770 1274 Dei
785 1246 933 1275 occidendo
945 1247 1041 1275 Jesum

238 1296 343 1328 peccet,
359 1296 467 1320 metum
482 1292 599 1320 Caesaris
614 1291 759 1324 incutiunt,
775 1295 803 1320 et
814 1296 975 1320 accusantes
987 1293 1042 1320 Do-

235 1336 344 1365 minum
359 1336 395 1365 de
409 1337 564 1373 tyrannide,
582 1336 702 1364 Pilatum
726 1336 817 1372 magis
839 1340 943 1364 terrent
960 1337 1040 1373 quasi

237 1381 412 1410 offensurum
421 1382 569 1416 Caesarem,
584 1381 607 1409 si
618 1381 749 1409 rebellem
763 1381 841 1408 illum
854 1381 992 1409 dimittat.
1009 1383 1044 1418 Ει

236 1426 284 1454 ubi
298 1426 343 1454 ille
360 1427 388 1454 in
402 1426 548 1462 tyrannide
562 1426 767 1462 deprehensus?
782 1425 863 1454 Unde
879 1430 972 1454 autem
988 1426 1041 1455 hoc

237 1471 405 1500 ostendatis?
417 1479 485 1498 num
497 1479 512 1498 a
525 1472 665 1506 purpura?
678 1478 743 1498 num
757 1478 773 1498 a
785 1470 957 1499 diademate?
972 1480 1039 1501 num

1095 263 1198 298 Ἰησοῦν
1208 283 1216 298 ,
1231 261 1276 290 καὶ
1292 260 1412 290 ἐκάθισεν
1435 259 1478 290 ἐπὶ
1501 262 1547 288 τοῦ
1562 259 1682 300 βήματος
1700 262 1736 294 εἷς
1752 261 1834 290 τόπον
1850 261 1901 288 λε-

1094 309 1205 348 γόμενον
1221 305 1403 345 Λιθόστρωτον
1414 327 1424 342 ,
1437 304 1580 344 Ἐϐραϊστὶ
1596 304 1622 334 δὲ
1639 305 1783 336 Γαϐϐαθᾶ.
1795 301 1856 336 τΗν
1870 304 1901 334 δὲ

1095 350 1254 392 παρασκευὴ
1265 353 1309 380 τοῧ
1326 350 1442 389 Πάσχα,
1457 349 1514 389 ὥρα
1530 349 1558 379 δὲ
1568 349 1632 379 ὡσεὶ
1649 350 1726 386 ἕκτη.
1741 361 1756 379 n
1778 349 1902 385 Ἐπειδὴ

1095 395 1245 431 κατέπληξε
1259 395 1303 425 τὸν
1321 395 1440 425 Πιλάτον
1462 396 1476 423 6
1494 394 1588 434 Κύριος
1611 395 1654 424 διὰ
1677 397 1730 424 τῶν
1749 395 1902 436 ῥημάτων,

1096 442 1141 472 καὶ
1157 443 1228 482 σαφῆ
1244 440 1394 478 παρέσχετο
1406 438 1454 475 τὴν
1470 439 1632 478 ἀπολογίαν,
1647 438 1689 469 ὅτι
1712 441 1746 470 Εἰ
1766 439 1806 477 μὴ
1828 439 1901 469 ἑκὼν

1096 486 1148 524 ἐγὼ
1164 485 1277 522 ἐμαυτὸν
1302 485 1416 520 ἐδίδουν,
1439 484 1484 513 καὶ
1508 486 1522 513 6
1538 483 1634 523 Πατὴρ
1660 483 1825 524 συνεχώρει,
1852 485 1902 514 οὐκ

1096 527 1165 571 εἶχες
1177 529 1297 564 ἐξουσίαν
1313 530 1372 558 κατ’
1388 529 1468 567 ἐμοῦ,
1487 528 1534 558 καὶ
1549 529 1590 558 ὅτι
1610 529 1745 569 ἁμαρτίαν
1761 528 1837 569 ἔχεις
1854 529 1903 558 καὶ

1096 576 1147 612 σὺ,
1164 575 1209 605 καὶ
1232 574 1338 612 μείζονα
1366 573 1469 606 Ἰούδας
1497 575 1510 602 6
1525 574 1684 613 παράδιδούς
1709 585 1759 612 με,
1821 573 1874 603 καὶ
1889 575 1904 603 6

1096 620 1176 656 λαὸς,
1191 618 1257 649 διότι
1270 633 1280 646 ι
1297 618 1363 649 Ἐπὶ
1373 618 1403 648 τὸ
1413 619 1492 656 ἄλγος
1507 619 1558 647 τῶν
1574 618 1736 658 τραυμάτων
1749 630 1802 657 μου
1812 630 1902 658 προσ-

1096 666 1189 701 έθηκε,
1203 664 1250 693 καὶ
1271 664 1319 692 οὐκ
1334 662 1455 701 ἐμνήσθη
1479 664 1589 697 ποιῆσαι
1602 663 1689 699 ἔλεος,
1704 677 1715 690 ι
1729 663 1795 693 ἀλλ’
1808 663 1902 702 εὑρών

1097 722 1129 748 με
1151 709 1350 748 ἆσυνηγόρητον
1371 707 1416 737 καὶ
1431 707 1580 743 ἀϐοήθητον
1590 709 1724 748 ,σταυρῷ
1739 707 1901 748 παρέδωκε,

1096 755 1142 784 καὶ
1157 753 1215 784 οὐδὲ
1229 756 1347 783 τοσαῦτα
1364 752 1522 792 δικαστήρια
1533 775 1540 786 ,
1558 752 1584 787 ἐξ
1601 747 1638 782 ὧν
1659 752 1798 786 ἀνεύθυνος
1819 752 1902 788 ἐξῆλ-

1096 803 1151 836 θον,
1167 797 1378 833 κατεδυσωπήθη
1388 820 1396 834 ,
1412 798 1472 826 ἀλλ’
1488 797 1569 836 ἐϐόα,
1587 811 1599 823 ι
1616 797 1794 836 Σταύρωσον,
1812 796 1902 826 σταύ-

1097 855 1188 884 ρωσον
1205 858 1216 870 ι
1233 843 1290 873 ἐπεὶ
1313 838 1358 872 οἶν
1383 844 1467 872 ταῦτα
1487 842 1568 871 εἰπὼν
1584 844 1597 871 6
1623 842 1720 881 Κύριος
1743 841 1903 877 κατέπληξε

1094 890 1137 919 τὸν
1155 889 1284 924 Πιλάτον,
1304 886 1416 923 «ἐζήτει
1430 888 1460 916 ἐκ
1475 887 1567 916 τούτου
1582 898 1596 915 n
1614 887 1716 925 μᾶλλον
1736 897 1751 915 ιι
1762 888 1903 916 ἀπολῦσαι

1095 934 1182 963 αὐτόν.
1203 948 1213 959 »ι
1240 933 1366 963 Ἰουδαῖοι
1382 932 1426 971 δὲ,
1445 931 1502 960 ἐπεὶ
1525 933 1560 965 ὡς
1575 932 1644 962 Θεὸν
1659 935 1786 962 ποιοῦντα
1803 931 1901 960 ἑαυτὸν

1095 978 1295 1012 διαϐάλλοντες,
1319 976 1365 1006 καὶ
1388 976 1432 1006 τὸν
1456 977 1534 1014 νόμον
1562 976 1783 1015 προσενεγκόντες
1814 976 1900 1015 ἠλέγο

1093 1026 1195 1064 χθησαν
1221 1023 1250 1062 (ὃ
1267 1021 1319 1062 γὰρ
1337 1021 1451 1054 ΙΙιλάτος
1475 1022 1503 1050 ἐκ
1520 1021 1612 1051 τούτου
1633 1021 1734 1059 μᾶλλον
1755 1020 1898 1061 ἐφοϐήθη,

1094 1068 1139 1097 καὶ
1161 1067 1284 1097 ἐϐούλετο
1298 1067 1429 1096 ἀπολῦσαι
1443 1066 1535 1102 αὐτὸν,
1551 1065 1647 1105 μήπως
1662 1067 1724 1105 Θεῷ
1739 1066 1900 1106 προσκρού-

1094 1112 1154 1152 σῃ·)
1173 1113 1254 1141 πάλιν
1281 1111 1325 1140 ἐπὶ
1347 1110 1407 1144 τοὺς
1428 1109 1476 1145 ἔξω
1492 1112 1587 1149 νόμους
1611 1111 1826 1149 καταφεύγουσι,
1839 1110 1902 1152 ,καὶ

1146 1150 1267 1197 ψοφοδεῆ
1297 1156 1437 1195 ἐκφοϐοῦσι
1463 1155 1506 1184 τὸν
1532 1155 1658 1186 Πιλάτον.
1683 1154 1734 1188 ²Ως
1755 1155 1809 1195 γὰρ
1827 1150 1900 1184 εἶδον

1096 1203 1174 1231 αὐτὸν
1193 1200 1402 1238 εὐλαϐούμενον,
1427 1200 1465 1239 μὴ
1481 1200 1545 1230 Υἱὸν
1563 1203 1633 1232 Θεοῦ
1645 1200 1709 1230 ὄντα
1724 1199 1901 1240 κατακρίνι-ιν

1095 1247 1140 1275 τὸν
1156 1246 1261 1282 Ἰησοῦν
1284 1245 1409 1285 ἁμάρτῃ,
1437 1245 1480 1275 τὸν
1505 1245 1585 1286 φόϐον
1605 1247 1650 1274 τοῦ
1669 1245 1806 1285 Καίσαρος
1833 1246 1899 1274 ἐπι-

1097 1291 1210 1320 σείουσιν
1224 1292 1313 1330 αὐτῷ,
1332 1290 1378 1319 καὶ
1395 1289 1439 1319 ἐπὶ
1458 1290 1592 1330 τυραννίδι
1605 1289 1648 1319 τὸν
1666 1290 1762 1330 Κύριον
1780 1290 1900 1319 διαϐάλ-

1095 1336 1199 1373 λοντες,
1227 1336 1414 1374 ἔκδειματοῦσι
1440 1334 1484 1364 τὸν
1503 1336 1635 1371 Πιλάτον,
1655 1336 1690 1368 ὡς
1715 1335 1899 1374 προσκρούειν

1096 1381 1226 1419 μέλλοντα
1250 1379 1385 1420 Καίσαρι,
1411 1379 1482 1418 εἴγε
1507 1379 1634 1409 ἀπολύσει
1657 1379 1702 1408 τὸν
1729 1380 1898 1419 ἀνταίροντα

1096 1427 1177 1466 αὐτῷ.
1210 1424 1266 1455 Καὶ
1290 1428 1341 1454 ποῦ
1368 1424 1517 1464 τυραννίδος
1544 1421 1618 1458 οἶτος
1646 1425 1735 1460 iam»;
1762 1425 1845 1454 πόθεν
1873 1426 1899 1456 δὲ

1093 1473 1169 1500 τοῦτο
1186 1469 1297 1505 δείξετε;
1314 1469 1378 1499 Ἀπὸ
1401 1471 1449 1505 τῆς
1465 1469 1638 1509 ἁλουργίδος;
1661 1468 1715 1498 ἀπὸ
1729 1471 1774 1498 τοῦ
1792 1470 1900 1507 διαδή-
1925 1479 1927 1496 i

238 1524 254 1544 a
277 1516 442 1544 militaribus
465 1515 567 1551 signis?
587 1523 681 1543 nonne
697 1515 791 1542 omnia
820 1523 882 1551 quze
907 1515 1037 1552 habebat,

1095 1526 1196 1554 ματος;
1214 1515 1268 1544 ἀπὸ
1288 1516 1340 1544 τῶν
1361 1516 1575 1554 στρατιωτικῶν,
1597 1515 1637 1544 Οὐ
1653 1514 1742 1543 πάντα
1760 1515 1836 1554 αὖτῷ
1857 1517 1901 1545 εὖο

1228 1560 1232 1562 .
1299 1560 1304 1562 _
1321 1559 1326 1562 .
1399 1559 1403 1562 .
1495 1559 1500 1562 .
1575 1559 1580 1562 .
1612 1554 1626 1562 ...
1743 1560 1747 1562 .
1871 1556 1886 1562 -

236 1561 318 1589 vilia?
333 1565 362 1588 et
375 1561 446 1588 stola
466 1564 493 1588 et
507 1560 597 1594 cibus,
618 1564 645 1588 et
665 1560 782 1589 domus?
796 1561 856 1588 Imo
871 1561 896 1589 ei
921 1569 972 1590 nec
985 1562 1038 1590 do-

239 1612 303 1632 mus
317 1608 387 1632 erat.
404 1605 456 1633 Sed
471 1613 487 1633 o
502 1605 625 1632 Pilatum
640 1613 737 1640 parum
753 1605 872 1633 virilem!
889 1606 1040 1636 Periclitari

239 1649 293 1678 sibi
309 1650 382 1677 visus
396 1654 448 1684 est,
472 1650 493 1677 si
515 1649 627 1685 quidem
643 1649 713 1677 hanc
734 1658 845 1678 causam
858 1651 1041 1681 indiscussam

237 1694 395 1731 negligeret.
412 1696 485 1722 Nam
503 1695 575 1722 vadit
598 1694 708 1730 quidem
731 1695 808 1731 quasi
831 1696 1040 1726 examinaturus

238 1740 392 1775 negotium,
415 1740 467 1767 hoc
486 1739 560 1767 enim
582 1740 666 1767 sessio
685 1740 829 1776 signiﬁcat.
854 1741 933 1770 Nulla
947 1746 1040 1770 autem

238 1785 443 1813 examinatione
458 1784 543 1819 facta,
566 1784 651 1812 tradit
667 1785 754 1818 illum,
768 1786 929 1814 existimans
949 1795 979 1815 se
1002 1787 1041 1815 sic

241 1829 303 1857 illos
324 1830 507 1865 placaturum.
533 1829 680 1865 Quomodo
695 1834 798 1865 autem,
817 1831 912 1859 Marco
933 1831 1040 1860 dicente

238 1875 350 1903 tertiam
377 1875 473 1902 horam
498 1875 609 1911 quando
631 1874 757 1903 Christus
781 1876 992 1912 cruciﬁgebatur
1017 1877 1038 1912 ‘,

236 1921 358 1947 Joannes
375 1924 483 1947 sextam
496 1920 560 1947 dicit
573 1920 604 1947 5?
619 1920 705 1956 igitur
719 1919 772 1948 hoc
788 1921 897 1948 solvunt
911 1921 1037 1957 quidam,

237 1965 312 2001 quod
322 1965 464 2000 scripturae
478 1973 556 1992 error
567 1965 611 1992 sit.
622 1966 693 1992 Nam
705 1965 795 1993 littera
804 1965 915 2001 quidem
928 1973 1039 2001 gamma

237 2010 350 2038 tertiam
369 2009 467 2037 horam
482 2009 626 2045 signiﬁcat,
643 2015 671 2038 et
684 2014 726 2038 est
737 2010 878 2038 character
890 2010 948 2046 ejus
963 2011 1037 2045 talis,

239 2055 272 2088 1‘;
291 2055 383 2082 littera
396 2058 491 2082 autem
507 2062 568 2090 qua:
582 2060 689 2083 sextam
709 2055 814 2091 signat,
831 2054 916 2082 habet
938 2054 1037 2084 chara-

237 2104 342 2128 cterem
356 2100 447 2134 talem,
459 2100 500 2134 ς.
515 2100 672 2128 Verisimile
697 2100 778 2135 igitur
793 2099 912 2127 litteram
927 2108 1036 2135 gamma

238 2152 255 2172 a
273 2144 452 2180 scriptoribus
471 2153 529 2172 non
548 2145 659 2172 attentis
676 2145 807 2171 transisse
825 2152 855 2172 ea
883 2149 960 2180 parte
976 2153 1037 2181 qua:

239 2189 266 2217 in
283 2189 482 2226 longitudinem
508 2194 613 2218 rectam
629 2189 831 2225 producebatur
850 2189 993 2217 incurvata
1009 2190 1037 2217 in

238 2233 425 2262 characterem
440 2234 566 2270 episemi,
581 2242 637 2270 quo
652 2237 747 2261 sextus
759 2241 893 2261 numerus
905 2233 1037 2269 signatur,

238 2283 264 2307 et
289 2279 328 2307 sic
344 2287 466 2307 errorem
479 2279 553 2306 hunc
571 2283 672 2306 ortum.
697 2277 778 2312 Quod
796 2281 891 2306 autem
905 2278 958 2306 hoc
971 2279 1040 2306 veri-

236 2324 329 2352 simile
349 2325 384 2351 sit
404 2323 507 2352 l’actum
531 2331 601 2357 esse,
616 2329 643 2350 et
660 2322 770 2350 tertiam
785 2322 882 2350 horam
906 2323 1038 2359 scriptam

239 2376 299 2396 esse
319 2370 403 2397 etiam
427 2368 502 2404 apud
525 2370 674 2401 Joannem,
700 2371 727 2395 et
746 2375 802 2395 non
826 2371 942 2403 sextam,
969 2368 1039 2396 sicut

237 2422 325 2448 nunc,
341 2413 521 2441 manifestum
535 2412 598 2439 hinc
613 2416 662 2439 est.
678 2413 750 2439 Nam
772 2420 834 2440 cum
848 2416 907 2440 tres
921 2420 1038 2446 cvange-

237 2459 317 2493 listae,
347 2458 505 2492 Mattheus,
535 2458 645 2484 Marcus
673 2460 700 2484 et
737 2457 825 2484 Lucas
858 2462 1038 2485 consonanter

237 2503 330 2532 dicant
345 2503 418 2538 quod
442 2513 455 2526 ι
471 2510 486 2530 a
508 2505 583 2529 sexta
599 2501 666 2529 hora
679 2501 799 2530 tenebrae
816 2501 896 2530 facta:
917 2506 982 2530 sunt
993 2510 1036 2530 su-

235 2556 285 2584 per
299 2548 456 2575 universam
473 2552 574 2574 terram
589 2554 674 2582 usque
688 2547 722 2574 ad
737 2546 835 2574 horam
856 2555 961 2574 nonam
981 2546 1004 2579 δ,
1023 2559 1034 2571 ιι

234 2592 411 2620 manifestum
428 2591 504 2627 quod
521 2591 657 2619 Dominus
673 2595 767 2619 noster
780 2596 843 2619 ante
865 2597 971 2619 sextam
986 2592 1037 2620 lio-

233 2645 304 2668 ram,
337 2636 496 2672 priusquam
533 2635 630 2663 ﬁerent
654 2636 787 2670 tenebrze,
821 2637 966 2664 cruciﬁxus
989 2638 1034 2671 sit,

233 2682 336 2710 scilicet
354 2681 461 2708 circiter
473 2681 570 2709 horam
586 2681 708 2714 tertiam,
723 2682 793 2709 sicut
809 2683 919 2709 Marcus
933 2682 1034 2717 prodit,

233 2729 261 2754 et
284 2727 404 2753 Joannes
431 2726 569 2760 similiter,
595 2727 720 2762 quamvis
748 2726 927 2754 scribentium
957 2734 1036 2754 error

267 2816 361 2846 'Psal.
378 2824 488 2850 vaui,
504 2819 548 2844 27.
587 2816 683 2845 3Psal.
699 2825 788 2852 cvm,
806 2819 851 2845 16.

901 2817 913 2834 ⁴
929 2819 1014 2846 Marc.
1030 2820 1133 2852 xv,25.

1096 1562 1175 1598 τελῆ;
1192 1560 1238 1590 καὶ
1251 1559 1348 1596 στολὴ,
1363 1559 1408 1589 καὶ
1424 1559 1524 1600 τροφὴ,
1539 1559 1585 1588 καὶ
1601 1554 1672 1593 οἶκος
1682 1581 1690 1595 ,
1707 1560 1752 1588 καὶ
1776 1559 1839 1589 οὐδὲ
1858 1556 1901 1591 οἷ-

1095 1616 1156 1642 κος;
1173 1605 1244 1635 Ἀλλ’
1259 1603 1281 1633 ὢ
1297 1606 1342 1640 τῆς
1358 1605 1498 1644 ἀνανδρίας
1516 1608 1560 1634 τοῦ
1578 1603 1714 1635 Πιλάτουῑ
1733 1605 1900 1635 κινδυνεύειν

1095 1650 1266 1689 νομίσαντος,
1288 1650 1311 1678 εἰ
1333 1649 1445 1689 περιίδοι
1467 1648 1592 1685 τοιαύτην
1617 1650 1738 1679 ὑπόθεσιν
1767 1649 1900 1683 ἀνεξέτα-

1096 1705 1168 1725 στον.
1185 1694 1343 1734 Ἐξέρχεται
1360 1693 1425 1732 μὲν,
1449 1695 1483 1727 ὡς
1499 1693 1628 1728 ἐξετάσων
1653 1693 1683 1722 τὸ
1709 1698 1826 1734 πρᾶγμα
1845 1695 1854 1732 (
1869 1695 1899 1725 τὸ

1094 1739 1145 1779 γὰρ
1176 1740 1285 1768 καθίσαι
1312 1741 1389 1768 τοῦτο
1413 1737 1534 1778 ἐδήλου),
1563 1738 1686 1776 οὐδεμίαν
1715 1739 1742 1767 δὲ
1772 1738 1897 1772 ἐξέτασιν

1093 1784 1288 1823 ποιησάμενος,
1309 1783 1490 1823 παραδίδωσιν
1511 1783 1606 1820 αὐτὸν,
1630 1784 1743 1820 νομίζων
1759 1784 1896 1820 δυσωπή-

1094 1840 1148 1858 σειν
1176 1829 1279 1862 αὐτούς.
1307 1830 1370 1861 Πῶς
1387 1827 1413 1856 δὲ
1440 1830 1485 1857 τοῦ
1513 1827 1624 1868 Μάρκου
1650 1828 1772 1866 λέγοντος
1797 1829 1898 1868 τρίτην

1093 1873 1165 1913 ὥραν
1181 1869 1264 1910 εἶναι,
1281 1873 1324 1902 ὅτε
1348 1874 1362 1902 6
1385 1873 1498 1913 Χριστὸς
1526 1874 1702 1912 ἐσταυροῧτο,
1726 1874 1740 1902 6
1762 1873 1900 1911 Ἰωάννης

1093 1917 1170 1954 ἕκτην
1194 1918 1274 1958 φησί;
1294 1917 1410 1948 Λύουσιν
1433 1912 1478 1946 οὖν
1497 1920 1583 1954 τοῦτο,
1608 1917 1675 1951 τινὲς
1692 1916 1753 1956 μὲν,
1767 1917 1807 1947 ὅτι
1823 1930 1900 1958 γρα-

1092 1963 1167 2003 φικὸν
1182 1962 1212 1992 τὸ
1226 1963 1346 2003 σφάλμα·
1362 1962 1392 1991 τὸ
1407 1960 1454 2000 μὲν
1469 1961 1520 2002 γὰρ
1535 1962 1632 2001 γάμμα
1647 1963 1695 1998 τὴν
1711 1962 1802 2002 τρίτην
1819 1963 1898 2002 ὥραν

1091 2007 1237 2046 σημαίνει,
1258 2006 1304 2036 καὶ
1319 2006 1390 2036 ἔστιν
1413 2009 1428 2036 6
1443 2007 1584 2047 χαρακτὴρ
1600 2007 1682 2036 αὐτοῦ
1697 2009 1816 2042 τοιοῦτος
1826 2030 1834 2044 ,
1850 2009 1897 2038 Γ·

1091 2051 1122 2080 τὸ
1137 2053 1165 2082 δὲ
1178 2051 1340 2089 καλούμενον
1357 2051 1486 2089 ἐπίσημον
1498 2074 1506 2088 ,
1522 2051 1569 2087 τὴν
1585 2052 1683 2088 ἕκτην,
1703 2052 1750 2082 καὶ
1768 2051 1826 2092 ἔχει
1848 2054 1897 2084 τὸν

1091 2099 1251 2136 χαρακτῆρα
1266 2097 1365 2126 τοιόνδε
1377 2120 1385 2135 ,
1404 2096 1456 2135 ς’.
1483 2096 1563 2130 Εἷκὸς
1589 2092 1633 2126 οὖν
1649 2096 1679 2126 τὸ
1693 2097 1791 2137 γάμμα
1817 2109 1898 2128 στοι-

1091 2146 1161 2181 χεῖον
1178 2141 1230 2172 ἀπὸ
1250 2143 1296 2177 τῆς
1312 2141 1470 2181 ἀπροσεξίας
1494 2143 1546 2171 τῶν
1568 2142 1796 2182 μεταγραφόντων
1819 2155 1898 2183 κυρ-

1094 2188 1222 2221 τωοείσης
1250 2189 1296 2222 τῆς
1318 2186 1518 2226 ἀποτεταμένης
1541 2186 1642 2221 εὐθείας
1667 2189 1702 2221 εἰς
1728 2189 1830 2225 μῆκος,
1858 2190 1898 2223 εἷς

1091 2231 1135 2260 τὸν
1147 2234 1192 2261 τοῦ
1207 2233 1338 2271 ἐπισήμου
1355 2234 1548 2273 μεταχωρῆσαι
1565 2235 1741 2272 χαρακτῆρα,
1757 2232 1804 2262 καὶ
1822 2233 1898 2263 οὕτω

1091 2278 1139 2312 τὴν
1160 2277 1264 2313 πλάνην
1288 2277 1388 2313 ταύτην
1413 2277 1546 2317 γενέσθαι.
1569 2275 1635 2307 Ὀτι
1664 2276 1692 2306 δὲ
1717 2279 1797 2306 τοῦτο
1822 2278 1897 2311 εἰκὸς

1091 2320 1226 2361 γενέσθαι,
1253 2322 1298 2351 καὶ
1320 2323 1411 2362 τρίτην
1435 2321 1507 2361 ὥραν
1533 2322 1732 2362 ἀναγράφεσθαι
1753 2322 1799 2351 καὶ
1814 2324 1896 2362 παρὰ

1091 2368 1128 2405 τῷ
1146 2366 1273 2407 Ἰωάννῃ,
1290 2368 1349 2396 ἀλλ’
1367 2366 1426 2407 οὐχὶ
1445 2366 1526 2403 ἕκτην
1551 2366 1642 2406 ὥσπερ
1669 2369 1730 2403 νῦν,
1747 2367 1828 2402 δῆλον
1847 2369 1895 2396 ἐν-

1091 2413 1191 2440 τεῧθεν.
1210 2413 1271 2441 Τῶν
1287 2411 1337 2451 γὰρ
1361 2413 1441 2452 τριῶν
1463 2413 1674 2451 εὖαγγελιστῶν,
1691 2414 1736 2440 τοῦ
1752 2423 1780 2441 τε
1805 2413 1894 2442 Ματ-

1091 2455 1181 2494 οαίου,
1197 2457 1304 2485 καὶτοῦ
1329 2456 1460 2496 Μάρκου,
1478 2457 1523 2485 καὶ
1549 2459 1594 2485 τοῦ
1621 2458 1714 2488 Λουκᾶ
1738 2456 1895 2496 συμφώνως

1091 2501 1235 2539 λεγόντων,
1268 2501 1302 2534 ὥς
1327 2501 1380 2530 ἀπὸ
1405 2500 1482 2537 ἕκτης
1507 2499 1579 2540 ὥρας
1603 2501 1696 2534 σκότος
1721 2502 1827 2539 ἐγένετο
1851 2501 1895 2542 ἐρ’

1089 2544 1153 2580 ὅλην
1170 2545 1217 2580 τὴν
1231 2546 1280 2582 γῆν
1293 2567 1301 2581 ,
1325 2544 1373 2578 ἕως
1395 2545 1467 2584 ὥρας
1488 2545 1614 2582 ἐννάτης,
1637 2545 1788 2585 πρόδηλον,
1815 2548 1851 2579 ὡς
1879 2548 1894 2575 6

1092 2589 1187 2628 Κύριος
1203 2590 1279 2626 ἡμῶν
1299 2589 1350 2629 πρὸ
1371 2592 1417 2625 τῆς
1436 2590 1514 2625 ἕκτης
1530 2588 1614 2630 ᾥρας,
1637 2589 1689 2630 πρὸ
1703 2592 1750 2619 τοῖ’,
1766 2590 1891 2629 γενέσθαι

1089 2634 1119 2662 τὸ
1135 2634 1236 2670 σκότος,
1253 2634 1421 2672 ἐσταύρωτο,
1437 2635 1539 2670 δηλαδὴ
1555 2633 1624 2664 κατὰ
1635 2634 1683 2669 τὴν
1695 2635 1786 2674 τρίτην
1803 2634 1890 2675 ὥραν,

1089 2679 1123 2711 ὡς
1138 2679 1151 2706 6
1168 2679 1276 2717 Μάρκος
1297 2690 1324 2707 τε
1343 2679 1484 2718 ἱστόρησε,
1511 2679 1556 2708 καὶ
1582 2681 1596 2708 6
1619 2679 1746 2714 Ἰωάννης
1772 2680 1890 2717 ὁμοίως,

1089 2723 1111 2751 εἰ
1126 2722 1197 2758 καὶὴ
1214 2723 1301 2760 πλάνη
1319 2724 1369 2753 τῶν
1390 2723 1544 2764 γραφόντων
1569 2723 1600 2753 τὸ
1624 2723 1721 2762 γάμμα
1737 2724 1888 2762 μετέθηκεν

1182 2818 1193 2836 ⁸
1205 2818 1289 2847 Joan.
1306 2825 1374 2854 xui,
1388 2820 1434 2847 21.
1490 2817 1504 2838 δ
1515 2817 1616 2848 Matth.
1631 2825 1732 2852 xxv”,
1745 2821 1793 2847 45.
