1927 3076
20 173 68 200 269

404 171 600 200 ENARRATIO
618 171 652 200 IN
670 170 888 200 EVANGELIUM
905 170 1056 201 JOANNIS.
1075 186 1112 194 —
1124 172 1199 201 CAP.
1220 172 1290 203 XlX.

1613 174 1666 202 270

19 234 52 267 εἷς
71 232 116 262 τὸν
143 233 188 262 τοῦ
217 232 350 271 ἐπισήμου
381 235 551 274 χαρακτῆρα.
591 233 669 268 Τινὲς
698 234 746 273 μὲν
772 230 816 264 οὖν

871 235 1017 263 mutaverit
1030 242 1141 270 gamma
1160 234 1190 263 in
1202 234 1315 271 episemi
1328 234 1529 265 characterem.
1545 237 1581 264 Et
1596 245 1667 265 non-

18 278 84 307 οὖτω
99 277 191 307 λύουσι
206 279 295 308 τοῦτο.
309 276 417 317 Ἔτεροι
430 278 458 308 δέ
472 290 567 318 φασιν,
584 278 624 308 ὅτι
634 281 648 308 6
665 279 714 317 μὲν
730 279 814 320 Μάρ-

18 334 59 356 κος
74 322 122 358 τὴν
139 321 211 362 ὥραν
228 325 276 358 τῆς
299 322 473 363 ἀποφάσεως,
488 325 534 359 τῆς
550 323 611 363 περὶ
627 326 673 353 τοῦ
690 336 815 365 σταυρω-

18 369 94 402 θῆναι
120 367 164 396 τὸν
182 367 294 409 Κύριον,
320 366 450 396 ἐκτίθεται
472 369 563 408 σαφῶς
586 368 633 397 καὶ
661 369 815 409 ἀναμφιϐό-

17 413 78 445 λως.
103 412 182 442 Ἐπεὶ
204 407 248 441 οὖν
262 411 352 441 ἔκτοτε
375 407 526 453 σταυρῶσαι
548 413 594 442 καὶ
613 407 767 453 τιμωρῆσαι
791 414 814 443 οἱ

18 456 142 485 δικασταὶ
156 456 296 495 λέγονται,
314 457 359 497 ἀφ’
376 452 406 485 οὗ
419 456 466 492 τὴν
484 457 616 497 ἀπόφασιν
641 452 814 497 ἐξενέγκωσι,

19 501 60 530 διὰ
75 500 106 530 τὸ
121 501 169 536 τὴν
187 501 297 540 δύναμιν
312 504 360 537 τῆς
376 501 506 541 τιμωρίας
521 502 567 531 καὶ
590 504 635 531 τοῦ
660 503 772 533 θανάτου
787 504 814 532 ἔν

19 550 74 579 ταῖς
99 545 233 585 γλώσσαις
257 548 410 581 κεκτῆσθαι·
439 546 530 576 τούτου
557 547 636 586 χάριν
664 549 677 577 6
706 548 815 586 Μάρκος

18 593 49 630 τῇ
70 591 148 631 τρίτῃ
171 590 227 631 ὥρᾳ
252 593 439 630 σταυρωθῆναι
466 592 543 621 αὐτὸν
568 592 660 630 λέγει,
678 592 723 633 ἀφ’
747 589 778 628 ἧς
801 594 816 622 δ

20 635 135 669 [Ιιλάτος
158 635 207 671 τὴν
229 636 364 676 ἀπόφασιν
390 636 537 675 ἐξήνεγκεν.
566 635 694 673 Ἰωάννης
716 637 763 677 δὲ,
779 639 815 672 ὥς

19 680 154 719 εἶρηκότος
177 682 223 710 τοῦ
253 681 368 720 Μάρκου
390 681 436 711 τὸν
454 680 545 722 καιρὸν
569 684 615 717 τῆς
637 682 814 722 ἀποφάσεως,

19 726 95 759 αὐτὸς
108 725 156 761 τὴν
171 724 261 765 ὥραν,
285 727 311 755 ἐν
367 725 411 754 τὸν
430 725 526 765 Κύριον
545 721 735 766 ἐσταύρωσαν,
755 727 815 768 ἔφη·

19 771 74 799 ἐπεὶ
91 770 138 799 καὶ
152 770 245 799 σκόπει
255 792 263 806 ,
279 769 351 799 πόσα
368 769 465 807 μεταξὺ
476 772 523 806 τῆς
539 770 612 811 παρὰ
628 774 675 800 τοῦ
695 772 815 802 Πιλάτου

19 815 78 854 περὶ
94 819 140 845 τοῦ
157 817 268 854 σταυροῦ
285 814 457 855 ἀποφάσεως,
481 815 526 844 καὶ
549 817 596 851 τῆς
611 814 681 855 ὥρας
700 817 816 857 ταύτης,

20 861 44 888 ἐν
108 860 143 893 εἰς
158 860 202 890 τὸν
227 860 341 898 σταυρὸν
365 862 380 890 6
407 860 504 899 Κύριος
523 860 624 897 ἀνέϐη,
651 855 814 901 πέπρακταιξ

19 904 166 938 Ἀπολύσας
180 904 224 934 τὸν
249 904 413 943 Βαραϐϐᾶν,
431 904 617 944 ἐφραγέλλωσε
634 906 678 934 τὸν
701 906 815 947 Ἰησοῦν⁷

19 949 63 978 καὶ
77 949 217 988 παρέδωκε
233 949 340 982 πάντως
355 949 433 978 αὐτὸν
450 951 485 982 εἷς
507 949 538 978 τὸ
561 952 756 989 σταυρωθῆναι,
781 951 815 982 'H

18 993 69 1033 γὰρ
90 997 134 1024 τοῦ
153 993 284 1034 Βαραϐϐᾶ
300 994 428 1027 ἀπόλυσις
457 994 612 1036 κατάκρισις
640 991 671 1031 ἧν
691 998 736 1024 τοῦ
759 997 816 1026 Κυ-

19 1039 86 1078 ρίου.
105 1038 302 1077 Ἐμπαίζουσιν
317 1040 341 1068 οἱ
367 1041 538 1079 στρατιῶται·
560 1039 606 1069 καὶ
631 1039 742 1076 σκόπει,
765 1043 816 1071 πό-

19 1095 62 1116 σος
76 1083 170 1123 χρόνος
190 1084 312 1119 ἀνηλώθη
330 1083 360 1113 ἂν
377 1085 413 1118 εἰς
431 1083 475 1114 τὸν
490 1083 628 1124 φιλότιμον
651 1086 812 1125 ἐμπαιγμόν.

18 1128 177 1168 Ἐξήνιγκεν
193 1128 271 1158 αὐτὸν
287 1130 301 1158 ὁ
318 1129 451 1168 Πιλάτος,
468 1129 514 1158 καὶ
530 1129 653 1169 διελέχθη
670 1131 723 1163 τοῖς
744 1131 814 1160 Ἰου-

19 1173 111 1206 δαίοις·
133 1173 214 1202 πάλιν
237 1172 362 1203 εἰσελθὼν
383 1173 518 1213 ἀνακρίνει
535 1173 578 1202 τὸν
597 1175 712 1209 Ἰησοῦν⁸
735 1175 816 1205 πάλιν

18 1217 130 1252 ἐξελθὼν
160 1218 313 1257 διαλέγεται
335 1222 388 1252 τοῖς
421 1217 570 1252 Ἰουδαίοις.
606 1220 700 1249 Ταῦτα
727 1220 816 1249 πάντα

17 1263 98 1292 ἱκανὰ
121 1258 154 1299 ἦν
171 1264 308 1292 ἀναλῶσαι
324 1263 367 1293 τὸν
393 1263 446 1293 ἀπὸ
469 1265 516 1299 τῆς
539 1263 628 1303 τρίτης
656 1263 727 1305 ὥρας
752 1265 816 1305 ἄχρι

17 1309 66 1343 τῆς
81 1307 161 1344 ἕκτης
176 1307 280 1348 χρόνον,
296 1308 364 1348 ἅπερ
384 1307 509 1344 Ἰωάννης
529 1308 665 1347 ἐκθέμενος
682 1310 815 1350 ἀκριϐῶς,

19 1354 66 1383 ἅτε
87 1358 156 1382 πᾶσι
170 1353 431 1394 παρηκολουθηκὼς,
455 1355 502 1388 τῆς
517 1353 595 1389 ἕκτης
619 1353 690 1395 ὥρας
711 1367 816 1394 μνημο-

17 1398 103 1435 νεύει,
121 1397 164 1427 ὅτε
179 1397 224 1427 καὶ
243 1398 396 1437 παρέδωκεν
419 1398 500 1427 αὐτὸν
528 1398 650 1433 τελείως,
669 1399 713 1428 ἵνα
733 1411 816 1429 σταυ-

21 1445 91 1483 ρωθῇ
104 1465 112 1479 ,
128 1443 176 1472 οὐκ
198 1443 237 1472 ἔτι
252 1443 436 1482 διαλεγόμενος
458 1443 512 1477 τοῖς
537 1443 692 1480 Ἰουδαίοις,
719 1443 736 1480 ἢ
754 1447 816 1473 ἀνα-

19 1489 116 1528 κρίνων
130 1488 176 1518 τὸν
191 1487 314 1527 Ἰησοῦν,
333 1487 403 1517 ἀλλὰ
420 1488 468 1524 τὴν
494 1489 662 1524 τελειοτάτην
680 1489 815 1529 ἀπόφασιν

869 279 936 308 nulli
946 279 1056 316 quidem
1070 280 1107 307 sic
1121 279 1224 308 dicunt.
1241 279 1294 308 Alii
1306 283 1400 308 autem
1416 280 1492 308 aiunt
1501 280 1576 317 quod
1590 283 1665 309 Maro

868 332 916 353 cus
929 324 1040 360 quidem
1058 324 1155 353 horam
1169 332 1222 360 qua
1243 325 1298 353 lata
1318 329 1360 353 est
1373 325 1509 353 sententia
1528 324 1562 354 de
1576 326 1664 354 cruci-

869 369 976 405 ﬁgendo
1006 369 1137 404 Domino,
1161 368 1302 398 manifeste
1322 373 1349 398 et
1371 369 1473 405 absque
1495 369 1666 398 dubitatione

869 419 969 450 ponat:
985 415 1078 451 utique
1088 414 1152 451 quia
1163 414 1322 450 cruciﬁgere
1337 418 1366 442 et
1383 415 1481 451 punire
1498 414 1532 442 ab
1543 422 1576 442 eo
1590 418 1665 443 tem-

870 467 937 495 pore
951 459 1058 495 judices
1077 459 1218 494 dicuntur,
1239 467 1294 496 quo
1319 459 1483 488 sententiam
1511 459 1664 496 proferunt,

869 512 902 532 eo
926 504 1002 541 quod
1024 505 1065 533 vis
1093 512 1183 541 pana:
1203 508 1231 533 et
1253 504 1349 532 mortis
1371 504 1399 532 in
1433 504 1531 541 linguis
1557 512 1667 541 quoque

869 549 912 577 sit.
941 549 1005 586 Ejus
1030 550 1114 586 gratia
1133 550 1244 578 Marcus
1262 549 1341 578 tertia
1367 549 1436 577 hora
1463 549 1586 585 cruciﬁgi
1601 557 1665 578 eum

869 593 946 627 dicit,
969 602 984 622 a
1010 602 1063 631 qua
1079 595 1184 623 Pilatus
1207 594 1372 623 sententiam
1394 594 1530 630 exposuit.
1545 595 1666 623 Joannes

868 643 971 673 autem,
988 647 1051 667 cum
1069 640 1179 668 Marcus
1195 639 1307 668 dixisset
1325 643 1434 676 tempus
1447 639 1600 673 sententiae,
1617 639 1667 668 ho-

870 691 929 711 ram
954 684 982 712 in
1015 692 1068 720 qua
1087 683 1240 712 Dominum
1262 684 1459 713 cruciﬁxcrunt
1481 683 1557 712 dicit.
1581 685 1668 713 Cautes

870 736 945 761 rum.
973 728 1115 757 considera
1144 733 1246 766 quanta
1265 733 1324 757 acta
1341 729 1397 757 sint
1415 729 1487 757 inter
1504 729 1668 758 sententiam

870 781 885 800 a
905 773 992 802 Pilato
1010 773 1044 802 de
1063 782 1154 807 cruce,
1171 778 1198 802 et
1211 774 1308 802 horam
1325 774 1412 810 ipsam
1439 774 1467 801 in
1490 782 1542 810 qua
1564 774 1592 802 in
1605 783 1668 802 cru-

871 826 931 846 cem
965 819 1104 846 Dominus
1133 819 1264 847 ascendit.
1294 819 1365 847 Cum
1392 818 1540 847 dimisisset
1569 819 1669 847 Barab-

872 862 953 897 bam,
983 863 1130 899 ﬁagellavit
1160 865 1265 898 Jesum.
1292 868 1320 892 et
1348 863 1463 892 tradidit
1487 864 1527 892 eis
1552 867 1583 892 ut
1609 872 1669 892 cru-

832 906 1037 944 Bciﬁgeretur.
1074 909 1145 936 Nam
1179 908 1312 936 Barabba:
1351 908 1475 936 dimissio
1502 908 1669 937 condemna-

872 952 911 980 tio
935 952 1020 988 749
1034 957 1094 980 erat
1110 953 1232 981 Domini.
1267 953 1388 981 llludunt
1409 953 1521 987 milites,
1550 958 1578 982 et
1607 953 1668 982 vide

870 1001 1007 1033 quantum
1018 997 1152 1033 temporis
1166 997 1270 1025 insumi
1282 998 1401 1034 potuerit
1414 997 1447 1026 ad
1464 998 1595 1033 majorem
1608 998 1669 1026 iliu-

871 1042 986 1070 sionem.
1000 1041 1102 1070 Eduxit
1111 1050 1176 1070 eum
1189 1042 1304 1076 Pilatus,
1318 1046 1345 1070 et
1358 1043 1466 1070 locutus
1474 1051 1538 1070 cum
1553 1042 1667 1071 Judaais.

870 1087 975 1115 iterum
999 1087 1137 1123 ingressus
1152 1087 1283 1123 dijudicat
1300 1088 1410 1123 Jesum,
1430 1087 1529 1115 iterum
1544 1095 1670 1124 egressus

871 1131 990 1167 loquitur
1001 1140 1066 1160 eum
1077 1131 1189 1160 Iudaeis.
1207 1133 1274 1160 Haec
1289 1132 1381 1160 omnia
1393 1131 1569 1160 sufﬁciebant
1579 1132 1613 1161 ad
1625 1133 1668 1160 in-

869 1176 1035 1204 sumendum
1049 1180 1158 1212 tempus
1171 1176 1206 1204 ad
1215 1176 1282 1204 hora
1298 1177 1376 1205 tertia
1391 1185 1478 1212 usque
1493 1177 1528 1205 ad
1541 1181 1648 1206 sextam
1660 1187 1668 1206 :

871 1229 933 1257 quae
942 1221 1063 1249 Joannes
1078 1229 1218 1257 exponens
1237 1221 1390 1257 diligenter,
1404 1225 1500 1257 utpote
1523 1222 1570 1257 qui
1580 1222 1670 1250 omni-

870 1265 921 1293 bus
931 1265 1086 1294 individuus
1095 1274 1188 1294 comes
1199 1265 1330 1301 adfuerit,
1346 1266 1422 1294 horae
1437 1271 1520 1294 sexta:
1532 1266 1667 1302 meminit,

871 1311 983 1346 quando
997 1314 1024 1338 et
1036 1310 1147 1339 tradidit
1155 1319 1221 1339 eum
1236 1310 1357 1347 perfecte
1370 1315 1400 1339 ut
1413 1311 1599 1348 cruciﬁgatur,
1612 1320 1670 1340 non

871 1356 941 1383 ultra
966 1356 1080 1392 loquens
1104 1364 1169 1384 cum
1183 1355 1298 1388 Judazis.
1325 1356 1367 1384 vel
1393 1355 1548 1393 dijudicans
1562 1357 1669 1391 Jesum.

871 1400 919 1428 sed
931 1404 1083 1428 extremam
1098 1401 1128 1428 in
1148 1409 1214 1429 eum
1229 1400 1372 1436 proferens
1386 1401 1561 1429 sententiam.
1577 1402 1606 1430 Si
1621 1410 1670 1430 au-

871 1448 928 1473 tem
953 1445 1017 1481 quis
1034 1445 1118 1480 dicat,
1142 1446 1232 1481 Quare
1246 1445 1353 1473 circiter
1368 1445 1465 1473 horam
1482 1446 1590 1474 tertiam
1605 1454 1669 1474 cum

871 1489 978 1518 dicatur
996 1490 1128 1525 cruciﬁgi,
1143 1491 1201 1518 vult
1215 1490 1314 1518 iterum
1337 1490 1440 1518 absolvi
1458 1490 1556 1518 illum?
1583 1491 1671 1519 discat

19 1531 79 1562 κατ’
105 1533 185 1562 αὐτοῦ
209 1531 361 1572 ἐξενεγκὼν.
394 1534 426 1563 Εἰ
456 1533 483 1562 δέ
498 1546 536 1566 τις
562 1533 645 1573 λέγει·
671 1533 726 1564 Καὶ
750 1534 816 1569 τίνος

873 1535 990 1570 primum
1007 1535 1121 1571 quidem
1132 1555 1140 1568 ,
1151 1535 1226 1571 quod
1241 1543 1256 1563 a
1271 1534 1449 1563 multitudine
1464 1539 1576 1563 coactus
1595 1535 1671 1564 dedit

18 1578 107 1607 ἕνεκεν
128 1577 198 1606 κατὰ
215 1577 263 1612 τὴν
288 1578 380 1618 τρίτην
397 1578 467 1616 ὥραν
480 1600 487 1614 ,
504 1581 539 1611 ὼς
554 1578 657 1617 λέγεις,
678 1579 816 1619 ἀποφηνά-

20 1634 97 1660 μενος
113 1624 315 1662 σταυρωθῆναι,
330 1622 410 1652 πάλιν
428 1622 552 1652 ἐϐούλετο
569 1624 703 1652 ἀπολῦσαι
719 1623 816 1661 αὐτόη

18 1667 175 1705 μανθανέτω
200 1668 304 1704 πρῶτον
327 1667 390 1706 μὲν,
415 1667 455 1696 ὅτι
478 1667 528 1697 ὑπὸ
553 1671 599 1697 τοῦ
622 1668 737 1704 πλήθους
754 1670 816 1708 βια-

18 1713 101 1750 σθεὶς,
115 1712 188 1741 ἔθετο
206 1712 252 1747 τὴν
270 1711 414 1752 ἀπόφασιν
437 1711 530 1742 ἔπειτα
546 1713 592 1742 καὶ
605 1714 642 1751 τῷ
666 1713 758 1753 ὀνείρῳ
769 1715 816 1748 τῆς

17 1756 144 1796 γυναικὸς
166 1756 294 1786 αἶνίττετο
421 1757 569 1797 ὲνύττετοΓ
599 1753 632 1794 ἦν
664 1757 716 1798 γὰρ
743 1759 814 1797 αὖτῷ

17 1801 171 1839 μηνύσασα·
189 1811 204 1830 τι
218 1801 309 1837 Μηδὲν
324 1801 365 1830 σοὶ
378 1801 424 1830 καὶ
439 1804 477 1842 τῷ
493 1802 588 1842 δικαίῳ
604 1801 698 1842 τούτῳ.
713 1816 724 1828 ι
750 1802 815 1833 Ἐπὶ

18 1851 85 1875 πᾶσι
101 1846 129 1875 δὲ
145 1845 244 1879 τούτοις
256 1869 263 1882 ,
276 1846 370 1876 σκόπει
383 1847 428 1876 καὶ
447 1846 491 1875 τὸν
502 1847 628 1883 Ἰωάννην
637 1871 644 1885 ,
661 1849 717 1880 πῶς
735 1842 815 1877 εἶπεν

24 1902 37 1919 ιι
50 1891 126 1930 υΩρα
141 1886 173 1926 ἦν
190 1891 252 1920 ὡσεὶ
265 1891 338 1927 ἕκτη.
355 1905 366 1918 ι
384 1893 442 1921 Οὐκ
455 1885 512 1921 εἶπε
529 1892 592 1932 γὰρ,
605 1891 678 1932 Ὥρα
693 1888 726 1928 ἦν
743 1891 816 1930 ἕκτη,

17 1937 53 1968 ὡς
74 1935 301 1975 ἀποφαινόμενος,
330 1937 388 1965 ἀλλ’
412 1938 446 1969 ὡς
467 1937 641 1972 ἐπιδιστάζων
664 1936 710 1967 καὶ
734 1938 816 1976 ἀμφι-

17 1981 122 2018 γνοῶν,
155 1979 262 2010 (‹⁶Ωσεὶ
286 1980 359 2016 ἕκτη.
382 1995 393 2006 ι
425 1980 510 2010 Ὧστε
535 1982 608 2011 οὐδὲν
637 1983 729 2012 διοίσει
754 1983 816 2021 ὑμῖν

91 2026 174 2064 ἡμῖν]
191 2025 222 2054 τὸ
245 2027 306 2064 περὶ
330 2027 377 2062 ἧς
401 2025 472 2065 ὥρας
495 2026 635 2066 φαίνεσθαι
665 2027 703 2066 μὴ
729 2027 816 2064 πάντη

18 2069 210 2109 συντρέχοντας
253 2071 377 2106 ἀλλήλοις
418 2070 477 2111 τοὺς
520 2071 728 2111 εὖαγγελιστὰς,
763 2072 816 2101 εἴτε

79 2114 104 2143 εἴ
118 2115 166 2153 γε]
187 2114 390 2154 συγχωροίημεν
407 2110 474 2144 εἶναι
489 2116 646 2156 διαφωνίαν.
664 2118 751 2146 Τοῖιτο
764 2116 816 2157 γὰρ

870 1580 1053 1614 sententiam;
1083 1579 1180 1608 deinde
1201 1587 1218 1607 a
1249 1580 1360 1607 somnio
1393 1580 1514 1608 mulieris
1538 1580 1671 1616 impulsus

871 1623 963 1652 fuerit.
979 1624 1132 1652 Nuntiabat
1154 1628 1247 1652 autem
1258 1624 1301 1652 illa
1317 1625 1354 1659 ei,
1370 1635 1382 1648 α
1403 1624 1478 1652 Nihil
1499 1624 1545 1652 tibi
1557 1628 1584 1652 et
1594 1625 1670 1661 justo

871 1668 948 1696 huic.
969 1680 982 1693 ιι
996 1670 1112 1705 Insuper
1127 1669 1272 1697 considera
1286 1673 1314 1697 et
1329 1670 1465 1697 Joannem
1480 1669 1581 1698 dixisse
1596 1669 1670 1706 quod

872 1725 884 1737 ιι
907 1713 986 1741 fuerit
1002 1713 1069 1741 hora
1087 1713 1175 1741 ferme
1188 1718 1276 1746 sexta,
1292 1724 1305 1737 ι
1322 1714 1399 1750 quasi
1410 1722 1466 1741 non
1481 1713 1622 1749 deﬁniens,
1643 1718 1671 1742 et

870 1757 897 1785 in
907 1757 1036 1794 ambiguo
1050 1758 1206 1794 relinquens
1215 1758 1295 1791 dixit,
1311 1769 1324 1782 ι
1345 1757 1431 1786 ferme
1444 1763 1528 1786 sexta.
1548 1770 1560 1783 ιι
1582 1760 1617 1786 Et
1631 1759 1669 1788 ita

871 1802 938 1830 nihil
961 1802 1094 1836 intererit,
1118 1802 1192 1838 quod
1211 1803 1244 1831 de
1259 1802 1326 1830 hora
1341 1810 1397 1830 non
1412 1802 1538 1831 videntur
1558 1811 1670 1839 prorsus

869 1847 1014 1874 convenire
1026 1847 1209 1883 evangelista,
1225 1847 1248 1875 si
1260 1846 1373 1882 quidem
1386 1846 1600 1875 concederemus
1611 1855 1670 1876 esse

870 1891 1064 1920 differentiam.
1089 1891 1158 1920 Vide
1171 1891 1244 1919 enim
1260 1891 1325 1926 hoc,
1345 1899 1411 1919 num
1429 1899 1528 1920 omnes
1550 1891 1671 1920 dixerint

868 1937 941 1972 quod
955 1936 1100 1964 cruciﬁxus
1113 1937 1160 1964 sit.
1176 1938 1214 1964 At
1234 1936 1286 1964 hoc
1301 1936 1412 1972 quidem
1437 1936 1471 1964 ab
1486 1935 1617 1964 omnibus
1629 1940 1672 1965 est

868 1981 1045 2010 confessum:
1062 1981 1096 2010 de
1119 1981 1187 2009 hora
1204 1985 1295 2009 autem
1314 1980 1337 2009 si
1360 1981 1430 2008 alius
1451 1981 1519 2009 dicit
1533 1989 1592 2009 esse
1615 1985 1670 2010 ter-

870 2027 949 2061 tiam,
973 2026 1043 2054 alius
1057 2026 1137 2062 quasi
1157 2030 1275 2059 sextam,
1300 2024 1366 2062 quid
1387 2025 1439 2053 hoc
1454 2026 1530 2054 obest
1545 2026 1670 2053 veritati?

870 2071 1067 2099 Verumtamen
1083 2070 1142 2099 haec
1155 2071 1341 2099 demonstrata
1361 2075 1426 2098 sunt
1445 2078 1476 2098 cx
1493 2070 1669 2106 abundantia,

871 2115 942 2152 quod
965 2115 1037 2143 nulla
1057 2116 1093 2144 sit
1107 2116 1260 2144 diversitas.

18 2158 129 2195 σκόπει,
159 2160 181 2188 εἰ
202 2159 240 2198 μὴ
266 2161 362 2193 πάντες
381 2157 490 2201 υεῖπον,
517 2161 557 2191 ὅτι
583 2161 746 2201 ἐσταυρώθη·
771 2163 793 2191 εἷ
815 2159 842 2190 δὲ
867 2164 943 2190 τοῦτο
968 2160 1016 2199 μὲν
1044 2160 1120 2200 παρὰ
1140 2161 1247 2190 πάντων
1273 2160 1459 2200 ὡμολόγηται,
1484 2160 1545 2200 περὶ
1575 2160 1601 2190 δὲ
1625 2162 1672 2197 τῆς

18 2203 109 2242 ὥρας,
127 2204 150 2232 εἷ
167 2206 180 2233 ὁ
196 2204 242 2242 μὲν
263 2205 354 2244 τρίτην
371 2199 452 2242 εἶναι,
465 2207 479 2234 6
503 2206 530 2234 δὲ
556 2206 620 2235 ὡσεὶ
639 2199 719 2243 ἕκτην
734 2207 815 2247 φασὶ,
831 2205 857 2235 τί
876 2208 954 2236 τοῦτο
970 2199 1110 2245 ἐπηρεάζει
1132 2208 1166 2246 τῇ
1188 2205 1316 2245 ἃληθείᾳ;
1344 2204 1421 2241 Πλὴν
1450 2199 1525 2234 me
1542 2205 1671 2235 δέδεικται

17 2248 48 2276 ἐκ
64 2248 234 2286 περιουσίας,
247 2247 287 2277 ὅτι
300 2249 360 2277 οὐδὲ
377 2248 604 2289 διαφωνίαιέστίν.

61 2305 73 2317 ε
89 2292 144 2321 Καὶ
159 2291 231 2330 λέγει
246 2293 300 2326 τοῖς
317 2292 469 2335 ’[ουδαίοιςξν
479 2293 535 2324 Ἰδι
551 2297 564 2324 6
581 2295 708 2335 βασιλεὺς
728 2298 814 2334 ὃμῶν.
830 2297 858 2331 D

19 2337 55 2366 Οἱ
80 2336 108 2365 δὲ
134 2337 312 2375 ἐκραύγασαν·
332 2332 427 2377 Ἆρον,
454 2334 533 2379 ἆρον,
556 2340 709 2379 σταύρωσον
725 2340 817 2372 αὐτόν.

20 2380 101 2419 Λέγει
117 2381 206 2414 αὐτοῖς
230 2384 244 2411 6
266 2382 392 2416 Πιλάτος⁶
418 2384 470 2414 Τὸν
500 2385 613 2424 βασιλέα
635 2387 709 2424 ὑμῶν
734 2397 817 2415 σταυ-

20 2426 113 2465 ρώσω,
140 2425 332 2467 Ἀπεκρίθησαν
349 2429 373 2457 οἱ
391 2430 530 2470 ἃρχιερεῖς-
554 2431 614 2460 Οὐκ
643 2430 740 2470 ἔχομεν
767 2433 817 2470 βα-

19 2470 110 2507 σιλέα,
136 2471 160 2499 εἰ
184 2471 222 2509 μὴ
243 2472 381 2512 Καίσαρα.
408 2473 477 2504 Τότε
501 2469 545 2503 οὖν
572 2469 723 2515 παρέδωκεν
740 2469 818 2505 αὖτὸν

21 2516 125 2551 αὐτοῖς,
142 2514 186 2544 ἵνα
211 2519 362 2558 σταυρωθῇ.
388 2518 545 2558 Παρέλαϐον
565 2514 617 2549 οὖν
638 2520 681 2549 τὸν
700 2520 820 2558 Ἰησοῦν,

21 2560 66 2604 καὶ
90 2559 193 2600 ἤγαγον
214 2561 293 2590 αὐτὸν
315 2563 351 2596 εἷς
367 2563 397 2592 τὸ
418 2565 587 2604 σταυρῶσαι,
610 2565 654 2594 καὶ
680 2565 820 2604 βαστάζων

20 2603 64 2633 τὸν
90 2606 204 2645 σταυρὸν
229 2607 325 2644 aia-reti,
357 2607 462 2643 ἐξῆλθεν
488 2609 524 2642 εἷς
553 2610 648 2647 τόπον,
676 2603 819 2649 λεγόμενον

25 2649 141 2694 Κρανίου
159 2650 239 2680 τόπον
251 2674 258 2688 ,
283 2651 309 2685 ὃς
329 2651 436 2690 λέγεται
448 2653 592 2693 Ἐϐραϊστὶ
606 2655 732 2694 Γολγοθᾶ·
753 2654 820 2685 ὅπου

23 2693 101 2723 αὐτὸν
121 2695 288 2734 ἐσταύρωσαν
301 2718 310 2735 ,
333 2697 379 2726 καὶ
395 2698 453 2736 μετ’
469 2699 548 2727 αὐτοῦ
561 2698 657 2733 ἄλλους
670 2699 716 2728 δύο
732 2700 818 2728 ἐντεῦ-

24 2741 64 2766 θεν
83 2739 128 2768 καὶ
144 2740 281 2777 ἐντεῦθεν,
299 2740 380 2780 μέσον
403 2741 431 2771 δέ
449 2741 494 2772 τὸν
509 2742 625 2778 Ἰησοῦν.
641 2754 657 2772 ι)
686 2744 821 2778 Πολλάκις

25 2783 151 2828 εἴπομεν,
179 2786 214 2818 ὡς
236 2785 362 2826 ἄνανδρος
390 2788 491 2826 μᾶλλον
517 2788 563 2817 καὶ
577 2788 707 2828 ψοφοδεὴς
732 2790 745 2817 6
770 2790 822 2818 Πι-

24 2827 100 2863 ὶάτος
115 2852 123 2869 ,
139 2828 157 2865 ἢ
172 2830 319 2868 κακοήθης.
350 2830 426 2872 Ὅρα
448 2835 509 2873 γοῦν
521 2854 530 2870 ,
551 2827 596 2862 καὶ
610 2827 655 2863 ν’ῦν
671 2835 765 2874 σχῆμα
781 2833 821 2868 ἐξ·

910 2305 998 2332 Vsns.
1021 2306 1111 2332 14-18.
1128 2315 1139 2327 ι
1157 2305 1190 2331 Et
1204 2303 1271 2332 dicit
1282 2303 1387 2332 Iudaeis
1403 2312 1409 2330 :
1426 2304 1496 2331 Ecce
1509 2311 1557 2332 rex
1572 2307 1670 2332 vester.

873 2347 915 2376 Illi
927 2352 1021 2376 autem
1036 2347 1202 2382 clamabant,
1213 2348 1300 2382 Tolle,
1311 2348 1387 2382 tolle,
1400 2347 1526 2383 cruciﬁge
1538 2355 1613 2376 eum.
1625 2348 1671 2376 Di-

872 2393 909 2421 cit
914 2393 952 2420 eis
961 2393 1062 2421 Pilatus
1072 2403 1077 2420 :
1088 2393 1192 2428 Regem
1201 2397 1290 2420 vestru
1295 2401 1323 2420 m
1329 2392 1458 2428 cruciﬁga
1462 2394 1506 2420 m?
1514 2392 1673 2428 Responde-

872 2441 939 2465 runt
949 2437 1091 2474 pontiﬁces
1103 2446 1109 2464 :
1124 2438 1185 2465 Non
1199 2437 1331 2465 habemus
1343 2445 1450 2473 regem,
1464 2437 1516 2465 nisi
1525 2438 1671 2466 Caesarem.

872 2483 950 2510 Tunc
963 2490 1027 2518 ergo
1042 2481 1155 2510 tradidit
1167 2489 1229 2510 eum
1241 2482 1306 2516 illis,
1317 2487 1349 2510 ut
1358 2482 1573 2518 cruciﬁgeretur.
1586 2485 1670 2511 Acce-

875 2531 975 2563 perunt
989 2531 1083 2555 autem
1103 2527 1207 2559 Jesum.
1231 2531 1258 2555 et
1272 2526 1446 2555 adduxerunt
1459 2535 1522 2555 eum
1536 2530 1566 2554 ut
1583 2527 1670 2555 cruci-

874 2571 989 2608 ﬁgerent
1007 2581 1013 2599 :
1036 2576 1119 2608 atque
1138 2571 1160 2600 is
1179 2571 1304 2608 bajulans‘
1316 2580 1426 2600 crucem
1440 2579 1530 2606 suam,
1551 2572 1634 2599 exivit
1645 2572 1674 2599 in

875 2624 949 2650 eum,
973 2616 1018 2653 qui
1032 2616 1133 2645 dicitur
1147 2617 1288 2650 Calvariae,
1309 2617 1412 2650 locum,
1429 2617 1564 2644 Hobraice
1581 2619 1674 2644 autem

875 2661 1010 2697 Golgotha
1027 2670 1034 2689 :
1055 2661 1102 2689 ubi
1118 2661 1313 2690 cruciﬁxerunt
1329 2669 1405 2696 eum,
1426 2665 1455 2689 et
1468 2669 1532 2689 cum
1547 2668 1579 2688 eo
1593 2661 1673 2692 alios,

876 2705 946 2733 duos
961 2705 1027 2733 hinc
1048 2709 1074 2733 et
1088 2705 1164 2739 hinc,
1182 2706 1303 2734 medium
1325 2710 1417 2733 autem
1432 2706 1540 2733 Jesum.
1560 2716 1572 2728 ιι
1597 2705 1676 2740 Saepe

878 2750 998 2777 diximus
1013 2749 1086 2786 quod
1099 2750 1203 2778 Pilatus
1222 2752 1310 2786 magis
1321 2750 1402 2778 fuerit
1414 2749 1506 2777 mollis
1518 2753 1545 2777 et
1558 2749 1676 2777 meticu-

877 2794 962 2828 losus,
989 2802 1072 2830 quam
1094 2795 1197 2830 asperis
1217 2794 1352 2822 moribus.
1375 2793 1442 2822 Vide
1463 2794 1535 2821 enim
1557 2798 1585 2821 et
1606 2801 1677 2822 nunc

877 2839 950 2875 quod
966 2839 1055 2868 forma
1078 2840 1192 2876 quidem
1214 2839 1345 2867 examini
1359 2843 1388 2867 et
1399 2838 1495 2874 judicii
1516 2838 1611 2872 utitur,
1629 2837 1677 2867 sed
