1927 3076
268 199 315 226 271

761 194 1019 223 THEOPHYLACTI
1039 194 1216 224 BULGARIA'I
1234 192 1391 223 ARCHIEP.
1860 194 1901 221 272

269 259 383 288 omnino
401 259 522 287 molliter
536 266 596 287 rem
610 258 672 294 agit.
689 269 701 282 α
719 259 788 286 Ecce
804 257 889 292 enim,
905 258 1001 294 inquit,
1019 265 1064 285 rex

1120 258 1234 292 ετάσεως
1254 257 1299 287 καὶ
1319 256 1454 296 κριτηρίου
1472 257 1627 297 περιτίθησι
1641 257 1679 296 τῷ
1694 255 1847 297 πράγματι,
1861 267 1902 293 μα-

268 309 368 333 vester.
389 316 402 328 ν
418 305 513 340 Neque
528 303 601 331 enim
610 304 705 331 Jesum
724 302 899 336 condemnat,
915 311 1003 338 neque
1019 303 1067 330 Ju-

267 348 344 378 dzeos
361 348 508 377 manifeste
530 348 663 381 confutat,
685 347 734 376 sed
758 347 834 384 quasi
848 347 953 375 occulte
972 355 1069 383 expro-

269 393 330 422 brat
344 394 383 422 eis
405 398 436 422 ut
456 393 630 430 syc0phantis
647 402 653 420 :
669 393 745 428 quasi
767 392 850 426 dicat,
867 393 936 420 Ecce
959 392 1068 428 qualem

268 437 412 466 hominem
430 438 519 466 dicitis
538 442 687 466 attentasse
702 437 829 465 invadere
843 445 968 473 regnum,
987 437 1068 464 vilem

269 483 381 516 scilicet,
397 487 424 511 et
435 483 502 511 nihil
517 482 571 510 tale
587 486 724 510 attentare
744 481 888 510 audentem
907 491 913 509 ε
930 485 958 509 et
973 482 1010 510 ita
1022 489 1068 509 ac-

269 528 372 555 cusatio
387 532 476 556 vestra
499 527 567 555 falsa
588 531 639 555 est.
659 526 733 562 Quid
748 527 821 554 enim
841 526 925 554 habet
936 526 982 554 ille
996 525 1070 562 quod

270 572 398 608 tyranni?
416 579 482 600 num
500 572 611 605 milites,
632 571 749 604 divitias,
768 571 959 599 nobilitatem?
975 583 987 596 ιι
1002 572 1070 598 Ecce

268 624 316 645 rex
333 620 421 644 vester
436 625 442 644 :
468 628 480 640 ιι
505 624 567 652 quae
588 616 693 644 utilitas
706 616 728 644 si
746 616 821 644 hunc
838 616 1003 650 occideritis,
1023 615 1069 652 qui

268 660 411 689 hominem
425 669 460 689 ne
481 661 511 688 in
524 661 639 689 minimo
652 661 766 697 quidem
783 669 883 689 nocere
901 661 1021 697 poterit?
1036 663 1071 688 Et

267 705 326 734 haec
346 706 458 742 quidem
476 706 580 734 Pilatus
605 714 661 734 non
690 706 823 734 instanter
839 709 867 733 et
880 705 961 733 ﬁrme
983 709 1011 733 et
1022 713 1070 741 pro

267 750 382 778 veritate
395 755 513 779 certans.
529 752 567 778 At
583 750 620 778 illi
637 759 644 778 :
667 762 679 776 σ
698 751 786 784 Tolle,
804 751 880 784 tolle,
900 749 1038 786 cruciﬁge,
1056 761 1069 774 ι»

267 794 406 831 inquiunt.
419 796 529 831 Urgent
540 799 567 823 et
581 799 710 831 quzerunt
719 803 838 830 crucem,
853 799 883 823 ut
899 795 1001 823 malam
1012 794 1070 830 opi-

267 839 382 868 nionem
395 845 422 868 et
438 840 540 868 famam
551 844 663 868 assuant
673 840 790 868 Christo.
805 839 1069 876 Ignominiosissima

268 884 343 912 enim
363 884 448 920 750
468 887 525 913 erat
546 893 622 913 mors
643 885 731 913 crucis
750 889 778 913 et
800 884 945 913 maledicta
971 894 978 912 :
999 884 1070 912 sicut

1123 304 1210 336 λακὶὖς
1227 302 1254 332 δὲ
1268 302 1298 332 τὸ
1315 301 1377 331 ὅλον
1393 301 1617 341 μεταχειρίζεται.
1636 315 1648 328 σ
1664 298 1721 331 Ἴδε
1733 301 1801 341 γὰρ,
1820 300 1903 341 φησὶν,

1121 350 1135 377 6
1151 346 1275 387 βασιλεὺς
1299 348 1385 385 ὑμῶν.
1407 360 1419 373 ν
1443 346 1515 376 Οὔτε
1529 346 1581 386 γὰρ
1605 345 1648 375 τὸν
1665 345 1774 381 Ἰησοῦν
1790 345 1903 384 κατακρί-

1122 404 1177 431 νει,
1193 393 1254 421 οὔτε
1279 391 1337 425 τοὺς
1359 391 1501 424 Ἰουδαίους
1523 391 1685 427 ἐπιστομίζει
1709 393 1836 431 φανερῶς·
1857 390 1902 419 dif

1122 432 1175 466 οἶον
1201 436 1434 477 ἐπικεκρυμμένως
1461 435 1591 470 ὀνειδίζων
1617 436 1704 469 αὐτοῖς
1730 437 1767 469 ὡς
1783 447 1903 475 coxo?“-

1123 483 1213 521 τοῢσι,
1227 483 1316 522 φησίν
1335 481 1389 510 Ἴδε
1404 485 1478 510 ποῖον
1498 480 1634 520 ἄνθρωπον
1649 480 1758 519 λέγετε,
1778 481 1818 509 ὅτι
1840 482 1902 519 βασι·

1123 526 1224 556 λεύσειν
1241 526 1372 566 ἐπεχείρει
1393 527 1471 562 ὑμῖν,
1489 526 1581 561 εὐτελῆ
1602 525 1723 561 δηλαδὴ,
1749 526 1796 555 καὶ
1818 525 1863 554 οὐκ
1880 523 1902 553 ἂν

1123 570 1248 605 τοιούτοις
1273 572 1488 611 ἐπιχειρήσοντα·
1514 570 1583 599 ὥστε
1598 569 1695 610 ψευδὴς
1713 571 1731 605 ἡ
1754 568 1902 608 κατηγορία.

1124 615 1161 646 Τί
1173 615 1224 656 γὰρ
1240 616 1296 656 ἔχει
1315 616 1442 655 τυράννου
1465 611 1557 654 οὗτος,
1580 614 1766 655 στρατιώτας;
1787 615 1902 649 πλοῦτον,

1124 661 1272 699 εὖγένειαν;
1297 674 1309 687 υ
1323 659 1378 691 Ἴδε
1403 662 1416 689 6
1433 659 1558 700 βασιλεὺς
1582 661 1667 697 ὑμῶν,
1687 673 1699 686 ι
1714 660 1752 690 Τί
1776 659 1806 688 τὸ
1830 659 1904 698 κέρδος

1125 704 1168 735 ἐὰν
1185 708 1275 734 τοῦτον
1294 704 1466 740 ἀποκτείνητε
1477 727 1485 740 ,
1500 704 1638 744 ἄνθρωπον
1652 704 1719 742 μηδὲ
1734 703 1769 733 τὰ
1789 703 1902 743 ἐλάχιστα

1125 750 1269 788 δυνάμενον
1295 750 1410 790 βλάψαις
1435 751 1527 778 Ταῦτα
1549 750 1596 787 μὲν
1621 751 1635 779 6
1653 749 1789 787 Πιλάτος,
1813 749 1841 778 οὐ
1862 746 1902 784 μὴν

1124 795 1282 828 ἔνστατικῶς
1296 795 1342 824 καὶ
1358 794 1491 834 βεϐαίως,
1508 794 1554 823 καὶ
1565 795 1601 828 ὡς
1622 794 1687 834 ὑπὲρ
1710 793 1834 829 ἀληθείας
1846 793 1902 830 ἐγω-

1122 839 1264 877 νιζόμενος.
1281 841 1317 870 Οἱ
1337 839 1380 877 δὲ,
1392 853 1403 867 α
1420 834 1515 879 Ἆρον,
1532 834 1611 879 ἆρον,
1629 838 1801 878 σταύρωσον,
1817 851 1828 863 ι
1840 836 1900 877 ausi.

1129 885 1320 923 Κατεπείγουσι
1336 884 1382 913 καὶ
1396 886 1503 920 ζητοῦσι
1522 883 1566 913 τὸν
1589 884 1716 923 σταυρὸν,
1730 883 1774 912 διὰ
1790 882 1818 912 τὸ
1832 893 1901 916 πονη-

267 917 379 957 ᾶὶοῐυηῖ
390 917 442 957 (ἐξ
452 939 460 958 ;
487 941 499 954 α
515 929 676 958 Maledictus
691 930 781 958 omnis
804 929 849 965 qui
871 929 972 966 pendet
985 930 1015 958 in
1033 930 1064 958 li-

1127 928 1173 968 ρὰν
1189 917 1264 963 δόξαν
1290 917 1429 969 βούλεσθαί
1455 928 1602 969 προσάψειν
1628 917 1666 968 τεξί
1690 917 1810 968 Χριστῷ.
1845 926 1901 954 Ἐπ-

266 980 321 1009 gno
334 973 353 1001 ".
371 983 385 1000 »
408 974 589 1002 Nesciveruut
601 979 696 1002 autem
713 974 787 1011 quod
807 975 878 1002 sicut
898 982 945 1010 per
961 974 1066 1011 lignum

267 1018 358 1052 ruina,
372 1018 408 1046 ita
427 1026 476 1054 per
491 1018 597 1054 lignum
614 1019 760 1047 correctio.
779 1019 895 1055 Insuper
916 1019 976 1048 vide
1000 1028 1069 1055 quo-

268 1063 350 1091 modo
368 1063 451 1091 alium
463 1071 555 1100 regem
576 1067 673 1100 praeter
683 1065 819 1092 Casarem
833 1072 889 1092 non
905 1069 1067 1100 agnoscunt,

267 1107 418 1136 voluntarie
433 1115 462 1136 se
479 1109 671 1136 Romanorum
692 1108 808 1144 imperio
829 1108 1017 1145 subjicientes,
1040 1114 1068 1137 et

267 1152 317 1180 Dei
330 1160 447 1188 regnum
465 1153 637 1189 repellentes.
656 1153 723 1181 Ideo
739 1157 768 1181 et
782 1154 858 1181 Deus
873 1161 921 1182 eos
934 1154 1068 1182 Romanis

265 1196 388 1231 tradidit,
404 1205 473 1233 quos
485 1197 537 1226 sibi
548 1205 625 1233 reges
637 1197 801 1231 asciverant,
816 1198 963 1226 destitutos
977 1198 1067 1227 divino

265 1242 393 1277 praesidio
403 1246 431 1270 et
446 1250 523 1270 cura.
545 1253 557 1266 α
571 1243 648 1270 Tunc
662 1242 746 1279 igitur
762 1242 875 1271 tradidit
886 1243 966 1271 illum
984 1243 1033 1277 eis,
1053 1255 1065 1268 -

265 1286 404 1322 insipiens.
440 1287 589 1323 Oportebat
617 1291 710 1315 autem
737 1287 874 1324 inquirere
909 1295 977 1316 num
1006 1296 1067 1316 vere

264 1330 405 1359 habuisset
417 1331 569 1368 potentiam
584 1331 619 1360 ad
634 1331 819 1361 invadendam
830 1332 1014 1368 tyrannidem.
1030 1334 1068 1361 At

263 1375 309 1403 ille
323 1375 394 1404 cedit
410 1376 588 1412 imprOvidus,
602 1376 812 1413 effeminateque
831 1377 996 1405 sententiam
1008 1377 1064 1405 dat.

267 1429 282 1446 α
296 1421 409 1448 Portans
422 1425 517 1449 autem
533 1428 644 1449 crucem
661 1428 740 1449 suam
758 1433 770 1445 ιι
785 1421 931 1457 egreditur.
952 1421 1066 1449 Abomi-

264 1464 355 1493 nabile
373 1465 448 1493 enim
467 1465 601 1502 putabant
611 1466 726 1494 omnino
740 1466 778 1493 vel
799 1466 905 1502 lignum
919 1466 1066 1502 attingere,

1120 974 1324 1006 ονειδιστότατος
1334 973 1386 1013 γὰρ
1403 969 1475 1007 οὗτος
1491 975 1505 1002 6
1523 974 1634 1007 θάνατος
1653 972 1698 1002 καὶ
1715 972 1900 1011 ἐπικατάρατθξ·

1123 1017 1191 1047 καθὰ
1220 1018 1332 1058 εἴρηται·
1357 1032 1368 1045 ιι
1399 1017 1613 1058 Ἐπικατάρατος
1637 1022 1688 1051 πᾶς
1714 1019 1729 1047 6
1756 1016 1901 1058 κρεμάμενος

1123 1063 1166 1092 ἐπὶ
1182 1062 1269 1097 ξύλου.
1283 1076 1294 1088 ιι
1310 1063 1369 1093 Οὔκ
1381 1062 1489 1103 ᾔδεισαν
1505 1062 1549 1099 δὲ,
1566 1062 1606 1091 δτι
1618 1062 1708 1101 ὥσπερ
1724 1061 1769 1091 διὰ
1783 1063 1826 1091 τοῦ
1839 1060 1900 1094 ξύλου

1122 1109 1139 1143 ἡ
1155 1109 1267 1144 πτῶσις,
1297 1107 1365 1137 οὕτω
1389 1108 1432 1137 διὰ
1458 1106 1535 1141 ξύλου
1559 1111 1575 1144 ἡ
1605 1107 1760 1148 ἄνόρθωσις.
1783 1106 1853 1147 Ὅρα
1867 1103 1900 1137 δὲ,

1122 1153 1178 1185 πῶς
1193 1152 1273 1181 ἄλλον
1290 1152 1402 1192 βασιλέα
1425 1154 1528 1186 ἑαυτοῖς
1549 1153 1596 1182 οὐκ
1621 1151 1828 1192 ἐπιγράφονται,
1840 1147 1900 1186 εἰμὴ

1124 1196 1268 1236 Καίσαρα,
1294 1197 1395 1230 ἑκόντες
1421 1196 1529 1230 ἑαυτοὺς
1567 1196 1763 1230 ὑποϐάλλοντες
1843 1193 1899 1224 Ῥω·

1123 1244 1207 1281 μαΐχῇ
1235 1241 1392 1282 δυναστείᾳ,
1417 1241 1464 1270 καὶ
1490 1241 1675 1280 ἄποσειόμενοι
1698 1241 1748 1278 τὴν
1774 1243 1821 1270 τοῦ
1843 1240 1898 1270 θεοῧ

1123 1285 1269 1326 βασιλείαν.
1291 1285 1339 1316 Διὸ
1363 1286 1409 1316 καὶ
1435 1287 1448 1315 6
1471 1286 1540 1319 Θεὸς
1563 1285 1658 1320 αὐτοὺς
1673 1285 1820 1325 Ῥωμαίοις
1843 1294 1899 1322 πσρ-

1121 1330 1219 1360 έδωκεν
1229 1354 1237 1370 ,
1255 1330 1296 1365 οὓς
1319 1331 1515 1361 ἐπεκαλέσαντο
1530 1332 1648 1369 βασιλεῖς
1663 1331 1704 1361 ἐπ’
1719 1332 1807 1360 αὐτῶν
1820 1351 1828 1366 ,
1846 1330 1898 1358 ἄπο-

1122 1375 1231 1409 στοίντες
1258 1377 1304 1411 τῆς
1330 1378 1378 1405 τοῦ
1410 1376 1481 1406 Θεοῦ
1509 1376 1633 1415 προνοίας
1667 1376 1713 1405 καὶ
1749 1373 1897 1405 ἐπιστασίας-

1122 1433 1134 1446 ιι
1150 1421 1219 1450 Τότε
1231 1415 1274 1449 οὖν
1290 1420 1444 1461 παρέδωκεν
1457 1420 1535 1450 αὐτὸν
1551 1421 1639 1454 αὖτοῑς
1659 1420 1719 1461 (42)
1737 1435 1749 1447 ι
1765 1422 1779 1449 6
1792 1420 1896 1454 ἀνόητος·

1121 1464 1186 1494 Δέον
1202 1465 1339 1503 ἐξετάσαι,
1365 1467 1386 1495 εἷ
1418 1466 1522 1502 ἀληθῶς
1546 1465 1658 1504 δύναμιν
1680 1461 1752 1505 εἶχεν
1781 1463 1897 1495 ἐπιθέσθαι

264 1513 292 1537 et
310 1513 452 1545 propterea
472 1510 657 1539 condemnato
676 1514 703 1538 et
719 1510 866 1538 maledicto
883 1510 1063 1539 maledictum

1120 1510 1269 1549 τυραννίδι,
1296 1511 1310 1538 6
1334 1510 1361 1540 δὲ
1383 1510 1504 1540 ἐνδίδωσι
1529 1509 1574 1540 καὶ
1602 1509 1760 1547 ὕποϐαίνει,
1795 1508 1898 1546 ἀτόλμως

265 1554 371 1590 lignum
381 1554 537 1591 imponunt.
553 1555 621 1584 Vide
631 1559 725 1584 autem
741 1559 769 1583 et
779 1555 807 1582 in
818 1555 903 1583 veteri
913 1559 978 1592 typo
993 1563 1062 1592 quo-

264 1598 331 1627 dam
341 1598 392 1627 hoc
411 1599 527 1628 factum.
548 1602 624 1628 Isaac
644 1599 717 1628 enim
733 1604 761 1627 et
771 1599 824 1627 illic
843 1599 914 1636 ligna
930 1599 941 1616 ⁸
953 1605 1066 1636 portans

267 1643 343 1671 vadit
355 1648 385 1672 ut
395 1644 564 1673 immoletur.
582 1646 621 1672 Ita
636 1648 663 1672 et
672 1643 724 1672 hoc
741 1644 801 1672 loco
813 1644 1065 1674 Dominuscrucem

267 1687 371 1717 habens
386 1689 470 1723 vadit,
482 1689 558 1726 quasi
571 1688 648 1716 miles
662 1695 738 1716 arma
755 1688 832 1725 gerit,
853 1689 951 1725 quibus
967 1689 1066 1718 adver-

265 1733 369 1761 sarium
382 1738 545 1769 prosternat.
561 1731 643 1768 Quod
660 1736 751 1760 autem
766 1734 841 1761 lsaao
857 1733 945 1770 ﬁgura
959 1734 994 1762 sit
1008 1735 1065 1762 Do.

264 1777 344 1812 mini,
362 1777 552 1806 manifestum.
572 1779 648 1805 Isaac
673 1777 747 1805 enim
772 1777 969 1814 interpretatur
992 1781 1067 1808 risu:

265 1822 307 1849 vel
323 1823 466 1857 gaudium.
489 1822 557 1859 Quis
583 1825 676 1850 autem
696 1822 764 1850 alius
784 1823 916 1859 gaudium
939 1827 1065 1852 nostrum

266 1865 354 1894 factus
380 1872 432 1901 est,
462 1874 546 1902 quam
565 1866 589 1895 is
616 1867 662 1902 qui
685 1867 713 1894 in
733 1868 912 1904 conceptione
935 1868 1065 1898 humanae

265 1916 370 1940 natura;
383 1919 431 1948 per
445 1911 571 1947 angelum
585 1911 671 1947 Χαῖρε,
685 1912 737 1940 hoc
752 1917 802 1947 est,
821 1913 920 1949 gaude,
937 1921 1066 1942 commu—

265 1956 380 1984 nicavit?
391 1958 460 1993 Quae
477 1956 554 1984 enim
571 1957 655 1992 Virgo
671 1957 776 1985 audivit
800 1957 861 1985 lata
880 1959 985 1993 nuntia,
1003 1966 1064 1987 om-

265 2001 308 2029 nis
321 2005 418 2029 natura
429 2001 560 2037 suscepit.
571 2001 662 2037 Hujus
674 2002 751 2029 Isaac
766 2006 845 2037 pater
857 2006 899 2030 est
908 2003 1064 2038 Abraham;

265 2049 342 2081 pater
354 2045 507 2073 multarum
519 2046 655 2082 gentium,
671 2047 717 2082 qui
728 2050 769 2074 est
779 2048 853 2074 Deus
868 2054 952 2083 super
961 2048 1063 2082 omnia,

265 2094 293 2118 et
306 2090 353 2125 qui
361 2089 523 2118 Judaorum
541 2094 583 2118 est
592 2092 674 2118 Pater
683 2094 711 2118 et
723 2090 858 2126 gentium,
877 2091 955 2128 cujus
965 2093 1062 2121 volun-

264 2138 320 2162 tate
339 2139 370 2163 et
387 2135 499 2163 consilio
524 2142 636 2163 crucem
657 2135 743 2162 Filius
756 2135 814 2171 ejus
829 2140 927 2171 portat.
943 2138 1062 2165 Verum-

1119 1554 1165 1583 καὶ
1176 1554 1310 1594 ἀνάνδρως
1326 1553 1373 1590 τὴν
1386 1554 1470 1595 κρίσιν
1487 1555 1754 1595 μεταχειρισάμενος.
1781 1569 1793 1581 ιι
1806 1551 1898 1584 Βαστά-

1119 1600 1171 1633 ζων
1184 1599 1211 1628 δὲ
1226 1599 1270 1628 τὸν
1291 1599 1403 1640 σταυρὸν
1418 1601 1500 1628 αῧτοῦ
1512 1622 1520 1636 ,
1537 1613 1548 1625 ι
1570 1599 1716 1639 ἐξέρχεται.
1735 1599 1790 1630 Καὶ
1806 1598 1853 1638 γὰρ
1863 1594 1897 1626 καὶ

1122 1643 1149 1672 τὸ
1171 1643 1289 1684 ἅψασθαι
1314 1645 1381 1677 ὅλως
1403 1646 1450 1673 τοῦ
1474 1644 1550 1678 ξύλου
1581 1645 1798 1684 ἀπηγορευμένον
1821 1642 1897 1684 ᾤοντο’

1119 1687 1162 1717 διὰ
1190 1691 1267 1718 τοῦτο
1290 1689 1361 1728 αὐτῷ
1386 1690 1424 1729 τῷ
1451 1688 1602 1729 κατακρίτῳ
1628 1688 1674 1718 καὶ
1708 1688 1848 1730 καταράτῳ
1876 1684 1897 1730 τὸ

1119 1733 1303 1772 κατηραμένον
1330 1733 1405 1767 ξύλον
1423 1734 1641 1774 ἐπιφορτίζουσιν.
1665 1733 1742 1774 υΟρα
1766 1734 1793 1764 δὲ
1816 1731 1857 1762 καὶ
1878 1729 1897 1758 ἔν

1119 1789 1157 1817 τῳ
1185 1777 1254 1807 κατὰ
1278 1778 1325 1813 τὴν
1351 1777 1469 1808 παλαιὰν
1493 1778 1611 1807 τύπωσιν
1635 1781 1713 1808 τοῦτο
1743 1777 1895 1816 τελούμενον.

1120 1822 1176 1852 Καὶ
1202 1822 1252 1863 γὰρ
1275 1824 1353 1852 κᾶχεῐ
1373 1825 1386 1852 6
1401 1823 1497 1853 Ἰσαὰκ
1508 1823 1542 1852 τὰ
1558 1823 1623 1857 ξύλα
1648 1823 1808 1863 βαστάζων,
1825 1820 1898 1857 ἄπήρ-

1118 1878 1182 1906 χετο
1196 1869 1232 1901 εἷς
1253 1868 1283 1897 τὸ
1305 1870 1448 1909 σφαγῆναιι
1473 1867 1542 1898 οὕτω
1566 1870 1701 1909 κᾷνταῦθα
1716 1870 1730 1897 6
1753 1867 1844 1907 Κύριος
1863 1864 1897 1893 τὸν

1120 1911 1232 1952 σταυρὸν
1260 1912 1330 1952 ἔχων
1355 1912 1464 1948 ἄπεισι,
1491 1912 1536 1941 καὶ
1563 1908 1606 1942 οἶά
1632 1924 1671 1946 τις
1697 1911 1855 1952 στρατιώτης
1875 1908 1898 1937 τὸ

1119 1955 1213 1993 ὅπλον,
1230 1958 1288 1994 μεθ’
1312 1951 1341 1986 οἷ
1367 1957 1534 1986 καταϐάλλει
1559 1956 1603 1986 τὸν
1630 1956 1897 1996 ἀντιστρατευόμενον,

1119 2000 1201 2041 φέρει.
1213 1999 1278 2030 Ὅτι
1293 2000 1320 2030 δὲ
1334 2000 1415 2035 τύπος
1425 2004 1439 2031 6
1449 2001 1548 2032 Ἰσαὰκ
1560 2005 1606 2031 τοῦ
1620 2004 1703 2041 Θεοῦ,
1719 2003 1807 2037 δῆλον.
1818 1997 1897 2030 Ἰσαὰκ

1118 2044 1292 2085 ἑρμηνεύεται
1312 2059 1324 2072 σι
1339 2045 1437 2084 γέλως,
1454 2059 1466 2072 n
1482 2047 1542 2082 ἤτοι
1564 2060 1576 2073 ε
1592 2048 1675 2087 χαρά.
1695 2057 1710 2076 ι
1733 2048 1782 2080 Τίς
1794 2042 1836 2075 οὖν
1855 2042 1896 2072 ἆλ-

1118 2091 1161 2124 λος
1175 2090 1246 2130 χαρὰ
1262 2091 1337 2127 ἡμῶν
1355 2090 1459 2130 γέγονεν
1471 2113 1478 2127 ,
1500 2092 1522 2121 εἷ
1539 2091 1576 2130 μὴ
1600 2093 1613 2120 6
1629 2092 1655 2120 ἐν
1724 2091 1849 2130 συλλήψει
1862 2087 1895 2116 εὖ·

1117 2134 1159 2168 Θὺς
1170 2134 1212 2169 τὸ,
1229 2149 1240 2160 α
1251 2136 1347 2175 Χαῖρε,
1360 2149 1371 2161 ι·
1387 2134 1430 2164 διὰ
1441 2138 1486 2165 τοῦ
1500 2137 1612 2176 ἀγγέλου
1625 2139 1658 2176 τῇ
1673 2136 1822 2177 ἀνθρωπίνῃ
1835 2132 1897 2173 φύσει

264 2184 358 2208 tamen
371 2179 398 2207 in
420 2179 515 2214 veteri,
526 2180 555 2207 in
571 2179 628 2208 sola
639 2180 783 2208 voluntate
793 2180 882 2209 Patris
892 2189 935 2210 res
950 2182 1040 2210 stabat
1055 2193 1060 2211 :

1120 2179 1297 2216 διαδεδωκώςς
1323 2179 1354 2210 Ἃ
1379 2180 1429 2219 γὰρ
1455 2183 1471 2216 ἡ
1492 2182 1626 2221 Παρθένιος
1640 2181 1734 2217 ἤκουεν
1765 2179 1896 2218 εὖαγγῧιαι

266 2224 351 2261 ﬁgura
364 2225 437 2252 enim
448 2229 506 2252 erat
525 2233 531 2252 :
546 2224 599 2252 hoc
615 2228 707 2252 autem
718 2224 778 2253 loco
793 2232 873 2261 opere
889 2227 1042 2262 completur
1055 2236 1063 2255 :

268 2269 366 2297 veritas
377 2269 451 2296 enim
471 2273 537 2297 erat.
552 2269 688 2297 Fortassis
704 2270 777 2297 sicut
793 2270 850 2298 illic
869 2272 944 2299 Isaac
964 2271 1064 2300 dimis-

266 2322 312 2342 sus
329 2318 381 2347 est,
399 2317 428 2342 et
446 2322 532 2350 agnus
544 2314 704 2343 immolatus
719 2319 771 2349 est,
788 2315 824 2343 ita
840 2319 865 2344 et
882 2315 935 2345 hoc
948 2316 1010 2344 loco
1024 2317 1064 2345 di-

264 2359 331 2386 vina
357 2362 454 2386 natura
482 2358 657 2395 impassibilis
682 2360 794 2395 mansit,
827 2360 947 2389 humana
972 2366 1064 2390 autem

262 2407 373 2437 natura,
392 2411 455 2440 qua:
477 2408 504 2432 et
521 2407 617 2440 Agnus
641 2404 753 2439 dicitur,
769 2405 832 2442 quia
854 2405 922 2434 Adae
941 2407 1064 2435 erratica:

263 2448 324 2476 ovis
339 2447 423 2482 ﬁlius,
437 2448 605 2477 immolatur.
622 2449 769 2484 Quomodo
786 2454 879 2478 autem
891 2450 960 2478 alius
977 2451 1064 2479 Evan-

261 2493 356 2529 gelista
378 2493 444 2521 dicit
472 2493 546 2530 quod
563 2505 575 2519 ι
599 2494 743 2523 Simonem
757 2495 920 2531 compulerit
938 2499 968 2523 ut
980 2494 1064 2524 ferret

262 2539 391 2566 crucem?
422 2549 436 2563 η
466 2539 590 2575 Utraque
616 2539 801 2576 contigerunt,
830 2544 858 2568 et
872 2539 899 2567 in
927 2540 1059 2577 principio

263 2582 376 2618 quidem
396 2583 534 2612 Dominus
552 2583 610 2619 ipse
628 2592 741 2612 crucem
759 2592 855 2621 gerens
879 2584 973 2620 exivit,
996 2586 1061 2622 quia

261 2627 364 2664 lignum
389 2629 507 2656 maxime
530 2628 713 2657 abominabile
739 2633 808 2663 erat,
835 2633 861 2658 et
887 2637 970 2658 nemo
993 2631 1060 2659 alius

260 2672 394 2708 attingere
417 2673 534 2702 volebat.
556 2675 708 2710 Postquam
733 2677 824 2701 autem
844 2673 994 2711 exiverunt,
1011 2676 1060 2704 ob-

295 2735 306 2752 "
318 2737 400 2765 Deut.
410 2744 478 2773 xxi,
491 2739 534 2765 23.
546 2735 556 2753 ⁸
565 2737 633 2764 Gen.
652 2744 728 2771 χχιι,
740 2739 766 2772 3,
778 2739 805 2772 6,
819 2739 845 2765 9.

1119 2229 1193 2254 πᾶσα
1209 2227 1225 2260 ἡ
1243 2224 1319 2265 φύσις
1345 2224 1484 2264 διεδέχετο.
1511 2226 1613 2255 Τούτου
1635 2229 1681 2255 τοῦ
1708 2225 1803 2256 Ἰσαὰκ
1821 2221 1895 2259 πατὴρ

1119 2268 1256 2309 Ἀϐραὰμ,
1269 2271 1284 2298 6
1299 2269 1388 2309 πατὴρ
1403 2271 1511 2300 πολλῶν
1525 2271 1620 2307 ἐθνῶν,
1643 2270 1669 2304 ὅς
1690 2273 1758 2300 ἐστιν
1775 2271 1788 2299 6
1805 2268 1895 2309 πάντωχ

1118 2305 1200 2349 Θεδς,
1215 2305 1308 2348 δςνκαὶ
1330 2305 1465 2344 Ἰουδαίων
1490 2315 1546 2344 ἐστὶ
1574 2305 1671 2355 Πατὴρ
1696 2315 1743 2345 καὶ
1768 2315 1855 2347 ἐθνῶν,
1873 2305 1895 2339 οἶ

1118 2361 1151 2400 τῇ
1177 2358 1282 2400 εὐδοκία
1302 2359 1348 2389 καὶ
1423 2360 1506 2399 βουλῇ
1521 2359 1566 2389 τὸν
1589 2360 1703 2399 σταυρὸν
1725 2362 1739 2389 6
1755 2360 1815 2393 Υἱὸς
1829 2356 1894 2400 αὐτοῦ

1120 2398 1257 2444 βαστάζει.
1273 2398 1354 2441 ’Πλὴν
1367 2398 1392 2433 ἐν
1408 2398 1456 2442 μὲν
1469 2398 1501 2444 τῇ
1519 2406 1629 2444 Παλαιᾷ
1650 2404 1714 2445 ἄχρι
1726 2407 1773 2441 τῆς
1788 2398 1894 2446 προαιρέ-

1117 2461 1184 2483 σεως
1206 2451 1252 2479 τοῦ
1270 2449 1375 2489 [ἰατρὸς
1392 2448 1456 2485 ἔστη
1483 2449 1514 2478 τὸ
1539 2454 1661 2489 πρᾶγμα·
1688 2449 1770 2483 τύπος
1795 2446 1841 2486 γὰρ
1861 2447 1893 2489 1‘."

1117 2495 1228 2524 ἐνταῦθα
1244 2493 1271 2523 δὲ
1290 2484 1338 2523 καί
1358 2495 1393 2528 εἷς
1417 2484 1493 2533 ἔργον
1515 2484 1629 2530 ἐξῆλθεν·
1658 2494 1770 2530 ἀλήθεια
1860 2484 1893 2525 ἦν·

1113 2539 1196 2578 Τάχα
1222 2539 1269 2576 δὲ,
1295 2538 1386 2577 ὥσπερ
1409 2540 1463 2568 ἐκεῖ
1478 2540 1491 2568 6
1507 2538 1605 2568 Ἰσαὰκ
1624 2539 1736 2579 ἀφείθη,
1756 2539 1809 2583 δνδὲ
1825 2533 1893 2583 dif-V19

1114 2583 1201 2619 ἐτύθη·
1226 2582 1294 2612 οὕτω
1318 2585 1453 2612 κάνταῦθα
1478 2585 1494 2619 ἡ
1519 2583 1576 2613 θεία
1602 2585 1678 2623 φύσις
1703 2580 1858 2618 ἆπαθὴς,τδ

1115 2628 1292 2667 ἀνθρώπινον,
1311 2627 1382 2658 ὃχαὶ
1399 2627 1489 2666 Ἀμνὸς
1505 2622 1624 2668 λέγεται,
1645 2629 1682 2662 ὣς
1695 2631 1742 2658 τοῦ
1757 2627 1838 2664 Ἀδὰμ
1852 2622 1888 2652 τοῦ

1115 2671 1293 2709 πλανηθέντος
1321 2672 1455 2714 προϐάτου
1488 2667 1556 2712 υἱὸς,
1578 2673 1657 2703 τοῦτό
1683 2674 1754 2703 ἐστιν
1780 2667 1890 2702 ὃέτύθη-

771 2787 813 2816 Ex
837 2788 994 2818 collatione
1010 2789 1096 2819 codd.
1119 2790 1223 2820 Venet.
1244 2790 1276 2820 S.
1297 2790 1400 2821 Marci.

296 2846 351 2878 (42)
363 2844 434 2873 Cod.
447 2847 492 2878 26,
509 2843 649 2878 παρέδωκεν
660 2842 734 2871 αὐτὸν
748 2844 831 2876 αὐτοῖς
844 2846 887 2872 ἵνα
901 2847 1042 2883 σταυρωθῇ,
1058 2847 1072 2873 6
1085 2846 1205 2881 ἀνόητος,
1218 2859 1242 2876 x.
1257 2857 1278 2875 τ.
1295 2848 1322 2874 λ.
