1927 3076
35 157 91 183 273

462 155 656 183 ENARRATIO
675 155 708 183 IN
728 155 942 184 EVANGELIUM
960 156 1109 184 JOANNIS.
1130 171 1166 177 -
1184 157 1257 184 CAP.
1279 157 1342 185 XIX.

1648 160 1702 188 274

36 219 107 250 Πῶς
125 216 154 247 δὲ
171 218 251 251 ἄλλος
265 216 454 256 εὖαγγιλιστής
466 229 562 257 φησιν,
577 217 617 247 ὅτι
630 232 642 245 ε
660 218 714 249 Τὸν
732 218 837 257 Σίμωνα

902 218 972 246 viam
987 223 1119 247 venerunt
1139 219 1254 253 Simoni,
1274 219 1391 247 venienti
1405 227 1437 248 ex
1455 227 1532 256 agro,
1552 224 1578 248 et
1600 221 1638 250 ita
1651 222 1701 250 im-

37 261 236 302 ἦγγιίρευσαν,
251 260 294 291 ἵνα
313 261 364 303 ἄρῃ
382 262 426 292 τὸν
445 263 573 302 σταυρόν;
595 275 607 289 ι
621 262 686 292 Ὅτι
708 263 845 303 ἀμφότερα

35 308 178 346 ἐγένοντο.
205 306 261 337 Καὶ
286 306 337 346 γὰρ
368 307 396 336 ἐν
425 308 496 348 ἀρχῇ
531 307 578 344 μὲν
611 308 688 341 αὐτὸς
712 309 726 337 6
749 308 846 348 Κύριος

38 352 189 391 βαστάζων
205 354 295 381 τοῦτον
310 351 429 388 ἐξῆλθεν,
443 347 484 381 οἶα
501 351 608 381 πάντων
624 347 845 393 ἀποτρεπομένων

36 396 69 426 τὸ
86 396 185 433 Ξύλον,
200 396 246 425 καὶ
268 396 335 434 μηδὲ
355 395 435 435 θίγειν
451 397 530 427 αὐτοῦ
546 397 703 436 δεχομένων.
721 397 800 428 Ἐπεὶ
817 397 844 427 δὲ

36 441 173 477 ἐξῆλθον,
209 440 382 477 ἀπήντησαν,
416 441 497 481 ensi,
527 441 630 480 Σίμωνι
660 442 794 482 ἐρχομένῳ
819 441 846 476 ἐξ

38 487 143 525 ἀγροῦ,
158 485 205 516 καὶ
227 485 308 519 οὕτως
323 485 455 522 ἐπέθηκαν
473 486 557 526 τούτῳ
575 487 604 516 τὸ
622 486 706 520 ξύλον.
727 487 845 526 Κρανίου

38 530 66 560 δὲ
90 530 176 560 τόπον
201 530 290 568 ἔλεγον
309 530 352 559 τὸν
368 530 459 559 τόπον.
480 531 531 560 Καὶ
546 530 598 570 γὰρ
612 531 688 570 λόγος
704 537 825 572 κατεῖχεν
837 555 844 568 ,

36 575 79 604 ὅτι
109 576 167 604 ἐκεῖ
193 575 351 604 τέθαπταιὸ
373 574 471 613 Ἀδὰμ,
498 575 540 604 ἵνα
568 575 634 605 ὅπου
658 578 674 611 ἡ
704 576 775 615 ἀρχὴ
799 579 844 606 τοῦ

38 619 179 655 Θανάτου,
193 620 249 648 ἐκεῖ
259 619 305 649 καὶ
320 622 337 655 ἡ
353 621 452 652 πτῶσις
467 620 545 649 αὐτοῦ
556 620 675 659 γένηται.
694 620 845 660 Παράδοσις

37 664 93 704 γὰρ
118 664 328 700 ἐκκλησιαστική
352 665 437 699 ἔστιν,
459 664 498 694 ὅτι
517 665 611 704 πρώτη
634 665 749 696 Ἰουδαία
773 666 841 704 μετὲι

38 709 69 738 τὸ
88 709 255 745 ἐκϐληθῆναι
289 708 333 738 τὸν
364 708 501 748 ἄνθρωπον
533 710 562 738 ἐκ
589 712 634 739 τοῦ
664 710 843 750 παραδείσου,

36 754 170 793 οἰκήτορα
187 753 264 793 ἔσχεν
279 754 314 788 εἷς
330 753 497 793 παραμυθίαν
519 755 571 783 τῶν
590 756 615 784 ἐν
633 756 671 794 τῷ
687 755 843 795 παραδείσῳ

38 800 150 834 καλῶν,
172 799 276 828 δοθεῖσα
297 798 386 838 αὐτῷ,
408 800 443 831 ὡς
458 799 510 827 τῶν
530 798 619 828 ἄλλων
633 801 727 829 πασῶν
747 801 842 839 χωρῶν

38 843 173 882 κρείττων
196 843 241 872 καὶ
266 842 350 872 πίων·
375 842 479 872 διὸκαὶ
504 842 597 882 πρώτη
623 845 712 883 νεκρὸν
738 844 844 878 ἐδέξατο

39 889 194 928 ἄνθρωπον.
217 889 253 918 Οἳ
275 887 361 916 τοίνυν
380 887 439 917 τότε
461 887 608 927 ἄνθρωποι,
634 891 724 928 θαῦμα
753 890 843 919 ποιού-
858 875 882 907 Β

39 944 118 971 μενοι
150 932 240 972 νεκρὸν
267 932 386 972 κρανίον,
411 935 457 961 τοῦ
486 933 613 972 δέρματος
643 935 715 974 αὐτῷ
746 937 842 974 περιῤ-

39 978 164 1018 ῥυέντος,
181 978 208 1006 ἐν
226 976 299 1017 τόπῳ
318 977 505 1015 καταθέμενοι,
530 978 579 1007 ἀπ’
599 979 679 1008 αὐτοῦ
701 978 744 1008 τὸν
761 979 841 1009 τόπον

38 1021 203 1060 ὠνόμασαν,
221 1021 266 1051 καὶ
287 1020 353 1060 μετὰ
372 1020 415 1050 τὸν
435 1022 624 1060 κατακλυσμὸν
642 1023 693 1052 ὑπὸ
713 1026 759 1053 τοῦ
779 1024 841 1053 Νῶε

38 1067 210 1097 διαδεδόσθαι
224 1068 272 1102 τὴν
288 1065 378 1106 φήμην
393 1068 428 1100 εἷς
446 1067 560 1100 πάντας·
578 1067 617 1097 διὸ
633 1067 679 1097 καὶ
697 1069 711 1097 6
725 1067 839 1108 Κύριος,

39 1111 105 1141 ἔνθα
118 1114 136 1148 ἡ
151 1111 227 1151 πηγὴ
242 1113 289 1141 τοῦ
305 1111 433 1148 θανάτου,
448 1112 502 1140 εἶκεῖ
515 1114 690 1151 θανατοῦται,
716 1112 758 1141 ἵνα
777 1113 841 1142 ταύ-

39 1168 90 1191 την
105 1155 218 1196 ξηράνῃ.
241 1157 391 1195 Σταυροῧσι
407 1156 434 1186 δὲ
447 1156 492 1185 καὶ
504 1157 599 1190 ἄλλους
613 1156 658 1186 δύο
673 1158 730 1195 μετ’
747 1157 841 1187 αὐτοῦ·

41 1201 119 1230 αὐτοὶ
143 1201 192 1239 μὲν
211 1201 328 1240 πονηρὰν
350 1200 426 1234 δόξαν
448 1202 592 1241 περιθεῖναι
613 1201 786 1241 βουλόμενοι,
806 1204 841 1236 ὡς

157 1245 203 1274 καὶ
228 1246 299 1285 αὐτῷ
315 1245 387 1282 ὄντι,
410 1245 478 1281 πλὴν
500 1246 662 1287 προφητείαν
683 1248 731 1276 κᾶν
755 1247 840 1287 τούτῳ

39 1289 87 1319 καὶ
103 1291 142 1327 μή
167 1289 319 1329 βουλόμενοι
342 1291 489 1330 πληροῦσι,
507 1289 568 1327 τὴν,
592 1291 632 1320 ὅτι
649 1305 661 1316 ι
690 1291 744 1321 Καὶ
772 1291 840 1329 μετὰ

41 1334 150 1372 ἀνόμων
176 1334 305 1374 ἐλογίσθη.
329 1349 341 1361 ι
362 1333 433 1374 ’Ὅρα
456 1335 483 1364 δὲ
504 1334 552 1371 τὴν
571 1338 618 1364 τοῦ
639 1337 710 1365 Θεοῦ
731 1336 840 1376 σοφίαν,

40 1381 98 1412 πῶς
113 1379 159 1408 καὶ
173 1381 265 1415 τοῦτο,
281 1379 295 1408 ὃ
310 1380 350 1420 ἐρ’
365 1379 439 1419 ὕϐρει
453 1383 498 1410 τοῦ
513 1380 612 1419 Κυρίου
628 1380 733 1410 ἐποίουν
750 1381 840 1417 αὐτοὶ,

58 1425 66 1436 ν
123 1424 142 1443 νζ
242 1424 249 1433 I
322 1426 331 1436 ν
365 1426 380 1434 υ
461 1425 466 1433 ι
506 1423 512 1436 \
554 1426 561 1435 ν
614 1425 621 1435 ν
645 1427 662 1434 ~
698 1427 714 1434 ιο
820 1427 837 1434 ~

43 1436 79 1457 εις
99 1425 176 1458 δο,αν
197 1423 285 1460 ἃπεϐη
302 1435 391 1455 αυτου.
415 1425 469 1454 Kal
484 1436 535 1466 γαρ
550 1437 577 1453 εν
592 1437 664 1465 αυτῳ
679 1437 717 1465 τῳ
733 1437 840 1466 σταυρῳ

900 267 1052 300 posuerunt
1061 264 1085 292 ei
1095 263 1208 300 lignum.
1224 264 1309 292 Porro
1319 263 1449 292 Calvariaz
1463 264 1555 293 locum
1564 265 1699 302 dicebant,

899 308 969 337 sicut
982 309 1101 336 narratio
1118 308 1219 344 prodit,
1230 307 1305 345 quod
1320 308 1374 336 illic
1394 309 1516 344 sepultus
1536 309 1571 338 sit
1582 310 1671 339 Adam
1691 323 1697 341 :

901 357 931 381 ut
945 353 991 380 ubi
1011 353 1173 389 principium
1194 353 1304 387 mortis,
1320 352 1374 381 illic
1394 357 1422 381 et
1436 361 1515 381 casus
1529 353 1590 390 ejus
1609 355 1698 384 ﬁeret.

899 397 1024 426 Traditio
1041 398 1114 426 enim
1136 397 1317 426 ecclesiastica
1335 401 1386 432 est,
1411 398 1474 434 quia
1499 398 1574 434 prior
1594 399 1699 435 Iudaea.

899 446 1045 479 postquam
1059 442 1160 478 ejectus
1173 442 1223 470 fuit
1234 441 1318 470 homo
1329 450 1362 470 ex
1373 441 1513 478 paradiso,
1527 442 1698 472 domicilium

900 487 938 515 ibi
953 488 1048 516 habuit
1062 488 1088 516 in
1114 488 1240 516 solatium
1267 488 1405 516 bonorum
1424 495 1485 524 quas
1513 488 1539 516 in
1563 488 1698 524 paradiso.

899 532 962 561 data
973 533 997 561 ei
1008 537 1080 561 terra
1102 533 1147 561 illa
1161 540 1222 569 qua!
1241 533 1370 561 omnium
1385 533 1499 560 aliarum
1511 533 1615 568 optima
1628 538 1700 562 esset

900 581 927 605 et
943 578 1122 614 pinguissima
1137 586 1144 604 :
1157 581 1300 614 propterea
1313 581 1340 605 et
1352 577 1440 614 prima
1454 581 1595 606 mortuum
1607 585 1698 606 susce-

900 622 939 657 pit
950 622 1101 650 hominem.
1115 622 1252 650 Homines
1265 622 1351 658 igitur
1360 622 1404 657 qui
1416 626 1483 650 tunc
1493 626 1581 656 erant,
1593 622 1698 651 habue-

899 671 963 694 runt
982 675 1032 703 pro
1046 667 1179 695 miraculo
1206 667 1309 695 mortui
1328 667 1473 695 calvariam
1492 666 1647 702 depilatam.
1669 667 1698 695 in

899 712 959 740 loco
970 712 1016 740 illo
1031 711 1193 745 habitantes,
1209 711 1271 740 inde
1284 719 1347 739 eum
1358 711 1578 746 nominaverunt,
1596 716 1623 740 et
1637 715 1698 748 post

897 755 1030 784 diluvium
1048 756 1118 784 fama
1151 756 1233 792 751
1255 755 1315 784 haec
1342 764 1357 784 a
1391 758 1450 784 Noe
1469 756 1496 784 in
1527 764 1624 784 omnes
1651 756 1695 784 di-

898 801 1005 837 vulgata
1019 805 1070 830 est.
1092 801 1174 830 Unde
1190 806 1217 829 et
1232 801 1368 829 Dominus
1382 801 1429 829 ubi
1443 800 1504 830 fons
1522 802 1630 835 mortis,
1645 801 1698 829 illic

899 846 1027 881 moritur,
1039 850 1070 874 ut
1080 846 1158 875 illum
1170 847 1265 875 siccet.
1280 857 1293 871 (ι
1303 846 1474 882 Cruciiigunt
1485 850 1577 874 autem
1591 850 1617 874 et
1628 846 1698 874 duos

897 891 968 919 alios
980 899 1043 919 cum
1055 899 1097 919 eo.
1114 903 1125 915 ι
1143 891 1196 927 lpsi
1214 891 1325 927 quidem
1342 899 1389 926 per
1401 890 1454 918 hoc
1468 890 1600 919 infamare
1611 891 1698 927 magis

897 943 961 963 eum
977 935 1108 969 volentes,
1124 936 1202 971 quasi
1214 940 1242 964 et
1259 936 1316 971 ipse
1324 935 1392 963 latro
1404 939 1483 963 esset.
1497 936 1697 964 Verumtamen

898 983 925 1008 et
944 980 993 1016 ipsi
1015 979 1186 1016 prophetiam
1211 980 1238 1008 in
1262 980 1313 1008 hoc
1339 979 1512 1008 involuntarii
1533 979 1695 1015 replerunt:

896 1032 996 1060 nempe
1019 1024 1093 1061 quod
1110 1036 1122 1049 α
1139 1025 1209 1052 Cum
1230 1024 1321 1060 impiis
1336 1028 1478 1060 reputatus
1498 1024 1574 1052 est’.
1593 1036 1606 1049 ιι
1625 1024 1695 1052 Vide

896 1073 990 1097 autem
1000 1073 1028 1097 et
1041 1069 1154 1097 Domini
1167 1069 1341 1105 sapientiam,
1355 1071 1495 1105 quomodo
1514 1073 1542 1097 et
1553 1069 1605 1097 hoc
1623 1069 1696 1106 quod

896 1112 1031 1142 faciebant
1045 1114 1072 1142 in
1087 1114 1215 1150 injuriam
1236 1114 1321 1149 ipsius
1332 1113 1451 1146 Domini,
1469 1113 1495 1141 in
1510 1113 1625 1150 gloriam
1637 1113 1697 1150 ejus

895 1158 996 1186 evenit.
1010 1160 1080 1187 Nam
1093 1163 1119 1186 et
1131 1159 1158 1186 in
1174 1159 1230 1194 ipsa
1243 1166 1323 1186 cruce
1337 1157 1473 1186 latronem
1485 1157 1608 1191 salvavit,
1622 1158 1696 1194 quod

895 1203 970 1231 nullo
991 1203 1122 1231 miraculo
1137 1203 1228 1231 minus
1242 1207 1292 1237 est,
1313 1207 1339 1230 et
1355 1211 1389 1231 ex
1411 1203 1464 1231 hoc
1483 1203 1570 1239 magis
1584 1207 1696 1239 apparet

895 1248 981 1281 Deus,
999 1248 1071 1284 quod
1087 1248 1144 1284 ipse
1158 1248 1234 1276 solus
1258 1247 1439 1284 gloriﬁcatur,
1459 1247 1585 1283 quamvis
1599 1251 1626 1276 et
1647 1247 1693 1276 alii

895 1292 979 1320 simul
1001 1292 1125 1320 crucifixi
1143 1293 1198 1321 sint
1213 1301 1221 1320 ι
1238 1292 1265 1320 id
1291 1292 1366 1328 quod
1385 1300 1441 1319 non
1457 1291 1553 1320 fuisset
1575 1291 1692 1325 factum,

894 1337 947 1364 nisi
974 1337 1101 1365 innoxius
1118 1337 1227 1372 fuisset,
1241 1341 1268 1365 et
1291 1345 1347 1365 non
1372 1340 1418 1370 (ut
1440 1337 1480 1365 sic
1500 1337 1605 1370 dicam)
1630 1337 1695 1373 legis

895 1381 1100 1417 praevaricator,
1113 1382 1162 1410 sed
1177 1386 1204 1410 et
1219 1389 1301 1418 supra
1315 1388 1426 1409 omnem
1436 1382 1535 1417 legem,
1551 1385 1577 1410 et
1590 1389 1694 1418 praeva-

895 1426 1046 1454 ricatorum
1063 1427 1159 1462 judex.

42 1469 146 1507 λῃστὴν
169 1469 280 1506 ἔσωσεν,
304 1469 369 1509 ὅπερ
390 1469 492 1502 οὐδενὸς
514 1465 592 1505 ἧττον
615 1472 718 1508 θαῦμα,
742 1473 788 1500 καὶ
809 1465 839 1500 ἐκ
860 1471 954 1501 τούτου
978 1471 1099 1511 φαίνεται
1125 1472 1226 1510 μᾶλλον
1251 1471 1333 1508 Θεὸς,
1350 1473 1380 1501 ἐκ
1395 1473 1440 1501 τοῦ
1457 1471 1535 1510 μόνος
1556 1471 1634 1506 αὐτὸς
1650 1472 1694 1503 δο-

43 1513 181 1549 ξάζεσθαι,
204 1514 291 1543 καίτοι
319 1514 364 1543 καὶ
390 1513 476 1543 ἄλλων
502 1514 753 1554 συσταυρωθέντων·
778 1515 843 1555 ὅπερ
869 1517 916 1545 οὐκ
934 1516 965 1546 ἂν
985 1517 1116 1556 ἐγεγόνει,
1133 1515 1209 1556 εἰμὴ
1229 1516 1344 1550 ἀναίτιος
1369 1512 1415 1554 ἧν,
1430 1517 1475 1546 καὶ
1491 1518 1540 1557 οὐχ
1561 1516 1632 1551 ὅπως
1657 1518 1693 1547 εἰ·

43 1559 101 1587 πεῖν
124 1558 232 1597 ἄνομος,
252 1558 320 1588 ἀλλὰ
341 1558 386 1588 καὶ
408 1558 505 1591 παντὸς
529 1558 610 1596 νόμου
632 1560 769 1595 ἐπέκεινα,
790 1560 902 1590 καὶτῶν
923 1560 1028 1599 ἀνόμων
1043 1561 1144 1601 κριτής.

85 1617 96 1629 ι
118 1602 129 1613 ’
143 1604 252 1644 Εγραψε
267 1603 294 1632 δὲ
319 1603 364 1644 καὶ
383 1604 470 1632 τῖτλον
485 1606 498 1633 6
524 1604 654 1643 [Ιιλάτος,
679 1604 724 1634 καὶ
746 1604 837 1641 ἔθηκεν

927 1607 1023 1634 Vsus.
1043 1609 1132 1634 19-22.
1147 1618 1158 1630 α
1171 1606 1285 1642 Scripsit
1301 1610 1394 1634 autem
1409 1609 1436 1634 et
1450 1605 1561 1634 titulum
1573 1606 1692 1641 Pilatus,

43 1647 88 1677 ἐπὶ
111 1651 156 1678 τοῦ
180 1651 305 1687 σταυροῦ⁸
336 1643 368 1683 ἦν
403 1647 430 1677 δὲ
464 1648 654 1687 γεγραμμένον·
690 1649 792 1684 Ἰησοῦς
825 1651 839 1678 6

42 1692 212 1732 Ναζωραῖος,
235 1694 250 1721 6
276 1692 398 1732 βασιλεὺς
423 1694 474 1721 τῶν
498 1693 643 1722 Ἰουδαίων.
667 1694 768 1723 Τοῦτον
794 1689 839 1723 οὖν

43 1737 87 1766 τὸν
118 1738 203 1766 τῖτλον
232 1737 326 1766 πολλοὶ
354 1737 506 1776 ἀνέγνωσαν
534 1739 586 1767 τῶν
616 1737 767 1775 Ἰουδαίων,
800 1738 839 1768 ὅτι

43 1781 120 1820 ἐγγὺς
153 1777 183 1817 ἦν
203 1783 217 1811 ὁ
236 1782 314 1822 τόπος
339 1784 385 1817 τ’ἤς
409 1782 526 1817 πόλεως,
558 1781 624 1812 ὅπου
653 1783 807 1822 ἐσταυρώθη
825 1784 839 1812 6

41 1826 155 1861 Ἰησοῦς.
173 1826 224 1856 Καὶ
239 1821 271 1861 ἦν
288 1827 470 1866 γεγραμμένον
487 1825 648 1867 Ἐϐραϊστὶ,
666 1821 837 1863 ¹Ι·ζλληνιστὶ,

41 1871 203 1909 Ῥωμαϊστί.
234 1869 348 1910 Ἔλεγον
372 1867 416 1901 οὖν
445 1873 482 1910 τῷ
510 1871 622 1911 Πιλάτῳ
653 1873 677 1901 οἱ
705 1874 839 1911 ἀρχιερεῖς

45 1917 96 1945 τῶν
118 1915 266 1946 Ἰουδαίων·
295 1915 341 1951 Μὴ
359 1916 454 1956 γράφε·
483 1915 518 1946 Ὀ
545 1916 668 1955 βασιλεὺς
692 1918 744 1945 τῶν
767 1917 836 1946 Ἰου-

45 1961 139 1997 δαίων,
166 1960 224 1990 ἀλλ¹
251 1960 291 1989 ὅτι
322 1961 418 1994 ἐκεῖνος
440 1955 510 1990 εἷπε·
541 1961 671 1995 Βασιλεύς
699 1962 753 1998 εἶμι
786 1963 838 1990 τῶν

46 2005 193 2035 Ἰουδαίων.
226 2004 364 2045 Ἀπεκρίθη
403 2007 417 2035 6
458 2005 587 2039 Πιλάτος’
619 2005 657 2035 ⁸0
699 2006 836 2046 γέγραφα,

45 2050 172 2090 γέγραφα.
205 2064 216 2075 ιι
245 2050 344 2091 Γράφει
369 2050 414 2080 καὶ
437 2051 524 2079 τῖτλον
548 2052 561 2080 6
584 2050 700 2084 Πιλάτος
726 2051 770 2080 ἐπὶ
790 2053 837 2080 τοῦ

46 2097 174 2134 σταυροῦ,
210 2094 343 2124 τουτέστιν
380 2094 482 2131 αἰτίαν,
515 2095 560 2124 καὶ
596 2095 760 2135 ἐπιγραφὴν,
792 2095 837 2124 καὶ

46 2140 171 2175 δήλωσιν·
186 2142 269 2169 ταῦτα
284 2139 335 2180 γὰρ
351 2139 525 2179 ἑρμηνεύεται
539 2141 553 2168 6
567 2139 663 2173 τῗτλος.
688 2140 837 2175 Ἐδηλοῧτο

47 2184 72 2213 δὲ
88 2184 129 2214 διὰ
153 2186 198 2213 τοῦ
227 2184 330 2221 τίτλου,
359 2184 425 2217 τίνος
455 2183 525 2213 ἐστὶν
552 2185 566 2214 6
587 2185 709 2225 σταυρός.
737 2185 836 2224 Γράφει

46 2224 89 2258 οὖν
108 2229 150 2258 τὸν
170 2230 270 2265 τῖτλον,
287 2229 343 2268 ἅμα
360 2229 408 2266 μὲν
427 2229 589 2267 ἀμυνόμενος
608 2229 667 2263 τοὺς
682 2229 838 2265 Ἰουδαίους,

47 2275 80 2307 ὡς
103 2273 321 2312 παρακούσαντας
347 2275 440 2310 αὐτοῦ,
467 2273 513 2302 καὶ
542 2273 642 2307 δεικνὺς
668 2273 716 2309 τὴν
742 2273 836 2304 κακίαν

48 2319 147 2354 αὐτῶν,
167 2319 208 2347 ὅτι
232 2319 268 2358 τῷ
289 2318 377 2358 οἰκείῳ
397 2319 501 2357 βασιλεῖ
518 2318 716 2354 ἐπανέστησαν·
737 2318 793 2357 ἅμα
810 2318 836 2348 δὲ

46 2363 89 2392 καὶ
123 2362 397 2403 ὕπεραπολογούμενος
433 2365 480 2399 τῆς
510 2363 585 2399 δόξης
620 2366 666 2392 τοῦ
707 2364 832 2404 Χριστοῦ.

47 2408 123 2438 Ἐπεὶ
141 2408 191 2446 γὰρ
215 2408 308 2437 ἐκεῖνοι
332 2407 400 2446 μετὰ
421 2409 526 2447 λῃστῶν
550 2406 627 2436 αὐτὸν
649 2408 837 2447 ἐσταύρωσαν,

46 2454 243 2493 καταῤῥυπᾶναι
257 2453 287 2482 τὸ
301 2452 384 2491 ὄνομα
405 2454 485 2482 αὐτοῦ
501 2452 672 2492 βουλόμενοι,
693 2454 707 2482 6
724 2453 838 2486 Πιλάτος

46 2497 237 2533 δείκνυσιν,8τι
255 2498 284 2527 οὗ
304 2497 404 2537 λῃστὴς
422 2493 472 2536 ἦν,
495 2497 563 2527 ἀλλὰ
589 2497 712 2537 βασιλεὺς
738 2499 838 2534 αὐτῶν,

47 2542 90 2571 καὶ
109 2545 182 2572 τοῦτο
203 2543 232 2571 οὖ
255 2547 303 2583 μιᾷ
327 2542 446 2582 γλώττῃ,
471 2542 540 2572 ἀλλὰ
564 2542 634 2582 τρισὶ
653 2543 731 2579 δῆλον
752 2543 834 2573 ποιεῖ.

48 2587 122 2620 Εἰκὸς
141 2587 190 2626 γὰρ
209 2583 242 2623 ἧν
261 2586 374 2620 πολλοὺς
396 2587 439 2616 διὰ
462 2586 510 2623 τὴν
534 2586 627 2627 ἑορτὴν
652 2589 836 2626 ἀναμεμῖχθαι

48 2635 98 2667 τοῖς
120 2631 254 2665 Ἰουδαίοις
281 2631 431 2668 υΕλληνας·
467 2633 502 2665 ὡς
531 2632 576 2661 καὶ
602 2633 616 2660 6
646 2632 837 2672 εὖαγγελιστὴς

49 2677 164 2717 ἀνωτέρω
183 2676 283 2710 ἐδίδαξε
304 2677 366 2716 περί
386 2689 464 2706 τινων
488 2676 626 2717 Ἑλλήνων
647 2679 699 2706 τῶν
726 2677 771 2706 καὶ
796 2677 840 2706 τὸν

49 2723 147 2758 Ἰησοῦν
173 2722 302 2752 ἐλθόντων
337 2722 409 2752 ἰδεῖν,
432 2721 493 2750 Ἵνα
520 2716 564 2751 οὖν
591 2721 688 2756 πάντες
718 2721 840 2762 ἐπιγινώ-

79 2802 90 2819 ’
103 2803 142 2831 lsa
159 2805 268 2835 I.u.12.
308 2802 330 2820 ¹⁰
340 2803 421 2831 Joan.
438 2810 497 2837 χιι,
513 2806 539 2831 9.

893 1654 922 1678 et
946 1650 1037 1686 posuit
1069 1659 1152 1687 super
1174 1659 1296 1679 crucem.
1318 1652 1383 1678 Erat
1406 1655 1500 1679 autem
1527 1651 1658 1687 scriptum
1682 1661 1690 1680 :

893 1696 974 1723 Jesus
997 1697 1163 1729 Nazarenus.
1188 1704 1235 1724 rex
1250 1695 1416 1724 Iudaeorum.
1438 1697 1519 1724 Hunc
1542 1703 1608 1732 ergo
1622 1697 1691 1724 titu-

894 1739 950 1767 lum
967 1740 1045 1768 multi
1057 1740 1219 1769 Judteorum
1235 1740 1368 1777 legerunt,
1382 1740 1447 1776 quia
1459 1748 1543 1776 prope
1554 1741 1689 1770 civitatem

893 1789 952 1812 erat
973 1785 1050 1813 locus
1071 1785 1117 1812 ubi
1142 1785 1286 1813 cruciﬁxus
1312 1789 1353 1813 est
1372 1785 1462 1813 Jesus.
1487 1786 1521 1812 Et
1545 1790 1605 1813 erat
1622 1786 1690 1814 scri-

894 1833 972 1865 ptum
989 1830 1134 1859 Hebraice.
1151 1834 1177 1857 et
1190 1831 1295 1862 Grece,
1311 1834 1339 1857 et
1357 1829 1462 1857 Latine.
1483 1829 1614 1857 Dicebant
1627 1838 1691 1866 ergo

894 1874 980 1902 Pilato
1006 1874 1148 1909 pontiﬁces
1175 1874 1337 1902 Iudaeorum
1360 1883 1366 1900 :
1388 1873 1450 1901 Noli
1480 1874 1609 1908 scribere,
1631 1875 1690 1902 Rex

893 1918 1065 1952 Judaaorum,
1080 1918 1128 1946 sed
1141 1918 1215 1954 quod
1234 1918 1278 1946 ille
1295 1918 1393 1946 dixerit
1410 1927 1416 1945 :
1432 1919 1490 1946 Rex
1505 1925 1568 1946 sum
1579 1918 1690 1946 Iudaeo-

893 1971 963 1991 rum.
986 1963 1139 2000 Respondit
1160 1963 1262 1991 Pilatus
1287 1972 1294 1991 :
1316 1962 1399 1998 Quod
1422 1962 1528 1998 scripsi,
1551 1962 1655 1998 scripsi.
1677 1975 1690 1988 ι

893 2008 993 2036 Scribit
1014 2012 1042 2036 et
1062 2008 1173 2036 titulum
1195 2008 1297 2036 Pilatus
1318 2015 1399 2044 super
1422 2015 1542 2042 crucem,
1564 2007 1616 2035 hoc
1639 2011 1689 2042 est,

893 2060 1003 2080 causam
1032 2056 1060 2080 et
1086 2052 1336 2080 manil'estationem
1360 2056 1388 2080 et
1407 2052 1621 2088 inscriptionem.
1650 2053 1689 2081 Ita

893 2098 967 2126 enim
992 2098 1205 2134 interpretamur
1229 2097 1350 2126 titulum.
1369 2097 1578 2133 Signiﬁcabatur
1597 2101 1690 2126 autem

893 2151 940 2178 per
954 2143 1073 2176 titulum,
1087 2142 1163 2179 cujus
1177 2146 1250 2170 esset
1267 2150 1344 2170 crux.
1365 2142 1504 2170 Caeterum
1519 2142 1614 2170 scribit
1627 2143 1691 2170 titu-

893 2187 961 2218 lum,
988 2187 1087 2223 partim
1109 2187 1242 2221 ulciscens
1261 2195 1290 2216 se
1305 2186 1339 2215 de
1357 2187 1460 2215 Judaeis
1479 2190 1510 2215 ut
1522 2187 1575 2214 sibi
1594 2186 1690 2216 inobe-

855 2225 878 2256 Β
893 2231 1040 2265 dientibus,
1063 2235 1091 2260 et
1113 2231 1258 2260 ostendens
1273 2231 1405 2259 malitiam
1426 2239 1534 2266 eorum,
1554 2232 1628 2267 quod
1646 2231 1691 2260 in-

892 2276 1060 2305 surrexerint
1081 2281 1176 2304 contra
1203 2277 1347 2312 proprium
1374 2284 1468 2312 regem
1492 2286 1498 2303 :
1531 2276 1631 2312 partim
1663 2281 1691 2304 et

891 2322 1007 2357 gloriam
1033 2321 1133 2349 Christi
1158 2320 1318 2349 defendens.
1335 2321 1404 2356 Quia
1423 2321 1497 2348 enim
1518 2321 1596 2348 illum
1626 2329 1691 2349 cum

892 2366 1043 2394 latronibus
1059 2365 1266 2400 crucifixerunt,
1288 2365 1464 2402 coinquinare
1479 2373 1581 2393 nomen
1596 2366 1690 2394 volen-

893 2415 943 2444 tes,
962 2411 1065 2439 Pilatus
1080 2411 1197 2438 ostendit
1211 2410 1285 2446 quod
1300 2418 1356 2437 non
1379 2409 1459 2438 fuerit
1479 2410 1558 2443 latro,
1576 2409 1624 2438 sed
1643 2418 1691 2438 rex

893 2463 989 2484 eorum
1018 2465 1024 2483 :
1045 2459 1070 2483 et
1092 2455 1145 2483 hoc
1159 2463 1215 2484 non
1230 2463 1297 2489 una,
1311 2455 1358 2483 sed
1377 2455 1463 2483 tribus
1483 2455 1581 2491 linguis
1602 2456 1690 2483 mani-

892 2499 983 2529 festat.
997 2500 1153 2529 Verisimile
1166 2500 1242 2528 enim
1257 2503 1317 2528 erat
1332 2500 1434 2528 multos
1450 2499 1566 2536 gentiles
1580 2504 1692 2536 propter

891 2545 993 2573 festum
1008 2545 1214 2573 eommiscuisse
1230 2552 1259 2573 se
1283 2544 1395 2578 Judwis,
1421 2545 1492 2572 sicut
1519 2548 1546 2573 et
1573 2552 1692 2581 evange-

891 2590 951 2618 lista
977 2590 1102 2625 superius
1123 2589 1219 2618 docuit
1232 2589 1267 2618 de
1288 2589 1454 2625 quibusdam
1475 2589 1624 2625 gentilibus
1644 2590 1691 2625 qui

892 2635 983 2663 videre
996 2635 1125 2663 volebant
1137 2635 1234 2663 Jesum
1252 2634 1283 2662 ‘°.
1296 2635 1337 2663 Ut
1354 2634 1436 2671 igitur
1446 2642 1544 2662 omnes
1558 2641 1692 2670 agnosce-

895 2683 966 2714 rent,
988 2679 1112 2708 omnium
1144 2680 1256 2708 vocibus
1275 2679 1441 2707 Judaeorum
1463 2678 1599 2706 insaniam
1621 2676 1690 2705 infa-

896 2725 989 2754 mavit.
1013 2727 1051 2753 At
1074 2724 1111 2753 illi
1133 2725 1218 2753 etiam
1242 2724 1372 2753 crucilixo
1387 2723 1555 2752 invidebant.
1578 2724 1613 2750 Et
1627 2721 1692 2758 quid
