1927 3076
235 175 287 202 275

731 168 988 198 THEOPHYLACTI
1007 167 1186 196 BULGARLE
1203 168 1360 197 ARCHIEP.

1833 170 1882 196 276

234 236 344 264 dicunt?
360 246 374 261 ι
389 234 491 269 Scribe,
506 233 581 270 quod
590 233 634 262 ille
644 232 753 262 dixerit.
769 242 783 259 in
798 233 870 262 Nam
881 239 955 260 nunc
972 231 1029 268 qui-

1088 243 1191 268 σκωσι,
1216 235 1274 265 ταῖς
1298 234 1397 273 φωναῖς
1417 231 1535 265 ἁπάσαις
1559 231 1607 268 τὴν
1627 229 1766 262 Ἰουδαίων
1787 231 1882 270 μανίαν

233 281 296 309 dem
321 279 482 309 communis
511 278 645 307 sententia
673 278 835 306 Iudaeorum
859 280 981 313 apparet.
1002 276 1032 305 Si

233 330 326 355 autem
347 325 503 361 appositum
518 324 625 357 fuisset,
647 323 720 360 quod
736 323 792 359 ipse
816 322 917 351 dixerit
935 330 964 350 se
987 329 1032 350 re-

235 379 307 407 gem,
321 371 410 398 visum
424 369 522 398 fuisset
533 369 639 397 crimen
651 368 814 396 temeritatis
828 372 856 395 et
868 367 1032 404 arrogantia:

234 416 317 444 illius.
342 414 395 443 Sed
417 415 520 442 Pilatus
541 421 597 442 non
616 413 827 450 obtemperavit,
851 417 880 440 et
902 412 930 440 in
949 412 1032 448 priori

235 460 312 488 stetit
333 460 465 488 sententia
501 469 508 488 :
544 458 606 486 ideo
626 458 691 486 dicit
725 466 767 485 τι
806 457 888 492 Quod
923 457 1031 492 scripsi,

237 504 343 541 scripsi.
361 516 374 529 ιο
394 505 534 532 Caeterum
547 506 575 530 et
593 502 667 530 aliud
680 510 811 539 magnum
826 501 956 538 quiddam
975 502 1031 530 dis-

236 553 368 586 pensatur
384 558 391 577 :
409 549 472 584 quia
487 547 613 576 futurum
627 551 686 575 erat
707 551 737 575 ut
748 551 805 575 tres
819 555 913 575 cruces
935 547 1032 574 eodem

235 594 263 622 in
289 594 349 622 loco
372 592 491 622 defossae
513 592 650 628 jacerent,
661 595 692 620 ut
711 600 746 620 ne
772 592 947 628 ignoraretur
971 599 1032 627 quae

234 642 306 666 esset
326 646 393 666 crux
417 637 541 670 Domini,
557 641 666 672 propter
689 636 742 664 hoc
766 636 957 672 dispensatum
980 640 1031 669 est,

234 683 327 711 utsola
337 682 449 710 titulum
457 682 602 710 haberetet
610 681 827 717 inscriptionem,
834 685 865 709 ut
873 689 919 717 per
924 682 1032 717 signum

233 728 287 756 tale
306 730 525 763 cognosceretur.
541 727 693 754 Latronum
708 726 785 754 enim
807 733 902 754 cruces
919 726 1032 754 titulum

233 780 290 801 non
311 772 458 800 habebant.
478 772 606 800 Insinuat
627 775 720 800 autem
734 775 763 799 et
786 771 870 806 752
889 771 1033 799 sublimius

234 817 364 854 quiddam
400 817 541 853 inscriptio
573 816 726 855 triplicibus
754 816 849 844 litteris
890 815 1029 855 inscripta.

236 852 393 890 lilanifestat
409 852 490 890 enim
498 852 649 890 Dominum
668 868 760 897 regem
773 868 836 889 esse
849 852 1030 897 philosophiae

237 907 362 943 practice:
376 910 404 935 et
415 907 546 935 naturalis
570 910 598 934 et
620 905 792 942 theologicae.
823 905 942 934 Practica
956 906 1030 934 enim

234 959 283 987 per
304 952 446 980 Romanas
469 951 619 988 scripturas
634 950 777 986 ﬁguratur.
794 952 866 978 Nam
890 951 1032 978 Romano-

234 1004 297 1024 rum
324 996 491 1032 principatus
518 996 637 1024 maxime
656 995 743 1023 virilis
764 999 823 1023 erat
851 999 878 1023 et
904 1000 1033 1024 strenuus

237 1042 266 1069 in
287 1041 368 1069 rebus
395 1041 510 1069 bellicis.
526 1041 578 1068 Per
592 1040 704 1068 Graecas
729 1048 804 1074 vero,
825 1040 971 1075 naturalis,
987 1041 1032 1069 cui

235 1085 367 1114 vacabant
379 1085 477 1114 Grazci.
494 1087 546 1114 Per
557 1085 705 1113 Hebraicas
715 1084 845 1121 denique,
858 1084 1031 1121 theologica;

234 1138 300 1158 nam
326 1130 449 1158 Hebraeis
470 1130 628 1158 divinorum
650 1129 770 1166 cognitio
793 1129 949 1158 concredita
967 1129 1031 1158 fuit.

234 1175 327 1204 Gloria
344 1175 427 1211 igitur
445 1175 470 1202 ei
483 1175 529 1211 qui
542 1182 589 1210 per
602 1182 713 1202 crucem
727 1174 853 1210 apparuit
863 1174 918 1202 tale
929 1174 1032 1203 habere

233 1227 359 1256 regnum,
375 1224 402 1248 et
423 1219 470 1256 qui
486 1219 622 1248 mundum
641 1219 716 1253 vicit,
741 1219 888 1255 practicam
907 1223 1032 1247 nostram

234 1265 365 1293 virtutem
386 1264 537 1299 roboravit,
562 1263 762 1299 scientiamque
786 1267 893 1292 natura
918 1264 1032 1300 largitus

233 1313 286 1344 est,
311 1314 340 1337 et
359 1309 393 1337 ab
409 1309 454 1338 illa
468 1317 519 1337 nos
541 1308 618 1337 duxit
637 1308 665 1336 in
680 1308 808 1336 interiora
830 1309 985 1344 velamenti,
1003 1310 1032 1337 in

233 1362 313 1383 suam
337 1354 397 1382 dico
415 1354 561 1382 scientiam
583 1357 611 1382 et
624 1353 905 1389 comtemplationem,
920 1353 1030 1382 theolo-

234 1399 305 1436 giam
321 1398 457 1427 videlicet.

1088 276 1280 312 ἐστηλίτευσεν.
1329 277 1365 307 Oi
1381 276 1409 306 δὲ
1426 277 1471 306 καὶ
1495 277 1689 316 ἐσταυρωμένῳ
1711 276 1882 307 ἐϐάσκαινον.

1086 321 1141 351 Καὶ
1155 321 1182 351 τί
1196 333 1292 362 φασιν;
1313 331 1326 350 tt
1348 322 1454 362 Γράψον
1464 344 1472 360 ,
1488 321 1528 351 ὅτι
1545 323 1621 355 αὐτὸς
1636 316 1705 353 εἶπε.
1724 333 1740 350 ι
1759 322 1817 351 Νῦν
1838 321 1884 360 μὲν

1086 366 1136 406 γὰρ
1162 366 1235 402 κοινὴ
1265 369 1350 407 ψῆφος
1376 369 1427 407 τῶν
1454 366 1588 397 Ἰουδαίων
1623 366 1754 406 φαίνεται·
1781 367 1827 396 ἐὰν
1859 366 1887 396 δὲ

1085 413 1216 451 προστεθῇ
1227 433 1236 448 ,
1252 411 1290 440 ὅτι
1307 411 1382 444 αὐτὸς
1397 406 1469 441 εἶπεν
1482 411 1575 440 ἑαυτὸν
1593 410 1706 451 βασιλέα
1716 434 1724 448 ,
1740 412 1789 445 τῆς
1805 412 1886 440 αὐτοῦ

1086 457 1245 495 προπετείας
1278 455 1323 485 καὶ
1351 457 1505 491 ἀλαζονείας
1533 456 1563 486 τὸ
1595 455 1720 495 ἔγκλημα
1747 455 1884 497 φαίνεται.

1087 500 1156 531 Ἀλλ’
1172 502 1222 541 οὐχ
1240 503 1255 530 6
1271 501 1388 535 Πιλάτος
1410 501 1570 542 παρετράπη
1581 523 1589 537 ,
1606 501 1667 530 ἀλλ’
1689 500 1733 530 ἐπὶ
1750 503 1798 536 τῆς
1815 513 1886 541 προ-

1086 546 1163 586 τέρας
1176 545 1285 575 ἵσταται
1298 546 1414 586 γνώμης,
1428 546 1477 576 Διὸ
1497 545 1544 575 καί
1556 558 1645 586 φησιν·
1663 557 1679 575 α
1692 545 1731 576 ⁴Ο
1746 545 1884 585 γέγραφα,

1086 590 1216 631 γέγραφα.
1236 601 1251 620 ))
1276 590 1357 621 Ἀλλὰ
1379 590 1432 629 μὴν
1452 590 1497 621 καὶ
1525 590 1612 631 ἕτερόν
1632 603 1657 620 τι
1685 591 1754 630 μέγα
1779 592 1886 620 οἰκονο-

1087 639 1187 674 μεῖται.
1231 635 1344 671 Ἐπειδὴ
1361 636 1413 676 γὰρ
1428 636 1645 676 καταχωσθέντες
1660 638 1684 665 οἱ
1697 640 1765 675 τρεῖς
1776 636 1886 675 σταυροὶ

1087 681 1114 709 ἐν
1139 682 1228 721 ταυτῷ
1252 680 1362 718 ἔμελλον
1388 683 1506 716 χεῖσθαι,
1523 680 1566 710 ἴνα
1589 679 1627 719 μὴ
1651 681 1789 720 ἀγνοηθῇ,
1811 680 1889 713 ποῖός

1087 725 1157 754 ἔστιν
1185 727 1199 755 6
1223 727 1270 754 τοῦ
1304 724 1418 765 Κυρίου,
1442 725 1485 754 διὰ
1508 727 1584 755 τοῧτο
1613 725 1774 765 ᾠκονομήθη
1804 725 1888 754 αὐτὸν

1088 769 1164 808 μόνον
1187 770 1274 799 τῖτλον
1301 770 1371 809 ἔχειν
1398 769 1444 798 καὶ
1468 769 1635 810 ἐπιγραφὴν,
1659 771 1693 803 ὡς
1710 769 1740 799 ἂν
1767 770 1813 800 διὰ
1837 772 1887 799 τοῦ

1085 814 1204 844 τοιούτου
1230 814 1341 851 σημείου
1367 815 1550 854 ἐπιγνωσθείη⁸
1574 817 1597 843 οἱ
1622 814 1673 854 γὰρ
1697 817 1750 844 τῶν
1776 815 1887 853 λῃστῶν

1086 859 1174 888 τῖτλον
1188 861 1234 889 οὐκ
1249 854 1332 899 εἶχον.
1385 859 1538 889 Αἷνίττεται
1555 858 1581 888 δὲ
1605 859 1652 888 καί
1672 871 1697 888 τι
1721 859 1886 898 ὑψηλότερον

1087 906 1104 940 ἡ
1125 903 1258 944 ἐπιγραφὴ
1284 908 1398 942 τρισσοῖς
1418 904 1575 944 γράμμασιν
1598 904 1791 944 ἐπιγραφεῖσα·
1809 905 1887 939 δηλοῖ

1087 948 1131 978 τὸν
1148 943 1244 986 Κύριον
1273 948 1385 988 βασιλέα
1409 943 1476 977 εἶναι
1499 951 1667 988 πρακτικῆς,
1684 948 1730 977 καὶ
1752 950 1886 988 φυσικῆς,

1087 994 1132 1023 καὶ
1154 994 1303 1033 θεολογικῆς
1327 993 1494 1033 φιλοσοφίας·
1510 992 1553 1022 διὰ
1569 994 1616 1031 μὲν
1634 995 1686 1022 τῶν
1705 993 1887 1031 Ῥωμαϊκῶν,

1087 1039 1253 1079 γραμμάτων
1269 1041 1315 1074 τῆς
1338 1040 1486 1077 πρακτικῆς
1512 1039 1691 1075 τυπουμένης·
1713 1040 1730 1074 ἡ
1757 1038 1810 1078 γὰρ
1831 1039 1887 1067 τῶν

1087 1083 1232 1122 Ῥωμαίων
1258 1082 1328 1123 ἀρχὴ
1356 1083 1527 1122 ἀνδρειοτάτη
1554 1083 1598 1111 καὶ
1616 1082 1826 1121 πρακτικωτάτη
1849 1082 1886 1112 τὰ

1086 1127 1156 1157 κατὰ
1169 1127 1296 1165 πόλεμον.
1321 1127 1372 1157 Διὰ
1387 1127 1415 1156 δὲ
1432 1130 1486 1157 τῶν
1501 1127 1666 1163 Ἑλληνικῶν
1676 1149 1684 1163 ,
1699 1129 1747 1162 τῆς
1763 1129 1887 1167 φυσικῆς·

1087 1175 1110 1202 οἱ
1141 1172 1192 1212 γὰρ
1217 1170 1350 1208 Ἕλληνες
1373 1171 1511 1211 περὶέτὴν
1538 1170 1651 1212 φυσικὴν
1679 1172 1883 1211 ἠσχολήθησαν.

1087 1217 1138 1248 Διὰ
1165 1217 1192 1246 δὲ
1220 1218 1272 1246 τῶν
1305 1216 1460 1256 “Εϐραῑκῶν
1498 1219 1545 1252 τῆς
1576 1218 1738 1255 Θεολογικῆς·
1768 1218 1792 1246 οἱ
1831 1217 1887 1256 γὰρ

1086 1261 1210 1301 Ἑϐραῖοι
1225 1261 1272 1296 τὴν
1296 1261 1368 1291 θείαν
1390 1261 1583 1297 ἐπιστεύθησαν
1604 1263 1709 1300 γνῶσιν.
1752 1261 1823 1295 Δόξα
1839 1257 1888 1291 οὖν

1085 1309 1123 1347 τῷ
1147 1305 1191 1336 διὰ
1219 1309 1264 1336 τοῦ
1293 1309 1407 1345 σταυροῦ
1437 1306 1543 1346 φανέντι
1580 1306 1703 1342 τοιαύτην
1738 1305 1808 1346 ἔχειν
1835 1307 1888 1342 τὴν

1087 1350 1242 1391 βασιλείαν,
1262 1351 1307 1380 καὶ
1331 1350 1375 1380 τόν
1400 1362 1428 1380 τε
1457 1351 1556 1388 κόσμον
1579 1351 1740 1387 νικήσαντι,
1766 1351 1812 1380 καὶ
1834 1352 1888 1386 τὴν

1085 1396 1233 1436 πρακτικὴν
1260 1396 1324 1431 ἡμῖν
1361 1395 1535 1433 ὁμαλίσαντι,
1574 1395 1622 1430 τήν
1650 1407 1680 1424 τε
1706 1396 1803 1434 γνῶσιν
1836 1399 1888 1432 τῆς

233 1440 335 1480 φύσεως
359 1439 546 1480 χαριζομένῳ,
571 1438 617 1468 καὶ
641 1438 694 1467 ἀπὸ
714 1436 812 1474 ταύτης
837 1439 873 1472 εἷς
894 1438 925 1468 τὸ
948 1440 1077 1483 ἐσώτερον
1100 1444 1145 1471 τοῦ
1168 1441 1429 1479 καταπετάσματος,
1454 1441 1490 1474 εἷς
1505 1440 1553 1477 τὴν
1576 1440 1675 1470 οἰκείαν
1695 1439 1766 1479 λέγω
1785 1442 1887 1480 γνῶσιν

233 1484 279 1514 καὶ
292 1484 421 1525 θεωρίαν,
439 1484 497 1519 ἤτοι
510 1482 645 1522 θεολογίαν
662 1483 804 1522 εἰσάγοντι.

269 1535 362 1562 Vens.
377 1536 423 1566 23,
449 1535 493 1560 24.
511 1543 524 1556 ι
548 1531 650 1559 Milites
668 1539 732 1568 ergo
753 1540 818 1560 cum
832 1532 1032 1563 cruciﬁxissent
1048 1533 1070 1566 C

231 1579 338 1610 Jesum,
366 1581 530 1613 acceperunt
549 1577 712 1604 vestimenta
747 1576 815 1612 ejus,
844 1581 872 1605 et
904 1577 1031 1608 fecerunt

232 1626 350 1660 quatuor
363 1625 464 1658 partes,
480 1621 625 1657 unicuique
638 1621 717 1648 militi
728 1625 845 1657 partem,
858 1626 886 1650 et
896 1623 1028 1652 tunicam.

234 1668 302 1696 Erat
321 1670 412 1695 autem
427 1666 521 1694 tunica
540 1666 725 1700 inconsutilis,
741 1674 756 1694 a
770 1674 882 1695 summo
902 1672 1030 1697 contexta

239 1720 287 1748 per
311 1715 412 1739 totum.
434 1711 566 1738 Dixerunt
587 1718 652 1746 ergo
666 1710 739 1739 inter
753 1719 782 1739 se
798 1719 805 1738 :
821 1712 859 1739 Ne
873 1712 1032 1742 scindamus

238 1764 310 1788 eam,
329 1755 377 1783 sed
392 1755 539 1783 sortiamur
558 1755 592 1784 de
613 1755 658 1782 illa
681 1755 757 1792 cujus
780 1755 826 1792 sit,
844 1761 875 1784 ut
894 1757 1032 1794 Scriptura

233 1801 404 1836 impleretur,
429 1800 523 1828 dicens
546 1808 553 1827 :
575 1799 670 1828 Partiti
694 1804 760 1828 sunt
780 1801 943 1830 vestimenta
969 1810 1031 1830 mea

231 1846 295 1880 sibi,
323 1849 350 1872 et
370 1845 396 1872 in
415 1849 516 1872 vestem
542 1852 633 1872 meam
652 1843 786 1873 miserunt
809 1850 921 1874 sortem.
951 1857 964 1871 ι
980 1847 1032 1875 Per

232 1891 278 1919 illa
293 1890 467 1926 potissimum
481 1889 634 1925 implentur
652 1889 813 1926 prophetiae,
830 1898 879 1926 per
898 1898 959 1926 quae
973 1891 1032 1919 dia-

231 1935 312 1964 bolus
337 1934 490 1963 insidiatur.
517 1935 553 1962 Et
578 1933 638 1962 vide
662 1935 814 1963 veritatem.
838 1937 906 1963 Tres
920 1935 1033 1963 fuemnt

230 1979 361 2013 crucifixi,
377 1983 502 2007 attamen
518 1979 546 2006 in
561 1978 614 2007 hoc
629 1979 689 2007 solo
705 1979 852 2015 implentur
872 1980 1031 2015 prophetica

231 2026 313 2054 dicta.
329 2026 364 2052 Et
376 2023 522 2052 considera
537 2024 678 2060 prophetae
688 2023 867 2060 diligentiam.
881 2025 943 2051 Non
957 2024 1032 2052 enim

231 2070 321 2098 solum
334 2069 408 2106 quod
424 2080 437 2094 α
454 2069 545 2105 partiti
558 2069 673 2104 fuerint,
698 2080 710 2092 ιο
725 2068 773 2096 sed
791 2069 874 2096 etiam
887 2068 961 2104 quod
974 2077 1032 2097 non

231 2114 325 2151 partiti
351 2113 462 2149 fuerint,
486 2113 556 2142 dixit
578 2113 721 2150 propheta.
737 2113 823 2149 Igitur
845 2113 898 2141 alia
919 2113 1031 2149 quidem

231 2159 440 2193 distribuerunt,
458 2159 583 2187 tunicam
598 2162 692 2186 autem
706 2166 772 2192 non,
788 2157 837 2186 sed
850 2159 939 2186 sortiti
954 2163 1029 2187 sunt.

1128 1543 1144 1559 α
1160 1533 1195 1560 Οἱ
1210 1526 1255 1560 οὖν
1269 1530 1447 1570 στρατιῶται,
1464 1530 1508 1560 ὅτε
1520 1528 1691 1569 ἐσταύρωσαν
1707 1529 1750 1559 τὸν
1766 1530 1886 1567 Ἰησοῦν,

1086 1575 1181 1606 ἔλαϐον
1216 1576 1249 1604 τόι
1277 1575 1372 1612 ἱμάτια
1401 1576 1498 1611 αὐτοῦ,
1525 1574 1571 1603 καὶ
1600 1575 1729 1610 ἐποίησαν
1764 1574 1888 1614 τέσσαρα

1087 1621 1173 1659 μέρη,
1200 1620 1305 1659 ἑκάστῳ
1329 1619 1480 1659 στρατιώτῃ
1506 1619 1599 1660 μέρος,
1623 1619 1669 1649 καὶ
1702 1619 1746 1648 τὸν
1767 1621 1885 1659 χιτῶνα,

1084 1661 1140 1695 Ἦν
1168 1665 1195 1695 δὲ
1223 1666 1237 1693 6
1260 1663 1343 1704 χιτὼν
1359 1663 1496 1704 ἄῤῥαφος,
1523 1665 1552 1693 ἐκ
1576 1665 1628 1692 τῶν
1646 1664 1745 1693 ἄνωθεν
1770 1665 1889 1704 ὑφαντὸς

1085 1710 1183 1740 διόλου.
1214 1704 1297 1739 Εἶπον
1326 1703 1370 1738 οὖν
1397 1708 1462 1748 πρὸς
1493 1708 1635 1744 ἀλλήλους·
1665 1710 1714 1744 Μὴ
1745 1709 1888 1749 σχίσωμεν

1086 1755 1180 1792 αὐτὸν,
1208 1754 1276 1784 ἀλλὰ
1301 1754 1430 1793 λάχωμεν
1451 1753 1512 1793 περὶ
1536 1754 1634 1790 αὐτοῦ,
1657 1754 1726 1787 τίνος
1743 1753 1827 1783 ἔσται·
1841 1754 1888 1784 ἵνα

1085 1803 1101 1835 ἡ
1121 1799 1214 1840 Γραφὴ
1241 1799 1388 1838 πληρωθῇ,
1417 1800 1433 1834 ἡ
1461 1797 1594 1836 λέγουσα·
1628 1798 1820 1838 Διεμερίσαντο
1850 1799 1886 1829 τὰ

1085 1844 1179 1883 ἱμάτιά
1208 1855 1274 1882 μου,
1303 1843 1348 1872 καὶ
1379 1842 1424 1872 ἐπὶ
1454 1842 1498 1872 τὸν
1526 1843 1671 1881 ἱματισμόν
1706 1855 1757 1882 μου
1786 1843 1885 1873 ἔϐαλον

1085 1891 1194 1929 κλῆρον.
1217 1899 1232 1917 n
1251 1888 1292 1918 Δι’
1318 1883 1354 1917 ὧν
1376 1889 1390 1917 6
1409 1887 1532 1921 διάϐολος
1550 1888 1738 1928 πονηρεύεται,
1763 1889 1790 1917 αἱ
1813 1900 1884 1928 προ-

1086 1937 1190 1974 φητεῖαι
1215 1935 1386 1973 πληροῦνται.
1411 1933 1467 1963 Καὶ
1489 1932 1538 1972 ὅρα
1565 1933 1613 1969 τὴν
1639 1933 1782 1969 ἀλήθειαν·
1803 1935 1888 1973 Τρεῖς

1085 1975 1152 2014 ἦσαν
1180 1979 1204 2008 οἱ
1221 1979 1430 2018 σταυρωθέντες,
1454 1978 1498 2007 καὶ
1524 1977 1596 2016 ὅμως
1622 1978 1665 2006 ἐπ’
1695 1979 1776 2008 αὐτοῦ
1801 1979 1887 2017 μόνου

1084 2024 1248 2063 πληροῦνται
1270 2022 1303 2051 τὰ
1325 2024 1378 2051 τῶν
1396 2023 1550 2063 προφητῶν.
1577 2022 1632 2052 Καὶ
1653 2023 1749 2053 σκόπει
1763 2023 1811 2060 τὴν
1835 2025 1887 2060 τῆς

1084 2067 1246 2109 προφητείας
1260 2066 1407 2107 ἀκρίϐειαν.
1436 2068 1476 2097 Οὐ
1493 2067 1544 2106 γὰρ
1558 2066 1596 2096 ὅτι
1611 2067 1767 2107 ἐμερίσαντο
1783 2067 1861 2107 μόνον
1875 2094 1882 2103 ,

1086 2113 1145 2142 ἀλλ’
1166 2114 1206 2142 δτι
1221 2112 1267 2142 καὶ
1280 2113 1327 2141 οὐκ
1340 2111 1497 2151 ἐμερίσαντο
1506 2135 1513 2148 ,
1532 2109 1605 2141 εἶπεν
1618 2114 1632 2141 6
1645 2112 1794 2152 προφήτης.
1838 2114 1884 2143 Τὰ

1085 2158 1133 2195 μὲν
1149 2153 1193 2187 οὖν
1206 2157 1275 2186 ἄλλα
1289 2157 1386 2195 ἱμάτια
1402 2156 1583 2195 διενείμαντο,
1601 2157 1645 2186 τὸν
1657 2157 1684 2185 δὲ
1697 2159 1801 2196 χιτῶνα
1811 2179 1818 2193 ,
1835 2158 1881 2195 οὒ,

231 2204 311 2241 Quod
334 2209 427 2232 autem
453 2215 466 2228 ι-
489 2211 503 2231 a
532 2210 644 2231 summo
668 2201 750 2230 fuerit
771 2207 909 2237 contexta,
935 2215 948 2228 ι
974 2211 1029 2231 non

1087 2202 1153 2231 Ξλλὰ
1167 2202 1259 2242 κλήρῳ
1273 2202 1303 2231 τὸ
1318 2206 1432 2241 πρᾶγμα
1445 2202 1606 2242 ἐπέτρεψαν.
1621 2202 1661 2231 Τὸ
1674 2202 1700 2230 δὲ
1711 2225 1720 2241 ,
1736 2215 1748 2229 ι
1762 2201 1814 2232 Ἐκ
1830 2205 1883 2232 τῶν

231 2249 330 2278 frustra
345 2248 400 2277 fuit
420 2248 586 2285 appositum.
607 2248 640 2275 Et
664 2247 712 2275 alii
726 2247 838 2283 quidem
853 2248 949 2276 dicunt
962 2248 1028 2276 alle-

229 2295 333 2331 goriam
346 2301 394 2330 per
408 2294 461 2322 hoc
475 2293 591 2329 signari,
606 2291 681 2328 quod
702 2299 758 2320 non
771 2292 929 2328 simpliciter
943 2293 1028 2322 homo

228 2339 311 2368 fuerit
332 2338 486 2372 crucifixus,
508 2337 556 2366 sed
571 2341 598 2365 et
611 2337 743 2365 deitatem
758 2345 874 2374 superne
890 2337 1026 2367 habuerit.

228 2385 347 2420 Quidam
371 2391 435 2412 vero
459 2390 547 2418 genus
571 2382 666 2410 dicunt
684 2382 813 2410 tunicula:
834 2383 1028 2419 evangelistam

228 2437 350 2457 narrare.
378 2429 448 2464 Quia
472 2428 548 2455 enim
574 2427 710 2455 Palaestini
728 2427 798 2456 duos
821 2436 925 2464 pannos
948 2436 1027 2456 com-

229 2473 368 2502 mittendo
400 2476 549 2501 contexunt
579 2476 681 2506 vestes,
710 2481 760 2509 pro
793 2477 886 2501 sutura
921 2477 1028 2501 utentes

229 2521 361 2546 contextu
386 2525 394 2545 :
420 2516 600 2545 manifestans
626 2518 750 2546 Joannes
761 2518 834 2554 quod
855 2517 917 2546 talis
944 2517 1028 2546 fuerit

228 2562 361 2596 tunicula,
372 2561 443 2590 dixit
452 2561 526 2598 quod
538 2574 550 2586 ι‹
565 2570 580 2590 a
595 2570 706 2590 summo
717 2570 765 2598 per
774 2566 864 2591 totum
876 2562 957 2591 fuerit
966 2571 1027 2591 con-

228 2611 312 2641 texta,
337 2618 349 2631 -
370 2606 422 2635 hoc
445 2610 497 2641 est,
512 2607 546 2635 ab
560 2607 638 2635 initio
657 2611 685 2636 et
698 2615 818 2644 superne
833 2615 917 2643 usque
931 2607 967 2636 ad
981 2608 1025 2636 in-

229 2651 304 2679 ﬁma.
315 2651 472 2680 Manifestat
481 2656 574 2680 autem
582 2651 646 2680 hinc
657 2652 789 2680 vilitatem
798 2652 1025 2681 vestimentorum

227 2697 339 2726 Christi.
359 2697 413 2725 Alii
427 2701 521 2725 autem
536 2697 634 2725 dicunt
648 2697 723 2734 quod
745 2697 772 2725 in
787 2697 935 2726 Palaestina
958 2705 1026 2726 con-

227 2745 354 2770 texuntur
367 2742 429 2771 tela:
443 2750 500 2770 non
519 2742 589 2771 sicut
606 2742 678 2778 apud
690 2750 742 2770 nos
758 2752 764 2770 :
782 2751 847 2771 nam
866 2750 946 2778 supra
967 2743 1025 2779 qui-

226 2786 290 2814 dem
311 2790 352 2815 est
376 2786 465 2821 ﬁlum,
488 2786 559 2815 infra
582 2791 674 2815 autem
690 2787 843 2816 contexitur
867 2795 983 2823 pannus,
997 2791 1025 2816 et

227 2831 265 2859 ita
288 2831 423 2868 regressio
438 2831 486 2860 ﬁt:
504 2831 551 2860 sed
565 2832 707 2860 contrario
729 2832 812 2861 modo
834 2842 840 2860 :
858 2831 927 2860 infra
948 2832 1024 2860 enim

1083 2247 1181 2277 ἄνωθεν
1200 2246 1331 2287 ὑφαντὸς,
1355 2258 1369 2276 ι
1396 2247 1446 2286 οὐχ
1465 2247 1556 2279 ἅπλῶς
1583 2247 1759 2284 πρόσκειται,
1782 2247 1842 2276 ἀλλ’
1859 2248 1885 2277 οἱ

1083 2292 1131 2330 μὲν
1156 2291 1317 2331 ἄλληγορίαν
1339 2291 1405 2332 φασὶ
1427 2292 1461 2320 δι’
1486 2292 1565 2320 αὐτοῦ
1589 2292 1748 2328 δηλοῦσθαι,
1770 2291 1812 2321 ὅτι
1831 2293 1885 2332 οὐχ

1082 2337 1173 2371 ἅπλῶς
1186 2337 1322 2376 ἄνθρωπος
1343 2331 1375 2372 ἧν
1391 2338 1405 2365 6
1419 2335 1629 2376 σταυρούμενος,
1655 2335 1724 2365 ἀλλὰ
1739 2336 1786 2365 καὶ
1808 2336 1880 2366 ἄνω-

1082 2384 1124 2411 θεν
1140 2381 1189 2417 τὴν
1212 2381 1324 2418 θεότητα
1346 2376 1412 2421 εἶχε.
1454 2380 1533 2413 Τινὲς
1557 2380 1584 2409 δὲ
1609 2380 1674 2409 αὐτὸ
1696 2380 1726 2410 τὸ
1743 2376 1810 2414 εἶδος
1834 2384 1882 2411 τοῦ

1080 2426 1238 2466 χιτωνίσκου
1251 2425 1315 2467 φασὶ
1331 2425 1374 2454 τὸν
1392 2424 1582 2464 εὖαγγελιστὴν
1595 2425 1719 2464 ἱστορεῖν.
1763 2425 1880 2462 Ἐπειδὴ

1081 2470 1132 2511 γὰρ
1147 2472 1172 2500 ἐν
1192 2473 1224 2510 τῇ
1246 2470 1417 2510 Παλαιστίνῃ
1433 2469 1478 2499 δύο
1496 2469 1565 2510 ῥάκη
1590 2469 1805 2508 συμϐάλλοντες,
1822 2471 1882 2506 ἤτοι

1081 2516 1128 2545 δύο
1149 2517 1248 2552 πανία,
1275 2515 1411 2556 ὑφαίνουσι
1432 2515 1465 2545 τὰ
1485 2514 1580 2553 ἱμάτια
1597 2514 1656 2544 ἀντὶ
1671 2516 1758 2555 ῥαφῆς
1772 2515 1882 2554 χρώμε-

1080 2572 1121 2590 νοι
1136 2562 1173 2600 τῷ
1195 2561 1368 2600 συνυφασμῷ·
1388 2560 1474 2596 δηλῶν
1499 2561 1513 2589 6
1530 2559 1675 2595 Ἰωάννης,
1700 2559 1740 2588 ὅτι
1764 2562 1882 2594 τοιοῦτος

1081 2606 1095 2634 6
1107 2604 1263 2645 χιτωνίσκος
1276 2600 1308 2640 ἦν
1319 2626 1327 2640 ,
1345 2599 1417 2634 εἶπεν
1427 2627 1435 2642 ,
1448 2603 1489 2633 ὅτι
1506 2615 1520 2633 α
1539 2604 1591 2634 Ἐκ
1606 2605 1659 2633 τῶν
1678 2603 1776 2633 ἄνωθεν
1791 2604 1881 2634 διόλου

1081 2649 1209 2690 ὑφαντὸς,
1233 2662 1248 2678 n
1274 2649 1425 2685 τουτέστιν,
1455 2650 1500 2679 ἀπ’
1522 2651 1607 2688 ἀρχῆς
1635 2649 1680 2678 καὶ
1707 2649 1806 2678 ἄνωθεν
1829 2649 1882 2682 ἕως

1080 2695 1164 2724 κάτω.
1195 2695 1279 2730 Δηλοῖ
1307 2693 1334 2723 δὲ
1359 2696 1476 2723 ἐντεῖθεν
1499 2693 1529 2723 τὸ
1555 2694 1659 2728 εὐτελὲς
1686 2695 1738 2722 τῶν
1762 2694 1881 2731 ἱματίων

1079 2741 1124 2768 τοτῑ
1149 2740 1274 2780 Χριστοῦ.
1301 2739 1394 2768 Ἄλλοι
1418 2738 1445 2768 δέ
1462 2750 1558 2779 φασιν,
1585 2738 1626 2767 ὅτι
1652 2739 1678 2767 ἐν
1706 2739 1879 2779 Παλαιστίνῃ

1083 2784 1238 2823 ὑφαίνουσιν
1252 2783 1310 2818 τοὺς
1320 2783 1421 2820 ἱστοὺς,
1438 2784 1487 2824 οὖέ
1501 2786 1536 2817 ὡς
1548 2783 1612 2822 παρ’
1627 2783 1691 2821 ἡμῖν
1702 2805 1710 2819 ,
1723 2783 1807 2812 ὄντων
1823 2784 1880 2812 ἄνω

1080 2829 1127 2867 μὲν
1149 2831 1200 2858 τῶν
1215 2828 1300 2867 μίτων
1316 2829 1362 2858 καὶ
1385 2831 1432 2859 τοῦ
1454 2828 1601 2867 στήμονος,
1617 2827 1691 2858 κάτω
1715 2827 1743 2856 δὶ
1765 2829 1878 2868 ὑφαινο-
