1927 3076
49 178 105 205 277

451 178 646 207 ENARRATIO
666 178 699 206 IN
720 178 845 206 ΕνΑΝςι

906 178 935 206 ΙΜ
953 177 1104 206 JOANNIS.
1127 192 1158 198 —
1180 178 1254 206 CAP.
1275 178 1335 206 XIX.

1650 179 1703 207 278

53 242 135 279 μένου
162 243 209 271 τοῦ
236 241 348 278 πανίου,
371 241 417 271 καὶ
441 241 522 275 οὕτως
549 241 753 278 ἀναϐαίνοντος,
781 240 845 271 ma

906 245 967 269 sunt
989 241 1044 273 illa,
1062 240 1088 268 in
1108 248 1221 268 summo
1236 244 1328 268 autem
1353 241 1511 269 contexitur
1529 243 1696 270 contextus:

50 286 204 316 τοῦναντίον
214 307 223 322 ,
237 285 311 316 κάτω
327 285 374 325 μέν
390 287 455 316 εἰσιν
471 288 496 316 οἱ
519 287 606 324 μῖτοι,
622 286 677 316 ἄνω
697 287 724 316 δὲ
740 287 848 328 ὑφαίνε-

51 343 99 360 ται
113 331 144 360 τὸ
161 331 283 371 ὕφασμα.
325 333 467 368 Τοιοῦτος,
490 332 586 372 φησὶν,
606 327 638 368 ἧν
661 333 675 360 ὁ
696 327 778 372 χιτὼν
805 334 851 361 τοῦ

54 375 165 415 κυρίου·
191 376 338 415 μυστηρίου
354 376 382 406 δὲ
395 376 435 415 [f.
454 377 505 416 δὴ]
521 376 625 410 πάντως
639 376 685 406 καὶ
699 377 743 406 διὰ
758 377 851 406 τούτου

52 420 230 460 δηλουμένου.
259 421 299 452 Τὸ
313 422 364 461 γὰρ
383 423 463 460 σῶμα
486 424 532 451 τοῦ
559 421 659 462 Κυρίου
683 422 782 451 ἄνωθεν
804 422 851 460 μὲν

52 466 167 505 ὗσάνθη.
210 467 325 505 Πνεῦμα
345 466 397 506 γὰρ
426 465 502 504 ἅγιον
530 468 642 504 ἐπῆλθε,
671 466 716 496 καὶ
743 467 853 506 δύναμις

51 510 187 551 Ἷῖᾲίστου
202 511 345 540 ἐπεσκίασε
409 511 547 551 Παρθένῳ.
570 513 603 542 Εἰ
618 511 669 551 γὰρ
687 510 732 540 καὶ
749 511 852 550 ἀνθρώ-

52 568 105 585 που
127 555 206 593 φύσιν
231 556 342 585 ἀνέλαϐε
368 555 415 592 τὴν
442 556 517 586 κάτω
541 551 623 586 οὖσαν
638 556 684 585 καὶ
706 559 851 592 πεσοῦσαν,

52 600 124 630 ἀλλὰ
202 600 300 630 ἄνωθεν
328 603 374 630 τοῦ
395 601 471 640 ἆγίου
487 601 643 640 Πνεύματος
668 600 760 641 χάριτι
786 612 849 630 συν-

52 645 118 681 ίστη
140 645 186 674 καὶ
201 645 336 684 συνεπάγη
364 648 380 681 ἠ
403 647 460 675 Θεία
481 646 557 686 σάρξ.
617 646 657 676 Τὸ
677 647 763 675 τοίνυν
779 645 852 684 ἅγιον

51 691 135 728 σῶμα
159 692 205 718 τοῦ
229 690 346 730 Χριστοῦ
378 691 520 729 ἀμέριστόν
546 691 619 726 ἐστι,
646 691 699 724 τοῖς
724 690 851 730 τέσσαρσι

50 737 100 764 τοῦ
125 735 229 774 κόσμου
253 736 344 773 μέρεσι
378 736 549 775 μεριζόμενον
580 735 626 765 καὶ
657 735 848 773 διαδιδόμενον.

53 780 358 820 Κατακερματιζόμενος
379 780 431 821 γὰρ
458 782 484 810 ἐν
507 784 562 813 τοῖς
585 781 644 810 καθ’
664 779 727 816 ἕνα,
744 780 789 809 καὶ
805 780 851 815 τὴν

50 824 169 854 ἑκάστου
192 825 280 865 ψυχὴν
297 825 412 863 ἁγιάζων
437 825 504 864 μετὰ
519 827 565 854 τοῦ
589 824 712 862 σώματος
726 826 740 854 ὁ
764 826 852 854 Μονο-

50 868 131 908 γενὴς
154 870 198 898 διὰ
219 872 265 905 τῆς
289 870 357 903 ἰδίας
380 869 490 910 σαρκὸς,
512 870 662 909 ὁλοκλήρως
686 869 731 898 καὶ
755 869 851 908 ἀμερί-

51 925 122 948 στως
146 915 173 943 ἓν
189 913 258 947 ὅλοις
282 914 372 952 ἐστὶν,
394 915 520 955 ὑπάρχων
538 917 687 954 πανταχοῦ.
719 915 852 951 Οὐδαμῶς

50 959 104 998 γὰρ
129 958 304 998 μεμέρισται,
330 960 399 988 καθα
422 959 468 989 καὶ
494 961 601 992 Παῦλος
627 961 687 999 βοᾷ.
729 958 808 989 Ἐπεὶ
824 958 851 988 δὲ

50 1005 82 1033 ἐκ
106 1004 244 1044 τεσσάρων
266 1003 404 1045 στοιχείων
428 1005 458 1034 τὸ
481 1009 535 1034 πᾶν
563 1005 718 1043 σύγκειται,
743 1004 850 1040 νοητέον

49 1048 159 1086 ἱμάτιον
194 1051 238 1078 τοῦ
268 1049 375 1086 Ἰησοῦ,
408 1049 455 1085 τὴν
486 1049 647 1090 φαινομένην
678 1048 778 1084 ταύτην
804 1047 850 1078 καὶ

49 1093 276 1132 προϐεϐλημένην
300 1094 402 1130 κτίσιν,
427 1094 460 1130 ἣν
487 1095 510 1124 οἳ
534 1094 655 1133 δαίμονες
682 1093 850 1133 μερίζονται,

49 1137 117 1167 ὅταν
134 1138 179 1167 τὸν
203 1139 229 1168 ἐν
256 1140 322 1178 ἡμῖν
351 1139 397 1178 μὲν
415 1141 460 1168 τοῦ
483 1140 555 1168 Θεοῦ
581 1138 658 1178 λόγον
681 1137 849 1178 νεκρώσωσι,

50 1183 224 1218 σπουδάζωσι
249 1183 275 1212 δὲ
291 1185 340 1219 τῆς
355 1183 460 1223 μερίδος
476 1185 576 1213 ἑαυτῶν
600 1183 765 1219 ποιήσασθαι
778 1185 852 1221 ἡμᾶς

49 1227 95 1256 διὰ
121 1229 169 1263 τῆς
191 1228 255 1267 πρὸς
274 1227 308 1257 τὰ
333 1228 449 1267 κοσμικὰ
474 1228 666 1267 προσπαθείας.
711 1227 792 1258 Ἀλλὰ
806 1228 850 1257 τὸν

49 1273 156 1311 χιτῶνα
179 1273 209 1302 οὗ
231 1271 357 1302 δύνανται
378 1275 485 1310 τεμεῖν,
506 1273 549 1302 τὸν
565 1274 592 1302 ἐν
608 1277 662 1306 τοῖς
679 1268 737 1302 οὖσι
752 1273 829 1311 λόγον
840 1294 849 1309 ,

49 1318 112 1346 καθ’
132 1316 161 1346 ὃν
180 1317 213 1345 τὰ
227 1317 313 1347 πάντα
329 1318 443 1354 ὑπέστη.
488 1317 544 1348 Κᾶν
559 1317 611 1358 γὰρ
635 1317 761 1357 μυριάκις
775 1318 850 1346 ἀπα-

49 1363 142 1399 τῶμαι
168 1361 218 1391 ὑπὸ
242 1363 294 1391 τῶν
324 1364 456 1402 ῥευστῶν,
486 1363 555 1392 ἀλλὰ
577 1363 657 1392 πάλιν
682 1362 850 1401 ἐπιγινώσκει»

51 1406 122 1435 αὐτὰ
138 1406 234 1447 ῥευστὰ
258 1407 331 1443 ὄντα,
347 1407 394 1436 καὶ
417 1407 462 1437 τὸν
477 1409 552 1445 λόγον
567 1407 612 1437 καὶ
627 1406 675 1443 τὴν
690 1407 780 1438 οὐσίαν
797 1408 848 1436 τῶν

50 1452 201 1487 ἀπατηλῶν
214 1453 258 1481 καὶ
272 1452 476 1493 παραρρεόντων
488 1454 534 1482 οὐκ
550 1454 646 1492 ἀγνοῶ.

97 1507 112 1524 (ι
126 1497 162 1526 Οἱ
177 1496 225 1534 μὲν
242 1493 285 1526 οὖν
300 1499 461 1537 στρατιῶται
478 1501 561 1526 ταῦτα
575 1497 714 1534 ἐποίησαν,
748 1498 849 1534 Eiet-ﬁ-

49 1553 143 1570 κεισαν
173 1541 199 1570 δὲ
226 1541 299 1582 παρᾶ
326 1545 363 1582 τῷ
389 1544 495 1583 σταυρῷ
521 1545 567 1571 τοῦ
591 1542 681 1578 Ἰησοῦ
708 1545 724 1578 ἡ
761 1542 850 1582 μήτηρ

49 1587 150 1623 αὖτοῦ,
173 1586 218 1615 καὶ
243 1589 259 1623 ἡ
288 1587 389 1628 ἀδελφὴ
411 1589 458 1622 τῆς
480 1587 578 1626 μητρὸς
608 1587 688 1616 αὐτοῦ
718 1588 809 1627 Μαρία
832 1591 848 1623 ἡ

48 1633 96 1659 τοῦ
115 1633 230 1668 Κλοπᾶ,
247 1631 293 1661 καὶ
310 1632 404 1672 Μαρία
425 1634 442 1667 ἡ
459 1631 642 1671 Μαγδαληνή.
686 1632 788 1668 Ἰησοῦς
804 1628 847 1661 οὖν

48 1675 114 1704 ἰδὼν
129 1676 178 1712 τὴν
203 1677 306 1716 μητέρα
320 1699 328 1713 ,
352 1677 398 1706 καὶ
422 1677 466 1706 τὸν
493 1676 615 1714 μαθητὴν
641 1678 800 1715 παρεστῶτα
820 1676 847 1706 ὃν

48 1721 162 1759 ἠγάπα,
185 1721 256 1760 λέγει
332 1721 411 1761 μητρὶ
437 1724 516 1750 αὑτοῦ
532 1733 538 1740 ·
567 1721 664 1757 Γύναι,
682 1721 737 1751 ἰδοὺ
758 1723 772 1750 ὁ
794 1722 847 1756 υἱός

49 1777 108 1796 σου.
136 1761 205 1796 Εἶτα
230 1767 302 1805 λέγει
327 1768 364 1806 τῷ
387 1769 504 1805 μαθητῇι
533 1766 602 1796 Ἰδοὺ
627 1769 643 1802 ἡ
671 1766 760 1806 μήτηρ
790 1777 846 1797 σου.

48 1810 106 1840 Καὶ
122 1813 170 1840 ἀπ’
186 1811 286 1847 ἐκείνης
308 1813 356 1847 τῆς
379 1810 451 1850 ὥρας
475 1811 569 1841 ἔλαϐεν
595 1813 608 1840 ὁ
629 1811 749 1849 μαθητὴς
765 1811 847 1845 αὐτὴν

48 1856 85 1888 εἷς
101 1855 134 1884 τὰ
151 1855 217 1886 ἴδια.
237 1868 250 1884 ι)
271 1857 305 1886 Οἱ
320 1856 367 1895 μὲν
383 1851 427 1886 οῦν
450 1857 613 1896 στρατιῶται
632 1857 666 1885 τὰ
681 1858 727 1892 τῆς
750 1856 848 1890 οἰκείας

48 1899 315 1935 ἆνοησίαςηέποίουν·
343 1901 420 1935 αὐτὸς
447 1902 474 1931 δὲ
500 1904 547 1938 τῆς
574 1901 672 1941 μητρὸς
701 1901 847 1941 φροντίζει,

47 1945 181 1974 διδάσκων
206 1948 277 1983 ἡμᾶς
301 1945 363 1986 ἄχρι
389 1946 435 1975 καὶ
461 1949 507 1982 τῆς
531 1946 686 1979 τελευταίας
712 1947 845 1982 ἀναπνοῆς

48 1994 140 2019 πᾶσαν
155 1992 286 2019 ποιεῖσθαι
300 1990 454 2029 ἐπιμέλειαν
473 1993 525 2020 τῶν
539 1991 744 2031 γεγεννηκότων.
789 1991 843 2021 Καὶ

47 2034 114 2074 ὅρα,
145 2036 201 2068 πῶς
227 2036 311 2065 οὐσῶν
335 2035 381 2065 καὶ
402 2037 489 2065 ἄλλων
518 2038 668 2075 γυναικῶν,
696 2035 776 2074 μόνης
798 2038 844 2071 τῆς

49 2079 150 2119 μητρὸς
170 2084 329 2119 προνοεῖται.
383 2082 430 2110 Δεῖ
453 2080 505 2121 γὰρ
521 2081 690 2119 ἐμποδίζουσι
716 2080 763 2118 μὲν
780 2080 844 2120 πρὸς

49 2124 200 2154 θεοσέϐειαν
238 2129 292 2158 τοῖς
327 2125 496 2165 γεγεννηκόσι
535 2126 572 2164 μὴ
615 2125 775 2165 προσέχειν·
806 2125 843 2163 μὴ

49 2170 220 2206 ἐμποδίζουσι
248 2170 293 2207 δὲ,
319 2175 409 2199 πᾶσαν
438 2171 523 2200 αὐτῶν
546 2171 672 2211 φροντίδα
703 2171 844 2200 ποιεῖσθαι·

48 2213 141 2254 ὥσπερ
166 2211 211 2244 οὖν
236 2215 281 2244 καὶ
303 2215 394 2252 αὐτὸς,
419 2215 509 2251 ἐπειδὴ
538 2215 670 2253 ἀπεδήμει
697 2218 741 2245 τοῦ
770 2215 843 2255 βίου,

48 2259 94 2288 καὶ
111 2257 160 2295 τὴν
183 2258 287 2299 μητέρα
313 2260 380 2293 εἶκὸς
402 2255 433 2295 ἧν
451 2261 539 2299 ἀλγεῖν
555 2260 602 2289 καὶ
616 2259 664 2296 τὴν
680 2260 843 2300 προστασίαν

49 2305 205 2340 ἐπιζητεῖν,
239 2305 378 2345 ἐγχειρίζει
406 2307 444 2345 τῷ
474 2307 580 2345 μαθητῇ
607 2305 654 2340 τὴν
681 2306 845 2343 προστασίαν

48 2349 143 2384 αὖτ’ἤς.
172 2348 346 2389 Ἂποκρύπτει
366 2349 392 2378 δὲ
419 2350 449 2378 τὸ
474 2351 570 2379 οἰκεῖον
594 2350 676 2389 ὄνομα
692 2351 845 2390 ὃεῦαγγελι-

47 2394 130 2429 στὴς,
157 2394 314 2433 μετριάζων.
346 2394 379 2424 Εἰ
399 2394 451 2434 γὰρ
474 2394 596 2424 ἐϐούλετο
617 2395 778 2432 κομπάζειν,
798 2394 844 2424 καὶ

47 2438 96 2474 τὴν
111 2438 200 2468 αἰτίαν
213 2438 375 2478 προσέθηκεν
392 2439 441 2475 ἂν,
466 2440 499 2468 δι’
514 2439 546 2475 ἣν
560 2441 693 2478 ἠγαπᾶτο.
723 2439 776 2469 Καὶ
791 2439 843 2479 γὰρ

47 2484 117 2517 εἰκὸς
140 2479 172 2518 ἦν
187 2484 306 2522 μεγάλην
321 2483 380 2512 ’τινὰ
395 2479 461 2513 εἶναι
482 2484 581 2520 ταύτην
605 2485 650 2514 καὶ
675 2484 841 2523 Θαυμαστήν.

47 2528 138 2559 Βαϐαὶ
157 2528 184 2557 δὲ
207 2530 263 2562 πῶς
284 2528 362 2567 ἐτίμα
378 2529 422 2557 τὸν
450 2529 589 2568 μαθητὴν,
612 2529 724 2570 ἀδελφὸν
751 2531 844 2558 ἑαυτοῦ

47 2576 140 2603 τοῦτον
156 2573 327 2612 ποιούμενοςὶ
343 2573 423 2604 Οὕτω
438 2574 518 2604 καλὸν
534 2577 572 2614 τῷ
651 2574 694 2614 τὸ]
717 2574 844 2614 παραμέο

48 2630 100 2648 νειν
121 2619 233 2658 Χριστῷ
263 2618 412 2657 πάσχοντι·
438 2620 473 2653 εἷς
499 2619 665 2660 ἀδελφότητα
689 2619 740 2659 γὰρ
765 2620 843 2648 αὐτοῦ

50 2663 120 2701 ἄγει.
147 2663 296 2701 Θαύμασον
313 2663 357 2699 δὲ,
376 2665 432 2697 πῶς
447 2665 472 2693 ἓν
488 2666 525 2704 τῷ
541 2666 647 2704 σταυρῷ
667 2665 754 2693 πάντα
775 2666 842 2693 ἀτα-

51 2709 139 2748 ράχως
168 2713 253 2747 ποιεῖ,
285 2711 332 2743 τῆς
364 2709 463 2748 μητρὸς
494 2709 655 2750 φροντίζων,
685 2709 845 2749 προφητείας

50 2754 160 2793 πληρῶν
172 2774 180 2788 ,
200 2755 241 2794 τῷ
259 2753 344 2793 λῃστῇ
361 2754 522 2793 παράδεισον
545 2754 656 2793 ἀνοίγων
667 2766 673 2772 ·
690 2753 742 2794 πρὸ
756 2755 783 2783 δὲ
800 2758 846 2785 τοῦ

85 2833 106 2851 ¹¹
121 2833 190 2863 Luc.
208 2841 231 2867 ι,
247 2835 289 2862 35.
328 2833 349 2851 ¹¹
362 2834 372 2862 l
387 2834 450 2862 Cor.
469 2836 546 2868 ι,13.

905 290 932 313 et
957 286 1018 313 talis
1043 293 1151 322 quoque
1167 285 1220 313 fuit
1233 285 1325 313 tunica
1352 286 1477 312 Domini.
1493 286 1702 315 Sacramentum

905 339 1013 366 quoque
1036 335 1063 358 et
1083 338 1132 366 per
1154 330 1207 357 hoc.
1231 330 1310 358 nobis
1325 330 1492 358 insinuatur.
1512 332 1583 358 Nam
1602 339 1702 366 corpus

906 376 1020 403 Domini
1051 383 1167 411 superne
1195 374 1307 411 quidem
1332 379 1492 403 contextum
1515 379 1566 402 est.
1589 376 1704 411 Spiritus

905 421 980 448 enim
993 425 1104 448 sanctus
1119 420 1191 448 venit
1209 428 1292 456 super
1314 420 1462 456 Virginem,
1478 424 1505 448 et
1517 421 1604 448 virtus
1616 421 1703 448 Altis-

905 466 969 494 simi
985 465 1160 493 obumbravit
1178 473 1239 493 eam
1260 465 1291 493 “.
1307 466 1387 493 Licet
1401 466 1476 493 enim
1490 465 1610 493 hominis
1622 469 1703 494 natu-

905 518 965 538 ram
980 511 1141 545 susceperit,
1158 518 1220 546 quae
1244 510 1357 538 inferior
1378 515 1406 538 et
1428 510 1517 538 labilis
1539 515 1590 544 est,
1611 514 1703 539 tamen

905 563 1023 591 superne
1037 556 1153 592 Spiritus
1166 556 1251 582 sancti
1269 555 1356 591 gratia
1370 555 1504 587 constitit,
1519 559 1546 583 et
1559 559 1702 591 compacta

905 604 946 628 est
959 600 1049 628 divina
1068 608 1142 628 caro.
1160 600 1247 633 luitur
1261 604 1386 628 sanctum
1402 608 1501 635 corpus
1515 599 1614 628 Christi
1631 599 1703 628 indi-

906 645 1015 673 visibile
1027 649 1068 672 est
1082 649 1108 672 et
1120 645 1250 672 dividitur
1261 649 1285 672 et
1296 645 1520 672 communicatur
1538 645 1564 672 in
1585 649 1703 681 quatuor

906 694 997 726 partes
1011 690 1096 717 orbis.
1122 690 1290 717 Distributus
1303 690 1377 717 enim
1392 690 1516 723 singulis,
1531 694 1559 717 ct
1574 690 1705 718 uniuscu-

901 734 1000 770 jusque
1019 734 1138 762 animam
1152 734 1333 767 sanctiﬁcans,
1350 734 1433 770 753
1448 742 1512 762 cum
1529 743 1642 770 corpore
1658 742 1705 770 per

905 787 983 807 suam
999 787 1109 807 carnem
1129 779 1296 814 Unigenitus
1319 783 1346 807 et
1361 780 1466 815 integer
1487 783 1513 807 et
1528 779 1660 807 indivisus
1676 779 1704 807 in

907 824 1035 852 omnibus
1056 829 1108 859 est,
1124 824 1253 852 exsistens
1268 824 1378 860 ubique.
1401 826 1551 860 Nunquam
1567 824 1641 852 enim
1662 823 1705 852 di-

907 869 980 896 visus
994 873 1043 903 est,
1066 869 1137 896 sicut
1157 873 1184 897 et
1203 869 1303 896 Paulus
1317 869 1416 896 clamat
1432 869 1463 897 ι’.
1482 869 1550 906 Quia
1565 873 1657 896 autem
1671 877 1705 897 ex

906 918 1023 950 quatuor
1034 913 1176 942 elementis
1189 914 1352 941 universum
1363 914 1545 941 constitutum
1560 917 1611 947 est,
1627 913 1706 941 intel-

905 958 986 993 ligere
1007 958 1070 986 licet
1099 966 1147 994 per
1177 958 1338 986 vestimenta
1353 959 1419 985 Jesu
1439 958 1576 986 visibilem
1594 962 1621 986 et
1640 965 1705 994 pro-

906 1003 1023 1039 positam
1038 1003 1108 1030 hanc
1120 1007 1285 1034 creaturam,
1303 1011 1386 1039 quam
1397 1002 1536 1031 da‘mones
1547 1003 1705 1038 partiuntur

905 1047 1016 1084 quando
1046 1048 1075 1075 in
1096 1048 1174 1075 nobis
1207 1055 1366 1075 sermonem
1395 1048 1448 1076 Dei
1468 1047 1605 1075 occidunt.
1630 1049 1706 1074 Dant

905 1093 980 1120 enim
1010 1100 1122 1128 operam
1156 1097 1187 1120 ut
1213 1100 1263 1120 nos
1290 1100 1368 1120 suam
1399 1091 1502 1120 faciant
1524 1096 1628 1128 partem
1659 1099 1707 1127 per

905 1136 1066 1165 affectiones
1081 1137 1116 1165 ad
1140 1136 1292 1171 mundana;
1314 1137 1362 1165 sed
1376 1137 1501 1165 tunicam
1519 1145 1574 1164 non
1591 1140 1707 1173 possunt

905 1181 1027 1210 dividere
1040 1182 1066 1209 in
1082 1182 1123 1209 his
1138 1189 1201 1217 quae
1215 1187 1279 1209 sunt
1294 1182 1429 1209 sermonis
1450 1190 1499 1218 per
1513 1189 1595 1218 quem
1612 1181 1706 1210 omnia

905 1227 1051 1254 constituta
1082 1230 1158 1254 sunt.
1189 1227 1260 1255 Nam
1293 1226 1356 1254 licet
1389 1226 1520 1254 iulinities
1546 1226 1667 1262 decipiar
1689 1233 1705 1254 α

906 1271 988 1299 ﬂuxis
1006 1275 1032 1299 et
1050 1271 1225 1303 transitoriis,
1250 1271 1349 1299 iterum
1364 1275 1456 1299 tamen
1469 1279 1586 1308 agnosco
1598 1279 1629 1299 ea
1646 1278 1706 1300 esse

905 1316 1070 1349 transitoria,
1085 1320 1112 1344 et
1129 1317 1265 1344 rationem
1288 1324 1320 1343 ac
1339 1316 1523 1345 substantiam
1539 1320 1703 1352 praetereun-

904 1361 975 1389 tium
990 1365 1018 1389 et
1031 1360 1172 1389 fallacium
1183 1369 1238 1389 non
1254 1361 1363 1397 ignoro.

939 1505 1030 1532 Vnus.
1046 1506 1137 1532 24-27.
1154 1515 1165 1528 α
1190 1505 1223 1532 Et
1238 1502 1337 1531 milites
1355 1502 1466 1539 quidem
1486 1502 1547 1531 haec
1567 1502 1702 1531 fecerunt.

905 1549 1017 1577 Stabant
1034 1553 1128 1576 autem
1154 1548 1231 1585 juxta
1251 1556 1361 1576 crucem
1386 1549 1452 1575 Jesu
1471 1552 1561 1575 mater
1587 1547 1656 1583 ejus,
1678 1551 1705 1575 et

905 1602 984 1622 soror
998 1594 1092 1621 matris
1107 1593 1166 1630 ejus
1182 1593 1265 1621 Maria
1281 1593 1418 1628 Cleophaa,
1439 1597 1467 1621 et
1487 1592 1573 1621 Maria
1590 1591 1704 1628 Magda-

902 1639 970 1666 lenc.
991 1640 1061 1666 Cum
1086 1638 1197 1666 vidisset
1215 1646 1280 1674 ergo
1295 1640 1376 1666 Jesus
1396 1642 1515 1666 matrem
1537 1645 1568 1665 ac
1583 1637 1704 1673 discipu-

901 1683 958 1711 lum
987 1687 1123 1711 astantem
1143 1691 1226 1718 quem
1247 1683 1389 1717 diligebat,
1418 1682 1485 1710 dicit
1514 1682 1595 1710 matri
1616 1689 1673 1710 sum
1694 1691 1701 1710 :

902 1728 1008 1762 Mulier,
1035 1736 1096 1755 ecce
1124 1728 1193 1755 lilius
1223 1732 1298 1756 tuus.
1319 1727 1420 1755 Deinde
1445 1727 1511 1756 dicit
1541 1727 1701 1763 discipulo:

902 1774 971 1800 Ecce
990 1777 1079 1800 mater
1095 1777 1151 1800 tua.
1170 1773 1205 1799 Et
1223 1780 1256 1800 ex
1273 1772 1317 1799 illa
1336 1772 1403 1800 hora
1425 1773 1530 1806 accepit
1544 1780 1603 1799 eam
1624 1771 1703 1799 disci-

901 1818 982 1853 pulus
998 1817 1025 1844 in
1046 1816 1106 1845 sua.
1123 1826 1136 1842 ιι
1166 1816 1267 1843 Milites
1286 1816 1396 1852 quidem
1416 1816 1551 1844 faciebant
1577 1824 1627 1852 pro
1655 1823 1702 1844 sua

900 1862 1063 1898 insipientia.
1082 1862 1143 1897 Ipse
1158 1865 1249 1888 autem
1263 1861 1358 1888 matris
1377 1869 1473 1889 curam
1493 1861 1584 1891 habet,
1599 1860 1703 1887 docens

900 1915 951 1934 nos
974 1914 1059 1943 usque
1080 1905 1114 1933 ad
1136 1910 1292 1933 extremum
1313 1905 1440 1941 spiritum
1464 1913 1577 1932 omnem
1600 1904 1700 1931 habere

900 1951 999 1979 debere
1021 1959 1117 1979 curam
1144 1958 1241 1978 eorum
1262 1950 1309 1986 qui
1334 1958 1386 1978 nos
1403 1953 1567 1985 genuerunt.
1592 1950 1626 1976 Et
1641 1947 1702 1976 vide

900 1995 1038 2033 quomodo
1056 2003 1118 2024 cum
1132 2000 1224 2023 essent
1239 1999 1267 2022 et
1276 1995 1336 2023 alia
1354 1995 1492 2026 mulieres.
1507 1995 1589 2022 solius
1606 1993 1702 2022 matris

899 2049 994 2069 curam
1027 2045 1097 2077 agat.
1131 2041 1202 2068 Nam
1227 2044 1337 2076 oportet
1352 2039 1462 2076 quidem
1489 2039 1645 2074 parentibus
1667 2039 1700 2068 ad

900 2085 1030 2122 pietatem
1054 2085 1250 2113 obsistentibus
1269 2093 1325 2112 non
1347 2093 1453 2121 parere,
1477 2092 1534 2112 non
1564 2085 1700 2113 obsisten-

898 2131 975 2158 tibus
987 2134 1079 2158 autem
1105 2130 1180 2158 omni
1198 2138 1262 2157 cura
1280 2130 1396 2162 servire;
1415 2131 1486 2158 sicut
1506 2133 1535 2157 et
1556 2129 1613 2165 ipse
1635 2138 1701 2159 cum

900 2175 1030 2211 migraret
1047 2174 1139 2209 evita,
1161 2174 1235 2211 quod
1256 2174 1398 2202 verisimile
1423 2178 1480 2202 erat
1503 2178 1621 2202 matrem
1648 2175 1701 2204 do-

858 2219 884 2251 D
900 2220 955 2248 lere
978 2223 1006 2247 et
1024 2219 1181 2254 praesidium
1201 2219 1350 2255 requirere,
1375 2219 1546 2247 concredidit
1565 2219 1699 2255 discipulo

899 2264 1090 2301 praefecturam
1103 2265 1172 2300 ejus.
1186 2264 1312 2292 Occultat
1325 2268 1418 2292 autem
1438 2264 1580 2300 proprium
1595 2272 1700 2293 nomen

899 2309 1073 2345 evangelista,
1094 2308 1236 2336 modestia:
1255 2309 1355 2343 gratia.
1374 2310 1444 2337 Nam
1466 2309 1487 2336 si
1509 2308 1640 2337 voluisset
1656 2317 1701 2338 ar-

899 2362 999 2390 rogans
1010 2362 1080 2388 esse,
1096 2361 1206 2382 causam
1217 2354 1300 2381 etiam
1313 2354 1484 2389 apposuisset
1495 2358 1606 2389 propter
1617 2362 1701 2390 quam

899 2398 996 2427 fuisset
1032 2399 1156 2426 dilectus.
1187 2398 1297 2426 Etenim
1324 2398 1471 2426 verisimile
1494 2403 1553 2426 erat
1571 2407 1701 2434 magnam

897 2444 1043 2480 quamdam
1062 2444 1143 2471 istam
1162 2451 1220 2471 esse
1235 2447 1262 2471 et
1277 2443 1441 2471 mirabilem.
1462 2444 1524 2471 Jam
1540 2451 1616 2479 papa:
1631 2451 1700 2480 quo-

898 2489 982 2517 modo
1000 2488 1117 2516 honorat
1127 2488 1303 2524 discipulum,
1317 2487 1432 2516 fratrem
1446 2496 1527 2516 suum
1540 2488 1619 2516 illum
1632 2487 1700 2516 faci-

899 2535 965 2562 ens?
985 2535 1081 2570 Usque
1103 2533 1171 2562 adeo
1191 2533 1295 2561 bonum
1311 2536 1350 2561 est
1372 2541 1484 2561 manere
1502 2532 1575 2569 apud
1593 2533 1700 2569 patien-

898 2582 955 2606 tem
974 2578 1127 2611 Christum;
1147 2586 1212 2606 nam
1243 2578 1269 2605 in
1291 2577 1490 2606 fraternitatem
1513 2578 1585 2605 illius
1611 2578 1697 2606 ducit.

899 2623 1044 2651 Admirare
1055 2627 1146 2651 autem
1168 2622 1309 2659 quomodo
1335 2623 1364 2650 in
1381 2630 1461 2650 cruce
1484 2622 1575 2650 omnia
1596 2622 1699 2656 absque

899 2668 1056 2696 turbatione
1080 2668 1154 2702 facit,
1179 2668 1277 2696 matris
1311 2676 1405 2696 curam
1432 2675 1524 2703 agens,
1546 2666 1701 2702 praphetias

901 2713 1028 2749 implens,
1062 2713 1161 2741 latroni
1180 2713 1337 2749 paradisum
1358 2713 1491 2749 aperiens,
1511 2715 1575 2739 ante
1592 2717 1699 2738 crucem

899 2762 992 2786 autem
1005 2757 1143 2791 laborans,
1158 2758 1261 2786 sudans
1276 2758 1372 2785 anxius
1389 2767 1395 2784 :
1416 2761 1497 2792 atque
1514 2756 1572 2784 hinc
1588 2754 1701 2791 quidem
