1927 3076
241 149 294 175 267

749 145 1004 174 THEOPHYLACTI
1023 144 1202 173 BULGARIE
1220 144 1377 172 ARCHlEP.

1838 142 1894 171 268

240 209 362 238 audisset
382 209 456 238 hunc
478 216 647 241 sermonem,
672 207 803 244 produxit
829 207 904 236 foras
926 209 1001 236 Jesui

1134 219 1176 241 τος
1196 207 1311 240 ἀκούσας
1335 208 1426 235 τοῦτον
1450 205 1495 234 τὸν
1521 204 1615 244 λόγον,
1643 205 1744 244 ἤγαγεν
1769 205 1820 240 ἔξω
1847 208 1893 237 τὸν

239 255 363 290 seditque
372 263 422 290 pro
438 254 568 282 tribunali
583 254 610 281 in
625 254 686 281 l0co
701 253 746 289 qui
760 253 858 281 dicitur
883 252 1034 281 Lithostro-

239 304 295 334 tos,
311 299 436 327 hebraice
454 303 550 326 autem
571 298 721 326 Gabbatha.
749 299 815 326 Erat
831 302 925 326 autem
954 306 1035 334 para-

241 352 320 372 sceve
343 343 467 378 Paschae,
483 344 549 371 hora
562 343 649 371 ferme
672 347 760 371 sexta.
787 354 800 366 ι
816 344 965 378 Postquam
982 344 1037 371 Do-

242 389 337 416 minus
354 388 509 424 perstrinxit
522 388 640 416 Pilatum
661 396 708 423 per
725 387 816 421 verba,
833 391 862 415 et
881 387 1035 414 excusatio-

241 441 306 461 nem
322 433 378 461 sive
390 432 578 461 defensionem
593 432 730 466 adhibuit,
744 432 818 468 quod
833 432 890 460 Nisi
910 432 1037 460 volunta-

241 478 300 505 rius
315 485 366 514 ego
386 478 522 513 meipsum
535 477 640 510 darem,
660 481 686 504 et
700 478 780 504 Pater
793 476 965 510 concederet,
981 484 1036 503 non

242 522 355 550 haberes
375 525 540 558 potestatem
562 525 657 550 contra
675 529 731 556 me,
753 526 780 549 et
802 521 874 557 quod
896 525 1037 556 peccatum

241 567 340 595 habeas
355 571 383 595 et
395 571 436 602 tu,
452 571 481 595 et
495 566 581 595 Judas
598 570 694 594 tamen
706 566 806 602 majus,
828 566 875 602 qui
893 573 937 593 me
951 565 1036 593 tradi-

240 611 291 647 dit,
308 611 350 639 vel
372 611 456 639 etiam
478 611 605 648 populus,
629 619 662 639 eo
677 611 752 647 quod
775 622 787 634 «
804 612 892 646 Super
913 610 1038 638 dolorem

241 657 384 684 vulnerum
401 664 528 684 meorum
541 656 682 689 addidit’,
699 660 726 684 et
748 664 804 683 non
818 660 859 683 est
878 655 1037 683 recordatus

240 705 272 728 ut
282 701 364 729 faciat
378 701 595 729 misericordiam
607 700 629 733 '.
651 713 664 725 ν
683 701 732 728 sed
747 709 812 728 cum
824 700 972 728 invenisset
992 707 1037 728 me

239 745 390 782 patrocinio
411 750 439 774 et
465 746 603 782 adjutorio
624 745 800 778 destitutum,
821 745 893 773 cruci
916 744 1036 780 tradidit,

239 795 267 819 et
278 799 370 827 neque
389 791 452 818 talia
461 791 563 826 judicia
579 791 606 818 in
619 790 720 826 quibus
741 790 869 817 innoxius
884 789 1037 818 declaratus

239 843 314 869 sum,
337 843 400 864 eum
426 836 579 871 placarunt,
605 835 653 863 sed
676 834 825 870 clamabat,
852 845 865 858 ι
891 834 1035 870 Cruciﬁge,

240 880 371 917 cruciﬁge
391 891 398 908 ι
417 892 429 905 υ
444 889 507 908 cum
523 881 564 914 iis,
589 880 713 915 inquam,
731 879 810 907 dictis
824 879 962 907 Dominus
976 887 1036 915 per-

238 925 393 953 strinxisset
406 925 535 959 Pilatum,
554 936 567 949 ιι
585 924 724 960 quaerebat
743 933 773 952 ex
791 924 843 952 hoc
859 935 872 947 ι»
889 924 933 951 ille
948 925 1037 960 magis

240 981 253 994 ι
271 970 410 998 dimittere
426 978 499 998 eum.
518 981 530 994 ιο
547 969 635 997 Judaei
650 974 743 997 autem
758 975 824 996 cum
843 969 934 1004 ipsum
953 977 1036 997 accu-

235 1019 342 1043 sassent
356 1015 429 1050 quod
444 1016 535 1042 Deum
556 1022 585 1042 se
601 1013 712 1046 faceret,
730 1013 814 1049 748
828 1021 860 1042 ac
883 1014 970 1050 legem
985 1014 1036 1042 ob-

234 1059 377 1096 jecissent,
391 1067 420 1087 se
442 1059 527 1087 refelli
546 1059 680 1094 putabant
705 1062 746 1092 (ex
762 1059 814 1086 hoc
834 1059 936 1086 Pilatus
951 1059 1037 1095 magis

237 1104 342 1137 timuit,
351 1108 380 1132 et
391 1104 475 1131 voluit
486 1104 624 1132 dimittere
633 1112 708 1137 eum,
719 1112 754 1131 ne
765 1103 836 1131 forte
849 1106 938 1131 Deum
950 1103 1037 1132 offen-

235 1149 334 1182 deret),
351 1149 453 1177 iterum
475 1148 638 1184 confugiunt
652 1149 687 1177 ad
708 1153 837 1176 externas
859 1148 943 1184 leges,
958 1153 986 1177 et
1006 1152 1038 1177 ut

235 1194 432 1222 meticulosum
455 1197 560 1222 terrent
583 1194 713 1221 Pilatum.
740 1195 812 1221 Nam
835 1193 897 1229 quia
913 1193 1039 1221 viderant

235 1247 300 1267 eum
309 1239 411 1274 pietate
422 1239 538 1272 moveri,
553 1246 586 1266 ne
601 1238 702 1266 Filium
718 1238 767 1265 Dei
782 1237 930 1266 occidendo
942 1239 1037 1266 Jesum

236 1288 340 1320 peccet,
356 1287 465 1311 metum
479 1283 596 1312 Caesaris
611 1283 757 1316 incutiunt,
773 1287 800 1311 et
812 1288 972 1311 accusantes
984 1285 1039 1312 Do-

233 1328 342 1357 minum
357 1328 392 1356 de
406 1328 562 1364 tyrannide,
579 1328 699 1356 Pilatum
723 1328 814 1364 magis
837 1332 940 1356 terrent
957 1328 1038 1364 quasi

235 1373 409 1402 offensurum
418 1374 566 1407 Caesarem,
581 1373 604 1400 si
615 1373 746 1400 rebellem
761 1373 839 1400 illum
852 1373 989 1401 dimittat.
1005 1375 1041 1409 Et

234 1418 281 1446 ubi
295 1418 340 1446 ille
358 1418 386 1446 in
400 1418 545 1453 tyrannide
559 1418 764 1453 deprehensus?
779 1417 861 1446 Unde
876 1421 969 1445 autem
985 1417 1038 1447 hoc

234 1463 403 1492 ostendetis?
415 1470 482 1490 num
495 1470 510 1489 a
522 1464 662 1498 purpura?
675 1470 741 1489 num
754 1470 770 1490 a
782 1462 954 1491 diademate?
969 1471 1036 1491 num

1091 254 1194 289 Ἰησοῦν
1205 274 1213 289 ,
1227 251 1273 281 καὶ
1288 251 1408 281 ἐκάθισεν
1431 250 1474 280 ἐπὶ
1497 252 1542 279 τοῦ
1558 249 1678 290 βήματος
1695 252 1732 284 εἷς
1747 251 1830 281 τόπον
1845 251 1894 279 λε-

1090 299 1201 339 γόμενον
1218 296 1399 335 Λιθόστρωτον
1411 318 1419 332 ,
1433 294 1576 334 Ἐϐραϊστὶ
1592 295 1618 325 δὲ
1635 295 1779 326 Γαϐϐαθᾶ.
1791 291 1849 325 ῗΗν
1863 294 1893 324 δὲ

1092 341 1250 383 παρασκευὴ
1261 344 1305 370 τοῦ
1322 341 1437 380 Πάσχα,
1454 339 1510 380 ὥρα
1526 339 1554 369 δὲ
1564 340 1628 369 ὡσεὶ
1645 340 1721 376 ἕκτη.
1737 351 1752 370 D
1773 339 1893 376 Ἐπειδὴ

1092 386 1241 422 κατέπληξε
1256 386 1300 415 τὸν
1317 385 1436 415 Πιλάτον
1458 386 1472 414 6
1490 385 1583 424 Κύριος
1607 385 1650 414 διὰ
1672 386 1726 416 τῶν
1744 385 1893 426 ῥημάτων,

1092 433 1138 463 καὶ
1154 433 1224 472 σοιφῆ
1240 431 1390 469 παρέσχετο
1402 428 1450 466 τὴν
1466 429 1628 469 ἀπολογίαν,
1643 428 1685 459 ὅτι
1708 431 1742 459 Εἰ
1762 430 1801 468 μὴ
1823 429 1893 459 ἑκὼν

1092 477 1144 515 ἐγὼ
1160 475 1273 513 ἐμαυτὸν
1298 475 1412 511 ἐδίδουν,
1435 474 1480 504 καὶ
1504 476 1518 503 6
1535 473 1630 514 Πατὴρ
1656 474 1820 514 συνεχώρει,
1844 475 1894 504 οὐκ

1093 518 1161 561 εἶχες
1173 519 1292 554 ἐξουσίαν
1309 521 1368 549 κατ’
1383 519 1464 558 ἐμοῦ,
1484 518 1530 548 καὶ
1544 519 1586 548 ὅτι
1605 519 1740 559 ἁμαρτίαν
1757 518 1831 559 ἔχεις
1846 518 1895 548 καὶ

1093 567 1143 603 σὺ,
1160 565 1205 595 καὶ
1228 564 1334 602 μείζονα
1362 563 1465 597 Ἰούδας
1492 565 1506 592 6
1521 564 1681 603 παράδιδούς
1705 575 1755 602 με,
1816 563 1865 593 καὶ
1881 565 1896 593 6

1092 611 1154 644 λαὸς
1164 633 1172 647 ,
1188 609 1253 639 διότι
1266 623 1276 636 α
1294 609 1359 639 Ἐπὶ
1369 609 1398 639 τὸ
1409 609 1488 646 ἄλγος
1503 609 1554 638 τῶν
1570 608 1732 649 τραυμάτων
1744 620 1796 646 μου
1807 620 1894 648 προσ-

1092 657 1185 691 έθηκε,
1199 654 1246 684 καὶ
1267 655 1315 683 οὖκ
1330 653 1452 692 ἐμνήσθη
1475 655 1585 688 ποιῆσαι
1597 653 1685 690 ἔλεος,
1700 667 1711 680 υ
1725 653 1789 683 ἀλλ’
1803 653 1895 693 εὑρών

1093 713 1125 738 με
1147 698 1346 738 ἆσυνηγόρητον
1366 698 1412 727 καὶ
1427 697 1576 733 ἀϐοήθητον
1587 700 1720 738 ,σταυρῷ
1735 697 1894 738 παρέδωκε,

1092 745 1138 774 καὶ
1153 744 1211 774 οὐδὲ
1226 746 1342 773 τοσαῦτα
1360 742 1536 782 δικαστήρια.
1555 742 1580 778 ἐξ
1597 737 1634 772 ὧν
1655 742 1792 777 ἀνεύθυνος
1814 741 1895 778 ἐξῆλ-

1092 793 1147 827 θον,
1163 788 1374 823 κατεδυσωπήθη
1385 810 1392 824 ,
1409 789 1468 817 ἀλλ’
1484 787 1566 826 ἐϐόα,
1583 802 1595 814 κ
1612 787 1787 827 Σταύρωσον,
1806 786 1895 816 σταύ-

1094 846 1184 874 ρωσον·
1201 849 1212 860 ι
1230 833 1286 863 ἐπεὶ
1309 829 1355 862 οὖν
1380 835 1464 862 ταῦτα
1484 832 1564 862 εἰπὼν
1580 835 1594 862 6
1619 832 1716 871 Κύριος
1739 831 1896 867 κατέπληξε

1090 880 1134 909 τὸν
1153 879 1280 914 Πιλάτον,
1301 877 1411 913 «ἐζήτει
1427 879 1457 907 ἐκ
1471 877 1592 907 τούτου»
1610 878 1712 916 μᾶλλον
1733 888 1747 906 ιι
1757 878 1897 906 ἀπολῦσαι
1926 896 1927 902 η

1092 925 1178 954 αὐτόν.
1199 938 1209 950 n
1237 923 1362 953 Ἰουδαῖοι
1378 922 1422 961 δὲ,
1441 922 1499 951 ἐπεὶ
1521 924 1557 956 ὡς
1571 923 1640 952 Θεὸν
1655 925 1781 952 ποιοῦντα
1796 921 1895 951 ἑαυτὸν

1092 969 1291 1003 διαϐάλλοντες,
1316 967 1361 997 καὶ
1385 967 1428 996 τὸν
1453 967 1531 1005 νόμον
1558 966 1778 1006 προσενεγκόντες
1809 966 1895 1005 ἠλέγο

1090 1017 1192 1055 χθησαν
1217 1013 1247 1053 (ὁ
1264 1012 1315 1052 γὰρ
1334 1011 1448 1045 Πιλάτος
1472 1012 1500 1041 ἐκ
1516 1011 1608 1041 τούτου
1630 1012 1730 1050 μᾶλλον
1751 1010 1873 1051 ἐφοϐήθη
1883 1033 1893 1046 ,

1091 1059 1136 1088 καὶ
1158 1058 1281 1087 ἐϐούλετο
1294 1058 1426 1087 ἀπολῦσαι
1440 1057 1532 1092 αὐτὸν,
1548 1056 1643 1095 μήπως
1658 1057 1721 1096 Θεῷ
1735 1056 1896 1096 προσκρού-

1091 1102 1151 1143 σῃ·)
1170 1104 1250 1132 πάλιν
1277 1101 1321 1131 ἐπὶ
1343 1101 1403 1134 τοὺς
1424 1100 1473 1135 ἔξω
1489 1103 1583 1140 νόμους
1607 1101 1820 1140 καταφεύγουσι,
1846 1100 1897 1129 καὶ

1143 1140 1264 1188 Ἶψοφοδεῆ
1293 1147 1434 1186 ἐκφοϐοῧσι
1459 1146 1503 1175 τὸν
1529 1145 1655 1176 Πιλάτον.
1679 1145 1730 1179 Ὡς
1751 1145 1803 1186 γὰρ
1822 1140 1896 1174 εἶδον

1093 1193 1171 1222 αὖτὸν
1189 1191 1398 1228 εὐλαϐούμενον,
1424 1191 1462 1229 μὴ
1477 1191 1542 1220 Υἱὸν
1559 1193 1629 1223 Θεοῦ
1641 1190 1706 1220 ὄντα
1721 1189 1896 1230 κατακρίνων

1092 1238 1137 1266 τὸν
1154 1237 1257 1273 Ἰησοῦν
1280 1236 1405 1275 ἁμάρτῃ,
1434 1236 1477 1265 τὸν
1501 1235 1581 1276 φόϐον
1602 1238 1647 1265 τοῦ
1665 1235 1801 1276 Καίσαρος
1828 1236 1894 1264 ἐπι-

1094 1282 1206 1312 σείουσιν
1220 1282 1309 1320 αὐτῷ,
1328 1281 1374 1310 καὶ
1391 1279 1435 1309 ἐπὶ
1454 1280 1589 1320 τυραννίδι
1601 1279 1645 1310 τὸν
1663 1280 1759 1320 Κύριον
1776 1280 1896 1309 διαϐάλ-

1092 1328 1196 1363 λοντες,
1223 1327 1410 1365 ἐκδειματοῧσι
1437 1325 1481 1354 τὸν
1500 1326 1632 1361 Πιλάτον,
1652 1326 1687 1358 ὡς
1711 1325 1895 1365 προσκρούειν
1926 1350 1927 1353 η

1093 1372 1222 1411 μέλλοντα
1246 1370 1381 1410 Καίσαρι,
1407 1369 1478 1409 εἴγε
1503 1369 1630 1399 ἀπολύσει
1654 1369 1698 1399 τὸν
1726 1370 1893 1409 ἀνταίροντα

1093 1418 1174 1457 αὐτῷ.
1206 1415 1262 1445 Καὶ
1287 1418 1337 1445 ποῦ
1364 1415 1513 1454 τυραννίδος
1541 1411 1615 1448 οὗτος
1642 1415 1732 1451 ἑάλως
1758 1415 1838 1444 πόθεν
1863 1416 1894 1445 δὲ

1091 1465 1165 1490 τοῦτο
1182 1460 1293 1495 δείξετε;
1310 1459 1375 1490 Ἀπὸ
1397 1462 1446 1495 τῆς
1462 1460 1635 1500 ἁλουργίδος;
1659 1459 1712 1488 ἀπὸ
1726 1462 1771 1488 τοῦ
1788 1460 1895 1496 διαδή-

235 1516 252 1537 a
274 1507 439 1535 militaribus
463 1507 565 1543 signis?
585 1515 679 1534 nonne
694 1506 789 1534 omnia
818 1514 880 1542 quae
905 1506 996 1535 habeb,

1135 1517 1192 1543 τος;
1210 1505 1264 1535 ἀπὸ
1284 1507 1337 1534 τῶν
1357 1507 1571 1545 στρατιωτικῶν,
1593 1505 1634 1534 Οὐ
1650 1504 1739 1533 πάντα
1756 1505 1830 1545 αὖτῷ
1848 1507 1896 1535 εὖ·

1225 1550 1228 1553 .
1295 1551 1302 1553 ,
1317 1549 1322 1553 .
1395 1550 1400 1553 .
1492 1550 1496 1553 .
1571 1549 1576 1553 .
1609 1545 1623 1553 ,-
1739 1550 1744 1553 Α
1863 1545 1880 1553 .-

233 1553 316 1581 vilia?
331 1557 359 1580 et
372 1553 443 1580 stola
463 1556 490 1579 et
504 1552 594 1585 cibus,
616 1556 643 1579 et
663 1552 779 1579 domus?
794 1552 854 1579 Imo
868 1551 894 1580 ei
919 1560 970 1580 nec
983 1553 1036 1581 do~

235 1605 300 1625 mus
315 1601 384 1624 erat.
401 1597 454 1625 Sed
468 1604 485 1625 ο
500 1597 622 1624 Pilatum
638 1604 736 1632 parum
751 1596 870 1624 virilem!
887 1597 1038 1626 Periclitari

236 1641 290 1671 sibi
306 1642 379 1669 visus
393 1646 445 1676 est,
470 1641 491 1669 si
512 1641 625 1677 quidem
641 1641 711 1668 hanc
733 1649 842 1669 causam
855 1641 1038 1671 indiscussam

234 1686 392 1722 negligeret.
409 1687 482 1714 Nam
501 1686 573 1714 vadit
595 1685 706 1722 quidem
730 1686 806 1722 quasi
829 1687 1037 1716 examinaturus

235 1732 390 1768 negotium,
412 1732 465 1759 hoc
484 1731 558 1759 enim
580 1731 665 1759 sessio
684 1731 827 1767 signiﬁcat.
851 1732 931 1760 Nulla
945 1737 1037 1761 autem

236 1777 441 1805 examinatione
456 1776 541 1810 facta,
564 1776 650 1804 tradit
665 1776 752 1810 illum,
766 1777 926 1805 existimans
947 1785 977 1805 se
999 1777 1038 1806 sic

239 1822 301 1850 illos
322 1822 506 1858 placaturum.
531 1821 679 1856 Quomodo
694 1825 796 1856 autem,
815 1822 909 1850 Marco
931 1822 1037 1851 dicente

236 1867 348 1895 tertiani
375 1867 472 1894 horam
497 1866 608 1902 quando
630 1866 755 1894 Christus
780 1867 990 1903 cruciﬁgebatur
1014 1867 1035 1902 ‘,

235 1913 356 1940 Joannes
374 1916 482 1939 sextam
495 1911 560 1938 dicit
573 1911 603 1938 5?
619 1911 704 1947 Igitur
717 1911 770 1939 hoc
787 1912 895 1940 solvunt
909 1912 1034 1948 quidam,

236 1957 310 1993 quod
320 1957 464 1992 scriptura:
477 1964 555 1984 error
566 1957 610 1984 sit.
622 1957 691 1984 Nam
703 1956 794 1984 littera
802 1957 912 1992 quidem
926 1965 1036 1992 gamma

236 2002 348 2030 tertiam
368 2001 467 2029 horam
481 2001 625 2037 signiﬁcat,
642 2006 669 2030 et
683 2005 724 2029 est
735 2001 874 2029 character
887 2001 945 2037 ejus
960 2003 1034 2037 talis,

237 2047 270 2080 I‘;
289 2047 382 2074 littera
395 2051 490 2074 autem
506 2054 567 2082 quae
581 2051 687 2074 sextam
708 2047 812 2082 signat,
829 2046 913 2073 habet
935 2046 1034 2075 chara-

235 2097 341 2120 cterem
354 2092 447 2126 talem,
458 2092 498 2127 ς.
514 2092 670 2120 Verisimile
695 2092 777 2126 igitur
792 2091 909 2118 litteram
925 2099 1033 2126 gamma

236 2145 253 2165 a
271 2137 451 2172 scriptoribus
470 2144 528 2164 non
546 2137 657 2164 attentis
674 2136 805 2164 transisse
822 2143 853 2162 ea
881 2141 957 2171 parte
973 2145 1034 2172 qua:

237 2182 264 2210 in
282 2181 481 2218 longitudinem
506 2186 612 2210 rectam
627 2180 829 2217 producebatur
848 2170 991 2208 incurvata
1007 2181 1034 2208 in
1050 2170 1075 2202 Ῑ)

237 2226 424 2255 characterem
439 2226 564 2262 episcmi,
579 2234 635 2262 quo
650 2229 745 2253 sextus
758 2232 890 2252 numerus
902 2225 1034 2260 signatur,

237 2276 263 2300 et
288 2272 326 2299 sic
343 2279 465 2299 errorem
478 2271 552 2299 hunc
569 2275 670 2298 ortum.
695 2268 775 2303 Quod
795 2273 888 2297 autem
903 2269 955 2297 hoc
968 2270 1038 2297 veri-

235 2316 328 2344 simile
348 2316 382 2343 sit
402 2315 505 2344 factum
529 2323 599 2349 esse,
614 2320 642 2342 et
658 2314 768 2342 tertiam
783 2314 880 2342 horam
904 2315 1036 2350 scriptam

238 2369 297 2389 esse
318 2362 402 2389 etiam
425 2361 500 2396 apud
523 2363 672 2393 Joannem,
698 2363 725 2386 et
744 2367 800 2386 non
824 2362 939 2394 sextam,
967 2360 1037 2388 sicut

236 2414 323 2440 nunc,
339 2405 519 2434 manifestum
533 2404 597 2432 hinc
611 2408 661 2431 est.
676 2405 748 2431 Nam
770 2411 832 2431 cum
846 2408 904 2432 tres
918 2412 1035 2438 evange-

235 2450 316 2485 listaz,
345 2451 503 2483 Matthaeus,
533 2451 643 2476 Marcus
671 2451 698 2476 et
735 2449 823 2476 Lucas
855 2453 1036 2476 consonanter

235 2496 328 2525 dicant
343 2496 417 2531 quod
440 2506 453 2519 ι
469 2503 485 2522 a
506 2497 581 2521 sexta
597 2493 665 2521 hora
678 2493 797 2521 tenebrae
815 2493 893 2522 facta
914 2498 980 2521 sunt
991 2502 1034 2522 su-

235 2549 284 2577 per
298 2540 454 2568 universam
471 2545 572 2566 terram
587 2546 672 2574 usque
686 2539 720 2566 ad
735 2538 833 2566 horam
854 2546 959 2566 nonam
979 2538 1002 2572 θ,
1020 2550 1032 2563 ι

233 2585 410 2613 manifestum
427 2584 502 2620 quod
520 2584 655 2611 Dominus
671 2587 764 2611 noster
779 2587 841 2611 ante
863 2588 969 2611 sextam
984 2584 1035 2611 ho-

232 2638 303 2661 ram,
336 2630 494 2665 priusquam
530 2627 628 2655 ﬁerent
652 2628 785 2662 tenebrae,
820 2628 964 2656 cruciﬁxus
986 2629 1032 2662 sit,

232 2675 334 2704 scilicet
353 2673 460 2701 circiter
472 2673 568 2701 horam
583 2673 706 2706 tertiam,
722 2673 792 2701 sicut
808 2674 917 2701 Marcus
931 2674 1032 2708 prodit,

231 2723 260 2748 et
283 2720 403 2746 Joannes
429 2718 567 2753 similiter,
593 2718 718 2754 quamvis
746 2717 926 2746 scribentium
955 2726 1034 2746 error

267 2809 359 2839 'Psal.
376 2817 486 2843 vam,
502 2811 547 2836 27.
585 2808 597 2828 ³
609 2808 681 2838 Psal.
697 2817 787 2844 cvm,
805 2811 849 2837 ιδ.

900 2808 912 2826 ⁸
928 2810 1012 2838 Marc.
1028 2811 1131 2844 xv,25.

1093 1553 1155 1587 τελῆ
1164 1561 1172 1588 ;
1189 1550 1234 1580 καὶ
1247 1549 1345 1586 στολὴ,
1359 1550 1405 1579 καὶ
1420 1550 1520 1590 τροφὴ,
1536 1549 1582 1579 καὶ
1598 1545 1668 1583 οἶκος
1678 1571 1686 1585 ,
1704 1550 1749 1579 καὶ
1773 1549 1834 1579 οὐδὲ
1850 1545 1897 1580 οἷ-

1092 1606 1153 1633 κος;
1170 1596 1240 1625 Ἀλλ’
1255 1593 1278 1624 ὦ
1292 1597 1339 1630 τῆς
1355 1595 1494 1634 ἀνανδρίας
1513 1598 1557 1624 τοῦ
1574 1593 1711 1624 Πιλάτουι
1730 1595 1896 1624 κινδυνεύειν

1092 1640 1263 1679 νομίσαντος,
1285 1641 1308 1668 εἰ
1330 1639 1443 1679 περιίδοι
1464 1638 1588 1675 τοιαύτην
1613 1639 1735 1669 ὑπόθεσιν
1763 1639 1897 1673 ἀνεξέτα-

1093 1696 1164 1716 στον,
1182 1684 1340 1724 Ἐξέρχεται
1357 1683 1422 1722 μὲν,
1446 1685 1480 1717 ὡς
1496 1683 1625 1718 ἐξετάσων
1650 1683 1680 1713 τὸ
1706 1688 1822 1724 πρᾶγμα
1839 1685 1847 1722 (
1862 1685 1895 1715 τὸ

1091 1729 1142 1769 γὰρ
1173 1730 1282 1758 καθίσαι
1308 1731 1386 1758 τοῦτο
1410 1728 1531 1768 ἐδήλου),
1560 1728 1684 1767 οὐδεμίαν
1712 1729 1739 1758 δὲ
1769 1728 1893 1762 ἐξέτασιν

1090 1774 1284 1813 ποιησάμενος,
1306 1773 1487 1813 παραδίδωσιν
1508 1773 1602 1810 αὐτὸν,
1627 1775 1739 1811 νομίζων
1756 1774 1893 1810 δυσωπή-

1091 1831 1145 1848 σειν
1173 1818 1276 1852 αὐτούς.
1303 1820 1367 1852 Πῶς
1384 1817 1410 1846 δὲ
1437 1820 1481 1847 ’τοῦ
1509 1818 1620 1858 Μάρκου
1647 1819 1768 1856 λέγοντος
1793 1819 1895 1857 τρίτην

1090 1863 1161 1904 ὥραν
1178 1859 1262 1900 εἶναι,
1278 1863 1321 1892 ὅτε
1345 1865 1358 1892 6
1382 1863 1495 1904 Χριστὸς
1523 1864 1698 1903 ἰσταυροῦτο,
1722 1865 1736 1892 6
1758 1863 1897 1901 Ἰωάννης
1926 1899 1927 1903 η

1090 1908 1167 1945 ἕκτην
1191 1908 1271 1949 φησί;
1291 1907 1408 1938 Λύουσιν
1431 1902 1474 1936 οὖν
1494 1910 1580 1944 τοῦτο,
1605 1907 1672 1942 τινὲς
1689 1906 1749 1946 μὲν,
1763 1907 1804 1937 ὅτι
1819 1921 1898 1948 γραι-
1926 1922 1927 1938 l

1090 1953 1164 1994 φικὸν
1179 1953 1210 1982 τὸ
1223 1954 1343 1994 σφάλμα·
1359 1952 1389 1982 τὸ
1404 1951 1451 1990 μὲν
1466 1952 1517 1992 γὰρ
1532 1952 1629 1992 γάμμα
1644 1953 1692 1989 τὴν
1708 1952 1798 1993 τρίτην
1815 1953 1895 1993 ὥραν

1089 1998 1234 2037 σημαίνει,
1255 1997 1301 2027 καὶ
1316 1997 1387 2027 ἔστιν
1411 2000 1425 2027 6
1440 1997 1581 2037 χαρακτὴρ
1597 1998 1678 2027 αὐτοῦ
1693 2001 1812 2033 τοιοῦτος
1822 2021 1830 2035 ,
1846 1999 1894 2029 Γ’⁶

1088 2043 1119 2072 τὸ
1134 2043 1162 2073 δὲ
1176 2042 1338 2080 καλούμενον
1354 2043 1484 2080 ἐπίσημον
1495 2065 1503 2078 ,
1520 2041 1566 2078 τὴν
1583 2042 1680 2079 ἕκτην,
1701 2043 1747 2072 καὶ
1765 2042 1822 2083 ἔχει
1844 2044 1894 2074 τὸν

1089 2090 1249 2128 χαρακτῆρα
1263 2088 1363 2117 τοιόνδε
1375 2111 1382 2125 ,
1401 2087 1453 2125 ς’.
1481 2087 1560 2120 Εἰκὸς
1586 2082 1630 2117 οὖν
1647 2087 1676 2116 τὸ
1691 2082 1788 2127 γάμμα
1813 2099 1896 2119 στοι-

1088 2137 1158 2172 χεῖον
1175 2133 1228 2162 ἀπὸ
1247 2135 1293 2168 τῆς
1310 2131 1467 2172 ἀπροσεξίας
1492 2134 1544 2161 τῶν
1565 2133 1792 2173 μεταγραφόντων
1815 2145 1896 2174 κυρ-

1091 2178 1220 2212 τωθείσης
1247 2179 1294 2213 τῆς
1315 2177 1515 2216 ἀποπταμένης
1538 2177 1639 2211 εὐθείας
1664 2180 1699 2211 εἰς
1725 2180 1828 2216 μῆκος,
1855 2180 1897 2213 εἷς

1089 2222 1132 2252 τὸν
1144 2225 1189 2252 τοῦ
1204 2223 1336 2262 ἐπισήμου
1352 2225 1545 2263 μεταχωρῆσαι
1563 2225 1738 2262 χαρακτῆρα,
1755 2222 1801 2252 καὶ
1819 2223 1896 2254 οὕτω

1089 2269 1136 2303 τὴν
1158 2268 1261 2304 πλάνην
1286 2268 1386 2304 ταύτην
1412 2267 1543 2308 γενέσθαι.
1567 2266 1633 2298 Ὅτι
1661 2266 1689 2296 δὲ
1715 2270 1794 2297 τοῦτο
1819 2269 1895 2302 εἰκὸς

1088 2311 1224 2352 γενέσθαι,
1250 2312 1295 2342 καὶ
1318 2313 1408 2353 τρίτην
1433 2311 1504 2352 ὥραν
1531 2312 1730 2353 ἀναγράφεσθαι
1750 2313 1796 2342 καὶ
1811 2314 1894 2352 παρὰ

1089 2359 1126 2396 τῷ
1143 2357 1270 2398 Ἰωάννῃ,
1288 2358 1347 2387 ἀλλ’
1365 2357 1424 2398 οὐχὶ
1443 2357 1523 2394 ἕκτην
1548 2356 1640 2397 ὥσπερ
1667 2359 1728 2393 νῦν,
1744 2358 1826 2393 δῆλον
1843 2359 1893 2387 ἔν-

1089 2404 1188 2431 τεῧθεν.
1207 2404 1269 2432 Τῶν
1285 2402 1335 2442 γὰρ
1359 2404 1438 2443 τριῶν
1461 2403 1672 2441 εὖαγγελιστῶν,
1689 2405 1734 2431 τοῦ
1749 2414 1777 2431 τε
1802 2403 1894 2433 Ματ-

1088 2446 1179 2485 θαίου,
1195 2448 1302 2476 καὶτοῦ
1327 2447 1457 2487 Μάρκου,
1476 2448 1521 2476 καὶ
1547 2450 1592 2476 τοῦ
1620 2449 1713 2479 Λουκᾶ
1736 2447 1895 2487 συμφώνως

1088 2492 1233 2530 λεγόντων,
1265 2493 1301 2525 ὡς
1325 2491 1378 2521 ἀπὸ
1403 2491 1480 2528 ἕκτης
1505 2490 1577 2531 ὥρας
1601 2492 1694 2525 σκότος
1719 2492 1824 2530 ἐγένετο
1849 2492 1894 2533 ἐφ’

1087 2536 1151 2572 ὅλην
1167 2537 1215 2571 τὴν
1229 2538 1299 2574 γῆν,
1322 2535 1371 2570 ἕως
1393 2536 1465 2576 ὥρας
1486 2535 1612 2573 ἐννάτης,
1635 2536 1786 2576 πρόδηλον,
1813 2539 1849 2569 ὡς
1878 2539 1894 2566 6

1090 2580 1185 2619 Κύριος
1200 2582 1277 2618 ἡμῶν
1296 2581 1348 2621 πρὸ
1368 2583 1415 2616 τῆς
1434 2581 1512 2616 ἕκτης
1528 2580 1612 2622 ᾥρας,
1635 2581 1687 2621 πρὸ
1702 2583 1748 2610 τοῦ
1764 2582 1890 2619 γενέσθαι

1087 2626 1117 2654 τὸ
1133 2625 1234 2661 σκότος,
1250 2625 1419 2665 ἐσταύρωτο,
1435 2627 1537 2661 δηλαδή
1553 2625 1622 2655 κατὰ
1634 2625 1681 2661 τὴν
1693 2625 1784 2665 τρίτην
1801 2625 1890 2666 ὥραν,

1087 2671 1150 2703 ὡςὸ
1166 2671 1274 2709 Μάρκος
1295 2682 1322 2699 τε
1340 2671 1483 2710 ἱστόρησε,
1509 2670 1555 2700 καὶ
1581 2672 1594 2699 6
1617 2670 1745 2706 Ἰωάννης
1770 2671 1889 2708 ὁμοίως,

1087 2715 1109 2743 εἰ
1124 2714 1196 2750 καὶὴ
1212 2715 1299 2752 πλάνη
1317 2716 1367 2745 τῶν
1388 2715 1543 2756 γραφόντων
1568 2714 1599 2744 τὸ
1622 2715 1720 2753 γάμμα
1735 2714 1887 2753 μετέθηκεν
1926 2727 1927 2740 ι

1180 2809 1190 2827 ⁵
1204 2810 1287 2839 Joan.
1304 2817 1372 2845 xxx,
1386 2812 1432 2838 27.
1488 2809 1502 2829 δ
1513 2809 1614 2839 Matth.
1630 2816 1731 2844 xxvu,
1744 2812 1792 2838 45.
