1927 3076
38 159 88 186 269

424 157 620 186 ENARRATIO
639 157 672 186 [Ν
690 156 908 186 EVANGELIUM
925 156 1076 186 JOANNIS.
1094 172 1132 180 —
1143 158 1219 187 CAP.
1240 159 1310 189 XIX.

1632 160 1685 188 270

38 220 72 253 εἰς
91 217 137 248 τὸν
163 219 208 248 τοῦ
237 218 370 257 ἐπισήμου
400 221 571 260 χαρακτῆρα.
611 219 689 254 Τινὲς
718 220 765 258 μὲν
792 215 835 250 οὖν

892 221 1037 249 mutaverit
1050 228 1160 256 gamma
1180 220 1210 248 in
1221 220 1335 257 episemi
1348 220 1549 251 characterem.
1565 224 1600 251 Et
1616 231 1687 252 non-

36 265 104 293 οὕτω
119 263 211 293 λύουσι
226 265 315 294 τοῦτο.
328 263 437 303 θΕτεροι
450 264 479 294 δέ
492 276 588 304 φασιν,
604 264 644 294 ὅτι
654 266 668 294 6
685 265 734 302 μὲν
750 265 834 306 Μάρ-

37 320 79 341 κος
94 307 143 343 τὴν
158 307 231 348 ὥραν
248 311 296 344 τῆς
319 308 493 349 ἀποφάσεως,
508 311 554 344 τῆς
571 309 631 349 περὶ
647 312 693 339 τοῦ
710 321 836 350 σταυρω-

36 355 114 388 θῆναι
140 353 184 382 τὸν
201 353 314 392 Κύριον,
340 353 470 382 ἐκτίθεται
492 355 583 394 σαφῶς
607 354 652 383 καὶ
681 355 835 395 ἀναμφιϐό-

35 399 97 431 λως.
123 398 203 428 Ἐπεὶ
225 393 268 427 οὖν
282 397 372 427 ἔκτοτε
395 393 546 439 σταυρῶσαι
568 398 614 428 καὶ
633 393 786 439 τιμωρῆσαι
811 400 834 429 οἵ

36 442 162 471 δικασταὶ
176 442 315 481 λέγονται,
334 443 379 483 ἀφ’
396 438 426 471 οδ
439 442 486 477 τὴν
503 443 637 482 ἀπόφασιν
661 438 834 483 ἐξενέγκωσι,

37 487 79 516 διὰ
94 486 126 516 τὸ
141 487 189 522 τὴν
206 487 317 525 δύναμιν
332 490 380 523 τῆς
396 487 526 527 τιμωρίας
541 488 587 517 καὶ
610 490 655 517 τοῦ
680 489 792 518 θανάτου
807 490 834 518 ἐν

36 536 92 566 ταῖς
118 531 253 571 γλώσσαις
276 534 431 567 κεκτῆσθαιι
459 532 550 562 τούτου
577 533 656 572 χάριν
683 535 698 562 6
726 534 834 572 Μάρκος

35 579 67 616 τῇ
89 577 167 617 τρίτῃ
191 575 247 617 ὥρα
272 578 459 616 σταυρωθῆναι
487 577 563 607 αὐτὸν
588 578 680 616 λέγει,
698 578 743 619 ἄρ’
767 574 798 614 ἧς
821 580 835 608 6

36 621 154 655 Πιλάτος
178 621 227 657 τὴν
249 621 384 662 ἀπόφασιν
410 622 558 661 ἐξήνεγκεν.
586 621 713 659 Ἰωάννης
737 623 782 662 δὲ,
799 625 835 657 ὡς

35 667 174 705 εἰρηκότος
197 668 243 696 τοῦ
273 666 388 708 Μάρκου
411 667 456 697 τὸν
474 666 565 708 καιρὸν
589 670 635 703 τ’ῆς
657 668 834 708 ἀποφάσεως,

34 712 113 745 αὐτὸς
126 710 176 746 τὴν
190 710 281 751 ὥραν,
305 707 364 750 ἕνῇ
387 710 431 740 τὸν
450 711 546 751 Κύριον
565 712 755 752 ἐσταύρωσαν,
775 713 834 754 ἔφη·

34 757 92 785 ἐπεὶ
109 756 157 785 καὶ
172 756 283 791 σκόπει,
299 755 371 785 πόσα
387 755 485 793 μεταξὺ
497 758 543 792 τῆς
559 756 632 796 παρὰ
648 760 696 786 τοῦ
715 758 835 788 Πιλάτου

34 801 96 842 περὶ
112 804 160 830 τοῦ
176 803 288 840 σταυροῦ
305 800 477 841 ἀποφάσεως,
501 801 547 830 καὶ
569 803 616 837 τῆς
631 800 701 842 ὥρας
720 803 836 842 ταύτης,

34 846 60 874 ἐν
127 846 162 879 εἷς
177 846 222 876 τὸν
247 846 361 884 σταυρὸν
385 848 399 875 6
427 845 524 885 Κύριος
543 845 644 883 ἀνέϐη,
670 841 834 886 πέπρακται,

34 889 185 923 Ἀπολύσας
199 890 243 919 τὸν
268 890 415 929 Βαραϐϐᾶν
426 913 433 927 ,
451 890 637 930 ἐφραγέλλωσε
654 891 697 921 τὸν
721 891 835 932 Ἰησοῦν,

35 935 80 964 καὶ
95 935 236 974 παρέδωκε
253 935 359 968 πάντως
375 935 453 964 αὐτὸν
470 936 505 968 εἰς
527 935 557 964 τὸ
581 938 776 975 σταυρωθῆναι.
801 936 834 968 Ἡ

34 979 86 1019 γὰρ
108 983 154 1010 τοῦ
173 979 304 1019 Βαραόϐᾶ
320 981 448 1013 ἀπόλυσις
477 980 632 1021 κατάκρισις
659 977 691 1017 ἧν
711 984 757 1010 τοῦ
779 983 836 1012 Κυ-

35 1025 105 1064 ρίου.
125 1024 322 1063 Ἐμπαίζουσιν
337 1026 361 1054 οἱ
387 1027 558 1064 στρατιῶταιο
580 1025 626 1055 καὶ
651 1026 762 1062 σκόπει,
784 1029 836 1058 πό-

35 1081 80 1103 σος
94 1069 190 1109 χρόνος
210 1070 332 1105 ἀνηλώθη
350 1069 380 1099 ἂν
397 1071 433 1104 εἷς
451 1069 495 1099 τὸν
510 1069 648 1111 φιλότιμον
670 1071 832 1111 ἐμπαιγμόν.

33 1114 196 1154 Ἐξήνεγκεν
212 1114 291 1144 αὐτὸν
308 1116 321 1143 6
338 1114 471 1154 Πιλάτος,
488 1114 534 1144 καὶ
550 1115 673 1155 διελέχθη
690 1116 743 1148 τοῖς
764 1116 833 1146 Ἰου-

34 1159 130 1192 δαίοις·
152 1159 234 1188 πάλιν
257 1158 381 1189 εἰσελθὼν
403 1159 537 1199 ἀνακρίνει
554 1159 598 1189 τὸν
617 1161 732 1196 Ἰοησοῧν⁸
755 1161 836 1190 πάλιν

34 1203 150 1238 ἐξελθὼν
179 1204 333 1243 διαλέγεται
354 1208 408 1238 τοῖς
442 1203 590 1237 Ἰουδαίοις.
626 1206 720 1235 Ταῦτα
747 1206 835 1235 πάντα

33 1249 117 1278 ἱκανὰ
141 1244 174 1285 ἦν
190 1250 328 1278 ἀναλῶσαι
344 1249 387 1278 τὸν
413 1249 466 1278 ἀπὸ
489 1250 535 1285 τῆς
559 1249 648 1289 τρίτης
676 1249 746 1291 ὥρας
772 1251 836 1290 ἄχρι

34 1295 84 1329 τῆς
101 1293 181 1330 ἕκτης
195 1293 299 1334 χρόνον,
316 1294 384 1334 ἅπερ
404 1294 529 1330 Ἰωάννης
548 1294 685 1333 ἐκθέμενος
702 1295 835 1335 ἀκριϐῶς,

35 1339 84 1369 ἅτε
106 1344 175 1368 πᾶσι
189 1339 451 1379 παρηκολουθηκὼς,
475 1341 521 1375 τῆς
537 1339 614 1375 ἕκτης
639 1339 710 1381 ὥρας
731 1352 836 1379 μνημο-

33 1383 122 1421 νεύει,
141 1383 184 1413 ὅτε
199 1383 244 1412 καὶ
263 1384 416 1423 παρέδωκεν
439 1384 520 1413 αὐτὸν
547 1384 670 1419 τελείως,
689 1385 733 1414 ἵνα
753 1397 836 1415 σταυ-

37 1431 111 1469 ρωθῇ
123 1451 131 1465 ,
147 1429 196 1458 οὐκ
218 1429 257 1458 ἔτι
272 1429 455 1468 διαλεγόμενος
478 1429 531 1463 τοῖς
557 1429 712 1466 Ἰουδαίοις,
739 1429 756 1466 ἢ
773 1432 836 1459 ἀνα-

35 1475 135 1514 κρίνων
149 1474 195 1503 τὸν
211 1473 334 1512 Ἰησοῦν,
353 1473 422 1503 ἀλλὰ
440 1474 487 1510 τὴν
514 1475 682 1510 τελειοτάτην
700 1474 835 1515 ἀπόφασιν

890 265 955 293 nulli
966 265 1075 302 quidem
1090 266 1127 294 sic
1140 265 1244 294 dicunt.
1261 265 1313 294 Alii
1326 269 1419 294 autem
1436 266 1512 294 aiunt
1522 267 1595 303 quod
1610 269 1685 296 Mar-

888 318 936 338 cus
949 310 1060 346 quidem
1078 310 1175 338 horam
1189 318 1242 346 qua
1263 310 1318 339 lata
1337 314 1379 339 est
1393 311 1529 339 sententia
1548 311 1582 340 de
1596 312 1684 340 cruci-

889 355 996 391 ﬁgendo
1026 355 1157 389 Domino,
1180 354 1322 383 manifeste
1342 359 1369 384 et
1390 354 1492 391 absque
1515 355 1685 384 dubitatione

889 405 989 436 ponat:
1005 401 1098 437 utique
1108 400 1171 437 quia
1183 400 1341 436 cruciﬁgere
1357 404 1386 428 et
1403 401 1501 437 punire
1518 400 1552 428 ab
1563 408 1595 428 eo
1610 405 1685 429 tem-

890 453 957 480 pore
971 445 1078 481 judices
1097 445 1238 479 dicuntur,
1258 453 1314 482 quo
1339 445 1503 474 sententiam
1530 445 1684 481 proferunt,

889 498 922 518 eo
947 490 1022 527 quod
1044 490 1085 519 vis
1113 498 1203 526 pana:
1223 494 1251 519 et
1272 490 1369 518 mortis
1391 490 1419 518 in
1453 489 1551 526 linguis
1577 498 1687 526 quoque

889 535 932 562 sit.
960 535 1025 571 Ejus
1050 536 1135 571 gratia
1154 536 1264 563 Marcus
1282 535 1360 563 tertia
1386 534 1456 563 hora
1483 534 1606 571 cruciﬁgi
1620 543 1685 564 eum

889 579 966 613 dicit,
989 587 1005 608 a
1030 588 1083 617 qua
1099 580 1203 609 Pilatus
1227 580 1392 608 sententiam
1413 580 1550 616 exposuit.
1564 581 1686 609 Joannes

889 628 991 659 autem,
1008 633 1071 653 cum
1090 626 1199 654 Marcus
1215 625 1327 653 dixisset
1344 629 1454 661 tempus
1467 625 1620 659 sententiae,
1637 625 1687 653 ho-

890 677 948 697 ram
974 670 1002 697 in
1034 677 1088 706 qua
1107 670 1259 698 Dominum
1282 669 1479 698 cruciﬁxerunt
1500 669 1576 698 dicit.
1601 671 1687 698 Caete-

891 721 965 747 rum,
992 714 1135 742 considera
1163 719 1266 752 quanta
1285 719 1344 743 acta
1361 715 1417 743 sint
1434 714 1507 743 inter
1524 715 1688 743 sententiam

890 767 905 786 a
925 759 1012 787 Pilato
1030 759 1064 788 de
1083 767 1174 793 cruce,
1191 764 1218 788 et
1231 759 1328 788 horam
1345 759 1432 796 ipsam
1459 760 1487 787 in
1510 767 1562 796 qua
1584 760 1612 787 in
1625 768 1688 788 cru-

891 812 952 832 cem
986 804 1124 832 Dominus
1153 804 1284 832 ascendit.
1314 805 1384 833 Cum
1412 803 1560 832 dimisisset
1588 804 1689 833 Barab-

892 848 973 883 bam,
1002 849 1150 885 ﬁagellavit
1180 851 1285 883 Jesum,
1312 853 1339 877 et
1367 848 1483 877 tradidit
1507 850 1547 878 eis
1572 853 1603 878 ut
1628 858 1689 878 cru-

852 892 1057 929 Bciﬁgeretnr.
1093 895 1164 922 Nam
1199 894 1332 922 Barabba:
1371 893 1495 922 dimissio
1522 894 1689 923 condemna-

892 938 931 966 tio
955 938 1040 974 749
1054 943 1114 966 erat
1130 939 1252 967 Domini.
1286 938 1408 966 llludunt
1429 939 1541 972 milites,
1570 943 1598 967 et
1627 939 1688 968 vide

891 987 1027 1019 quantum
1039 983 1172 1019 temporis
1186 983 1290 1011 insumi
1302 983 1421 1019 potuerit
1433 983 1467 1011 ad
1484 983 1615 1019 majorem
1628 983 1688 1012 illu-

891 1027 1006 1056 sionem.
1019 1027 1121 1056 Eduxit
1131 1036 1196 1056 eum
1209 1028 1324 1063 Pilatus,
1338 1032 1365 1056 et
1379 1028 1486 1056 locutus
1494 1037 1559 1056 cum
1572 1028 1687 1057 Judzeis.

890 1073 994 1100 iterum
1019 1073 1156 1108 ingressus
1172 1072 1303 1109 diiudicat
1319 1074 1430 1109 Jesum,
1450 1073 1549 1101 iterum
1564 1081 1689 1109 egressus

891 1117 1010 1153 loquitur
1021 1125 1086 1145 cum
1097 1117 1209 1146 Iudaeis.
1227 1118 1294 1146 Haec
1309 1118 1401 1145 omnia
1413 1117 1588 1146 sufﬁciebant
1598 1118 1633 1146 ad
1645 1118 1688 1146 in-

889 1162 1055 1190 sumendum
1069 1166 1178 1198 tempus
1190 1161 1225 1190 ad
1235 1162 1302 1190 hora
1317 1163 1396 1190 tertia
1411 1170 1498 1198 usque
1513 1163 1547 1190 ad
1561 1167 1668 1191 sextam
1680 1173 1688 1191 :

891 1214 953 1242 qua:
962 1207 1083 1234 Joannes
1097 1214 1238 1243 exponens
1256 1206 1410 1243 diligenter,
1424 1211 1520 1243 utpote
1542 1207 1589 1243 qui
1600 1207 1690 1236 omni-

890 1251 940 1279 bus
951 1251 1106 1279 individuus
1115 1259 1208 1280 comes
1219 1251 1350 1286 adfuerit,
1366 1251 1442 1280 horae
1457 1256 1540 1280 sexta:
1552 1252 1687 1288 meminit,

891 1296 1003 1332 quando
1017 1300 1043 1324 et
1056 1296 1167 1325 tradidit
1175 1304 1241 1324 eum
1256 1296 1377 1332 perfecte
1390 1301 1420 1324 ut
1433 1297 1619 1333 cruciﬁgatur,
1632 1305 1690 1326 non

890 1341 961 1369 ultra
985 1341 1100 1378 loquens
1124 1349 1188 1369 cum
1203 1341 1317 1375 Judatis,
1345 1341 1386 1369 vel
1413 1341 1568 1378 dijudicans
1581 1343 1689 1377 Iesum,

891 1385 939 1414 sed
951 1390 1103 1414 extremam
1118 1386 1147 1413 in
1169 1394 1234 1414 eum
1249 1385 1392 1422 proferens
1406 1387 1582 1415 sententiam.
1597 1387 1626 1415 Si
1641 1395 1690 1416 au-

892 1434 949 1458 tem
973 1431 1037 1467 quis
1054 1431 1138 1465 dicat,
1162 1432 1252 1466 Quare
1266 1431 1374 1459 circiter
1388 1431 1485 1459 horam
1502 1431 1611 1460 tertiam
1625 1439 1689 1460 cum

891 1475 998 1503 dicatur
1016 1475 1148 1511 cruciﬁgi,
1163 1476 1221 1503 vult
1235 1475 1334 1504 iterum
1358 1475 1460 1504 absolvi
1479 1476 1575 1504 illum?
1603 1477 1691 1504 discat

35 1518 98 1548 κατ’
125 1519 205 1548 αὐτοῦ
229 1518 381 1558 ἐξενεγκὼν.
413 1519 446 1549 Εἰ
475 1519 503 1548 δέ
518 1531 556 1552 τις
582 1519 665 1559 λέγει’
691 1519 746 1550 Καὶ
770 1520 835 1555 τίνος

893 1520 1010 1555 primum
1027 1520 1141 1556 quidem
1152 1540 1160 1554 ,
1171 1520 1246 1557 quod
1260 1529 1276 1549 a
1291 1520 1469 1549 multitudine
1483 1525 1596 1549 coactus
1614 1520 1691 1549 dedit

35 1564 126 1593 ἕνεκεν
147 1562 218 1592 κατὰ
235 1563 283 1598 τὴν
308 1563 400 1603 τρίτην
416 1563 487 1602 ὥραν
499 1586 507 1599 ,
524 1567 558 1597 ὼς
573 1564 657 1604 λέγεις
668 1587 677 1600 ,
698 1565 836 1605 ἀποφηνά-

37 1620 116 1647 μενος
132 1610 335 1648 σταυρωθῆναι,
349 1608 430 1638 πάλιν
448 1608 572 1638 ἐϐούλετο
589 1610 723 1638 ἀπολῦσαι
739 1609 835 1647 αὐτόν,

36 1653 195 1691 μανθανέτω
220 1653 323 1690 πρῶτον
346 1653 409 1692 μὲν,
435 1652 474 1682 ὅτι
497 1653 548 1682 ὑπὸ
573 1657 618 1683 τοῦ
642 1654 757 1690 πλήθους
773 1656 836 1694 βια-

36 1698 121 1735 σθεὶς,
135 1697 208 1726 ἔθετο
225 1698 272 1733 τὴν
290 1697 434 1738 ἀπόφασιν·
456 1697 550 1727 ἔπειτα
566 1699 662 1738 καὶτῷ
686 1699 778 1740 ὀνείρῳ
789 1701 836 1735 τῆς

35 1742 163 1781 γυναικὸς
185 1741 314 1772 αἷνίττετο
441 1742 588 1783 ὶνύττετο]·
619 1739 651 1780 ἧν
683 1743 736 1784 γὰρ
762 1745 834 1783 αὐτῷ

36 1787 191 1825 μηνύσασα’
209 1798 224 1816 α
238 1786 328 1823 Μηδὲν
344 1787 385 1816 σοὶ
398 1787 443 1816 καὶ
459 1790 496 1828 τῷ
513 1788 608 1828 δικαίῳ
624 1787 718 1828 τούτῳ.
733 1802 744 1814 ι
770 1788 835 1818 Ἐπὶ

36 1837 105 1861 πᾶσι
121 1832 148 1861 δὲ
165 1831 265 1865 τούτοις
276 1855 284 1868 ,
296 1831 389 1862 σκόπει
402 1832 448 1862 καὶ
467 1832 510 1861 τὸν
522 1833 648 1869 Ἰωάννην
657 1857 664 1870 ,
680 1835 736 1866 πῶς
755 1828 834 1863 εἶπεν·

42 1888 57 1905 (ι
69 1876 145 1916 ⁶¹Ωρα
162 1871 193 1912 ἦν
209 1877 272 1906 ὡσεὶ
284 1877 358 1913 ἕκτη.
375 1891 386 1904 ι
403 1878 461 1906 Οὐκ
475 1871 533 1907 εἶπε
548 1878 612 1918 γὰρ,
625 1877 698 1918 ⁰Ωρα
713 1874 745 1914 ἦν
762 1878 835 1915 ἕκτη,

36 1923 72 1954 ὡς
94 1920 321 1962 ἀποφαινόμενος,
350 1922 408 1951 ἀλλ’
431 1924 466 1955 ὡς
487 1923 661 1958 ἐπιδιστάζων
684 1922 729 1952 καὶ
754 1924 835 1962 ἄμφι-

35 1967 141 2004 γνοῶν,
175 1965 282 1996 (ι“Ωσεὶ
306 1966 378 2003 ἕκτη.
402 1981 413 1992 ο
445 1965 529 1997 Ὥστε
555 1967 628 1997 οὐδὲν
657 1968 749 1998 διοίσει
774 1969 836 2006 ὓμῖν

111 2011 194 2050 ἡμῖν]
212 2010 242 2040 τὸ
265 2012 326 2050 περὶ
350 2014 397 2047 τῆς
421 2011 492 2051 ὥρας
515 2012 655 2052 φαίνεσθαι
685 2012 722 2051 μὴ
749 2013 835 2049 πάντη

37 2055 230 2095 συντρέχοντας
273 2057 397 2092 ἀλλήλοις
437 2056 497 2090 τοὺς
540 2057 748 2096 εὖαγγελιστὰς,
783 2058 835 2087 εἴτε

36 2099 80 2140 [
99 2100 124 2129 εἴ
137 2101 185 2139 γε]
207 2100 409 2140 συγχωροίημεν
426 2096 493 2143 εἶναι
510 2102 666 2142 διαφωνίαν.
684 2103 771 2132 Τοῦτο
784 2102 835 2143 γὰρ

890 1565 1073 1599 sententiam;
1103 1565 1200 1593 deinde
1221 1573 1238 1593 a
1269 1565 1380 1593 somnio
1412 1565 1534 1593 mulieris
1557 1566 1691 1602 impulsus

890 1609 983 1638 fuerit.
999 1610 1152 1638 Nuntiabat
1174 1614 1267 1638 autem
1278 1609 1321 1637 illa
1336 1610 1374 1644 ei,
1389 1621 1402 1634 α
1423 1609 1498 1638 Nihil
1519 1610 1565 1638 tibi
1576 1613 1604 1638 et
1614 1611 1690 1647 justo

891 1654 968 1682 huic.
989 1666 1002 1679 ιο
1017 1655 1132 1690 Insuper
1147 1654 1292 1683 considera
1306 1658 1334 1682 et
1348 1655 1484 1682 Joannem
1499 1654 1601 1683 dixisse
1615 1654 1690 1691 quod

892 1710 904 1723 α
926 1698 1006 1727 fuerit
1022 1699 1089 1726 hora
1107 1698 1195 1727 ferme
1209 1703 1296 1732 sexta,
1312 1710 1326 1723 ι
1341 1700 1419 1735 quasi
1430 1707 1486 1727 non
1501 1699 1642 1735 deﬁniens,
1663 1703 1691 1728 et

890 1743 916 1771 in
927 1743 1055 1780 ambiguo
1069 1744 1225 1780 relinquens
1234 1743 1314 1777 dixit,
1330 1755 1343 1768 σι
1365 1743 1451 1771 ferme
1463 1748 1548 1772 sexta.
1568 1756 1580 1769 ιδ
1602 1746 1637 1772 Et
1651 1745 1689 1773 ita

890 1788 958 1816 nihil
981 1788 1113 1822 intererit,
1138 1788 1212 1823 quod
1231 1788 1264 1816 de
1279 1788 1346 1816 hora
1361 1796 1417 1816 non
1432 1788 1558 1816 videntur
1578 1797 1690 1825 prorsus

889 1833 1034 1860 convenire
1046 1833 1229 1868 evangelista,
1244 1833 1268 1860 si
1280 1831 1393 1868 quidem
1406 1832 1620 1861 concederemus
1631 1841 1690 1862 esse

889 1877 1084 1906 differentiam.
1108 1877 1178 1905 Vide
1191 1877 1264 1905 enim
1280 1876 1345 1912 hoc,
1365 1885 1432 1905 num
1448 1884 1548 1905 omnes
1570 1877 1691 1906 dixerint

888 1922 960 1958 quod
975 1922 1120 1950 cruciﬁxus
1133 1922 1179 1950 sit.
1196 1925 1233 1950 At
1254 1921 1306 1949 hoc
1321 1922 1432 1958 quidem
1457 1922 1491 1950 ab
1506 1922 1637 1950 omnibus
1649 1926 1691 1950 est

888 1967 1044 1995 confessum
1059 1976 1065 1995 :
1082 1967 1116 1995 de
1139 1967 1207 1995 hora
1224 1971 1315 1995 autem
1335 1966 1357 1994 si
1380 1967 1450 1994 alius
1470 1966 1538 1994 dicit
1553 1975 1612 1995 esse
1635 1971 1690 1996 ter-

890 2013 969 2046 tiam,
993 2012 1063 2040 alius
1077 2012 1156 2048 quasi
1177 2016 1295 2045 sextam,
1320 2010 1385 2048 quid
1407 2011 1459 2039 hoc
1473 2012 1550 2039 obest
1565 2011 1690 2040 veritati?

890 2057 1087 2085 Verumtamen
1103 2057 1162 2085 hinc
1175 2057 1361 2085 demonstrata
1381 2060 1446 2084 sunt
1465 2064 1497 2084 es
1513 2056 1689 2092 abundantia,

890 2101 963 2137 quod
984 2101 1057 2129 nulla
1078 2102 1113 2130 sit
1127 2102 1280 2130 diversitas.

37 2144 148 2182 σκόπει,
178 2146 201 2174 εἰ
222 2145 259 2183 μὴ
286 2147 381 2179 πάντες
402 2142 510 2186 εἶπον,
537 2147 577 2176 ὅτι
602 2147 766 2186 ἐσταυρώθη·
790 2142 862 2176 εἷνδὲ
887 2150 963 2176 τοῦτο
988 2146 1035 2184 μὲν
1064 2146 1139 2186 παρὰ
1161 2147 1267 2176 πάντων
1293 2146 1478 2186 ὡμολόγηται,
1504 2146 1565 2186 περὶ
1595 2146 1621 2175 δὲ
1645 2148 1692 2183 τῆς

37 2189 108 2229 ὥρας
120 2213 128 2228 ,
146 2190 169 2218 εἰ
185 2192 199 2219 6
215 2190 262 2228 μὲν
283 2191 374 2231 τρίτην
390 2185 472 2228 εἶναι,
485 2192 499 2220 6
522 2191 549 2220 δὲ
576 2192 640 2221 ὡσεὶ
659 2185 738 2228 ἕκτην
754 2192 835 2233 φασὶ,
851 2191 876 2220 τί
897 2194 975 2221 τοῦτο
990 2185 1130 2231 ἐπηρεάζει
1152 2194 1186 2232 τῇ
1208 2191 1336 2231 ἀληθείας
1364 2191 1441 2227 Πλὴν
1469 2185 1545 2220 ἀλλὰν
1561 2190 1691 2221 δέδεικται

36 2234 66 2262 ἐκ
82 2234 253 2273 περιουσίας,
266 2233 307 2263 ὅτι
320 2234 379 2263 οὐδὲ
396 2234 625 2274 διαφωνία.ἔστίν.

80 2291 92 2303 ι
108 2278 164 2307 Καὶ
179 2278 250 2317 λέγει
265 2279 319 2312 τοῖς
337 2278 489 2321 ’[ουδαίοιςςν
499 2278 556 2310 Ἴδε
570 2282 584 2310 6
601 2280 727 2321 βασιλεὺς
749 2283 834 2320 ὑμῶν.

931 2291 1018 2318 Vens.
1040 2291 1131 2317 14-18.
1148 2301 1159 2313 -
1177 2290 1210 2317 Et
1223 2289 1291 2318 dicit
1302 2289 1407 2318 Judaeis
1423 2299 1429 2316 :
1446 2291 1516 2318 Ecce
1530 2297 1577 2318 rex
1592 2293 1690 2318 vester.

38 2323 73 2353 Οἱ
100 2322 127 2352 δὲ
153 2323 332 2362 ἐκραύγασαν·
351 2319 447 2363 Ἆρον,
473 2320 553 2364 ἆρον,
576 2319 729 2365 σταύρωσον
746 2326 837 2358 αὐτόν.

39 2366 120 2406 Λέγει
136 2367 226 2401 αὐτοῖς
250 2369 263 2397 6
286 2368 411 2402 Πιλάτος·
437 2370 490 2399 Τὸν
520 2371 633 2410 βασιλέα
655 2373 729 2409 ὑμῶν
754 2383 837 2401 σταυ-

38 2413 131 2451 ρώσω,
159 2412 351 2454 Ἀπεκρίθησαν
369 2415 392 2443 οῖ
410 2416 550 2456 ἀρχιερεῖς·
574 2417 634 2446 Οὐκ
663 2416 760 2456 ἔχομεν
787 2419 837 2456 βα-

38 2456 129 2493 σιλέα,
155 2458 179 2486 εἰ
204 2458 242 2495 μὴ
263 2457 401 2499 Καίσαρα.
427 2459 496 2489 Τότε
521 2455 565 2489 οὖν
591 2455 743 2501 παρέδωκεν
760 2455 838 2491 αὖτὸν

39 2502 145 2538 αὐτοῖς,
161 2500 206 2531 ἴνα
231 2505 381 2544 σταυρωθῇ.
408 2504 565 2544 Παρέλαϐον
585 2500 630 2534 οὖν
658 2506 702 2535 τὸν
720 2506 840 2544 Ἰησοῦν,

40 2547 85 2575 καὶ
109 2546 213 2586 ἤγαγον
234 2548 313 2577 αὐτὸν
335 2549 370 2582 εἰς
387 2549 417 2578 τὸ
438 2551 607 2589 σταυρῶσαι,
631 2551 675 2580 καὶ
700 2551 840 2590 βαστάζων

16 2590 83 2622 ,τὸν
109 2591 224 2631 σταυρὸν
248 2594 345 2629 αὺτοῦ,
377 2593 482 2629 ἐξῆλθεν
508 2596 544 2628 εἷς
573 2596 667 2633 τόπον,
697 2595 839 2635 λεγόμενον

42 2635 161 2674 Κρανίου
178 2637 258 2666 τόπον
270 2659 278 2674 ,
303 2637 328 2671 ὃς
349 2637 456 2677 λέγεται
468 2639 612 2679 Ἐϐραϊστὶ
626 2641 752 2680 Γολγοθᾶ·
773 2640 840 2670 ὅπου

42 2680 120 2709 αὐτὸν
140 2681 308 2720 ἐσταύρωσαν
321 2705 330 2721 ,
353 2683 399 2712 καὶ
415 2684 472 2721 μετ’
489 2685 567 2713 αὐτοῦ
581 2684 677 2718 ἄλλους
690 2685 735 2714 δύο
751 2686 838 2714 ἐντεῦ-

42 2728 83 2754 Οεν
101 2725 148 2754 καὶ
164 2726 283 2756 ἐντεῦθεν
294 2749 302 2763 ,
318 2726 400 2766 μέσον
423 2727 451 2757 δὲ
470 2728 514 2758 τὸν
529 2728 645 2764 Ἰησοῦν.
661 2740 676 2758 ι)
706 2730 841 2763 Πολλάκις

43 2770 171 2809 εἴπομεν,
199 2771 234 2804 ὡς
255 2772 382 2812 ἄνανδρος
410 2774 511 2811 μᾶλλον
537 2774 583 2803 καὶ
597 2774 728 2814 ψοφοδεὴς
752 2776 765 2803 6
790 2776 842 2804 nt-

43 2814 119 2850 ὶάτος
134 2838 142 2855 ,
159 2814 176 2851 ἢ
193 2816 338 2854 κακοήθης.
370 2816 446 2858 ⁸Ορα
468 2821 529 2858 γοῦν
541 2839 550 2856 ,
571 2819 616 2848 καὶ
630 2821 674 2849 νῦν
691 2821 786 2859 σχῆμα
801 2819 841 2854 ἐξ·

893 2333 934 2362 11Ιὶ
947 2338 1041 2362 autem
1056 2333 1222 2368 clamabant,
1232 2335 1319 2368 Tolle,
1330 2334 1406 2368 tolle,
1420 2334 1546 2370 crueiﬁge
1558 2342 1633 2362 eum.
1646 2334 1691 2362 Di-

892 2379 928 2407 cit
934 2379 973 2407 eis
981 2379 1083 2407 Pilatus
1092 2389 1097 2406 :
1108 2380 1213 2415 Regem
1221 2383 1343 2407 vestrum
1349 2378 1526 2414 cruciﬁgami‘
1534 2378 1693 2415 Responde-

893 2428 959 2451 runt
969 2423 1111 2460 pontiﬁces
1123 2433 1129 2450 ε
1145 2425 1205 2451 Non
1219 2423 1351 2452 habemus
1362 2431 1470 2460 regem,
1484 2424 1536 2451 nisi
1545 2424 1691 2453 Caesarem.

892 2469 970 2496 Tunc
983 2476 1047 2504 ergo
1063 2468 1175 2496 tradidit
1187 2476 1249 2496 eum
1261 2468 1326 2502 illis.
1337 2473 1369 2496 ut
1378 2468 1593 2504 cruciﬁgeretur.
1606 2471 1690 2497 Acce-

894 2516 995 2548 perunt
1008 2517 1102 2540 autem
1123 2513 1228 2546 Jcsum,
1251 2517 1278 2540 et
1293 2512 1466 2541 adduxerunt
1479 2521 1542 2541 cum
1556 2517 1586 2541 ut
1602 2513 1690 2542 cruci-

893 2557 1009 2593 ﬁgerent
1027 2566 1033 2585 :
1056 2562 1139 2593 atque
1158 2557 1180 2585 is
1199 2557 1324 2593 bajulans
1336 2565 1446 2586 crucem
1460 2566 1550 2592 suam,
1571 2558 1653 2586 exivit
1665 2558 1694 2585 in

894 2609 969 2635 eum,
993 2602 1038 2638 qui
1052 2602 1154 2630 dicitur
1167 2602 1308 2636 Calvariaa,
1329 2602 1432 2636 locum,
1450 2603 1584 2630 chraice
1601 2607 1695 2630 autem

895 2646 1030 2682 Golgotha
1047 2655 1054 2674 :
1075 2647 1123 2674 ubi
1137 2647 1334 2675 cruciﬁxerunt
1349 2655 1425 2681 eum,
1446 2651 1475 2675 et
1489 2655 1552 2675 cum
1567 2655 1599 2675 eo
1613 2647 1693 2679 alios,

896 2691 966 2718 duos
981 2690 1047 2718 hinc
1068 2695 1094 2719 et
1108 2691 1184 2725 hinc,
1202 2691 1323 2719 medium
1345 2696 1436 2719 autem
1452 2692 1560 2719 Jesum.
1581 2703 1593 2714 ι»
1617 2691 1696 2726 Saepe

898 2735 1018 2763 diximus
1033 2735 1106 2772 quod
1119 2736 1223 2764 Pilatus
1242 2737 1330 2772 magis
1342 2735 1422 2764 fuerit
1435 2736 1526 2763 mollis
1538 2739 1565 2763 et
1578 2735 1696 2763 meticu-

897 2780 981 2814 losus,
1010 2787 1092 2816 quam
1113 2781 1217 2816 asperis
1238 2780 1372 2808 moribus.
1396 2780 1462 2808 Vide
1484 2780 1555 2807 enim
1578 2784 1604 2807 et
1625 2787 1697 2807 nunc

897 2825 969 2861 quod
986 2824 1075 2853 l'orma
1098 2825 1212 2861 quidem
1234 2825 1365 2853 examinis
1380 2829 1408 2853 et
1419 2824 1515 2861 judicii
1537 2824 1631 2857 utitur,
1650 2823 1697 2852 sed
