1927 3076
246 190 293 216 271
737 180 993 211 THEOPHYLACT]
1013 181 1190 210 BULGARLE
1207 179 1366 208 ARCHlEP.

1845 177 1903 204 2T2

247 251 361 280 omnino
378 249 498 277 molliter
512 255 571 276 rem
585 247 647 283 agit.
664 258 676 270 ι
694 247 763 274 Ecce
779 245 864 279 enim,
880 244 976 281 inquit,
993 252 1007 271 r

1143 256 1208 277 σεως
1228 244 1274 273 καὶ
1293 242 1428 282 κριτηρίου
1447 241 1601 282 περιτίθησι
1615 242 1654 280 τῷ
1668 240 1830 282 πράγματι,
1847 251 1903 276 μα-

247 299 345 323 vester.
365 305 377 318 υ
394 295 488 329 Neque
502 292 576 320 enim
585 293 679 320 Jesum
699 290 874 323 condemnat,
889 297 977 325 neque
994 290 1042 317 Ju-

244 339 320 368 dacos
337 337 483 366 manifeste
504 336 637 369 confutat,
659 335 708 363 sed
732 335 809 371 quasi
823 334 928 362 occulte
946 342 1044 370 expro-

245 383 306 412 brat
319 383 358 411 eis
380 387 411 411 ut
431 382 604 418 sycophantis
621 390 627 408 :
643 380 720 416 quasi
742 379 825 413 dicat,
842 380 911 407 Ecce
933 379 1043 415 qualem

244 427 387 455 hominem
405 427 494 455 dicitis
513 430 661 454 attentasse
677 424 804 452 invadere
819 432 942 460 regnum,
961 423 1043 451 vilem

244 472 356 504 scilicet,
371 476 399 499 et
410 471 477 499 nihil
492 471 546 499 tale
562 474 699 498 attentare
719 469 863 497 audentem
883 478 888 495 :
905 472 933 496 et
948 469 985 496 ita
997 476 1044 495 ac-

245 517 348 544 cusatio
363 521 452 544 vestra
474 515 542 544 falsa
563 519 614 543 est.
635 513 708 550 Quid
723 514 796 542 enim
816 513 900 541 habet
911 513 956 541 ille
971 512 1045 548 quod

245 561 374 598 tyranni?
393 569 458 589 num
476 560 587 594 milites,
607 559 724 592 divitias,
743 558 934 586 nobilitatem?
950 569 963 582 α
977 559 1045 585 Ecce

245 613 292 634 rex
309 609 397 634 vester
412 614 419 632 ι
444 617 456 629 ιι
481 612 542 641 quae
563 604 668 632 utilitas
682 604 704 632 si
721 604 796 631 hunc
813 603 978 636 occideritis,
998 602 1044 638 qui

245 649 388 678 hominem
402 658 436 677 ne
458 649 487 676 in
500 649 614 677 minimo
628 648 741 684 quidem
758 656 859 676 nocere
877 648 996 684 poterit?
1012 649 1047 675 Et

244 694 304 723 haec
323 694 435 730 quidem
453 694 556 722 Pilatus
581 701 637 722 non
666 693 798 721 instanter
815 697 843 720 et
856 692 937 720 ﬁrme
958 695 986 720 et
997 699 1046 728 pro

245 739 358 767 veritate
372 743 490 767 certans.
506 739 543 766 At
559 738 596 766 illi
613 747 620 766 :
643 749 655 763 a
674 738 762 771 Tolle,
780 738 856 771 tolle,
875 736 1014 772 cruciﬁge,
1032 747 1044 760 η

244 783 382 819 inquiunt.
396 785 505 819 Urgent
516 787 543 810 et
558 786 686 818 quarunt
695 790 814 817 crucem,
828 786 859 810 ut
875 781 976 810 malam
988 781 1046 817 opi-

244 827 358 856 nionem
370 832 397 856 et
413 828 516 856 famam
527 832 639 856 assuant
649 827 765 856 Christo.
781 826 1044 863 Ignominiosissima

244 872 319 901 enim
340 872 424 908 750
443 875 501 900 erat
522 880 599 900 mors
619 872 707 900 crucis
727 876 754 900 et
776 871 921 900 maledicta
947 881 953 899 :
975 870 1046 898 sicut

1098 290 1185 323 λακῶς
1201 288 1228 318 δὲ
1242 288 1273 318 τὸ
1289 287 1351 317 ὅλον
1367 287 1592 327 μεταχειρίζεται.
1610 299 1622 313 α
1638 283 1696 316 Ἴδε
1707 285 1777 325 γὰρ,
1799 284 1881 325 φησὶν
1895 306 1905 322 ,

1096 336 1110 363 6
1126 333 1249 373 βασιλεὺς
1274 334 1359 371 ὑμῶν.
1381 345 1393 358 ιι
1417 331 1490 361 Οὔτε
1504 332 1556 371 γὰρ
1579 331 1622 360 τὸν
1639 330 1749 366 Ἰησοῦν
1766 329 1907 368 κατακρί-

1097 390 1152 417 νει,
1168 379 1228 407 οὔτε
1253 377 1312 411 τοὺς
1333 376 1475 409 Ἰουδαίους
1497 375 1660 412 ἐπιστομίζει
1685 377 1817 416 φανερῶς·
1843 373 1905 403 ἀλλ’

1097 418 1150 452 οἷον
1176 421 1409 462 ἓπικεκρυμμένως
1435 421 1566 455 ὀνειδίζων
1592 421 1679 454 αὐτοῖς
1705 422 1741 453 ὡς
1758 431 1906 459 συκοφαν-

1098 470 1189 507 τοῦσι,
1202 468 1291 508 φησίν·
1310 466 1364 496 Ἴδε
1379 470 1453 496 ποῖον
1473 465 1608 505 ἄνθρωπον
1625 464 1732 504 λέγετε,
1752 465 1796 494 ὅτι
1822 466 1905 502 βασις

1098 512 1200 542 λεύσειν
1215 511 1347 552 ἐπεχείρει
1368 513 1446 548 ὑμῖν,
1464 511 1556 546 εὖτελῆ
1577 509 1698 546 δηλαδὴ,
1723 510 1771 539 καὶ
1796 509 1850 538 οὐκ
1872 508 1906 537 ἂν

1098 557 1223 590 τοιούτοις
1249 557 1463 597 ἐπιχειρήσοντα·
1490 555 1558 584 ὥστε
1573 554 1670 595 ψευδὴς
1689 556 1706 589 ἡ
1728 552 1906 592 κατηγορία.

1099 603 1125 632 Τ
1128 601 1136 630 ί
1148 602 1199 642 γὰρ
1215 602 1271 641 ἔχει
1290 601 1418 641 τυράννου
1440 596 1532 639 οὗτος,
1555 599 1740 640 στρατιώτας;
1762 599 1905 634 πλοῦτον;

1099 647 1247 685 εὖγένειανς
1273 645 1353 676 ιἸδε
1378 647 1392 674 6
1409 644 1533 685 βασιλεὺς
1557 646 1642 682 ὑμῶν.
1662 658 1675 670 ι
1690 644 1726 674 Τί
1750 643 1781 672 τὸ
1810 643 1909 682 κέρδος

1101 690 1144 721 ἐὰν
1160 694 1251 720 τοῦτον
1269 690 1442 726 ἀποκτείνητε
1452 712 1460 726 ,
1475 689 1613 729 ἄνθρωπον
1627 689 1695 727 μηδὲ
1709 688 1743 718 τὰ
1763 688 1907 728 ἐλάχιστα

1100 736 1244 774 δυνάμενον
1270 736 1386 776 βλάψαις
1411 737 1503 764 Ταῦτα
1525 735 1572 772 μὲν
1596 735 1610 764 6
1628 734 1763 770 Πιλάτος,
1790 734 1822 762 οὐ
1850 731 1906 769 μὴν

1100 781 1257 814 ἐνστατικῶς
1272 781 1317 810 καὶ
1334 779 1447 819 βεϐαίοις
1459 802 1467 818 ,
1484 779 1529 808 καὶ
1541 781 1576 813 ὡς
1597 778 1663 819 ὑπὲρ
1686 777 1815 814 ἀληθείας
1828 778 1907 815 ἀγω-

1098 825 1240 863 νιζόμενος.
1257 826 1292 855 Οἳ
1313 824 1356 862 δὲ,
1367 838 1380 852 ι
1395 820 1472 864 ’Ἆρον
1485 847 1491 860 ,
1508 819 1586 864 ἆρον,
1605 823 1758 863 σταύρωσον
1768 845 1776 859 ,
1794 835 1807 848 ι·
1822 821 1904 862 φασί.

1105 870 1297 909 Κατεπείγουσι
1311 870 1358 899 καὶ
1372 871 1479 905 ζητοῦσι
1497 868 1542 898 τὸν
1565 869 1691 908 σταυρὸν,
1705 867 1748 897 διὰ
1765 867 1796 897 τὸ
1812 878 1905 902 πονη-

243 903 355 946 dictum
367 903 419 945 e'st'
429 926 436 945 :
463 928 476 941 α
491 917 652 945 Maledictus
667 917 757 945 omnis
780 916 825 952 qui
847 916 949 952 pendet
961 916 991 944 in

1144 914 1240 949 ’δόξαν
1266 914 1405 954 βούλεσθαι
1431 913 1578 954 προσάψειν
1604 914 1642 953 τῷ
1666 914 1786 953 Χριστῷ.
1828 911 1905 940 Ἐπ-

243 969 298 997 gno
310 961 330 989 ".
348 971 362 987 »
385 961 565 989 Nesciveruut
578 966 672 989 autem
689 961 763 998 quod
783 961 855 989 sicut
874 969 921 997 per
937 960 1042 998 lignum

244 1006 336 1040 ruina,
349 1006 385 1034 ita
404 1014 453 1042 per
468 1005 573 1042 lignum
590 1006 736 1034 correctio.
755 1007 871 1042 Insuper
892 1005 953 1034 vide
976 1014 1045 1042 quo-

245 1050 328 1079 modo
345 1051 428 1079 alium
439 1058 532 1087 regem
552 1055 649 1087 praeter
659 1052 795 1079 Cmsarem
809 1058 864 1078 non
881 1055 1044 1087 agnoscunt,

243 1095 395 1124 voluntarie
409 1103 438 1123 se
455 1096 647 1124 Romanorum
668 1095 785 1131 imperio
805 1095 994 1131 subjicientes,
1017 1100 1044 1124 et

244 1140 294 1168 Dei
307 1148 423 1176 regnum
441 1140 613 1176 repellentes.
632 1140 699 1168 Ideo
716 1143 744 1168 et
759 1141 835 1167 Deus
850 1147 898 1168 eos
911 1140 1045 1168 Romanis

242 1184 365 1219 tradidit,
381 1193 450 1220 quos
461 1185 514 1213 sibi
524 1192 602 1220 reges
613 1184 778 1218 asciverant,
793 1184 939 1213 destitutos
953 1184 1044 1213 divino

242 1229 370 1265 praesidio
379 1233 407 1258 et
423 1238 499 1258 cura.
521 1241 534 1254 α
547 1230 625 1257 Tunc
638 1229 723 1266 igitur
739 1228 851 1258 tradidit
863 1229 943 1258 illum
961 1229 1010 1263 eis,
1030 1241 1042 1254 ι

241 1274 381 1310 insipiens.
416 1274 566 1310 Oportebat
593 1278 687 1302 autem
714 1274 851 1310 inquirere
886 1281 954 1302 num
983 1282 1044 1302 vere

241 1317 381 1346 habuisset
393 1318 545 1355 potentiam
560 1318 596 1347 ad
611 1318 796 1347 invadendam
806 1319 990 1355 tyrannidem.
1007 1321 1045 1347 At

240 1362 286 1391 ille
299 1363 371 1391 cedit
386 1363 565 1400 improvidus,
579 1363 790 1399 effeminateque
808 1363 973 1391 sententiam
985 1363 1042 1391 dat.

244 1417 258 1433 α
273 1408 386 1435 Portans
399 1412 493 1436 autem
511 1415 621 1436 crucem
639 1415 717 1436 suam
735 1420 747 1432 ιι
762 1407 908 1444 egreditur.
928 1408 1044 1436 Abomi-

241 1451 331 1480 nabile
350 1452 425 1480 enim
444 1452 579 1488 putabant
588 1453 703 1480 omnino
717 1452 756 1480 vel
776 1453 882 1488 lignum
897 1453 1044 1488 attingere,

1097 959 1301 992 ονειδιστότατος
1310 959 1362 999 γὰρ
1379 955 1452 992 οὗτος
1468 959 1481 987 6
1499 959 1610 991 θάνατος
1629 957 1674 986 καὶ
1691 957 1905 996 ἐπικατάρατοςο

1099 1003 1167 1033 καθὰ
1196 1003 1309 1044 εἴρηται·
1333 1017 1345 1030 ιι
1375 1002 1589 1043 Ἐπικατάρατος
1612 1006 1665 1035 πᾶς
1690 1003 1704 1031 6
1730 1001 1906 1042 κρεμάμενος

1100 1048 1143 1078 ἐπὶ
1159 1048 1245 1082 ξύλου.
1260 1062 1271 1073 u
1287 1049 1346 1078 Οὐκ
1357 1047 1466 1088 ᾔδεισαν
1481 1047 1525 1084 δὲ,
1542 1047 1582 1076 ὅτι
1594 1047 1685 1086 ὥσπερ
1700 1045 1744 1075 διὰ
1758 1048 1806 1075 τοῦ
1822 1045 1906 1079 ξύλου

1098 1095 1115 1129 ἡ
1131 1095 1244 1130 πτῶσις,
1273 1093 1342 1122 οὕτω
1365 1093 1408 1122 διὰ
1435 1092 1511 1126 ξύλου
1535 1095 1552 1129 ἡ
1581 1092 1735 1132 ἆνόρθωσις.
1758 1090 1838 1132 "Ope.
1857 1089 1906 1125 δὲ,

1099 1139 1154 1171 πῶς
1170 1138 1249 1168 ἄλλον
1267 1137 1378 1177 βασιλέα
1402 1139 1505 1170 ἑαυτοῖς
1525 1138 1573 1166 οὖκ
1597 1136 1808 1176 ἐπιγράφονται,
1822 1136 1847 1164 εἰ
1866 1133 1906 1172 μὴ

1101 1183 1245 1222 Καίσαρα,
1271 1182 1372 1216 ἑκόντες
1398 1181 1506 1214 ἑαυτοὺς
1544 1180 1738 1215 ὑποϐάλλοντες
1826 1179 1905 1210 Ῥω-

1099 1230 1184 1268 μαϊκῇ
1211 1227 1368 1268 δυναστείᾳ,
1394 1226 1440 1256 καὶ
1467 1225 1652 1265 ἀποσειόμενοι
1675 1225 1724 1262 τὴν
1750 1227 1800 1255 τοῦ
1826 1227 1905 1255 Θεοῦ

1100 1271 1247 1312 βασιλείαν.
1268 1271 1316 1302 Διὸ
1340 1271 1386 1301 καὶ
1411 1273 1425 1300 6
1449 1271 1516 1304 Θεὸς
1540 1270 1635 1304 αὖτοὺς
1650 1270 1800 1309 Ῥωμαίοις
1826 1281 1905 1309 παρ-

1098 1316 1213 1356 έδωκεν,
1231 1316 1273 1350 οὓς
1295 1316 1491 1346 ἐπεκαλέσαντο
1507 1316 1625 1354 βασιλεῖς
1640 1315 1682 1345 ἐπ’
1697 1316 1784 1344 αὐτῶν
1799 1336 1809 1351 ,
1830 1316 1905 1344 ἄπο-

1099 1361 1208 1395 στάντες
1235 1363 1281 1397 ἧς
1307 1363 1355 1391 τοῦ
1387 1361 1459 1391 Θεοῦ
1486 1360 1610 1400 προνοίας
1644 1360 1690 1389 καὶ
1725 1359 1903 1392 ἐπιστασίας.

1099 1419 1111 1432 α
1127 1406 1196 1436 Τότε
1208 1401 1252 1435 οὖν
1267 1406 1421 1446 παρέδωκεν
1435 1405 1512 1435 αὐτὸν
1528 1405 1616 1438 αὐτοῖς
1713 1418 1725 1431 ι
1741 1406 1755 1433 6
1769 1405 1902 1440 ἀνόητος.

1098 1451 1164 1480 Δέον
1179 1445 1316 1489 ἐξετάσαι,
1342 1452 1364 1480 εἷ
1396 1451 1499 1486 ἀληθῶς
1523 1449 1635 1488 δύναμιν
1657 1445 1728 1489 εἶχεν
1758 1449 1904 1479 ἐπιθέσθαι

241 1501 269 1525 et
287 1501 430 1533 propterea
449 1496 635 1525 condemnato
654 1500 680 1524 et
696 1497 844 1526 maledicto
862 1497 1002 1526 maledicti

1146 1496 1246 1532 αννίδι,
1273 1497 1287 1524 6
1311 1495 1338 1525 δὲ
1359 1495 1481 1524 ἐνδίδωσι
1506 1494 1551 1524 καὶ
1579 1493 1737 1531 ὓποϐαίνει,
1773 1494 1905 1532 ἀτόλμως

241 1541 348 1578 lignum
358 1541 515 1577 imponunt.
531 1541 599 1570 Vide
609 1545 703 1570 autem
719 1546 746 1570 et
757 1542 785 1569 in
795 1542 881 1570 veteri
891 1546 956 1578 typo
970 1550 1040 1578 quo-

241 1585 308 1615 dam
318 1585 370 1614 hoc
388 1586 505 1614 factum.
526 1587 601 1614 Isaac
621 1585 695 1614 enim
711 1591 739 1614 et
749 1586 802 1614 illic
821 1586 892 1623 ligna
907 1586 918 1603 ⁸
931 1591 1044 1623 portans

245 1630 321 1658 vadit
333 1635 364 1658 ut
373 1631 542 1658 immoletur.
560 1632 600 1658 Ita
614 1630 702 1659 ethoc
719 1631 779 1659 loco
791 1631 926 1660 Dominus
932 1639 1042 1660 crucem

245 1674 349 1703 habens
364 1674 448 1709 vadit,
460 1675 536 1711 quasi
549 1675 626 1703 miles
640 1682 716 1703 arma
732 1675 810 1712 gerit,
831 1676 929 1712 quibus
944 1676 1044 1705 adver-

243 1719 347 1747 sarium
361 1723 523 1755 prosternat.
539 1718 621 1755 Quod
638 1723 728 1747 autem
744 1721 820 1748 Isaac
836 1719 923 1757 ﬁgura
937 1720 972 1748 sit
986 1722 1043 1749 Do-

242 1764 322 1798 mini,
340 1763 530 1792 manifestum.
550 1765 626 1792 Isaac
651 1764 725 1792 enim
750 1764 947 1801 interpretatur
970 1767 1045 1794 risus

243 1808 285 1836 vel
301 1809 444 1843 gaudium.
467 1808 535 1846 Quis
561 1813 654 1837 autem
674 1809 741 1838 alius
763 1809 894 1846 gaudium
917 1814 1044 1839 nostrum

244 1852 331 1881 factus
357 1858 410 1888 est,
440 1861 524 1890 quam
543 1854 566 1882 is
594 1854 639 1889 qui
663 1854 691 1881 in
711 1854 891 1891 conceptione
914 1854 1043 1884 humana:

242 1902 347 1927 natura:
361 1906 409 1935 per
422 1899 549 1935 angelum
562 1899 649 1934 Χαῖρε,
663 1898 715 1926 hoc
730 1903 781 1933 est,
800 1899 898 1935 gaude,
915 1907 1044 1928 commu-

242 1942 357 1971 nicavit?
369 1945 438 1979 Quaa
455 1943 532 1971 enim
549 1943 633 1978 Virgo
649 1943 754 1971 audivit
779 1943 840 1971 laeta
858 1945 963 1979 nuntia,
981 1953 1042 1972 om-

243 1987 286 2016 nis
299 1992 397 2016 natura
408 1987 539 2023 suscepit.
550 1988 641 2022 Hujus
654 1987 731 2015 Isaac
745 1991 824 2023 pater
836 1992 878 2016 est
887 1988 1042 2024 Abraham;

244 2036 321 2067 pater
332 2032 486 2060 multarum
499 2032 634 2067 gentium,
650 2032 697 2067 qui
707 2036 748 2059 est
758 2033 832 2060 Deus
847 2040 930 2069 super
939 2034 1041 2068 omnia,

244 2080 272 2103 et
285 2076 331 2111 qui
340 2075 503 2104 Judaeorum
521 2079 563 2103 est
573 2077 654 2103 Pater
663 2080 691 2103 et
702 2076 836 2112 gentium,
855 2078 933 2114 cujus
943 2078 1041 2107 volun-

243 2124 299 2148 tate
319 2124 349 2148 et
367 2120 479 2148 consilio
504 2128 615 2148 crucem
636 2120 722 2148 Filius
735 2121 793 2157 ejus
807 2126 906 2158 portat.
922 2124 1041 2150 Verum-

1097 1541 1142 1569 καὶ
1154 1540 1288 1580 ἀνάνδρως
1303 1539 1351 1576 τὴν
1363 1539 1448 1580 κρίσιν
1465 1539 1730 1579 μεταχειρισάμενος.
1758 1552 1770 1565 ι
1785 1538 1906 1568 Βαστά-

1097 1586 1148 1619 ζων
1161 1584 1188 1614 δὲ
1203 1585 1247 1614 τὸν
1269 1585 1381 1625 σταυρὸν
1396 1586 1478 1613 αὑτοῦ
1489 1607 1498 1620 ,
1514 1597 1526 1610 ι
1548 1583 1693 1623 ἐξέρχεται.
1712 1583 1769 1613 Καὶ
1785 1583 1841 1623 γὰρ
1854 1584 1906 1613 καὶ

1099 1629 1126 1658 τὸ
1148 1630 1266 1670 ἅψασθαι
1292 1630 1359 1662 ὅλως
1381 1631 1427 1658 τοῦ
1452 1629 1528 1663 ξύλου
1559 1628 1777 1668 ἀπηγορευμένον
1801 1627 1905 1669 ᾤοντο·

1097 1673 1140 1702 διὰ
1168 1677 1245 1704 τοῦτο
1268 1675 1339 1714 αὐτῷ
1364 1675 1402 1714 τῷ
1429 1673 1580 1713 κατακρίτῳ
1606 1672 1652 1702 καὶ
1686 1673 1836 1714 καταράτῳ
1874 1673 1906 1703 τὸ

1097 1719 1281 1758 κατηραμένον
1309 1717 1383 1753 ξύλον
1401 1718 1619 1758 ἐπιφορτίζουσιν.
1643 1717 1719 1757 "Ope:
1743 1718 1772 1748 δὲ
1796 1718 1846 1747 καὶ
1877 1717 1905 1747 ἔν

1097 1775 1135 1803 τῳ
1163 1763 1232 1793 κατὰ
1255 1763 1303 1798 τὴν
1329 1762 1447 1792 παλαιὰν
1471 1762 1589 1791 τύπωσιν
1613 1765 1692 1792 τοῦτο
1720 1762 1902 1801 τελούμενον.

1099 1808 1154 1838 Καὶ
1180 1808 1230 1849 γὰρ
1253 1809 1331 1838 κᾶκιῖ
1351 1810 1364 1836 6
1379 1807 1475 1837 Ἰσαὰκ
1487 1807 1521 1836 τὰ
1536 1806 1601 1841 ξύλα
1626 1807 1768 1846 βαστάζων
1780 1829 1788 1841 ,
1808 1807 1907 1847 ἄττήρς

1097 1863 1160 1892 χετο
1174 1854 1210 1886 εἷς
1231 1853 1261 1882 τὸ
1283 1854 1426 1893 σφαγῆναι·
1452 1852 1520 1881 οὕτω
1544 1854 1680 1893 κᾷνταῧθα
1695 1854 1709 1881 6
1730 1851 1831 1891 Κύριος
1855 1853 1907 1882 τὸν

1098 1897 1210 1937 σταυρὸν
1239 1892 1311 1937 ἔχων
1334 1897 1443 1932 ἄπεισι,
1469 1896 1515 1925 καὶ
1542 1892 1584 1925 οἶά
1610 1907 1649 1930 τις
1675 1896 1845 1936 στρατιώτης
1874 1899 1907 1928 τὸ

1097 1936 1191 1979 ὅπλον,
1208 1943 1266 1979 μεθ’
1290 1936 1319 1970 06
1345 1941 1512 1970 καταϐάλλει
1537 1940 1582 1970 τὸν
1608 1941 1906 1981 ἀντιστρατευόμενον,

1097 1986 1179 2027 φέρει.
1191 1985 1256 2015 Ὀτι
1272 1985 1299 2014 δὲ
1313 1984 1394 2018 τύπος
1404 1988 1418 2015 6
1428 1985 1527 2016 Ἰσαὰκ
1538 1988 1584 2015 τοῦ
1598 1988 1682 2025 Θεοῦ,
1698 1986 1789 2020 δῆλον.
1802 1985 1906 2017 Ἰσαὰκ

1097 2030 1271 2071 ἑρμηνεύεται
1291 2043 1303 2057 α
1318 2029 1416 2068 γέλως,
1433 2043 1445 2056 ιι
1461 2030 1521 2066 ἤτοι
1543 2044 1555 2057 ι
1570 2030 1654 2070 χαρά.
1674 2041 1689 2060 ι)
1712 2032 1761 2063 Τίς
1775 2027 1823 2060 οὖν
1846 2031 1906 2060 ἄλ-

1097 2076 1140 2109 λος
1153 2074 1225 2115 χαρὰ
1241 2075 1316 2111 ἡμῶν
1334 2074 1456 2114 γέγονεν,
1479 2076 1501 2104 εἰ
1517 2075 1554 2113 μὴ
1579 2077 1592 2104 6
1607 2076 1633 2104 ἐν
1703 2075 1839 2116 συλλήψει
1855 2077 1904 2106 εὖ-

1095 2119 1139 2153 θὺς
1149 2119 1191 2153 τὸ,
1208 2133 1219 2145 ιι
1230 2120 1326 2158 Χαῖρε,
1339 2133 1351 2144 ιο
1366 2118 1409 2148 διὰ
1420 2122 1465 2149 τοῦ
1478 2120 1591 2159 ἀγγέλου
1604 2122 1637 2160 τῇ
1652 2120 1806 2160 ἀνθρωπίνῃ
1822 2121 1906 2161 φύσει

243 2169 338 2193 tamen
350 2165 378 2192 in
400 2164 495 2199 veteri,
506 2165 535 2192 in
551 2165 608 2193 sola
618 2165 761 2194 voluntate
772 2166 861 2195 Patris
871 2175 914 2195 res
929 2167 1004 2195 staba

1144 2162 1276 2200 δεδωκώς
1302 2163 1333 2193 Ἃ
1357 2163 1408 2203 γὰρ
1434 2167 1450 2200 ἡ
1471 2165 1605 2204 Παρθένος
1619 2164 1714 2200 ἤκουεν
1745 2166 1904 2205 εὐαγγέλια,

246 2209 331 2246 ﬁgura
343 2209 417 2238 enim
429 2214 487 2237 erat
504 2218 511 2237 :
526 2209 579 2238 hoc
594 2213 686 2238 autem
697 2210 757 2239 loco
771 2219 853 2247 opere
868 2212 1021 2247 completur
1035 2221 1042 2239 :

247 2254 346 2282 veritas
357 2253 431 2282 enim
452 2258 517 2282 erat.
532 2254 667 2283 Fortassis
683 2256 756 2283 sicut
772 2256 829 2283 illic
849 2257 924 2284 Isaac
944 2255 1044 2284 dimis-

245 2307 292 2327 sus
309 2303 362 2332 est,
379 2302 408 2327 et
427 2307 512 2335 agnus
523 2299 683 2328 immolatus
698 2305 750 2335 est,
768 2300 805 2328 ita
820 2305 844 2328 et
862 2300 915 2328 hoc
928 2299 989 2328 loco
1004 2300 1044 2328 di-

245 2344 311 2372 vina.
337 2348 434 2372 natura
463 2344 636 2380 impassibilis
661 2346 774 2379 mansit,
807 2345 927 2372 humana
953 2349 1044 2373 autem

242 2392 353 2422 natura,
373 2396 435 2425 quas
457 2393 484 2417 et
501 2392 597 2425 Agnus
621 2389 733 2423 dicitur,
749 2389 812 2425 quia
835 2388 903 2417 Adae
921 2389 1044 2418 erratica:

243 2433 304 2462 ovis
318 2433 403 2467 ﬁlius,
417 2433 585 2462 immolatur.
602 2433 749 2468 Quomodo
767 2437 860 2461 autem
872 2433 940 2462 alius
956 2435 1043 2462 Evan-

242 2478 336 2514 gelista
358 2478 424 2506 dicit
452 2478 526 2515 quod
544 2490 556 2503 ι
580 2478 723 2506 Simonem
738 2478 901 2513 compulerit
918 2482 948 2506 ut
960 2477 1044 2507 ferret

242 2524 370 2552 crucem?
403 2534 416 2548 η
446 2524 572 2559 Utraque
597 2521 782 2558 contigerunt,
811 2522 880 2550 etin
908 2523 1039 2560 principio

242 2568 356 2604 quidem
377 2568 514 2595 Dominus
533 2567 591 2602 ipse
610 2573 722 2593 crucem
740 2574 836 2602 gerens
859 2567 954 2603 exivit,
977 2569 1040 2604 quia

240 2612 344 2649 lignum
368 2612 489 2640 maxime
512 2609 695 2638 abominabile
721 2614 789 2645 erat,
816 2615 843 2640 et
868 2619 950 2641 nemo
973 2613 1041 2642 alius

239 2657 375 2692 attingere
398 2655 516 2684 volebat.
538 2655 690 2689 Postquam
714 2659 805 2683 autem
826 2656 975 2693 exiverunt,
991 2658 1040 2687 ob-

276 2719 286 2736 "
298 2721 382 2747 Deut.
393 2725 461 2753 xxi,
474 2719 517 2745 23.
528 2715 616 2744 8Gen.
634 2724 709 2752 xxu,
722 2721 748 2753 3,
759 2721 786 2753 6,
801 2721 827 2747 9.

1099 2212 1172 2238 πᾶσα
1188 2210 1205 2244 ἡ
1222 2208 1298 2248 φύσις
1324 2207 1464 2248 διεδέχετο.
1490 2209 1592 2238 Τούτου
1614 2211 1660 2238 τοῦ
1688 2209 1786 2239 Ἰσαὰκ
1806 2211 1903 2252 πατὴρ

1098 2252 1236 2292 Ἀϐραὰμ,
1249 2254 1263 2282 6
1278 2252 1368 2293 πατὴρ
1382 2254 1490 2283 πολλῶν
1505 2254 1599 2290 ἐθνῶν,
1623 2253 1649 2287 ὃς
1669 2255 1738 2283 ἐστιν
1756 2256 1770 2283 6
1788 2255 1904 2285 πάντων

1098 2297 1180 2332 Θεὸς,
1194 2297 1221 2332 ὃς
1242 2298 1287 2327 καὶ
1309 2297 1445 2327 Ἰουδαίων
1468 2298 1525 2327 ἐστὶ
1553 2298 1651 2338 Πατὴρ
1676 2299 1723 2328 καὶ
1749 2300 1849 2335 ἐθνῶν,
1872 2297 1903 2330 οὗ

1097 2345 1130 2382 τῇ
1156 2341 1261 2383 εὐδοκία
1282 2342 1327 2372 καὶ
1342 2345 1374 2382 τῇ
1403 2343 1485 2382 βουλῇ
1501 2342 1546 2372 τὸν
1569 2343 1683 2382 σταυρὸν
1705 2345 1720 2372 6
1735 2344 1800 2378 Υἱὸς
1816 2346 1903 2375 αὐτοῦ

1099 2388 1236 2427 βαστάζει.
1257 2387 1333 2423 Πλὴν
1346 2388 1371 2416 ἐν
1387 2387 1435 2425 μὲν
1448 2389 1481 2427 τῇ
1499 2389 1609 2427 Παλαιᾷ
1630 2387 1694 2427 ἄχρι
1706 2390 1755 2424 τῆς
1770 2391 1903 2429 προαιρέ-

1097 2444 1163 2466 σεως
1186 2435 1231 2462 τοῦ
1250 2433 1355 2471 [ἰατρὸς
1371 2431 1436 2468 ἔστη
1463 2431 1493 2460 τὸ
1518 2437 1641 2471 πρᾶγμα·
1667 2431 1752 2466 τύπος
1778 2432 1832 2473 γὰρ
1858 2431 1901 2470 ἦν·

1097 2478 1207 2506 ἐνταῦθα
1223 2476 1251 2505 δὲ
1270 2477 1315 2506 καὶ
1338 2478 1373 2510 εἰς
1397 2475 1472 2516 ἔργον
1495 2476 1609 2512 ἐξῆλθεν·
1638 2476 1752 2512 ἀλήθεια
1775 2478 1830 2518 γὰρ
1857 2475 1902 2515 ἦν.

1093 2522 1176 2561 Τάχα
1202 2521 1249 2559 δὲ,
1275 2520 1366 2560 ὥσπερ
1388 2522 1443 2550 ἐκεῖ
1457 2523 1471 2550 6
1486 2520 1585 2551 Ἰσαὰκ
1603 2521 1717 2562 ἀφείθη,
1738 2524 1752 2551 6
1767 2523 1795 2552 δὲ
1813 2524 1901 2560 ἀμνὸς

1094 2566 1182 2601 ἐτύθη⁶
1205 2565 1274 2594 οὕτω
1299 2567 1432 2594 κάνταῦθα
1458 2567 1474 2601 ἡ
1499 2565 1556 2595 θεία
1582 2567 1658 2606 φύσις
1683 2565 1806 2604 ἀπαθὴς,
1823 2569 1855 2597 τὸ
1871 2569 1899 2598 δὲ

1095 2610 1273 2649 ἀνθρώπινον,
1291 2609 1362 2639 ὃκαὶ
1379 2610 1469 2648 Ἀμνὸς
1485 2610 1605 2650 λέγεται,
1625 2611 1662 2645 ὣς
1675 2613 1723 2640 τοῦ
1739 2611 1829 2651 Ἀδὰμ.
1847 2615 1895 2642 τοῦ

1095 2653 1273 2691 πλανηθέντος
1301 2654 1435 2695 προϐάτου
1468 2655 1536 2694 υἱὸς,
1558 2655 1637 2685 τοῦτό
1664 2657 1736 2685 ἐστιν
1763 2655 1779 2685 ὃ
1800 2657 1898 2694 ἐτύθη.

752 2769 795 2797 Ex
818 2770 975 2800 collatione
990 2771 1077 2800 codd.
1100 2771 1204 2802 Venet.
1225 2771 1256 2801 S.
1277 2771 1381 2802 Marci.

279 2827 335 2858 (42)
347 2824 416 2853 Cod.
430 2826 475 2858 26,
491 2823 631 2858 παρέδωκεν
643 2823 715 2852 αὐτὸν
730 2825 812 2858 αἰετοῖς
825 2827 868 2853 ἵνα
882 2829 1022 2864 σταυρωθῇ,
1039 2827 1053 2854 6
1066 2827 1186 2862 ἀνόητος,
1200 2839 1223 2856 κ.
1238 2838 1259 2856 τ.
1276 2829 1302 2855 λ.
