1927 3076
53 148 117 174 273

481 146 674 175 ENARRATIO
694 147 727 174 IN
747 146 961 175 EVANGELIUM
979 147 1127 176 JOANNIS.
1148 163 1184 169 —
1202 148 1276 176 CAP.
1297 149 1360 177 XIX.

1667 151 1720 179 274

57 210 131 242 Πῶς
145 207 174 238 δὲ
190 209 270 242 ἄλλος
284 208 473 248 εὖαγγιλιστής
485 220 564 248 φησιν
573 233 581 246 ,
595 209 635 238 ὅτι
649 224 662 236 ι
679 209 732 240 Τὸν
751 209 855 248 Σίμωνα

920 210 990 238 viam
1005 214 1137 238 venerunt
1158 210 1273 244 Simoni,
1293 211 1410 239 venienti
1423 219 1455 240 ex
1473 219 1550 247 agro,
1571 216 1597 240 et
1618 212 1656 241 ita
1669 213 1720 242 im-

56 253 254 292 ἦγγᾶρευσαν,
270 252 313 282 ἵνα
331 253 383 294 ἄρῃ
401 253 445 283 τὸν
463 254 592 294 σταυρόν;
614 267 626 280 ι
639 253 705 284 Ὀτι
727 255 864 294 ἀμφότερα

56 299 197 337 ἐγένοντο.
224 297 279 328 Καὶ
305 298 356 337 γὰρ
387 299 414 327 ἐν
444 299 515 340 aiax-ﬁ
549 299 597 336 μὲν
630 299 707 332 αὐτὸς
731 301 744 328 ὃ
768 299 865 340 Κύριος

59 343 208 382 βαστάζων
224 345 314 372 τοῦτον
329 342 448 379 ἐξῆλθεν,
461 339 503 372 οἶα
520 343 626 372 πάντων
642 344 863 384 ἀποτρεπομένων

57 387 96 417 τὸ
111 387 204 424 Ξύλον,
219 387 265 416 καὶ
287 387 353 426 μηδὲ
374 387 454 426 θίγειν
469 388 549 418 αὖτοῢ
565 388 722 428 δεχομένων.
739 388 819 419 Ἐπεὶ
836 389 863 418 δὲ

57 431 192 468 ἐξῆλθον,
228 432 400 469 ἀπήντησαν,
435 433 515 472 φησὶ,
546 433 649 471 Σίμωνι
679 434 813 474 ἐρχομένῳ
838 433 864 468 ἐξ

59 479 163 516 ἀγροῦ,
178 477 224 506 καὶ
246 476 327 511 οὕτως
342 477 474 513 ἐπέθηκαν
491 477 576 518 τούτῳ
594 478 622 508 τὸ
640 477 725 512 ξύλον.
746 479 863 518 Κρανίου

58 521 91 550 δὲ
114 521 195 551 τόπον
220 521 308 560 ἔλεγον
328 522 371 550 τὸν
386 521 477 551 τόπον.
498 522 550 552 Καὶ
565 521 617 562 γὰρ
631 522 707 561 λόγος
722 528 844 563 κατεῖχεν
855 546 863 559 ,

56 566 102 594 δτι
131 567 186 595 ἐκεῖ
211 566 340 595 τέθαπται
355 567 370 595 ὁ
392 566 490 604 Ἀδὰμ,
516 566 558 596 ἵνα
587 566 653 596 ὅπου
676 569 692 603 ἡ
723 568 793 606 ἀρχὴ
817 571 862 597 τοῦ

58 610 197 646 θανάτου,
212 611 268 640 ἐκεῖ
278 611 324 640 καὶ
338 613 355 646 ἡ
372 612 470 643 πτῶσις
486 611 563 641 αὐτοῦ
575 611 694 650 γένηται.
713 612 864 651 Παράδοσις

58 656 114 696 γὰρ
139 655 347 691 ἐκκλησιαστική
371 656 456 691 ἐστιν,
477 656 517 684 ὅτι
536 656 630 695 πρώτη
653 657 767 687 Ἰουδαία
792 657 860 695 μετὶ

58 700 91 729 τὸ
110 699 274 736 ἐκϐληθῆναι
307 700 351 729 τὸν
382 699 520 739 ἄνθρωπον
551 702 581 730 ἐκ
608 703 653 730 τοῦ
683 702 862 741 παραδείσου,

56 745 189 785 οἰκήτορα
205 744 282 785 ἔσχεν
297 745 333 779 εἰς
348 745 516 784 παραμυθίαν
538 747 589 774 τῶν
608 747 634 775 ἐν
652 747 689 786 τῷ
706 746 861 787 παραδείσῳ

58 791 170 825 καλῶν,
191 790 294 820 δοθεῖσα
315 790 404 829 αὐτῷ,
427 792 462 823 ὡς
477 791 528 818 τῶν
549 790 637 819 ἄλλων
652 792 745 820 πασῶν
765 793 860 830 χωρῶν

58 835 192 873 κρείττων
215 834 259 864 καὶ
284 833 369 864 πίων·
393 834 497 864 διὸκαὶ
522 834 616 874 πρώτη
641 836 730 875 νεκρὸν
757 836 862 870 ἐδέξατο

59 880 212 919 ἄνθρωπον.
235 880 271 910 Οἱ
293 878 380 908 τοίνυν
399 879 457 908 τότε
479 878 627 919 ἄνθρωποι,
653 883 743 919 θαῦμα
771 881 861 910 ποιού-
877 867 901 898 Β

59 936 138 962 μενοι
170 924 259 963 νεκρὸν
285 923 405 963 κρανίον,
429 926 476 953 τοῦ
504 924 631 964 δέρματος
662 927 734 965 αὐτῷ
764 928 860 966 περιῤ-

58 969 183 1009 ῥυέντος,
199 969 226 997 ἐν
244 967 317 1008 τόπῳ
336 968 524 1007 καταθέμενοι,
548 969 597 998 ἀπ’
618 971 698 999 αὐτοῦ
720 970 763 1000 τὸν
779 971 860 1000 τόπον

57 1013 222 1051 ὠνόμασαν,
240 1012 284 1042 καὶ
305 1012 372 1051 μετὰ
391 1012 434 1042 τὸν
453 1014 642 1052 κατακλυσμὸν
660 1014 711 1044 ὕπὸ
731 1017 777 1044 τοῦ
797 1016 859 1044 Νῶε

57 1058 228 1088 διαδεδόσθαι
243 1059 291 1094 τὴν
306 1057 396 1098 φήμην
411 1059 447 1092 εἷς
465 1059 578 1091 πάντας·
596 1058 635 1088 διὸ
651 1059 697 1088 καὶ
716 1061 730 1089 ὁ
743 1059 858 1099 Κύριος,

57 1102 125 1132 ἔνθα
137 1105 155 1139 ἡ
171 1102 245 1142 πηγὴ
261 1104 307 1132 τοῦ
323 1102 451 1140 θανᾶτου,
466 1103 521 1132 ἐκεῖ
533 1105 708 1143 Θανατοῦται,
734 1103 776 1133 ἵνα
795 1104 860 1133 ταύ-

57 1159 110 1183 την
125 1147 236 1187 ξηρᾶνῃ.
259 1148 410 1187 Σταυροῢσι
425 1147 452 1177 δὲ
465 1148 511 1177 καὶ
523 1148 617 1182 ἄλλους
631 1147 676 1177 δύο
691 1149 748 1186 μετ’
765 1149 859 1179 αὐτοῦ·

58 1192 138 1221 αὐτοὶ
163 1192 210 1230 μὲν
230 1192 347 1231 πονηρὰν
369 1191 444 1226 δόξαν
467 1194 610 1232 περιθεῖναι
632 1193 804 1232 βουλόμενοι,
825 1195 860 1228 ὡς

57 1237 150 1276 λῃστῇ
175 1236 221 1266 καὶ
246 1237 317 1276 αὐτῷ
333 1235 406 1273 ὄντι,
428 1236 496 1273 πλὴν
518 1238 680 1278 προφητείαν
701 1240 750 1267 κᾶν
774 1238 858 1279 τούτῳ

55 1281 106 1310 καὶ
123 1283 161 1318 μὴ
186 1281 338 1320 βουλόμενοι
360 1282 507 1321 πληροῦσι,
526 1281 586 1318 τὴν,
610 1282 650 1312 δτι
667 1296 678 1307 -
709 1282 762 1313 Καὶ
791 1282 858 1320 μετὰ

58 1325 169 1364 ἀνόμων
194 1326 323 1365 ἐλογίσθη.
348 1340 359 1352 ιι
381 1325 452 1366 Ὅρα
474 1326 501 1355 δὲ
523 1326 570 1362 τὴν
590 1329 636 1356 τοῦ
657 1328 728 1357 Θεοῦ
749 1328 858 1368 σοφίαν,

56 1372 116 1404 πῶς
132 1370 178 1400 καὶ
191 1373 283 1407 τοῦτο,
300 1370 313 1399 δ
328 1371 369 1411 ἐφ’
383 1370 457 1410 ὕϐρει
471 1374 516 1401 τοῦ
532 1371 630 1410 Κυρίου
646 1371 750 1401 ἐποίουν
769 1372 858 1408 αὐτοὶ,

60 1416 97 1448 εἰς
118 1415 195 1449 δόξαν
216 1415 304 1452 ἀπέϐη
321 1417 410 1447 αὐτοῦ,
433 1416 488 1445 Καὶ
502 1415 553 1455 γὰρ
569 1417 595 1445 ἐν
611 1417 683 1457 αὐτῷ
698 1419 735 1456 τῷ
751 1418 858 1458 σταυρῷ

919 259 1070 291 posuerunt
1079 255 1103 283 ei
1113 255 1227 291 lignum.
1243 256 1328 284 Porro
1337 255 1467 284 Calvariaa
1481 255 1573 285 locum
1582 256 1718 293 dicebant,

917 299 988 328 sicut
1001 300 1120 328 narratio
1137 300 1237 336 prodit,
1247 299 1323 336 quod
1339 300 1393 328 illic
1412 300 1535 336 sepultus
1554 300 1590 329 sit
1601 302 1689 331 Adam
1709 314 1716 332 :

919 348 950 372 ut
963 344 1010 372 ubi
1029 344 1191 380 principium
1213 344 1323 379 mortis,
1339 344 1392 372 illic
1412 348 1441 373 et
1455 353 1533 373 casus
1548 345 1609 381 ejus
1628 347 1717 376 ﬁeret.

918 389 1042 417 Traditio
1060 389 1133 417 enim
1154 389 1335 418 ecclesiastica
1354 393 1404 423 est,
1429 389 1492 426 quia
1517 389 1592 426 prior
1612 390 1717 427 Iudaea,

918 438 1063 470 postquam
1078 433 1178 470 ejectus
1192 433 1242 462 fuit
1253 433 1337 462 homo
1348 441 1381 462 ex
1391 433 1532 470 paradiso,
1545 434 1717 464 domicilium

918 479 955 507 ibi
972 480 1067 508 habuit
1080 479 1106 508 in
1132 480 1258 508 solatium
1285 479 1424 508 bonorum
1442 487 1504 516 quae
1531 479 1557 507 in
1582 480 1716 516 paradiso.

917 524 981 552 data
991 525 1016 552 ei
1026 529 1098 552 terra
1121 524 1165 553 illa
1180 532 1241 560 quas
1260 524 1388 553 omnium
1404 524 1518 552 aliarum
1529 524 1634 560 optima
1647 529 1718 553 esset

918 573 946 597 et
961 569 1141 605 pinguissima
1156 577 1162 596 :
1175 573 1318 605 propterea
1331 572 1358 597 et
1370 569 1458 605 prima
1472 573 1613 598 mortuum
1626 577 1716 598 susce-

918 614 957 649 pit
968 613 1120 642 hominem.
1134 613 1270 642 Homines
1283 613 1369 650 igitur
1378 614 1423 648 qui
1435 617 1502 642 tunc
1511 617 1599 648 erant,
1612 613 1716 642 habue-

917 662 981 686 runt
1001 666 1050 695 pro
1065 658 1197 687 miraculo
1224 658 1327 686 mortui
1347 658 1492 686 calvariam
1510 657 1666 694 depilatam,
1688 659 1716 687 in

917 703 978 731 loco
988 703 1034 731 illo
1049 703 1212 737 habitantes,
1226 703 1290 731 inde
1302 711 1366 731 eum
1376 703 1596 737 nominaverunt,
1614 707 1641 731 et
1655 707 1717 740 post

916 747 1048 776 diluvium
1067 747 1137 776 fama
1170 748 1251 784 751
1273 747 1333 776 haec
1361 755 1376 775 a
1409 749 1469 776 Noe
1487 748 1514 775 in
1545 755 1642 776 omnes
1669 747 1713 776 di-

917 793 1023 829 vulgata
1037 797 1088 821 est.
1111 793 1193 822 Unde
1208 797 1235 821 et
1251 793 1387 821 Dominus
1400 793 1446 821 ubi
1462 792 1522 821 fons
1541 793 1648 827 mortis,
1663 792 1717 820 illic

917 837 1045 872 moritur,
1057 841 1088 865 ut
1099 837 1176 866 illum
1189 838 1283 866 siccet.
1299 849 1312 862 α
1322 837 1492 874 Cruciﬁgunt
1504 842 1595 866 autem
1609 841 1635 866 et
1646 837 1716 866 duos

916 882 986 910 alios
998 891 1062 910 cum
1074 890 1115 910 eo.
1132 894 1144 906 ι
1162 883 1215 918 lpsi
1233 883 1343 919 quidem
1360 890 1407 918 per
1419 882 1472 910 hoc
1487 882 1619 910 infamare
1629 883 1716 918 magis

915 934 979 954 eum
996 927 1127 960 volentes,
1142 927 1220 963 quasi
1232 931 1261 955 et
1277 928 1334 963 ipse
1343 927 1410 955 latro
1422 931 1502 954 esset.
1515 928 1715 955 Verumtamen

916 975 944 999 et
962 971 1012 1007 ipsi
1033 971 1206 1007 prophetiam
1229 972 1257 999 in
1280 971 1332 999 hoc
1358 971 1531 999 involuntarii
1552 971 1714 1007 replerunt:

915 1024 1014 1052 nempe
1037 1015 1111 1052 quod
1129 1028 1141 1040 ι
1157 1017 1227 1044 Cum
1248 1016 1340 1052 impiis
1354 1019 1496 1052 reputatus
1517 1015 1592 1044 est’.
1612 1027 1625 1040 η
1644 1016 1714 1044 Vide

914 1065 1009 1089 autem
1019 1065 1047 1089 et
1060 1061 1172 1089 Domini
1186 1061 1359 1097 sapientiam,
1373 1063 1513 1096 quomodo
1532 1065 1560 1088 et
1571 1060 1624 1088 hoc
1641 1060 1714 1097 quod

915 1104 1049 1133 faciebant
1063 1106 1090 1133 in
1105 1105 1233 1141 injuriam
1254 1105 1339 1141 ipsius
1351 1105 1470 1138 Domini,
1486 1105 1514 1132 in
1529 1105 1643 1141 gloriam
1656 1105 1715 1141 ejus

913 1150 1015 1178 evenit.
1028 1151 1098 1178 Nam
1111 1154 1138 1178 et
1149 1150 1176 1178 in
1192 1150 1249 1186 ipsa
1261 1157 1341 1178 cruce
1355 1149 1491 1177 latronem
1504 1149 1626 1183 salvavit,
1640 1149 1714 1186 quod

913 1194 988 1222 nullo
1009 1194 1141 1223 miraculo
1155 1195 1247 1222 minus
1260 1198 1311 1228 est,
1331 1198 1358 1222 et
1373 1202 1407 1222 ex
1430 1195 1482 1222 hoc
1501 1194 1588 1230 magis
1603 1199 1715 1230 apparet

914 1240 999 1272 Deus,
1017 1239 1090 1275 quod
1106 1240 1163 1276 ipse
1177 1239 1252 1267 solus
1276 1239 1457 1275 gloriﬁcatur,
1477 1239 1603 1275 quamvis
1617 1243 1645 1267 et
1666 1239 1712 1267 alii

912 1283 996 1311 simul
1019 1283 1143 1312 cruciﬁxi
1161 1285 1239 1312 sint:
1256 1283 1283 1312 id
1309 1283 1384 1320 quod
1404 1291 1459 1311 non
1476 1283 1571 1312 fuisset
1594 1283 1710 1317 factum,

913 1328 965 1356 nisi
992 1329 1120 1356 innoxius
1136 1328 1245 1363 fuisset,
1259 1333 1287 1357 et
1309 1336 1365 1356 non
1390 1331 1437 1362 (ut
1459 1329 1498 1356 sic
1518 1328 1624 1362 dicam)
1648 1329 1713 1365 legis

913 1373 1118 1409 praevaricator,
1132 1373 1180 1402 sed
1196 1377 1223 1402 et
1237 1381 1319 1410 supra
1333 1379 1444 1401 omnem
1454 1373 1553 1409 legem,
1569 1377 1596 1401 et
1608 1380 1712 1409 prava-

913 1418 1064 1446 ricatorum
1081 1418 1177 1454 iudex.

58 1460 165 1498 λῃστὴν
188 1460 299 1497 ἔσωσεν,
323 1460 387 1500 ὅπερ
409 1460 510 1494 οὐδενὸς
533 1457 611 1496 ἧττον
633 1464 736 1499 θαῦμα,
761 1464 806 1491 καὶ
827 1463 857 1492 ἐκ
879 1462 973 1492 τούτου
997 1463 1117 1502 φαίνεται
1143 1464 1244 1502 μᾶλλον
1269 1462 1351 1500 Θεὸς,
1368 1464 1398 1492 ἐκ
1413 1465 1458 1492 τοῦ
1475 1463 1553 1502 μόνος
1575 1463 1653 1497 αὐτὸς
1668 1464 1712 1494 δο-

59 1505 200 1541 ξάζεσθαι,
223 1505 309 1534 καίτοι
337 1505 383 1535 καὶ
409 1505 495 1534 ἄλλων
520 1505 771 1545 συσταυρωθέντων·
797 1507 862 1547 ὅπερ
887 1508 934 1537 οὖιι
952 1507 984 1537 ἂν
1003 1508 1134 1548 ἐγεγόνει,
1151 1509 1173 1537 εἷ
1188 1507 1227 1547 μὴ
1248 1507 1363 1542 ἀναίτιος
1387 1504 1433 1545 ἦν,
1448 1508 1493 1538 καὶ
1509 1509 1559 1548 αὖχ
1580 1508 1650 1543 ὅπως
1675 1509 1712 1539 εἰ·

58 1550 120 1579 πεῖν
142 1550 251 1588 ἄνομος,
270 1550 339 1579 ἀλλὰ
360 1550 404 1579 καὶ
426 1550 524 1583 παντὸς
548 1550 628 1588 νόμου
650 1551 787 1587 ἐπέκεινα,
809 1552 921 1581 καὶτῶν
941 1552 1047 1591 ἀνόμων
1061 1553 1162 1592 κριτής.

102 1608 114 1620 ι
136 1593 148 1604 ⁷
161 1596 270 1635 Εγραψε
285 1594 313 1624 δὲ
337 1594 383 1623 καὶ
401 1595 488 1624 τῖτλον
503 1597 517 1625 ὁ
543 1595 673 1634 Πιλᾶτος,
697 1595 742 1625 καὶ
764 1595 855 1632 ἔθηκεν

946 1598 1041 1626 Vsus.
1060 1601 1150 1626 19~22.
1165 1610 1177 1622 ιι
1189 1597 1303 1634 Scripsit
1320 1601 1412 1626 autem
1427 1601 1455 1626 et
1469 1597 1579 1626 titulum
1592 1597 1710 1633 Pilatus,

58 1639 105 1668 ἐπὶ
129 1642 174 1669 τοῦ
198 1634 324 1678 σταυροῦ·
354 1634 386 1674 ἦν
422 1638 449 1668 δὲ
483 1639 673 1679 γεγραμμένον·
708 1640 811 1675 Ἰησοῦς
843 1642 857 1670 ὁ

58 1683 230 1723 Ναζωραῖος,
254 1685 268 1712 ὁ
295 1683 417 1723 βασιλεὺς
441 1685 492 1712 τῶν
516 1684 661 1714 Ἰουδαίων.
685 1685 786 1714 Τοῦτον
813 1681 857 1714 οὖν

58 1727 104 1757 τὸν
135 1729 221 1758 τῖτλον
251 1729 344 1758 πολλοὶ
372 1728 524 1768 ἀνέγνωσαν
553 1730 605 1758 τῶν
635 1729 786 1766 Ἰουδαίων,
818 1729 858 1759 ὅτι

58 1772 137 1811 ἐγγὺς
171 1769 202 1808 ἦν
222 1775 235 1802 ὁ
254 1773 332 1806 τόπος
357 1775 404 1809 τῆς
428 1773 545 1808 πόλεως,
577 1773 642 1804 ὅπου
672 1774 825 1813 ἐσταυρώθη
843 1775 857 1804 ὁ

56 1817 173 1852 Ἰησοῦς.
191 1817 243 1847 Καὶ
258 1813 290 1852 ἦν
307 1818 488 1857 γεγραμμένον
506 1817 666 1858 Ἐϐραϊστὶ,
684 1817 855 1855 Ἑλληνιστὶ,

56 1862 221 1900 Ῥωμαϊστί.
252 1861 366 1901 Ἔλεγον
390 1858 435 1892 οὖν
463 1865 501 1902 τῷ
529 1862 640 1903 Πιλάτῳ
672 1864 695 1892 οἱ
724 1865 858 1903 ἀρχιερεῖς

59 1908 112 1936 τῶν
135 1906 285 1937 Ἰουδαίων·
313 1906 360 1942 Μὴ
377 1907 472 1947 γράφε·
501 1906 536 1937 Ὁ
564 1907 687 1946 βασιλεὺς
711 1909 762 1936 τῶν
785 1909 854 1938 Ἰου-

59 1952 156 1988 δαίων,
184 1951 243 1981 ἀλλ’
270 1951 309 1980 ὅτι
340 1952 437 1985 ἐκεῖνος
459 1947 528 1981 εἷπε·
558 1953 690 1986 Βασιλεύς
717 1953 771 1989 εἰμι
804 1955 857 1982 τῶν

60 1996 211 2026 Ἰουδαίων.
245 1995 383 2036 Ἀπεκρίθη
421 1999 436 2026 ὁ
476 1996 605 2030 Πιλάτος·
638 1996 676 2027 ⁶Ο
717 1997 854 2038 γέγραφα,

58 2040 191 2082 γέγραφα.
224 2055 234 2066 ιι
262 2041 362 2082 Γράφει
387 2041 432 2071 καὶ
456 2042 543 2070 τῖτλον
567 2043 580 2071 ὁ
603 2042 719 2075 Πιλάτος
745 2042 788 2071 ἐπὶ
808 2044 856 2071 τοῦ

59 2089 192 2125 σταυροῦ,
228 2085 361 2115 τουτέστιν
399 2085 500 2122 αἰτίαν,
534 2086 579 2115 καὶ
614 2086 778 2127 ἐπιγραφὴν,
810 2087 855 2116 καὶ

59 2131 189 2166 δήλωσιν·
205 2133 287 2160 ταῦτα
303 2130 353 2171 γὰρ
369 2130 544 2170 ἑρμηνεύεται
557 2132 571 2160 ὁ
586 2131 682 2164 τῗτλος.
706 2131 855 2166 Ἐδηλοῦτο

59 2175 86 2204 δὲ
102 2175 146 2205 διὰ
171 2177 216 2204 τοῦ
245 2175 348 2212 τίτλου,
377 2175 444 2209 τίνος
473 2175 543 2204 ἐστὶν
570 2176 584 2204 ὃ
605 2176 727 2216 σταυρός.
756 2176 854 2216 Γράφει

912 1645 940 1670 et
964 1642 1056 1678 posuit
1087 1651 1170 1678 super
1193 1651 1314 1670 crucem.
1336 1643 1402 1670 Erat
1424 1646 1518 1670 autem
1545 1643 1676 1679 scriptum
1701 1652 1708 1672 :

911 1688 992 1714 Jesus
1015 1688 1181 1721 Nazarenus,
1206 1695 1254 1715 rex
1268 1687 1434 1715 indecorum.
1455 1688 1537 1715 Hunc
1561 1695 1626 1723 ergo
1641 1687 1709 1716 titu-

912 1731 969 1759 lum
985 1732 1063 1759 multi
1075 1731 1237 1760 Iudaeorum
1252 1731 1386 1768 legerunt,
1400 1731 1465 1768 quia
1478 1739 1562 1768 prope
1572 1732 1707 1761 civitatem

911 1780 971 1804 erat
992 1776 1068 1804 locus
1090 1777 1135 1804 ubi
1160 1776 1304 1804 cruciﬁxus
1330 1781 1372 1804 est
1390 1777 1480 1804 Jesus.
1505 1777 1539 1804 Et
1564 1781 1623 1804 erat
1641 1777 1709 1806 scri-

912 1825 991 1856 ptum
1008 1821 1152 1851 chraice,
1169 1825 1196 1849 et
1207 1822 1313 1854 Graece,
1330 1825 1358 1849 et
1375 1821 1480 1848 Latine.
1501 1821 1631 1849 Dicebant
1645 1829 1710 1858 ergo

913 1865 999 1894 Pilato
1025 1865 1166 1901 pontiﬁces
1193 1865 1355 1894 Iudaeorum
1378 1875 1384 1892 :
1406 1865 1468 1892 Noli
1498 1865 1628 1900 scribere,
1650 1867 1709 1894 Rex

911 1909 1083 1944 Judaeorum,
1098 1909 1146 1938 sed
1159 1909 1233 1946 quod
1252 1909 1296 1937 ille
1313 1909 1412 1937 dixerit
1428 1919 1434 1937 :
1450 1911 1508 1937 Rex
1524 1917 1586 1938 sum
1597 1909 1708 1938 Iudaeo-

911 1963 981 1982 rum.
1004 1954 1157 1991 Respondit
1178 1955 1281 1982 Pilatus
1305 1964 1312 1983 :
1334 1953 1417 1990 Quod
1440 1953 1546 1990 scripsi,
1570 1954 1673 1990 scripsi.
1695 1967 1708 1980 ι

911 1999 1012 2028 Scribit
1031 2003 1060 2027 et
1081 1999 1191 2027 titulum
1213 1999 1315 2027 Pilatus
1336 2007 1418 2035 super
1440 2006 1560 2033 crucem,
1582 1999 1634 2027 hoc
1657 2003 1708 2034 est,

911 2052 1021 2072 causam
1050 2048 1079 2072 et
1104 2043 1354 2072 manifestationem
1378 2048 1406 2072 et
1425 2043 1639 2080 inscriptionem.
1668 2044 1708 2072 Ita

911 2089 985 2117 enim
1011 2089 1223 2125 interpretamur
1248 2089 1368 2117 titulum.
1387 2088 1597 2125 Signiﬁcabatur
1615 2093 1708 2118 autem

912 2142 959 2169 per
972 2134 1091 2167 titulum,
1104 2134 1182 2170 cujus
1196 2138 1268 2162 esset
1285 2142 1362 2162 crux.
1383 2134 1522 2162 Caeterum
1538 2133 1632 2162 scribit
1645 2135 1709 2162 titu-

911 2179 979 2210 lum,
1006 2178 1105 2214 partim
1127 2178 1261 2208 ulciscens
1279 2186 1308 2207 se
1323 2178 1357 2207 de
1375 2178 1478 2207 Judaais
1496 2182 1528 2206 ut
1541 2178 1593 2206 sibi
1612 2178 1709 2207 inobe-

59 2215 103 2249 οἷν
122 2219 167 2249 τὸν
188 2221 288 2256 τῖτλον,
305 2220 361 2259 ἅμα
378 2220 426 2258 μὲν
445 2220 607 2258 ἀμυνόμενος
626 2220 685 2254 τοὺς
700 2220 855 2256 Ἰουδαίους,

913 2223 1058 2257 aientibus,
1081 2227 1109 2251 et
1131 2223 1276 2251 ostendens
1292 2223 1423 2251 malitiam
1444 2231 1552 2257 eorum,
1573 2223 1646 2259 quod
1664 2223 1709 2251 in-

59 2266 93 2298 ὡς
117 2264 340 2302 παρακούσαντας
365 2265 459 2301 αὐτοῦ,
485 2264 531 2293 καὶ
561 2264 661 2299 δεικνὺς
686 2264 734 2300 τὴν
760 2265 854 2294 κακίαν

59 2311 165 2345 αὐτῶν,
186 2310 226 2338 ὅτι
250 2311 287 2349 τῷ
307 2309 395 2349 οἰκείῳ
415 2311 519 2348 βασιλεῖ
537 2309 735 2346 ἐπανέστησαν·
755 2309 811 2348 ἅμα
828 2310 854 2339 δὲ

58 2354 102 2383 καὶ
139 2353 415 2394 ὓπεραπολογοόμενος
451 2356 498 2390 τῆς
529 2354 603 2391 δόξης
639 2357 684 2384 τοῦ
725 2355 851 2395 Χριστοῦ.

59 2399 138 2429 Ἐπεὶ
158 2399 209 2437 γὰρ
234 2399 327 2428 ἐκεῖνοι
351 2398 418 2437 μετὰ
439 2400 545 2438 λῃστῶν
568 2398 646 2428 αὐτὸν
668 2399 855 2438 ἐσταύρωσαν,

58 2445 262 2485 καταῤῥυπᾶναι
275 2444 305 2473 τὸ
319 2443 402 2482 ὄνομα
423 2445 504 2485 ante?»
520 2443 690 2483 βουλόμενοι,
711 2446 725 2473 ὁ
742 2444 857 2478 Πιλάτος

58 2489 203 2524 δείκνυσιν,
216 2488 255 2518 ὅτι
274 2489 302 2518 οὗ
323 2488 422 2528 λῃστὴς
441 2484 490 2527 ἦν,
513 2488 581 2518 ἀλλὰ
607 2487 730 2528 βασιλεὺς
757 2490 856 2524 αὐτῶν,

58 2534 104 2562 καὶ
123 2537 200 2563 τοῦτο
221 2534 250 2561 οὖ
273 2537 322 2573 μιᾷ
345 2533 465 2572 γλώττῃ,
490 2533 558 2563 ἀλλὰ
582 2533 653 2573 τρισὶ
671 2534 750 2570 δῆλον
771 2535 853 2564 ποιεῖ.

60 2578 137 2611 Εἰκὸς
158 2577 208 2617 γὰρ
228 2573 260 2614 ἦν
279 2577 393 2612 πολλοὺς
414 2578 457 2607 διὰ
481 2577 528 2613 τὴν
552 2577 645 2618 ἑορτὴν
670 2580 855 2618 ἀναμεμῖχθαι

58 2626 112 2658 τοῖς
136 2622 273 2656 Ἰουδαίοις
299 2622 450 2658 υΕλληνας·
486 2624 521 2656 ὡς
549 2623 595 2652 καὶ
620 2624 634 2651 ὁ
665 2623 855 2664 εὖαγγελιστὴς

60 2667 183 2708 ἀνωτέρω
201 2666 302 2701 ἐδίδαξε
322 2667 384 2707 περί
405 2679 482 2697 τινων
507 2667 644 2708 Ἑλλήνων
665 2670 717 2697 τῶν
745 2668 789 2698 καὶ
814 2668 858 2698 τὸν

59 2713 165 2750 Ἰησοῦν
192 2713 320 2742 ἐλθόντων
355 2713 428 2742 ἰδεῖν.
450 2712 512 2741 Ἵνα
539 2707 583 2742 οὖν
609 2712 706 2747 πάντες
736 2712 859 2752 ἐπιγινώ-

91 2793 102 2810 ⁹
117 2794 159 2822 lsa
177 2800 229 2825 ιιι,
245 2796 287 2821 12.
327 2793 349 2811 ιο
359 2794 440 2822 Joan.
457 2801 516 2828 xn,
531 2797 558 2822 9.

910 2267 1078 2296 surrexerint
1100 2272 1195 2296 contra
1222 2269 1365 2304 proprium
1392 2276 1486 2304 regem
1510 2277 1516 2295 :
1550 2268 1649 2304 partim
1681 2273 1709 2296 et

909 2313 1026 2348 gloriam
1051 2312 1151 2340 Christi
1177 2311 1337 2340 defendens.
1352 2313 1422 2347 Quia
1441 2313 1515 2340 enim
1536 2313 1614 2340 illum
1645 2321 1708 2341 cum

911 2357 1062 2385 latronibus
1078 2357 1284 2391 cruciﬁxerunt,
1307 2356 1483 2393 coinquinare
1497 2365 1599 2385 nomen
1614 2357 1709 2386 volen-

910 2406 961 2436 tes,
982 2402 1084 2430 Pilatus
1098 2402 1216 2430 ostendit
1230 2401 1303 2438 quod
1319 2409 1374 2429 non
1397 2401 1478 2429 fuerit
1497 2402 1576 2436 latro,
1594 2401 1642 2430 sed
1661 2410 1709 2430 rex

911 2455 1007 2475 eorum
1037 2457 1043 2474 :
1063 2450 1088 2474 et
1110 2446 1163 2474 hoc
1178 2455 1234 2475 non
1248 2454 1316 2480 una,
1330 2446 1377 2474 sed
1395 2446 1481 2474 tribus
1500 2447 1599 2482 linguis
1620 2448 1708 2475 mani-

911 2491 1001 2520 festat.
1014 2491 1171 2520 Verisimile
1184 2491 1261 2520 enim
1276 2495 1335 2519 erat
1350 2491 1452 2519 multos
1468 2491 1584 2528 gentiles
1598 2495 1709 2528 propter

909 2536 1011 2565 festum
1027 2536 1233 2564 commiscuisse
1248 2544 1277 2564 se
1301 2535 1413 2569 Judmis,
1440 2536 1510 2564 sicut
1537 2539 1564 2564 et
1591 2544 1710 2572 evange-

910 2581 970 2609 lista
995 2581 1121 2617 superius
1141 2580 1237 2610 docuit
1251 2580 1285 2609 de
1307 2581 1472 2616 quibusdam
1494 2580 1642 2617 gentilibus
1662 2581 1709 2616 qui

911 2626 1001 2654 videre
1014 2626 1143 2654 volebant
1156 2627 1251 2654 Jesum
1270 2625 1301 2653 ιο.
1314 2627 1355 2654 Ut
1372 2625 1454 2662 igitur
1465 2633 1562 2654 omnes
1576 2632 1710 2662 agnosce-

913 2675 984 2706 rent,
1006 2670 1130 2699 omnium
1163 2671 1274 2699 vocibus
1294 2669 1459 2699 Judaeorum
1481 2670 1617 2698 insaniam
1639 2667 1708 2696 infa-

914 2715 1007 2744 mavit.
1031 2718 1069 2744 At
1093 2715 1129 2744 illi
1151 2716 1236 2744 etiam
1260 2715 1390 2744 crnciﬁxo
1406 2715 1573 2744 invidebant.
1596 2715 1631 2742 Et
1645 2711 1711 2749 quid
