1927 3076
235 177 288 204 275

731 170 987 200 THEOPHYLACTI
1005 169 1185 199 BULGARIE
1203 170 1360 200 ARCHIEP.

1834 171 1882 198 276

234 238 344 267 dicunt?
361 249 375 263 ι
389 236 491 272 Scribe,
506 235 580 272 quod
590 235 635 264 ille
644 234 753 264 dixerit.
769 244 784 262 io
798 236 869 264 Nam
880 242 954 262 nunc
972 233 1028 270 qui-

1088 245 1191 271 σκωσι,
1216 237 1274 268 ταῖς
1298 237 1397 276 φωναῖς
1417 233 1535 268 ἁπάσαις
1559 233 1607 270 τὴν
1627 232 1766 264 Ἰουδαίων
1788 233 1882 272 μανίαν

233 283 296 312 dem
322 282 481 311 communis
511 281 645 309 sententia
674 280 835 309 Iudaeorum
859 283 980 315 apparet.
1002 279 1032 307 Si

233 333 326 357 autem
346 327 502 364 appositum
518 326 625 360 fuisset,
647 325 720 362 quod
736 325 791 361 ipse
816 324 916 353 dixerit
935 332 964 352 se
987 331 1031 352 re-

234 381 307 409 gem,
321 373 410 400 visum
424 372 522 400 fuisset
532 371 638 399 crimen
650 370 814 398 temeritatis
828 374 855 398 et
868 370 1032 406 arrogantia:

234 418 316 445 illius.
341 416 394 444 Sed
416 417 519 444 Pilatus
541 423 596 444 non
616 415 826 452 obtemperavit,
851 419 879 442 et
902 414 930 442 in
949 414 1031 450 priori

235 462 311 490 stetit
332 461 464 490 sententia
501 471 508 490 :
544 460 605 488 ideo
626 460 690 488 dicit
724 468 767 487 τι
806 459 887 494 Quod
922 459 1030 494 scripsi,

236 506 343 542 scripsi.
360 517 373 530 υ
394 506 533 534 Caeterum
547 508 574 532 et
593 504 666 532 aliud
679 512 811 540 maguum
825 503 956 540 quiddam
975 504 1030 532 dis-

236 555 367 587 pensatur
383 560 390 579 :
409 551 472 586 quia
487 549 613 578 futurum
626 553 686 577 erat
706 553 737 577 ut
747 553 804 577 tres
818 556 913 576 cruces
934 549 1032 576 eodem

235 595 263 623 in
289 595 349 624 loco
371 594 491 623 defossae
513 594 649 630 jacerent,
660 597 692 621 ut
710 601 746 622 ne
772 594 946 629 ignoraretur
971 601 1032 629 qua:

234 643 306 668 esset
326 648 393 668 crux
418 639 541 672 Domini,
557 642 666 674 propter
689 638 741 666 hoc
765 638 956 674 dispensatum
979 642 1031 671 est,

234 685 328 713 utsola
337 684 449 712 titulum
458 684 602 712 haberetet
610 683 826 719 inscriptionem,
833 687 864 710 ut
871 684 1031 719 persignum

234 729 288 758 tale
307 732 525 765 cognosceretur.
541 729 693 756 Latronum
707 728 784 756 enim
806 735 901 756 cruces
919 728 1032 756 titulum

234 782 291 802 non
312 774 459 802 habebant.
477 773 606 801 Insinuat
627 777 720 801 autem
734 777 762 801 et
785 772 868 808 752
888 773 1032 801 sublimius

234 818 364 855 quiddam
401 818 541 854 inscriptio
573 818 725 857 triplicibus
754 817 848 845 litteris
889 818 1028 862 inscripta.

237 863 393 892 Manifestat
409 863 483 892 enim
497 863 649 891 Dominum
668 870 759 899 regem
773 870 835 890 esse
848 862 1030 898 philosophia:

236 909 362 944 practicae
376 911 403 936 et
415 908 546 936 naturalis
570 911 598 935 et
621 907 792 943 theologicae.
823 907 941 935 Practica
955 908 1030 936 enim

234 961 282 988 per
304 953 445 981 Romanas
469 953 619 989 scripturas
633 952 777 987 ﬁguratur.
794 953 865 980 Nam
890 953 1031 980 Romano-

233 1006 296 1026 rum
324 998 490 1034 principatus
517 997 636 1025 maxime
655 997 743 1024 virilis
764 1000 823 1024 erat
851 1000 878 1024 et
903 1001 1032 1026 strenuus

236 1043 265 1070 in
286 1043 368 1070 rebus
395 1042 509 1070 bellicis.
524 1043 577 1070 Per
591 1042 704 1070 Graecas
729 1049 804 1075 vero,
825 1042 970 1077 naturalis,
987 1043 1032 1071 cui

234 1087 367 1116 vacabant
377 1087 476 1116 Greci.
492 1089 545 1115 Per
556 1086 704 1114 Hebraicas
714 1085 845 1122 denique,
858 1085 1030 1123 theologica;

233 1140 298 1160 nam
325 1132 447 1160 Hebrmis
469 1132 628 1160 divinorum
649 1131 770 1167 cognitio
793 1131 948 1159 concredita
967 1131 1030 1160 fuit.

233 1177 326 1206 Gloria
343 1177 426 1213 igitur
443 1176 468 1204 ei
482 1176 529 1213 qui
540 1185 588 1212 per
601 1183 712 1204 crucem
726 1175 852 1212 apparuit
863 1176 917 1204 tale
928 1175 1031 1204 habere

232 1230 358 1258 regnum,
374 1225 401 1249 et
422 1221 469 1258 qui
485 1221 621 1249 mundum
639 1221 716 1254 vicit,
740 1221 886 1256 practicam
906 1225 1030 1249 nostram

233 1267 363 1294 virtutem
385 1266 536 1301 roboravit,
561 1266 761 1301 scientiamque
785 1269 892 1294 natura:
917 1266 1031 1302 largitus

232 1315 284 1346 est,
310 1315 338 1339 et
358 1311 392 1339 ab
408 1311 453 1339 illa
468 1319 518 1339 nos
539 1310 617 1339 duxit
636 1311 663 1338 in
678 1310 807 1338 interiora
830 1310 984 1346 velamenti,
1002 1311 1031 1338 in

232 1364 312 1385 suam
336 1356 396 1384 dico
414 1356 559 1384 scientiam
582 1359 610 1384 et
622 1354 904 1391 comtemplationem,
920 1355 1030 1383 theolo-

233 1401 304 1437 giam
320 1400 455 1428 videlicet.

1045 892 1071 924 B

1087 279 1280 315 ἐστηλίτευσεν.
1329 280 1365 309 Οἳ
1381 279 1408 309 δὲ
1425 279 1471 309 καὶ
1494 279 1689 319 ὶσταυρωμένῳ
1711 279 1881 310 ἐϐάσκαινον,

1086 324 1141 354 Καὶ
1155 323 1182 353 τί
1196 335 1291 364 paen);
1312 334 1326 352 (ι
1347 324 1472 364 Γράψον,
1488 323 1528 353 ὅτι
1545 325 1621 357 αὐτὸς
1636 318 1705 355 εἶπε.
1724 336 1740 352 ι
1760 325 1818 354 Νῦν
1839 323 1884 362 μὲν

1085 369 1136 408 γὰρ
1161 368 1234 404 κοινὴ
1264 371 1350 409 ψῆφος
1375 371 1427 398 τῶν
1453 368 1588 399 Ἰουδαίων
1623 368 1754 409 φαίνεταν
1782 370 1828 398 ἐὰν
1860 368 1887 398 δὲ

1085 415 1235 454 προστεθῇ,
1251 413 1289 442 ὅτι
1306 414 1382 447 αὐτὸς
1397 408 1468 443 εἶπεν
1482 413 1575 443 ἑαυτὸν
1593 413 1706 454 βασιλέα
1716 437 1724 450 ,
1741 415 1789 447 τῆς
1805 414 1886 442 αὐτοῦ

1086 458 1245 497 προπετείας
1277 458 1322 488 καὶ
1351 459 1504 494 ἀλαζονείας
1532 458 1563 488 τὸ
1595 458 1720 497 ἔγκλημα
1747 458 1884 499 φαίνεται.

1086 502 1155 532 Ἀλλ’
1172 504 1222 543 οὐχ
1240 505 1254 532 6
1270 503 1388 537 Πιλάτος
1409 503 1570 544 παρετράπη
1581 526 1588 540 ,
1606 504 1667 532 ἀλλ’
1688 503 1733 532 ἐπὶ
1750 505 1799 539 τῆς
1817 515 1886 543 προ-

1085 548 1162 588 τέρας
1175 547 1284 577 ἵσταται
1297 548 1414 588 γνώμης.
1428 549 1477 578 Διὸ
1497 548 1543 577 καί
1556 560 1645 589 φησιν·
1663 559 1679 577 α
1692 547 1730 578 ⁸0
1746 547 1884 587 γέγραφα,

1085 592 1216 632 γέγραφα.
1236 604 1250 621 ι)
1276 592 1357 623 Ἀλλὰ
1379 592 1432 631 μὴν
1451 593 1497 622 καὶ
1525 593 1612 633 ἕτερόν
1632 605 1657 622 τι
1685 593 1754 632 μέγα
1779 594 1886 622 οἰκονο-

1087 641 1186 676 μεῖται.
1230 637 1344 673 Ἐπειδὴ
1360 637 1413 678 γὰρ
1428 638 1644 678 καταχωσθέντες
1659 639 1683 667 οἱ
1696 642 1765 678 τρεῖς
1777 638 1887 677 σταυροὶ

1086 683 1113 712 ἐν
1139 684 1228 723 ταυτῷ
1252 682 1362 720 ἔμελλον
1387 686 1506 719 κεῖσθαι,
1522 683 1565 712 ἴνα
1589 682 1627 721 μὴ
1651 684 1789 722 ἆγνοηθῇ,
1812 682 1889 716 ποῖός

1086 728 1157 756 ἐστιν
1184 730 1198 757 6
1223 729 1270 756 τοῦ
1304 727 1418 768 Κυρίου,
1441 727 1485 756 διὰ
1507 730 1584 757 τοῖτο
1613 727 1774 768 ᾠκονομήθη
1804 727 1889 756 αὐτὸν

1087 772 1164 810 μόνον
1186 772 1273 802 τῖτλον
1301 772 1370 812 ἔχειν
1398 772 1443 801 καὶ
1468 772 1634 812 ἐπιγραφὴν,
1658 773 1693 805 ὥς
1709 772 1740 801 ἂν
1767 772 1814 802 διὰ
1838 775 1888 801 τοῦ

1085 816 1204 846 τοιούτου
1229 817 1340 853 σημείου
1367 817 1549 856 ἐπιγνωσθείη·
1573 819 1597 846 οἱ
1621 816 1673 856 γὰρ
1696 819 1749 846 τῶν
1776 818 1887 855 λῃστῶν

1086 861 1173 890 τῖτλον
1187 863 1234 891 οὐκ
1248 856 1332 901 εἶχον.
1385 861 1537 891 Αἷνίττεται
1554 861 1581 890 δὲ
1604 861 1651 891 καί
1671 873 1696 890 τι
1720 861 1887 901 ὑψηλότερον

1087 908 1104 942 ἡ
1125 906 1258 947 ἐπιγραφὴ
1283 910 1397 945 τρισσοῖς
1418 906 1574 947 γράμμασιν
1597 906 1791 946 ἐπιγραφεῖσα·
1808 906 1887 942 δηλοῖ

1086 950 1130 980 τὸν
1147 945 1244 989 Κύριον
1272 950 1384 990 βασιλέα
1408 945 1475 979 εἶναι
1499 953 1666 990 πρακτικῆς,
1683 945 1729 980 καὶ
1752 952 1886 991 φυσικῆς,

1087 996 1132 1025 καὶ
1153 997 1303 1034 θεολογιχῆς
1326 995 1494 1035 φιλοσοφίας·
1509 995 1552 1024 διὰ
1568 996 1615 1033 μὲν
1633 997 1686 1024 τῶν
1704 995 1887 1033 Ῥωμαϊκῶν,

1085 1040 1252 1080 γραμμάτων
1268 1042 1314 1076 τῆς
1337 1042 1485 1080 πρακτικῆς
1511 1041 1691 1077 τυπουμένης·
1713 1042 1729 1076 ἠ
1756 1040 1809 1079 γὰρ
1830 1041 1887 1069 τῶν

1087 1085 1232 1123 Ῥωμαίων
1257 1084 1328 1125 ἀρχὴ
1355 1085 1527 1124 ἀνδρειοτάτη
1553 1085 1598 1114 καὶ
1616 1084 1825 1122 πρακτικωτάτη
1849 1084 1886 1114 τὰ

1086 1129 1155 1158 κατὰ
1168 1129 1295 1167 πόλεμον.
1320 1129 1371 1159 Διὰ
1387 1129 1414 1158 δὲ
1432 1132 1484 1159 τῶν
1500 1128 1683 1165 Ἑλληνικῶν,
1699 1130 1746 1163 τῆς
1762 1132 1886 1169 φυσικῆς·

1086 1176 1109 1204 οἱ
1140 1174 1191 1214 γὰρ
1216 1173 1349 1210 Ἕλληνες
1372 1173 1510 1213 περὶξτὴν
1537 1173 1650 1214 φυσικὴν
1679 1173 1883 1213 ἠσχολήθησαν.

1086 1219 1137 1250 Διὰ
1164 1219 1190 1248 δὲ
1219 1221 1271 1248 τῶν
1305 1218 1459 1257 Ἑϐραϊκῶν
1497 1221 1544 1254 τῆς
1575 1220 1737 1257 θεολογικῆς·
1768 1220 1792 1248 οἱ
1831 1219 1886 1259 γὰρ

1085 1263 1209 1304 Ἑϐραῖοι
1224 1263 1272 1299 τὴν
1295 1264 1366 1293 θείαν
1389 1263 1581 1299 ἐπιστεύθησαν
1603 1265 1709 1302 γνῶσιν.
1752 1263 1823 1297 Δόξα
1838 1259 1887 1293 οὖν

1085 1311 1123 1349 τῷ
1147 1308 1190 1338 διὰ
1218 1311 1263 1338 τοῦ
1291 1311 1406 1347 σταυροῦ
1436 1308 1542 1348 φανέντι
1579 1308 1702 1344 τοιαύτην
1737 1307 1808 1348 ἔχειν
1835 1309 1888 1344 τὴν

1087 1352 1242 1393 βασιλείαν,
1262 1353 1306 1382 καὶ
1330 1352 1374 1382 τόν
1398 1364 1426 1382 τε
1456 1352 1554 1391 κόσμον
1579 1352 1739 1389 νικήσαντι,
1766 1353 1812 1382 καὶ
1834 1354 1887 1389 τὴν

1084 1397 1233 1437 πρακτικὴν
1259 1398 1324 1432 ἡμῖν
1360 1397 1534 1435 ὁμαλίσαντι,
1573 1397 1621 1432 τήν
1649 1409 1679 1426 τε
1705 1398 1803 1436 γνῶσιν
1836 1401 1888 1435 τ’ἧς

231 1442 334 1482 φύσεως
358 1441 545 1481 χαριζομένῳ,
570 1440 615 1470 καὶ
639 1440 692 1469 ἀπὸ
712 1438 811 1475 ταύτης
836 1440 872 1474 εἷς
893 1440 924 1470 τὸ
948 1441 1076 1485 ἐσώτερον
1100 1445 1145 1472 τοῦ
1168 1443 1428 1480 καταπετάσματος,
1452 1443 1489 1476 εἷς
1503 1442 1552 1479 τὴν
1575 1442 1674 1472 οἷκιίαν
1695 1442 1766 1481 λέγω
1785 1445 1886 1482 γνῶσιν

231 1486 277 1515 καὶ
291 1486 402 1526 θεωρίαν
411 1509 420 1525 ,
437 1485 496 1521 ἤτοι
509 1484 644 1523 θεολογίαν
661 1484 803 1524 εἷσάγοντι.

268 1536 361 1563 Vsus.
376 1537 422 1567 23.
447 1536 492 1561 24.
510 1545 522 1558 ιι
547 1533 649 1561 Milites
666 1541 731 1570 ergo
752 1541 817 1561 cum
831 1534 1031 1564 cruciﬁxissent

230 1580 337 1612 Iesum,
365 1582 529 1614 acceperunt
547 1578 711 1606 vestimenta
745 1578 814 1614 ejus,
843 1583 870 1606 et
903 1579 1030 1609 fecerunt

231 1627 348 1661 quatuor
361 1627 462 1659 partes,
478 1622 624 1658 unicuique
637 1623 716 1650 militi
727 1627 844 1658 partem,
857 1628 885 1652 et
895 1625 1028 1653 tunicam.

232 1670 300 1697 Erat
319 1672 410 1696 autem
426 1668 520 1695 tunica
539 1667 724 1701 inconsutilis,
740 1675 755 1695 a
769 1675 881 1696 summo
902 1673 1029 1698 contexta

237 1721 286 1750 per
310 1716 412 1740 totum.
433 1712 565 1739 Dixerunt
586 1719 650 1747 ergo
665 1712 738 1740 inter
752 1720 781 1740 se
797 1721 804 1739 :
821 1714 858 1741 Ne
872 1713 1031 1743 scindamus

237 1765 308 1790 eam,
328 1756 375 1784 sed
390 1756 538 1785 soriiamur
557 1756 591 1785 de
611 1756 656 1784 illa
679 1756 756 1793 cujus
779 1757 825 1793 sit,
843 1762 874 1786 ut
893 1758 1030 1795 Scriptura

232 1802 402 1838 impleretur,
427 1801 521 1830 dicens
544 1810 552 1829 :
574 1801 668 1829 Partiti
693 1805 758 1829 sunt
779 1802 942 1831 vestimenta
967 1811 1029 1832 mea

230 1847 294 1881 sibi,
322 1850 348 1874 et
369 1846 395 1874 in
414 1850 515 1874 vestem
540 1853 631 1874 meam
650 1845 785 1874 miserunt
807 1851 920 1876 sortem.
948 1859 962 1872 ιι
978 1849 1031 1876 Per

232 1893 276 1920 illa
291 1891 466 1928 potissimum
480 1891 632 1927 implentur
651 1891 812 1927 prophetiae,
828 1900 877 1928 per
896 1900 958 1928 qua:
970 1892 1031 1921 dia-

229 1937 311 1966 bolus
336 1936 488 1964 insidiatur.
516 1937 552 1963 Et
577 1935 636 1964 vide
660 1936 813 1964 veritatem.
836 1939 904 1965 Tres
918 1937 1031 1965 fuerunt

229 1981 360 2014 cruciﬁxi,
376 1985 500 2009 attamen
517 1980 544 2008 in
560 1980 613 2009 hoc
627 1981 687 2008 solo
703 1981 851 2017 implentur
870 1981 1029 2017 prophetica

229 2027 312 2055 dicta.
328 2028 363 2053 Et
375 2025 521 2053 considera
535 2025 676 2061 prophetae
686 2025 865 2062 diligentiam.
880 2026 941 2053 Non
956 2025 1030 2054 enim

230 2072 320 2099 solum
333 2070 406 2106 quod
423 2082 436 2095 ι
452 2070 544 2106 partiti
557 2070 671 2105 fuerint,
696 2082 708 2094 ι»
724 2069 771 2098 sed
789 2070 873 2097 etiam
885 2070 959 2106 quod
973 2079 1030 2098 non

230 2116 324 2152 partiti
350 2114 461 2150 fuerint,
485 2115 554 2143 dixit
577 2115 719 2151 propheta.
735 2115 821 2151 Igitur
843 2115 896 2142 alia
917 2115 1029 2151 quidem

230 2161 438 2195 distribuerunt,
457 2160 582 2189 tunicam
597 2164 691 2187 autem
704 2167 771 2193 non,
786 2159 835 2188 sed
849 2160 938 2187 sortiti
952 2164 1028 2188 sunt.

1048 1535 1070 1567 C

1128 1543 1143 1560 α
1160 1533 1195 1561 Οἱ
1210 1527 1254 1561 οἷν
1269 1532 1446 1570 στρατιῶται,
1463 1531 1506 1561 ὅτε
1519 1530 1691 1571 ἐσταύρωσαν
1707 1531 1750 1561 τὸν
1766 1531 1885 1569 Ἰησοῦν,

1085 1577 1180 1607 ἔλαϐον
1215 1577 1249 1606 τὰ
1276 1576 1372 1614 ἱμάτια
1400 1577 1496 1612 αὐτοῦ,
1523 1576 1570 1605 καὶ
1599 1577 1728 1612 ἐποίησαν
1764 1576 1888 1616 τέσσαρα

1086 1621 1172 1660 μέρη,
1199 1621 1304 1660 ἑκάστῳ
1329 1620 1478 1660 στρατιώτῃ
1505 1621 1598 1661 μέρος,
1622 1621 1669 1650 καὶ
1701 1621 1745 1651 τὸν
1767 1623 1885 1661 χιτῶνα,

1083 1662 1139 1696 ’Ἦν
1167 1667 1193 1696 δὲ
1222 1667 1236 1694 6
1259 1664 1342 1705 χιτὼν
1359 1664 1494 1705 ἄῤῥαφος,
1521 1667 1551 1694 ἐκ
1576 1667 1627 1694 τῶν
1645 1665 1745 1695 ἄνωθεν
1769 1667 1889 1705 ὑφαντὸς

1084 1712 1182 1741 διόλου.
1213 1705 1296 1740 Εἶπον
1326 1705 1370 1739 οὖν
1397 1709 1462 1750 πρὸς
1493 1709 1634 1745 ἀλλήλους·
1664 1711 1713 1746 Μὴ
1745 1711 1888 1751 σχίσωμεν

1085 1757 1179 1793 αὐτὸν,
1207 1755 1275 1785 ἀλλὰ
1299 1755 1430 1794 λάχωμεν
1450 1754 1511 1795 περὶ
1535 1755 1634 1792 αὐτοῦ,
1657 1756 1725 1789 τίνος
1742 1755 1826 1785 ἔσται’
1840 1755 1888 1786 ἵνα

1084 1804 1100 1837 ἡ
1120 1800 1213 1841 Γραφὴ
1239 1801 1387 1840 πληρωθῇ,
1416 1802 1433 1835 ἡ
1460 1798 1593 1838 λέγουσα”
1627 1799 1819 1840 Διεμερίσαντο
1849 1801 1886 1831 τὰ

1083 1846 1178 1885 ἱμάτιά
1207 1856 1274 1884 μου,
1302 1845 1348 1874 καὶ
1379 1843 1423 1874 ἐπὶ
1453 1843 1497 1874 τὸν
1524 1845 1670 1883 ἱματισμόν
1706 1857 1756 1883 μου
1785 1845 1884 1875 ἔϐαλον

1083 1893 1193 1931 κλῆρον,
1216 1901 1231 1918 n
1250 1889 1291 1920 Δι’
1317 1885 1354 1919 ὧν
1375 1891 1389 1919 6
1409 1889 1531 1923 διάϐολος
1549 1889 1736 1930 πονηρεύεται,
1762 1891 1789 1919 αἱ
1811 1902 1883 1930 προ-

1084 1938 1189 1975 φητεῖαι
1214 1936 1385 1974 πληροῦνται.
1410 1935 1465 1964 Καὶ
1488 1934 1536 1974 ὅρα
1563 1934 1612 1970 τὴν
1638 1935 1781 1971 ἀλήθειαν·
1803 1936 1887 1976 Τρεῖς

1084 1976 1151 2016 ⁵’ἦσαν
1179 1981 1202 2010 οἱ
1220 1981 1429 2019 σταυρωθέντες,
1453 1979 1497 2008 καὶ
1523 1978 1594 2018 ὅμως
1621 1979 1664 2008 ἐπ’
1694 1981 1774 2010 αὐτοῦ
1801 1981 1887 2019 μόνου

1083 2025 1247 2064 πληροῦνται
1268 2023 1302 2053 τὰ
1323 2025 1376 2053 τῶν
1395 2025 1549 2065 προφητῶν.
1576 2024 1630 2054 Καὶ
1652 2025 1748 2054 σκόπει
1762 2024 1810 2062 τὴν
1834 2027 1886 2062 τῆς

1083 2069 1244 2110 προφητείας
1259 2068 1406 2108 ἀκρίϐειαν.
1435 2069 1475 2098 Οὖ
1492 2068 1543 2108 γὰρ
1557 2068 1595 2098 ὅτι
1609 2069 1766 2109 ἐμερίσαντο
1781 2069 1860 2109 μόνον
1874 2095 1882 2105 ,

1084 2115 1144 2144 ἀλλ’
1165 2115 1204 2143 δτι
1219 2113 1265 2143 καὶ
1279 2114 1326 2143 οὐκ
1339 2113 1511 2153 ἐμερίσαντο,
1531 2110 1603 2143 εἶπεν
1617 2115 1630 2143 6
1643 2114 1793 2154 προφήτης.
1837 2116 1883 2145 Τὰ

1084 2159 1132 2197 μὲν
1148 2154 1191 2188 οὖν
1205 2159 1274 2188 ἄλλα
1288 2159 1384 2196 ἱμάτια
1401 2158 1581 2196 διενείμαντο,
1600 2159 1644 2188 τὸν
1655 2159 1682 2187 δὲ
1696 2161 1817 2198 χιτῶνα,
1833 2160 1863 2189 οὒ
1873 2183 1881 2197 ,

229 2205 310 2242 Quod
333 2210 426 2233 autem
451 2217 465 2230 ι
487 2213 501 2233 a
531 2211 643 2232 summo
666 2203 749 2231 fuerit
769 2208 907 2238 contexta,
934 2216 947 2229 ι
973 2212 1028 2233 non

1088 2203 1151 2233 Ξλλὰ
1165 2203 1258 2244 κλήρῳ
1272 2203 1302 2232 τὸ
1317 2208 1431 2243 πρᾶγμα
1444 2203 1604 2243 ἐπέτρεψαν,
1620 2204 1660 2233 Τὸ
1672 2204 1699 2232 δὲ
1710 2227 1718 2243 ,
1734 2217 1746 2230 α
1760 2203 1813 2234 Ἐκ
1828 2207 1882 2234 τῶν

229 2249 329 2279 frustra
343 2250 399 2278 fuit
419 2249 585 2286 appositum.
606 2249 639 2276 Et
662 2248 711 2276 alii
724 2249 836 2284 quidem
851 2249 947 2277 dicunt
960 2249 1027 2277 alle-

227 2296 331 2332 goriam
345 2303 392 2332 per
407 2295 459 2322 hoc
473 2294 590 2330 signari,
605 2293 680 2329 quod
700 2301 756 2322 non
769 2294 927 2330 simpliciter
941 2294 1027 2323 homo

226 2340 309 2368 fuerit
331 2339 485 2373 cruciﬁxus,
507 2338 555 2366 sed
569 2342 596 2366 et
610 2338 741 2366 deitatem
756 2347 872 2375 superne
887 2339 1024 2368 habuerit.

227 2385 345 2422 Quidam
369 2392 433 2412 vero
458 2391 546 2419 genus
570 2383 665 2411 dicunt
683 2384 810 2412 tunicula:
832 2384 1026 2420 evangelistam

227 2438 348 2458 narrare.
376 2429 447 2464 Quia
471 2428 547 2456 enim
573 2428 709 2457 Palaestini
727 2429 796 2457 duos
819 2437 923 2465 pannos
946 2437 1025 2458 com-

227 2474 366 2502 mittendo
398 2477 548 2502 contexunt
578 2477 680 2507 vestes,
708 2481 758 2510 ιιι-ο
790 2478 885 2502 sutura
919 2478 1026 2502 utentes

228 2522 359 2546 contextu
385 2526 392 2545 :
419 2517 598 2547 manifestans
624 2519 747 2546 Joannes
758 2519 832 2554 quod
853 2518 915 2546 talis
942 2518 1026 2547 fuerit

227 2562 359 2597 tunicula,
371 2562 441 2591 dixit
450 2562 524 2598 quod
536 2575 548 2587 ι‹
563 2571 578 2591 a
594 2571 704 2591 summo
715 2571 763 2599 per
773 2567 862 2591 totum
874 2563 955 2592 fuerit
963 2572 1025 2592 con-

226 2612 310 2643 texta,
335 2619 347 2632 ι
368 2607 420 2636 hoc
443 2611 496 2641 est,
511 2607 544 2636 ab
559 2608 636 2636 initio
655 2612 683 2637 et
697 2616 815 2644 superne
830 2616 915 2644 usque
929 2609 964 2637 ad
979 2609 1023 2637 in-

227 2652 302 2681 ﬁma.
313 2652 471 2681 Manifestat
479 2657 572 2680 autem
581 2652 645 2680 hinc
655 2653 787 2681 vilitatem
796 2653 1023 2682 vestimentorum

225 2698 337 2727 Christi.
356 2698 411 2726 Alii
425 2701 519 2726 autem
535 2697 632 2726 dicunt
646 2697 722 2734 quod
743 2698 770 2726 in
785 2698 933 2727 Palmstina
956 2707 1024 2727 con-

225 2747 352 2771 texanlur
364 2743 427 2771 telae
442 2751 498 2770 non
517 2743 588 2771 sicut
605 2743 676 2779 apud
689 2751 740 2771 nos
756 2753 761 2771 :
780 2751 845 2772 nam
864 2751 943 2780 supra
965 2744 1023 2780 qui-

224 2787 288 2815 dem
310 2791 351 2815 est
374 2787 464 2821 ﬁlum,
487 2787 557 2815 infra
581 2792 672 2816 autem
687 2788 841 2816 contexitur
865 2797 981 2824 pannus,
995 2792 1023 2816 et

226 2831 263 2860 ita
286 2832 421 2869 regressio
437 2832 485 2860 ﬁt:
502 2832 550 2860 sed
563 2833 705 2861 contrario
727 2833 809 2861 modo
832 2843 838 2862 :
855 2833 924 2861 infra
946 2833 1022 2861 enim

1081 2248 1179 2278 ἄνωθεν
1199 2247 1330 2288 ὑφαντὸς,
1353 2260 1367 2277 ν
1395 2249 1444 2288 οὐχ
1464 2248 1555 2281 ἁπλῶς
1582 2248 1758 2286 πρόσκειται,
1781 2249 1840 2278 ἀλλ’
1857 2250 1884 2279 οἱ

1081 2294 1130 2331 μὲν
1155 2292 1316 2333 ἄλληγορίαν
1338 2293 1404 2334 φασὶ
1426 2293 1460 2322 δι’
1484 2293 1564 2322 αὐτοῦ
1587 2293 1746 2329 δηλοῦσθαι,
1769 2292 1810 2323 ὅτι
1830 2295 1884 2334 οὐχ

1081 2338 1172 2372 ἁπλῶς
1185 2338 1320 2377 ἄνθρωπος
1342 2333 1374 2373 ἧν
1390 2340 1404 2367 6
1418 2337 1628 2377 σταυρούμενος,
1654 2337 1722 2366 ἀλλὰ
1738 2338 1784 2367 καὶ
1806 2338 1878 2368 ἄνω-

1081 2385 1123 2412 θεν
1139 2382 1187 2418 τὴν
1211 2382 1322 2419 θεότ-ητα
1345 2377 1410 2422 εἶχε.
1453 2381 1531 2416 Τινὲς
1555 2381 1582 2410 δὲ
1607 2381 1672 2411 αὗτό
1694 2382 1724 2412 τὸ
1741 2378 1808 2416 εἶδος
1833 2386 1882 2412 τοῦ

1079 2428 1236 2467 χιτωνίσκου
1250 2427 1314 2468 φασὶ
1329 2426 1372 2456 τὸν
1390 2426 1579 2465 εὐαγγελιστὴν
1593 2427 1717 2466 ἱστορεῖν,
1761 2427 1879 2464 Ἐπειδὴ

1079 2472 1130 2512 γὰρ
1145 2473 1170 2501 ἐν
1190 2474 1222 2512 τῇ
1245 2471 1415 2511 Παλαιστίνῃ
1432 2471 1477 2501 δύο
1495 2471 1563 2512 ῥάκη
1588 2471 1803 2509 συμϐάλλοντες,
1820 2473 1880 2508 ἤτοι

1079 2517 1126 2546 δύο
1148 2518 1247 2553 πανία,
1274 2517 1409 2557 ὑφαίνουσι
1430 2516 1463 2546 τὰ
1483 2516 1578 2554 ἱμάτια
1595 2516 1654 2545 ἀντὶ
1669 2517 1756 2557 ῥαφῆς
1770 2516 1881 2556 χρώμε-

1079 2573 1119 2591 νοι
1135 2563 1171 2602 τῷ
1194 2562 1368 2602 συνυφασμιξξξ
1386 2561 1473 2596 δηλῶν
1497 2563 1511 2590 6
1528 2560 1673 2597 Ἰωάννης,
1698 2561 1738 2590 ὅτι
1762 2564 1881 2596 τοιοῦτος

1079 2607 1092 2635 6
1106 2606 1261 2646 χιτωνίσκος
1275 2601 1307 2641 ἦν
1317 2627 1326 2641 ,
1344 2601 1433 2643 εἶπεν,
1447 2605 1488 2634 ὅτι
1505 2616 1519 2634 ιι
1538 2605 1589 2635 Ἐκ
1604 2607 1657 2634 τῶν
1675 2605 1774 2635 ἄνωθεν
1789 2606 1880 2636 διόλου

1079 2651 1207 2691 ὑφαντὸς,
1231 2663 1246 2679 n
1273 2650 1423 2686 τουτέστιν,
1453 2651 1499 2680 ἀπ’
1521 2652 1605 2690 ἀρχῆς
1632 2651 1678 2680 καὶ
1705 2651 1804 2680 ἄνωθεν
1828 2652 1882 2685 ἕως

1078 2696 1162 2725 κάτω.
1193 2696 1277 2731 Δηλοῖ
1305 2695 1332 2724 δὲ
1357 2696 1475 2724 ἐντεῖῖθεν
1498 2695 1528 2724 τὸ
1554 2695 1657 2730 εὐτελὲς
1683 2698 1736 2724 τῶν
1760 2696 1880 2734 ἱματίων

1077 2742 1122 2769 τοτᾶ
1147 2741 1273 2780 Χριστοῦ.
1299 2740 1392 2770 Ἄλλοι
1417 2739 1444 2770 δέ
1460 2751 1556 2780 φασιν,
1583 2739 1623 2769 ὅτι
1650 2741 1677 2769 ἐν
1704 2741 1879 2782 Παλαιστίνῃ

1081 2785 1236 2824 ὑφαίνουσιν
1249 2784 1309 2819 τοὺς
1318 2785 1419 2821 ἱστοὺς,
1436 2785 1485 2824 οὐχ
1499 2787 1534 2818 ὡς
1546 2784 1610 2824 παρ’
1625 2785 1689 2822 ἡμῖν
1699 2807 1708 2821 ,
1722 2785 1805 2814 ὄντων
1822 2786 1880 2815 ἄνω

1078 2829 1125 2868 μὲν
1148 2831 1198 2859 τῶν
1213 2829 1298 2868 μίτων
1314 2830 1361 2859 καὶ
1384 2832 1430 2860 τοῦ
1453 2829 1599 2867 στήμονος,
1615 2828 1689 2858 κάτω
1713 2828 1741 2858 δὲ
1763 2830 1878 2870 ὕφαινο-
