1927 3076
60 180 112 206 ἳΠ

459 180 654 208 ENARRATIO
675 180 708 208 IN
728 179 943 208 EVANGELIUM
961 180 1112 208 JOANNIS.
1136 195 1166 200 —
1189 181 1262 208 CAP.
1283 181 1344 208 XIX.

1659 183 1711 210 278

66 242 143 280 μένου
171 244 218 272 τοῦ
244 242 356 279 πανίου,
379 242 426 272 καὶ
449 242 530 277 οὕτως
557 243 761 279 ἀναϐαίνοντος,
789 242 853 273 ἅλλᾶ

912 247 975 271 sunt
997 242 1052 275 ﬁla,
1069 243 1096 270 in
1117 250 1230 271 summo
1244 247 1336 270 autem
1361 243 1519 271 contexitur
1537 247 1704 273 contextus:

64 286 212 317 τούναντίον
223 309 231 323 ,
245 287 318 317 κάτω
334 286 382 326 μέν
398 289 463 318 εἰσιν
479 290 504 318 οἱ
526 288 614 326 μῖτοι,
630 288 685 317 ἄνω
705 289 731 317 δὲ
748 289 856 329 ὑφαίνε-

63 344 107 361 ται
121 333 152 362 τὸ
169 332 290 373 ὕφασμα.
332 334 475 370 Τοιοῦτος,
499 334 594 374 φησὶν,
614 329 646 370 ἧν
669 335 683 362 ὁ
704 333 786 373 χιτὼν
813 336 859 363 τοῦ

64 377 173 417 Κυρίου·
199 378 346 416 μυστηρίου
362 378 390 407 δὲ
403 377 443 417 [
463 379 513 418 δὴ]
529 378 633 412 πάντως
647 378 692 408 καὶ
707 379 750 408 διὰ
766 379 859 408 τούτου

63 421 238 461 δηλουμένου.
267 423 306 453 Τὸ
321 423 371 462 γὰρ
391 425 471 461 σῶμα
494 425 540 453 τοῦ
567 423 667 463 Κυρίου
691 424 790 453 ἄνωθεν
812 424 859 462 μὲν

62 467 175 506 ὖφοίνθη.
218 468 332 506 Πνεῦμα
353 467 404 507 γὰρ
434 467 510 506 ἅγιον
537 469 650 505 ἐπῆλθε,
678 469 724 497 καὶ
751 469 861 507 δύναμις

62 511 195 552 ’Υψίστου
210 512 353 542 ἓπεσκίασι
417 512 555 553 Παρθένῳ.
578 514 611 543 Εἰ
626 513 676 552 γὰρ
694 512 740 542 καὶ
756 513 860 552 ἀνθρώ-

61 568 113 586 που
135 556 213 593 φύσιν
239 557 350 586 ἀνέλαϐε
375 557 422 593 τὴν
450 557 524 587 κάτω
549 553 630 588 οὖσαν
646 558 692 587 καὶ
714 561 859 594 πεσοῦσαν,

61 601 132 631 ἀλλὰ
152 604 185 641 τῇ
210 601 308 631 ἄνωθεν
335 605 382 632 τοῦ
403 602 478 641 ἆγίου
495 602 652 642 Πνεύματος
676 602 767 643 χάριτι
793 614 856 632 συν-

60 646 126 682 έστη
147 646 193 675 καὶ
209 646 344 685 συνεπάγη
371 649 387 683 ἡ
411 648 467 676 θεία
489 647 565 687 σάρξ.
625 647 664 677 Τὸ
685 648 771 677 τοίνυν
787 647 860 686 ἅγιον

59 692 143 729 σῶμα
167 693 213 720 τοῦ
236 691 352 731 Χριστοῦ
386 692 528 731 ἀμέριστόν
553 693 627 728 ἐστι,
653 692 706 726 τοῖς
732 691 859 732 τέσσαρσι

59 738 107 765 τοῦ
133 735 237 774 κόσμου
261 737 351 774 μέρεσι
385 737 556 777 μεριζόμενον
588 736 633 766 χαὶ
665 737 856 774 διαδιδόμενον.

61 781 366 820 Κατακερματιζόμενος
387 781 439 822 γὰρ
466 784 492 811 ἐν
515 786 569 815 τοῖς
593 783 652 812 καθ’
672 781 735 818 ἕνα,
752 781 796 810 καὶ
813 782 859 816 τὴν

58 825 176 855 ἑκάστου
200 825 288 866 ψυχὴν
304 826 420 864 ἁγιάζων
444 826 512 865 μετὰ
527 829 573 856 τοῦ
597 826 719 864 σώματος
734 828 748 855 ὁ
772 828 860 856 Μονο-

913 292 940 316 et
964 288 1027 315 talis
1051 295 1159 324 quoque.
1176 287 1228 315 fuit
1242 288 1333 315 tunica
1361 288 1485 315 Domini.
1501 289 1710 318 Sacramentum

913 341 1021 368 quoque
1044 337 1071 360 et
1091 341 1140 368 per
1162 332 1214 360 hoc
1239 332 1318 360 nobis
1333 332 1500 360 insinuatur.
1520 334 1592 361 Nam
1610 341 1711 370 corpus

914 378 1028 405 Domini
1059 385 1175 413 superne
1203 376 1315 414 quidem
1340 382 1501 406 contextum
1522 382 1573 405 est.
1597 379 1712 414 Spiritus

913 423 988 451 enim
1002 427 1112 450 sanctus
1127 423 1199 450 venit
1218 431 1300 458 super
1322 423 1470 459 Virginem,
1486 427 1513 451 et
1525 424 1612 451 virtus
1625 424 1711 451 Altis-

913 468 978 495 simi
992 467 1167 496 obumbravit
1186 475 1246 496 eam
1267 468 1298 496 “.
1315 468 1395 496 Licet
1409 469 1484 496 enim
1498 468 1618 496 hominis
1630 472 1711 496 natu-

913 520 973 541 ram
987 513 1149 548 susceperit,
1166 521 1228 549 qua!
1251 512 1366 540 inferior
1386 517 1414 541 et
1436 513 1525 541 labilis
1547 518 1597 546 est.
1619 517 1711 542 tamen

913 566 1031 593 superne
1045 558 1161 594 Spiritus
1174 558 1259 585 sancti
1277 558 1365 594 gratia
1378 558 1512 591 constitit,
1527 562 1553 586 et
1567 562 1710 594 compacta

912 606 954 630 est
967 602 1057 630 divina
1076 611 1150 630 caro.
1168 603 1255 635 lgitur
1268 606 1394 630 sanctum
1410 611 1509 638 corpus
1523 603 1622 630 Christi
1638 602 1710 631 indi-

913 647 1023 674 visibile
1035 651 1076 674 est
1090 651 1116 674 et
1127 647 1258 675 dividitur
1268 652 1293 674 et
1304 648 1527 675 communicatur
1546 648 1571 675 in
1593 652 1711 684 quatuor

914 696 1004 727 partes
1019 691 1104 719 orbis.
1130 692 1298 719 Distributus
1311 693 1384 720 enim
1400 692 1524 726 singulis,
1540 697 1566 720 et
1582 693 1713 720 uniuscu-

908 736 1007 772 jusque
1026 737 1146 764 animam
1159 737 1341 770 sanctificans,
1357 737 1441 773 753
1455 745 1519 764 cum
1536 745 1650 773 corpore
1666 745 1713 773 per

913 789 990 809 suam
1006 789 1116 809 carnem
1137 782 1304 817 Unigenitus
1327 786 1354 809 et
1369 782 1474 818 integer
1495 786 1521 809 et
1535 782 1667 810 indivisus
1683 782 1711 810 in

915 827 1042 854 omnibus
1063 831 1115 861 est,
1131 826 1260 854 exsistens
1276 826 1386 862 ubique.
1409 828 1559 862 Nunquam
1574 827 1648 854 enim
1669 826 1713 855 di-

58 869 139 909 γενὴς
162 870 273 924 διὰῂτῆς
296 871 365 905 ἰδίας
388 871 498 912 σαρκὸς,
519 872 670 911 ὁλοκλήρως
693 870 738 900 καὶ
763 871 853 910 ἀμερί-

915 871 988 899 visus
1001 875 1051 905 est,
1073 872 1144 898 sicut
1164 875 1191 899 et
1211 872 1311 898 Paulus
1325 871 1423 899 clamat
1440 872 1470 900 ".
1489 871 1558 908 Quia
1572 876 1664 899 autem
1679 879 1712 900 ex

58 926 130 948 στως
154 916 181 944 ἓν
197 914 266 948 ὅλοις
290 916 379 954 ἐστὶν.Ι
402 916 528 956 ὗπάρχων
545 918 695 956 πανταχοῦ.
727 917 860 952 Οὐδαμῶς

57 959 112 999 γὰρ
137 960 312 999 μεμέρισται,
337 961 407 990 καθὰ
429 961 475 990 χαὶ
501 962 609 994 Παῦλος
635 963 694 1001 βοᾷ.
737 960 816 991 Ἐπεὶ
832 960 858 990 δὲ

57 1005 89 1034 ἐχ
114 1005 251 1046 τεσσάρων
273 1005 411 1046 στοιχείων
435 1006 466 1035 τὸ
488 1010 542 1036 πᾶν
570 1006 725 1045 σύγκειται,
751 1005 858 1041 νοητέον

56 1049 167 1087 ἱμάτιον
202 1052 246 1080 τοῦ
275 1050 382 1087 Ἰησοῦ,
415 1050 463 1086 τὴν
494 1050 655 1092 φαινομένην
686 1050 786 1086 ταύτην
811 1049 857 1080 καὶ

56 1094 283 1133 προϐεϐλημένην
307 1095 409 1131 κτίσιν,
435 1095 467 1131 ἣν
494 1097 518 1125 οἱ
541 1096 663 1134 δαίμονες
689 1095 857 1134 μερίζονται,

56 1137 124 1168 ὅταν
141 1139 187 1168 τὸν
210 1140 236 1169 ἐν
264 1141 329 1179 ἡμῖν
358 1140 404 1178 μὲν
423 1143 467 1170 τοῦ
490 1141 562 1170 Θεοῦ
588 1140 666 1179 λόγον
688 1139 856 1179 νεχρώσυωι,

57 1184 231 1218 σπουδάζωσι
255 1184 282 1213 δὲ
299 1186 347 1220 τῆς
363 1184 468 1224 μερίδος
483 1186 583 1214 ἑαυτῶν
608 1184 772 1220 ποιήσασθαι
786 1187 859 1222 ἡμᾶς

56 1227 102 1257 διὰ
129 1231 176 1264 τῆς
198 1230 262 1268 πρὸς
280 1229 315 1258 τὰ
340 1229 457 1268 χοσμικὰ
481 1230 673 1269 προσπαθείας.
718 1229 799 1260 Ἀλλὰ
814 1229 858 1259 τὸν

55 1275 163 1312 χιτῶνα
185 1275 216 1303 οὗ
238 1272 364 1304 δύνανται
385 1276 493 1312 τεμεῖν,
514 1275 556 1303 τὸν
572 1276 599 1304 ἐν
615 1278 669 1307 τοῖς
687 1269 744 1304 οὖσι
759 1275 836 1312 λόγον
847 1296 856 1310 ,

56 1319 119 1347 καθ’
139 1317 168 1347 ὃν
187 1318 220 1347 τὰ
234 1318 320 1348 πάντα
337 1319 450 1355 ὑπέστη.
495 1319 551 1349 Κᾶν
566 1319 618 1359 γὰρ
642 1319 768 1359 μυριάκις
783 1319 858 1347 ἀπα-

55 1364 149 1400 τῶμαι
174 1363 225 1392 ὑπὸ
249 1364 301 1392 τῶν
331 1365 464 1404 ρευστῶν,
493 1364 561 1393 ἀλλὰ
584 1365 664 1393 πάλιν
689 1363 857 1403 ἐπι-γινώσκω

57 1407 130 1436 αὗτᾶι
145 1407 240 1448 ῥευστὰ
264 1408 339 1445 ὄντα,
354 1408 401 1438 καὶ
424 1409 469 1438 τὸν
484 1410 559 1447 λόγον
574 1409 619 1438 καὶ
634 1408 682 1444 τὴν
697 1408 788 1439 οὐσίαν
804 1410 856 1438 τῶν

56 1452 207 1488 ἀπατηλῶν
221 1453 265 1482 καὶ
279 1453 483 1494 παραρρεόντων
495 1456 541 1484 οὐκ
557 1455 654 1493 ἀγνοῶ.

104 1507 118 1525 ιι
133 1498 169 1527 Οἱ
184 1497 232 1535 μὲν
248 1494 292 1528 οὖν
307 1501 468 1538 στρατιῶται
485 1502 567 1528 ταῦτα
582 1499 721 1535 ἐποίησαν.
756 1499 857 1536 Eia-rej-

55 1553 150 1571 κεισαν
179 1542 205 1571 δὲ
233 1543 306 1583 παρὰ
333 1545 370 1583 τῷ
395 1545 502 1584 σταυρῷ
527 1546 574 1573 τοῦ
599 1543 688 1580 Ἰησοῦ
715 1546 731 1580 ἡ
768 1544 856 1584 μήτηρ

56 1588 157 1624 αὐτοῦ,
179 1587 224 1616 καὶ
250 1591 266 1624 ἡ
295 1588 396 1629 ἀδελφὴ
418 1591 465 1623 τῆς
487 1589 585 1627 μητρὸς
615 1589 695 1618 αὐτοῦ
725 1590 816 1628 Μαρία
839 1592 855 1625 ἡ

55 1634 102 1660 τοῦ
121 1633 237 1669 Κλοπᾶ,
254 1632 300 1662 καὶ
316 1633 411 1673 Μαρία
432 1635 448 1669 ἡ
466 1633 649 1672 Μαγδαληνή.
693 1633 795 1670 Ἰησοῦς
811 1630 854 1664 οὖν

55 1676 120 1706 ἰδὼν
136 1676 184 1713 τὴν
209 1678 312 1718 μητέρα
327 1700 335 1714 ,
359 1678 405 1707 καὶ
429 1678 473 1708 τὸν
500 1678 622 1716 μαθητὴν
647 1680 807 1717 παρεστῶτα
827 1678 854 1708 ὃν

54 1722 168 1759 ἠγάπα,
192 1722 263 1760 λέγει
338 1722 418 1762 μητρὶ
444 1725 523 1752 αὑτοῦ
539 1735 546 1742 ’
574 1723 671 1759 Γύναι,
689 1723 744 1753 ἰδοὺ
765 1725 778 1752 ὁ
801 1724 854 1758 υἱός

55 1778 114 1797 σου.
143 1762 212 1797 Εἶτα
237 1768 309 1806 λέγει
333 1770 371 1807 τῷ
394 1771 510 1807 μαθητῇ·
540 1767 608 1798 Ἰδοὺ
634 1770 650 1804 ἡ
678 1768 767 1808 μήτηρ
797 1780 852 1799 σου.

55 1811 112 1841 Καὶ
129 1814 176 1841 ἀπ’
193 1812 292 1848 ἐκείνης
315 1815 362 1848 τῆς
386 1812 458 1851 ὥρας
481 1812 576 1843 ἔλαϐεν
601 1814 616 1842 ὁ
635 1813 756 1851 μαθητὴς
772 1813 853 1847 αὐτὴν

54 1857 92 1889 εἷς
107 1856 140 1884 τὰ
157 1856 224 1887 ἴδια.
244 1869 256 1885 n
277 1858 312 1888 Οἱ
327 1857 374 1896 μὲν
389 1853 434 1887 οὖν
457 1859 619 1897 στρατιῶται
639 1858 673 1887 τὰ
688 1860 734 1893 τῆς
756 1858 854 1892 οἰκείας

55 1901 182 1936 ἆνοησίας
198 1901 322 1932 ἐποίουν*
350 1903 426 1936 αὐτὸς
454 1903 481 1932 δὲ
507 1905 554 1939 τῆς
580 1903 678 1942 μητρὸς
707 1903 853 1943 φροντίζει,

53 1945 187 1975 διδάσκων
213 1949 284 1984 ἡμᾶς
307 1947 369 1987 ἄχρι
396 1947 441 1976 καὶ
467 1950 514 1983 τῆς
537 1947 692 1980 τελευταίας
719 1948 852 1984 ἀναπνοῆς

55 1995 146 2020 πᾶσαν
162 1994 292 2021 ποιεῖσθαι
306 1991 460 2030 ἐπιμέλειαν
479 1994 531 2021 τῶν
545 1992 750 2031 γεγεννηκότι-ιν.
796 1993 850 2022 Καὶ

53 2035 121 2074 δρα,
151 2037 208 2069 πῶς
234 2037 318 2066 οὐσῶν
341 2036 387 2066 καὶ
408 2038 495 2066 ἄλλων
525 2039 674 2076 γυναικῶν,
702 2037 782 2076 μόνης
805 2039 851 2072 τῆς

55 2079 156 2120 μητρὸς
176 2085 336 2120 προνοεῖται.
388 2083 436 2111 Δεῖ
459 2081 511 2122 γὰρ
527 2082 696 2120 ἐμποδίζουσι
722 2082 769 2120 μὲν
787 2082 851 2122 πρὸς

55 2125 206 2154 θεοσέϐειαν
244 2129 298 2159 τοῖς
333 2126 503 2165 γεγεννηχόσι
542 2127 578 2165 μὴ
622 2127 782 2166 προσέχειν
812 2126 849 2165 μὴ

55 2170 226 2207 ἐμποδίζουσι
255 2171 299 2208 δὲ,
325 2175 415 2200 πᾶσαν
443 2172 529 2201 αὐτῶν
553 2172 678 2212 φροντίδα
709 2172 850 2202 ποιεῖσθαι·

54 2214 147 2254 ὥσπερ
172 2212 217 2245 οὖν
242 2216 287 2245 καὶ
308 2216 400 2253 αὐτὸς,
425 2216 515 2252 ἐπειδὴ
544 2217 676 2255 ἀπεδήμει
703 2220 747 2246 τοῦ
776 2217 849 2257 βίου,

54 2260 100 2289 καὶ
117 2259 166 2295 τὴν
189 2260 293 2300 μητέρα
319 2261 387 2294 εἰκὸς
409 2256 440 2297 ἦν
457 2262 545 2300 ἀλγεῖν
562 2261 608 2291 καὶ
623 2261 670 2298 τὴν
686 2262 850 2301 προστασίαν

55 2306 210 2340 ἐπιζητεῖν,
245 2306 384 2345 ἐγχειρίζει
413 2307 451 2346 τῷ
480 2309 586 2346 μαθητῇ
613 2306 661 2342 τὴν
688 2308 852 2345 προστασίαν

54 2350 149 2385 αὐτῆς.
178 2349 353 2390 Ἀποχρύπτει
372 2350 398 2379 δὲ
426 2351 456 2380 τὸ
480 2353 576 2380 οἰκεῖον
600 2352 682 2390 ὄνομα
698 2352 851 2391 δεῦαγγελι-

54 2395 136 2430 στὴς,
163 2395 320 2434 μετριάζων.
352 2396 386 2425 Εἰ
406 2395 458 2435 γὰρ
480 2395 602 2425 ἐϐούλετο
624 2396 784 2434 κομπάζειν,
804 2396 850 2426 χαὶ

53 2439 102 2474 τὴν
118 2439 205 2481 αἰτίαν
219 2439 381 2480 προσέθηκεν
398 2440 447 2476 ἂν,
473 2441 505 2470 δι’
520 2441 552 2476 ἣν
566 2443 699 2480 ἠγαπᾶτο.
729 2441 783 2471 Καὶ
798 2441 849 2481 γὰρ

53 2484 122 2518 εἰκὸς
145 2479 177 2519 ἦν
193 2485 312 2524 μεγάλην
327 2484 386 2514 τινὰ
401 2481 467 2514 εἶναι
488 2479 596 2522 ταύτην
610 2486 656 2515 καὶ
681 2479 846 2525 θαυμαστήν.

53 2529 144 2559 Βαὸαὶ
162 2529 190 2558 δὲ
213 2531 269 2563 πῶς
291 2529 368 2568 ἐτίμα
384 2529 428 2559 τὸν
455 2530 595 2570 μαθητὴν,
618 2531 730 2571 ἀδελφὸν
757 2533 850 2561 ἑαυτοῦ

53 2577 145 2604 τοῦτον
162 2574 332 2612 ποιούμενοςῑ
349 2574 429 2604 Οὕτω
444 2575 524 2605 καλὸν
540 2578 578 2616 τῷ
657 2575 700 2615 τὸ]
723 2576 850 2616 παραμέ-

54 2631 106 2649 νειν
127 2620 240 2659 Χριστῷ
269 2619 417 2658 πάσχοντι·
444 2621 479 2654 εἷς
505 2620 671 2661 ἀδελφότητα
695 2620 746 2661 γὰρ
771 2622 849 2650 αὐτοῦ

55 2665 124 2702 ἄγει.
153 2663 302 2702 Θαύμασον
319 2665 363 2700 δὲ,
381 2666 438 2698 πῶς
453 2666 478 2694 ἐν
494 2667 531 2706 τῷ
547 2668 653 2705 σταυρῷ
673 2666 760 2694 πάντα
781 2668 848 2695 ἆτα-

55 2710 144 2749 ράχως
173 2714 259 2747 ποιεῖ,
291 2711 338 2744 τῆς
369 2710 469 2750 μητρὸς
500 2711 661 2750 φροντίζων,
691 2710 851 2751 προφητείας

55 2755 165 2794 πληρῶν
176 2775 185 2790 ,
206 2756 247 2795 τῷ
264 2755 350 2794 λῃστῇ
366 2755 528 2794 παράδεισον
551 2755 662 2794 ἀνοίγων
673 2767 680 2774 °
696 2755 747 2795 πρὸ
762 2756 789 2785 δὲ
806 2759 852 2785 τοῖ’)

90 2835 110 2852 ¹¹
126 2835 196 2863 Luc.
213 2842 237 2868 ι,
253 2836 294 2863 35.
333 2834 354 2852 ¹¹
367 2835 378 2862 ι
393 2835 456 2863 Cor.
475 2837 552 2868 ι,13.

913 920 1030 952 quatuor
1041 916 1183 943 elementis
1196 916 1359 943 universum
1371 917 1552 944 constitutum
1568 920 1619 949 est,
1635 916 1714 944 intel-

912 960 993 996 ligere
1014 960 1078 988 licet
1107 968 1155 996 per
1184 961 1345 988 vestimenta
1361 962 1426 988 Jesu
1447 961 1583 988 visibilem
1601 965 1628 988 et
1647 967 1712 997 pro-

913 1005 1030 1041 positam
1045 1005 1115 1033 hane
1127 1009 1293 1037 creaturam,
1310 1013 1394 1041 quam
1404 1005 1544 1033 dmmones
1555 1005 1712 1041 partiuntur

913 1049 1023 1085 quando
1053 1050 1082 1077 in
1103 1050 1182 1077 nobis
1215 1057 1373 1078 sermonem
1403 1050 1455 1078 Dei
1475 1050 1612 1078 occidunt.
1637 1051 1714 1078 Dant

912 1095 987 1122 enim
1017 1102 1129 1130 operam
1163 1099 1194 1122 ut
1220 1102 1270 1122 nos
1297 1102 1375 1122 suam
1406 1094 1509 1122 faciant
1530 1099 1635 1131 partem
1667 1102 1714 1130 per

913 1138 1073 1167 affectiones
1088 1139 1123 1167 ad
1148 1139 1300 1173 mundana;
1321 1139 1369 1167 sed
1384 1140 1508 1167 tunicam
1527 1147 1581 1167 non
1598 1143 1714 1176 possunt

912 1183 1034 1212 dividere
1047 1183 1073 1211 in
1089 1184 1130 1211 his
1146 1192 1208 1220 quae
1222 1189 1287 1212 sunt
1301 1185 1436 1212 sermonis
1458 1192 1506 1220 per
1520 1192 1602 1221 quem
1619 1184 1713 1213 omnia

912 1229 1058 1256 constituta
1089 1232 1165 1257 sunt.
1198 1230 1267 1257 Nam
1300 1229 1363 1256 licet
1396 1229 1527 1257 iullnities
1553 1229 1674 1265 decipiar
1696 1236 1712 1258 ε

913 1273 995 1301 fluxis
1013 1278 1039 1301 et
1058 1273 1232 1306 transitoriis,
1258 1274 1356 1301 iterum
1371 1278 1463 1301 tamen
1476 1281 1593 1310 agnosco
1605 1281 1636 1301 ea
1653 1281 1713 1302 esse

912 1318 1077 1351 transitoria,
1093 1322 1120 1346 et
1137 1319 1273 1346 rationem
1295 1326 1327 1345 ac
1346 1319 1530 1347 substantiam
1546 1323 1710 1354 praetereun-

911 1363 982 1391 tium
997 1367 1025 1391 et
1039 1361 1178 1391 fallacium
1190 1371 1246 1391 non
1261 1363 1370 1400 ignoro.

946 1506 1037 1534 Vsus.
1053 1507 1144 1534 24-27.
1161 1517 1172 1530 σ
1196 1507 1230 1534 Et
1245 1505 1344 1533 milites
1362 1505 1473 1542 quidem
1493 1504 1553 1533 haec
1574 1504 1708 1533 fecerunt.

912 1551 1024 1579 Stabant
1041 1555 1134 1578 autem
1161 1551 1238 1587 juxta
1258 1558 1368 1578 crucem
1393 1551 1459 1578 Jesu
1477 1554 1567 1578 mater
1593 1550 1663 1586 ejus,
1685 1553 1711 1578 et

913 1604 991 1624 soror
1005 1596 1099 1623 matris
1114 1595 1173 1632 ejus
1188 1595 1272 1623 Maria
1288 1595 1425 1631 Cleophae,
1446 1599 1474 1623 et
1494 1595 1579 1623 Maria
1596 1594 1710 1631 Magda-

909 1640 977 1668 lene.
998 1642 1068 1668 Cum
1093 1640 1203 1668 vidisset
1222 1648 1287 1676 ergo
1301 1642 1383 1668 Jesus
1403 1644 1521 1668 matrem
1544 1648 1575 1667 ac
1590 1640 1711 1675 discipu-

909 1686 964 1713 lum
994 1689 1130 1713 astantem
1150 1693 1233 1721 quem
1253 1684 1395 1719 diligebat,
1424 1684 1491 1713 dicit
1521 1685 1600 1712 matri
1623 1692 1679 1712 sum
1700 1693 1708 1713 :

909 1730 1014 1763 Mulier,
1041 1738 1103 1757 ecce.
1130 1730 1200 1757 filius
1230 1734 1305 1758 tuus.
1326 1729 1427 1757 Deinde
1452 1730 1518 1758 dicit
1547 1729 1708 1765 discipulo:

909 1776 978 1802 Ecce
997 1779 1086 1802 mater
1102 1779 1158 1802 tua.
1177 1776 1211 1802 Et
1229 1782 1263 1802 ex
1279 1774 1323 1801 illa
1343 1775 1410 1802 hora
1431 1775 1536 1808 accepit
1550 1782 1609 1802 eam
1630 1774 1710 1802 disci-

908 1819 988 1855 pulus
1005 1819 1031 1846 in
1052 1818 1112 1846 sua.
1129 1828 1143 1843 ι)
1172 1819 1273 1846 Milites
1292 1819 1403 1854 quidem
1423 1819 1558 1847 faciebant
1583 1827 1633 1854 pro
1661 1826 1708 1846 sua

907 1863 1070 1899 insipientia.
1089 1865 1150 1899 ipse
1165 1867 1255 1890 autem
1270 1863 1365 1890 matris
1383 1871 1479 1891 curam
1499 1863 1591 1894 habet,
1605 1862 1709 1890 docens

907 1916 958 1936 nos
980 1916 1066 1944 usque
1087 1908 1120 1935 ad
1142 1912 1298 1935 extremum
1319 1908 1446 1943 spiritum
1470 1915 1584 1935 omnem
1606 1907 1706 1934 habere

906 1952 1005 1981 debere
1027 1961 1123 1981 curam
1150 1960 1247 1980 eorum
1268 1953 1316 1988 qui
1340 1960 1392 1980 nos
1409 1956 1573 1988 genuerunt.
1598 1953 1633 1979 Et
1648 1951 1708 1979 vide

906 1997 1044 2034 quomodo
1062 2006 1124 2026 cum
1138 2002 1230 2025 essent
1245 2001 1273 2025 et
1282 1997 1342 2025 aliae
1360 1997 1498 2029 mulieres,
1513 1997 1596 2025 solius
1613 1996 1708 2025 matris

906 2051 1000 2071 curam
1033 2047 1104 2079 agat.
1138 2043 1208 2070 Nam
1233 2046 1343 2078 oportet
1358 2042 1468 2078 quidem
1495 2042 1651 2077 parentibus
1673 2042 1707 2071 ad

907 2087 1036 2123 pietatem
1061 2087 1256 2115 obsistentibus
1275 2095 1331 2114 non
1354 2095 1459 2123 parere,
1483 2095 1539 2115 non
1571 2087 1706 2116 obsisten-

905 2133 980 2160 tibus
993 2137 1085 2160 autem
1111 2132 1186 2160 omni
1204 2140 1268 2160 cura
1286 2132 1402 2165 servire;
1422 2133 1492 2160 sicut
1513 2136 1541 2160 et
1563 2132 1620 2168 ipse
1642 2141 1707 2162 cum

906 2177 1036 2213 migraret
1054 2176 1145 2211 evita,
1167 2176 1242 2213 quod
1262 2177 1404 2205 verisimile
1428 2181 1487 2204 erat
1509 2181 1627 2205 matrem
1655 2177 1707 2206 do-

865 2221 891 2253 D
907 2222 961 2250 lere
984 2225 1012 2249 et
1031 2221 1187 2257 praesidium
1207 2222 1356 2257 requirere,
1381 2221 1552 2250 concredidit
1570 2222 1705 2258 discipulo

906 2266 1096 2303 praefecturam
1109 2267 1178 2303 ejus.
1192 2267 1318 2294 Occultat
1331 2271 1425 2294 autem
1444 2267 1586 2303 proprium
1602 2275 1706 2296 nomen

905 2311 1079 2347 evangelista,
1100 2311 1242 2339 modestia:
1261 2311 1360 2345 gratia.
1380 2313 1450 2339 Nam
1472 2312 1493 2339 si
1515 2311 1646 2340 voluisset
1663 2320 1707 2340 ar-

905 2365 1005 2392 rogans
1017 2364 1086 2390 esse,
1101 2364 1212 2384 causam
1223 2356 1306 2383 etiam
1319 2357 1489 2392 apposuisset
1500 2360 1612 2392 propter
1623 2365 1707 2393 quam

905 2400 1002 2429 fuisset
1038 2401 1162 2429 dilectus.
1193 2401 1303 2429 Etenim
1330 2401 1477 2429 verisimile
1500 2406 1559 2430 erat
1577 2409 1706 2438 magnam

903 2446 1050 2482 quamdam
1068 2445 1149 2474 istam
1167 2453 1226 2473 esse
1241 2450 1267 2473 et
1283 2445 1447 2474 mirabilem.
1468 2447 1529 2474 Jam
1546 2454 1622 2482 papa:
1637 2455 1707 2483 quo-

904 2491 988 2519 modo
1006 2491 1124 2518 honorat
1133 2491 1308 2526 discipulum.
1322 2490 1438 2519 fratrem
1452 2499 1533 2519 suum
1546 2491 1624 2519 illum
1638 2491 1706 2520 faci-

905 2538 971 2564 ens?
991 2537 1087 2572 Usque
1109 2536 1176 2564 adeo
1197 2536 1300 2563 bonum
1316 2539 1356 2564 est
1378 2544 1490 2564 manere
1508 2535 1581 2572 apud
1599 2537 1706 2572 patien-

904 2585 961 2609 tem
980 2580 1132 2613 Christum;
1152 2589 1218 2608 nam
1249 2581 1275 2608 in
1296 2580 1495 2608 fraternitatem
1519 2581 1591 2608 illius
1617 2580 1703 2609 ducit.

905 2625 1050 2653 Admirare
1061 2629 1153 2653 autem
1173 2625 1314 2661 quomodo
1341 2625 1369 2653 in
1386 2633 1466 2654 cruce
1489 2625 1580 2653 omnia
1601 2625 1705 2659 absque

905 2670 1061 2698 turbatione
1086 2670 1160 2703 facit.
1185 2671 1282 2698 matris
1316 2678 1410 2698 curam
1437 2678 1530 2706 agens,
1552 2669 1707 2705 prophetias

906 2715 1035 2750 implens,
1067 2715 1167 2743 latroni
1186 2715 1342 2751 paradisum
1364 2716 1496 2752 aperiens,
1516 2718 1580 2742 ante
1597 2721 1705 2741 crucem

906 2764 997 2788 autem
1011 2759 1149 2793 laborans,
1164 2760 1267 2788 sudans
1281 2761 1378 2788 anxius
1394 2769 1401 2786 :
1421 2763 1502 2795 atque
1519 2759 1578 2787 hmc
1594 2757 1706 2794 quidem
