1927 3076
263 155 315 182 267

771 151 1025 180 THEOPHYLACTI
1045 151 1223 181 BULGARIA‘I
1242 151 1399 179 ARCHIEP.
1849 154 1892 180 268

261 215 383 245 audisset
403 215 477 244 hunc
499 223 668 248 sermonem,
693 215 824 251 produxit
850 214 926 243 foras
947 217 1056 248 Jesum,

1119 215 1197 248 λάτος
1218 214 1332 248 ἀκούσας
1356 215 1447 242 τοῦτον
1472 212 1516 242 τὸν
1542 212 1638 252 λόγον,
1666 213 1764 252 ἤγαγεν
1787 214 1833 248 ἔξω
1855 217 1892 246 τὸν

260 261 384 297 seditque
393 269 443 297 pro
458 261 590 288 tribunali
604 261 631 288 in
646 261 707 288 loco
722 260 767 296 qui
781 259 879 288 dicitur
904 259 1056 288 Lithostro-

261 310 316 341 tos,
332 306 457 333 hebraice
475 309 570 334 autem
592 305 742 333 Gabbatha.
769 306 836 332 Erat
852 309 946 332 autem
975 313 1057 340 para-

263 359 341 379 sceve
364 350 488 384 Paschae,
504 350 570 378 hora
583 349 669 378 ferme
692 353 781 377 sexta.
808 361 821 373 ι
837 351 987 385 Postquam
1003 351 1059 377 Do-

262 395 358 422 minus
375 395 530 431 perstrinxit
543 394 661 422 Pilatum
682 402 729 430 per
746 394 836 428 verba,
853 398 883 422 et
901 394 1056 422 excusatio-

262 447 327 468 nem
343 439 400 468 sive
411 438 598 467 defensionem
613 439 752 473 adhibuit,
765 439 839 474 quod
854 439 910 466 Nisi
931 439 1058 467 volunta-

262 484 321 512 rius
336 492 387 520 ego
407 484 543 520 meipsum
556 483 661 518 darem,
681 488 707 511 et
720 485 800 511 Pater
814 483 986 517 concederet,
1002 491 1057 510 non

262 529 376 556 haberes
397 532 561 564 potestatem
583 532 678 556 contra
696 536 752 562 me,
773 532 801 556 et
823 527 895 564 quod
917 532 1058 564 peccatum

261 573 361 601 habeas
376 577 404 602 et
416 578 456 608 tu,
473 577 502 602 et
516 573 602 602 Judas
619 577 715 601 tamen
726 573 828 609 majus,
849 572 896 610 qui
914 581 958 600 me
972 572 1057 600 tradi-

261 617 312 653 dit,
329 618 371 646 vel
393 618 477 646 etiam
500 618 626 655 populus,
650 626 682 646 eo
698 618 772 654 quod
795 629 808 642 αι
825 619 913 654 Super
934 617 1058 646 dolorem

261 663 404 690 vulnerum
422 671 548 691 meorum
561 662 668 690 addidit
681 663 703 697 ',
720 667 747 691 et
768 670 825 690 non
839 667 880 690 est
899 662 1058 690 recordatus

261 711 292 735 ut
303 707 385 736 faciat
399 708 615 736 misericordiam
627 707 650 740 ³,
672 720 685 732 ν
704 707 752 736 sed
768 716 832 735 cum
845 707 993 735 invenisset
1012 715 1058 735 me

260 753 411 788 patrocinio
432 756 460 780 et
485 752 624 788 adjutorio
645 752 821 786 destitutum,
841 752 914 780 cruci
937 752 1058 787 tradidit,

260 801 287 825 et
298 805 390 833 neque
409 797 472 825 talia
481 797 584 833 judicia
599 798 627 825 in
641 796 740 833 quibus
762 797 890 824 innoxius
904 796 1058 825 declaratus

259 850 334 875 sum,
357 850 421 870 eum
447 842 600 878 placarunt,
626 842 674 870 sed
697 841 845 877 clamabat,
873 852 886 865 α
912 841 1056 877 Cruciﬁge,

260 887 391 924 cruciﬁge
412 897 418 915 :
438 899 450 912 ν
465 895 527 914 cum
543 887 585 921 iis,
610 887 734 922 inquam,
751 886 830 914 dictis
845 886 982 914 Dominus
997 895 1057 923 per-

259 931 414 960 strinxisset
427 932 556 966 Pilatum,
575 943 587 956 α
605 931 745 967 quaerebat
764 939 794 959 ex
812 931 864 959 hoc
881 943 893 955 υ
910 931 953 959 ille
968 932 1058 967 magis

260 987 273 1001 ι
291 976 431 1004 dimittere
446 985 520 1005 eum.
538 988 551 1000 »
567 976 656 1004 Judaei
670 981 763 1004 autem
779 983 844 1003 cum
863 975 954 1012 ipsum
974 984 1057 1004 accu-

257 1025 363 1050 sassent
376 1021 449 1057 quod
465 1023 556 1049 Deum
577 1029 606 1049 se
621 1020 733 1054 faceret,
750 1020 835 1057 748
849 1029 881 1049 ac
903 1021 991 1057 legem
1006 1021 1057 1049 ob-

255 1066 397 1102 jecissent,
412 1074 441 1094 se
463 1066 547 1094 refelli
567 1066 700 1102 putabant
725 1069 766 1099 (ex
783 1066 835 1093 hoc
854 1066 957 1093 Pilatus
971 1066 1058 1102 magis

257 1111 362 1144 timuit,
372 1115 400 1138 et
411 1111 496 1138 voluit
506 1111 644 1139 dimittere
653 1119 728 1144 eum,
740 1119 775 1138 ne
786 1110 856 1138 forte
870 1113 958 1138 Deum
971 1110 1058 1139 offen-

256 1155 354 1189 deret),
371 1155 473 1184 iterum
496 1155 659 1191 confugiunt
672 1156 707 1184 ad
729 1160 858 1183 externas
879 1155 964 1191 leges,
978 1160 1006 1183 et
1026 1159 1058 1184 ut

255 1201 452 1228 meticulosum
475 1204 580 1228 terrent
604 1200 733 1228 Pilatum.
760 1201 832 1228 Nam
855 1200 917 1236 quia
933 1200 1059 1228 viderant

256 1253 320 1274 eum
329 1245 432 1281 pietate
443 1245 559 1278 moveri,
574 1253 606 1272 ne
622 1245 723 1273 Filium
739 1245 787 1272 Dei
802 1244 951 1273 occidendo
962 1245 1059 1274 Jesum

257 1294 360 1326 peccet,
376 1295 485 1318 metum
499 1290 616 1318 Caesaris
632 1290 777 1323 incutiunt,
793 1293 821 1318 et
832 1295 993 1318 accusantes
1004 1291 1060 1319 Do-

253 1335 362 1363 minum
377 1334 413 1363 de
426 1335 582 1371 tyrannide,
600 1335 720 1363 Pilatum
744 1335 834 1370 magis
857 1338 960 1362 terrent
977 1335 1058 1371 quasi

256 1379 429 1408 offensurum
438 1381 587 1414 Casarem,
601 1379 624 1407 si
635 1379 766 1407 rebellem
781 1379 858 1406 illum
871 1379 1009 1407 dimittat.
1025 1381 1061 1416 Et

254 1424 302 1453 ubi
315 1425 361 1452 ille
378 1425 406 1452 in
420 1424 565 1460 tyrannide
579 1424 784 1460 deprehensus?
799 1423 881 1452 Unde
896 1428 990 1452 autem
1005 1424 1058 1453 hoc

254 1469 423 1498 ostendetis?
434 1477 502 1497 num
516 1477 530 1496 a
542 1470 682 1504 purpura?
695 1476 761 1496 num
774 1476 790 1496 a
801 1468 974 1498 diademate?
989 1478 1056 1499 num

1112 261 1215 296 Ἰησοῦν
1226 282 1234 296 ,
1248 258 1294 288 καὶ
1309 257 1430 288 ἐκάθισεν
1452 257 1496 287 ἐπὶ
1519 260 1564 287 τοῦ
1579 257 1699 298 βήματος
1715 259 1751 292 εἷς
1765 259 1840 288 τόπον
1853 259 1890 287 λε·

1111 306 1223 346 γόμενον
1239 303 1421 343 Λιθόστρωτον
1432 325 1441 340 ,
1455 302 1597 342 Ἐϐραϊστὶ
1613 302 1639 332 δὲ
1657 303 1795 334 Γαϐϐαθᾶ.
1806 299 1856 334 ’Ἦν
1867 303 1890 332 δὲ

1113 348 1272 390 παρασκευὴ
1282 351 1327 377 τοῦ
1343 349 1442 387 Πάσχα
1452 370 1459 384 ,
1475 347 1532 388 ὥρα
1547 347 1575 377 δὲ
1585 347 1649 377 ὡσεὶ
1665 348 1740 384 ἕκτη.
1755 359 1769 377 ι)
1789 347 1891 384 Ἐπειδὴ

1113 393 1262 430 κατέπληξε
1277 393 1321 422 τὸν
1338 393 1457 423 Πιλάτον
1479 394 1493 421 ὁ
1511 392 1605 432 Κύριος
1628 393 1671 422 διὰ
1693 394 1745 422 τῶν
1763 393 1891 434 ῥημάτων,

1113 441 1159 470 καὶ
1175 441 1245 480 σαφῆ
1261 438 1411 476 παρέσχετο
1423 436 1471 473 τὴν
1487 437 1649 476 ἀπολογίαν,
1665 436 1705 467 ὅτι
1727 438 1760 467 Εἰ
1779 437 1816 475 μὴ
1835 437 1891 467 ἑκὼν

1113 484 1166 522 ἐγὼ
1181 483 1294 520 ἐμαυτὸν
1319 483 1433 518 ἐδίδουν,
1456 482 1502 511 καὶ
1525 483 1539 511 ὁ
1556 481 1651 521 Πατὴρ
1677 481 1833 521 συνεχώρει,
1854 482 1892 510 οὐκ

1114 525 1182 569 εἶχες
1195 526 1314 562 ἐξουσίαν
1330 528 1390 556 κατ’
1405 527 1486 565 ἐμοῦ,
1505 526 1551 556 καὶ
1566 527 1607 556 ὅτι
1627 526 1760 566 ἁμαρτίαν
1775 525 1842 566 ἔχεις
1855 525 1893 554 καὶ

1113 574 1164 610 σὺ,
1181 573 1226 602 καὶ
1249 572 1355 610 μείζονα
1384 571 1486 604 Ἰούδας
1513 573 1528 600 ὁ
1542 571 1702 611 παράδιδούς
1725 583 1774 610 με,
1793 570 1810 606 ἣ
1830 570 1894 600 καὶὸ

1113 618 1175 652 λαὸς
1185 640 1193 655 ,
1209 616 1274 647 διότι
1287 630 1298 644 α
1315 616 1380 647 Ἐπὶ
1390 616 1420 646 τὸ
1430 617 1509 654 ἄλγος
1524 617 1575 645 τῶν
1590 615 1752 656 τραυμάτων
1764 627 1812 653 μου
1822 626 1893 655 προσ·

1113 664 1190 699 έθηκε
1199 685 1206 698 ,
1221 662 1267 691 καὶ
1288 662 1336 690 οὐκ
1351 660 1473 699 ἐμνήσθη
1496 662 1606 695 ποιῆσαι
1619 660 1690 695 ἔλεος
1699 684 1706 697 ,
1721 674 1732 687 ι
1745 659 1806 689 ἀλλ’
1819 659 1893 699 εὑρών

1114 720 1146 746 με
1168 706 1367 746 ἀσυνηγόρητον
1388 705 1433 734 καὶ
1448 705 1597 741 ἀϐοήθητον
1607 728 1616 741 ,
1632 707 1740 745 σταυρῷ
1755 704 1893 745 παρέδωκε,

1113 753 1158 782 καὶ
1174 751 1232 782 οὐδὲ
1247 753 1364 780 τοσαῦτα
1381 750 1557 790 δικαστήρια,
1576 750 1601 785 ἐξ
1618 745 1655 780 ὧν
1677 749 1809 783 ἀνεύθυνος
1829 748 1893 783 ἐξῆλ-

1113 801 1168 834 θον,
1184 795 1414 831 κατεδυσωπήθη,
1429 796 1489 824 ἀλλ’
1505 794 1587 834 ἐϐόα,
1604 809 1616 821 ι
1633 794 1806 834 Σταύρωσον,
1822 791 1894 822 σταύ-

1114 853 1205 882 ρωσον
1221 856 1232 868 ι
1251 841 1307 870 ἐπεὶ
1330 836 1375 870 οἷν
1401 842 1484 869 ταῦτα
1505 839 1614 870 ιίπὼνὸ
1640 840 1737 879 Κύριος
1760 836 1895 871 κατέπληξε

1111 887 1154 917 τὸν
1172 887 1301 922 Πιλάτον,
1322 884 1433 921 «ἐζήτει
1448 886 1478 914 ἐκ
1492 885 1584 915 τούτου
1599 896 1614 913 ι)
1631 885 1733 924 μᾶλλον
1753 884 1895 913 «ἀπολῦσαι

1113 932 1199 961 αὐτόν.
1220 946 1230 957 υ
1257 931 1383 960 Ἰουδαῖοι
1399 929 1443 969 δὲ,
1462 929 1520 959 ἐπεὶ
1542 931 1577 963 ὡς
1592 930 1662 960 Θεὸν
1678 932 1799 959 ποιοῦντα
1814 926 1893 957 ἑαυτὸν

1113 977 1312 1011 διαϐάλλοντες,
1336 974 1382 1004 καὶ
1405 974 1449 1004 τὸν
1474 974 1551 1012 νόμον
1579 973 1797 1014 προσενεγκόντες
1825 971 1893 1009 ἠλέγ-

1110 1024 1212 1062 χθησάν
1238 1020 1267 1060 (ὁ
1284 1019 1336 1060 γὰρ
1354 1019 1469 1052 Πιλάτος
1493 1020 1521 1048 ἐκ
1537 1019 1629 1049 τούτου
1651 1019 1752 1058 μᾶλλον
1771 1016 1891 1062 ἐφοϐήθη,

1111 1060 1156 1095 καὶ
1178 1065 1302 1095 ἐϐούλετο
1315 1066 1447 1094 ἀπολῦσαι
1460 1065 1552 1100 αὐτὸν,
1569 1063 1665 1102 μήπως
1680 1065 1742 1103 Θεῷ
1756 1060 1893 1102 προσκρού-

1111 1109 1171 1150 σῃ·)
1191 1111 1271 1139 πάλιν
1298 1109 1342 1139 ἐπὶ
1364 1109 1424 1142 τοὺς
1445 1108 1494 1143 ἔξω
1510 1110 1604 1147 νόμους
1628 1103 1894 1150 καταφεύγουσι,-καὶ

1111 1149 1147 1189 ὡς
1169 1155 1285 1195 ψοφοδεῆ
1314 1154 1454 1194 ἐκφοϐοῦσι
1480 1153 1524 1183 τὸν
1550 1153 1676 1184 Πιλάτον.
1701 1152 1751 1186 “Ως
1772 1150 1821 1191 γὰρ
1836 1149 1893 1195 έῖδον

1113 1193 1192 1230 αὐτὸν
1210 1193 1419 1236 εὐλαϐούμενον,
1445 1198 1482 1237 μὴ
1498 1198 1562 1228 Υἱὸν
1580 1201 1651 1230 Θεοῦ
1663 1198 1727 1228 ὄντα
1743 1193 1893 1235 κατακρίνων

1113 1245 1157 1274 τὸν
1174 1244 1278 1280 Ἰησοῦν
1301 1244 1426 1284 ἁμάρτῃ,
1454 1243 1498 1273 τὸν
1522 1243 1602 1284 φόϐον
1622 1246 1668 1272 τοῦ
1687 1242 1818 1281 Καίσαρος
1841 1240 1891 1268 ἐπι-

1114 1289 1228 1319 σείουσιν
1241 1290 1330 1328 αὐτῷ,
1349 1288 1395 1318 καὶ
1411 1287 1456 1317 ἐπὶ
1475 1288 1610 1328 τυραννίδι
1622 1287 1667 1318 τὸν
1684 1287 1779 1327 Κύριον
1795 1283 1893 1314 διαϐάλι

1112 1334 1217 1371 λοντες,
1245 1334 1431 1372 ἔκδειματοῦσι
1457 1333 1501 1362 τὸν
1520 1334 1653 1369 Πιλάτον,
1674 1334 1709 1366 ὡς
1733 1328 1891 1371 προσκρούειν

1113 1379 1243 1418 μέλλοντα
1266 1378 1401 1418 Καίσαρι,
1427 1377 1499 1417 εἴγε
1524 1377 1652 1407 ἀπολύσει
1675 1376 1720 1407 τὸν
1747 1377 1889 1418 ἀνταίροντα

1113 1425 1194 1464 αὐτῷ.
1228 1423 1282 1454 Καὶ
1307 1426 1358 1453 ποῦ
1385 1423 1534 1462 τυραννίδος
1561 1418 1634 1456 οὗτος
1663 1422 1753 1458 ἑάλω,
1779 1420 1850 1450 πόθεν
1869 1416 1890 1464 ii

1111 1472 1186 1498 τοῦτο
1203 1468 1313 1504 δείξετες
1331 1467 1395 1498 Ἀπὸ
1418 1469 1466 1502 τῆς
1482 1467 1656 1506 ἁλουργίδος;
1680 1466 1733 1496 ἀπὸ
1747 1467 1790 1494 τοῦ
1806 1461 1890 1497 διαδή-

255 1523 272 1543 a
295 1514 459 1542 militaribus
483 1513 584 1549 signis?
605 1521 698 1541 nonne
714 1513 808 1540 omnia
838 1521 900 1549 quae
925 1513 1055 1550 habebat,

1112 1525 1192 1552 ματος
1205 1524 1213 1551 ;
1231 1513 1284 1543 ἀπὸ
1305 1515 1357 1542 τῶν
1378 1513 1591 1552 στρατιωτικῶν;
1613 1513 1655 1542 Οὐ
1671 1511 1760 1541 πάντα
1776 1509 1844 1547 αὖτῷ
1858 1507 1892 1560 εξο

1245 1558 1249 1560 .
1315 1559 1321 1560 ,
1338 1557 1342 1560 .
1416 1557 1420 1560 .
1512 1557 1517 1560 .
1592 1556 1596 1560 .
1629 1552 1643 1560 ιν
1760 1556 1765 1560 .
1809 1551 1844 1560 ..ι

254 1559 336 1587 vilia?
351 1563 379 1586 et
392 1560 463 1586 stola
483 1562 510 1586 et
524 1558 614 1592 cibus,
635 1563 663 1586 et
682 1558 799 1586 domus?
814 1559 874 1586 Imo
888 1558 914 1587 ei
939 1567 990 1587 nec
1003 1560 1056 1589 ἀο-

256 1611 320 1631 mus
335 1607 404 1631 erat.
421 1603 474 1631 Sed
488 1611 505 1631 ο
520 1603 642 1630 Pilatum
657 1611 755 1638 parum
770 1603 890 1631 virilem!
907 1604 1058 1634 Periclitari

256 1648 310 1677 sibi
326 1648 399 1675 visus
413 1653 465 1682 est,
490 1648 510 1676 si
532 1648 645 1684 quidem
660 1647 730 1675 hanc
752 1655 863 1676 causam
876 1648 1058 1679 indiscussam

254 1693 412 1729 negligeret.
430 1694 502 1721 Nam
521 1693 593 1720 vadit
615 1693 725 1728 quidem
749 1693 825 1729 quasi
849 1694 1058 1724 examinaturus

255 1738 410 1775 negotium,
432 1739 485 1766 hoc
504 1738 578 1765 enim
600 1738 684 1765 sessio
702 1738 846 1774 signiﬁcat.
872 1739 950 1768 Nulla
965 1745 1057 1769 autem

256 1784 461 1812 examinatione
476 1782 561 1817 facta,
583 1783 669 1811 tradit
684 1783 771 1816 illum,
785 1784 946 1813 existimans
967 1793 997 1813 se
1019 1785 1058 1813 sic

259 1828 321 1856 illos
342 1829 526 1864 placaturum.
551 1828 698 1863 Quomodo
713 1832 816 1863 autem,
835 1830 929 1857 Marco
951 1829 1057 1858 dicente

256 1874 369 1902 tertiam
395 1873 491 1901 horam
516 1873 627 1909 quando
649 1873 775 1901 Christus
799 1875 1010 1910 cruciﬁgebatur
1034 1874 1056 1910 ⁵,

255 1920 376 1947 Joannes
394 1922 501 1946 sextam
514 1918 579 1945 dicit
592 1918 622 1945 5?
638 1918 722 1954 Igitur
736 1918 789 1946 hoc
806 1919 915 1947 solvunt
929 1919 1054 1955 quidam,

255 1964 330 2000 quod
340 1964 483 1999 scriptura
497 1971 574 1990 error
585 1963 629 1990 sit.
640 1965 710 1991 Nam
722 1963 813 1991 littera
822 1964 932 1999 quidem
945 1971 1056 2000 gamma

255 2009 368 2037 tertiam
387 2008 486 2036 horam
500 2008 644 2044 signiﬁcat,
661 2014 688 2037 et
702 2013 744 2036 est
754 2009 894 2036 character
907 2009 965 2044 ejus
980 2009 1054 2044 talis,

256 2054 290 2087 I‘;
309 2054 401 2081 littera
414 2057 509 2081 autem
525 2061 585 2089 qua
599 2058 706 2082 sextam
726 2054 832 2090 signat,
848 2053 933 2081 habet
955 2053 1054 2082 chara-

255 2103 359 2127 cterem
373 2099 465 2133 talem,
477 2099 517 2133 ς.
533 2099 689 2127 Verisimile
714 2099 796 2133 igitur
811 2098 929 2125 litteram
944 2106 1053 2134 gamma

255 2152 272 2171 a
291 2143 470 2179 scriptoribus
489 2151 547 2171 non
565 2144 676 2172 attentis
693 2143 824 2170 transisse
842 2150 873 2170 ea
900 2147 977 2178 parte
992 2152 1054 2180 qua:

256 2189 284 2216 in
301 2188 500 2224 longitudinem
525 2193 630 2216 rectam
646 2188 848 2224 producebatur
867 2187 1010 2216 incurvata
1026 2189 1054 2216 in

256 2232 443 2262 characterem
458 2233 583 2269 episemi,
598 2241 654 2269 quo
669 2236 764 2260 sextus
776 2239 910 2260 numerus
921 2233 1054 2268 signatur,

256 2283 282 2306 et
307 2279 345 2306 sic
362 2286 484 2306 errorem
496 2278 571 2306 hunc
588 2282 689 2305 ortum.
714 2276 795 2311 Quod
813 2280 907 2304 autem
921 2277 974 2305 hoc
987 2278 1057 2305 veri-

254 2323 347 2351 simile
366 2323 401 2351 sit
421 2323 524 2351 factum
548 2330 618 2356 esse,
633 2327 660 2350 et
677 2321 787 2349 tertiam
802 2321 899 2349 horam
923 2322 1055 2357 scriptam

257 2376 316 2396 esse
337 2369 420 2396 etiam
444 2368 519 2403 apud
542 2370 691 2400 Joannem,
717 2371 744 2394 et
763 2374 819 2394 non
843 2370 959 2402 sextam,
986 2367 1056 2395 sicut

255 2421 342 2447 nunc,
358 2412 538 2441 manifestum
553 2411 616 2438 hinc
630 2415 680 2438 est.
695 2412 767 2439 Nam
789 2419 852 2438 cum
865 2415 924 2439 trcs
938 2419 1055 2445 evange-

254 2458 334 2492 listae,
365 2458 522 2491 Malthaeus,
553 2457 662 2483 Marcus
689 2459 717 2483 et
754 2457 842 2484 Lucas
875 2461 1055 2484 consonanter

254 2503 347 2532 dicant
361 2502 435 2539 quod
459 2513 473 2526 ι
488 2509 504 2529 a
525 2505 600 2528 sexta
616 2499 684 2529 hora
696 2501 816 2529 tenebrae
833 2501 912 2529 facta:
933 2505 999 2529 sunt
1011 2509 1054 2529 su-

253 2555 302 2584 per
317 2548 474 2576 universam
490 2551 591 2573 terram
606 2553 691 2581 usque
705 2546 739 2574 ad
755 2545 852 2574 horam
874 2554 978 2574 nonam
998 2546 1021 2579 ⁵,
1039 2558 1051 2571 Ι

251 2592 429 2621 manifestum
445 2591 522 2626 quod
538 2591 674 2619 Dominus
690 2595 784 2618 nOstcr
797 2595 860 2618 ante
882 2596 988 2619 sextam
1004 2591 1054 2619 ho-

251 2646 321 2668 ram,
354 2637 512 2672 priusquam
549 2635 647 2663 ﬁerent
671 2636 805 2669 tenebrat,
838 2636 983 2664 cruciﬁxus
1006 2637 1051 2670 sit,

251 2682 353 2710 scilicet
370 2681 478 2708 circiter
491 2681 587 2708 horam
603 2681 725 2713 tertiam,
740 2681 810 2709 sicut
826 2682 936 2709 Marcus
951 2682 1051 2716 prodit,

250 2730 278 2755 ct
301 2727 421 2754 Joannes
447 2726 586 2760 similiter,
613 2726 737 2762 quamvis
765 2725 944 2754 scribentium
974 2734 1053 2754 error

284 2817 377 2846 'Psal.
395 2824 505 2851 vam,
521 2819 566 2844 27.
605 2815 700 2845 3Psal.
716 2824 806 2851 cvm,
823 2818 868 2844 ιϐ.

919 2816 931 2833 ⁸
947 2818 1032 2845 Marc.
1047 2819 1150 2852 xv,25.

1114 1545 1192 1596 τελῆ;
1206 1545 1255 1588 ’καὶ
1268 1557 1365 1594 στολὴ,
1379 1545 1425 1586 καλ
1440 1557 1540 1598 τροφὴ,
1556 1556 1602 1586 καὶ
1617 1552 1689 1591 οἶκος
1700 1579 1708 1593 ,
1725 1556 1769 1586 καὶ
1792 1551 1846 1583 οὐδὲ
1855 1545 1891 1598 Δοἷ’-

1112 1614 1174 1640 κος;
1190 1603 1260 1633 Ἀλλ’
1276 1601 1298 1631 ὦ
1313 1604 1359 1638 τῆς
1375 1596 1514 1641 ἀνανδρίας
1533 1606 1577 1632 τοῦ
1595 1602 1732 1632 Πιλάτουι
1750 1596 1891 1629 κινδυνεύειν

1112 1648 1283 1687 νομίσαντας,
1305 1648 1328 1676 εἰ
1350 1646 1462 1686 περιίδοι
1484 1646 1608 1683 τοιαύτην
1633 1648 1756 1677 ὑπόθεσιν
1783 1641 1891 1687 ἀνεξέτας

1113 1704 1185 1723 στον.
1203 1691 1360 1731 Ἐξέρχεται
1377 1690 1442 1729 μὲν,
1466 1693 1500 1724 ὡς
1515 1691 1644 1726 ἐξετάσων
1671 1691 1701 1720 τὸ
1727 1693 1836 1729 πρᾶγμα
1850 1682 1890 1722 (τὸ

1111 1736 1162 1777 γὰρ
1192 1737 1302 1766 καθίσαι
1328 1738 1405 1766 τοῦτο
1430 1736 1551 1776 ἐδήλου),
1580 1736 1704 1774 οὐδεμίαν
1733 1734 1759 1763 δὲ
1788 1731 1888 1782 ἐξέτασιν

1111 1781 1304 1820 ποιησάμενος,
1326 1781 1506 1821 παραδίδωσιν
1528 1781 1622 1818 αὐτὸν,
1647 1781 1759 1818 νομίζων
1776 1778 1888 1821 δυσωπή-

1111 1838 1166 1855 σειν
1193 1826 1296 1860 αὐτούς.
1323 1827 1387 1859 Πῶς
1403 1825 1430 1854 δὲ
1456 1828 1502 1855 τοῦ
1529 1826 1640 1866 Μάρκου
1668 1825 1787 1863 λέγοντος
1811 1818 1890 1866 τρίτην

1110 1870 1182 1911 ὥραν
1197 1867 1281 1908 εἶναι,
1297 1871 1340 1900 ὅτε
1364 1872 1378 1899 ὁ
1401 1871 1515 1911 Χριστὸς
1543 1863 1719 1910 ἐσταυροῢτο,
1743 1870 1757 1897 ὃ
1778 1863 1891 1911 Ἰωάννης

1109 1910 1187 1952 ἕκτην
1210 1915 1291 1956 cmi;
1311 1910 1434 1946 AtIJOUO'tVV
1450 1910 1494 1944 οὖν
1514 1918 1600 1952 τοῦτο,
1624 1915 1693 1949 τινὲς
1710 1912 1769 1952 μὲν,
1782 1910 1820 1939 δτι
1833 1917 1891 1956 ἶν’

1110 1960 1184 2001 φικὸν
1199 1961 1229 1990 τὸ
1243 1961 1363 2001 σφάλμα’
1379 1960 1409 1990 τὸ
1424 1959 1471 1998 μὲν
1486 1959 1536 2000 γὰρ
1551 1960 1649 2000 γάμμα
1665 1961 1712 1996 τὴν
1729 1956 1815 1997 τρίτην
1829 1952 1890 2001 5’9"?

1108 2005 1254 2044 σημαίνει,
1275 2005 1321 2035 καὶ
1336 2004 1407 2034 ἔστιν
1430 2007 1444 2035 ὅ
1460 2005 1601 2045 χαρακτὴρ
1617 2005 1700 2035 αὐτοῦ
1713 2003 1842 2045 τοιοῦτος)
1885 2003 1889 2008 ’

1108 2050 1138 2079 τὸ
1154 2051 1181 2080 δὲ
1195 2049 1358 2088 καλούμενον
1373 2050 1503 2088 ἐπίσημον
1514 2072 1523 2085 ,
1539 2048 1586 2086 τὴν
1602 2050 1701 2087 ἕκτην,
1721 2046 1766 2078 καὶ
1783 2044 1835 2083 ἔχει
1854 2049 1889 2068 τον

1109 2098 1268 2135 χαρακτῆρα
1283 2095 1382 2125 τοιόνδε
1394 2119 1402 2132 ,
1421 2094 1473 2133 (ξ’.
1500 2095 1580 2128 Εἰκὸς
1606 2090 1650 2125 οὖν
1667 2094 1696 2123 τὸ
1711 2092 1805 2132 γάμμα
1827 2094 1890 2115 στω·

1107 2144 1178 2180 χεῖον
1195 2140 1247 2170 ἀπὸ
1267 2142 1312 2176 τῆς
1329 2139 1487 2180 ἀπροσεξίας
1511 2141 1563 2169 τῶν
1585 2137 1809 2180 μεταγραφόντων
1829 2140 1890 2182 κυρξ

1111 2186 1239 2220 τωθείσης
1267 2187 1313 2221 τῆς
1335 2185 1534 2224 ἀποτεταμένης
1558 2184 1659 2219 εὐθείας
1684 2187 1719 2217 εἷς
1745 2182 1890 2225 μῆκῆςνκείί

1109 2230 1152 2259 τὸν
1163 2233 1208 2260 τοῦ
1224 2231 1355 2270 ἐπισήμου
1372 2232 1564 2270 μεταχωρῆσαι
1583 2232 1757 2270 χαρακτῆρα,
1773 2221 1816 2253 καὶ
1832 2229 1890 2273 cf”?

1108 2277 1155 2311 τὴν
1177 2275 1280 2311 πλάνην
1306 2275 1406 2312 ταύτην
1431 2275 1563 2315 γενέσθαι.
1586 2274 1652 2305 Ὅτι
1681 2273 1709 2303 δὲ
1734 2272 1810 2316 τοῦτο
1831 2270 1890 2316 eixo‘t

1108 2319 1244 2360 γενέσθαι,
1270 2320 1315 2350 καὶ
1338 2311 1524 2360 τρίηννῶραν
1550 2320 1748 2360 ἀναγράφεσθαι
1769 2311 1888 2360 xui?!de

1108 2367 1145 2404 τῷ
1163 2364 1290 2405 Ἰωάννῃ,
1307 2366 1366 2395 ἀλλ’
1384 2365 1443 2406 οὐχὶ
1463 2364 1543 2402 ἕκτην
1568 2364 1659 2404 ὥσπερ
1687 2365 1746 2397 νῦν,
1762 2358 1888 2406 8741?)”

1108 2412 1208 2439 τεῧθεν.
1226 2411 1288 2440 Τῶν
1304 2410 1354 2450 γὰρ
1378 2398 1458 2451 τρίῶν
1480 2411 1691 2449 εὖαγγελιστῶν,
1708 2408 1752 2435 τοῦ
1767 2413 1794 2432 τε

1108 2454 1198 2493 Oarion,
1214 2456 1260 2484 καὶ
1275 2457 1322 2484 τοῖὶ
1346 2455 1477 2494 Μάρκου,
1495 2455 1540 2484 καὶ
1566 2458 1612 2483 τοῦ
1639 2455 1731 2484 Anima.
1754 2447 1888 2494 σξδμφωνξθξ

1108 2499 1252 2538 λεγόντων,
1284 2500 1320 2533 ὣς
1344 2499 1397 2528 ἀπὸ
1422 2499 1500 2536 ἕκτης
1524 2498 1596 2539 ὥρας
1620 2499 1713 2529 σκότος
1738 2492 1837 2542 ἐγένιτεζ
1855 2493 1887 2552 Si;

1110 2543 1130 2552 αλ
1208 2544 1214 2552 \
1266 2546 1282 2552 σι.
1344 2543 1357 2552 η
1417 2543 1431 2552 u
1509 2544 1517 2552 ι
1559 2543 1566 2552 I
1700 2539 1783 2552 ηυδε-..
1825 2541 1855 2552 mz

1107 2543 1170 2579 ὅλην
1187 2544 1234 2579 τὴν
1249 2546 1318 2581 γῆν,
1341 2543 1390 2578 ἕως
1413 2543 1484 2583 ὥρας
1505 2543 1631 2580 ἐννάτης,
1654 2539 1801 2582 πρόδηλον,

1109 2577 1296 2627 Κύριος
1310 2577 1367 2628 ,πρὸ
1388 2577 1443 2624 τῆς.
1453 2588 1531 2624 ἕκτης
1654 2577 1706 2627 πρὸ
1720 2585 1765 2631 τσξῧ
1780 2577 1885 2631 γενξῗίξῗ

1107 2634 1136 2662 τὸ
1152 2633 1253 2669 σκότος,
1270 2633 1438 2672 ἐσταύρωτο,
1454 2634 1556 2669 δηλαδὴ
1572 2632 1642 2662 κατὰ
1653 2632 1699 2667 τὴν
1712 2627 1799 2672 τρίτηγ
1815 2625 1885 2672 ὥξαξθ

1106 2678 1140 2711 ὡς
1155 2679 1169 2705 ὁ
1185 2678 1293 2717 Μάρκος
1314 2689 1341 2706 τε
1354 2669 1502 2717 inopi-nas,
1528 2678 1574 2707 καὶ
1600 2679 1613 2707 ὁ
1636 2675 1762 2707 Ἰωάννης

1106 2722 1128 2751 εἰ
1143 2721 1215 2757 καὶή
1231 2722 1317 2759 πλάνη
1336 2723 1386 2752 τῶν
1407 2722 1562 2763 γραφόντων
1586 2722 1618 2752 τὸ
1641 2721 1738 2760 γάμμα
1753 2711 1883 2753 ιι¹ιε¹τ¹⁵θ⁷⁶κεν

1199 2817 1210 2835 ⁵
1223 2817 1306 2846 Joan.
1323 2825 1390 2853 xxx,
1405 2819 1451 2846 21.
1507 2816 1521 2837 ⁶
1532 2816 1633 2847 Matth.
1649 2818 1749 2844 xxv”.
1761 2808 1804 2836 45-
