1927 3076
14 155 66 182 269

410 152 606 182 ENARRATIO
625 153 658 182 ΙΝ
676 151 895 182 EVANGELIUM
912 151 1063 182 JOANNIS.
1081 167 1119 175 —
1131 153 1206 182 CAP.
1227 153 1297 184 XIX.

1619 154 1673 182 270

14 217 48 249 εἷς
71 214 122 244 τὸν
150 215 195 244 τοῗλ⁸
223 214 357 253 ἐπισήμου
387 217 558 255 χαρακτῆρα.
598 215 676 250 Τινὲς
704 216 752 255 μὲν
779 211 823 246 οὖν

879 216 1024 245 mutaverit
1037 223 1148 252 gamma
1167 216 1196 244 in
1209 215 1322 252 episemi
1335 215 1536 245 characterem.
1552 218 1588 245 Et
1603 225 1674 246 non-

14 261 87 289 :‘3rw
103 259 198 289 λύουσι
212 262 302 290 τοῦτο.
315 258 423 299 Ἕτεροι
437 260 465 289 δέ
478 272 574 300 φασιν⁷
591 260 630 290 ὅτι
641 262 655 290 6
671 260 720 298 μὲν
737 261 821 301 Μάρ-

14 316 58 338 κος
76 304 128 340 τὴν
145 303 218 344 ὥραν
234 307 282 340 τῆς
305 304 479 345 ἂποράσεως,
495 307 540 340 τῆς
557 305 617 345 περὶ
634 307 680 334 τοῦ
696 317 822 346 σταυρω-

14 351 98 385 θῆναι
125 349 170 378 τὸν
188 349 300 390 Κύριον,
327 349 456 378 ἐκτίθεται
479 351 569 390 σαφῶς
593 350 639 379 καὶ
668 350 822 390 ἀναμφιϐό-

14 396 79 427 λως.
108 394 189 424 Ἐπεὶ
211 389 254 423 οὖν
269 393 359 423 ἔκτοτε
381 395 533 435 σταυρῶσαι
555 394 601 424 καὶ
620 389 773 435 τιμωρῆσαι
797 395 821 425 οἱ

14 439 148 468 δικασταὶ
163 439 302 477 λέγονται,
320 439 366 479 ἀφ’
382 434 412 467 οἶ
425 438 473 473 τὴν
490 439 623 478 ἀπόφασιν
647 434 821 479 ἐξενέγκωσι,

14 483 60 512 διὰ
77 483 111 512 τὸ
127 483 176 518 τήν
193 483 304 522 δύναμιν
319 486 366 519 τῆς
382 483 513 523 τιμωρίας
527 483 574 513 καὶ
597 487 642 513 τοῦ
667 485 779 514 θανάτου
794 485 821 514 ἐν

14 532 76 561 ταῖς
104 527 240 567 γλώσσαις
263 529 417 563 κεκτῆσθαι·
446 528 537 558 τούτου
563 529 643 568 χάριν
670 531 684 559 6
713 530 821 568 Μάρκος

14 575 49 612 τῇ
72 573 154 613 τρίτῃ
178 571 234 613 ὥρα
259 575 446 612 σταυρωθῆναι
473 573 550 603 αὐτὸν
575 574 666 612 λέγει,
685 574 730 615 ἀφ’
754 570 784 610 ἧς
807 576 822 604 6

16 618 141 651 Πιλάτος
165 617 214 652 τὴν
235 617 370 658 ἀπόφασιν
397 617 544 657 ἐξήνεγκεν.
573 617 700 655 Ἰωάννης
723 619 769 658 δὲ,
786 621 822 653 ὡς

15 662 161 701 εἰρηκότος
184 664 230 692 τοῦ
260 663 374 702 Μάρκου
397 663 443 692 τὸν
461 662 552 704 καιρὸν
575 665 622 699 τῆς
643 664 820 704 ἀποφάσεως,

16 708 99 741 αὐτὸς
112 707 162 742 τὴν
177 706 268 746 ὥραν,
292 703 351 746 ἕνῇ
374 706 418 736 τὸν
437 707 533 747 Κύριον
552 708 742 748 ἐσταύρωσαν,
762 709 821 750 ἔφη·

16 753 77 781 ἐπεὶ
95 752 144 781 καὶ
159 752 270 787 σκόπει,
286 751 358 781 πόσα
375 751 472 789 μεταξὺ
483 754 530 787 τῆς
546 752 619 792 παρᾶ
635 755 682 782 τοῦ
702 754 822 784 Πιλάτου

17 797 81 836 περὶ
98 800 146 827 τοῦ
164 799 276 836 σταυροῦ
291 797 464 836 ἀποφάσεως,
487 797 533 826 καὶ
556 799 602 832 τῆς
618 796 688 837 ὥρας
707 799 823 838 ταύτης,

18 843 44 870 ἐν
113 842 150 875 εἰς
165 842 209 871 τὸν
235 842 348 880 σταυρὸν
373 843 386 872 6
415 841 511 881 Κύριος
529 842 631 878 ἀνέϐη,
657 837 820 882 πέπρακται,

19 886 172 919 ’Λπολύσας
187 886 231 916 τὸν
255 886 420 925 Βαραϐϐᾶν,
438 886 624 926 ἐφραγέλλωσε
641 888 684 916 τὸν
708 888 822 927 Ἰησοῦν,

19 931 66 960 καὶ
81 931 224 970 παρέδωκε
240 930 346 964 πάντως
362 931 440 960 αὐτὸν
457 932 492 964 εἰς
515 931 544 960 τὸ
569 934 763 971 σταυρωθῆναι.
787 933 821 964 Ἡ

18 976 72 1015 γὰρ
94 979 141 1006 τοῦ
160 975 291 1015 Βαραϐϐᾶ
308 977 436 1009 ἀπόλυσις
464 976 618 1017 κατάκρισις
647 972 678 1012 ἦν
698 979 743 1006 τοῦ
766 979 823 1008 Κυ-

20 1021 91 1060 ρίου.
111 1020 309 1059 Ἐμπαίζουσιν
325 1022 348 1050 οἱ
375 1023 545 1060 στρατιῶται·
567 1021 614 1050 καὶ
638 1021 749 1057 σκόπει,
771 1024 822 1053 πό-

20 1077 66 1098 σος
81 1065 177 1105 χρόνος
197 1066 320 1101 ἀνηλώθη
337 1065 368 1095 ἆν
384 1066 420 1099 εἰς
439 1065 482 1095 τὸν
497 1065 635 1106 φιλότιμον
658 1067 819 1106 ἕμπαιγμόν.

20 1110 184 1150 Ἐξήνιγκεν
199 1110 278 1140 αὐτὸν
295 1112 308 1139 6
324 1110 459 1149 Πιλάτος,
475 1110 521 1139 καὶ
537 1110 660 1150 διελέχθη
677 1112 730 1144 τοῖς
751 1112 820 1142 Ἰου-

21 1155 117 1188 δαίοις-
139 1155 222 1184 πάλιν
245 1154 369 1185 εἰσελθὼν
390 1155 525 1195 ἀνακρίνει
542 1154 585 1184 τὸν
604 1157 719 1191 Ἰησοῦν
742 1157 823 1186 πάλιν

21 1199 137 1234 ἐξελθὼν
167 1200 320 1238 διαλέγεται
342 1204 396 1234 τοῖς
429 1199 578 1233 Ἰουδαίοις.
613 1201 707 1230 Ταῦτα
735 1202 822 1231 πάντα

19 1244 104 1274 ἱκανὰ
129 1240 162 1281 ἧν
178 1245 316 1274 ἀναλῶσαι
331 1245 374 1274 τὸν
401 1245 454 1274 ἀπὸ
477 1246 523 1280 τῆς
546 1245 636 1284 τρίτης
663 1245 734 1286 ὥρας
759 1246 824 1286 ἄχρι

21 1291 72 1325 τῆς
88 1289 169 1326 ἕκτης
183 1289 287 1329 χρόνον,
304 1289 372 1330 ἅπερ
391 1289 516 1325 Ἰωάννης
536 1290 673 1329 ἐκθέμενος
690 1291 822 1331 ἀκριϐῶς,

22 1335 72 1364 ἅτε
94 1339 163 1364 πᾶσι
177 1334 439 1375 παρηκολουθηκὼς,
463 1337 510 1370 τῆς
524 1334 602 1370 ἕκτης
627 1334 698 1376 ὥρας
719 1348 823 1375 μνημο-

21 1379 109 1417 νεύει,
129 1379 172 1409 8τε
187 1379 232 1408 καὶ
251 1380 404 1419 παρέδωκεν
427 1379 508 1409 αὐτὸν
535 1380 658 1415 τελείως,
677 1380 720 1409 ἵνα
741 1393 824 1410 σταυ-

25 1427 98 1465 ρωθῇ
110 1447 119 1460 ,
136 1425 184 1454 οὐκ
206 1424 245 1454 ἔτι
260 1425 443 1463 διαλεγόμενος
466 1425 519 1458 τοῖς
545 1425 700 1461 Ἰουδαίοις,
727 1425 744 1461 ἢ
761 1428 823 1454 ἀνα-

23 1471 123 1510 κρίνων
137 1470 183 1499 τὸν
199 1469 322 1508 Ἰησοῦν,
342 1469 410 1498 ἀλλὰ
428 1470 475 1505 τὴν
502 1470 669 1505 τελειοτάτην
687 1470 822 1510 ἀπόφασιν

876 261 943 289 nulli
953 260 1063 297 quidem
1077 261 1114 289 sic
1127 261 1231 289 dicunt.
1248 260 1300 288 Alii
1313 264 1406 288 autem
1423 260 1499 289 aiunt
1509 261 1582 297 quod
1596 263 1672 290 Mar-

874 314 923 334 cus
935 305 1047 342 quidem
1064 305 1162 334 horam
1176 313 1229 342 qua
1250 305 1305 334 lata
1325 309 1366 334 est
1379 305 1516 334 sententia
1535 305 1569 334 de
1583 306 1671 334 cruci-

875 351 983 387 figendo
1013 350 1144 384 Domino,
1167 349 1309 378 manifeste
1329 354 1356 378 et
1377 349 1480 386 absque
1502 350 1672 379 dubitatione

876 400 976 432 ponat:
991 396 1085 432 utique
1095 396 1158 432 quia
1170 395 1328 432 cruciﬁgere
1345 399 1373 423 et
1390 395 1488 432 punire
1505 395 1539 423 ab
1550 403 1582 423 eo
1597 399 1672 424 tem-

877 448 943 476 pore
958 441 1065 477 judices
1083 440 1225 475 dicuntur,
1245 448 1301 477 quo
1325 440 1490 469 sententiam
1517 439 1671 476 proferunt,

875 493 908 514 eo
933 485 1009 522 quod
1031 486 1072 514 vis
1100 493 1190 522 pana:
1210 489 1239 514 et
1260 485 1356 514 mortis
1378 485 1406 513 in
1440 484 1538 522 linguis
1564 493 1674 521 quoque

875 530 919 558 sit.
947 531 1012 567 Ejus
1037 531 1122 567 gratia
1141 531 1251 559 Marcus
1269 530 1348 558 tertia
1374 530 1443 558 hora
1469 530 1593 566 crucifigi
1607 538 1672 558 eum

875 574 953 609 dicit,
976 583 992 603 a
1017 584 1070 612 qua
1087 576 1190 604 Pilatus
1214 575 1380 604 sententiam
1401 575 1537 611 exposuit.
1551 575 1673 604 Joannes

875 624 978 654 autem,
995 628 1058 649 cum
1077 622 1186 649 Marcus
1202 620 1314 649 dixisset
1332 624 1441 656 tempus
1454 620 1608 654 sententia,
1623 620 1674 648 ho-

876 673 934 693 ram
961 665 989 693 in
1021 673 1075 702 qua
1094 665 1246 694 Dominum
1269 665 1466 694 crucifixerunt
1487 664 1564 693 dicit.
1588 666 1675 693 Canc-

877 718 951 743 rum.
979 709 1122 738 considera
1151 714 1253 747 quanta
1272 714 1331 738 acta
1348 710 1404 738 sint
1422 710 1494 738 inter
1511 709 1675 738 sententiam

877 762 892 782 a
912 755 998 783 Pilato
1017 755 1050 784 de
1070 763 1161 788 cruce,
1178 759 1205 784 et
1218 755 1315 783 horam
1332 755 1419 791 ipsam
1446 755 1474 782 in
1497 763 1549 791 qua
1571 755 1599 782 in
1612 763 1675 782 cru-

877 808 938 827 cem
972 800 1110 828 Dominus
1140 799 1271 828 ascendit.
1301 800 1371 828 Cum
1399 799 1547 828 dimisisset
1575 799 1676 828 Barab-

879 843 960 879 bam,
990 844 1137 880 ﬂagellavit
1167 846 1272 878 Jesum,
1299 849 1327 873 et
1356 843 1470 872 tradidit
1494 845 1535 872 eis
1559 849 1590 872 ut
1615 852 1676 873 cru-

839 888 862 918 B
879 889 1044 925 cifigeretur.
1080 891 1151 917 Nam
1186 889 1319 917 Barabbze
1359 889 1482 917 dimissio
1509 889 1676 918 condemna-

879 934 918 962 tio
942 933 1027 970 749
1041 938 1100 962 erat
1116 934 1239 962 Domini.
1274 933 1395 962 llludunt
1416 934 1529 967 milites,
1557 938 1586 962 et
1615 934 1676 963 vide

877 982 1014 1014 quantum
1024 979 1158 1015 temporis
1173 978 1277 1006 insumi
1289 979 1408 1015 potuerit
1421 978 1455 1006 ad
1471 978 1602 1014 majorem
1615 978 1676 1007 illu~

877 1023 993 1051 sionem.
1007 1023 1108 1052 Eduxit
1117 1031 1183 1051 eum
1196 1024 1311 1058 Pilatus,
1325 1027 1352 1051 et
1365 1024 1473 1051 locutus
1481 1032 1546 1051 cum
1560 1023 1674 1052 Judwis.

877 1069 981 1096 lterum
1006 1068 1144 1104 ingressus
1159 1067 1290 1105 dijudicat
1307 1069 1417 1104 Jesum,
1437 1068 1537 1096 iterum
1551 1076 1677 1104 egressus

878 1112 997 1148 loquitur
1008 1121 1073 1141 cum
1084 1112 1196 1141 Judaeis.
1214 1113 1281 1141 Haec
1296 1113 1389 1141 omnia
1400 1112 1577 1141 sufficiebant
1586 1113 1621 1141 ad
1633 1113 1676 1141 in-

876 1157 1042 1186 sumendum
1056 1161 1164 1193 tempus
1177 1157 1212 1185 ad
1222 1157 1289 1185 hora
1305 1157 1383 1185 tertia
1399 1166 1485 1193 usque
1501 1158 1535 1186 ad
1548 1162 1675 1186 sextam:

878 1210 940 1238 qua
949 1203 1070 1230 Joannes
1085 1209 1225 1238 exponens
1243 1201 1398 1238 diligenter,
1411 1206 1508 1238 utpote
1530 1202 1577 1238 qui
1588 1202 1677 1230 omni-

877 1246 928 1274 bus
938 1246 1092 1275 individuus
1102 1255 1195 1275 comes
1206 1246 1337 1281 adfuerit,
1353 1247 1429 1275 horae
1444 1251 1528 1275 sextae
1540 1247 1675 1283 meminit,

878 1291 990 1327 quando
1004 1295 1030 1320 et
1044 1291 1154 1320 tradidit
1162 1299 1228 1320 eum
1243 1291 1364 1327 perfecte
1377 1296 1408 1320 ut
1421 1292 1606 1328 crucifigatur,
1620 1300 1678 1321 non

878 1337 948 1365 ultra
973 1337 1087 1373 loquens
1111 1345 1175 1365 cum
1190 1336 1305 1369 Iudaeis,
1332 1336 1374 1365 vel
1400 1336 1556 1374 dijudicans
1569 1338 1676 1372 Jesum,

879 1381 926 1409 sed
938 1385 1090 1409 extremam
1105 1382 1135 1409 in
1155 1389 1221 1410 eum
1237 1381 1379 1417 proferens
1394 1382 1569 1410 sententiam.
1585 1383 1613 1410 Si
1628 1391 1678 1411 au-

879 1430 936 1454 tem
960 1426 1024 1462 quis
1041 1426 1125 1460 dicat,
1149 1427 1239 1462 Quare
1253 1426 1361 1454 circiter
1376 1426 1473 1454 horam
1489 1426 1598 1455 tertiam
1613 1435 1676 1455 cum

878 1470 985 1498 dicatur
1003 1471 1136 1506 crucifigi,
1150 1471 1209 1499 vult
1222 1471 1322 1499 iterum
1345 1471 1448 1499 absolvi
1466 1471 1563 1500 illum?
1591 1471 1678 1500 discat

24 1513 86 1544 κατ’
112 1515 193 1544 αὐτοῦ
217 1513 369 1554 ἐξενεγκὼν.
402 1515 434 1544 Εἰ
463 1514 490 1543 δέ
506 1527 544 1548 τις
569 1514 653 1554 λέγει’
679 1515 733 1545 Καὶ
757 1515 823 1550 τίνος

881 1516 998 1551 primum
1015 1515 1128 1552 quidem
1139 1536 1147 1549 ,
1158 1515 1233 1552 quod
1248 1524 1264 1544 a
1279 1515 1457 1544 multitudine
1471 1520 1584 1544 coactus
1602 1516 1678 1545 dedit

24 1560 115 1589 ἕνεκεν
136 1558 206 1588 κατὰ
223 1558 271 1594 τὴν
297 1559 388 1599 τρίτην
405 1559 475 1597 ὥραν
487 1582 495 1595 ,
512 1563 546 1593 ὼς
561 1560 645 1599 λέγεις
656 1582 664 1595 ,
686 1560 824 1601 duopnvi-

27 1615 105 1642 μενος
121 1605 323 1644 σταυρωθῆναι,
337 1604 418 1633 πάλιν
436 1603 560 1634 ἐϐούλετο
577 1606 711 1634 ἀπολῦσαι
727 1605 823 1642 αὐτόν;

26 1649 183 1686 μανθανέτω
208 1649 312 1685 πρῶτον
334 1649 398 1688 μὲν,
423 1648 462 1677 ὅτι
485 1649 536 1678 ὕπὸ
561 1652 606 1678 τοῦ
630 1649 745 1685 πλήθους
761 1651 823 1689 βια-

26 1694 110 1732 σθεὶς,
124 1693 196 1722 ἔθετο
214 1693 261 1728 τὴν
278 1693 422 1733 ἀπόφασιν·
445 1692 538 1722 ἔπειτα
554 1694 600 1723 καὶ
612 1695 650 1733 τῷ
674 1694 765 1734 ὀνείρῳ
776 1697 823 1729 τῆς

26 1737 152 1777 γυναικὸς
173 1737 302 1767 αἰνίττετο
429 1738 576 1778 ἐνύττετο]·
607 1734 639 1775 ἧν
671 1738 724 1779 γὰρ
750 1740 822 1778 αὖτῷ

27 1782 179 1820 μηνύσασα·
197 1793 212 1812 ιι
227 1782 316 1819 Μηδὲν
332 1782 374 1812 σοὶ
386 1782 432 1811 καὶ
447 1785 484 1823 τῷ
501 1783 595 1824 δικαίῳ
612 1783 705 1823 τούτῳ.
721 1797 732 1809 ιι
758 1783 822 1814 Ἐπὶ

27 1833 95 1856 πᾶσι
111 1828 137 1857 δὲ
153 1827 253 1860 τούτοις
264 1850 272 1863 ,
284 1827 378 1857 σκόπει
391 1828 436 1857 καὶ
455 1827 499 1856 τὸν
510 1828 636 1864 Ἰωάννην
645 1852 652 1865 ,
669 1830 725 1861 πῶς
743 1823 822 1858 εἶπεν·

34 1884 48 1900 ιι
60 1872 135 1911 σΩρα
150 1867 182 1908 ἦν
198 1873 261 1901 ὡσεὶ
273 1872 347 1909 ἕκτη.
363 1886 374 1899 ι
391 1874 450 1902 Οὐκ
463 1867 520 1902 εἶπε
536 1873 600 1913 γὰρ,
613 1873 686 1913 Ὥρα
701 1869 734 1909 ἦν
751 1872 823 1910 ἕκτη,

28 1919 63 1950 ὡς
86 1916 310 1957 ἆποραινόμενος,
339 1918 396 1946 ἀλλ’
420 1919 454 1950 ὡς
475 1918 649 1952 ἐπιδιστάζων
672 1917 718 1948 καὶ
742 1919 823 1957 ἀμφι-

29 1963 132 2000 γνοῶν,
164 1960 270 1992 ιι⁶Ωσεὶ
294 1961 367 1998 ἕκτη.
391 1976 402 1988 ο
433 1961 518 1992 Ὥστε
543 1963 616 1992 οὐδὲν
645 1963 737 1993 διοίσει
762 1964 824 2001 ὑμῖν

102 2007 183 2046 ἡμῖν]
200 2006 230 2036 τὸ
253 2008 315 2047 περὶ
338 2009 385 2043 τῆς
410 2006 480 2046 ὥρας
503 2007 643 2047 φαίνεσθαι
673 2007 710 2047 μὴ
737 2009 824 2044 πάντη

31 2051 218 2090 συντρέχοντας
262 2052 386 2087 ἀλλήλοις
426 2051 485 2092 τοὺς
528 2053 736 2092 εὖαγγελιστόις,
771 2053 823 2082 εἴτε

92 2096 115 2125 εἴ
128 2097 174 2135 γε]
195 2096 398 2136 συγχωροίημεν
415 2091 482 2126 εἶναι
498 2097 654 2138 διαφωνίαν.
672 2099 759 2128 Τοῦτο
772 2097 824 2138 γὰρ

878 1561 1060 1594 sententiam;
1090 1560 1187 1589 deinde
1208 1568 1226 1588 θ.
1257 1561 1368 1588 somnio
1400 1561 1522 1589 mulieris
1545 1561 1679 1597 impulsus

878 1604 970 1633 fuerit.
987 1605 1140 1633 Nuntiabat
1161 1609 1254 1633 autem
1265 1604 1309 1632 illa
1324 1605 1361 1639 ei,
1377 1616 1389 1629 α
1410 1605 1485 1633 Nihil
1506 1605 1553 1634 tibi
1564 1609 1592 1634 et
1602 1606 1678 1642 justo

879 1649 955 1677 huic.
977 1662 989 1674 ιι
1004 1650 1120 1686 insuper
1133 1649 1280 1678 considera
1294 1653 1322 1677 et
1336 1650 1472 1677 Joannem
1487 1650 1589 1678 dixisse
1603 1650 1678 1686 quod

880 1705 892 1718 α
914 1693 994 1722 fuerit
1010 1694 1076 1722 hora
1095 1694 1182 1722 ferme
1196 1699 1284 1727 sexta,
1300 1705 1313 1718 ι
1329 1694 1406 1730 quasi
1418 1702 1474 1722 non
1488 1694 1629 1730 definiens,
1651 1699 1679 1723 et

878 1739 903 1766 in
914 1738 1043 1775 ambiguo
1057 1739 1213 1775 relinquens
1222 1738 1302 1772 dixit,
1318 1750 1331 1763 ι
1352 1738 1439 1766 ferme
1451 1743 1535 1767 sexta.
1555 1751 1568 1764 ιο
1590 1741 1624 1768 Et
1639 1740 1677 1769 ita

878 1783 945 1810 nihil
969 1783 1101 1817 intererit,
1125 1784 1199 1819 quod
1219 1784 1252 1812 dc
1267 1783 1334 1812 hora
1349 1791 1405 1811 non
1420 1783 1546 1812 videntur
1566 1792 1678 1820 prorsus

877 1828 1021 1856 convenire
1033 1828 1217 1864 evangelista,
1232 1829 1255 1856 si
1267 1827 1381 1864 quidem
1393 1827 1608 1856 concederemus
1619 1836 1678 1857 esse

877 1872 1071 1901 differentiam.
1097 1873 1165 1900 Vide
1179 1873 1252 1900 enim
1268 1872 1333 1908 hoc,
1352 1881 1420 1901 num
1436 1880 1535 1901 omnes
1557 1873 1678 1901 dixerint

876 1917 948 1953 quod
963 1917 1108 1946 crucifixus
1121 1918 1167 1945 sit.
1184 1920 1221 1945 At
1241 1917 1294 1945 hoc
1309 1917 1420 1954 quidem
1445 1917 1479 1946 ab
1494 1917 1625 1946 omnibus
1636 1922 1679 1946 est

876 1962 1031 1990 confessum
1047 1971 1053 1990 :
1070 1962 1104 1990 de
1127 1963 1195 1990 hora
1212 1966 1303 1990 autem
1322 1962 1344 1990 si
1368 1962 1438 1990 alius
1459 1962 1526 1990 dicit
1541 1971 1600 1990 esse
1623 1966 1678 1991 ter-

878 2008 957 2042 tiam,
980 2007 1051 2035 alius
1065 2007 1145 2043 quasi
1165 2011 1284 2040 sextam,
1308 2006 1373 2043 quid
1395 2006 1447 2035 hoc
1461 2007 1538 2036 obest
1553 2007 1678 2035 veritati?

878 2052 1075 2080 Verumtamen
1091 2052 1150 2080 haec
1163 2051 1350 2080 demonstrata
1369 2056 1434 2080 sunt
1453 2060 1484 2080 ex
1501 2052 1677 2087 abundantia,

878 2097 951 2133 quod
973 2097 1045 2124 nulla
1065 2097 1102 2126 sit
1115 2097 1268 2126 diversitas.

32 2141 140 2177 σκόπει,
168 2142 190 2170 εἰ
211 2141 248 2179 μὴ
274 2142 370 2174 πάντες
388 2138 498 2183 υεῖπον,
525 2142 565 2172 ὅτι
591 2143 755 2182 ἐσταυρώθη*
778 2144 801 2172 εἰ
823 2141 850 2171 δὲ
875 2145 951 2171 τοῦτο
976 2141 1024 2181 μὲν
1052 2141 1128 2182 παρὰ
1149 2142 1256 2172 πάντων
1281 2141 1467 2180 ὡμολόγηται,
1492 2142 1553 2183 περὶ
1583 2142 1609 2171 δὲ
1634 2143 1680 2178 τῆς

33 2184 120 2224 ὥρας,
137 2186 159 2214 εἷ
175 2188 188 2215 ὁ
204 2185 251 2224 μὲν
271 2187 362 2226 τρίτην
379 2181 460 2223 εἶναι,
473 2188 487 2216 6
511 2187 538 2216 δὲ
564 2188 628 2217 ὡσεὶ
647 2181 727 2224 ἕκτην
742 2188 823 2228 φασὶ,
838 2186 864 2216 τί
884 2189 962 2217 τοῦτο
978 2181 1118 2226 ἐπηρεάζει
1140 2189 1174 2228 τῇ
1196 2186 1324 2227 ἀληθείας
1353 2185 1430 2222 Πλὴν
1458 2181 1533 2215 ἀλλᾶ
1549 2187 1680 2216 δέδεικται

33 2229 61 2258 ἐκ
77 2230 242 2268 περιουσίας,
255 2228 296 2258 ὅτι
309 2230 367 2259 οὐδὲ
385 2229 612 2270 διαφωνία-ἐστίν.

75 2287 86 2298 ι
102 2273 154 2303 Καὶ
168 2273 239 2312 λέγει
254 2275 307 2308 τοῖς
325 2274 472 2316 Ἰουδαίοις·
487 2274 544 2305 Ἴδε
558 2278 572 2306 6
589 2276 716 2316 βασιλεὺς
736 2279 822 2316 ὗμῶν.

919 2286 1007 2313 Vnus.
1029 2287 1119 2313 ιιι-ιε.
1136 2296 1147 2309 ι
1164 2286 1198 2313 Et
1212 2285 1279 2313 dicit
1290 2284 1396 2313 Iudaeis
1411 2293 1418 2312 :
1434 2285 1505 2313 Ecce
1517 2292 1565 2313 rex
1581 2289 1678 2314 vester.

36 2319 69 2348 Οἱ
94 2318 120 2347 δὲ
144 2319 321 2357 ἐκραύγασαν*
340 2314 435 2359 Ἆρον,
461 2315 541 2360 ἆρον,
564 2321 717 2360 σταύρωσον
733 2322 825 2353 αὐτόν.

37 2362 113 2401 Λέγει
128 2363 214 2396 αὐτοῖς
238 2366 252 2393 6
275 2364 400 2398 Πιλάτος·
425 2365 478 2396 Τὸν
508 2366 621 2405 βασιλέα
643 2368 717 2405 ὑμῶν
742 2379 825 2396 σταυ-

38 2408 124 2447 ρώσω;
151 2407 340 2449 Ἀπεκρίθησαν
357 2411 381 2439 οἱ
399 2412 538 2452 ἀρχιερεῖς
562 2413 622 2441 Οὐκ
651 2411 748 2452 ἔχομεν
775 2414 825 2452 βα-

39 2452 123 2488 σιλέα,
147 2453 169 2481 εἰ
193 2453 230 2491 μὴ
251 2453 389 2494 Καίσαρα.
415 2455 485 2485 Τότε
509 2451 553 2485 οὖν
580 2456 731 2497 παρέδωκεν
748 2456 826 2487 αὐτὸν

40 2497 137 2533 αὐτοῖς,
153 2496 194 2526 ἵνα
219 2501 370 2540 σταυρωθῇ.
396 2499 554 2539 Παρέλικϐον
573 2496 618 2531 οὖν
646 2502 689 2530 τὸν
708 2501 827 2540 Ἰησοῦν,

41 2542 81 2570 καὶ
104 2542 202 2582 ἤγαγον
222 2543 301 2572 αὐτὸν
323 2544 359 2578 εἷς
375 2545 405 2573 τὸ
426 2547 596 2585 σταυρῶσαι,
618 2547 662 2576 καὶ
688 2547 828 2586 βαστάζων

42 2585 80 2614 τὸν
105 2587 212 2626 σταυρὸν
237 2589 333 2625 αὑτοῦ,
365 2589 470 2625 ἐξῆλθεν
496 2591 532 2624 εἷς
561 2591 656 2628 τόπον,
685 2585 827 2631 λεγόμενον

45 2630 153 2670 Κρανίου
169 2632 247 2662 τόπον
258 2655 266 2670 ,
291 2632 317 2667 ὃς
337 2633 443 2672 λέγεται
456 2634 600 2675 Ἐϐραϊστὶ
614 2630 740 2675 Γολγοθὰ-
762 2636 828 2666 ὅπου

45 2675 115 2704 αὐτὸν
133 2677 296 2716 ἐσταύρωσαν
309 2700 318 2716 ,
341 2679 387 2708 καὶ
402 2680 460 2717 μετ’
476 2681 556 2708 αὐτοῦ
569 2680 666 2714 ἄλλους
678 2681 724 2710 δύο
740 2682 826 2710 ἐντεῦ-

46 2722 82 2748 θεν
98 2721 140 2750 καὶ
155 2722 272 2752 ἐντεῦθεν
282 2745 290 2758 ,
307 2721 387 2761 μέσον
411 2723 439 2753 δὲ
457 2723 503 2754 τὸν
517 2723 634 2760 Ἰησοῦν.
650 2736 665 2754 )›
694 2726 829 2760 Πολλάκις

48 2765 162 2810 εἴπομεν,
187 2767 222 2800 ὡς
244 2767 370 2808 ἄνανδρος
398 2770 499 2807 μᾶλλον
525 2770 571 2799 καὶ
586 2770 716 2810 ψοφοδεὴς
740 2772 754 2799 ὁ
778 2772 830 2800 Πι-

47 2808 114 2845 iam;
127 2834 135 2851 ,
150 2810 166 2847 ἢ
181 2812 327 2850 κακοήθης.
359 2812 434 2854 "Ope
456 2817 517 2855 γοῦν
529 2836 538 2853 ,
559 2808 604 2845 καὶ
619 2808 663 2845 νῦν
679 2817 774 2856 σχῆμα
789 2815 829 2851 ἐξ·

881 2329 922 2357 Illi
935 2333 1029 2358 autem
1044 2329 1211 2364 clamabant,
1220 2330 1308 2364 Tolle,
1319 2330 1395 2364 tolle,
1408 2329 1535 2365 crucifige
1546 2337 1621 2358 eum.
1634 2330 1679 2358 Di-

880 2374 961 2402 citeis
969 2374 1086 2402 Pilatus:
1096 2375 1200 2410 Regem
1209 2378 1331 2402 vestrum
1337 2374 1514 2410 crucifigami‘
1523 2374 1681 2410 Responde-

881 2423 947 2447 runt
957 2418 1100 2455 pontiﬁces
1111 2428 1118 2446 :
1133 2420 1194 2446 Non
1207 2419 1340 2447 habemus
1351 2427 1459 2455 regem,
1473 2419 1524 2447 nisi
1533 2419 1680 2448 Caesarem.

880 2464 958 2492 Tunc
971 2471 1036 2500 ergo
1051 2463 1163 2492 tradidit
1175 2471 1238 2492 eum
1250 2463 1315 2497 illis,
1325 2468 1357 2492 ut
1367 2464 1581 2500 crucifigeretur.
1594 2467 1678 2492 Acce-

883 2513 983 2544 perunt
997 2513 1091 2536 autem
1111 2509 1216 2541 Jesum,
1239 2513 1267 2536 et
1281 2508 1454 2537 adduxerunt
1467 2517 1530 2537 eum
1544 2512 1575 2536 ut
1591 2508 1678 2536 cruci-

882 2553 998 2589 ﬁgerent
1015 2563 1021 2581 :
1044 2558 1128 2589 atque
1146 2553 1169 2582 is
1187 2553 1312 2590 bajulans
1324 2561 1434 2581 crucem
1448 2561 1539 2588 suam,
1560 2553 1641 2582 exivit
1653 2553 1682 2580 in

882 2606 958 2632 eum,
981 2598 1026 2634 qui
1040 2598 1141 2627 dicitur
1155 2598 1296 2632 Calvariaa,
1317 2598 1420 2632 locum,
1437 2599 1572 2626 chraice
1589 2601 1683 2626 autem

883 2642 1019 2679 Golgotha
1035 2651 1042 2670 :
1063 2643 1111 2671 ubi
1126 2643 1322 2672 crucifixerunt
1337 2651 1414 2677 eum,
1435 2647 1463 2671 et
1477 2651 1541 2671 cum
1555 2651 1587 2671 eo
1602 2642 1681 2674 alios,

885 2687 954 2715 duos
969 2687 1035 2715 hinc
1056 2691 1083 2715 et
1096 2687 1172 2721 hinc,
1190 2687 1312 2716 medium
1333 2692 1425 2715 autem
1441 2688 1548 2714 Jesum.
1569 2699 1581 2710 υ
1605 2687 1684 2722 Saepe

886 2732 1007 2760 diximus
1021 2731 1094 2768 quod
1108 2732 1211 2760 Pilatus
1230 2734 1318 2768 magis
1330 2731 1410 2760 fuerit
1424 2731 1515 2759 mollis
1527 2735 1553 2759 et
1567 2731 1684 2759 meticu-

885 2776 970 2810 losus,
998 2784 1080 2812 quam
1102 2777 1205 2812 asperis
1226 2776 1360 2804 moribus.
1384 2775 1450 2804 Vide
1472 2775 1543 2802 enim
1566 2780 1593 2803 et
1614 2784 1686 2803 nunc

885 2821 958 2857 quod
974 2821 1063 2849 forma
1086 2822 1200 2858 quidem
1223 2821 1354 2850 examinis
1368 2825 1396 2849 et
1407 2819 1503 2856 judicii
1525 2819 1620 2853 utitur,
1638 2819 1685 2848 sed
