1927 3076
265 199 312 225 271
757 191 1013 220 THEOPHYLACT!
1033 191 1210 220 BULGARLE
1227 190 1386 219 ARCHIEP.
1860 190 1904 217 272

266 259 380 288 omnino
397 258 517 286 molliter
531 264 590 285 rem
604 256 666 292 agit.
684 267 696 280 ιι
713 257 783 283 Ecce
798 255 884 289 enim,
900 254 996 290 inquit,
1013 262 1059 282 rex

1116 254 1228 287 ετάσεως
1248 254 1293 284 καὶ
1313 252 1448 293 κριτηρίου
1467 252 1621 292 περιτίθησι
1635 253 1674 292 τῷ
1688 251 1846 293 πράγματι,
1861 263 1906 289 μα-

266 308 364 331 vester.
385 315 397 326 ν
414 304 508 338 Neque
522 301 595 329 enim
604 302 699 329 Jesum
719 299 893 333 condemnat,
909 307 997 335 neque
1013 300 1061 327 Ju-

263 347 339 375 daeos
357 346 502 375 manifeste
524 345 657 379 confutat,
678 344 728 373 sed
752 344 828 380 quasi
842 344 947 372 occulte
966 351 1063 379 expro-

264 391 324 420 brat
338 391 378 419 eis
399 395 430 419 ut
450 390 623 427 sycophaan
640 399 646 417 :
662 390 739 426 quasi
761 389 844 423 dicat,
862 390 931 416 Ecce
953 389 1062 425 qualem

263 435 406 463 hominem
425 435 513 464 dicitis
532 439 681 463 attentassc
696 434 824 462 invadere
838 441 962 470 regnum,
980 433 1063 461 vilem

263 480 375 513 scilicet,
391 484 418 508 et
429 480 497 508 nihil
512 480 566 508 tale
581 483 718 508 attentare
738 479 883 507 audentem
902 488 908 506 :
924 482 953 506 et
967 478 1004 506 ita
1017 486 1063 506 ac-

264 525 367 552 cusatio
383 529 471 553 vestra
493 524 562 553 falsa
583 528 633 552 est.
654 523 727 559 Quid
742 524 816 552 enim
836 523 919 551 habet
930 523 976 551 ille
990 522 1064 558 quod

264 569 393 606 tyranni?
412 577 478 597 num
495 569 606 603 milites,
626 568 743 601 divitias.
762 568 953 596 nobilitatem?
969 580 982 592 ι
996 569 1064 595 Ecce

264 622 312 642 rex
328 618 416 642 vester
432 623 438 641 :
463 626 475 638 ιι
500 622 562 650 qua:
582 613 688 641 utilitas
701 613 723 641 si
740 613 816 641 hunc
832 613 998 646 occideritis,
1017 612 1064 648 qui

264 658 407 686 hominem
421 666 456 686 ne
477 658 506 686 in
519 658 634 686 minimo
647 658 761 694 quidem
777 666 878 686 nocere
896 658 1015 694 poterit?
1031 659 1066 685 Et

263 703 323 732 haec
342 703 454 740 quidem
471 703 576 731 Pilatus
600 711 657 731 non
685 703 818 731 instanter
834 706 862 730 et
875 702 957 730 ﬁrme
977 706 1006 730 et
1016 709 1065 738 pro

264 747 378 776 veritate
391 752 508 776 certans.
525 749 562 776 At
578 748 616 775 illi
632 757 639 776 :
663 759 675 773 α
693 748 781 781 Tolle,
800 748 875 781 tolle,
895 746 1034 783 cruciﬁge,
1051 757 1063 770 ιι

263 792 401 828 inquiunt.
415 794 524 829 Urgent
535 796 562 820 et
577 796 705 828 quaerunt
713 800 833 826 crucem,
848 796 878 820 ut
894 792 996 820 malam
1007 791 1065 827 ορί-

263 836 377 865 nionem
389 841 416 865 et
432 837 536 865 famam
546 841 658 865 assuant
668 837 785 866 Christo.
800 836 1064 873 Ignominiosissima

264 881 339 910 enim
359 881 443 917 750
463 884 520 910 erat
542 890 618 910 mors
638 883 727 910 crucis
745 886 773 909 et
795 881 939 910 maledicta
966 891 973 909 :
994 880 1065 909 sicut

1117 300 1205 333 λακῶς
1221 298 1248 328 δὲ
1262 298 1292 328 τὸ
1309 297 1371 327 ὅλον
1388 298 1612 338 μεταχειρίζεται.
1630 310 1642 324 α
1658 294 1716 327 Ἴδε
1727 297 1797 337 γὰρ,
1817 297 1906 337 φησὶν,

1116 346 1129 373 6
1146 343 1269 383 βασιλεὺς
1293 344 1379 382 ὑμῶν.
1401 356 1413 369 ι
1437 341 1510 372 Οὔτε
1524 342 1576 382 γὰρ
1599 341 1642 371 τὸν
1659 341 1768 377 Ἰησοῦν
1785 341 1906 380 κατακρί-

1116 401 1171 427 νει,
1188 389 1248 418 οὔτε
1273 387 1332 421 τοὺς
1353 387 1496 420 Ἰουδαίους
1518 386 1680 423 ἐπιστομίζει
1704 389 1833 427 φανερῶς·
1856 386 1906 414 ἀλλ’

1117 428 1170 462 οἶον
1195 431 1429 472 ἔπικεκρυμμένως
1455 431 1586 466 ὀνειδίζων
1612 431 1699 465 αὐτοῖς
1725 433 1760 464 ὡς
1778 443 1906 471 compav-

1117 480 1208 517 τοῖσι,
1222 479 1310 518 φησίν·
1329 476 1384 506 Ἴδε
1398 481 1473 506 ποῖον
1493 476 1629 516 ἄνθρωπον
1645 475 1752 515 λέγετε,
1772 476 1814 505 ὅτι
1838 477 1905 514 βασι-

1118 522 1219 552 λεύσειν
1235 521 1367 562 ἐπεχείρει
1388 523 1466 558 ὑμῖν,
1484 522 1576 557 εὐτελῆ
1597 520 1718 557 δηλαδὴ,
1742 522 1791 550 καὶ
1815 521 1862 550 οὐκ
1881 519 1906 548 ἂν

1118 567 1243 600 τοιούτοις
1268 567 1483 607 ἐπιχειρήσοντα-
1509 565 1578 595 ὥστε
1593 565 1690 606 ψευεὴς
1709 567 1726 601 ἡ
1748 564 1905 604 κατηγορία.

1119 612 1155 642 Τί
1167 612 1218 652 γὰρ
1235 612 1291 652 ἔχει
1310 612 1437 651 τυράννου
1460 607 1552 650 οὗτος,
1575 610 1760 651 στρατιώτας;
1782 611 1905 646 πλοῦτον;

1119 657 1266 695 εὖγένειαν;
1292 655 1373 687 σἸδε
1398 658 1411 685 6
1429 655 1553 695 βασιλεὺς
1577 657 1662 693 ὑμῶν.
1682 669 1694 682 ι
1709 655 1746 686 Τί
1771 655 1801 684 τὸ
1827 655 1907 693 κέρεος

1120 701 1163 731 ἐὰν
1180 704 1270 731 τοῦτον
1288 701 1480 737 ἀποκτείνητε,
1495 700 1633 740 ἄνθρωπον
1647 700 1714 738 μηδὲ
1728 699 1763 729 τὰ
1784 699 1906 739 ἐλάχιστα

1119 746 1264 784 δυνάμενον
1290 747 1405 786 βλάψας
1430 747 1523 774 Ταῦτα
1545 746 1592 783 μὲν
1616 747 1630 774 6
1647 744 1784 782 Πιλάτος,
1809 745 1838 773 οὐ
1861 742 1905 780 μὴν

1119 791 1276 824 ἐνστατικῶς
1292 791 1337 820 καὶ
1353 790 1467 830 βεϐαίως
1478 813 1487 829 ,
1503 790 1549 819 καὶ
1561 791 1596 824 ὡς
1617 789 1682 830 ὑπὲρ
1705 789 1832 825 ἀληθείας
1844 789 1905 827 ἄγω-

1117 835 1259 874 νιζόμενος.
1277 837 1312 866 Οἱ
1332 835 1376 873 δὲ,
1387 849 1399 863 α
1415 830 1492 874 ’Ἆρον
1504 858 1511 871 ,
1528 830 1606 875 ἆρον,
1625 834 1779 874 σταύρωσον
1789 856 1797 870 ,
1813 847 1825 860 ν
1838 832 1903 873 φασί.

1123 881 1316 919 Κατεπείγουσι
1331 880 1377 910 καὶ
1392 882 1499 916 ζητοῦσι
1517 879 1561 909 τὸν
1584 879 1711 919 σταυρὸν,
1724 879 1769 908 διὰ
1785 878 1815 908 τὸ
1829 889 1903 913 πονη-

263 914 374 954 dictum
386 914 436 954 est
448 935 456 955 :
483 937 495 951 ιι
510 926 672 955 Maledictus
686 927 776 955 omnis
799 926 844 962 qui
866 926 967 963 pendet
980 927 1010 954 in
1027 927 1060 954 li-

1121 925 1168 965 ρὰν
1184 914 1260 960 δόξαν
1285 914 1424 965 βούλεσθαί
1451 925 1597 965 προσάψειν
1623 914 1661 964 re];
1685 925 1807 964 Χριστῷ.
1844 922 1904 951 Ἐπ-

263 978 317 1006 gno
330 970 349 998 ".
367 980 381 997 ››
404 971 585 999 Nesciverunt
597 975 691 999 autem
708 970 783 1007 quod
802 971 873 998 sicut
893 979 940 1007 per
956 971 1061 1008 lignum

264 1015 354 1049 ruina,
369 1015 405 1043 ita
424 1023 472 1051 per
487 1015 592 1052 lignum
610 1016 756 1044 correctio.
774 1016 890 1052 Insuper
911 1016 971 1044 vide
995 1024 1064 1052 quo-

265 1060 347 1088 modo
364 1060 447 1088 alium
459 1068 551 1096 regem
571 1064 668 1096 praeter
678 1062 814 1089 Caesarem
828 1068 884 1089 non
900 1065 1062 1097 agnoscunt,

263 1104 414 1133 voluntarie
429 1112 458 1133 se
474 1105 666 1133 Romanorum
687 1105 803 1141 imperio
825 1105 1012 1141 subjicientes,
1036 1110 1063 1134 et

263 1149 313 1177 Dei
326 1157 443 1185 regnum
460 1150 633 1185 repellentes.
651 1149 718 1178 Ideo
735 1154 763 1178 et
778 1151 853 1177 Deus
869 1157 917 1178 eos
929 1151 1064 1179 Romanis

262 1193 384 1228 tradidit,
400 1202 469 1230 quos
481 1194 533 1222 sibi
543 1202 621 1230 reges
632 1194 797 1228 asciverant,
812 1194 958 1223 destitutos
972 1195 1063 1224 divino

261 1239 389 1274 praesidio
399 1242 427 1267 et
442 1247 518 1267 cura.
540 1250 553 1263 «ι
566 1240 644 1267 Tunc
657 1239 742 1275 igitur
758 1238 870 1267 tradidit
882 1239 962 1268 illum
980 1239 1029 1274 eis,
1049 1251 1061 1264 ι

261 1283 400 1319 insipiens.
435 1283 584 1320 Oportebat
612 1288 706 1312 autem
732 1284 870 1320 inquirere
905 1292 973 1312 num
1002 1292 1063 1312 vere

260 1326 400 1356 habuisset
413 1328 564 1364 potentiam
579 1328 614 1357 ad
629 1328 814 1357 invadendam
826 1329 1010 1364 tyrannidem.
1026 1331 1064 1357 At

259 1371 305 1400 ille
319 1373 390 1401 cedit
405 1373 583 1409 improvidus,
598 1372 808 1409 effeminateque
827 1374 992 1402 sententiam
1004 1373 1060 1402 dat.

263 1426 278 1442 ιι
291 1417 405 1445 Portans
418 1422 512 1446 autem
529 1425 640 1445 crucem
657 1425 736 1446 suam
754 1430 766 1442 ν
781 1417 927 1454 egreditur.
947 1418 1062 1446 Abomi-

260 1461 350 1490 nabile
369 1461 444 1489 enim
463 1461 597 1498 putabant
607 1463 722 1490 omnino
735 1462 775 1490 vel
795 1463 901 1499 lignum
915 1463 1062 1499 attingere,

1115 970 1320 1003 ονειδιστότατος
1329 969 1381 1010 γὰρ
1398 966 1471 1002 οἶτος
1487 971 1501 998 6
1518 970 1630 1003 θάνατος
1648 968 1694 998 καὶ
1710 968 1903 1007 ἐπικατάρατος·

1119 1014 1187 1044 καθὰ
1215 1014 1328 1054 εἴρηται·
1352 1028 1364 1042 κ
1395 1014 1608 1054 Ἐπικατάρατος
1632 1018 1684 1046 πᾶς
1709 1015 1723 1042 6
1750 1012 1904 1054 κρεμάμενος

1119 1059 1162 1088 ἐπὶ
1177 1059 1264 1093 ξύλου.
1279 1073 1290 1085 ι-
1306 1060 1365 1090 Οὖκ
1377 1059 1485 1100 ᾔδεισαν
1501 1058 1544 1095 δὲ,
1561 1058 1601 1087 ὅτι
1613 1058 1703 1098 ὥσπερ
1719 1057 1764 1087 διὰ
1778 1059 1824 1087 τοῦ
1837 1056 1903 1091 ξύλου

1117 1105 1134 1139 ἡ
1150 1106 1263 1140 πτῶσις,
1292 1103 1361 1133 οὕτω
1385 1103 1428 1134 διὰ
1454 1103 1530 1138 ξύλου
1554 1106 1571 1140 ἡ
1600 1102 1754 1143 ἀνόρθωσις.
1779 1102 1852 1143 Ὅρα
1867 1099 1902 1135 δὲ,

1118 1150 1173 1182 πῶς
1189 1149 1268 1178 ἄλλον
1286 1148 1398 1188 βασιλέα
1421 1150 1524 1182 ἑαυτοῖς
1544 1149 1592 1178 οὐκ
1616 1147 1825 1188 ἐπιγράφονται,
1838 1147 1859 1175 εἰ
1873 1143 1903 1183 μὴ

1119 1193 1264 1233 Καίσαρα,
1289 1193 1391 1227 ἑκόντες
1417 1193 1525 1225 ἑαυτοὺς
1563 1192 1758 1226 ὓποεάλλοντες
1841 1190 1902 1221 Ῥω·

1118 1240 1203 1278 μαῖκῇ
1230 1237 1387 1278 δυναστείᾳ,
1413 1237 1459 1266 καὶ
1486 1237 1670 1276 ἀποσειόμενοι
1693 1237 1742 1273 τὴν
1770 1239 1818 1266 τοῦ
1841 1237 1901 1266 Θεοῧ

1119 1282 1265 1322 βασιλείαν.
1287 1282 1335 1312 Διὸ
1359 1282 1405 1312 καὶ
1430 1283 1444 1311 6
1467 1282 1535 1315 Θεὸς
1559 1281 1654 1316 αὐτοὺς
1669 1281 1818 1320 Ῥωμαίοις
1841 1291 1901 1319 παρ-

1117 1327 1232 1366 έδωκεν,
1250 1326 1292 1361 οὓς
1314 1327 1510 1357 ἐπεκαλέσαντο
1526 1327 1644 1365 βασιλεῖς
1659 1327 1700 1356 ἐπ’
1715 1328 1804 1356 αὐτῶν
1817 1347 1826 1362 ,
1845 1327 1901 1355 ἄπο-

1118 1371 1226 1405 στάντες
1253 1373 1300 1407 τῆς
1326 1374 1374 1401 τοῦ
1405 1372 1477 1402 Θεοῦ
1505 1371 1629 1411 προνοίας
1662 1371 1709 1401 καὶ
1743 1369 1899 1401 ἐπιστασίαςσ

1117 1429 1130 1442 ιι
1145 1417 1215 1446 Τότε
1227 1412 1271 1446 οὖν
1286 1416 1440 1457 παρέδωκεν
1453 1416 1531 1446 αὐτὸν
1547 1417 1635 1450 αὐτοῖς
1732 1430 1743 1442 ι
1761 1418 1775 1445 6
1788 1415 1898 1451 ἀνόητος-

1117 1461 1182 1490 Δέον
1198 1460 1334 1500 ἐξετάσαι,
1360 1463 1383 1491 εἷ
1414 1463 1518 1498 ἀληθῶς
1541 1460 1654 1499 δύναμιν
1676 1456 1747 1501 εἶχεν
1778 1459 1899 1490 ἐπιθέσθαι

260 1509 288 1534 et
306 1510 449 1542 propterea
468 1505 654 1535 condemnato
672 1510 699 1534 et
715 1507 863 1536 maledicto
880 1507 1059 1536 maledictum

1116 1506 1265 1545 τυραννίδι,
1292 1507 1305 1535 6
1330 1507 1357 1536 δὲ
1378 1506 1499 1535 ἐνδίδωσι
1525 1505 1570 1535 καὶ
1598 1505 1755 1543 ὕποϐαίνει,
1792 1505 1900 1542 ἀτόλμως

261 1550 366 1587 lignum
377 1551 534 1586 imponunt.
550 1551 618 1580 Vide
627 1555 722 1580 autem
737 1555 765 1580 et
776 1552 804 1579 in
815 1553 900 1580 veteri
910 1557 974 1588 typo
988 1561 1058 1588 quo-

260 1595 327 1624 dam
337 1595 389 1623 hoc
407 1595 523 1623 factum.
544 1597 620 1624 Isaac
640 1595 714 1624 enim
730 1596 821 1624 etillic
839 1597 910 1633 ligna
926 1596 937 1613 '
949 1601 1062 1633 portans

264 1639 339 1668 vadit
351 1644 382 1668 ut
391 1639 560 1668 immoletur.
578 1642 618 1668 Ita
632 1644 660 1668 et
669 1640 721 1669 hoc
737 1641 798 1670 loco
809 1641 1060 1670 Dominuscrucem

263 1683 367 1712 habens
383 1684 466 1719 vadit,
479 1685 554 1721 quasi
568 1685 645 1713 miles
658 1692 734 1713 arma
751 1686 828 1722 gerit,
850 1686 948 1722 quibus
963 1686 1062 1715 adver-

261 1728 366 1757 sarium
379 1733 541 1764 prosternat.
557 1728 640 1765 Quod
656 1733 747 1757 autem
762 1731 838 1758 Isaac
854 1730 941 1767 ﬁgura
955 1731 990 1758 sit
1005 1732 1062 1759 Do-

260 1773 340 1808 mini,
358 1773 548 1802 manifestum.
569 1776 644 1802 Isaac
669 1775 743 1802 enim
769 1774 966 1811 interpretatur
988 1777 1063 1804 risus

262 1818 304 1845 vel
320 1819 462 1853 gaudium.
485 1819 553 1856 Quis
579 1823 672 1847 autem
692 1819 760 1848 alius
781 1820 912 1856 gaudium
935 1824 1062 1849 nostrum

262 1861 350 1891 factus
376 1868 428 1898 est,
459 1871 542 1900 quam
561 1864 585 1892 is
612 1865 658 1900 qui
682 1864 710 1892 in
729 1865 909 1901 conceptione
932 1865 1062 1894 humanze

260 1912 366 1936 naturae
379 1916 427 1945 per
441 1909 567 1945 angelum
581 1909 667 1944 Χαῖρε,
682 1909 734 1937 hoc
749 1913 799 1943 est,
818 1910 917 1945 gaude,
933 1918 1062 1938 commu-

260 1952 376 1981 nicavit?
387 1955 456 1989 Qua:
473 1954 551 1981 enim
568 1954 651 1989 Virgo
668 1954 772 1981 audivit
797 1953 858 1982 laeta
876 1955 981 1990 nuntia,
999 1963 1060 1983 om-

262 1997 304 2026 nis
317 2002 415 2025 natura
426 1998 556 2034 suscepit.
568 1998 659 2033 Hujus
672 1998 748 2026 Isaac
763 2001 842 2034 pater
854 2002 895 2026 est
904 1999 1060 2035 Abraham;

262 2046 339 2077 pater
350 2042 503 2070 multarum
517 2042 652 2078 gentium,
668 2043 714 2077 qui
725 2047 766 2070 est
776 2044 850 2071 Deus
865 2051 948 2080 super
957 2045 1059 2079 omnia,

262 2090 290 2114 et
303 2086 349 2121 qui
357 2085 520 2114 Iudaeorum
538 2090 581 2113 est
590 2087 672 2114 Pater
681 2090 708 2114 et
720 2087 854 2122 gentium,
873 2088 951 2125 cujus
961 2089 1058 2118 volun-

261 2134 317 2159 tate
337 2134 366 2159 et
384 2130 497 2158 consilio
521 2138 633 2159 crucem
653 2131 740 2159 Filius
752 2131 810 2168 ejus
825 2137 924 2168 portat.
939 2135 1058 2162 Verum-

1115 1551 1160 1580 καὶ
1172 1550 1306 1590 ἀνάνδρως
1322 1550 1369 1587 τὴν
1381 1550 1466 1591 κρίσιν
1483 1551 1748 1591 μεταχειρισάμενος.
1777 1565 1790 1577 ιι
1803 1547 1900 1580 Βαστά-

1116 1597 1167 1629 ζων
1179 1595 1206 1624 δὲ
1222 1595 1266 1625 τὸν
1287 1595 1400 1636 σταυρὸν
1415 1597 1497 1625 αὑτοῦ
1508 1618 1516 1632 ,
1533 1609 1544 1621 ι
1566 1595 1712 1635 ἐξέρχεται.
1730 1595 1788 1625 Καὶ
1804 1594 1853 1635 γὰρ
1863 1592 1900 1623 καὶ

1118 1639 1145 1668 τὸ
1167 1640 1284 1680 ἅψασθαι
1310 1641 1377 1674 ὅλως
1399 1642 1446 1669 τοῦ
1471 1640 1546 1674 ξύλου
1577 1640 1796 1680 ἀπηγορευμένον
1819 1639 1899 1680 ᾤοντο·

1115 1683 1158 1713 διὰ
1186 1687 1263 1714 τοῦτο
1286 1686 1357 1725 αὖτῷ
1382 1686 1420 1725 τῷ
1447 1684 1599 1724 κατακρίτῳ
1624 1685 1671 1714 καὶ
1704 1685 1848 1726 καταράτῳ
1877 1681 1900 1711 τὸ

1115 1730 1299 1769 κατηραμένον
1327 1729 1401 1764 ξύλον
1419 1730 1637 1770 ἐπιφορτίζουσιν.
1662 1729 1737 1769 "Oper
1763 1731 1790 1760 δὲ
1814 1728 1857 1758 καὶ
1879 1726 1899 1755 ἕν

1115 1786 1153 1814 τῳ
1181 1774 1250 1804 κατὰ
1274 1774 1321 1810 τὴν
1347 1774 1465 1804 παλαιὰν
1489 1774 1607 1804 τύπωσιν
1631 1777 1710 1804 τοῦτο
1738 1774 1897 1812 τελούμενον.

1117 1818 1172 1848 Καὶ
1198 1819 1248 1860 γὰρ
1271 1820 1349 1849 κάκεῖ
1369 1821 1382 1848 6
1397 1819 1492 1850 Ἰσαὰκ
1504 1818 1538 1848 τὰ
1554 1819 1619 1853 ξύλα
1644 1819 1805 1859 βαστάζων,
1823 1817 1900 1855 ἀπήρ-

1115 1874 1178 1902 χετο
1193 1865 1228 1897 εἷς
1249 1864 1279 1893 τὸ
1301 1866 1444 1905 σφαγῆναι·
1469 1864 1538 1894 οὕτω
1562 1866 1697 1894 κάνταῦθα
1713 1866 1726 1893 6
1747 1864 1843 1903 Κύριος
1863 1862 1900 1891 τὸν

1116 1908 1229 1949 σταυρὸν
1257 1904 1329 1948 ἔχων
1351 1909 1460 1945 ἄπεισι,
1487 1908 1532 1938 καὶ
1559 1904 1602 1938 οἶά
1628 1920 1667 1942 τις
1694 1908 1854 1948 στρατιώτης
1876 1906 1900 1935 τὸ

1115 1951 1209 1990 ὅπλον,
1226 1954 1284 1990 μεθ’
1308 1948 1337 1982 οἷ
1363 1953 1530 1982 καταϐάλλει
1555 1953 1600 1982 τὸν
1627 1952 1899 1992 ἀντιστρατευόμενον,

1115 1997 1198 2038 φέρει.
1209 1996 1274 2026 Ὀτι
1289 1997 1316 2026 δὲ
1330 1996 1411 2030 τύπος
1421 2000 1435 2027 6
1446 1997 1544 2028 Ἰσαὰκ
1556 2001 1602 2028 τοῦ
1616 2001 1699 2038 Θεοῦ,
1716 1999 1805 2033 δῆλον.
1817 1995 1899 2028 Ἰσαὰκ

1115 2041 1288 2082 ἑρμηνεύεται
1308 2055 1320 2068 ιι
1336 2041 1434 2080 γέλως,
1450 2055 1462 2068 ι
1479 2043 1539 2078 ἤτοι
1560 2056 1573 2069 α
1588 2043 1672 2083 χαρά.
1692 2054 1707 2072 ι)
1729 2044 1779 2076 Τίς
1792 2039 1834 2072 οὖν
1855 2040 1899 2069 ἄλ·

1114 2087 1158 2120 λος
1171 2086 1242 2126 χαρὰ
1259 2087 1333 2123 ἡμῶν
1351 2087 1456 2126 γέγονεν
1467 2109 1474 2123 ,
1497 2088 1519 2117 εἶ
1535 2087 1572 2126 μὴ
1596 2090 1610 2117 6
1625 2089 1651 2117 ἐν
1720 2087 1849 2127 συλλήψει
1862 2085 1897 2114 εὖ·

1113 2130 1156 2164 θὺς
1166 2131 1208 2165 τὸ,
1225 2145 1236 2156 σι
1248 2132 1343 2171 Χαῖρε,
1356 2145 1368 2157 ιι
1383 2130 1426 2160 διὰ
1437 2134 1482 2161 τοῦ
1496 2133 1608 2172 ἀγγέλου
1622 2135 1654 2172 τῇ
1669 2133 1819 2173 ἀνθρωπίνῃ
1833 2129 1899 2171 φύσει

261 2180 355 2203 tamen
368 2175 395 2203 in
418 2175 512 2210 veteri,
523 2175 552 2203 in
568 2175 625 2204 sola
636 2176 779 2204 voluntate
790 2177 878 2206 Patris
888 2186 932 2206 res
946 2179 1036 2206 stabat
1051 2190 1057 2208 :

1116 2174 1294 2212 διαδεδωκώς;
1320 2175 1351 2205 Ἃ
1375 2175 1425 2215 γὰρ
1451 2179 1467 2212 ἡ
1489 2178 1622 2217 Παρθένος
1637 2177 1731 2213 ἤκουεν
1761 2176 1898 2215 εὐαγγέλια,

263 2220 348 2257 ﬁgura
361 2220 435 2248 enim
446 2225 503 2248 erat
521 2229 528 2248 :
543 2220 596 2248 hoc
612 2224 703 2249 autem
714 2221 775 2250 loco
789 2229 870 2258 opere
885 2223 1038 2259 completur
1052 2232 1059 2251 :

264 2265 364 2293 veritas
374 2264 448 2293 enim
468 2269 534 2293 erat.
549 2265 684 2294 Fortassis
700 2266 773 2294 sicut
789 2267 846 2295 illic
866 2269 941 2295 isaac
961 2267 1061 2296 dimis-

263 2318 309 2338 sus
327 2314 379 2344 est,
396 2313 425 2338 et
443 2318 528 2346 agnus
540 2310 700 2340 immolatus
715 2316 767 2346 est,
786 2311 821 2340 ita
836 2316 861 2340 et
879 2312 932 2340 hoc
945 2312 1006 2340 loco
1021 2312 1061 2341 di—

261 2355 328 2383 vina
354 2359 451 2383 natura
479 2355 653 2392 impassibilis
678 2357 791 2391 mansit,
824 2357 944 2385 humana
969 2361 1061 2385 autem

259 2403 369 2434 natura,
389 2407 451 2436 quae
473 2404 500 2428 et
518 2404 614 2437 Agnus
638 2401 750 2436 dicitur,
765 2401 829 2437 quia
851 2400 919 2429 Adae
937 2402 1061 2431 erratica

260 2445 320 2473 ovis
334 2445 419 2478 ﬁlius,
433 2445 601 2474 immolatur.
619 2445 766 2480 Quomodo
783 2450 876 2474 autem
888 2446 957 2475 alius
973 2447 1060 2476 Evan-

258 2490 352 2526 gelista
374 2489 440 2518 dicit
468 2490 541 2527 quod
560 2502 572 2516 ι
596 2490 740 2519 Simonem
754 2491 917 2526 compulerit
934 2495 964 2520 ut
976 2491 1060 2520 ferret

259 2536 386 2564 crucem?
419 2546 432 2560 ιι
462 2536 587 2572 Utraque
613 2535 798 2571 contigerunt,
827 2536 896 2563 etin
923 2537 1056 2573 principio

258 2580 372 2616 quidem
393 2580 530 2608 Dominus
549 2580 607 2615 ipse
626 2587 738 2608 crucem
756 2587 852 2616 gerens
875 2581 970 2617 exivit,
993 2583 1057 2618 quia

257 2625 360 2661 lignum
384 2625 504 2652 maxime
527 2623 710 2652 abominabile
736 2628 804 2660 erat,
831 2630 859 2654 et
884 2634 966 2655 nemo
989 2627 1057 2656 alius

255 2670 390 2705 attingere
414 2669 531 2698 volebat.
554 2670 705 2704 Postquam
729 2674 820 2698 autem
841 2671 991 2707 exiverunt,
1007 2672 1056 2701 ob-

291 2732 302 2749 "
315 2734 397 2761 Deut.
408 2739 476 2767 1x1,
488 2734 531 2760 23.
542 2730 630 2760 “Gen.
649 2740 724 2768 χχιι,
737 2735 763 2768 3,
774 2736 801 2769 6,
816 2736 842 2762 9.

1115 2224 1190 2250 πᾶσα
1205 2222 1222 2256 ἡ
1239 2220 1315 2260 φύσις
1341 2220 1481 2260 διεδέχετο.
1507 2222 1609 2251 Τούτου
1632 2224 1677 2251 τοῦ
1704 2222 1801 2252 Ἰσαὰκ
1819 2219 1897 2257 πατὴρ

1115 2264 1253 2305 Ἀϐραὰμ,
1266 2266 1280 2294 6
1295 2265 1385 2306 πατὴρ
1400 2267 1507 2296 πολλῶν
1522 2267 1617 2303 ἐθνῶν,
1640 2266 1666 2300 ὅς
1686 2269 1754 2296 ἔστιν
1772 2268 1786 2295 6
1803 2265 1897 2306 minui!

1115 2303 1197 2345 Θεδς,
1212 2309 1239 2344 ὃς
1259 2310 1304 2340 καὶ
1326 2303 1462 2340 Ἰουδαίων
1485 2311 1542 2341 ἐστὶ
1570 2311 1668 2352 Πατὴρ
1693 2312 1739 2341 καὶ
1765 2312 1855 2345 ἐθνῶν,
1874 2303 1897 2337 οὗ

1115 2357 1147 2396 τῇ
1173 2354 1278 2396 εὐδοκία
1299 2355 1344 2385 καὶ
1359 2358 1392 2396 τῇ
1419 2357 1502 2396 βουλῇ
1518 2355 1562 2385 τὸν
1586 2356 1700 2395 σταυρὸν
1722 2357 1736 2385 6
1751 2356 1813 2389 Υἱὸς
1827 2354 1896 2383 αὐτοῦ

1117 2401 1254 2440 βαστάζει.
1273 2400 1350 2437 Πλὴν
1363 2401 1388 2429 ἐν
1404 2400 1452 2438 μὲν
1516 2402 1626 2441 Παλαιᾷ
1646 2400 1710 2441 ἄχρι
1723 2403 1770 2437 τῆς
1786 2396 1896 2441 προαιρέ-

1114 2438 1180 2479 σεως
1203 2448 1248 2475 τοῦ
1267 2445 1372 2485 [ἰατρὸς
1388 2444 1453 2481 ἔστη
1480 2445 1510 2474 τὸ
1535 2451 1658 2485 πρᾶγμαν
1684 2445 1767 2479 τύπος
1793 2443 1841 2484 γὰρ
1861 2438 1895 2485 ᾖν·

1114 2491 1224 2519 ἐνταῦθα
1240 2490 1268 2519 δὲ
1287 2482 1335 2519 καί
1355 2491 1390 2524 εἷς
1414 2489 1489 2530 ἔργον
1512 2482 1626 2526 ἐξῆλθεν·
1655 2490 1767 2526 ἀλήθεια
1789 2482 1838 2528 γὰρ
1860 2482 1895 2522 {vi

1110 2535 1192 2574 Τάχα
1219 2535 1266 2572 δὲ,
1291 2534 1383 2574 ὥσπερ
1405 2536 1460 2564 ἐκεῖ
1475 2537 1488 2564 6
1504 2534 1602 2564 Ἰσαὰκ
1621 2535 1733 2575 ἀφείθη,
1753 2536 1767 2564 6
1781 2535 1807 2564 δὲ
1824 2530 1895 2575 ἀμνὸς

1110 2579 1198 2615 ἓτύθη⁶
1222 2578 1291 2608 οὕτω
1315 2580 1449 2608 κάνταῦθα
1475 2581 1491 2615 ἡ
1516 2579 1573 2609 θεία
1599 2581 1675 2619 φύσις
1699 2578 1817 2615 ἀπαθὴς,
1832 2577 1858 2605 τὸ
1872 2573 1893 2603 δὲ

1111 2624 1289 2663 ἀνθρώπινον,
1308 2623 1378 2653 ὃκαὶ
1395 2624 1486 2662 Ἀμνὸς
1501 2624 1621 2664 λέγεται,
1642 2625 1678 2658 ὥς
1692 2626 1738 2654 τοῦ
1754 2624 1837 2661 Ἀδὰμ
1851 2620 1890 2649 τοῦ

1111 2667 1289 2706 πλανηθέντος
1317 2668 1451 2710 προϐάτου
1485 2669 1553 2708 υἱὸς,
1575 2669 1654 2699 τοῦτό
1680 2670 1751 2699 ἐστιν
1777 2667 1792 2698 ὃ
1811 2665 1891 2698 ἐτύθη·

767 2783 810 2812 Ex
833 2785 991 2814 collatione
1007 2785 1093 2815 codd.
1116 2786 1220 2816 Venet.
1241 2786 1272 2816 S.
1293 2786 1398 2818 Marci.

295 2841 350 2873 (42)
361 2839 430 2868 Cod.
444 2842 488 2873 26,
505 2840 645 2875 παρέδωκεν
657 2839 730 2868 αὐτὸν
744 2841 827 2872 αὐτοῖς
840 2842 884 2868 ἵνα
897 2843 1038 2879 σταυρωθῇ,
1054 2843 1068 2870 6
1081 2842 1201 2877 ἀνόητος,
1215 2854 1239 2872 κ.
1253 2853 1275 2871 τ,
1292 2844 1318 2871 λ.
