1927 3076
40 155 96 181 2'73

465 152 659 181 ENARRATIO
679 153 712 181 IN
732 152 946 181 EVANGELIUM
963 153 1112 181 .IOANNIS.
1133 168 1169 173 —
1187 153 1261 181 CAP.
1282 153 1345 181 XIX.

1652 155 1704 183 274

43 217 112 249 Πῶς
130 215 159 245 δὲ
175 216 255 249 ἄλλος
269 214 458 254 εὖαγγελιστής
470 226 566 254 φησιν,
580 215 620 245 δτι
634 229 646 242 α
664 215 717 246 Τὸν
736 215 845 254 Σίμωνα

906 216 975 243 viam
991 219 1122 243 venerunt
1143 215 1258 248 Simoni,
1278 215 1394 243 venienti
1408 222 1440 243 ex
1458 223 1536 251 agro,
1556 219 1582 244 et
1604 216 1642 244 ita
1654 217 1705 245 im-

43 260 240 300 ἦγγάρευσαν,
255 258 299 289 ἵνα
316 259 368 301 ἄρῃ
386 259 430 289 τὸν
448 260 578 300 σταυρόν;
599 273 611 286 I
625 259 690 290 Ὅτι
713 260 849 300 ἀμφότερα

42 306 183 344 ἐγένοντο.
209 304 265 335 Καὶ
290 304 342 344 γὰρ
373 305 400 334 ἐν
429 305 500 344 ἀρχῇ
535 305 582 342 μὲν
615 305 692 338 αὐτὸς
716 306 730 334 6
753 304 850 345 Κύριος

45 350 193 390 βαστάζων
209 352 300 379 τοῦτον
314 348 434 386 ἐξῆλθεν,
447 345 488 379 οἶα
505 349 612 378 πάντων
628 349 849 390 ἀποτρεπομένων

43 395 76 424 τὸ
93 394 189 431 ξύλον,
205 394 251 423 καὶ
272 394 339 432 μηδὲ
359 393 439 433 θίγειν
455 395 534 424 αὐτοῦ
550 394 708 434 δεχομένων.
725 394 804 425 Ἐπεὶ
821 394 848 424 δὲ

43 439 178 475 ἐξῆλθον,
214 438 386 475 ἀπήντησαν,
421 439 501 478 φησὶ,
531 439 635 477 Σίμωνι
665 439 798 479 ἐρχομένῳ
824 439 850 473 ἐξ

44 486 150 523 ἀγροῦ,
164 483 210 513 καὶ
232 483 313 517 οὕτως
328 483 460 519 ἐπέθηκαν
477 483 562 524 τούτῳ
579 484 608 514 τὸ
626 483 710 518 ξύλον.
732 484 849 524 Κρανίου

45 528 73 558 δὲ
97 528 182 558 τόπον
205 528 294 566 ἔλεγον
314 528 357 557 τὸν
372 527 463 557 τόπον.
484 528 536 558 Καὶ
550 528 603 568 γὰρ
617 528 692 567 λόγος
708 534 829 569 κατεῖχεν
841 552 849 565 ,

43 573 86 602 ὅτι
115 574 172 602 ἐκεῖ
197 573 326 602 τέθαπται
342 574 356 602 6
378 572 476 610 Ἀδὰμ,
502 573 544 602 ἵνα
573 573 638 602 ὅπου
662 575 679 608 ἡ
709 573 779 612 ἀρχὴ
803 576 848 602 τοῦ

45 617 166 646 Θανάτου
175 639 184 653 ,
198 618 254 647 ἐκεῖ
264 617 310 647 καὶ
324 619 341 653 ἡ
358 619 456 650 πτῶσις
472 618 549 647 αὐτοῦ
561 617 680 656 γένηται.
699 618 849 657 Παράδοσις

44 663 99 702 γὰρ
124 662 333 698 ἐκκλησιαστική
357 662 442 697 ἔστιν,
463 662 503 691 ὅτι
522 662 616 701 πρώτη
639 662 754 693 Ἰουδαία
778 662 846 700 μετὰ

45 707 76 736 τὸ
94 707 260 743 ἐκϐληθῆναι
293 706 338 736 τὸν
368 706 506 746 ἄνθρωπον
537 708 567 736 ἐκ
594 709 639 736 τοῦ
669 707 848 746 παραδείσου,

43 752 176 792 οἰκήτορα
191 751 269 791 ἔσχεν
284 752 319 785 εἷς
335 751 502 791 παραμυθίαν
524 753 575 780 τῶν
594 753 620 781 ἐν
638 753 676 791 τῷ
692 752 847 792 παραδείσῳ

44 798 157 832 καλῶν,
177 797 281 826 δοθεῖσα
302 796 391 836 αὐτῷ,
413 798 448 829 ὡς
463 797 514 824 τῶν
535 795 624 825 ἄλλων
638 798 732 826 πασῶν
751 799 847 836 χωρῶν

45 842 178 881 κρείττων
201 841 246 870 καὶ
271 840 355 870 πίων’
380 840 484 870 διὸκαὶ
508 840 602 880 πρώτη
628 841 716 880 νεκρὸν
743 841 848 875 ἐδέξατο

65 872 71 881 ,
531 872 537 880 ,
597 872 602 876 .
675 872 680 880 ,
792 872 799 875 .

47 887 199 926 ἄνθρωπον.
222 887 258 916 Οἱ
280 885 366 914 τοίνυν
386 885 444 915 τότε
466 884 613 925 ἄνθρωποι,
639 889 729 925 θαῦμα
758 887 847 916 ποιού-
863 872 887 904 Β

47 943 125 969 μενοι
156 931 246 970 νεκρὸν
272 929 392 970 κρανίον,
416 932 462 959 τοῦ
491 930 618 970 δέρματος
648 933 720 971 αὐτῷ
751 933 847 971 περιῤ-

47 976 170 1017 ῥυέντος,
186 976 213 1004 ἐν
231 975 304 1015 τόπῳ
323 974 511 1013 καταθέμενοι,
535 975 584 1004 ἀπ’
605 977 685 1005 αὐτοῦ
707 975 750 1005 τὸν
766 976 847 1005 τόπον

46 1020 209 1058 ὠνόμασαν,
227 1019 272 1049 καὶ
292 1018 358 1058 μετᾶ
378 1018 421 1048 τὸν
441 1020 629 1058 κατακλυσμὸν
647 1019 698 1049 ὑπὸ
719 1023 764 1050 τοῦ
784 1021 846 1050 Νῶε

46 1065 216 1095 διαδεδόσθαι
230 1064 278 1100 τὴν
293 1063 383 1105 φήμην
399 1066 434 1098 εἰς
452 1065 565 1097 πάντας·
583 1064 622 1094 διὸ
638 1065 684 1094 καὶ
702 1066 716 1094 6
730 1064 845 1105 Κύριος,

47 1109 111 1139 ἔνθα
125 1112 142 1146 ἡ
157 1109 232 1149 πηγὴ
248 1111 294 1139 τοῦ
310 1109 439 1146 θανάτου,
454 1109 508 1138 ἐκεῖ
520 1111 695 1148 θανατοῦται,
721 1109 763 1138 ἵνα
783 1109 847 1139 ταύ-

47 1166 98 1190 την
111 1153 224 1194 ξηράνῃ.
247 1155 398 1193 Σταυροῦσι
412 1153 439 1183 δὲ
452 1154 498 1183 καὶ
510 1154 604 1188 ἄλλους
619 1153 664 1183 δύο
679 1155 736 1192 μετ’
752 1155 846 1184 αὐτοῦ·

48 1199 126 1228 αὐτοὶ
150 1199 198 1237 μὲν
217 1199 334 1238 πονηρὰν
356 1197 432 1232 δόξαν
454 1200 598 1239 περιθεῖναι
619 1198 792 1238 βουλόμενοι,
812 1201 847 1233 ὥς

163 1243 209 1272 καὶ
234 1244 304 1283 αὖτῷ
321 1242 393 1279 ὄντι,
416 1242 484 1279 πλὴν
506 1243 668 1284 προφητείαν
689 1245 737 1273 κάν
761 1243 846 1284 τούτῳ

47 1288 94 1318 καὶ
110 1290 149 1326 μή
173 1288 326 1327 βουλόμενοι
348 1289 494 1328 πληροῦσι,
513 1287 574 1325 τὴν,
598 1288 637 1318 ὅτι
655 1302 666 1313 ιι
695 1287 750 1318 Καὶ
778 1288 846 1326 μετὰ

49 1332 157 1371 ἀνόμων
182 1332 310 1372 ἐλογίσθη.
335 1346 347 1359 ι
368 1331 440 1372 ’Ὅρα
462 1332 489 1362 δὲ
510 1332 558 1368 τὴν
577 1335 624 1362 τοῦ
644 1334 715 1363 Θεοῦ
737 1333 846 1373 σοφίαν,

48 1379 105 1411 πῶς
120 1377 165 1406 καὶ
179 1380 271 1414 τοῦτο,
288 1377 301 1406 ὃ
316 1378 356 1418 ἐφ’
371 1377 445 1417 ὕϐρει
459 1380 504 1407 τοῦ
519 1377 618 1416 Κυρίου
634 1377 738 1407 ἐποίουν
756 1378 846 1414 αὐτοὶ,

51 1423 87 1456 εἰς
106 1422 183 1456 δόξαν
204 1422 292 1458 ἀπέϐη
309 1424 398 1453 αὐτοῦ.
421 1422 476 1452 Καὶ
490 1421 541 1461 γὰρ
557 1423 583 1450 ἐν
598 1423 671 1462 αὖτῷ
685 1425 723 1462 τῷ
739 1424 846 1463 σταυρῷ

904 264 1056 296 posuerunt
1065 260 1089 288 ei
1098 260 1212 297 lignum.
1228 261 1313 288 Porro
1322 259 1452 288 Calvarias
1467 259 1558 288 locum
1567 260 1703 296 dicebant,

903 305 973 333 sicut
986 305 1105 333 narratio
1122 305 1222 340 prodit,
1233 304 1309 341 quod
1324 303 1378 332 illic
1398 304 1520 340 sepultus
1540 304 1575 333 sit
1586 305 1674 334 Adam
1694 317 1701 336 :

905 354 935 378 ut
948 349 995 378 ubi
1014 349 1177 386 principium
1199 349 1308 383 mortis,
1323 348 1378 377 illic
1397 352 1426 376 et
1439 356 1518 377 casus
1533 348 1594 385 ejus
1613 350 1702 379 ﬁeret.

903 394 1028 422 Traditio
1045 394 1118 422 enim
1140 393 1321 422 ecclesiastica
1339 397 1390 427 est,
1415 394 1477 430 quia
1503 393 1577 429 prior
1598 394 1703 430 Judaaa,

904 443 1049 475 postquam
1063 439 1164 475 ejectus
1177 438 1227 466 fuit
1238 438 1322 466 homo
1333 445 1366 466 ex
1377 437 1517 474 paradiso,
1531 437 1702 467 domicilium

904 484 942 512 ibi
957 485 1052 513 habuit
1066 484 1092 512 in
1118 484 1244 512 solatium
1271 483 1409 512 bonorum
1428 491 1489 520 quae
1517 483 1543 511 in
1568 483 1702 519 paradiso.

904 529 966 558 data
977 530 1001 557 ei
1012 534 1085 558 terra
1106 529 1151 557 illa
1166 537 1227 565 quae
1245 529 1374 557 omnium
1389 528 1503 556 aliarum
1515 528 1620 563 optima
1632 533 1704 557 esset

904 578 932 602 et
947 574 1127 610 pinguissima
1142 582 1148 600 :
1161 577 1304 610 propterea
1317 577 1344 601 et
1356 573 1445 609 prima
1458 577 1599 601 mortuum
1611 581 1702 602 susce-

904 619 943 654 pit
954 619 1106 646 hominem.
1120 618 1256 646 Homines
1269 618 1354 654 igitur
1364 617 1409 652 qui
1420 621 1488 645 tunc
1498 621 1585 652 erant,
1598 617 1702 646 habue-

903 668 967 691 runt
987 671 1036 700 pro
1051 663 1183 691 miraculo
1210 662 1313 691 mortui
1332 662 1477 691 calvariam
1496 661 1652 698 depilatam,
1674 662 1703 690 in

903 708 964 737 loco
974 708 1020 736 illo
1035 708 1198 742 habitantes,
1213 707 1276 736 inde
1288 715 1352 735 eum
1362 707 1583 741 nominaverunt,
1601 711 1627 735 et
1641 711 1703 743 post

902 752 1035 781 diluvium
1053 752 1123 780 fama
1156 752 1238 788 751
1259 752 1319 780 haec
1347 760 1362 780 a
1395 753 1454 780 Noe
1473 752 1501 779 in
1532 759 1629 779 omnes
1656 751 1700 779 di-

903 798 1009 834 vulgata
1024 802 1074 826 est.
1097 797 1179 826 Unde
1194 801 1222 825 et
1238 797 1373 825 Dominus
1386 797 1433 825 ubi
1448 796 1509 825 fons
1527 797 1634 830 mortis,
1649 796 1704 824 illic

903 842 1032 877 moritur,
1044 846 1074 870 ut
1085 842 1163 871 illum
1175 843 1269 871 siccet.
1285 853 1298 867 «
1309 841 1479 878 Cruciligunt
1490 845 1582 869 autem
1595 845 1622 869 et
1632 841 1702 869 duos

903 887 973 915 alios
985 895 1048 915 cum
1061 895 1102 915 eo.
1119 899 1131 911 ι
1148 887 1202 923 lpsi
1219 887 1330 923 quidem
1346 894 1394 922 per
1406 885 1458 914 hoc
1473 885 1605 914 infamare
1615 886 1703 922 magis

902 939 966 960 eum
982 932 1114 965 volentes,
1129 932 1207 968 quasi
1219 936 1247 960 et
1263 932 1321 967 ipse
1329 931 1397 959 latro
1409 935 1488 958 esset.
1502 931 1702 958 Verumtamen

903 980 931 1004 et
949 976 999 1012 ipsi
1020 976 1192 1013 prophetiam
1216 976 1244 1004 in
1266 976 1319 1004 hoc
1345 975 1517 1003 involuntarii
1538 975 1700 1011 replerunt:

901 1029 1001 1057 nempe
1024 1020 1098 1057 quod
1115 1033 1128 1045 «ι
1145 1022 1214 1049 Cum
1235 1020 1326 1056 impiis
1341 1024 1483 1056 repntatus
1503 1024 1546 1048 est
1559 1019 1580 1047 '.
1599 1031 1612 1044 π
1630 1019 1701 1048 Vide

901 1070 995 1094 autem
1006 1070 1034 1094 et
1046 1065 1159 1094 Domini
1173 1065 1346 1102 sapientiam,
1360 1067 1500 1100 quomodo
1520 1068 1547 1092 et
1558 1064 1611 1092 hoc
1628 1064 1702 1100 quod

902 1109 1036 1138 faciebant
1051 1110 1077 1138 in
1092 1110 1221 1146 injuriam
1241 1110 1326 1145 ipsius
1337 1109 1457 1142 Domini,
1474 1108 1501 1136 in
1516 1108 1631 1145 gloriam
1643 1108 1702 1145 ejus

901 1155 1002 1183 evenit.
1016 1156 1086 1183 Nam
1098 1159 1125 1182 et
1136 1155 1163 1182 in
1179 1155 1236 1191 ipsa
1249 1161 1328 1182 cruce
1342 1153 1479 1182 latronem
1491 1153 1613 1186 salvavit,
1628 1153 1701 1190 quod

901 1199 975 1227 nullo
996 1199 1128 1228 miraculo
1143 1199 1233 1227 minus
1248 1203 1298 1233 est,
1319 1203 1345 1226 et
1361 1206 1394 1226 ex
1417 1198 1470 1226 hoc
1488 1198 1575 1234 magis
1589 1202 1702 1234 apparet

901 1245 987 1278 Deus,
1005 1244 1077 1281 quod
1093 1245 1150 1280 ipse
1164 1244 1240 1272 solus
1264 1243 1445 1280 gloriﬁcatur,
1464 1243 1591 1279 quamvis
1605 1246 1632 1271 et
1653 1242 1699 1270 alii

900 1289 984 1317 simul
1007 1288 1130 1317 cruciﬁxi
1149 1289 1204 1317 sint
1219 1297 1226 1317 ι
1243 1288 1271 1316 id
1297 1287 1372 1325 quod
1391 1295 1446 1315 non
1463 1287 1559 1316 fuisset
1581 1287 1698 1320 factum,

900 1334 953 1361 nisi
980 1333 1107 1362 innoxius
1124 1333 1233 1368 fuisset,
1247 1337 1274 1361 et
1297 1341 1353 1361 non
1377 1335 1424 1366 (ut
1446 1333 1486 1360 sic
1506 1332 1611 1366 dicam)
1635 1332 1701 1368 legis

901 1378 1106 1414 praevaricator,
1119 1378 1168 1406 sed
1184 1382 1210 1406 et
1225 1385 1307 1414 supra
1321 1384 1432 1406 omnem
1442 1377 1541 1413 legem,
1557 1380 1583 1405 et
1596 1384 1700 1413 praeva-

901 1423 1053 1451 ricatorum
1069 1423 1165 1459 judex.

50 1467 153 1505 λῃστὴν
176 1467 287 1504 ἔσωσεν,
311 1467 376 1507 ὅπερ
397 1467 499 1500 οὖδενὸς
520 1463 599 1503 ἧττον
621 1470 724 1505 θαῦμα,
749 1470 794 1497 καὶ
816 1468 845 1498 ἐκ
866 1468 961 1498 τούτου
985 1468 1105 1507 φαίνεται
1131 1469 1232 1506 μᾶλλον
1257 1467 1339 1504 Θεὸς,
1356 1469 1386 1496 ἔκ
1401 1469 1446 1496 τοῦ
1463 1467 1541 1506 μόνος
1563 1466 1641 1501 αὐτὸς
1657 1467 1700 1498 6o-

50 1512 188 1548 ξάζεσθαι,
211 1512 297 1541 καίτοι
326 1512 371 1541 καὶ
397 1511 483 1541 ἄλλων
508 1511 759 1551 συσταυρωθέντων·
785 1512 850 1552 ὅπερ
875 1514 922 1542 οὖκ
940 1512 972 1542 ἃν
991 1513 1122 1552 ἐγεγόνει,
1139 1512 1215 1552 εἰμὴ
1236 1512 1351 1546 ἀναίτιος
1375 1508 1421 1549 ἦν,
1436 1512 1481 1542 καὶ
1497 1513 1546 1552 οὐχ
1568 1511 1638 1546 ὅπως
1663 1513 1700 1542 εἶ-

49 1557 108 1586 πεῖν
131 1557 239 1595 ἄνομος,
258 1556 326 1586 ἀλλὰ
347 1556 392 1585 καὶ
414 1556 512 1589 παντὸς
536 1556 616 1594 νόμου
638 1557 775 1593 ἐπέκεινα,
797 1557 842 1586 καὶ
857 1559 909 1586 τῶν
929 1557 1035 1596 ἀνόμων
1050 1558 1150 1597 κριτής.

91 1616 104 1628 ι
125 1601 136 1611 ⁷
149 1603 258 1642 Εγραψε
273 1601 300 1630 δὲ
325 1601 370 1642 καὶ
389 1601 505 1631 τῖτλονὸ
529 1601 661 1640 Πιλάτος,
685 1601 730 1631 καὶ
752 1601 844 1638 ἔθηκεν

934 1603 1029 1631 Vsus.
1049 1605 1138 1631 19-22.
1154 1614 1165 1626 α
1178 1602 1291 1638 Scripsit
1308 1606 1401 1630 autem
1415 1605 1443 1630 et
1456 1601 1567 1630 titulum
1580 1601 1698 1636 Pilatus,

49 1646 95 1676 ἐπὶ
118 1649 163 1676 τοῦ
187 1641 312 1685 σταυροῦ·
343 1641 374 1682 ἦν
410 1645 437 1674 δὲ
471 1645 661 1684 γεγραμμένον·
696 1646 799 1681 Ἰησοῦς
832 1647 846 1675 6

49 1691 218 1731 Ναζωραῖος,
242 1692 256 1719 ὁ
283 1689 405 1730 βασιλεὺς
430 1691 480 1719 τῶν
504 1690 650 1720 Ἰουδαίων.
674 1691 774 1720 Τοῦτον
801 1686 846 1720 οὖν

49 1735 94 1765 τὸν
125 1737 210 1764 τῖτλον
239 1735 332 1764 πολλοὶ
361 1735 512 1774 ἀνέγνωσαν
541 1737 593 1764 τῶν
623 1735 774 1772 Ἰουδαίων,
807 1735 846 1764 ὅτι

49 1780 127 1819 ἐγγὺς
160 1775 190 1815 ἦν
210 1782 224 1810 ὁ
242 1780 321 1813 τόπος
346 1781 392 1815 τ’ἤς
416 1780 533 1815 πόλεως,
565 1779 631 1810 ὅπου
660 1780 813 1819 ἐσταυρώθη
832 1781 846 1809 6

48 1825 162 1860 Ἰησοῦς.
180 1824 231 1854 Καὶ
246 1819 277 1859 ἧν
295 1825 477 1864 γεγραμμένον
494 1823 655 1864 Ἐϐραϊστὶ,
673 1823 844 1860 Ἑλληνιστὶ,

48 1869 209 1908 Ῥωμαϊστί.
240 1868 355 1908 ἸΞλεγον
379 1865 423 1898 οὖν
452 1871 489 1908 τῷ
518 1869 629 1909 Πιλάτῳ
660 1870 684 1898 οἳ
712 1871 847 1909 ἀρχιερεῖς

51 1916 103 1943 τῶν
125 1913 273 1944 Ἰουδαίων·
302 1913 348 1948 Μὴ
366 1913 461 1954 γράφε·
490 1912 525 1944 Ὀ
552 1913 675 1952 βασιλεὺς
699 1915 750 1942 τῶν
774 1914 844 1943 Ἰου-

52 1959 146 1996 δαίων,
173 1959 231 1988 ἀλλ’
259 1958 298 1988 ὅτι
329 1959 425 1992 ἐκεῖνος
447 1954 517 1988 εἶπε·
547 1958 678 1992 Βασιλεύς
706 1959 760 1995 εἰμι
793 1960 845 1987 τῶν

53 2004 200 2034 Ἰουδαίων.
233 2003 371 2043 Ἀπεκρίθη
411 2005 424 2033 6
465 2002 594 2036 Πιλάτος·
627 2002 664 2033 ⁸0
706 2003 843 2043 γέγραφα,

51 2048 180 2089 γέγραφα.
213 2062 223 2074 »ι
251 2048 351 2089 Γράφει
377 2048 421 2077 καὶ
444 2049 532 2076 τίτλον
556 2049 569 2077 6
592 2048 708 2081 Πιλάτος
734 2047 777 2077 ἐπὶ
798 2050 844 2077 τοῦ

53 2096 181 2133 σταυροῦ,
217 2092 350 2123 τουτέστιν
387 2091 489 2129 αἰτίαν,
523 2093 568 2122 καὶ
604 2092 768 2133 ἐπιγραφὴν,
799 2092 844 2121 καὶ

53 2139 178 2174 δήλωσιν·
194 2140 276 2167 ταῦτα
292 2137 342 2178 γὰρ
358 2137 533 2177 ἑρμηνεύεται
547 2139 560 2166 6
576 2137 671 2170 τῖτλος.
695 2137 845 2172 Ἐδηλοῧτο

53 2182 80 2212 δὲ
94 2182 136 2212 διὰ
161 2185 206 2211 τοῦ
235 2182 338 2219 τίτλου,
366 2182 433 2216 τίνος
462 2181 533 2211 ἐστὶν
559 2183 573 2210 6
596 2182 717 2222 σταυρός,
744 2181 844 2221 Γράφει

901 1651 928 1675 et
952 1647 1044 1682 posuit
1076 1655 1158 1683 super
1181 1655 1303 1675 crucem.
1324 1647 1390 1674 Erat
1413 1650 1506 1674 autem
1533 1646 1665 1682 scriptum
1689 1655 1696 1675 :

900 1693 980 1719 Jesus
1004 1693 1170 1725 Nazarenus,
1195 1700 1242 1720 rex
1257 1691 1422 1720 Judazorum.
1444 1692 1526 1719 Hunc
1549 1699 1615 1728 ergo
1630 1691 1698 1720 titu-

901 1736 957 1764 lum
974 1737 1052 1764 multi
1064 1736 1226 1765 Judzeorum
1241 1736 1375 1772 legerunt,
1388 1736 1453 1772 quia
1466 1743 1550 1772 prope
1561 1736 1696 1764 civitatem

900 1785 959 1809 erat
980 1781 1057 1809 locus
1079 1781 1124 1809 ubi
1148 1780 1293 1809 cruciﬁxus
1319 1785 1360 1809 est
1379 1781 1468 1808 Jesus.
1493 1782 1528 1808 Et
1552 1785 1612 1808 erat
1629 1781 1697 1809 scri—

901 1830 980 1861 ptum
997 1826 1141 1856 chraice.
1157 1830 1184 1853 et
1196 1827 1302 1858 Graece,
1319 1829 1346 1853 et
1363 1825 1469 1852 Latine.
1490 1825 1620 1852 Dicebant
1634 1833 1698 1861 ergo

902 1870 987 1898 Pilato
1013 1870 1155 1906 pontiﬁces
1182 1869 1345 1897 Judzeorum
1367 1879 1373 1896 :
1395 1869 1457 1896 Noli
1487 1869 1616 1903 scribere,
1638 1870 1698 1897 Rex

900 1914 1072 1949 Iudaeorum,
1087 1914 1135 1942 sed
1148 1914 1222 1950 quod
1241 1914 1285 1942 ille
1302 1913 1401 1942 dixerit
1417 1923 1423 1941 :
1438 1915 1497 1941 Rex
1513 1921 1576 1941 sum
1586 1913 1697 1941 Judaeo-

900 1968 970 1988 rum.
992 1959 1146 1996 Respondit
1167 1959 1269 1987 Pilatus
1294 1968 1301 1987 :
1323 1957 1406 1994 Quod
1429 1958 1535 1994 scripsi,
1559 1957 1662 1994 scripsi.
1684 1969 1697 1983 ι

900 2004 1001 2033 Scribit
1021 2008 1049 2032 et
1069 2003 1180 2032 titulum
1202 2004 1305 2031 Pilatus
1325 2011 1407 2039 super
1430 2010 1549 2037 crucem,
1571 2002 1624 2030 hoc
1646 2006 1697 2037 est,

901 2057 1010 2077 causam
1039 2052 1067 2077 et
1093 2048 1343 2076 manifestationem
1368 2052 1395 2076 et
1414 2048 1629 2084 inscriptionem.
1658 2048 1697 2075 Ita

901 2095 974 2122 enim
1000 2095 1212 2130 interpretamur
1236 2093 1357 2121 titulum.
1377 2092 1587 2129 Signiﬁcabatur
1604 2096 1698 2121 autem

901 2147 948 2174 per
961 2139 1081 2172 titulum,
1094 2139 1172 2175 cujus
1185 2142 1258 2167 esset
1275 2146 1352 2166 crux.
1373 2138 1511 2166 Caeterum
1527 2137 1621 2165 scribit
1635 2138 1699 2166 titu-

901 2184 968 2215 lum,
995 2183 1094 2219 partim
1117 2183 1250 2218 ulciscens
1269 2191 1298 2211 se
1313 2182 1347 2211 de
1365 2182 1468 2211 Iudaeis
1486 2186 1518 2210 ut
1530 2182 1583 2210 sibi
1602 2182 1698 2210 inobe-

53 2223 96 2257 οἷν
115 2227 157 2256 τὸν
177 2228 278 2264 τῖτλον,
295 2227 351 2266 ἅμα
367 2227 415 2264 μὲν
435 2226 597 2265 ἀμυνόμενος
616 2226 675 2260 τοὺς
689 2225 845 2262 Ἰουδαίους,

901 2228 1048 2262 dientibus,
1071 2232 1099 2256 et
1121 2227 1266 2256 ostendens
1281 2226 1413 2255 malitiam
1434 2235 1542 2261 eorum,
1562 2227 1636 2262 quod
1654 2227 1698 2254 in-

53 2274 87 2306 ὡς
110 2271 329 2310 παρακούσαντας
355 2272 448 2308 αὐτοῦ,
475 2271 521 2300 καὶ
550 2270 650 2304 δεικνὺς
676 2270 724 2306 τὴν
750 2271 844 2300 κακίαν

53 2318 155 2352 αὐτῶν,
176 2317 215 2346 ὅτι
240 2318 276 2356 τῷ
297 2316 385 2356 οἰκείῳ
405 2317 509 2355 βασιλεῖ
527 2315 724 2351 ἐπανέστησαν·
745 2314 801 2354 ἅμα
818 2315 845 2344 δὲ

52 2362 96 2391 καὶ
131 2361 405 2402 ὖπεραπολογούμενος
441 2363 488 2396 τῆς
518 2360 593 2397 δόξης
628 2363 674 2389 τοῦ
714 2361 841 2401 Χριστοῦ.

53 2406 129 2437 Ἐπεὶ
148 2406 199 2445 γὰρ
224 2407 317 2435 ἐκεῖνοι
341 2405 408 2444 μετὰ
429 2406 535 2445 λῃστῶν
558 2403 635 2434 αὐτὸν
658 2405 846 2444 ἐσταύρωσαν,

52 2452 252 2492 καταρῤυπᾶναι
265 2451 295 2480 τὸ
309 2450 392 2489 ὄνομα
413 2451 493 2479 αὐτοῦ
510 2449 680 2489 βουλόμενοι,
701 2451 715 2478 6
732 2450 847 2483 Πιλάτος

53 2497 193 2532 δείκνυσιν,
206 2495 245 2525 ὅτι
263 2497 292 2525 οὐ
313 2495 412 2535 λῃστὴς
431 2491 480 2534 ἦν,
503 2495 571 2525 ἀλλὰ
597 2494 720 2534 βασιλεὺς
746 2495 846 2530 αὐτῶν,

53 2541 98 2570 καὶ
116 2544 190 2570 τοῦτο
211 2541 241 2569 οὗ
263 2545 312 2580 μιᾷ
335 2539 455 2580 γλώττῃ,
480 2539 549 2570 ἀλλὰ
572 2539 643 2579 τρισὶ
662 2541 740 2576 δῆλον
761 2540 843 2570 ποιεῖ.

54 2585 130 2618 Εἰκὸς
149 2585 199 2624 γὰρ
218 2581 251 2621 ἧν
270 2584 383 2618 πολλοὺς
404 2585 447 2614 διὰ
471 2584 518 2620 τὴν
543 2583 635 2625 ἑορτὴν
661 2586 845 2623 ἀναμεμῖχθαι

54 2634 106 2665 τοῖς
128 2629 264 2663 Ἰουδαίοις
290 2629 440 2665 τΈλληνας·
476 2631 511 2663 ὡς
540 2629 585 2658 καὶ
610 2630 624 2658 6
655 2628 846 2669 εὖαγγελιστὴς

55 2675 173 2715 ἀνωτέρω
192 2673 292 2708 ἐδίδαξε
312 2675 374 2714 περί
395 2687 472 2704 τινων
497 2673 634 2715 Ἑλλήνων
656 2675 707 2703 τῶν
735 2674 780 2704 καὶ
805 2673 849 2703 τὸν

55 2721 156 2756 Ἰησοῦν
183 2720 310 2750 ἐλθόντων
346 2721 417 2750 ἰδεῖν.
441 2719 502 2748 Ἵνα
529 2713 573 2749 οὖν
600 2718 697 2753 πάντες
727 2718 849 2758 ἐπιγινώ-

87 2800 97 2817 ⁹
111 2802 151 2829 Isa
168 2803 278 2833 1.11.12.
317 2800 339 2818 ¹⁰
349 2801 430 2829 Joan.
447 2807 506 2835 xu,
521 2803 548 2828 9.

900 2273 1068 2301 surrexerint
1089 2277 1184 2301 contra
1211 2273 1355 2308 proprium
1381 2280 1476 2308 regem
1500 2281 1506 2299 :
1539 2271 1638 2307 partim
1671 2276 1698 2299 et

899 2318 1015 2354 gloriam
1041 2317 1140 2345 Christi
1166 2316 1326 2345 defendens.
1343 2317 1411 2351 Quia
1432 2317 1505 2344 enim
1526 2316 1604 2344 illum
1634 2324 1699 2344 cum

900 2362 1051 2390 latronibus
1068 2361 1274 2395 cruciﬁxerunt,
1297 2361 1473 2397 coinquinare
1487 2368 1590 2388 nomen
1604 2361 1699 2389 volen~

901 2411 952 2441 tes,
972 2407 1074 2435 Pilatus
1088 2407 1206 2434 ostendit
1220 2406 1293 2442 quod
1308 2414 1364 2433 non
1386 2405 1468 2433 fuerit
1487 2406 1567 2439 latro,
1585 2405 1632 2434 sed
1652 2413 1699 2434 rex

901 2459 997 2480 eorum
1027 2461 1033 2479 :
1053 2455 1078 2480 et
1100 2451 1153 2479 hoc
1167 2459 1224 2479 non
1239 2459 1305 2485 una,
1320 2450 1367 2478 sed
1384 2450 1472 2479 tribus
1491 2450 1589 2486 linguis
1610 2451 1698 2478 mani-

901 2496 991 2525 festat.
1005 2496 1161 2525 Verisimile
1175 2496 1251 2524 enim
1266 2499 1325 2523 erat
1340 2495 1442 2524 multos
1458 2495 1575 2532 gentiles
1589 2499 1700 2531 propter

899 2541 1001 2570 festum
1017 2541 1223 2569 commiscuisse
1238 2548 1267 2568 se
1291 2540 1403 2574 Judzeis,
1430 2540 1500 2568 sicut
1527 2543 1554 2568 et
1582 2547 1700 2576 evange-

900 2587 961 2615 lista
986 2586 1112 2622 superius
1131 2585 1227 2614 docuit
1241 2585 1275 2613 de
1297 2585 1463 2621 quibusdam
1485 2585 1632 2621 gentilibus
1653 2585 1700 2620 qui

902 2631 992 2660 videre
1005 2631 1134 2659 volebant
1146 2632 1242 2659 Jesum
1260 2630 1292 2658 ¹⁰.
1305 2631 1345 2659 Ut
1363 2630 1444 2666 igitur
1455 2637 1553 2658 omnes
1567 2636 1700 2665 agnosce-

903 2680 975 2710 rent,
996 2675 1121 2704 omnium
1153 2676 1265 2704 vocibus
1284 2674 1450 2703 Iudaeorum
1472 2674 1607 2702 insaniam
1630 2672 1698 2700 infa-

905 2720 998 2750 mavit.
1023 2722 1060 2749 At
1083 2720 1120 2749 illi
1142 2721 1227 2749 etiam
1251 2720 1380 2749 cruciﬁxo
1397 2719 1564 2748 invidebant.
1587 2719 1622 2745 Et
1635 2717 1701 2753 quid
