1927 3076
234 171 287 198 275

730 164 986 194 THEOPHYLACTI
1004 164 1185 193 BULGARIIE
1202 164 1359 193 ARCHIEP.

1842 166 1891 192 276

233 232 343 261 dicunt?
360 242 374 257 ι
388 231 490 265 Scribe,
505 229 580 266 quod
589 229 633 258 ille
643 228 752 258 dixerit.
768 238 782 255 »
797 230 868 258 Nam
880 236 953 256 nunc
971 227 1028 264 qui-

1087 240 1189 265 σκωσι,
1215 232 1273 262 ταῖς
1297 231 1396 270 φωναῖς
1416 228 1534 262 ἁπάσαις
1558 227 1606 265 τὴν
1627 226 1769 258 Ἰουδαίων
1793 227 1891 267 μανίαν

232 277 295 306 dem
321 276 480 305 communis
509 275 644 303 sententia
672 274 834 302 Iudaeorum
858 277 979 310 apparet.
1002 273 1031 301 Si

231 327 325 351 autem
345 321 502 358 appositum
517 320 623 354 fuisset,
645 319 719 356 quod
735 319 791 355 ipse
816 318 915 347 dixerit
934 326 964 346 se
987 325 1030 347 re-

233 375 306 403 gem,
320 367 408 394 visum
422 366 520 394 fuisset
531 365 637 393 crimen
649 364 813 392 temeritatis
827 368 855 392 et
867 364 1031 400 arrogantiae

233 412 315 440 illius.
340 410 393 438 Sed
415 411 518 438 Pilatus
539 417 595 438 non
615 409 825 446 obtemperavit,
850 413 879 436 et
900 408 929 436 in
949 408 1031 444 priori

233 455 310 484 stetit
331 455 463 484 sententia
500 465 507 483 :
543 454 604 482 ideo
625 454 690 482 dicit
723 463 766 481 τε
805 453 886 489 Quod
921 453 1029 489 scripsi,

235 500 341 536 scripsi.
359 512 372 525 ι»
392 500 532 528 Caeterum
546 503 573 527 et
592 498 665 526 aliud
679 506 810 534 magnum
824 498 955 534 quiddam
974 498 1030 526 dis-

234 549 366 582 pensatur
382 554 389 573 :
407 545 470 580 quia
486 543 612 572 futurum
626 547 685 571 erat
705 547 736 571 ut
747 547 804 571 tres
817 551 912 571 cruces
933 543 1031 571 eodem

233 590 261 618 in
287 589 347 618 loco
370 588 489 618 defossae
512 589 648 625 jacerent,
659 592 691 616 ut
709 596 745 616 ne
771 588 946 624 ignoraretur
970 595 1030 623 qua:

233 638 305 663 esset
325 642 392 662 crux
417 633 540 666 Domini,
556 637 665 669 propter
688 632 741 660 hoc
765 633 955 668 dispensatum
978 637 1030 666 est,

233 679 327 707 utsola
336 678 448 706 titulum
456 678 602 706 haberetet
609 677 826 713 inscriptionem,
833 681 864 705 ut
871 685 918 713 per
923 678 1030 713 signum

232 724 286 752 tale
305 727 524 760 cognosceretur.
540 724 692 750 Latronum
707 722 784 750 enim
806 729 901 750 cruces
918 722 1031 751 titulum

232 776 290 797 non
311 768 458 796 habebant.
477 767 606 796 Insinuat
627 771 719 796 autem
734 771 762 795 et
785 767 869 803 ’152
888 767 1032 795 sublimius

233 813 364 850 quiddam
400 813 540 849 inscriptio
572 812 725 851 triplicibus
754 811 849 840 litteris
889 812 1028 851 inscripta.

236 857 392 886 ltlanii'estat
408 857 482 886 enim
497 849 648 886 Dominum
666 864 759 893 regem
773 865 835 885 esse
848 849 1029 892 philosophiae

236 903 361 938 practicae
375 906 403 930 et
414 902 545 930 naturalis
569 906 597 930 et
619 887 791 938 theologicae.
822 887 942 930 Practica
956 887 1029 930 enim
1045 887 1070 919 Β

233 955 281 982 per
302 948 445 975 Romanas
468 947 618 983 scripturas
632 946 776 982 ﬁguratur.
793 948 865 974 Nam
889 948 1031 975 Romano-

232 1000 295 1020 rum
322 992 489 1028 principatus
517 992 636 1019 maxime
654 991 742 1019 virilis
763 995 822 1019 erat
850 995 877 1019 et
903 996 1032 1020 strenuus

235 1037 264 1064 in
285 1037 367 1065 rebus
394 1037 508 1065 bellicis.
524 1037 577 1064 Per
591 1037 703 1064 Graecas
728 1044 802 1070 vero,
824 1037 970 1071 naturalis,
986 1037 1032 1065 cui

233 1081 366 1110 vacabant
377 1082 475 1110 (Ξῖ-κοί.
492 1083 544 1110 Per
555 1081 704 1109 Hebraicas
713 1080 844 1116 denique,
857 1080 1030 1117 theologica;

232 1133 298 1154 nam
324 1126 447 1154 Hebrznis
468 1126 627 1154 divinorum
649 1125 769 1162 cognitio
792 1125 948 1154 concredita
966 1125 1029 1154 fuit.

232 1171 325 1200 Gloria
342 1171 425 1207 igitur
443 1171 468 1198 ei
481 1170 528 1207 qui
540 1179 587 1206 per
600 1178 711 1198 crucem
725 1170 851 1206 apparuit
863 1170 917 1198 tale
928 1170 1030 1199 habere

232 1223 358 1252 regnum,
373 1220 401 1243 et
422 1215 469 1252 qui
484 1215 620 1243 mundum
639 1215 715 1249 vicit,
739 1215 886 1251 practicam
905 1219 1031 1243 nostram

233 1261 363 1289 virtutem
384 1260 536 1294 roboravit,
561 1260 760 1296 scientiamque
784 1263 892 1288 natura
917 1261 1031 1296 largitus

232 1309 284 1340 est,
309 1309 338 1333 et
357 1305 392 1333 ab
407 1305 452 1333 illa
467 1313 518 1333 nos
539 1304 617 1333 duxit
636 1304 664 1332 in
678 1304 806 1332 interiora
829 1305 984 1340 velamenti,
1001 1305 1031 1333 in

232 1358 312 1378 suam
336 1350 396 1378 dico
413 1350 559 1378 scientiam
581 1353 610 1378 et
622 1349 904 1385 comtemplationem,
919 1349 1029 1378 theolo-

232 1395 303 1431 giam
320 1394 455 1423 videlicet.

1087 273 1279 309 ἐστηλίτευσεν.
1328 274 1364 303 Οἱ
1380 273 1408 303 δὲ
1425 273 1470 303 καὶ
1494 274 1688 313 ἓσταυρωμένῳ
1710 273 1890 304 ἐϐάσκαινον.

1085 318 1140 348 Καὶ
1154 318 1181 347 τί
1195 330 1290 358 φασιν;
1311 328 1325 347 (ι
1347 318 1471 359 Γράψον,
1487 318 1528 348 ὅτι
1545 319 1621 352 αὐτὸς
1635 312 1704 350 εἶπε,
1723 330 1738 346 ι)
1761 319 1824 348 Νῦν
1846 318 1892 356 μὲν

1084 362 1135 402 γὰρ
1160 363 1233 398 κοινὴ
1264 365 1349 403 ψῆφος
1374 365 1426 392 τῶν
1453 363 1588 394 Ἰουδαίων
1623 362 1754 403 φαίνεται·
1786 363 1835 392 ἐὰν
1867 362 1894 392 δὲ

1084 409 1234 448 προστεθῇ,
1251 407 1288 436 ὅτι
1305 408 1381 441 αὐτὸς
1397 403 1468 437 εἶπεν
1481 407 1575 437 ἑαυτὸν
1592 408 1705 448 βασιλέα
1715 431 1723 444 ,
1739 409 1794 442 τῆς
1810 409 1893 436 αὐτοῦ

1085 453 1244 491 προπετείας
1276 452 1322 482 καὶ
1350 453 1504 488 ἀλαζονείας
1532 453 1562 482 τὸ
1595 453 1719 492 ἔγκλημα
1747 452 1891 493 φαίνεται.

1085 496 1154 527 Ἀλλ’
1171 499 1222 538 οὐχ
1239 499 1253 526 ὁ
1269 498 1387 532 Πιλάτος
1409 498 1569 538 παρετράπη
1580 520 1588 534 ,
1606 499 1666 526 ἀλλ’
1688 497 1733 527 ἐπὶ
1749 500 1804 533 τῆς
1822 509 1892 537 προ-

1085 542 1162 583 τέρας
1175 542 1283 572 ἵσταται
1297 543 1414 582 γνώμης,
1428 543 1476 572 Διὸ
1497 542 1543 572 καί
1556 554 1645 583 φησιν·
1663 553 1679 572 ι(
1692 541 1730 572 Ὃ
1745 541 1890 582 γέγραφα,

1085 587 1215 627 γέγραφα.
1235 598 1250 616 ι)
1276 587 1356 617 Ἀλλὰ
1378 586 1432 626 μὴν
1451 587 1497 617 καὶ
1525 587 1612 627 ἔτερόν
1632 599 1657 616 τι
1684 587 1754 626 μέγα
1784 589 1892 616 οἰκονο-

1086 636 1186 670 μεῖται.
1230 631 1343 667 Ἐπειδὴ
1360 632 1413 672 γὰρ
1427 632 1644 672 καταχωσθέντες
1659 634 1683 661 οἱ
1696 637 1768 672 τρεῖς
1781 632 1892 671 σταυροὶ

1086 678 1113 705 ἐν
1138 679 1227 717 ταυτῷ
1251 676 1361 715 ἔμελλον
1387 680 1506 713 κεῖσθαι,
1523 677 1565 707 ἵνα
1589 676 1626 716 μὴ
1650 678 1770 716 ἃγνοηθῇ
1784 699 1794 713 ,
1817 676 1894 709 ποῖός

1086 722 1156 751 ἐστιν
1184 724 1198 751 6
1223 724 1270 751 τοῖῐ
1303 721 1417 762 Κυρίου,
1442 721 1484 751 διὰ
1507 724 1584 751 τοῦτο
1613 721 1778 762 ᾠκονομήθη
1810 721 1893 750 αὐτὸν

1086 766 1163 804 μόνον
1186 767 1273 795 τῖτλον
1301 766 1370 806 ἔχειν
1397 766 1443 795 καὶ
1468 766 1634 806 ἐπιγραφὴν,
1657 767 1692 799 ὡς
1709 766 1740 795 ἂν
1770 766 1820 796 διὰ
1844 768 1892 795 τοῦ

1084 810 1203 841 τοιούτου
1229 811 1340 848 σημείου
1367 811 1549 850 ἐπιγνωσθείη-
1573 813 1596 840 οἱ
1621 811 1672 850 γὰρ
1696 813 1750 841 τῶν
1779 812 1890 850 λῃστῶν

1085 855 1173 885 τῗτλον
1187 857 1233 885 οὐκ
1248 850 1332 895 εἶχον.
1384 855 1537 885 Αἷνίττεται
1554 855 1580 884 δὲ
1604 855 1651 885 καί
1671 867 1696 884 τι
1720 855 1889 895 ὑψηλότερον

1087 902 1104 936 ἡ
1125 900 1257 941 ἐπιγραφὴ
1283 905 1397 939 τρισσοῖς
1417 900 1574 941 γράμμασιν
1597 900 1796 940 ἐπιγραφεῗσα·
1814 900 1890 935 δηλοῖ

1086 944 1130 974 τὸν
1147 945 1243 983 Κύριον
1272 945 1384 985 βασιλέα
1408 940 1475 973 εἶναι
1498 947 1666 984 πρακτικῆς,
1683 945 1729 974 καὶ
1752 947 1888 985 φυσικῆς,

1087 990 1131 1019 καὶ
1153 991 1302 1029 θεολογικῆς
1326 989 1493 1030 φιλοσοφίας·
1509 989 1552 1018 διὰ
1568 990 1615 1027 μὲν
1633 991 1685 1018 τῶν
1703 989 1890 1028 Ῥωμαϊκῶν,

1085 1035 1252 1075 γραμμάτων
1268 1037 1314 1070 τῆς
1337 1036 1485 1074 πρακτικῆς
1511 1035 1690 1072 τυπουμένης-
1713 1036 1729 1070 ἡ
1758 1034 1815 1074 γὰρ
1836 1035 1888 1062 τῶν

1087 1079 1232 1118 Ῥωμαίων
1257 1078 1327 1119 ἀρχὴ
1355 1079 1526 1118 ἀνδρειοτάτη
1552 1079 1597 1108 καὶ
1615 1079 1832 1117 πρακτικωτάτη
1854 1078 1888 1108 τὰ

1085 1124 1155 1153 κατὰ
1167 1123 1294 1161 πόλεμον.
1320 1123 1370 1153 Διὰ
1386 1123 1414 1152 δὲ
1431 1126 1484 1153 τῶν
1499 1123 1682 1160 Ἑλληνικῶν,
1699 1124 1746 1158 τῆς
1765 1125 1887 1163 φυσικῆς·

1086 1170 1109 1198 οἳ
1140 1168 1191 1207 γὰρ
1216 1166 1349 1203 Ἕλληνες
1371 1167 1509 1208 περὶξτὴν
1537 1167 1650 1208 φυσικὴν
1678 1168 1884 1208 ἠσχολήθησαν.

1086 1213 1136 1244 Διὰ
1164 1213 1190 1242 δὲ
1219 1214 1271 1242 τῶν
1304 1212 1459 1252 Ἑϐραϊκῶν
1497 1216 1544 1249 τῆς
1575 1214 1737 1251 θεολογικῆς·
1771 1214 1798 1242 οἱ
1836 1213 1886 1252 γὰρ

1085 1257 1094 1267 ‹
1111 1259 1117 1266 ς
1173 1258 1185 1265 ~
1244 1257 1251 1269 ι
1327 1257 1334 1267 ι
1487 1257 1495 1267 I
1638 1259 1654 1266 συ
1788 1258 1795 1268 I
1859 1253 1874 1269 τ

1096 1258 1208 1298 Ιιίῗραιοι
1224 1269 1271 1293 την
1295 1260 1366 1287 θειαν
1389 1259 1581 1293 ἐπιστευθησαν
1602 1269 1708 1296 γνωσιν.
1752 1257 1829 1292 Δοξα
1844 1269 1887 1287 ουν

1085 1305 1122 1344 τῷ
1146 1302 1190 1332 διὰ
1218 1305 1263 1332 τοῦ
1291 1305 1405 1341 σταυροῦ
1436 1301 1541 1342 φανέντι
1579 1302 1702 1338 τοιαύτην
1737 1301 1814 1342 ἔχειν
1841 1302 1887 1337 τὴν

1086 1346 1242 1387 βασιλείαν,
1261 1347 1306 1376 καὶ
1329 1346 1374 1375 τόν
1398 1358 1426 1376 τε
1455 1346 1554 1385 κόσμον
1578 1347 1739 1383 νικήσαντι,
1768 1347 1818 1376 καὶ
1839 1347 1887 1382 τὴν

1083 1391 1232 1432 πρακτικὴν
1259 1392 1323 1427 ἡμῖν
1360 1391 1534 1429 ὁμαλίσαντι,
1572 1391 1621 1427 τήν
1649 1403 1679 1420 τι
1705 1393 1808 1430 γνῶσιν
1842 1394 1887 1427 τῆς

231 1436 333 1476 φύσεως
357 1435 545 1475 χαριζομένῳ,
570 1434 615 1463 καὶ
639 1434 692 1463 ἀπὸ
712 1433 811 1470 ταύτης
836 1435 872 1468 εἷς
893 1434 924 1464 τὸ
947 1436 1076 1479 ἐσώτερον
1099 1440 1144 1467 τοῦ
1167 1437 1428 1475 καταπετάσματος,
1452 1437 1489 1471 εἷς
1504 1436 1552 1473 τὴν
1575 1437 1674 1466 οἰκείαν
1695 1436 1767 1476 λέγω
1790 1438 1885 1477 γνῶσιν

231 1480 277 1509 καὶ
291 1480 402 1520 θεωρίαν
411 1503 419 1519 ,
437 1479 495 1515 ἤτοι
509 1478 644 1517 θεολογίαν
661 1479 803 1518 εἷσοίγοντι.

268 1530 360 1557 Vnus.
375 1531 421 1561 23,
447 1530 492 1555 24.
509 1539 522 1552 ι
546 1527 649 1555 Milites
666 1535 731 1564 ergo
752 1535 816 1555 cum
831 1528 1030 1558 cruciﬁxissent
1047 1529 1069 1561 C

231 1574 337 1605 Jesum.
365 1576 529 1608 acceperunt
547 1572 711 1600 vestimenta
746 1572 814 1608 ejus,
843 1577 871 1601 et
903 1573 1030 1603 fecerunt

231 1621 348 1654 quatuor
361 1621 462 1653 partes,
478 1616 624 1652 unicuique
636 1617 716 1644 militi
727 1621 844 1652 partem,
857 1622 885 1646 et
895 1619 1027 1647 tunicam.

232 1664 300 1690 Erat
320 1665 410 1690 autem
425 1662 520 1689 tunica
538 1661 724 1695 inconsutilis,
740 1669 755 1689 a
769 1669 881 1690 summo
902 1668 1029 1692 contexta

237 1715 286 1743 per
310 1710 411 1734 totum.
432 1706 565 1733 Dixerunt
586 1713 650 1741 ergo
665 1706 738 1734 inter
752 1714 781 1734 se
797 1715 804 1733 :
821 1707 859 1735 Ne
872 1707 1031 1737 scindamus

237 1759 308 1784 eam,
328 1750 375 1778 sed
390 1750 538 1779 sortiamur
557 1750 591 1779 de
612 1750 657 1778 illa
679 1750 756 1787 cujus
779 1751 824 1787 sit,
843 1756 873 1780 ut
893 1752 1031 1789 Scriptura

231 1796 402 1831 impleretur,
427 1795 522 1823 dicens
545 1803 552 1822 :
574 1795 668 1823 Partiti
693 1799 759 1823 sunt
779 1797 942 1825 vestimenta
967 1806 1029 1826 mea

229 1841 293 1875 sibi,
321 1844 348 1868 et
368 1840 394 1867 in
414 1844 515 1868 vestem
540 1847 632 1868 meam
651 1839 785 1868 miserunt
807 1845 920 1870 sortem.
949 1853 962 1866 ι
979 1843 1031 1870 Per

230 1886 276 1914 illa
291 1885 466 1922 potissimum
480 1885 632 1920 implentur
651 1885 812 1921 prophetiae,
828 1894 877 1922 per
896 1894 958 1922 quae
971 1886 1031 1915 dia-

229 1931 310 1960 bolus
336 1930 488 1958 insidiatur.
516 1931 552 1957 Et
577 1929 636 1958 vide
661 1930 813 1958 veritatem.
836 1932 904 1959 Tres
918 1930 1031 1959 fuerunt

229 1975 360 2008 cruciﬁxi,
376 1978 500 2003 attamen
517 1974 544 2002 in
560 1974 613 2003 hoc
627 1975 687 2002 solo
703 1975 851 2010 implentur
870 1975 1029 2011 prophetica

229 2021 312 2049 dicta.
329 2021 362 2047 Et
375 2019 520 2047 considera
535 2019 676 2055 prophetae
686 2019 864 2056 diligentiam.
880 2020 941 2046 Non
956 2019 1030 2047 enim

231 2065 320 2093 solum
333 2064 407 2100 quod
423 2075 436 2089 α
452 2064 544 2100 partiti
557 2063 671 2099 fuerint,
695 2075 708 2088 ιι
724 2064 771 2092 sed
789 2064 873 2092 etiam
885 2063 959 2100 quod
973 2072 1030 2092 non

229 2110 324 2146 partiti
349 2108 461 2144 fuerint,
485 2109 554 2137 dixit
577 2109 719 2145 propheta.
734 2109 821 2144 Igitur
843 2109 896 2136 alia
917 2108 1029 2145 quidem

230 2155 438 2189 distribuerunt,
457 2154 582 2183 tunicam
597 2158 691 2182 autem
704 2161 771 2187 non,
786 2153 835 2181 sed
849 2154 937 2182 sortiti
953 2158 1028 2182 sunt.

1127 1538 1142 1555 (ι
1159 1528 1194 1556 Οἱ
1209 1522 1253 1556 οὖν
1268 1526 1446 1565 στρατιῶται,
1463 1526 1506 1556 ὅτε
1519 1524 1690 1565 ἐσταύρωσαν
1707 1525 1749 1555 τὸν
1766 1526 1884 1562 Ἰησοῦν,

1085 1571 1180 1601 ἔλαϐον
1215 1571 1248 1600 τὰ
1276 1570 1371 1608 ἱμάτια
1400 1571 1497 1607 αὐτοῦ,
1524 1570 1569 1599 καὶ
1599 1571 1728 1607 ἐποίησαν
1763 1571 1885 1609 τέσσαρα

1086 1616 1171 1655 μέρη,
1199 1615 1304 1654 ἑκάστῳ
1328 1615 1478 1655 στρατιώτῃ
1504 1615 1598 1656 μέρος,
1622 1615 1669 1644 καὶ
1701 1615 1745 1644 τὸν
1767 1617 1882 1656 χιτῶνα.

1083 1656 1139 1691 ’Ἶιν
1167 1661 1193 1690 δὲ
1222 1662 1236 1689 6
1259 1658 1494 1700 xtrtiwﬂé'ppapog,
1521 1661 1551 1688 ἐκ
1575 1661 1628 1688 τῶν
1645 1659 1745 1689 ἄνωθεν
1769 1660 1886 1700 ὖφαντὸς

1084 1706 1181 1736 διόλου.
1213 1700 1296 1734 Εἶπον
1325 1699 1369 1733 οἶν
1396 1704 1461 1744 πρὸς
1492 1703 1634 1739 ἀλλήλους·
1664 1705 1713 1740 Μὴ
1745 1699 1884 1745 σχίσωμεν

1084 1751 1179 1787 αὐτὸν,
1206 1749 1275 1779 ἀλλὰ
1299 1749 1429 1788 λάχωμεν
1449 1748 1510 1788 περὶ
1535 1749 1633 1786 αὐτοῦ,
1657 1749 1725 1782 τίνος
1742 1749 1883 1779 ἔσται-ἴνα

1084 1798 1100 1831 ἡ
1120 1794 1213 1835 Γραφὴ
1239 1795 1386 1834 πληρωθῇ,
1415 1795 1432 1829 ἡ
1460 1793 1593 1832 λέγουσα·
1627 1793 1822 1834 Διεμερίσαντο
1851 1793 1881 1822 τὰ

1083 1840 1178 1878 ἱμάτιά
1207 1850 1273 1877 μου,
1302 1839 1347 1867 καὶ
1378 1838 1422 1868 ἐπὶ
1452 1837 1497 1867 τὸν
1524 1839 1670 1877 ἱματισμόν
1705 1850 1757 1877 μου
1787 1839 1880 1868 ἔϐαλον

1084 1886 1193 1924 κλῆρον.
1215 1895 1230 1912 n
1250 1883 1291 1914 Δι’
1317 1879 1353 1912 ὧν
1375 1885 1389 1912 6
1408 1883 1531 1916 διάϐολος
1549 1883 1736 1923 πονηρεύεται,
1763 1885 1791 1913 αἱ
1814 1895 1878 1923 προ-

1084 1932 1189 1969 φητεῖαι
1213 1930 1384 1968 πληροῦνται.
1410 1929 1465 1958 Καὶ
1487 1928 1537 1968 ὅρα
1563 1927 1612 1964 τὴν
1638 1928 1783 1965 ἀλήθειαν·
1805 1930 1881 1968 Τρεῖς

1084 1970 1150 2010 ἦσαν
1179 1975 1202 2003 οἱ
1219 1975 1428 2013 σταυρωθέντες,
1453 1973 1497 2002 καὶ
1523 1973 1594 2011 ὅμως
1620 1973 1664 2002 ἐπ’
1694 1975 1776 2003 αὐτοῦ
1802 1974 1880 2012 μόνου

1083 2019 1247 2058 πληροῦνται
1268 2017 1301 2046 τὰ
1323 2019 1376 2046 τῶν
1395 2019 1549 2058 προφητῶν.
1576 2017 1630 2048 Καὶ
1653 2019 1748 2048 σκόπει
1763 2019 1812 2055 τὴν
1835 2019 1880 2053 τῆς

1083 2063 1244 2104 προφητείας
1258 2062 1405 2102 ἀκρίϐειαν.
1435 2063 1475 2092 Οὖ
1492 2062 1543 2102 γὰρ
1557 2061 1594 2091 ὅτι
1609 2063 1767 2103 ἐμερίσαντο
1782 2062 1859 2103 μόνον
1870 2085 1876 2095 .

1084 2109 1144 2138 ἀλλ’
1165 2109 1204 2137 δτι
1219 2107 1265 2136 καὶ
1279 2108 1326 2136 οὐκ
1338 2107 1511 2146 ἐμερίσαντο,
1530 2104 1603 2137 εἶπεν
1616 2109 1630 2136 6
1643 2107 1794 2148 προφήτης.
1837 2107 1877 2137 Τὰ

1084 2153 1131 2190 μὲν
1148 2148 1191 2182 οὖν
1205 2153 1273 2182 ἄλλα
1288 2153 1384 2190 ἱμάτια
1401 2152 1581 2190 διενείμαντο,
1600 2153 1643 2181 τὸν
1655 2153 1682 2181 δὲ
1696 2155 1800 2192 χιτῶνα
1810 2174 1818 2189 ,
1833 2151 1875 2188 οὒ,

230 2199 310 2236 Quod
333 2204 426 2228 autem
451 2211 464 2224 ιι
487 2207 502 2227 a
531 2206 642 2227 summo
666 2197 749 2225 fuerit
769 2202 907 2232 contexta,
934 2210 947 2223 υ
973 2206 1028 2226 non

1083 2197 1151 2227 ἀλλὰ
1166 2197 1257 2238 κλήρῳ
1271 2196 1302 2226 τὸ
1316 2201 1430 2237 πρᾶγμα
1444 2197 1604 2237 ἐπέτρεψαν.
1620 2198 1660 2227 Τὸ
1672 2198 1719 2237 δὲ,
1735 2211 1747 2224 ι
1761 2197 1813 2228 Ἐκ
1828 2199 1876 2226 τῶν

229 2244 328 2273 frustra
343 2244 399 2272 fuit
418 2243 584 2280 appositum.
605 2243 639 2270 Et
662 2242 710 2270 alii
724 2242 836 2278 quidem
851 2243 947 2271 dicunt
960 2243 1027 2271 alle-

227 2290 331 2327 goriam
344 2297 392 2326 per
407 2289 459 2317 hoc
473 2288 589 2324 signari,
605 2287 680 2324 quod
699 2295 756 2315 non
769 2287 928 2324 simpliciter
941 2288 1026 2316 homo

226 2334 309 2363 fuerit
331 2333 484 2367 cruciﬁxus,
507 2332 554 2361 sed
569 2336 596 2360 et
609 2332 742 2360 deitatem
756 2340 873 2369 superne
888 2333 1024 2361 habuerit.

227 2380 345 2416 Quidam
369 2387 433 2407 vero
458 2385 546 2414 genus
569 2377 664 2405 dicunt
682 2377 811 2406 tunicula:
832 2378 1026 2414 evangelistam

227 2433 348 2453 narrare.
376 2423 446 2459 Quia
470 2423 546 2450 enim
573 2422 709 2450 Palaestini
727 2422 796 2451 duos
819 2431 923 2460 pannos
946 2431 1025 2452 com-

227 2469 366 2497 mittendo
398 2471 547 2496 contexunt
577 2471 679 2501 vestes,
708 2475 758 2504 pl‘O
791 2472 885 2496 sutura
919 2472 1026 2496 utentes

228 2517 359 2542 contextu
384 2521 392 2540 :
419 2511 598 2540 manifestans
624 2513 747 2540 Joannes
759 2513 832 2548 quod
853 2512 915 2541 talis
942 2512 1026 2541 fuerit

227 2557 359 2592 tunicula,
370 2556 440 2585 dixit
450 2556 524 2592 quod
536 2569 548 2581 ι‹
562 2565 577 2585 a
594 2565 704 2585 summo
715 2565 763 2593 per
772 2561 862 2586 totum
874 2556 955 2585 fuerit
963 2566 1025 2586 con-

226 2606 310 2637 texta,
335 2613 347 2626 -
367 2601 420 2630 hoc
443 2606 495 2635 est,
510 2602 543 2629 ab
559 2602 636 2630 initio
655 2606 683 2630 et
697 2610 815 2638 superne
830 2610 915 2638 usque
929 2602 965 2631 ad
979 2603 1023 2630 in-

227 2646 302 2674 fima.
313 2646 470 2674 Manifestat
479 2651 571 2674 autem
580 2646 644 2675 hinc
655 2647 787 2675 vilitatem
795 2647 1024 2676 vestimentorum

226 2691 336 2721 Christi.
357 2692 411 2720 Alii
425 2696 518 2720 autem
534 2691 632 2720 dicunt
645 2691 722 2728 quod
743 2692 770 2720 in
785 2692 932 2721 Palaestina
957 2701 1024 2721 con-

225 2741 351 2765 texantur
365 2737 427 2765 telae
441 2745 497 2764 non
517 2737 587 2765 sicut
604 2737 676 2773 apud
689 2745 740 2765 nos
756 2747 762 2765 :
780 2745 845 2766 nam
863 2745 944 2773 supra
965 2737 1023 2773 qui-

224 2781 288 2809 dem
310 2784 351 2809 est
374 2781 463 2815 ﬁlum,
486 2781 556 2810 infra
580 2786 672 2810 autem
688 2782 841 2810 contexitur
865 2790 981 2818 pannus,
995 2786 1023 2810 et

225 2825 263 2854 ita
286 2826 421 2862 regressio
436 2825 484 2854 fit:
501 2826 549 2854 sed
563 2827 705 2855 contrario
727 2827 809 2855 modo
832 2837 838 2855 :
855 2826 925 2855 infra
946 2826 1022 2855 enim

1081 2241 1179 2272 ἄνωθεν
1198 2241 1329 2282 ὑφαντὸς,
1353 2253 1367 2270 ιι
1395 2242 1444 2281 οὐχ
1464 2242 1555 2275 ἅπλῶς
1582 2242 1758 2280 πρόσκειται,
1781 2241 1840 2272 ἀλλ’
1855 2241 1877 2270 οἵ

1081 2287 1130 2325 μὲν
1154 2285 1315 2326 ἆλληγορίαν
1338 2286 1403 2325 φασὶ
1425 2287 1460 2315 δι’
1484 2287 1564 2316 αὐτοῦ
1587 2287 1746 2323 δηλοῦσθαι,
1769 2287 1811 2317 ὅτι
1830 2286 1877 2324 οὐχ

1081 2332 1172 2366 ἁπλῶς
1184 2331 1320 2371 ἄνθρωπος
1342 2326 1374 2367 ἦν
1389 2333 1403 2360 6
1418 2330 1627 2371 σταυρούμενος,
1654 2331 1723 2360 ἀλλὰ
1739 2332 1784 2361 καὶ
1806 2331 1873 2360 ἄνω-

1080 2379 1123 2406 θεν
1139 2376 1187 2412 τὴν
1211 2375 1322 2413 θεότητα
1345 2371 1410 2416 εἶχε.
1453 2375 1531 2408 Τινὲς
1555 2375 1582 2404 δὲ
1608 2375 1672 2404 αὐτὸ
1694 2376 1724 2406 τὸ
1742 2372 1809 2409 εἶδος
1832 2376 1875 2403 τοῦ

1079 2421 1236 2461 χιτωνίσκου
1250 2420 1314 2462 φασὶ
1329 2420 1372 2450 τὸν
1390 2419 1580 2459 εὖαγγελιστὴν
1593 2421 1718 2459 ἱστορεῖν.
1761 2418 1873 2453 Ἐπειδὴ

1079 2465 1130 2506 γὰρ
1145 2467 1170 2495 ἑν
1189 2468 1222 2505 τῇ
1244 2465 1415 2504 Παλαιστίνῃ
1432 2465 1477 2494 δύο
1495 2464 1563 2505 ῥάκη
1588 2465 1803 2503 συμϐάλλοντες,
1819 2464 1874 2500 ἤτοι

1079 2510 1126 2539 δύο
1147 2511 1247 2547 πανία,
1274 2510 1409 2550 ὑφαίνουσι
1430 2510 1463 2539 τὰ
1484 2509 1578 2548 ἱμάτια
1595 2509 1654 2539 ἀντὶ
1669 2511 1756 2550 ραφῆς
1771 2509 1874 2550 χρώμε-

1078 2566 1119 2584 νοι
1135 2557 1171 2595 τῷ
1193 2556 1367 2595 συνυφασμῷς
1386 2555 1473 2590 δηλῶν
1498 2556 1511 2583 6
1528 2554 1673 2590 Ἰωάννης,
1698 2555 1739 2584 ὅτι
1762 2556 1873 2585 τοιοῦτος

1079 2601 1093 2629 6
1105 2599 1261 2639 χιτωνίσκος
1274 2595 1307 2635 ἦν
1317 2621 1326 2634 ,
1344 2594 1415 2628 εἶπεν
1425 2621 1433 2637 ,
1447 2598 1487 2628 ὅτι
1505 2610 1518 2628 tr
1538 2599 1589 2628 Ἐκ
1604 2600 1657 2628 τῶν
1676 2599 1774 2628 ἄνωθεν
1789 2598 1872 2628 διόλου

1079 2644 1207 2684 ὑφαντὸς,
1231 2656 1246 2672 n
1272 2643 1423 2679 τουτέστιν,
1453 2644 1499 2673 ἀπ’
1521 2645 1605 2683 ἆρχῆς
1632 2643 1678 2672 καὶ
1705 2644 1804 2673 ἄνωθεν
1825 2643 1872 2673 ἕως

1078 2689 1162 2718 κάτω.
1193 2690 1277 2725 Δηλοῖ
1305 2688 1332 2718 δὲ
1358 2690 1475 2718 ἐντεῦθεν
1497 2688 1528 2717 τὸ
1553 2688 1657 2722 εὐτελὲς
1684 2691 1736 2717 τῶν
1761 2686 1870 2726 ἱματίων

1077 2736 1121 2762 τοῧ
1147 2735 1273 2774 Χριστοῦ.
1299 2733 1392 2763 Ἄλλοι
1417 2733 1444 2763 δέ
1460 2745 1555 2773 φασιν,
1584 2732 1623 2762 ὅτι
1650 2733 1677 2762 ἐν
1704 2731 1868 2769 Παλαιστίνῃ

1081 2778 1235 2818 ὑφαίνουσιν
1250 2777 1309 2812 τοὺς
1318 2777 1419 2814 ἱστοὺς,
1436 2779 1485 2818 οὐχ
1499 2780 1533 2811 ὡς
1546 2777 1610 2817 παρ’
1625 2778 1689 2815 ἡμῖν
1699 2799 1708 2813 ,
1721 2777 1804 2807 ὄντων
1819 2776 1869 2805 ἄνω

1078 2822 1125 2861 μὲν
1147 2824 1198 2853 τῶν
1213 2822 1298 2862 μίτων
1314 2823 1361 2853 καὶ
1383 2825 1430 2853 τοῦ
1452 2822 1599 2861 στήμονος,
1615 2821 1689 2851 κάτω
1713 2821 1741 2851 δὲ
1763 2823 1867 2862 ὕφαινο-
