1927 3076
215 156 268 183 279

729 153 988 182 THEOPHYLACTI
1006 152 1186 182 BULGARLE
1205 153 1360 181 ARCHIEP.

1833 153 1888 179 280

213 217 342 246 humanae
359 220 477 251 natura,
501 216 545 244 illa
570 220 662 245 autem
677 215 776 245 divina
802 216 917 244 virtutis.
941 217 1015 245 Con-

1080 218 1185 256 πταυροῦ
1211 217 1349 256 ἀγωνιῶν,
1379 216 1475 255 ἳδρῶν·
1514 214 1584 246 ὥστε
1621 217 1709 246 ἐκεῖνα
1734 215 1795 254 μὲν
1837 216 1888 250 τῆς

214 261 346 290 fundatur
366 261 489 290 Marcion
511 265 539 289 et
557 269 654 289 omnes
667 261 711 289 alii
736 261 782 297 qui
803 261 941 289 Christum
963 269 1017 289 nu-

215 311 317 343 gantur
354 306 383 333 in
410 305 515 334 mundo
544 306 701 341 apparuisse
719 306 799 342 juxta
832 306 1018 342 apparentiam

215 355 335 379 tantum.
357 352 430 378 Nam
449 351 472 378 si
487 355 568 378 natus
585 358 641 378 non
658 350 765 386 fuisset,
785 359 876 387 neque
901 355 1018 378 matrem

216 395 368 424 habuisset.
393 395 448 423 Cur
470 395 543 423 enim
565 399 671 423 tantam
694 395 731 423 de
749 403 781 423 ea
802 403 898 423 curam
917 394 1018 423 habet?

218 439 364 476 Quomodo
386 444 478 467 autem
505 448 583 468 soror
610 441 708 468 matris
733 441 792 476 ejus
815 440 913 468 dicitur
934 439 1018 467 Maria

215 485 352 521 Cleophaa,
368 493 431 513 cum
444 485 569 512 Joachim
584 493 640 512 non
657 485 783 513 habuerit
794 485 877 513 aliam
892 485 1018 521 prolem?

215 530 351 566 Cleophas
372 529 457 558 frater
479 529 529 557 fuit
547 529 658 566 Joseph,
684 535 711 558 et
723 538 787 558 cum
808 530 911 566 absque
930 529 1020 557 liberis

215 579 288 604 esset
308 579 437 603 mortuus
453 574 586 610 Clcophas
605 576 652 608 (ut
664 575 777 611 quidam
787 575 905 608 dicunt),
917 574 1018 609 Joseph

215 620 275 656 ejus
289 628 406 648 uxorem
422 619 514 652 duxit,
532 624 559 646 et
571 620 660 655 proles
675 619 751 647 fratri
768 619 881 655 peperit,
898 627 1017 655 quarum

216 673 274 692 una
289 669 316 692 et
334 672 407 692 nunc
424 668 659 692 commemoratur
674 665 773 698 Maria,
785 672 847 700 qua:
861 671 940 691 soror
955 663 1018 691 dici-

216 714 262 738 tur
274 709 409 745 Deipnrte,
425 709 478 736 hoc
495 713 536 736 est
554 713 679 745 cognata.
696 710 771 737 Solet
786 709 859 737 enim
882 707 1018 742 Scriptura

216 758 347 790 cognatos
362 754 453 782 dicere
478 753 593 787 fratres,
609 754 681 781 sicut
702 759 729 782 ct
748 756 824 782 Isaac
836 754 870 783 de
888 753 947 784 754
963 754 1016 780 Re-

217 799 298 827 becca
313 798 433 832 dicebat,
458 810 470 822 α
493 799 578 826 Soror
597 807 656 826 mea
671 803 714 827 est
729 799 759 832 ‘3,
776 811 789 824 ››
808 802 932 836 quamvis
947 810 1016 829 uxor

216 849 297 872 esset.
323 846 362 871 Ita
386 843 478 871 ethoc
502 843 562 871 loco
585 851 665 871 soror
690 844 815 880 Deipara:
831 845 939 879 dicitur,
955 854 1015 881 quae
1029 838 1052 868 Β

216 888 343 924 Οἰοορὶιω
364 888 420 915 ﬁlia
439 888 527 916 habita
547 892 598 921 est,
613 892 724 924 propter
737 891 943 925 cognationem.
959 891 1014 918 Ita-

216 941 270 970 que
301 937 420 968 quatuor
446 933 541 960 Mariae
576 933 749 961 celebrantur
788 935 814 962 in
853 935 1015 971 Evangeliis.

216 978 309 1006 Prima
333 978 463 1013 Deipara,
493 986 577 1014 quam
601 982 629 1005 et
653 979 737 1006 Jacob
760 983 787 1006 et
807 980 872 1008 Jose
897 971 1039 1008 matrem~

216 1024 351 1051 nominat.
374 1022 416 1050 Illi
439 1023 514 1050 enim
529 1022 604 1058 pueri
629 1022 739 1051 fuerunt
752 1024 864 1060 Ioseph,
887 1033 918 1053 ex
933 1025 1017 1061 priori

215 1075 301 1096 uxore
325 1067 349 1095 ei
365 1067 430 1101 nati,
448 1066 564 1095 fortasse
578 1075 662 1095 uxore
683 1068 820 1104 Cleophac.
845 1070 952 1098 Dicitur
966 1078 1018 1098 au-

215 1116 273 1141 tem
301 1112 417 1148 Deipara
448 1116 536 1140 mater
564 1120 670 1146 eorum,
698 1113 761 1148 quia
787 1122 922 1148 noverca;
949 1123 1019 1142 uxor

216 1157 289 1185 enim
306 1156 457 1184 habebatur
475 1156 585 1192 Ioseph.
601 1157 724 1185 Secunda
737 1158 823 1186 Maria
844 1159 1017 1196 Magdalene,

215 1210 231 1231 e
252 1210 306 1239 qua
333 1201 410 1237 ejecit
437 1206 542 1238 septem
566 1201 704 1230 dwmouia
720 1204 810 1231 Jesus.
827 1204 921 1231 Tertia
943 1204 1018 1232 Cleo-

215 1246 286 1283 phaa,
301 1251 328 1274 et
340 1250 436 1282 quarta
452 1247 548 1274 Lazari
564 1254 651 1274 soror.
670 1247 828 1283 Assumpsit
846 1248 927 1282 igitur
941 1248 1019 1276 disci-

215 1292 295 1328 pulus
304 1292 419 1320 Mariam
431 1291 460 1318 in
470 1299 518 1319 sua
536 1301 543 1319 :
557 1299 622 1319 nam
637 1300 704 1327 puro
718 1300 785 1327 pura
799 1297 839 1320 est
851 1293 1017 1321 commissa.

216 1336 285 1365 Vide
298 1340 389 1364 autem
405 1335 545 1372 quomodo
568 1336 708 1363 muliebris
722 1344 803 1365 sexus
828 1342 969 1373 permanet
992 1337 1020 1365 in

215 1381 434 1413 adversitatibus,
460 1384 487 1408 et
507 1380 557 1408 viri
580 1388 677 1408 omnes
698 1381 901 1417 dereliquerunt
920 1381 1019 1410 Domi-

216 1434 294 1454 num.
329 1427 369 1453 lta
402 1433 467 1461 ergo
488 1424 563 1452 venit
587 1425 768 1453 corroborans
782 1426 856 1461 quod
879 1426 1020 1454 infirmum

217 1475 289 1505 erat,
309 1474 336 1498 et
350 1477 493 1497 assumens
509 1469 585 1505 quod
599 1470 666 1497 nihil
683 1469 821 1498 habitum.

1072 261 1235 301 ἀνθρωπίνης
1259 260 1375 302 φύσεως,
1402 263 1488 290 ταῦτα
1505 259 1532 290 δὲ
1556 262 1602 296 τῆς
1626 260 1697 294 θείας
1718 259 1886 298 δυνάμεως.

1072 305 1256 345 Ἐντρεπέσθω
1285 305 1435 346 Μαρκίων,
1467 305 1514 335 καὶ
1550 307 1575 335 οἱ
1611 306 1688 335 ἄλλοι
1714 305 1828 338 πάντες
1858 305 1886 333 ἐν

1072 350 1204 391 φαντασίᾳ
1227 350 1272 380 τὸν
1293 350 1390 390 Κύριον
1420 352 1459 391 τῷ
1483 349 1577 390 κόσμῳ
1601 352 1716 391 φανῆναι
1744 349 1887 390 φλυαρή-

1072 407 1183 429 σαντες·
1203 397 1226 425 εἰ
1250 395 1301 435 γὰρ
1327 395 1364 434 μὴ
1391 395 1531 435 ἐγεννήθη,
1555 394 1622 434 μηδὲ
1651 394 1758 434 μητέρα
1794 393 1887 433 ἔσχε,

1071 440 1139 474 τίνος
1162 440 1240 470 ἕνεκα
1255 440 1386 476 τοσαύτην
1408 440 1469 481 περὶ
1488 439 1571 475 αὐτὴν
1595 441 1710 469 ποιεῖται
1727 438 1887 478 πρόνοιαν;

1071 487 1127 519 πῶς
1143 485 1169 514 δὲ
1192 485 1292 525 ἀδελφὴ
1313 487 1360 520 τῆς
1383 485 1481 525 μητρὸς
1498 486 1580 514 αὐτοῦ
1602 484 1710 523 λέγεται
1733 483 1844 524 Μαρία
1871 486 1888 519 ἡ

1071 532 1117 559 τοῧ
1135 532 1246 566 Κλοπᾶ,
1272 529 1360 560 καίτοι
1385 533 1431 559 τοῦ
1454 529 1581 568 Ἰωακεὶμ
1608 529 1645 567 μὴ
1671 529 1791 569 σχόντος
1817 528 1886 557 ἄλλο

1071 575 1178 613 τέκνον;
1202 574 1236 605 Ὁ
1253 575 1362 607 Κλοπᾶς
1385 574 1495 614 ἀδελφὸς
1514 570 1546 610 ἧν
1561 576 1607 604 τοῦ
1630 573 1740 614 Ἰωσήφ·
1762 573 1887 606 ἄπαιδος

1073 618 1099 648 δὲ
1121 619 1296 652 ἀποθανόντος
1315 621 1362 647 τοῦ
1379 619 1492 655 Κλοπᾶ,
1517 618 1552 652 ὥς
1569 618 1636 652 τινές
1655 629 1751 658 φασιν,
1773 617 1886 657 Ἰωσὴφ

1072 663 1186 702 ἠγάγετο
1201 663 1248 700 τὴν
1263 666 1358 693 ἑαυτοῦ
1371 665 1502 703 γυναῖκα,
1524 663 1571 693 καὶ
1588 663 1686 697 παῖδας
1705 664 1744 703 τῷ
1762 663 1884 702 ἀδελςρῷ

1073 708 1173 745 ἔτεκεν,
1198 704 1234 738 ὧν
1262 709 1311 747 μία
1337 707 1382 737 καὶ
1408 710 1425 744 ἡ
1450 710 1494 737 ν’ὗν
1516 707 1734 746 μνημονευομένη
1757 707 1884 746 Μαρία,

1072 754 1170 793 ἀδελφὴ
1186 754 1316 792 λεγομένη
1332 755 1379 789 τῆς
1394 753 1546 791 Θεοτόκου,
1564 752 1624 782 ἀντὶ
1647 755 1692 782 τοῦ
1704 775 1713 789 ,
1728 752 1883 791 συγγενής.

1074 797 1156 827 litae:
1171 798 1221 838 γὰρ
1239 801 1254 833 ἠ
1272 797 1364 838 Γραφὴ
1381 797 1440 831 τοὺς
1463 801 1597 835 συγγενεῖς
1615 796 1743 837 ἀδελφοὺς
1771 797 1887 834 ὀνομά-

1069 844 1130 877 ζειν·
1143 844 1178 876 ὡς
1192 844 1236 872 καὶ
1248 843 1341 872 Ἰσαὰκ
1353 843 1413 882 περὶ
1428 844 1475 878 τῆς
1489 841 1637 876 Ῥεϐέκκας
1647 864 1655 878 ,
1672 843 1712 871 ὅτι
1724 855 1736 868 ι
1754 839 1881 881 Ἀδελφή

1071 887 1120 925 μού
1137 889 1208 923 ἐστι,
1225 898 1239 916 »
1259 887 1344 916 καίτοι
1358 886 1423 925 γυνὴ
1450 888 1530 916 αὐτοῦ
1551 882 1594 922 ἦν.
1631 886 1727 919 Οὕτως
1742 882 1796 915 οὖν
1814 887 1885 914 κάν-

1070 935 1153 961 ταῦθα
1182 932 1282 972 ἀδελφὴ
1307 934 1353 967 τῆς
1375 931 1511 963 Θεοτόκου
1537 931 1645 971 λέγεται
1669 933 1686 966 ἡ
1711 933 1761 960 τοῦ
1781 932 1884 961 Κλοπᾶ

1070 976 1230 1015 νομιζομένη
1254 976 1388 1016 θυγάτηρ,
1411 975 1454 1005 διὰ
1468 976 1517 1011 τὴν
1542 975 1709 1016 συγγένειαν.
1734 975 1885 1015 Τέσσαρες

1071 1017 1115 1050 οἷν
1142 1022 1245 1061 Μαρίαι
1271 1021 1443 1060 ἐμφαίνονται
1458 1026 1513 1055 τοίς
1535 1020 1722 1060 Εὖαγγελίοις·
1742 1019 1849 1060 πρώτη
1865 1022 1883 1055 ἡ

1071 1065 1218 1103 Θεοτόκος,
1234 1066 1266 1101 ἣν
1282 1066 1327 1095 καὶ
1355 1065 1485 1095 Ἰακώϐου
1508 1065 1553 1094 καὶ
1578 1065 1659 1101 Ἰωσῆ
1684 1065 1796 1104 μητέρα
1822 1066 1884 1094 ὀνο-

1073 1111 1210 1149 μάζουσιν.
1229 1106 1310 1141 Οὗτοι
1335 1110 1386 1150 γὰρ
1408 1111 1500 1143 παῖδες
1523 1110 1571 1148 μὲν
1586 1105 1654 1146 ἦσαν
1679 1113 1725 1139 τοῦ
1748 1109 1879 1149 Ἰωσὴφ,

1073 1157 1102 1185 ἔκ
1123 1157 1169 1189 τῆς
1191 1155 1321 1195 προτέρας
1345 1156 1424 1184 αὐτοῦ
1452 1154 1574 1194 γυναικὸς
1600 1154 1788 1193 γεννηθέντες,
1807 1154 1882 1193 τάχα

1072 1201 1119 1236 τῆς
1143 1203 1190 1229 τοῦ
1216 1201 1311 1229 Κλοπᾶ
1336 1199 1469 1238 γυναικός.
1514 1199 1629 1237 Λέγεται
1654 1199 1681 1228 δὲ
1701 1201 1717 1235 ἡ
1740 1198 1882 1231 Θεοτόκος

1073 1244 1163 1284 μήτηρ
1180 1245 1264 1273 αὐτῶν
1288 1246 1323 1278 ὡς
1341 1244 1477 1283 μητρυιάο
1501 1244 1568 1283 γυνὴ
1592 1243 1643 1283 γὰρ
1676 1244 1813 1282 ἐλογίζετο
1835 1245 1882 1271 τοῦ

1073 1289 1182 1329 Ἰωσήφ.
1211 1289 1328 1328 Δευτέρα
1349 1291 1366 1325 ἡ
1384 1289 1570 1328 Μαγδαληνὴ,
1592 1290 1636 1329 ἀφ’
1658 1285 1688 1324 ἧς
1714 1288 1882 1324 ἐκϐεϐλήκει

1073 1333 1141 1363 ἑπτὰ
1158 1334 1280 1372 δαιμόνια
1302 1336 1315 1362 δ
1331 1334 1434 1369 Ἰησοῦς
1460 1343 1467 1349 ·
1479 1333 1556 1373 τρίτη
1582 1335 1599 1368 ἡ
1621 1336 1667 1362 τοῦ
1684 1334 1806 1370 Κλοπᾶ,
1832 1332 1880 1361 καὶ

1071 1378 1214 1418 τετάρτηή
1229 1383 1272 1408 τοῦ
1288 1379 1410 1418 Λαζάρου
1428 1379 1539 1418 ἀδελφή.
1565 1377 1685 1408 Ἔλαϐεν
1709 1373 1754 1407 οὖν
1785 1381 1802 1408 ὁ
1827 1389 1879 1416 μα-

1075 1424 1155 1459 θητὴς
1169 1423 1215 1459 τὴν
1241 1424 1348 1462 Μαρίαν
1370 1424 1405 1456 εἷς
1427 1423 1462 1452 τὰ
1483 1422 1554 1452 ἴδιαι
1581 1425 1619 1463 τῷ
1644 1423 1754 1462 καθαρῷ
1783 1422 1839 1462 γὰρ
1865 1423 1880 1456 ἡ

1075 1469 1179 1507 καθαρὰ
1194 1468 1345 1505 ἐπιστεύθη.
1388 1467 1462 1507 ¹¹Ορα
1484 1467 1511 1497 δὲ
1534 1470 1589 1501 πῶς
1603 1467 1633 1497 τὸ
1654 1467 1702 1506 μὲν
1725 1468 1880 1507 γυναικεῖον

217 1517 298 1557 φύλον
326 1514 475 1554 παραμένει
509 1516 535 1545 ἐν
565 1519 618 1548 τοῖς
645 1516 749 1551 δεινοῖς,
784 1517 808 1545 οἱ
831 1515 860 1545 δὲ
887 1516 978 1556 ἄνδρες
1008 1513 1183 1552 ἐγκατέλιπον
1212 1514 1308 1547 πάντες
1334 1513 1377 1542 τὸν
1404 1512 1518 1553 Κύριον
1556 1512 1639 1547 οὕτως
1664 1512 1716 1553 ἄρα
1744 1508 1817 1549 ἦλθε
1850 1511 1880 1541 τὸ

218 1560 324 1593 ἀσθενὲς
337 1560 484 1599 ἐνισχύων,
499 1559 544 1588 καὶ
559 1559 593 1588 τὰ
603 1559 791 1598 ἐξουθενημένα
807 1560 1088 1600 προσλαμϐανόμενος.

253 1606 343 1632 Vens.
362 1606 459 1631 28-30.
478 1615 490 1628 α
505 1605 603 1632 Postea
621 1604 710 1632 sciens
731 1607 812 1632 Jesus
827 1605 902 1641 quod
924 1605 1019 1633 omnia
1036 1605 1057 1636 C

218 1653 409 1678 consummata
432 1649 491 1685 jam
512 1653 613 1684 essent,
636 1654 667 1677 ut
695 1655 934 1678 consummaretur
948 1650 1018 1678 Scri-

219 1699 311 1731 ptura,
335 1694 402 1721 dicit
423 1694 523 1722 :Sitio.
546 1695 599 1721 Vas
622 1694 705 1730 igitur
721 1699 780 1722 erat
801 1695 921 1730 positum
945 1699 1021 1722 aceto

219 1739 342 1776 plenum.
368 1739 410 1766 Illi
437 1746 501 1767 vero
528 1739 713 1774 impleverunt
734 1740 876 1776 Spongiam
896 1744 972 1768 aceto
996 1744 1024 1767 et

219 1785 338 1821 hysscpo
346 1783 515 1819 impositam,
524 1788 552 1811 et
558 1783 741 1812 admoverunt
750 1784 788 1812 ori
797 1784 869 1820 ejus.
878 1784 948 1812 Cum
956 1791 1021 1820 ergo

219 1829 369 1864 accepisset
379 1830 458 1857 Jesus
476 1833 594 1862 acetum,
609 1828 676 1856 dixit
697 1839 702 1856 :
717 1830 949 1857 Consummatum
970 1833 1023 1856 est.

220 1876 254 1902 Et
262 1874 392 1902 inclinato
400 1874 499 1910 capite,
508 1874 621 1902 tradidit
629 1874 765 1909 spiritum.
775 1884 789 1899 »
799 1890 831 1894 —
842 1875 932 1902 «Cum
940 1873 1022 1901 vidis-

219 1924 271 1955 set,
289 1919 386 1955 inquit,
401 1919 480 1946 Jesus
490 1918 563 1954 quod
578 1919 671 1946 omnia
684 1922 875 1946 consummata
893 1922 993 1951 essent,
1010 1929 1023 1942 ι»

220 1965 274 1992 hoc
294 1968 345 1998 est,
368 1963 435 1991 nihil
458 1964 650 1991 intermisisset
663 1963 738 1999 quod
759 1971 816 1991 suae
839 1962 1022 1998 dispensatio-

219 2009 262 2037 nis
276 2018 282 2037 :
300 2009 336 2036 ita
347 2009 420 2036 enim
437 2015 514 2035 mors
527 2008 586 2043 ejus
597 2008 684 2035 libera
700 2011 769 2035 erat.
784 2008 846 2035 Non
862 2007 935 2034 enim
950 2008 1026 2043 prius

221 2061 298 2082 mors
316 2060 416 2088 corpus
438 2053 497 2088 ejus
520 2052 628 2086 invasit,
645 2060 727 2087 quam
746 2052 803 2087 ipse
822 2051 917 2079 voluit.
934 2052 1028 2079 Voluit

221 2100 325 2132 autem,
343 2105 408 2125 cum
423 2096 614 2132 complevisset
628 2096 733 2130 omnia,
754 2100 897 2132 propterea
911 2101 938 2124 et
955 2097 1026 2125 dice-

221 2142 269 2170 bat
279 2150 288 2170 :
300 2152 313 2166 u
324 2143 491 2170 Potestatem
503 2140 591 2168 habeo
604 2140 722 2176 ponendi
732 2141 857 2168 animam
870 2149 959 2169 meam
971 2141 1002 2169 ¹⁵.
1012 2153 1024 2166 ιι

222 2202 258 2208 -
283 2198 296 2211 α
325 2186 400 2214 Dicit
415 2186 519 2221 itaque,
538 2185 605 2213 Sitio
623 2194 630 2213 :
660 2197 673 2209 ιι
698 2185 878 2221 prophetiam
894 2186 947 2214 hoc
967 2187 1027 2214 loco

223 2231 352 2268 implens.
380 2233 418 2259 At
441 2230 480 2257 illi
502 2230 668 2266 impietatem
694 2239 725 2258 ac
752 2230 886 2259 malitiam
907 2239 1024 2260 suorum

223 2284 332 2305 morum
365 2275 548 2309 declarantes,
572 2279 649 2303 aceto
674 2283 739 2303 eum
763 2280 868 2311 potant,
894 2276 923 2304 id
948 2276 1022 2312 quod

224 2320 413 2350 condemnatis
428 2320 575 2354 faciebant,
591 2321 655 2356 quia
679 2320 830 2357 hyssopum
846 2325 957 2356 propter
970 2320 1022 2348 hoc

224 2366 330 2399 aderat,
357 2370 387 2394 ut
412 2365 521 2393 lethale.
543 2365 663 2400 Quidam
687 2369 780 2394 autem
806 2366 955 2402 hyssopum
979 2365 1023 2393 di-

224 2414 293 2439 cunt
315 2411 463 2438 calamum.
485 2409 560 2438 Talis
581 2414 622 2437 est
645 2410 722 2437 enim
747 2411 895 2438 summitas
914 2410 1021 2438 calami.

223 2455 442 2491 Circumponunt
461 2454 546 2491 igitur
560 2455 666 2482 calamo
686 2455 842 2490 spongiam,
859 2462 892 2482 eo
908 2454 980 2490 quod
995 2455 1025 2482 in

223 2499 337 2528 sublimi
352 2503 411 2527 erat
431 2507 462 2527 os
483 2500 559 2533 Jesu,
575 2504 603 2527 et
623 2499 661 2526 ita
684 2499 829 2535 prophetia
844 2499 956 2534 impleta
971 2503 1022 2533 est,

224 2555 237 2568 ι
255 2546 290 2572 Et
304 2544 332 2572 in
347 2544 389 2572 siti
414 2552 476 2572 mea
492 2548 656 2580 potaveruut
671 2551 716 2571 me
731 2547 809 2571 aceto
826 2543 856 2574 ’⁵,
870 2543 893 2579 ξ»
917 2543 1021 2571 dicens.

222 2590 338 2618 Potatus
352 2590 442 2625 itaque
457 2589 527 2617 dixit
548 2598 554 2616 :
575 2601 587 2613 α
608 2590 841 2616 Consummatum
856 2592 906 2615 est.
924 2598 938 2614 »
955 2589 1022 2617 Haec

220 2635 305 2663 etiam
328 2634 470 2670 prophetia
487 2642 551 2661 cum
571 2633 630 2660 aliis
645 2633 756 2668 impleta
772 2637 822 2666 est,
839 2632 904 2660 nihil
924 2641 1021 2669 super-

222 2685 274 2714 est,
302 2679 393 2708 omnia
420 2682 617 2708 consummata
640 2681 714 2705 sunt.
740 2677 850 2713 Absque
867 2678 1023 2706 turbatione

222 2729 315 2753 autem
330 2728 462 2761 operatur
482 2727 510 2752 et
530 2731 593 2751 cum
608 2725 744 2758 potestate
759 2722 861 2758 omnia,
882 2723 957 2759 quod
978 2723 1024 2752 de-

260 2799 281 2817 “
295 2799 366 2828 Gen.
380 2807 435 2834 xx,
451 2800 476 2827 ὅ.
517 2798 537 2815 ίδ
551 2799 632 2826 Joan.
647 2805 677 2832 x,
698 2801 737 2826 IS.

1114 1617 1124 1629 ιι
1136 1601 1213 1633 Μετὰ
1223 1606 1307 1632 ταῦτα
1318 1601 1380 1631 ἰδὼν
1395 1604 1409 1631 ὁ
1425 1602 1540 1639 Ἰησοῦς,
1553 1602 1593 1631 ὅτι
1604 1601 1692 1631 πάντα
1705 1601 1880 1633 τετέλεσται,

1075 1647 1118 1676 ἵνα
1133 1649 1292 1687 τελειωθῇή
1320 1647 1433 1687 Γραφὴ,
1459 1648 1550 1686 λέγει’
1571 1648 1658 1686 Διψῶ.
1703 1647 1808 1680 Σκεῖδος
1834 1641 1879 1674 οἶν

1076 1692 1160 1722 ἔκειτο
1185 1692 1257 1726 ὄξους
1286 1692 1393 1730 μεστόν,
1451 1694 1487 1721 Οἱ
1515 1691 1542 1721 δὲ
1574 1691 1725 1726 πλήσαντες
1757 1690 1878 1729 σπόγγον

1076 1736 1162 1774 ὄξους,
1181 1737 1227 1766 καὶ
1252 1736 1368 1774 ὑσσώπῳ
1392 1736 1555 1776 περιθέντες,
1581 1735 1767 1775 προσήνεγκαν
1793 1737 1877 1765 αὐτοῦ

1077 1783 1114 1821 τῷ
1131 1782 1252 1819 στόματι.
1275 1781 1343 1810 "Ore
1362 1776 1406 1810 οὖν
1421 1780 1501 1810 ἔλαϐε
1515 1781 1544 1810 τὸ
1557 1780 1612 1814 ὅξος
1627 1783 1640 1809 ὁ
1657 1780 1758 1816 Ἰησοῦς
1771 1804 1781 1819 ,
1800 1776 1859 1809 εἷπε
1870 1791 1877 1798 ·

1077 1827 1248 1857 Τετέλεσται.
1274 1825 1328 1855 Καὶ
1344 1826 1432 1858 κλίνας
1448 1828 1496 1860 τὴν
1522 1826 1658 1865 κεφαλὴν,
1683 1824 1827 1863 παρέδωκε
1850 1823 1878 1852 τὸ

1077 1874 1194 1909 πνεῦμα.
1214 1882 1227 1898 n
1242 1887 1282 1894 —-
1303 1882 1318 1897 ιι
1336 1870 1428 1905 Ἰδὼν,
1446 1870 1542 1910 φησὶν,
1565 1872 1578 1898 ὁ
1594 1869 1712 1906 Ἰησοῦς,
1728 1868 1769 1898 ὅτι
1787 1871 1876 1899 πάντα

1078 1916 1243 1945 τετέλεσταιο
1259 1926 1273 1943 ›)
1300 1915 1435 1949 τουτέστι,
1457 1915 1531 1943 οὐδὲν
1553 1914 1639 1943 λείπει
1663 1916 1698 1954 τῇ
1722 1913 1876 1952 οἰκονομία,

1079 1959 1161 1993 οὕτως
1185 1959 1236 1998 ἄρα
1253 1959 1475 1998 παρηλλαγμένος
1499 1955 1532 1995 ἦν
1547 1961 1560 1987 ὁ
1576 1960 1685 1992 θάνατος
1700 1959 1791 1988 αὐτοῦ.
1836 1958 1876 1988 Οὐ

1079 2004 1130 2044 γὰρ
1152 2005 1280 2043 πρότερον
1303 2004 1402 2038 ἐπῆλθε
1425 2005 1461 2043 τῷ
1482 2003 1588 2041 σώματι
1609 2005 1690 2032 αὐτοῦ
1711 2005 1728 2039 ἡ
1745 2001 1874 2039 τελευτὴ,

1079 2049 1096 2085 ἢ
1113 2049 1161 2082 ἕως
1176 2044 1204 2078 οἷ
1220 2048 1296 2081 αὐτὸς
1311 2048 1445 2078 ἐϐούλετο·
1463 2048 1587 2078 ἐϐούλετο
1601 2048 1628 2077 δὲ
1647 2048 1715 2086 μετὰ
1733 2048 1763 2077 τὸ
1785 2048 1873 2077 πάντα

1079 2095 1240 2134 πληρῶσαι·
1263 2092 1306 2122 διὰ
1331 2095 1407 2122 τοῦτο
1435 2093 1485 2133 γὰρ
1507 2094 1552 2122 καὶ
1578 2094 1686 2131 ἔλεγεν·
1704 2106 1715 2118 α
1730 2092 1873 2126 Ἐξουσίαν

1080 2132 1233 2180 ἔχω-θεῖναι
1247 2137 1294 2174 τὴν
1305 2137 1393 2178 ψυχήν
1407 2149 1468 2176 μου.
1484 2149 1499 2165 )›
1515 2155 1555 2160 --
1565 2148 1580 2166 ι)
1599 2138 1678 2177 Λέγει
1693 2132 1749 2166 οὖν·
1763 2139 1850 2177 Διψιῗν
1861 2149 1873 2162 ι

1080 2183 1242 2224 προφητείαν
1267 2183 1378 2212 ἐνταῦθα
1399 2184 1520 2222 πληρῶν.
1544 2183 1579 2212 Οἱ
1604 2182 1631 2211 δὲ
1656 2181 1685 2211 τὸ
1709 2183 1804 2221 μιαρὸν
1829 2183 1873 2209 τοῦ

1080 2228 1177 2268 τρόπου
1193 2228 1280 2256 αὐτῶν
1305 2227 1512 2265 ἐνδεικνύμενοι,
1534 2227 1590 2261 ὄξος
1606 2226 1686 2256 αὐτὸν
1705 2227 1873 2260 ποτίζουσιν,

1079 2273 1142 2312 ὅπερ
1155 2277 1211 2305 τοῖς
1226 2272 1378 2304 καταδίκοις
1403 2271 1518 2301 ἐποίουν.
1537 2271 1616 2301 Ἐπεὶ
1639 2272 1684 2300 καὶ
1705 2271 1735 2300 τὸ
1750 2271 1872 2300 ὕσσωπον

1078 2318 1121 2348 διὰ
1144 2320 1222 2346 τοῦτο
1245 2316 1422 2356 πρόσκειται,
1447 2317 1482 2349 ὥς
1511 2316 1724 2355 δηλητηριῶδες.
1747 2315 1825 2347 Τινὲς
1847 2313 1873 2342 δὲ

1078 2361 1199 2392 ὕσσωπόν
1228 2373 1308 2402 φασιν
1334 2362 1511 2399 ὀνομάζεσθαι
1545 2360 1587 2390 τὸν
1615 2361 1749 2398 κάλαμον
1775 2362 1792 2395 ἡ
1824 2358 1872 2398 γέιρ

1078 2411 1122 2437 τοῦ
1138 2407 1261 2445 καλάμου
1275 2407 1346 2444 κόμη
1368 2405 1487 2442 τοιαύτη.
1541 2406 1708 2446 Περιέθηκαν
1722 2405 1808 2446 τοίνυν
1823 2415 1873 2432 κα-

1078 2452 1156 2492 λάμῳ
1180 2452 1224 2481 τὸν
1249 2451 1366 2490 σπόγγον
1381 2473 1389 2487 ,
1406 2450 1449 2480 διὰ
1470 2450 1500 2479 τὸ
1524 2450 1568 2479 ἐπὶ
1594 2449 1730 2489 μετεώρου
1756 2444 1820 2478 εἶναι
1843 2447 1870 2476 τὸ

1078 2497 1164 2535 στόμα
1189 2499 1235 2525 τοῦ
1259 2496 1369 2532 Ἰησοῦ,
1391 2495 1436 2524 καὶ
1463 2495 1545 2529 οὕτως
1570 2497 1587 2530 ἡ
1614 2494 1763 2534 προφητεία
1787 2495 1868 2528 ἐπλη-

1080 2543 1149 2581 ρώθη
1160 2563 1169 2577 ,
1190 2552 1204 2570 (ι
1222 2540 1276 2570 Καὶ
1291 2542 1326 2574 εἷς
1347 2541 1395 2576 τὴν
1412 2539 1489 2580 δίψαν
1505 2552 1555 2578 μου
1573 2539 1698 2569 ἐπότισάν
1715 2551 1747 2578 με
1763 2539 1835 2575 ὅξος,
1851 2547 1864 2565 )›

1076 2580 1201 2625 λέγουσα.
1222 2586 1361 2618 Ποτισθεὶς
1376 2580 1420 2614 οὖν
1437 2581 1502 2614 εἷπε·
1533 2595 1548 2614 α
1560 2583 1723 2615 Τετέλεσται
1737 2596 1744 2602 ·
1761 2596 1775 2611 n
1792 2593 1870 2611 τουτ-

1076 2631 1149 2666 έστι,
1168 2630 1214 2659 καὶ
1230 2630 1297 2665 αὕτη
1317 2632 1333 2665 ἡ
1350 2630 1497 2671 προφητεία
1522 2629 1590 2668 μετὰ
1606 2629 1713 2658 πάντων
1734 2628 1867 2668 ἐπράχθη,

1077 2675 1150 2704 οὐδὲν
1169 2675 1274 2714 λείπει,
1290 2675 1378 2704 πάντα
1398 2675 1559 2704 τετέλεσται.
1583 2673 1736 2713 Ἀταροίχως
1748 2673 1774 2702 δὲ
1791 2671 1869 2711 πράτ-

1079 2732 1118 2750 τει
1134 2719 1180 2750 καὶ
1196 2719 1256 2760 μετ’
1281 2719 1398 2755 ἐξουσίας
1423 2720 1511 2749 πάντα
1523 2731 1530 2738 ·
1547 2718 1594 2748 καὶ
1622 2719 1652 2748 τὸ
1675 2718 1733 2754 ἑξῆς
1754 2717 1780 2747 δὲ
1796 2719 1868 2746 τοῦτο

778 2798 798 2815 ’⁵
814 2799 883 2827 Psal.
902 2806 1011 2834 LXVIII,
1028 2801 1074 2827 22.
