1927 3076
99 183 149 209 281

505 181 701 210 ENARRATIO
719 182 754 210 IN
772 181 966 211 ιινΑιιΕιιιιιι
979 182 1131 211 JOANNIS.
1151 197 1185 204 -
1204 182 1279 211 CAP.
1299 183 1363 211 Xlx.

1701 184 1753 212 282

101 244 188 280 δηλοῖ.
208 243 259 277 ⁶Ως
277 243 328 283 γὰρ
342 243 493 284 ἀπηρτίσθη
513 243 601 274 πάντα
613 267 621 281 ,
642 258 653 271 ι
673 245 763 278 κλίνας
782 245 831 280 τὴν
852 257 893 275 κι-

953 245 1061 273 clarant
1094 245 1245 281 sequentia.
1277 246 1428 280 Postquam
1455 244 1530 273 enim
1562 249 1753 274 consummata

100 289 190 329 φαλὴν
221 289 231 328 (
261 290 290 318 οὖ
321 288 373 329 γὰρ
405 288 564 328 προσήλωτο
593 290 661 326 αὕτη
689 293 720 328 ),
753 290 839 330 ἀφῆκε
870 289 900 320 τὸ

99 336 223 372 πνεῦμα,
254 347 267 361 ιι
299 334 450 370 τουτέστιν,
478 333 603 373 ἃπέψυξε.
634 335 729 364 Καίτοι
759 335 799 376 ἐφ’
821 337 898 373 ἡμῶν

100 377 255 408 τούναντίον
281 377 398 416 γίνεται,
429 378 557 417 πρότερον
588 379 636 416 μὲν
664 379 715 418 γὰρ
740 380 900 417 ἐκπνέομεν,

102 417 163 452 εἶτα
192 422 316 465 κλίνομιν
346 423 394 458 τὴν
423 423 552 465 κεφαλήν.
579 417 706 458 Ἐκεῖνος
722 424 747 454 δὲ
773 424 899 465 πρότερον

100 467 220 505 ἔκλινεν,
241 463 298 496 εἶτα
315 467 432 507 ἐξέψυξε.
456 469 499 497 Δι’
520 463 555 497 ὧν
575 468 682 498 πάντων
699 463 840 505 δηλοῦται,
858 463 898 498 ὅτι

98 514 147 541 τοῦ
167 512 281 542 Θανάτου
303 513 381 546 αὐτὸς
403 511 500 553 Κύριος
516 507 563 550 ἦν,
578 513 623 543 καὶ
643 513 731 544 πάντα
746 514 805 543 κατ’
826 513 899 548 ἐξου-

99 555 161 587 σίαν
177 557 272 586 ἐποίει.

141 660 153 674 α
169 647 205 676 Οἱ
226 643 270 676 οὖν
286 646 423 683 Ἰουδαῖοι,
444 646 487 676 ἵνα
507 646 544 685 μὴ
566 647 643 686 μείνη
662 647 705 677 ἐπὶ
718 650 763 677 τοῦ
784 651 898 688 σταυροῦ

96 691 130 720 τὰ
146 690 259 729 σώματα
278 692 304 720 ἐν
323 694 361 732 τῷ
382 691 534 732 Σαϐϐάτῳ,
551 693 608 722 ἐπεὶ
628 692 784 731 παρασκευὴ
806 690 839 728 ἧν
854 689 897 733 (ἧν

97 735 151 774 γὰρ
167 736 270 774 μεγάλη
291 739 307 772 ἡ
323 737 410 776 ἡμέρα
429 737 516 773 ἐκείνη
535 739 581 766 τοῦ
597 737 772 777 Σαϐϐάτου),
787 737 895 777 ἠρώτη-

100 791 151 809 σαν
166 780 211 809 τὸν
236 781 353 811 Πιλάτον
364 804 372 817 ,
396 781 439 810 ἵνα
461 784 627 820 κατεαγῶσιν
643 783 729 811 αὐτῶν
745 782 778 811 τὰ
797 783 897 820 σκέλη,

99 824 148 853 καὶ
163 825 288 864 ἀρθῶσιν.
306 822 406 856 τΗλθον
423 821 468 855 οὖν
482 827 506 856 οἱ
526 828 706 866 στρατιῶται,
724 827 768 856 καὶ
784 830 830 857 τοῦ
850 827 898 866 μὲν

99 869 208 909 ⁴ιτρώτου
223 870 353 905 κατέαξαν
375 871 408 900 τὰ
434 871 532 908 σκέλη,
551 871 596 900 καὶ
617 874 662 900 τοῦ
689 872 769 901 ἄλλου
790 874 834 901 τοῦ
850 884 898 902 συ-

100 914 297 955 σταυρωθέντος
325 916 406 955 αὐτῷ.
426 915 491 946 Ἐπὶ
513 916 540 945 δὲ
564 916 609 945 τὸν
633 916 735 952 Ἰησοῦν
762 917 899 952 ἐλθόντες,

99 960 136 992 ὡς
161 954 229 988 εἶδον
252 960 330 989 αὐτὸν
354 960 405 996 ἤδη
431 962 597 999 τεθνηκότα,
622 962 651 991 οὗ
674 961 804 995 κατέαξαν
821 963 899 990 αὐτοῦ

98 1002 134 1032 τὰ
149 1004 231 1040 σκέλη
243 1015 250 1022 ο
267 1004 325 1033 ἀλλ’
338 999 374 1039 εἶς
392 1007 445 1034 τῶν
461 1007 630 1045 στρατιωτῶν
646 1005 731 1046 λόγχῃ
753 1006 801 1040 τὴν
815 1007 899 1036 πλευ-

100 1047 148 1086 ρὰν
183 1049 262 1078 αὐτοῦ
295 1048 383 1086 ἔνυξε,
411 1048 456 1078 καὶ
490 1049 585 1084 εὐθέως
616 1050 720 1085 ἐξῆλθεν
753 1045 820 1088 αἷμα
852 1051 898 1080 καὶ

99 1091 181 1133 ὕδωρ.
199 1107 211 1119 η
240 1094 376 1134 Παρέοετο
392 1094 440 1131 μὲν
462 1093 490 1123 τὸ
506 1097 611 1132 πνεῦμα
632 1097 645 1124 ὁ
668 1094 762 1133 Κύριος
784 1097 820 1134 τῷ
836 1096 898 1136 Θεῷ

97 1137 146 1166 καὶ
177 1138 282 1178 Πατρὶ,
314 1138 451 1175 δεικνύων,
477 1141 512 1172 ὡς
541 1139 589 1169 οὐκ
615 1139 653 1168 ἔτι
682 1139 734 1172 τοῖς
762 1139 898 1177 μνήμασιν

97 1182 313 1223 ἕμφιλοχωροῧσι
345 1185 397 1212 τῶν
427 1183 510 1222 ἁγίων
526 1185 553 1213 αἱ
583 1184 686 1224 ψυχαὶ,
719 1183 843 1223 τρέχουσι
871 1184 897 1214 δὲ

97 1228 200 1264 μᾶλλον
218 1228 252 1260 εἷς
267 1232 358 1267 χεῖρας
374 1230 418 1258 τοῦ
436 1228 542 1258 πάντων
562 1228 683 1268 Πατρὸς,
699 1229 750 1257 τῶν
766 1228 793 1258 δὲ
809 1229 897 1269 ἁμαρ-

96 1272 191 1301 τωλῶν
213 1273 248 1304 εἷς
266 1273 308 1301 τὸν
328 1275 375 1308 τῆς
395 1273 528 1306 κολάσεως
555 1274 634 1303 τόπον
657 1274 874 1310 κατασπωμένων
887 1296 896 1312 ,

95 1315 218 1346 τουτέστι
238 1317 282 1346 τὸν
298 1317 373 1357 ᾅδην.
392 1319 428 1347 Οἱ
449 1318 476 1347 δὲ
496 1318 544 1354 τὴν
564 1318 686 1356 κάμηλον
707 1318 897 1352 καταπίνοντες

96 1361 144 1390 καὶ
165 1361 209 1391 τὸν
232 1362 347 1391 κώνωπα
373 1361 541 1399 διυλίζοντες,
566 1363 722 1398 τηλικοῦτον
744 1363 896 1401 ἐργασάμεα

95 1416 136 1434 νοι
148 1405 288 1444 τόλμημα,
301 1406 361 1446 περὶ
376 1409 421 1442 τῆς
432 1406 533 1446 ἡμέρας
548 1407 793 1446 ἄκριϐολογοῧνται.
809 1420 822 1434 ι
834 1406 895 1438 Ἵνα

95 1450 165 1491 γὰρ,
187 1451 266 1491 φησὶ,
283 1450 321 1489 μὴ
346 1451 422 1492 μείνῃ
439 1451 483 1481 ἐπὶ
505 1454 550 1481 τοῦ
574 1455 688 1491 σταυροῦ
708 1452 742 1481 τὰ
763 1452 894 1490 σώματα,

95 1494 241 1534 ἠρώτησαν
254 1495 297 1524 τὸν
315 1497 448 1532 Πιλάτον,
467 1509 478 1521 ι
496 1496 512 1525 ὅ
525 1497 582 1526 ἐστι
595 1497 798 1536 παρεκάλεσαν,
821 1510 833 1522 ιι
850 1496 893 1526 ἵνα

96 1540 208 1578 ἆρθῶσι.
226 1554 237 1566 ι
258 1540 337 1574 Τίνος
357 1540 384 1570 δὲ
405 1540 482 1571 ἕνεκα
505 1543 668 1581 κατεαγῆναι
690 1540 723 1569 τὰ
745 1541 827 1578 σκέλη
849 1543 893 1570 αἰ-

95 1587 219 1621 τοῦνται;
234 1584 307 1622 Ἵνα,
335 1587 358 1614 εἰ
383 1586 428 1615 καὶ
453 1585 643 1625 ἐπιζήσουσιν,
670 1585 801 1626 ἄχρηστοι
825 1581 894 1616 ὦσι·

94 1629 193 1668 λῃσταὶ
210 1629 262 1670 γὰρ
285 1626 364 1666 ἦσαν.
391 1631 448 1660 Οὐκ
474 1630 613 1660 ἐϐούλοντο
634 1625 678 1660 οὖν
704 1632 730 1660 ἐν
752 1633 785 1672 τῇ
808 1631 895 1672 ἡμέρα

95 1676 144 1710 τῆς
170 1676 260 1714 ἑορτῆς
294 1675 405 1715 τιμωροὶ
430 1675 476 1705 καὶ
512 1679 596 1716 φονεῖς
623 1675 768 1715 φαίνεσθαι.
795 1675 896 1710 Ἄλλως

95 1730 140 1754 τε,
168 1719 214 1748 καὶ
245 1722 258 1750 ὁ
283 1720 361 1758 νόμος
384 1719 466 1753 οὕτως
494 1721 613 1756 ἐκέλευε,
643 1720 681 1759 μὴ
709 1720 823 1749 ἐπιθύειν
852 1721 894 1749 τὸν

96 1763 172 1799 ἥλιον
187 1763 231 1793 ἐπὶ
250 1764 362 1804 τιμωρίᾳ
387 1765 539 1805 ἀνθρώπου.
556 1764 630 1804 ⁶Ορα
647 1765 673 1794 δὲ
693 1766 726 1794 δι’
739 1761 775 1794 ὧν
795 1765 892 1804 τεχνά-

95 1809 186 1842 ζονται
221 1810 362 1850 Ἰουδαῖοι,
402 1809 448 1842 τὰς
487 1809 649 1850 προφητείας
688 1809 893 1848 πληρουμένας,

94 1851 187 1892 ὥσπερ
206 1847 251 1882 οὖν
270 1856 404 1883 κάνταῦθα
419 1855 465 1883 δύο
481 1855 506 1883 ἐν
531 1855 620 1894 ταύτῷ
643 1855 807 1892 πληροῦνται
827 1866 894 1894 προ-

96 1902 223 1939 φητεῖαι,
247 1900 283 1932 ὡς
308 1898 398 1938 ἐφεξῆς
425 1900 438 1928 ὁ
461 1898 649 1938 εὐαγγελιστής
677 1910 751 1939 φησι.
780 1898 822 1928 Τὰ
846 1898 893 1937 μὲν

97 1937 141 1971 οὖν
158 1946 205 1971 τοῦ
236 1942 326 1978 Ἰησοῦ
349 1944 430 1979 σκέλη
455 1945 483 1972 οὖ
509 1943 683 1984 συνέτριψαν,
710 1943 779 1982 ὅμως
793 1943 819 1972 δὲ
845 1955 895 1972 κα-

95 1987 301 2026 ταχαριζόμενοι
321 1992 375 2020 τοῖς
396 1989 548 2026 Ἰουδαίοις,
573 1991 708 2018 κεντοῦσιν
733 1988 825 2025 αὐτὸν,
848 1988 894 2018 καὶ

95 2027 164 2070 αἷμα
184 2032 228 2061 καὶ
248 2033 317 2072 ὕδωρ
342 2032 496 2073 ἐξέρχεται·
509 2034 554 2062 καὶ
572 2035 650 2062 τοῦτο
674 2032 754 2067 ξένον.
778 2033 894 2062 Ἐκεῖνοι

93 2076 143 2113 μὲν
163 2077 214 2115 γὰρ
240 2077 285 2105 καὶ
308 2077 398 2115 νεκρὸν
427 2077 456 2106 τὸ
481 2079 561 2115 σῶμα
585 2077 697 2116 ὑϐρίζειν
721 2076 892 2117 ἐπεχείρουν,

93 2122 109 2156 ἡ
134 2121 159 2151 δὲ
185 2120 257 2161 ὕϐρις
279 2123 366 2155 αὐτοῖς
388 2124 424 2155 εἰς
442 2124 532 2160 θαῦμα
558 2122 725 2162 περιίστατο.
748 2122 803 2151 Καὶ
826 2117 892 2160 αἷμα

94 2166 143 2203 μὲν
167 2165 217 2204 γὰρ
248 2167 277 2195 ἐκ
302 2170 395 2206 νεκροῦ
426 2167 551 2204 σώματος
580 2166 700 2206 προϊέναι
727 2166 891 2205 παράδοξον·

92 2209 163 2246 πλὴν
177 2209 233 2250 ἔχει
246 2222 284 2244 τις
302 2214 473 2251 συκοφαντῶν
490 2212 574 2250 λέγειν
584 2234 592 2248 ,
606 2212 647 2241 ὅτι
665 2211 733 2244 εἰκὸς
754 2206 821 2240 εἷναί
834 2223 891 2240 τινα

92 2255 206 2289 ζωτικὴν
223 2254 261 2284 ἔτι
279 2258 316 2294 τῷ
336 2256 441 2293 σώματι
457 2256 578 2294 δύναμιν.
594 2256 633 2285 Τὸ
653 2257 722 2295 ὕδωρ
747 2257 773 2284 δὲ
801 2257 891 2296 προϊὸν

93 2300 280 2340 ἀναντίρρητον
301 2301 329 2329 τὸ
350 2303 439 2339 θαῦμα
459 2306 538 2331 ποιεῖ.
563 2302 624 2341 Οὐχ
646 2301 737 2332 ἁπλῶς
759 2301 785 2330 δὲ
805 2303 890 2330 ταῦτα

91 2344 209 2382 γίνεται,
232 2345 290 2373 ἀλλ’
314 2345 370 2374 ἐπεὶ
444 2345 595 2386 Ἰῖκκλησίᾳ
617 2347 634 2380 ἡ
657 2345 710 2380 ζωὴ
730 2346 771 2375 διὰ
790 2344 888 2375 τούτοιν

91 2391 145 2418 τῶν
163 2390 209 2418 δύο
224 2389 320 2428 γίνιναι
341 2390 386 2419 καὶ
405 2390 576 2421 συνίσταται⁸
599 2391 631 2419 δι’
649 2389 742 2423 ὕδατος
765 2389 811 2428 μὲν
831 2401 889 2428 γεν-

89 2434 215 2472 νιίιμεοα,
241 2434 274 2463 δι’
300 2434 412 2472 αἵματος
440 2435 468 2464 δὲ
495 2435 540 2464 καὶ
573 2434 694 2472 σώματος
727 2436 887 2476 τρεφόμεθα.

88 2477 176 2508 Ὅταν
196 2474 240 2508 οὖν
258 2480 393 2520 προσέρχῃ
415 2481 454 2520 τῷ
476 2480 595 2520 ποτηρίῳ
616 2482 664 2520 τῇς
688 2479 824 2513 κοινωνίας
843 2483 889 2510 τοῦ

89 2523 204 2562 αἵματος
214 2527 259 2554 τοῦ
273 2525 388 2563 Χριστοῦ
399 2547 408 2562 ,
423 2527 458 2558 ὡς
471 2524 496 2559 ἐξ
510 2525 592 2560 αὐτῆς
607 2527 652 2560 τῆς
664 2526 779 2565 πλευρᾶς
789 2526 888 2561 πίνων,

88 2568 159 2596 οὕτω
172 2567 297 2598 διάκεισο.
318 2570 417 2598 Σκόπει
433 2568 461 2598 δέ
475 2580 539 2607 μοι,
554 2570 611 2602 πῶς
626 2568 669 2598 διὰ
682 2571 729 2605 τῆς
743 2581 889 2609 τραυματι-

90 2613 196 2648 σθείσης
219 2615 335 2653 πλευρᾶς
358 2613 388 2642 τὸ
414 2616 460 2649 τῆς
480 2614 612 2652 πλευρᾶς,
632 2613 692 2649 ἤτοι
706 2613 735 2643 τὸ
751 2617 796 2650 τῆς
819 2614 890 2648 Εὔας

88 2660 196 2697 τραῦμα
224 2658 439 2698 ἐκθεραπεύεται.
461 2658 534 2688 Ἐκεῖ
557 2659 640 2696 Ἀδὰμ
664 2659 815 2697 κοιμηθεὶς,
839 2660 889 2700 ἄφ-

87 2702 171 2742 ῃρέοη
184 2701 233 2738 τὴν
248 2702 378 2742 πλευρὰν,
399 2704 535 2732 κἰἲνταῧοαι
558 2705 571 2732 ὁ
594 2703 689 2742 Κύριος
706 2703 866 2743 ἆρυττνώσας
879 2727 887 2741 ,

88 2747 136 2782 τὴν
150 2747 267 2787 πλευρὰν
277 2748 315 2788 τῷ
328 2748 480 2788 στρατιώτῃ
491 2748 609 2779 δίδωσιν.
621 2747 657 2778 ἹΙ
673 2749 791 2789 ῥομφαία
802 2748 829 2778 δὲ
842 2751 888 2778 τοῦ

125 2827 147 2844 ¹⁶
162 2827 236 2856 Gen.
253 2834 288 2861 ιι,
304 2830 348 2856 21.

952 289 1069 318 fuissent
1096 289 1199 324 omnia,
1224 301 1237 314 ι
1258 289 1391 317 inclinato
1406 289 1494 325 capite
1511 300 1523 313 ι
1550 290 1653 326 (neque
1677 290 1751 319 enim

955 335 1046 371 ipsum
1068 335 1184 363 afﬁxum
1205 337 1280 368 erat)
1297 345 1309 358 τι
1326 333 1417 362 emisit
1430 333 1569 369 spiritum,
1595 345 1607 358 ιι
1624 335 1677 362 hoc
1700 339 1751 369 est,

952 380 1110 416 exspiravit,
1134 379 1260 416 quamvis
1275 379 1304 407 in
1327 378 1407 406 nobis
1421 378 1591 406 contrarium
1610 378 1668 407 ﬁat.
1691 380 1753 408 Pri-

952 432 1033 453 mum
1047 425 1123 453 enim
1136 425 1317 459 exspiramus,
1331 427 1359 452 et
1373 423 1474 451 deinde
1486 423 1646 451 inclinamus
1660 428 1751 460 caput.

952 469 1000 497 Ille
1025 474 1117 497 autem
1142 469 1216 505 prius
1238 468 1390 502 inclinavit,
1414 467 1513 496 deinde
1535 467 1690 504 exspiravit.
1717 470 1752 496 Ex

952 514 1053 550 quibus
1067 514 1198 542 omnibus
1219 512 1415 542 manifestatur
1429 512 1504 548 quod
1527 512 1584 548 ipse
1600 512 1680 540 fuerit
1693 513 1751 541 Do-

951 559 1044 587 minus
1067 559 1175 593 mortis,
1197 562 1225 586 et
1238 558 1333 586 omnia
1357 556 1510 586 secundum
1533 561 1696 594 potestatem
1712 557 1751 585 l’e-

953 604 1029 632 cerit.

988 650 1079 677 Vsns.
1101 650 1192 676 31-34.
1212 659 1224 672 α
1250 647 1339 676 Judaei
1354 655 1431 684 ergo.
1445 647 1580 683 quoniam
1606 654 1751 683 parasceve

951 698 1019 727 erat.
1035 697 1067 722 ut
1087 701 1142 721 non
1160 697 1335 721 remanerent
1357 692 1384 720 in
1405 700 1486 720 cruce
1500 699 1615 728 corpora
1631 691 1751 721 Sabbato

950 741 1026 773 (erat
1043 739 1116 766 enim
1140 746 1255 775 magnus
1275 737 1336 766 dies
1360 737 1404 765 ille
1427 737 1565 771 Sabbati),
1581 741 1751 773 rogaverunt

952 783 1070 812 Pilatum
1092 787 1123 811 ut
1137 782 1327 819 frangerentur
1339 790 1436 810 eorum
1461 789 1539 810 crura
1562 789 1594 809 ac
1618 782 1748 810 tolleren-

951 832 1003 856 tur.
1026 829 1165 856 Venerunt
1185 835 1250 864 ergo
1264 827 1346 863 755
1363 827 1477 860 milites,
1493 831 1521 854 et
1536 826 1617 863 primi
1633 827 1747 862 quidem

952 872 1093 909 fregerunt
1116 881 1208 907 crura,
1234 877 1263 900 et
1276 872 1390 900 alterius
1404 872 1449 908 qui
1464 871 1609 899 cruciﬁxus
1623 875 1664 899 est
1684 879 1750 899 cum

918 919 940 950 Β
954 926 997 946 eo.
1010 918 1051 945 Ad
1061 919 1157 946 Jesum
1168 921 1260 945 autem
1270 925 1333 944 eum
1344 916 1492 952 venissent,
1504 921 1534 944 ut
1544 916 1672 944 viderunt
1681 924 1746 944 eum

951 962 1009 998 jam
1032 966 1183 996 mortuum,
1200 970 1256 989 non
1277 961 1416 997 fregerunt
1429 961 1488 997 ejus
1503 968 1598 995 crura;
1619 960 1666 988 sed
1681 969 1751 989 unus

954 1007 1074 1035 militum
1098 1007 1191 1034 lancea
1213 1007 1285 1034 latus
1309 1006 1369 1043 ejus
1392 1005 1472 1039 fodit,
1486 1009 1514 1033 et
1526 1005 1656 1033 continuo
1670 1006 1753 1033 exivit

953 1052 1062 1087 sanguis
1070 1056 1097 1079 et
1106 1059 1185 1087 aqua.
1201 1064 1213 1075 ιι
1225 1050 1470 1087 Tradiditqnidem
1482 1050 1606 1086 spiritum
1619 1050 1753 1078 Dominus

953 1098 1012 1124 Deo
1020 1100 1047 1124 et
1054 1097 1136 1130 Patri,
1148 1096 1296 1124 ostendens
1303 1095 1377 1132 quod
1387 1095 1500 1132 posthac
1509 1095 1750 1132 animmjustorum

953 1141 979 1169 in
1004 1141 1192 1169 monumentis
1212 1149 1270 1168 non
1295 1145 1448 1174 versantur,
1468 1144 1583 1168 currunt
1604 1145 1696 1168 autem
1722 1140 1750 1167 in

953 1194 1051 1214 manus
1073 1187 1164 1214 Patris
1187 1186 1330 1218 omnium;
1346 1185 1393 1213 sed
1419 1190 1592 1221 peccatorum
1608 1185 1707 1213 anima:
1722 1185 1751 1213 in

953 1231 1044 1259 locum
1061 1231 1187 1267 supplicii
1207 1230 1351 1266 detracta),
1367 1230 1419 1258 hoc
1433 1234 1483 1264 est,
1500 1230 1528 1258 in
1543 1230 1682 1258 infernum
1702 1229 1750 1258 de-

952 1276 1098 1313 pcllentur.
1116 1278 1153 1304 At
1171 1276 1207 1303 illi
1222 1276 1356 1303 camelnm
1379 1274 1572 1311 deglutientes,
1593 1279 1621 1303 et
1633 1275 1750 1303 culicem

950 1321 1117 1354 excolantes,
1133 1320 1178 1348 tali
1198 1324 1302 1356 patrato
1324 1319 1446 1348 facinore
1466 1319 1501 1347 de
1520 1319 1564 1347 die
1579 1319 1749 1347 observando

950 1365 1092 1401 diligenter
1106 1365 1235 1401 cogitant.
1252 1365 1325 1392 Dicit
1338 1365 1422 1398 enim,
1442 1375 1454 1388 ι
1471 1366 1511 1392 Ut
1526 1372 1560 1392 ne
1573 1369 1705 1392 maneant
1722 1364 1749 1392 in

949 1418 1028 1438 cruce
1041 1418 1166 1446 corpora,
1182 1413 1346 1446 rogaverunt
1360 1409 1488 1442 Pilatum,
1501 1420 1515 1433 ι
1529 1409 1582 1436 hoc
1599 1413 1651 1443 est,
1669 1409 1749 1437 obse-

949 1459 1103 1488 cravernnt,
1125 1467 1137 1478 ‹‹
1160 1459 1191 1482 ut
1206 1454 1344 1482 tollantur.
1363 1466 1374 1477 ν
1391 1455 1482 1489 Quare
1504 1458 1597 1482 autem
1612 1453 1749 1490 confringi

949 1508 1027 1528 crura
1051 1507 1146 1527 eorum
1173 1501 1287 1535 petunt?
1311 1500 1351 1527 Ut
1375 1499 1398 1526 si
1423 1499 1507 1527 etiam
1530 1498 1748 1534 superviventes,

912 1549 934 1582 ο
950 1545 1058 1573 inutiles
1083 1549 1184 1572 essent.
1214 1546 1347 1572 Latrones
1373 1544 1447 1572 enim
1472 1544 1588 1572 fuerant.
1615 1543 1749 1572 Nolebant

951 1590 1034 1626 igitur
1048 1590 1074 1618 in
1090 1590 1133 1617 die
1150 1589 1219 1617 festo
1239 1589 1325 1617 videri
1340 1589 1483 1624 punitores
1502 1593 1530 1616 et
1544 1587 1697 1616 homicidae.
1715 1589 1749 1616 Et

950 1635 1029 1662 aiiter
1046 1644 1052 1662 :
1070 1634 1158 1662 Etiam
1181 1635 1223 1662 lex
1244 1634 1280 1662 ita
1297 1634 1481 1670 prmeipiebat,
1498 1641 1531 1661 ne
1554 1633 1594 1661 sol
1610 1632 1748 1661 occideret

950 1679 977 1707 in
993 1679 1124 1715 supplicio
1147 1679 1279 1706 hominis.
1295 1679 1364 1706 Vide
1386 1683 1478 1706 autem
1493 1678 1633 1714 quomodo
1649 1686 1698 1713 per
1717 1685 1748 1706 ea

949 1731 1010 1759 quae
1024 1728 1133 1751 struunt
1147 1723 1248 1755 Judaei,
1264 1723 1415 1759 prophetia:
1429 1723 1602 1759 impleantur.
1619 1723 1664 1751 Sic
1683 1730 1748 1758 ergo

949 1773 975 1796 et
990 1768 1016 1796 in
1032 1768 1085 1796 hoc
1106 1769 1166 1796 loco
1180 1769 1242 1796 dua:
1257 1768 1406 1804 prophetiae
1428 1768 1588 1803 implentur,
1604 1771 1634 1795 ut
1650 1772 1745 1803 postea

949 1814 1111 1848 evangelista
1129 1812 1206 1840 dicit.
1225 1813 1332 1840 Etenim
1345 1820 1405 1840 ossa
1421 1813 1484 1840 Jesu
1502 1821 1555 1839 non
1569 1812 1748 1847 confringunt

948 1857 1071 1893 quidem,
1094 1861 1218 1893 pungunt
1236 1861 1329 1885 tamen
1344 1865 1418 1890 eum,
1436 1857 1618 1893 gratiﬁcantes
1631 1856 1746 1890 Judmis,

948 1907 975 1930 et
990 1903 1098 1938 sanguis
1112 1906 1140 1929 et
1160 1910 1230 1937 aqua
1247 1901 1395 1937 egreditur.
1419 1903 1453 1928 Et
1468 1901 1519 1928 hoc
1533 1901 1644 1937 quidem
1658 1900 1745 1928 admi-

947 1946 1076 1975 randum.
1103 1948 1172 1975 Nam
1194 1947 1231 1974 illi
1255 1946 1365 1982 quidem
1385 1946 1468 1973 etiam
1492 1950 1633 1973 mortuum
1648 1953 1746 1980 corpus

948 1991 1112 2020 contumelia
1128 1991 1236 2019 afﬁcere
1251 1995 1386 2018 conantur
1401 2001 1406 2018 :
1422 1995 1450 2018 at
1467 1989 1633 2018 contumelia
1650 1989 1701 2017 illis
1720 1991 1746 2018 in

948 2036 1112 2064 miraculum
1131 2036 1255 2064 vertitur.
1276 2037 1309 2063 Et
1323 2036 1483 2071 sanguinem
1498 2035 1607 2071 quidem
1622 2042 1652 2062 ex
1668 2042 1747 2062 rnor-

947 2086 995 2109 tuo
1015 2089 1130 2117 corpore
1151 2081 1274 2117 prodisse
1295 2080 1458 2108 admirabile
1479 2083 1531 2114 est,
1556 2083 1747 2107 verumtamen

948 2131 1038 2162 posset
1053 2126 1115 2162 quis
1138 2125 1369 2161 sycophantarum
1397 2124 1488 2153 dicere
1503 2124 1579 2160 quod
1595 2124 1747 2152 verisimile

946 2171 981 2198 sit
996 2171 1101 2198 vitalem
1117 2171 1263 2206 quamdam
1284 2171 1413 2197 virtutem
1432 2169 1521 2198 adhuc
1537 2169 1619 2197 fuisse
1635 2169 1663 2196 in
1682 2177 1746 2196 cor-

906 2204 933 2238 D
947 2224 1020 2252 pore.
1049 2218 1125 2252 Aqua
1146 2219 1238 2243 autem
1260 2223 1366 2251 egressa
1390 2222 1503 2243 omnem
1527 2214 1746 2242 controversiam

948 2261 1081 2288 miraculo
1105 2260 1183 2287 tollit.
1206 2261 1269 2287 Non
1294 2259 1452 2296 simpliciter
1466 2264 1557 2287 autem
1582 2259 1641 2287 haec
1665 2259 1745 2292 ﬁunt.

943 2305 993 2334 sed
1019 2305 1081 2341 quia
1102 2304 1228 2333 Ecclesia:
1250 2305 1305 2332 vita
1321 2313 1368 2340 per
1395 2304 1450 2331 duo
1471 2304 1521 2332 ista
1538 2308 1564 2332 et
1579 2303 1609 2332 ﬁt
1623 2307 1650 2331 et
1676 2311 1746 2331 con-

944 2350 1027 2378 sistit.
1045 2351 1114 2377 Nam
1130 2357 1176 2385 per
1189 2357 1289 2385 aquam
1305 2348 1416 2385 quidem
1431 2357 1604 2385 generamur,
1620 2357 1667 2385 per
1687 2357 1748 2376 san-

943 2395 1052 2430 guinem
1067 2399 1159 2422 autem
1175 2398 1202 2422 et
1214 2402 1314 2430 corpus
1329 2394 1473 2429 poscimur.
1488 2395 1558 2422 Cum
1572 2393 1653 2430 igitur
1670 2401 1745 2422 acce-

943 2439 984 2468 dis
1005 2440 1038 2467 ad
1061 2440 1173 2467 calicem
1191 2439 1398 2466 communionis
1411 2439 1553 2473 sanguinis
1576 2439 1688 2471 Christi,
1709 2439 1744 2467 ita

942 2484 1058 2513 affectus
1081 2484 1119 2512 sis
1145 2484 1222 2520 quasi
1249 2492 1282 2511 ex
1298 2484 1357 2519 ipso
1375 2484 1457 2511 latere
1480 2483 1568 2511 bibas.
1590 2483 1743 2512 Considera

944 2533 1046 2564 autem,
1070 2528 1210 2564 quomodo
1236 2536 1284 2564 per
1300 2528 1425 2556 saucium
1443 2528 1513 2556 latus
1529 2528 1625 2556 vulnus
1640 2528 1744 2562 lateris,

944 2574 996 2602 hoc
1020 2578 1061 2602 est
1079 2575 1153 2607 Evaa,
1179 2577 1292 2601 sanatur
1327 2583 1333 2601 :
1359 2577 1387 2601 et
1409 2573 1480 2601 sicut
1505 2573 1531 2600 in
1545 2573 1670 2609 paradiso
1697 2572 1745 2600 ubi

943 2619 1032 2646 Adam
1048 2618 1226 2651 obdormivit,
1244 2618 1332 2645 ablata
1347 2622 1388 2646 est
1404 2618 1439 2645 ab
1453 2625 1485 2646 eo
1499 2622 1574 2645 costa
1591 2617 1625 2650 ³⁵,
1641 2617 1677 2644 ita
1691 2616 1745 2644 hoc

944 2663 1003 2691 loco
1014 2672 1077 2691 cum
1094 2663 1228 2690 Dominus
1241 2663 1469 2697 obdormivisset,
1480 2663 1550 2690 latus
1565 2662 1644 2689 militi
1657 2660 1742 2689 dedit.

943 2707 1115 2743 Rhomphaea
1129 2712 1224 2735 autem
1236 2708 1332 2735 militis
1343 2707 1430 2743 ﬁgura
1447 2711 1489 2734 est
1499 2706 1666 2741 rbomphzczc
1680 2712 1743 2731 ver-

942 2753 1026 2780 satilis
1048 2760 1109 2789 quae
1131 2752 1257 2789 prohibet
1271 2761 1322 2781 nos
1347 2761 1364 2781 a
1379 2751 1518 2788 paradiso;
1541 2755 1567 2779 et
1582 2750 1644 2787 quia
1659 2755 1743 2777 omne
