1927 3076
178 192 230 219 283

170 251 246 289 quod
268 255 392 281 versatur
405 250 457 279 nisi
471 250 537 287 quid
552 250 669 279 obsistat
687 259 744 279 non
760 252 868 280 absistit
888 260 903 280 a
917 259 968 280 suo
982 262 1006 294 Α

172 305 264 332 cursu,
281 297 418 325 Dominus
432 295 582 324 ostendens
602 296 676 332 quod
696 296 884 332 rhomphzeam
899 297 974 324 illam

171 343 261 376 sistat,
272 341 403 377 supponit
414 341 443 368 in
452 341 538 376 ﬁgura
556 340 628 368 latus
638 340 751 370 frameae
768 342 874 376 militis,
886 346 976 370 osten-

172 388 240 416 dens
255 387 332 415 nobis
347 386 420 423 quod
433 385 503 414 sicut
528 385 632 414 framea
652 387 750 414 militis
770 388 881 424 appulsa
897 387 974 415 lateri

173 431 260 466 stetit,
276 432 313 459 ita
327 436 356 459 et
371 431 502 459 ﬂammea
515 430 607 464 stabit,
620 435 647 458 et
662 439 718 458 non
731 432 803 460 ultra
816 432 975 459 iutermine-

172 481 228 509 tur,
239 480 266 504 et
276 476 400 504 versione
414 483 463 503 sua
474 479 620 509 exterreat,
635 476 808 511 prohibendo
819 477 973 512 ingressum

173 523 199 550 in
222 522 389 557 paradisum.
404 520 614 549 Confundantur
635 521 769 556 Armenii,
790 522 838 558 qui
852 529 908 549 non
923 520 971 549 ad-

173 567 287 595 miscent
310 567 340 594 in
362 566 498 603 mysteriis
520 573 619 601 aquam
642 567 716 594 vino.
735 568 798 595 Non
819 567 892 594 enim
915 574 972 594 cre-

172 611 252 646 dunt,
273 616 305 639 ut
326 611 444 645 videtur,
460 610 534 647 quod
553 618 622 646 aqua
645 619 678 639 ex
694 611 776 639 latere
791 619 902 648 egressa
926 611 970 644 sit,

172 656 245 692 quod
268 656 466 690 admirabilius,
485 657 570 693 756
587 656 635 684 sed
661 657 772 693 sanguis
793 660 913 684 tantum.
936 657 973 684 Et

173 701 225 729 hoc
236 701 295 729 loco
309 701 457 729 destruunt
466 702 556 739 majus
571 702 745 731 miraculum.
760 703 854 738 Itaque
862 700 973 737 sanguis

172 746 329 782 symbolum
353 746 428 782 quod
452 747 536 776 homo
557 747 592 775 sit
615 748 638 776 is
664 747 710 784 qui
733 747 878 775 crucifixus
896 750 940 774 est
963 755 970 773 :

172 799 243 827 aqua
270 798 346 827 vero,
373 791 448 828 quod
482 792 506 820 is
528 793 564 821 sit
590 800 672 829 super
695 791 847 824 hominem,
875 790 904 819 id
932 793 973 818 est

174 838 257 864 Deus.

174 885 247 921 ροῦσι
271 881 304 911 τὸ
322 882 413 912 πλεῖον
438 885 483 912 τοῦ
519 883 661 922 θαύματος.
715 882 756 912 Τὸ
783 882 832 921 μὲν
863 876 908 911 οὖν
936 875 1004 919 αἷμα

172 926 201 956 τὸ
217 926 243 956 δὲ
260 927 329 967 ὕδωρ
343 926 412 967 ὓπὲρ
430 926 583 967 ἄνθρωπον,
599 930 646 957 τοῦ
665 922 731 956 εἶναι
746 927 825 958 Θεόν.

206 977 295 1004 VEBS.
321 978 411 1004 35-37.
429 987 442 1000 «ι
462 977 497 1004 Et
511 977 557 1012 qui
572 977 650 1011 vidit,
668 976 858 1004 testimonium
873 975 966 1012 perhi-
982 970 1007 1002 Β

172 1021 246 1054 buit,
273 1025 301 1048 et
326 1029 422 1049 verum
437 1026 479 1049 est
500 1021 691 1050 testimonium
717 1021 791 1057 ejus.
807 1026 833 1049 et
852 1021 897 1049 ille
920 1021 971 1048 scit

172 1064 249 1102 quod
262 1073 323 1093 vera
339 1065 416 1100 dicit,
427 1069 458 1094 ut
472 1070 499 1094 et
519 1074 567 1094 vos
579 1066 704 1094 credatis.
718 1067 799 1094 Facta
816 1070 882 1094 sunt
896 1066 971 1094 enim

171 1110 230 1138 haec
243 1115 272 1138 ut
285 1111 427 1146 Scriptura
440 1111 617 1147 impleretur:
635 1112 674 1140 Os
688 1119 744 1139 non
764 1111 972 1139 comminuetur

172 1163 205 1183 ex
220 1163 262 1183 eo.
285 1157 319 1183 Et
334 1163 427 1184 rursus
441 1156 493 1184 alia
516 1157 656 1191 Scriptura
677 1156 742 1184 dicit
761 1166 768 1183 ε
790 1155 930 1184 Videbunt
943 1156 972 1183 in

172 1207 256 1236 quem
279 1205 461 1236 pupugerunt.
489 1212 502 1225 »
532 1202 595 1229 Non
612 1201 647 1229 ab
666 1201 733 1234 aliis,
753 1200 852 1236 inquit,
870 1200 972 1234 audivi,

172 1245 218 1272 sed
234 1245 290 1280 ipse
304 1253 424 1281 praasens
438 1246 506 1280 vidi,
521 1256 534 1270 ι
547 1250 575 1274 et
586 1253 683 1274 verum
694 1249 734 1274 est
747 1246 946 1274 testimonium.
958 1256 970 1269 -

173 1289 277 1318 Merito.
299 1290 429 1326 lnjuriam
448 1291 524 1318 enim
541 1295 653 1319 enarrat
664 1290 778 1326 factam,
797 1294 895 1318 etnon
908 1298 971 1318 ma—

173 1342 256 1370 gnum
281 1335 322 1363 vel
353 1335 536 1364 honoriﬁcum
568 1336 681 1372 aliquid,
714 1340 746 1364 ut
770 1340 915 1371 suspectus
939 1336 974 1363 sit

173 1387 281 1413 sermo;
314 1380 364 1408 sed
384 1385 496 1416 propter
522 1381 584 1414 hoc,
608 1381 707 1416 inquit,
743 1380 803 1408 haec
831 1380 974 1416 diligenter

174 1432 285 1458 enarro,
301 1429 327 1452 et
344 1432 376 1453 ea
391 1433 454 1461 quae
468 1425 648 1461 ignominiosa
664 1425 796 1453 videntur
811 1425 839 1452 in
852 1425 975 1453 medium

174 1469 272 1503 affero,
295 1473 325 1497 ut
349 1473 376 1497 et
397 1477 445 1497 vos
460 1470 588 1503 credatis,
608 1474 741 1506 tanquam
763 1469 877 1498 omnino
890 1470 972 1504 veris,

175 1517 266 1541 etnon
281 1514 315 1542 ad
331 1514 447 1550 gratiam
458 1514 539 1542 ﬁctis.
554 1515 626 1542 Nam
645 1514 690 1550 qui
706 1514 740 1542 ad
753 1514 870 1550 gratiam
886 1514 975 1550 loqui-

172 1562 227 1592 tur,
259 1559 376 1594 gloriosa
404 1558 491 1594 magis
515 1560 601 1595 ponit.
628 1559 696 1594 Quia
718 1563 812 1587 autem
833 1563 862 1586 et
883 1561 974 1588 Moses

171 1602 280 1639 dignior
300 1603 352 1631 ﬁde
369 1611 398 1631 se
420 1603 574 1638 videbatur,
597 1603 708 1632 adducit
727 1603 844 1632 ethunc
864 1608 971 1632 testem.

171 1647 252 1682 Quod
273 1648 347 1675 enim
374 1648 419 1676 ille
438 1648 507 1676 dixit
525 1648 559 1676 de
576 1656 646 1684 agno
668 1649 713 1685 qui
734 1648 929 1677 immolabatur
943 1649 971 1677 in
986 1643 1008 1675 C

172 1692 288 1725 Pascha,
306 1693 379 1728 quod
397 1704 409 1717 ι
421 1694 456 1721 Os
470 1701 524 1721 non
535 1693 725 1730 confringetur
736 1694 769 1728 ³⁷,
789 1705 801 1717 ιι
816 1693 868 1721 hoc
884 1694 973 1730 inquit

172 1737 335 1773 evangelista
351 1737 380 1765 in
400 1737 510 1766 Christo
530 1738 675 1774 impletum
695 1746 753 1767 esse
769 1748 777 1766 :
793 1747 880 1775 agnus
897 1739 972 1766 enim

172 1781 216 1809 ille
231 1781 312 1818 hujus
332 1786 390 1810 erat
403 1782 499 1818 ﬁgura.
513 1784 553 1811 Et
573 1784 659 1812 multa
678 1788 719 1812 est
736 1783 859 1820 cognatio
879 1783 972 1819 ﬁgurae

172 1826 206 1854 ad
225 1827 374 1856 veritatem.
389 1828 521 1863 Impletur
535 1832 628 1856 autem
641 1832 669 1856 et
683 1828 734 1856 alia
754 1828 894 1864 prophetia
910 1835 971 1864 qua:

172 1872 246 1906 dicit,
271 1883 283 1897 α
305 1872 444 1900 Videbunt
462 1873 489 1901 in
508 1881 592 1909 quem
613 1877 795 1910 pupugerunt.
817 1885 830 1897 ιι
850 1874 970 1909 Quando

171 1917 246 1945 enim
260 1921 390 1945 venturus
411 1922 452 1946 est
469 1918 611 1954 judicare,
632 1922 698 1946 tunc
713 1918 844 1946 videbunt
865 1925 928 1946 eum
943 1918 972 1946 in

172 1970 285 1998 corpore
307 1963 420 1990 meliore
438 1967 467 1990 et
489 1963 634 1996 diviniore,
650 1967 677 1990 et
690 1966 859 1998 cognoscent
877 1962 905 1990 hi
926 1962 972 1998 qui

171 2011 344 2044 pupugerunt
362 2007 394 2041 η,
413 2015 444 2035 ac
457 2008 600 2043 lugebunt.
620 2009 736 2042 insuper
750 2011 777 2034 et
789 2007 831 2034 his
848 2007 894 2042 qui
915 2015 972 2035 non

172 2052 302 2079 credituri
316 2055 404 2085 erant,
416 2051 478 2079 ﬁdei
495 2052 580 2087 janua
596 2055 624 2079 et
640 2051 775 2079 indicium
786 2051 837 2079 fuit
853 2051 880 2079 id
899 2051 974 2088 quod

171 2096 205 2123 ab
219 2095 338 2124 inimicis
354 2100 396 2123 est
412 2099 587 2129 attentatum,
599 2100 629 2123 ut
646 2095 773 2123 Thomze.
785 2097 856 2124 Nam
874 2104 922 2131 per
933 2097 973 2124 la—

172 2144 217 2168 tus
248 2140 329 2168 ﬁdem
358 2140 568 2168 resurrectionis
587 2140 700 2176 accepit.
724 2141 762 2169 0s
783 2141 893 2176 quidem
908 2143 972 2170 Jesu

172 2193 229 2213 non
248 2184 407 2218 conteritur,
422 2185 494 2212 latus
510 2189 602 2213 autem
615 2185 673 2221 ejus
692 2185 806 2213 scaturit
816 2185 898 2213 nobis
912 2185 972 2214 fon-

172 2233 223 2263 tes,
242 2230 390 2257 essentiam
405 2233 433 2257 et
447 2229 531 2256 vitam
543 2229 623 2257 nobis
643 2229 749 2257 dantes.
764 2230 842 2266 Aqua
863 2230 973 2266 quidem

172 2274 319 2302 essentiam
342 2273 428 2308 dedit,
452 2274 514 2310 quia
531 2282 579 2310 per
593 2282 653 2302 eam
670 2275 844 2310 pervenimus
862 2275 896 2303 ad
919 2275 971 2303 hoc

172 2324 203 2347 ut
231 2319 380 2347 Christiani
399 2319 486 2347 simus
517 2327 525 2347 :
555 2319 664 2355 sanguis
689 2324 782 2349 autem
802 2321 902 2354 vitam;
925 2329 972 2357 per

173 2363 264 2400 ipsum
287 2363 364 2392 enim
384 2363 532 2400 pascimur.
560 2365 631 2392 Nam
654 2366 750 2400 Agnus
769 2365 882 2401 quidem
901 2366 973 2393 Ver-

176 2407 243 2436 bum
263 2411 303 2436 est
322 2408 386 2443 Dei,
408 2408 454 2444 qui
482 2417 496 2436 a
511 2409 598 2444 capite
620 2417 703 2445 usque
722 2409 757 2437 ad
777 2410 859 2445 pedes
878 2417 973 2438 come-

173 2453 282 2482 dendus
311 2457 361 2481 est.
383 2454 473 2489 Caput
496 2454 608 2490 quidem
624 2453 782 2490 symbolum
810 2458 852 2482 est
866 2454 974 2482 deitatis

174 2498 249 2535 (ipsa
261 2498 336 2526 enim
349 2502 390 2527 est
402 2501 514 2534 caput);
526 2499 608 2535 pedes
621 2503 715 2527 autem
726 2499 826 2533 carnis,
835 2499 891 2535 ipsa
901 2499 974 2527 enim

172 2548 296 2572 extrema
316 2548 367 2572 est.
384 2545 499 2580 Insuper
519 2548 545 2572 et
564 2544 692 2572 intestina
714 2545 782 2579 ejus,
804 2543 930 2580 mysteria
946 2548 974 2572 et

172 2589 276 2617 occulta
306 2593 463 2617 reverenter
491 2589 519 2616 in
547 2589 640 2617 cibum
665 2589 805 2623 habentes,
831 2596 893 2616 ossa
918 2597 974 2617 non

171 2633 381 2670 confringimus,
398 2633 451 2662 hoc
464 2637 506 2661 est
524 2633 690 2662 difﬁciliores
713 2637 740 2661 et
754 2633 897 2669 graviores
912 2641 973 2661 sen-

172 2687 228 2708 sus.
252 2680 322 2716 Qua:
343 2679 418 2707 enim
437 2687 494 2706 non
516 2686 664 2714 possumus
680 2678 842 2714 intelligere,
859 2687 889 2706 ea
912 2687 968 2708 non

170 2729 345 2752 conteremus
361 2734 367 2752 ε
381 2724 434 2751 hoc
447 2727 498 2756 est,
512 2731 568 2750 non
580 2722 706 2750 dabimus
722 2731 834 2759 operam
852 2728 883 2751 ut
897 2725 969 2753 male

170 2774 197 2797 et
227 2769 379 2805 periculose
406 2768 600 2803 intelligamus.
631 2767 743 2796 Etenim
772 2768 882 2804 quando
903 2778 969 2798 sane

207 2844 228 2862 "'
243 2843 331 2874 Exod.
347 2851 406 2878 xu,
425 2846 471 2878 l4;
490 2844 573 2872 Num.
588 2845 616 2878 9,
642 2847 682 2873 l2.
721 2844 742 2862 ¹⁸
757 2846 844 2881 Apoc.
857 2853 878 2879 ι,
892 2849 918 2874 7.

644 189 905 217 THEOPHYLACTI
925 188 1104 217 BULGARIIE
1121 189 1279 219 ARCHIEP.

1772 189 1827 217 284

1023 252 1185 292 στρατιώτου
1211 254 1249 287 εἷς
1279 252 1361 283 τύπον
1389 253 1445 283 ἐστὶ
1472 256 1518 289 τ-’ἧς
1545 252 1724 293 στρεφομένης
1756 254 1825 292 ῥομ-

1027 297 1122 338 φαίας,
1137 298 1181 327 καὶ
1197 297 1350 335 κωλυούσης
1363 300 1435 337 ἡμᾶς
1453 299 1481 327 ἐκ
1492 301 1537 328 τοῦ
1554 297 1727 338 παραδείσου.
1745 295 1827 326 Ἐπεὶ

1028 342 1054 371 δὲ
1070 346 1122 371 πᾶν
1140 342 1169 372 τὸ
1187 343 1361 383 στρεφόμενον
1386 343 1431 373 ἐὰν
1456 343 1494 382 μή
1513 354 1565 372 τινι
1592 342 1760 382 συγκρούει-ῃ,
1777 341 1829 380 οὐχ

1027 386 1134 416 ἵσταται
1157 391 1202 417 τοῦ
1227 388 1293 418 ἰδίου
1321 388 1429 429 δρόμουι
1445 390 1459 417 ὁ
1484 387 1584 428 Κύριος
1612 386 1756 422 δεικνύων,
1785 385 1828 415 ὅτι

1026 431 1075 467 τὴν
1099 432 1231 473 ῥομφαίαν
1255 433 1358 470 ἐκείνην
1380 433 1490 472 στήσει,
1518 433 1673 468 ὑποτίθησιν
1698 433 1725 461 ἐν
1750 431 1828 471 τόπῳ

1026 477 1075 512 τὴν
1089 477 1206 517 πλευρὰν
1276 480 1322 508 τοῦ
1343 479 1505 518 στρατιώτου
1522 477 1639 518 ῥομφαίᾳ
1650 485 1657 492 ”
1673 475 1717 506 ἵνα
1734 477 1828 515 δειχθῇ

1027 524 1108 559 ἡμῖν,
1125 522 1166 551 ὅτι
1190 522 1280 564 ὥσπερ
1304 525 1320 559 ἦ
1345 525 1392 553 τοῦ
1418 522 1582 563 στρατιώτου
1605 523 1829 562 προσερεισθεῖσα

1026 569 1060 607 τῇ
1076 568 1179 608 πλευρᾷ
1196 567 1258 608 ἔστῃ
1269 592 1277 606 ,
1289 567 1356 598 οὕτω
1372 569 1417 598 καὶ
1441 571 1457 604 ἡ
1481 568 1590 609 φλογίνη
1610 568 1756 603 στήσεται,
1772 565 1823 595 καὶ

1027 613 1074 641 οὔκ
1089 611 1129 641 ἔτι
1144 611 1186 641 διὰ
1201 617 1247 642 τοῦ
1266 613 1426 654 στρέφεσθαι
1448 614 1611 649 ἀπειλοῦσα,
1636 612 1682 642 καὶ
1697 611 1829 648 ἐκδειμα-

1026 659 1108 685 τοῦσα
1122 657 1170 693 τὴν
1182 657 1280 688 εἴσοδον
1289 682 1297 694 ,
1311 658 1464 688 ἀποκλείσει
1475 660 1520 687 τοῦ
1534 657 1708 697 παραδείσου.
1721 656 1828 695 Αἰσχυ-

1026 701 1161 731 νέσθωσαν
1190 702 1337 743 Ἀρμένιοι,
1379 704 1403 733 οἱ
1431 703 1468 742 μὴ
1506 704 1720 742 παρακιρνῶντες
1752 701 1828 740 ὕδωρ

1026 747 1064 785 τῷ
1078 745 1140 787 οἴνῳ
1158 749 1184 777 ἐν
1199 748 1252 781 τοῖς
1271 748 1434 788 μυστηρίοις.
1458 749 1498 778 Οὗ
1515 747 1566 788 γὰρ
1583 746 1771 784 πιστεύουσιν,
1788 747 1826 779 ὣς

1025 790 1108 819 ἔοικεν
1119 814 1126 827 ,
1141 791 1182 821 ὅτι
1198 793 1242 822 καὶ
1268 793 1338 833 ὕδωρ
1354 793 1481 833 ἐξηνέχθη
1504 795 1551 829 τῆς
1572 793 1702 832 πλευρᾶς,
1725 791 1756 820 τὸ
1769 802 1828 819 πα·

1027 836 1211 877 ραδηξότερον,
1238 837 1308 867 ἀλλὰ
1333 837 1410 877 μόνον
1446 833 1531 876 αἷμα,
1555 838 1697 867 κάντεῦθεν
1725 838 1827 865 καθαι-

1031 880 1164 920 σόμϐολον
1198 885 1244 912 τοῦ
1279 878 1346 912 εἶναι
1376 884 1512 924 ἄνθρωπον
1543 881 1586 912 τὸν
1619 880 1825 922 σταυρωθέντα,

1063 983 1074 996 σι
1093 971 1146 1001 Καὶ
1168 972 1182 1001 ὁ
1194 972 1318 1012 ἑωρακὼς
1334 972 1538 1014 μεμαρτύρηκε,
1554 973 1600 1002 καὶ
1613 970 1724 1008 ἀληθινή
1739 970 1818 999 ἔστιν

1025 1016 1042 1049 ἡ
1060 1017 1192 1056 μαρτυρία
1215 1018 1303 1048 αὖτοῖῖ·
1321 1018 1441 1053 κάκεῖνος
1464 1014 1531 1047 οἶδεν
1555 1017 1597 1047 ὅτι
1621 1017 1708 1052 ἀληθῆ
1731 1014 1824 1053 λέγει,

1024 1059 1066 1088 ἵνα
1085 1061 1130 1090 καὶ
1145 1063 1220 1099 ὑμεῖς
1235 1063 1406 1099 πιστεύσητε.
1462 1062 1587 1102 Ἐγένετο
1603 1061 1629 1092 δὲ
1654 1063 1755 1097 ταῦτα,
1779 1058 1827 1088 ἵνα

1026 1106 1043 1139 ἧ
1072 1106 1165 1144 Γρασὴ
1188 1108 1316 1147 πληρωθῇ
1331 1119 1338 1125 ·
1354 1107 1468 1138 Ὀστοῦν
1494 1109 1524 1137 οὗ
1545 1105 1750 1147 συντριϐήσεται
1775 1104 1828 1134 ἐπ’

1027 1151 1115 1179 αὐτοῦ.
1135 1151 1189 1180 Καὶ
1208 1152 1288 1181 πάλιν
1305 1151 1382 1192 ἑτέρα
1407 1152 1501 1193 Γραφὴ
1516 1151 1598 1191 λέγει·
1621 1151 1758 1191 Ὄψονται
1784 1149 1824 1182 εἷς

1026 1195 1054 1223 ὃν
1071 1194 1251 1232 ἐξεκέντησαν.
1270 1210 1282 1223 ι
1296 1198 1337 1226 Οὖ
1353 1197 1416 1238 παρ’
1439 1197 1552 1236 ἑτέρων,
1574 1195 1671 1237 φησὶν,
1696 1194 1802 1231 ἤκουσα
1814 1215 1824 1232 ,

1028 1239 1086 1268 ἀλλ’
1103 1240 1178 1273 αὐτὸς
1194 1240 1287 1280 παρὼν
1303 1237 1388 1276 εἶδον,
1411 1256 1424 1268 κ
1444 1241 1490 1272 καὶ
1514 1241 1614 1278 ἀληθής
1630 1242 1701 1271 ἐστιν
1716 1241 1733 1275 ἡ
1752 1249 1827 1278 μαρο

1027 1283 1116 1324 τυρία.
1137 1299 1148 1311 η
1175 1285 1300 1320 Εἰκότως.
1317 1285 1418 1326 ’Υϐριν
1437 1286 1488 1326 γὰρ
1512 1285 1658 1326 γενομένην
1675 1285 1827 1323 ἐξηγεῖται,

1029 1329 1089 1358 ἄλλ’
1103 1330 1133 1358 οὐ
1153 1330 1223 1369 μέγα
1246 1343 1271 1360 τι
1296 1331 1342 1360 καὶ
1368 1331 1491 1370 ἔντιμον,
1512 1331 1557 1360 ἵνα
1583 1329 1753 1369 ὑποπτεύσῃς
1778 1327 1826 1358 τὸν

1029 1374 1104 1413 λόγον
1115 1386 1121 1393 ·
1134 1375 1202 1405 ἀλλὰ
1217 1375 1260 1406 διὰ
1275 1379 1365 1414 τοῦτο,
1385 1378 1466 1416 φησὶ,
1482 1379 1568 1406 ταῦτα
1585 1375 1826 1416 ἀκριϐολογοῦμαι,

1029 1419 1124 1448 καὶτὰ
1152 1420 1296 1461 ἐφύϐριστα
1320 1422 1446 1451 δοκοῦντα
1469 1423 1504 1455 εἷς
1527 1421 1607 1460 μέσον
1629 1419 1760 1460 παρᾶγω,
1780 1417 1827 1447 ἵνα

1031 1465 1104 1502 ὑμεῖς
1117 1465 1276 1501 πιστεύσητε
1295 1467 1331 1500 ὥς
1346 1467 1456 1502 ἀληθέσι
1479 1466 1603 1502 πάντως,
1618 1465 1664 1495 καὶ
1679 1464 1739 1504 οὖχὶ
1759 1462 1827 1503 πρὸς

1029 1509 1107 1549 χάριν
1135 1513 1303 1542 συντιθεῖσιν.
1351 1511 1386 1542 '0
1411 1511 1462 1551 γὰρ
1486 1511 1552 1552 πρὸς
1577 1511 1657 1551 χάριν
1678 1509 1764 1548 λέγων
1789 1507 1826 1537 τὰ

1032 1554 1119 1589 ἔνδοξα
1133 1556 1233 1593 μᾶλλον
1249 1556 1360 1592 τίθησιν.
1386 1556 1466 1586 Ἐπεὶ
1479 1556 1506 1586 δὲ
1522 1558 1536 1586 ὁ
1549 1558 1650 1591 Μωσῆς
1666 1552 1824 1589 ἀξιοπιστό-

1030 1600 1198 1641 τεροςμαῦτοῧ
1213 1600 1313 1639 ἐδόκει,
1333 1600 1448 1641 παράγει
1466 1601 1512 1631 καὶ
1532 1604 1623 1631 τοῦτον
1640 1599 1772 1639 μάρτυρα.
1785 1596 1826 1628 ⁸0

1026 1644 1077 1684 γὰρ
1095 1639 1165 1673 εἶπεν
1183 1645 1278 1679 ἐκεῖνος
1300 1645 1362 1685 περὶ
1375 1639 1432 1675 ’τοῦ
1456 1647 1483 1675 ἐν
1506 1646 1544 1686 τῷ
1575 1645 1676 1685 Πάσχα
1696 1642 1826 1681 θυομένου

1029 1690 1129 1727 ἀμνοῦ,
1157 1703 1168 1715 ι
1184 1688 1298 1720 Ὀστοῦν
1318 1691 1347 1720 οὗ
1372 1690 1590 1731 συντριϐήσεται,
1609 1703 1621 1716 ιι
1643 1689 1720 1718 τοῦτό
1745 1699 1826 1728 φησιν

1027 1735 1040 1762 ὁ
1064 1734 1252 1773 εὐαγγελιστὴς
1276 1736 1450 1775 πληρωθῆναι
1473 1736 1518 1764 ἐπὶ
1542 1735 1671 1774 Χριστοῦ.
1715 1733 1750 1763 Ὁ
1773 1732 1825 1772 γὰρ

1028 1778 1108 1815 ἀμνὸς
1136 1780 1248 1816 ἐκεῖνος,
1273 1779 1368 1809 τούτου
1390 1780 1470 1813 τύπος
1486 1775 1516 1816 ἦν
1528 1791 1535 1798 ·
1552 1779 1601 1809 καὶ
1616 1778 1702 1814 πολλή
1717 1780 1734 1814 ἡ
1758 1789 1826 1816 συγ-

1027 1823 1113 1862 γένεια
1129 1824 1222 1854 τούτου
1239 1824 1302 1864 πρὸς
1318 1824 1366 1860 τὴν
1383 1824 1519 1860 ἀλήθειαν.
1562 1825 1718 1864 Πληριίὖται
1735 1821 1763 1851 δὲ
1778 1822 1826 1852 καὶ

1027 1867 1104 1907 ἑτέρα
1125 1869 1273 1909 προφητεία
1291 1871 1307 1905 ἡ
1325 1869 1440 1908 λέγουσα
1452 1881 1459 1888 ·
1488 1880 1503 1898 ιι
1520 1868 1654 1909 Ὄψονται
1681 1869 1718 1901 εἷς
1738 1867 1766 1896 ὃν
1784 1866 1827 1901 ἒξ-

1027 1913 1178 1949 εκέντησαν.
1197 1927 1208 1939 υ
1232 1913 1302 1944 Ὀτε
1321 1913 1373 1954 γὰρ
1389 1913 1495 1954 ἔρχεται
1510 1915 1618 1953 κρῖναι,
1641 1912 1701 1943 τότε
1715 1912 1827 1947 ὄψονται

1029 1958 1107 1987 αὐτὸν
1131 1959 1157 1987 ἐν
1183 1957 1288 1996 σώματι
1316 1958 1446 1998 κρείττονι
1475 1958 1521 1988 καὶ
1549 1957 1749 1997 θεοειδεστέρῳ,
1778 1956 1825 1986 καὶ

1027 2006 1179 2042 γνωριοῖῐσιν
1192 2004 1215 2032 οἱ
1233 2003 1438 2039 ἐκκεντήσαντες
1450 2025 1458 2040 ,
1475 2003 1521 2033 καὶ
1534 2003 1670 2044 κόψονται.
1690 2003 1731 2032 Οὐ
1747 2004 1826 2031 τοῦτο

1028 2047 1056 2076 δὲ
1072 2047 1166 2086 μόνον,
1183 2048 1243 2076 ἀλλ’
1264 2048 1304 2077 ὅτι
1325 2049 1371 2077 καὶ
1398 2051 1451 2081 τοῖς
1471 2047 1614 2087 μέλλουσιν
1634 2048 1754 2076 ἀπιστεῖν
1781 2047 1826 2076 πί-

1028 2104 1110 2126 στεως
1135 2092 1200 2132 θύρα
1224 2093 1270 2121 καὶ
1293 2092 1425 2126 ἀπόδειξις
1443 2089 1475 2129 ἦν
1498 2093 1528 2123 τὸ
1548 2092 1679 2130 τολμηθὲν
1698 2091 1750 2121 ὕπὸ
1771 2093 1826 2121 τῶν

1028 2138 1147 2178 ἐχθρῶν,
1174 2133 1226 2166 οἷον
1243 2138 1280 2177 τῷ
1304 2138 1404 2178 Θωμᾷ.
1434 2138 1489 2168 Καὶ
1514 2136 1564 2177 γὰρ
1588 2138 1630 2166 διὰ
1646 2139 1694 2173 τῆς
1709 2140 1826 2178 πλευρᾶς

1029 2181 1160 2217 ἐπιστώθη
1183 2182 1266 2222 τούτῳ
1282 2185 1299 2218 ἡ
1325 2182 1480 2216 ἀνάστασις,
1524 2182 1637 2213 Ὀστοῦν
1662 2181 1709 2220 μὲν
1731 2177 1775 2211 οὖν
1795 2181 1826 2210 οὗ

1028 2226 1232 2266 συντριϐήσεται
1254 2229 1292 2267 τῷ
1316 2226 1419 2264 Ἰησοῦ·
1447 2226 1552 2267 πλευρὰ
1576 2227 1604 2256 δὲ
1629 2227 1710 2256 αὐτοῦ
1736 2225 1826 2264 βλύζει

1027 2273 1092 2308 ἡμῖν
1107 2271 1153 2304 τὰς
1167 2273 1214 2306 τῆς
1232 2272 1380 2306 οὖσιώσεως
1395 2273 1472 2310 ἡμῶν
1494 2272 1540 2302 καὶ
1562 2273 1608 2307 τῆς
1624 2271 1751 2306 ζωώσεως
1766 2283 1824 2307 πη-

1029 2317 1086 2356 γάς³
1113 2316 1184 2356 ὕδωρ
1209 2316 1272 2354 μὲν,
1296 2319 1343 2353 τῆς
1367 2317 1474 2351 οὐσίας·
1501 2317 1535 2346 δι’
1564 2318 1644 2346 αὐτοῦ
1670 2315 1720 2355 γὰρ
1743 2316 1778 2349 εἰς
1795 2314 1826 2344 τὸ

1028 2356 1095 2391 εἶναι
1109 2361 1269 2401 Χριστιανοὶ
1285 2361 1428 2402 ἐρχόμεθον
1452 2361 1482 2392 τὸ
1505 2361 1532 2391 δὲ
1554 2357 1642 2400 αἷμα,
1667 2363 1714 2397 τῆς
1739 2361 1825 2396 ζωῆς·

1028 2406 1061 2436 δι’
1076 2407 1157 2436 αὖτοῦ
1171 2407 1223 2446 γὰρ
1240 2406 1405 2446 τρεφόμεθα.
1447 2406 1542 2445 Ἄμνὸς
1555 2407 1607 2446 γάρ
1622 2406 1693 2435 ἐστιν
1711 2406 1725 2434 ὁ
1740 2405 1826 2444 Λόγος

1027 2454 1073 2481 τοῦ
1088 2452 1175 2488 Θεοῦ,
1192 2451 1220 2481 ὃν
1235 2452 1362 2485 ἐσθίοντες
1381 2451 1434 2480 ἀπὸ
1449 2452 1567 2492 κεφαλῆς
1583 2451 1646 2491 ἄχρι
1662 2451 1761 2486 ποδῶν,
1777 2462 1826 2479 κε-

1028 2497 1112 2535 φαλῆς
1128 2496 1192 2534 μὲν,
1215 2499 1262 2532 τῆς
1274 2496 1394 2532 θεότητος
1408 2505 1415 2513 ·
1433 2495 1500 2532 αὕτη
1522 2496 1574 2536 γὰρ
1595 2495 1698 2536 κεφαλὴ
1713 2504 1719 2511 ⁸
1734 2495 1823 2524 ποδῶν

1029 2541 1072 2577 δὲ,
1086 2543 1133 2577 τῆς
1158 2541 1270 2581 σαρκός·
1286 2540 1353 2576 αὕτη
1369 2541 1420 2581 γὰρ
1442 2540 1475 2569 τὰ
1490 2540 1604 2581 ἔσχατα.
1628 2538 1693 2570 Ἔτι
1709 2539 1761 2579 μὴν
1776 2539 1824 2569 καὶ

1028 2585 1062 2616 τὰ
1077 2585 1196 2615 ἐντόσθια
1211 2587 1289 2614 αὐτοῦ
1300 2609 1308 2622 ,
1326 2585 1359 2615 τὰ
1381 2585 1514 2625 μυστήρια
1530 2585 1575 2615 καὶ
1592 2584 1690 2626 κρύφια
1704 2583 1825 2618 εὐλαϐῶς

1029 2630 1307 2671 ἐμϐρωματιζόμενοι,
1333 2630 1366 2660 τὰ
1382 2631 1448 2660 ὀστᾶ
1470 2632 1499 2660 οὗ
1526 2630 1717 2670 συντρίϐομεν,
1738 2641 1824 2659 τουτ-

1025 2676 1110 2712 έστιν,
1132 2677 1165 2705 τὰ
1190 2675 1375 2715 δυσκολώτερα
1399 2677 1452 2705 τῶν
1477 2676 1617 2713 νοημάτων
1632 2675 1676 2703 καὶ
1693 2673 1818 2714 ἐμϐριθέ-

1024 2732 1115 2761 στερα.
1160 2720 1191 2751 Ἃ
1205 2720 1256 2760 γὰρ
1276 2722 1305 2750 οὗ
1325 2721 1460 2759 δυνάμεθα
1483 2723 1596 2756 νοῆσαι,
1612 2722 1696 2748 ταῦτα
1712 2720 1740 2748 οὐ
1757 2730 1825 2748 συν-

1024 2766 1171 2806 τρίψομεν,
1193 2765 1344 2804 τουτέστιν,
1360 2767 1390 2795 οὖ
1411 2765 1599 2803 σπουδάσομεν
1622 2766 1716 2800 νοῆσαι
1735 2765 1828 2798 κακῶς
