1927 3076
98 169 158 197 285

99 231 150 261 καὶ
179 231 505 272 παρακεκινδυνευμένως,

98 278 220 314 νοῶμεν,
237 277 296 306 τότε
317 278 346 306 οὗ
369 277 553 317 συντρίϐομεν·
576 279 637 317 ὑγιῆ
660 279 711 319 γὰρ
734 279 900 319 φυλάττομεν

98 321 136 350 τὰ
152 322 220 351 θεῖα.
260 321 350 352 Ὅταν
375 322 403 351 δὲ
427 322 677 362 παραϐιασώμεθα,
707 324 754 353 καὶ
771 325 900 364 αἱρετικὸν

98 366 191 404 νόημα
220 366 420 405 ὗποδιξώμεθα,
451 367 624 407 συντρίίομεν
653 367 699 398 καὶ
723 369 901 407 κατακλῶμεν

99 411 133 440 τὸ
150 411 261 452 στεῤῥὸν
277 411 322 441 καὶ
337 411 567 451 δυσκατέργαστον
590 412 690 451 νόημα.
746 414 839 443 Καίειν
856 409 901 444 οὖν

99 456 135 485 τὰ
151 459 263 485 τοιαῦτα
275 456 328 496 χρὴ
345 456 423 496 πυρὶ,
434 457 555 486 τουτέστι
565 478 573 492 ,
589 459 627 498 τῷ
642 457 781 497 Πνεῦματι
801 458 901 488 διδόναι

99 501 137 530 τὰ
158 503 270 530 τοιαῦτα
311 502 459 540 δυσνόητα,
493 502 526 531 δι’
555 497 584 531 οὗ
612 504 819 543 κατεργάζονται
855 504 901 533 καὶ

99 546 288 583 λεπτύνονται,
303 547 338 580 ὣς
357 546 447 576 πάντα
462 547 617 588 ἕρευνῶντος
629 570 638 586 ,
653 548 698 578 καὶ
715 548 748 578 τὰ
768 549 837 589 βάθη
853 551 899 579 τοῦ

100 592 189 622 Θεοῦ.

146 649 160 662 ι
177 636 254 666 Μετὰ
267 639 350 666 ταῦτα
365 636 489 676 ἠρώτησε
503 637 547 667 τὸν
563 638 682 669 Πιλάτον
698 638 797 679 Ἰωσὴφ
813 639 827 668 ὃ
848 638 900 668 ἀπὸ

103 681 299 722 Ἁριμαθαίας,
324 681 360 711 ὢν
385 681 505 720 μαθητὴς
529 685 575 713 τοῦ
596 683 703 721 Ἰησοῦ,
721 684 900 724 κεκρυμμένος

105 726 134 755 δὲ
156 726 200 755 διὰ
217 727 259 756 τὸν
284 726 363 767 φόϐον
387 729 440 756 τῶν
456 727 607 765 Ἰουδαίων,
630 728 674 758 ἵνα
699 729 749 768 ἄρῃ
767 728 796 758 τὸ
821 730 900 766 σῶμα

105 774 154 800 τοῦ
173 770 276 813 Ἰησοῦο
289 762 347 801 ’καὶ
370 772 512 813 ἐπέτρεψεν
527 775 541 802 ὁ
558 762 684 807 Πιλάτος.
718 762 723 768 Ι
737 762 840 804 ὶᾶἨλθεν
855 762 899 803 οὖν

107 815 157 844 καὶ
181 812 229 856 ἦρι
245 817 273 846 τὸ
298 819 377 855 σῶμα
391 819 436 846 τοῦ
454 812 554 853 Ἰησοῦ.
609 813 695 848 ’Ἦλθε
710 818 737 848 δὲ
752 818 798 848 καὶ
815 818 899 849 Νικό-

108 862 210 898 δημος,
230 863 244 890 ὃ
256 861 337 891 ἐλθὼν
361 861 426 902 πρὸς
446 862 490 892 τὸν
507 862 612 898 Ἰησοῦν
628 863 721 898 νυκτὸς
735 863 766 893 τὸ
781 865 900 904 πρῶτον,

105 906 197 945 φέρων
221 906 307 944 μίγμα
327 906 445 948 σμιῖιρνης
465 908 511 936 καὶ
538 907 618 943 ἀλόης
642 908 706 938 ὡσεὶ
728 908 819 948 λίτρας
833 910 901 938 ἑκα-

103 949 162 980 τόν.
207 949 328 981 Ἕλαϐον
351 947 395 981 οὖν
409 951 439 980 τὸ
455 953 534 990 σῶμα
554 956 600 982 τοῦ
614 952 719 992 Ἰησοῦ,
740 947 786 982 καὶ
803 953 899 989 ἔδησαν

104 995 172 1023 αὐτὸ
193 995 220 1024 ἓν
249 995 356 1029 ὀθονίοις
373 995 443 1034 μετὰ
467 998 519 1026 τῶν
545 997 713 1037 ἀρωμάτων,
735 997 822 1031 καθὼς
845 998 902 1032 ἔθος

101 1040 159 1068 ἐστὶ
178 1045 231 1073 τοῖς
246 1040 384 1074 Ἰουδαίοις
399 1042 572 1081 ἐνταφιάζειν,
597 1037 650 1071 ’Ἦν
672 1041 698 1071 δὲ
714 1045 741 1072 ἐν
755 1043 794 1083 τῷ
808 1042 899 1083 τόπῳ,

100 1083 168 1114 ὅπου
185 1085 338 1127 ἐσταυρώθη
350 1108 358 1121 ,
383 1088 482 1121 κῆπος,
504 1086 550 1116 καὶ
571 1088 598 1116 ἐν
614 1089 652 1127 τῷ
674 1087 754 1125 κήπῳ
771 1088 900 1125 μνημεῖον

101 1129 193 1158 καινὸν
204 1151 212 1165 ,
230 1131 257 1159 ἐν
273 1125 295 1170 ᾧ
310 1130 414 1160 οὐδέπω
433 1130 517 1164 οὐδεὶς
537 1131 623 1168 δτέθη.
638 1125 720 1161 ’Ἐκιῖ
733 1127 778 1161 οὖν
794 1132 837 1161 διὰ
852 1131 901 1167 τὴν

99 1174 275 1214 παρασκευὴν
296 1176 349 1204 τῶν
371 1175 521 1212 Ἰουδαίων,
547 1176 587 1205 ὅτι
612 1175 688 1215 ἔγγὺς
715 1173 747 1212 ἦν
774 1177 804 1206 τὸ
829 1189 900 1214 μνη·

101 1223 194 1257 μεῖον,
221 1219 320 1255 ἔθηκαν
335 1219 379 1249 τὸν
394 1219 510 1256 Ἰησοῦν.
536 1232 550 1250 n
569 1221 649 1254 Τίνος
674 1221 761 1251 ἕνεκεν
789 1222 840 1262 οὐχ
864 1217 900 1255 εἶς

99 1265 153 1292 τῶν
184 1264 285 1293 δώδεκα
311 1267 446 1304 προσῆλθε
475 1267 513 1305 τῷ
546 1266 679 1306 Πιλάτῳ,
708 1267 767 1296 ἀλλ’
789 1267 818 1295 ἐκ
846 1268 899 1295 τῶν

99 1308 285 1346 ἑϐδομήκοντα
307 1308 371 1342 ἴσως
389 1308 426 1338 ὢν
450 1311 464 1338 ὁ
493 1309 613 1351 Ἰωσὴφ,
643 1312 731 1352 τολμᾷ
761 1313 897 1350 τοιοῦτον;

100 1354 134 1382 Εἰ
148 1353 199 1392 γὰρ
216 1353 259 1382 διὰ
281 1353 324 1382 τὸν
346 1353 427 1393 φόϐον
442 1355 494 1383 τῶν
507 1354 647 1385 Ἰουδαίων
663 1355 733 1386 εἴποι
747 1367 787 1389 τις
802 1356 898 1396 κεκρύ-

101 1400 166 1438 φθαι
181 1397 241 1431 τοὺς
257 1398 398 1440 μαθητας,
423 1399 470 1429 καὶ
495 1395 569 1434 οὗτος
592 1402 630 1440 τῷ
658 1401 730 1440 αὖτῷ
757 1395 899 1440 κατείχετο

101 1442 187 1483 φόϐῳ.
230 1441 325 1473 Ἔστιν
341 1439 386 1472 οὖν
408 1445 491 1474 εἰπεῖν
502 1467 510 1482 ,
527 1444 567 1474 ὅτι
589 1439 691 1485 σ’ρόδρα
707 1439 840 1484 ἐπίσημος
849 1439 898 1482 ἦν,

101 1487 147 1516 καὶ
163 1489 200 1528 τῷ
215 1489 326 1528 Πιλάτῳ
341 1487 471 1528 γνώριμος
484 1488 528 1518 διὰ
545 1489 574 1519 τὸ
595 1490 708 1524 ἔνδοξον.
750 1489 834 1520 εὈθεν
851 1490 897 1520 καὶ

100 1533 210 1571 νομίσας
225 1533 368 1568 σϐεσθῆναι
390 1533 438 1570 τὴν
453 1534 548 1573 ὀργὴν,
573 1536 608 1568 ὡς
623 1535 675 1571 ἤδη
691 1535 896 1576 ἐσταυρωμένου

493 169 690 198 ENARRATIO
709 170 743 198 IN
762 170 976 200 EVANGELIUM
989 170 1138 200 JOANNIS.
1159 185 1194 192 —
1211 171 1286 200 CAP.
1306 172 1369 200 XlX.

554 232 641 263 Ὅταν
668 233 717 272 μὲν
743 234 795 274 γὰρ
822 235 894 273 ὑγιῶι

954 235 1102 269 sentimus,
1116 237 1181 262 tunc
1199 241 1256 262 non
1273 234 1440 263 conterimus
1455 243 1463 264 :
1485 243 1549 264 sana
1569 235 1643 264 enim
1663 243 1755 265 servs-

956 287 1018 308 mus
1041 279 1145 308 divina.
1167 279 1282 314 Quando
1301 283 1392 307 autem
1416 280 1576 308 torserimus
1597 285 1625 309 et
1643 281 1752 310 haereti-

956 332 1020 352 cum
1043 331 1157 352 sensum
1180 323 1375 360 acceperimus,
1399 325 1568 352 conterimus
1588 329 1615 353 et
1633 325 1739 354 conirin

955 369 1047 405 gimus
1065 369 1187 397 solidum
1212 373 1241 397 et
1264 368 1406 397 difﬁcilem
1429 376 1552 397 sensum.
1583 369 1670 405 Igitur
1692 369 1753 399 hinc

955 413 1077 442 difﬁcilia
1097 414 1239 442 intellectu
1263 413 1320 450 igni
1344 413 1478 442 tradenda
1505 417 1584 448 sunt,
1616 414 1668 442 hoc
1695 419 1752 449 est,

955 459 1066 496 Spiritui
1083 463 1190 492 sancto,
1207 466 1256 495 per
1269 467 1350 494 quem
1365 458 1549 487 conﬁciuntur
1561 463 1588 487 et
1599 463 1753 487 extenuan-

955 508 1010 538 tur,
1044 513 1077 533 eo
1107 504 1182 541 quod
1211 505 1305 533 omnia
1333 509 1484 540 scrutatur,
1507 505 1590 534 etiam
1614 504 1752 542 profunda

956 550 1004 578 Dei
1020 549 1051 577 ".

990 641 1077 669 Vsns.
1095 643 1188 669 38-42.
1208 651 1222 665 α
1244 640 1369 669 Posthac
1389 643 1482 669 autem
1507 640 1613 677 rogavit
1632 640 1752 670 Pilatum

953 685 1054 722 Joseph
1074 685 1293 719 Arimathiensis,
1307 686 1354 721 qui
1372 690 1431 714 erat
1449 685 1596 722 discipulus
1610 686 1687 720 Jesu,
1705 685 1752 714 sed

954 731 1077 759 occultus
1086 735 1196 767 propter
1206 734 1313 759 metum
1325 730 1496 764 Judazorum,
1508 734 1538 758 ut
1552 730 1635 766 757
1645 730 1755 758 tolleret

955 783 1054 812 corpus
1074 777 1140 804 Jesu
1157 785 1163 804 :
1180 775 1263 812 idque
1277 776 1399 812 permisit
1413 776 1523 804 Pilatus.
1542 775 1626 803 Venit
1644 783 1710 812 ergo
1724 779 1754 804 et

955 821 1019 848 tulit
1039 828 1139 856 corpus
1158 821 1232 848 Jesu.
1251 821 1333 849 Venit
1351 824 1444 849 autem
1462 825 1490 848 et
1504 820 1683 854 Nicodemus.
1706 820 1752 856 qui

955 869 1065 893 venerat
1087 865 1121 894 ad
1139 866 1234 894 Jesum
1247 869 1329 893 nocte
1347 865 1480 901 primum,
1496 864 1588 893 ferens
1601 865 1751 892 mixturam

955 910 1074 946 myrrhae
1088 914 1116 938 et
1129 910 1202 938 aloes
1213 909 1247 938 ad
1257 910 1339 938 libras
1349 910 1434 938 ferme
1443 913 1566 938 centum.
1578 911 1753 945 Acceperunt

954 962 1020 990 ergo
1038 962 1138 990 corpus
1155 955 1232 988 Iesu.
1253 958 1282 982 et
1300 954 1481 982 obvinxerunt
1500 953 1565 982 illud
1582 954 1673 981 linteis
1687 961 1752 982 cum

953 999 1132 1032 aromatibus,
1161 999 1232 1027 sicut
1258 1007 1320 1026 mos
1343 1003 1385 1027 est
1401 998 1504 1027 Judzeis
1530 998 1658 1035 sepelire.
1685 999 1752 1026 Erat

953 1048 1044 1072 autem
1063 1044 1090 1071 in
1104 1044 1166 1072 loco
1185 1043 1230 1071 ubi
1242 1044 1388 1072 cruciﬁxus
1402 1047 1444 1072 est
1458 1043 1566 1076 hortus,
1581 1047 1609 1071 et
1627 1043 1655 1071 in
1669 1043 1750 1071 horto

954 1093 1166 1117 monumentum
1190 1096 1312 1123 novum,
1334 1088 1362 1116 in
1381 1096 1436 1124 quo
1458 1088 1581 1116 nondum
1603 1088 1750 1124 quisquam

953 1134 1058 1169 positus
1076 1137 1144 1162 erat.
1163 1133 1204 1162 lbi
1226 1141 1292 1170 ergo
1314 1137 1427 1170 propter
1445 1141 1612 1169 parasceven
1636 1132 1748 1161 Iudaeo-

953 1186 1028 1212 rum,
1048 1179 1121 1214 quod
1140 1179 1168 1206 in
1189 1179 1343 1215 propinquo
1363 1182 1434 1206 esset
1464 1182 1678 1206 monumentum
1701 1186 1751 1214 po-

953 1227 1066 1251 suerunt
1088 1225 1193 1252 Iesum.
1216 1235 1229 1248 n
1253 1224 1345 1258 Quare
1370 1231 1426 1251 non
1450 1231 1522 1251 unus
1546 1231 1579 1251 ex
1600 1222 1748 1251 duodecim

951 1269 1068 1296 accessit
1081 1269 1116 1296 ad
1130 1268 1259 1302 Pilatum,
1270 1268 1317 1296 sed
1327 1267 1442 1303 Ioseph,
1456 1268 1502 1304 qui
1512 1267 1582 1296 forte
1596 1275 1628 1296 ex
1642 1269 1750 1304 septua-

951 1313 1026 1350 ginta
1043 1317 1112 1347 erat,
1131 1313 1213 1342 audet
1230 1313 1303 1342 hoc?
1316 1314 1388 1341 Nam
1411 1313 1435 1341 si
1451 1317 1561 1348 propter
1579 1317 1687 1341 metum
1701 1314 1750 1341 Ju-

951 1358 1077 1386 dmorum
1103 1357 1203 1386 dixerit
1223 1358 1284 1394 quis
1306 1357 1448 1386 delituisse
1469 1357 1628 1394 discipulos.
1653 1362 1680 1386 et
1706 1357 1751 1386 hic

952 1402 1052 1431 eodem
1073 1407 1217 1440 correptus
1242 1402 1334 1431 fuerat
1353 1403 1463 1430 timore.
1492 1403 1646 1430 Dicendum
1667 1403 1751 1439 igitur

951 1448 1027 1484 quod
1047 1447 1092 1476 hic
1108 1448 1186 1476 valde
1203 1447 1304 1476 nobilis
1319 1447 1413 1482 fuerit,
1427 1452 1454 1475 et
1470 1447 1557 1475 Pilato
1578 1452 1670 1482 notus,
1686 1447 1749 1483 quia

951 1493 1053 1521 nobilis
1066 1498 1133 1521 erat.
1145 1493 1227 1522 Unde
1239 1501 1305 1522 cum
1318 1493 1501 1521 existimasset
1513 1493 1673 1520 exstinctam
1689 1499 1750 1521 esse

950 1538 1112 1567 Iudaeorum
1127 1538 1196 1566 iram
1215 1546 1248 1566 eo
1260 1537 1336 1574 quod
1351 1538 1523 1566 adversarius
1537 1537 1589 1565 illis
1604 1538 1749 1566 cruciﬁxus

98 1581 143 1606 τοῦ
157 1578 274 1607 ἐναντίου
296 1579 398 1615 αὐτοῖς,
423 1579 491 1617 μετὰ
507 1579 596 1613 ἀδείας
618 1579 760 1619 πρόσεισι,
783 1582 828 1610 καὶ
844 1592 894 1610 πο·

951 1591 1023 1611 nunc
1040 1588 1123 1617 esset,
1142 1583 1246 1620 absque
1268 1591 1368 1620 pavore
1381 1582 1496 1615 accedit,
1517 1586 1545 1610 et
1561 1586 1749 1617 sumptuosam

98 1623 194 1659 λυτελῆ
216 1626 332 1652 ποιεῖται
357 1623 404 1659 τὴν
426 1624 512 1664 ταφὴν
528 1624 574 1653 σὺν
588 1625 626 1666 τῷ
646 1625 806 1666 Νικοδήμῳ,
822 1625 894 1656 οὐδὲν

99 1667 147 1706 μὲν
162 1670 230 1697 θεῖον
252 1668 313 1707 περὶ
335 1669 416 1698 αὐτοῦ
440 1669 632 1709 φανταζόμενοι
656 1671 817 1711 ἀμφότεροι,
835 1671 894 1700 ἀλλ’

99 1714 133 1745 ὡς
166 1713 227 1752 περὶ
254 1712 392 1752 ἀνθρώπου
421 1715 501 1753 ψιλοῦ
535 1714 716 1754 διακείμενοι,
759 1716 817 1745 ἐπεὶ
849 1715 894 1745 καὶ

99 1759 210 1786 τοιαῦτα
227 1757 348 1797 φέρουσιν
365 1758 511 1797 ἀρώματα,
536 1759 553 1788 ἃ
569 1759 687 1798 μάλιστα
710 1760 740 1789 τὸ
751 1763 831 1799 σῶμα
847 1760 896 1790 πέ-

98 1813 178 1840 φυκεν
201 1802 313 1832 ἐπιπολὺ
329 1803 479 1842 διατηρεῖν,
500 1803 546 1833 καὶ
566 1804 603 1843 μὴ
623 1807 771 1845 συγχωρεῖν
792 1805 895 1844 ταχέως

99 1846 227 1875 ἐνδιδόναι
290 1850 388 1888 φθορᾷ”
409 1847 475 1888 ὅπερ
498 1849 599 1878 ἐδείκνυ
615 1850 709 1883 αὐτοὺς
734 1850 808 1879 οὐδὲν
825 1850 894 1889 μίγα

97 1891 307 1931 φανταζομένους
325 1892 387 1932 περὶ
408 1893 499 1922 αὐτοῦ.
558 1893 638 1931 Πλὴν
667 1893 739 1932 ὅμως
752 1895 800 1931 τὴν
822 1896 894 1935 φιλο-

97 1936 220 1975 στοργίαν
243 1936 434 1967 ἐνδείκνυνται·
457 1939 486 1967 οὖ
507 1937 559 1978 γὰρ
583 1940 619 1972 ὡς
645 1939 792 1969 κατάδικον
815 1941 893 1969 ἐντα-

95 1980 242 2021 φιάζουσιν,
258 1982 328 2011 ἀλλὰ
349 1983 516 2017 πολυτελῶς,
537 1985 572 2016 ὡς
588 1983 645 2018 ἔθος
659 1988 714 2018 τοῖς
734 1984 890 2017 Ἰουδαίοις,

96 2025 176 2056 Ἐπεὶ
199 2026 227 2056 δὲ
250 2026 301 2056 ὑπὸ
324 2029 370 2056 τοῦ
394 2029 486 2067 καιροῦ
511 2028 661 2068 συνείχοντο
688 2029 815 2068 (ἐννοίτης
842 2030 890 2067 μὲν

95 2070 147 2110 γὰρ
168 2070 238 2110 ὥρας
263 2071 377 2111 ἐγεγόνει
399 2074 415 2107 ἡ
441 2073 568 2108 τελευτή·
595 2068 654 2103 εἶτα
679 2074 706 2102 ἐν
731 2076 769 2114 τῷ
795 2075 892 2113 μεταξὺ

98 2117 135 2156 τῷ
160 2115 273 2157 Πιλάτῳ
296 2115 476 2156 προσιόντων,
499 2118 543 2147 καὶ
565 2117 730 2148 καθελόντων
753 2121 783 2148 τὸ
799 2121 891 2157 σῶμα,

98 2160 165 2194 εἰκὸς
188 2156 220 2196 ἦν
247 2161 362 2201 ἑσπέραν
377 2161 594 2202 καταλαϐέσθαι,
610 2164 636 2192 ἐν
700 2163 773 2202 θέμις
798 2164 845 2193 οὗκ
861 2160 892 2200 ἧν

98 2205 261 2244 ἐργάσασθαι
289 2206 448 2246 μνημεῖον),
463 2207 579 2237 τιθέασιν
606 2208 685 2238 αὐτὸν
713 2209 750 2242 εἰς
767 2208 797 2238 τὸ
823 2209 893 2245 πλη-

950 1627 1015 1656 facit
1029 1628 1199 1664 sepulturam
1214 1636 1277 1656 cum
1295 1627 1458 1657 Nicodemo.
1481 1627 1556 1655 Nihil
1572 1626 1695 1655 divinum
1714 1626 1749 1655 de

949 1673 996 1701 illo
1006 1673 1089 1701 ambo
1101 1673 1266 1706 sentiebant,
1275 1673 1324 1701 sed
1334 1672 1515 1701 affectuerant
1529 1676 1561 1700 ut
1570 1679 1633 1708 erga
1647 1679 1747 1708 purum

949 1717 1093 1746 hominem
1115 1728 1122 1746 ε
1137 1718 1200 1754 quia
1216 1718 1278 1746 talia
1299 1717 1452 1746 efferebant
1470 1721 1605 1750 aromata.
1620 1724 1682 1753 qua:
1697 1724 1746 1752 po-

948 1762 1098 1790 tissimum‘
1108 1767 1223 1799 possent
1243 1771 1358 1798 corpora
1380 1762 1507 1790 diuturna
1527 1769 1700 1795 conservare,
1720 1765 1748 1790 et

948 1807 1074 1835 cohibere
1088 1815 1124 1835 ne
1147 1807 1240 1835 statim
1263 1811 1506 1843 corrumperentur
1527 1816 1534 1834 :
1555 1806 1630 1842 quod
1652 1810 1745 1834 osten-

948 1851 988 1879 dit
1006 1859 1053 1880 eos
1073 1851 1164 1879 adhuc
1184 1851 1252 1880 nihil
1275 1859 1406 1888 magnum
1427 1851 1462 1878 de
1486 1859 1519 1879 eo
1533 1851 1679 1886 cogitasse,
1699 1858 1748 1878 ve-

948 1901 1104 1924 rumtamen
1123 1904 1247 1924 amorem
1262 1904 1343 1924 suum
1365 1895 1514 1924 declarant.
1536 1897 1599 1924 Non
1617 1895 1690 1923 enim
1709 1903 1751 1923 se-

949 1941 1055 1978 peliunt
1080 1945 1110 1969 ut
1128 1941 1353 1973 condemnatum.
1373 1940 1422 1969 sed
1439 1944 1613 1976 sumptuose,
1635 1943 1665 1968 ut
1682 1947 1745 1968 mos

947 1990 989 2014 est
998 1985 1110 2014 Iudaeis.
1123 1986 1262 2022 Quoniam
1276 1990 1369 2014 autem
1382 1989 1507 2021 tempore
1520 1984 1746 2020 impediebantur

948 2032 979 2064 (si
994 2031 1104 2067 quidem
1124 2030 1190 2059 hora
1208 2038 1279 2058 nona
1292 2030 1360 2058 facta
1372 2034 1429 2058 erat
1447 2038 1523 2058 mors
1541 2039 1546 2057 :
1564 2029 1663 2058 deinde
1677 2037 1743 2057 cum

947 2076 973 2103 in
985 2076 1076 2104 medio
1089 2080 1214 2112 tempore
1227 2075 1405 2104 accessissent
1418 2074 1454 2102 ad
1469 2075 1588 2102 Pilatum
1604 2079 1632 2102 et
1643 2082 1743 2110 corpus

946 2121 1081 2155 tulissent,
1100 2121 1244 2149 verisimile
1265 2124 1325 2148 erat
1344 2127 1485 2156 vesperam
1507 2119 1652 2155 ingruisse.
1678 2127 1743 2147 cum

946 2173 1002 2193 non
1012 2165 1110 2193 licebat
1119 2169 1258 2194 exstruere
1273 2164 1511 2201 monumentum),
1523 2168 1630 2200 ponunt
1641 2172 1705 2192 eum
1717 2164 1745 2192 in

946 2210 1064 2238 vicinum
1088 2214 1313 2238 monumentum.
1335 2221 1350 2235 σι
1374 2211 1443 2238 Erat
1462 2210 1538 2238 enim
1561 2209 1590 2237 in
1613 2209 1674 2237 loco
1698 2209 1745 2237 ubi

98 2250 152 2278 σίον
169 2250 308 2288 μνημεῖον.
337 2261 350 2279 ιι
362 2246 419 2280 τΗν
434 2251 484 2291 γὰρ
500 2253 526 2281 ἐν
546 2254 584 2292 τῷ
608 2253 698 2293 τόπῳ,
714 2253 780 2282 ὅπου
796 2254 891 2283 ἐσταυ-

951 2255 1092 2284 cruciﬁxus
1113 2260 1166 2288 est,
1197 2255 1306 2290 hortus,
1330 2259 1358 2283 et
1377 2255 1404 2282 in
1426 2255 1508 2282 horto
1528 2258 1744 2282 monumentum

99 2295 184 2334 ρώθη,
205 2297 308 2331 κῆπος,
332 2296 377 2325 καὶ
404 2297 430 2325 ἐν
447 2298 484 2336 τῷ
507 2296 586 2338 κήπῳ
605 2298 735 2336 μνημεῖον
758 2298 859 2330 καινόν.
878 2313 891 2326 ι

97 2340 285 2377 Οἷκονομεῖται
311 2338 338 2369 δὲ
363 2340 477 2377 πλησίον
502 2336 624 2372 εἶναι-τὸ
652 2346 798 2381 μνημεῖον,
821 2343 890 2374 ὥστε

96 2383 141 2414 καὶ
176 2383 238 2417 τοὺς
271 2386 391 2423 μαθητὰς
425 2385 552 2416 δύνασθαι
589 2387 803 2427 παραγενέσθαι,
845 2389 891 2418 καὶ

96 2428 190 2462 θεατὰς
212 2428 258 2458 καὶ
288 2429 426 2470 μάρτυρας
452 2432 505 2460 τῶν
538 2431 685 2471 γινομένων
712 2427 796 2469 εἶναι,
821 2433 890 2463 ἀλλὰ

97 2473 142 2503 καὶ
165 2473 332 2512 στρατιώτας
358 2475 545 2511 ἀποσταλῆναι
560 2477 596 2510 εἷς
619 2476 758 2517 φυλακὴν,
783 2477 829 2507 καὶ
853 2478 890 2516 μὴ

98 2523 169 2558 σχεῖν
193 2517 285 2558 χώραν
299 2519 344 2548 τὸν
372 2519 433 2560 περὶ
452 2522 501 2556 τῆς
524 2522 626 2557 κλοπῆς
648 2521 737 2560 λόγον.
768 2520 890 2552 Ἀπαντα

97 2564 142 2592 οὐκ
158 2562 189 2592 ἂν
205 2562 273 2592 οὕτω
287 2563 456 2604 προέϐησαν,
476 2566 499 2594 εἶ
522 2566 616 2606 πόρῤω
631 2566 772 2596 ἐτέθαπτο.
797 2581 809 2593 ι
824 2569 891 2597 Και-

97 2607 136 2636 νὸν
152 2607 181 2637 δὲ
205 2607 235 2637 τὸ
251 2611 401 2647 μνημεῖον,
427 2610 454 2639 ἐν
476 2607 498 2650 ᾧ
521 2611 626 2641 οὐδέπω
651 2611 735 2645 οὐδεὶς
761 2611 855 2650 ἐτέθη,
873 2624 887 2641 ι

93 2652 134 2682 ἵνα
159 2651 197 2691 μὴ
219 2656 408 2694 συκοφαντηθῇ
431 2656 447 2690 ἡ
473 2654 631 2692 ἀνάστασις,
656 2657 691 2690 ὡς
716 2656 797 2686 ἄλλου
820 2659 884 2686 ἀνα-

96 2697 218 2735 στάντος,
234 2698 279 2727 mi
294 2698 354 2739 οὐχὶ
369 2702 415 2728 τοῦ
431 2699 534 2734 Ἰησοῦ.
554 2700 606 2730 Καὶ
626 2700 712 2734 ἄλλως
726 2701 755 2730 δέ
767 2711 774 2718 ·
789 2715 801 2727 ι
820 2703 887 2732 Και-

95 2741 135 2771 νὸν
148 2742 178 2772 τὸ
194 2748 340 2781 μνημεῖον,
361 2755 376 2772 ι
397 2743 566 2783 συμϐολικῶς
589 2745 682 2776 τούτου
707 2745 889 2786 δνλουμένου,

128 2830 148 2848 ¹⁹
163 2831 173 2858 l
187 2832 251 2866 Cor,
266 2839 301 2866 II,
318 2834 360 2861 ιο.

946 2308 1058 2329 novum.
1086 2311 1101 2325 ι
1129 2300 1262 2337 Singulari
1289 2304 1382 2328 autem
1409 2299 1611 2335 dispensatione
1641 2298 1744 2327 factum

946 2349 999 2379 cst,
1020 2350 1051 2374 ut
1065 2345 1095 2373 in
1114 2345 1270 2381 propinquo
1285 2349 1357 2373 esset
1370 2348 1597 2378 monumentum,
1617 2347 1649 2371 ut
1663 2343 1745 2372 disci-

945 2392 1000 2428 puli
1020 2396 1132 2428 possent
1150 2392 1256 2425 adesse,
1279 2396 1307 2420 et
1326 2396 1495 2428 spectatores
1510 2400 1542 2420 ac
1561 2395 1643 2419 teste
1657 2391 1748 2419 facto-

946 2446 1007 2465 rum
1022 2437 1091 2472 ﬁeri,
1108 2441 1136 2465 et
1150 2437 1254 2465 milites
1268 2437 1340 2464 mitti
1355 2441 1468 2473 possent
1481 2436 1517 2465 ad
1531 2436 1698 2470 custodiam,
1715 2439 1744 2465 et

946 2487 977 2510 ut
995 2486 1115 2511 cessaret
1135 2482 1229 2515 etiam,
1251 2486 1361 2518 propter
1381 2482 1484 2515 locum,
1509 2481 1574 2509 furti
1597 2482 1716 2518 suspicio
1735 2491 1742 2510 :

944 2535 1006 2563 quin
1025 2527 1118 2556 omnia
1133 2535 1190 2555 non
1212 2527 1398 2563 contigissent,
1423 2527 1447 2555 si
1461 2527 1555 2563 procul
1578 2526 1676 2554 fuisset
1697 2534 1742 2555 se-

945 2572 1047 2608 pultus.
1075 2584 1087 2597 ι
1114 2573 1223 2600 Novum
1237 2577 1331 2600 autem
1353 2575 1414 2601 erat
1437 2572 1604 2608 sepulcrum,
1631 2571 1658 2599 in
1684 2579 1740 2608 quo

945 2617 1038 2645 nullus
1060 2616 1150 2645 adhuc
1171 2622 1228 2645 erat
1243 2618 1371 2654 positus:
1396 2628 1410 2642 η
1436 2621 1468 2644 ut
1491 2625 1547 2644 non
1562 2616 1744 2644 calumnietur

942 2662 1001 2697 quis
1012 2662 1252 2697 resurrectionem,
1268 2662 1342 2699 quod
1356 2662 1426 2690 alius
1436 2660 1626 2693 resurrexerit.
1643 2664 1670 2688 et
1684 2669 1742 2688 non

941 2707 1030 2734 Jesus.
1049 2708 1085 2734 Et
1098 2707 1178 2735 aliter
1194 2715 1302 2744 quoque
1318 2717 1325 2736 :
1343 2718 1356 2731 ι
1372 2709 1481 2735 Novum
1495 2709 1708 2734 monumentum
1725 2716 1738 2730 ι

943 2751 1067 2787 symbolo
1079 2751 1202 2788 quodam
1218 2753 1376 2781 manifestat
1389 2751 1510 2780 futuram
1524 2749 1676 2778 novitatem
1693 2757 1744 2786 per
