1927 3076
184 168 236 194 287

690 164 947 193 THEOPHYLACTI
967 164 1145 193 BULGARIE
1163 164 1324 192 ARCHIEP.

1782 166 1834 193 288

181 228 351 265 sepulturam
361 226 478 256 Domini
486 231 582 255 contra
596 231 718 255 mortem
730 231 758 255 et
764 228 979 264 corruptionem,

1036 226 1077 257 ὅτι
1091 227 1248 266 καινοτομία
1272 226 1414 266 γενήσεται
1429 226 1473 256 διὰ
1497 228 1544 262 τῆς
1566 229 1652 268 ταφῆς
1666 229 1713 257 τοῦ
1735 227 1834 267 Κυρίου

183 278 210 302 et
225 272 299 309 quod
311 271 461 300 innowmdi
476 271 561 299 simus
575 279 672 299 omnes
687 272 715 299 in
731 272 787 300 illo.
803 272 874 300 Vide
888 277 980 300 autem

183 322 211 346 et
222 318 332 346 divitias
344 316 514 353 paupertatis
524 317 635 344 Domini
649 321 759 352 propter
771 325 829 345 nos.
847 318 898 351 Qui
909 317 980 345 enim

183 370 240 391 non
255 361 354 390 habuit
366 361 481 390 domum
496 361 524 388 in
539 361 605 394 vita,
620 369 710 397 neque
725 366 787 397 post
805 367 926 390 mortem
941 370 980 390 se-

184 407 310 443 pulcrum
323 405 414 440 habet,
430 405 479 434 sed
498 405 527 434 in
542 406 630 434 alieno
644 405 799 442 deponitur,
814 411 841 435 et
855 415 919 435 cum
931 415 981 434 nu-

183 452 237 480 dus
249 454 330 484 esset,
346 459 361 478 a
373 450 475 487 Joseph
489 451 611 479 vestitur.
633 452 679 479 Est
690 455 716 478 et
728 459 801 479 nunc
812 453 893 480 Jesus
905 459 980 479 mor-

183 501 258 531 tuus,
279 503 343 524 cum
364 495 497 524 occiditur
513 496 547 524 ab
574 496 661 524 avaris
683 500 712 524 et
734 496 871 531 violentis,
901 497 940 524 vel
966 505 981 524 a

183 541 257 570 fame
271 541 323 569 hoc
337 541 438 576 patitur
452 550 458 568 :
473 541 520 568 sed
530 541 559 568 et
571 540 663 569 nudus
673 540 758 576 758
772 545 813 568 est
826 551 832 568 :
850 549 981 577 quaecun-

183 593 237 623 que
251 585 325 614 enim
341 593 445 621 pauper
466 586 579 621 patitur,
595 585 720 614 Christus
738 586 851 621 patitur.
869 587 982 614 Imitare

184 635 212 660 et
225 635 256 658 tu
271 630 344 658 hunc
357 629 472 666 Joseph,
484 629 555 658 adde
566 629 670 666 aliquid
683 630 756 658 bono
771 630 887 666 (Joseph
906 631 981 659 enim

183 675 382 711 interpretatur
402 675 516 710 additz'o)
532 678 558 702 et
572 674 725 703 nuditatem
740 679 802 711 tege
824 675 937 709 Christi,
954 675 982 704 id

182 725 224 749 est
237 720 372 756 pauperis.
394 720 454 748 Hoc
465 723 558 748 autem
569 719 610 747 iac
622 728 679 748 non
688 720 785 754 semel,
800 724 828 748 et
840 720 868 748 in
881 728 982 748 monu-

183 769 278 794 mento
293 772 365 801 pone
379 765 492 798 animm,
517 767 545 792 et
558 772 667 800 semper
689 772 796 792 memor
811 769 870 792 esto
885 765 981 793 talium

183 817 312 846 operum,
326 809 473 845 cogitaque
489 813 516 837 et
530 817 605 837 cura.
624 809 751 838 Admisce
763 813 855 837 autem
868 813 896 837 et
911 817 983 846 myr-

182 854 261 882 rham
275 858 303 882 et
316 855 407 882 aloen.
423 856 527 882 Amara
542 858 570 881 et
583 853 724 882 mordacia
744 854 836 882 saeculi
851 854 922 882 illius
934 855 982 890 ju-

1036 271 1107 301 κατὰ
1126 274 1174 301 τοῦ
1189 271 1303 301 θανάτου
1320 271 1366 300 καὶ
1386 272 1434 306 τῆς
1458 273 1570 311 φθορᾶς,
1596 273 1642 301 καὶ
1666 272 1834 307 χαινισθηςό-

1037 319 1104 355 μεθα
1118 316 1214 350 πάντες
1229 317 1255 345 ἐν
1271 317 1354 356 αὐτῷ.
1391 315 1465 355 Ὅρα
1481 316 1510 345 δέ
1531 328 1577 354 μοι
1594 317 1640 346 καὶ
1661 316 1705 346 τὸν
1720 318 1835 347 πλοῦτον

1035 363 1082 398 τῆς
1097 364 1142 390 τοῦ
1161 361 1258 400 Κυρίου
1280 362 1314 390 δι’
1332 363 1404 399 ἡμᾶς
1425 360 1572 401 πτωχείας.
1591 361 1624 390 ’0
1642 361 1694 401 γὰρ
1712 361 1750 400 μὴ
1768 361 1835 401 ἔχων

1036 405 1121 435 οἰκίαν
1145 407 1172 435 ἐν
1188 408 1221 445 τῇ
1247 407 1316 445 ζωῇ,
1341 404 1400 434 οὐδὲ
1422 404 1490 442 μετὰ
1515 405 1627 435 θάνατον
1646 408 1740 444 μνῆμα
1758 406 1834 445 ἔχει,

1036 449 1094 479 ἀλλ’
1123 451 1148 479 ἐν
1185 450 1248 490 ξένῳ
1277 449 1464 479 κατατίθεται·
1492 450 1538 480 καὶ
1571 451 1669 490 γυμνὸς
1697 449 1754 487 ὢν,
1786 450 1836 479 ὑπὸ

1036 494 1136 535 Ἰωσὴφ
1162 495 1374 534 περιστέλλεται.
1399 492 1480 524 Ἐστι
1502 495 1547 524 καὶ
1568 498 1611 524 νῦν
1636 497 1650 524 ὁ
1670 495 1776 532 Ἰησοῦς
1797 507 1838 524 νε-

1036 540 1110 579 κρὸς,
1132 539 1182 569 ὑπὸ
1208 541 1260 568 τῶν
1286 539 1516 579 ἐπηρεαζόντωνῆ
1537 539 1769 570 πλεονεκτούντων
1797 551 1837 569 νε-

1036 583 1196 624 κρούμενος,
1218 583 1234 620 ἣ
1250 584 1301 612 ὑπὸ
1317 585 1397 622 λιμοῖῖ
1418 584 1498 613 ταύτὸ
1519 584 1644 624 πάσχων.
1691 585 1775 615 Ἀλλὰ
1791 585 1836 614 καὶ

1036 629 1144 668 γυμνός.
1165 627 1240 659 Ὅσα
1258 628 1308 668 γὰρ
1324 631 1337 658 ὁ
1351 629 1434 664 πένης
1449 628 1565 668 πάσχει,
1587 629 1702 669 Χριστὸς
1718 629 1832 668 «aqu.

1037 673 1164 712 Μίμησαι
1188 673 1234 702 καὶ
1258 672 1290 702 σὺ
1305 676 1350 702 νῦν
1367 673 1411 702 τὸν
1434 673 1545 714 Ἰωσήρσ
1561 673 1673 713 πρόσθες
1698 676 1736 713 τῷ
1762 675 1835 712 καλῷ

1037 718 1158 758 (Ἰωσὴφ
1174 717 1224 758 γὰρ
1250 718 1416 757 ιιπρόσθεσις
1439 730 1452 747 ι)
1483 719 1689 758 ἑρμηνεύεται),
1716 718 1764 747 καὶ
1787 717 1834 753 τὴν

1036 762 1170 801 γύμνωσιν
1185 762 1349 802 περίστειλον
1367 765 1412 792 τοῦ
1429 764 1556 802 Χριστοῦ,
1571 763 1628 799 ἤτοι
1647 765 1693 792 τοῦ
1711 763 1834 799 πένητος.

1036 808 1131 837 Ταῦτα
1147 807 1174 836 δὲ
1196 806 1324 844 ποίησον,
1351 806 1388 845 μὴ
1407 806 1495 844 ἅπαξ,
1515 809 1574 836 ἀλλ’
1599 809 1625 837 ἐν
1648 809 1688 848 τῷ
1711 807 1836 847 μνημείῳ

1038 851 1079 885 θὲς
1094 854 1140 887 τῆς
1150 853 1246 892 ψυχῆς,
1265 852 1310 880 καὶ
1325 851 1365 880 ἀεὶ
1383 851 1546 890 μνημόνευε,
1559 852 1604 882 καὶ
1617 852 1656 881 ἀεὶ
1666 852 1783 890 λογίζου,
1793 852 1837 880 χαὶ

182 899 252 927 dicia
276 899 371 927 animo
389 906 521 934 reponere
535 902 654 934 oportet,
672 903 698 926 et
714 907 808 927 vocem
829 898 903 926 illam
918 907 979 935 quae

1036 895 1151 936 ρρόντιζε
1173 899 1227 926 τῶν
1250 896 1376 925 τοιούτων
1399 896 1492 936 ἔργων.
1533 897 1709 937 Παραμίγνυε
1736 896 1764 926 δὲ
1790 896 1835 925 καὶ

181 942 343 971 maledictos
361 947 469 977 avocat,
489 947 516 970 et
539 943 566 970 in
581 942 672 978 ignem
687 943 772 971 mittit
785 943 978 972 immisericor-

179 987 239 1020 des,
255 995 310 1023 quo
324 987 391 1015 nihil
407 987 530 1016 amarius
543 991 619 1022 puto.

181 1027 270 1069 φωνὴν
299 1027 399 1070 ἐκείνην
425 1027 473 1064 τὴν
497 1027 699 1067 κατηραμένους
722 1029 928 1068 οἷποκιιιλοῖὶσαν⁷
952 1028 999 1058 καὶ
1027 1031 1064 1064 εἶς
1088 1033 1142 1070 πῦρ
1165 1029 1378 1069 ἀποπέμπουσαν
1403 1029 1464 1064 τοὺς
1487 1031 1683 1069 ἀνελεήμονας,

180 1073 335 1114 πικρότερον
350 1068 437 1112 οἶμαι.

476 1140 596 1169 CAPUT
614 1141 682 1169 XX.

180 1211 219 1238 De
246 1210 440 1237 resurrectione
466 1208 578 1237 Christi.
605 1211 644 1237 De
669 1209 838 1244 apparitione
862 1208 977 1240 Christi,

213 1247 333 1281 primum
349 1246 445 1272 Maria:
457 1245 638 1280 Magdalenw,
652 1245 750 1272 deinde
761 1246 864 1272 anteris
877 1247 978 1281 aposto-

217 1282 253 1309 lis
266 1282 442 1317 congregatis.

215 1341 294 1368 Vens
305 1342 375 1367 ,1-4.
390 1350 403 1363 ι
413 1339 478 1367 Una
490 1346 554 1366 vero
564 1337 749 1366 Sabbatorum
762 1338 851 1366 Maria
863 1338 978 1375 Madga-

180 1385 240 1413 lene
253 1385 327 1412 venit
339 1391 432 1417 mane,
445 1391 509 1412 cum
521 1383 611 1411 adhuc
621 1383 742 1411 tenebra:
752 1387 854 1418 essent,
870 1383 906 1411 ad
920 1391 980 1412 mo-

179 1433 355 1463 numentum,
380 1428 505 1464 videtque
526 1428 646 1464 lapidem
673 1427 813 1455 sublatum
836 1436 852 1456 a
878 1435 980 1456 monu-

180 1478 285 1502 mento.
309 1473 403 1502 Currit
416 1481 480 1509 ergo
499 1477 526 1500 et
547 1472 621 1500 venit
635 1471 669 1500 ad
690 1472 831 1500 Simonem
855 1474 978 1507 Petrum,

179 1523 208 1547 et
220 1517 254 1546 ad
269 1518 384 1545 alterum
399 1517 479 1544 illum
491 1517 657 1553 discipulum
672 1524 756 1552 quem
770 1516 882 1544 amabat
890 1517 977 1551 .lesus.

1032 940 1149 980 σμύρναν
1172 941 1218 970 χαὶ
1233 941 1326 976 ἄλόην.
1341 940 1386 970 Τὰ
1403 940 1486 981 πικρὰ
1503 941 1555 981 γὰρ
1571 941 1615 970 καὶ
1632 941 1766 982 στύφοντα
1783 943 1828 969 τοῦ

1032 985 1117 1014 ἐκεῖσε
1139 987 1233 1018 αἰῶνος
1260 985 1420 1025 δικαστήρια
1437 987 1604 1024 ἐνθυμεῖσθαι
1625 986 1698 1026 χρὴ,
1724 985 1771 1014 καὶ
1784 984 1832 1020 τὴν

1707 1027 1740 1067 ἧς
1761 1029 1834 1060 οὐδὲν

1323 1143 1466 1172 ΚΕΦΑΛ.
1491 1143 1537 1173 Κ’.

1034 1214 1091 1246 Περὶ
1114 1216 1156 1242 τῆς
1174 1213 1330 1241 ἀναστάσεως
1349 1216 1392 1238 τοῦ
1408 1215 1522 1245 Χριστοῦ.
1546 1214 1603 1246 Περὶ
1617 1216 1658 1244 τῆς
1674 1214 1833 1244 φανερώσεως

1064 1251 1107 1273 τοῦ
1130 1250 1250 1280 Χριστοῦ,
1277 1251 1372 1281 πρῶτον
1395 1250 1436 1280 μὲν
1458 1252 1487 1281 τῇ
1512 1250 1595 1283 Μαρίᾳ
1615 1253 1643 1281 τῇ
1667 1250 1831 1281 Μαγδαληνῇ,

1064 1285 1148 1310 ἔπειτα
1160 1285 1184 1309 δὲ
1198 1287 1248 1312 τοῖς
1265 1286 1385 1316 μαθηταῖς
1398 1286 1565 1317 συνηγμέιοις.

1072 1340 1114 1378 Τῇ
1137 1338 1164 1368 δὲ
1189 1343 1238 1379 μιᾷ
1252 1340 1304 1368 τῶν
1323 1338 1475 1368 Σαϐϐάτων
1489 1339 1596 1380 ἔρχεται
1619 1338 1716 1379 Μαρία
1733 1341 1750 1374 ἡ
1769 1340 1831 1369 Μα-

1031 1382 1150 1423 γδαληνὴ
1167 1382 1253 1423 πρωῒ,
1269 1383 1376 1417 σκοτίας
1401 1383 1440 1413 ἔτι
1463 1383 1556 1420 οὔσης,
1572 1385 1608 1418 εἰς
1630 1383 1660 1412 τὸ
1680 1386 1830 1422 μνημεῖον,

1032 1428 1077 1457 καὶ
1104 1427 1197 1467 βλέπει
1220 1427 1264 1457 τὸν
1297 1427 1368 1457 λίθον
1395 1429 1508 1467 ἠρμένον
1534 1428 1587 1457 ἀπὸ
1611 1431 1658 1457 τοῦ
1682 1428 1828 1466 μνημείου.

1032 1472 1132 1512 Τρέχει
1145 1468 1189 1502 οὖν
1201 1495 1208 1509 ,
1229 1472 1274 1501 καὶ
1293 1471 1402 1512 ἔρχεται
1426 1473 1490 1511 πρὸς
1513 1472 1625 1511 Σίμωνα
1651 1473 1774 1512 Πέτρον,
1791 1473 1835 1502 καὶ

1033 1516 1097 1556 πρὸς
1113 1517 1156 1546 τὸν
1181 1517 1260 1558 ἄλλον
1279 1518 1417 1555 μαθητὴν,
1445 1516 1474 1546 ὃν
1495 1518 1579 1558 ἐφίλει
1604 1520 1618 1547 ὁ
1642 1517 1765 1555 Ἰησοῦς,
1787 1517 1832 1547 καὶ

179 1567 208 1591 et
219 1562 287 1590 dicit
300 1562 354 1590 illis
371 1572 376 1589 :
393 1561 568 1589 Sustulerunt
589 1561 740 1589 Dominum
755 1569 771 1588 a
786 1566 975 1597 monumento,

1036 1562 1106 1602 λέγει
1118 1563 1217 1595 αὐτοῖς·
1231 1557 1322 1602 Ἶὶραν
1338 1562 1381 1591 τὸν
1395 1562 1493 1602 Κύριον
1510 1563 1539 1592 ἐκ
1555 1565 1600 1592 τοῦ
1621 1563 1756 1600 μνημείου
1767 1586 1776 1599 ,
1787 1562 1833 1591 χαὶ

181 1611 209 1636 et
223 1607 362 1634 nescimus
381 1605 428 1633 ubi
442 1610 594 1641 posuerunt
611 1613 684 1634 eum.
698 1605 772 1633 Exiit
786 1614 851 1642 ergo
874 1608 979 1641 Petrus,

182 1657 210 1680 et
222 1651 266 1679 ille
278 1651 345 1679 alius
356 1651 516 1686 discipulus,
530 1655 557 1678 et
566 1655 697 1678 venerunt
709 1650 743 1678 ad
756 1655 978 1679 monumentum.

181 1696 336 1725 Currebant
353 1699 446 1724 autem
467 1695 522 1723 duo
544 1695 636 1729 simul,
652 1699 680 1723 et
694 1696 737 1723 ille
752 1696 819 1724 alius
832 1696 981 1732 discipulus

181 1741 359 1778 praecucurrit
382 1740 463 1768 citius
483 1741 575 1773 Petro,
596 1740 722 1776 venitque
737 1741 810 1776 prior
825 1740 858 1769 ad
879 1749 980 1769 monu-

182 1790 317 1813 mentum.
336 1796 349 1809 ι
366 1786 458 1813 Unam
481 1785 666 1813 Sabbatorum
690 1785 818 1813 nominat
832 1793 915 1822 quam
930 1794 981 1814 nos

180 1830 357 1859 Dominicam
371 1837 509 1858 vocamus.
523 1831 595 1857 Nam
605 1829 721 1858 Sabbata
732 1830 790 1857 dies
802 1830 982 1859 hebdomada:

180 1876 328 1903 nominant
345 1884 351 1903 :
377 1882 460 1903 unam
479 1879 573 1903 autem
588 1874 694 1902 dierum
713 1875 833 1908 Sabbati,
850 1875 979 1911 primam.

180 1920 291 1948 Etenim
315 1928 408 1948 revera
430 1919 487 1948 dies
502 1927 598 1947 omnes
619 1927 673 1947 una
692 1923 757 1948 sunt
774 1928 780 1947 :
805 1927 876 1955 saepe
891 1925 980 1948 autem

179 1973 242 1993 cum
269 1965 401 2001 accipitur
423 1973 487 1998 una,
519 1969 546 1992 et
568 1964 752 2000 componitur,
781 1964 883 1992 multas
907 1964 978 1992 facit.

180 2010 243 2038 Una
260 2009 350 2045 itaque
365 2013 407 2037 est
430 2009 518 2045 prima
535 2018 541 2036 :
562 2009 603 2036 bis
623 2014 715 2036 autem
730 2009 752 2036 si
775 2009 932 2044 accipiatur,
953 2010 982 2037 iit

179 2054 299 2082 secunda
319 2064 325 2082 :
341 2058 369 2082 et
382 2055 472 2089 tertio,
493 2054 572 2082 tertia
593 2064 599 2082 :
616 2058 643 2082 et
661 2054 798 2089 deinceps.
815 2053 912 2081 Futuri
930 2062 982 2081 au-

179 2104 237 2128 tem
252 2100 344 2128 saeculi
358 2104 440 2137 typus
461 2104 503 2128 est
523 2100 583 2128 dies
599 2100 660 2133 iste,
675 2099 749 2135 quod
764 2099 896 2126 sacculum
912 2107 982 2127 unus

179 2144 239 2173 dies
261 2149 310 2179 est,
334 2153 477 2181 nunquam
493 2148 576 2172 nocte
590 2143 724 2171 dissectus
740 2147 787 2170 aut
810 2143 980 2171 dimidiatus.

1031 1608 1079 1636 οὐκ
1094 1607 1218 1644 οἴδαμεν,
1233 1610 1284 1636 ποῦ
1304 1605 1400 1642 ἔθηκαν
1417 1607 1508 1638 αὐτόν,
1525 1607 1654 1642 Ἐξῆλθεν
1675 1602 1720 1636 οὖν
1740 1609 1756 1637 ὁ
1778 1605 1832 1636 Πέ-

1032 1663 1108 1691 τρος,
1120 1651 1165 1680 καὶ
1178 1653 1191 1679 ὁ
1208 1651 1286 1684 ἄλλος
1306 1651 1442 1689 μαθητὴς,
1457 1651 1501 1681 καὶ
1523 1651 1638 1692 ἤρχοντο
1654 1653 1689 1685 εἷς
1712 1652 1744 1680 τὸ
1761 1664 1828 1690 μνη-

1034 1698 1119 1735 μεῖον.
1136 1694 1266 1735 Ἐτρεχον
1285 1695 1312 1724 δὲ
1327 1697 1350 1725 οἱ
1367 1695 1412 1725 δύο
1424 1698 1506 1734 ὁμοῦ,
1523 1697 1568 1725 καὶ
1584 1699 1597 1725 ὅ
1620 1697 1700 1730 ἄλλος
1714 1696 1835 1735 μαθητὴς

1033 1741 1183 1780 προέδραμε
1200 1740 1292 1780 τάχιον
1317 1744 1362 1770 τοῦ
1384 1740 1488 1780 Πέτρου
1500 1764 1507 1776 ,
1533 1741 1578 1770 καὶ
1599 1737 1663 1777 ἦλθε
1677 1743 1784 1780 πρῶτος
1800 1742 1835 1775 εἰς

1034 1785 1064 1814 τὸ
1080 1786 1217 1823 μνημεῖον.
1242 1796 1255 1813 ι)
1280 1785 1351 1814 Μίαν
1369 1787 1420 1814 τῶν
1444 1785 1595 1815 Σαϐϐάτων
1617 1785 1665 1822 τὴν
1686 1786 1752 1824 παρ’
1769 1788 1832 1825 ἡμῖν

1035 1833 1079 1858 νῦν
1106 1829 1244 1870 Κυριαχὴν
1260 1830 1393 1868 ὀνομάζει.
1440 1830 1571 1860 Σάϐϐατα
1591 1830 1638 1868 μὲν
1654 1830 1706 1870 γὰρ
1721 1829 1771 1864 τὰς
1791 1833 1835 1866 τῆς

1037 1874 1182 1913 ἑϐδομάδος
1206 1873 1308 1914 ἡμέρας
1335 1874 1505 1912 ὀνομάζουσι’
1537 1875 1599 1914 μίαν
1625 1874 1652 1904 δὲ
1679 1876 1732 1904 τῶν
1759 1875 1834 1905 Σαϐ‹

1036 1919 1124 1948 ϐάτων
1134 1941 1142 1955 ,
1159 1920 1267 1958 ἡμερῶν
1283 1918 1331 1954 τὴν
1347 1919 1465 1957 πρώτην
1481 1919 1526 1948 καὶ
1541 1919 1591 1959 γὰρ
1604 1919 1686 1953 ὅντως
1702 1924 1791 1949 πᾶσαι
1807 1920 1833 1948 αῖ

1035 1963 1133 2003 ἡμέραι
1150 1963 1199 2001 μία
1225 1963 1286 1993 εἰσί.
1334 1963 1469 1997 Πολλάκις
1493 1963 1519 1992 δὲ
1539 1963 1733 2002 λαμϐανομένη
1749 1967 1766 2000 ἡ
1785 1964 1832 2003 μία

1035 2008 1080 2037 καὶ
1097 2006 1268 2044 συντιθεμένη
1293 2007 1340 2041 τὰς
1354 2007 1455 2041 πολλὰς
1477 2010 1556 2037 ποιεῖ.
1586 2008 1645 2038 Μία
1666 2004 1710 2038 οὖν
1732 2009 1832 2044 ἐστινὴ

1035 2052 1129 2092 πρώτη
1145 2051 1232 2091 ἡμέρα
1244 2074 1252 2088 ,
1270 2052 1308 2085 δὶς
1321 2051 1348 2081 δὲ
1359 2051 1551 2091 λαμϐανομένη
1563 2076 1570 2090 ,
1585 2053 1686 2092 γίνεται
1705 2054 1814 2092 δευτέρα
1824 2075 1832 2090 ,

1034 2097 1079 2126 καὶ
1100 2096 1154 2137 τρὶς
1169 2096 1261 2136 τρίτη,
1283 2096 1328 2126 καὶ
1351 2097 1453 2137 ἐφεξῆς.
1501 2098 1553 2127 Καὶ
1578 2100 1622 2126 τοῦ
1646 2098 1791 2135 μέλλοντος
1807 2097 1832 2126 δὲ

1035 2143 1127 2175 αἰῶνος
1143 2141 1223 2174 τύπος
1247 2141 1318 2170 ἐστὶν
1343 2143 1360 2177 ἡ
1381 2142 1489 2178 τοιαύτη
1511 2142 1618 2182 ἡμέρα,
1643 2141 1670 2175 ὃς
1697 2142 1762 2171 αἰὼν
1785 2143 1832 2180 μία

179 2191 256 2218 Deus
270 2190 345 2218 enim
359 2190 398 2218 sol
415 2194 455 2217 est
468 2189 537 2225 ejus,
552 2188 599 2224 qui
612 2196 754 2224 nunquam
768 2188 879 2215 occidit.
895 2189 979 2225 igitur

1036 2186 1123 2226 ἡμέρα
1150 2186 1218 2215 ἐστὶν
1233 2208 1240 2222 ,
1265 2185 1389 2216 οὐδέποτε
1412 2186 1486 2216 νυκτὶ
1508 2187 1703 2225 διακοπτομένη
1719 2186 1737 2223 ἢ
1756 2197 1833 2225 μεσο-

179 2234 413 2272 quemadmodum
435 2234 461 2261 in
486 2233 539 2262 hoc
552 2233 705 2261 resurrexit
720 2233 866 2265 Dominus,
883 2241 979 2261 eorru-

179 2280 272 2316 ptibile
285 2288 366 2308 suum
381 2287 480 2315 corpus
499 2278 706 2314 incorruptibile
721 2278 852 2313 recipiens
867 2288 874 2306 :
895 2278 933 2306 ita
954 2283 982 2306 et

178 2334 229 2354 nos
250 2326 276 2353 in
300 2325 394 2354 futuro
417 2323 517 2352 saeculo
544 2322 780 2358 incorruptionem
803 2323 978 2359 recipiemus.

178 2371 261 2399 Venit
280 2371 364 2406 igitur
379 2370 405 2396 in
422 2380 435 2394 ι
454 2368 505 2396 hac
527 2376 582 2396 una
610 2379 621 2392 ι
644 2367 696 2395 hoc
715 2372 766 2402 est,
781 2368 871 2403 prima
890 2377 903 2393 ιι
917 2368 982 2395 Sab-

178 2416 317 2449 batorum,
334 2425 349 2441 »
366 2415 419 2442 hoc
429 2416 480 2447 est,
496 2413 605 2441 dierum
620 2412 733 2440 Sabbati
749 2417 776 2440 et
788 2412 980 2448 hebdomadee,

182 2471 195 2486 ι(
216 2460 302 2488 Maria
318 2458 487 2495 Magdalene.
506 2469 519 2482 »
531 2459 603 2486 Nam
618 2458 768 2486 Sabbatum
782 2457 895 2494 quidem
911 2466 980 2493 pra:-

177 2505 298 2536 terierat,
313 2508 341 2531 et
358 2510 415 2531 non
431 2503 501 2530 ultra
516 2511 531 2531 a
550 2502 609 2538 lege
624 2502 821 2538 prohibebatur
840 2511 847 2530 :
861 2506 889 2530 et
904 2503 978 2537 abiit,

176 2557 192 2577 a
207 2549 267 2576 loco
280 2548 372 2576 volens
386 2547 605 2576 consolationem
620 2547 769 2584 quamdam
791 2547 912 2575 invenire
930 2557 936 2574 :
951 2552 979 2576 et

178 2602 244 2621 cum
253 2605 265 2618 ιι
273 2593 384 2621 vidisset
391 2592 509 2629 lapidem
516 2592 664 2626 sublatum,
676 2604 687 2616 π
698 2600 796 2628 magna
804 2591 980 2620 festinatione

178 2639 252 2666 venit
278 2637 312 2666 ad
341 2639 454 2666 Petrum
483 2649 496 2662 »
519 2642 547 2666 et
571 2638 718 2665 Joannem.
747 2639 818 2665 Nam
842 2638 980 2665 Dominus

178 2683 288 2720 quidem
304 2686 469 2716 surrexerat,
484 2682 574 2718 lapide
595 2683 769 2718 supraposito
788 2686 817 2710 et
833 2681 978 2718 obsignato

178 2729 313 2764 sepulcro.
336 2728 406 2764 Quia
428 2732 521 2756 autem
550 2732 579 2756 et
600 2731 683 2755 testes
700 2727 834 2764 quosdam
853 2735 978 2756 resurre—

177 2773 276 2802 ctionis
290 2781 349 2802 esse
370 2773 524 2809 oportebat,
543 2776 571 2800 et
585 2772 612 2800 in
625 2773 782 2808 sepulcrum
797 2772 911 2810 ingredi,
927 2773 978 2800 tol-

179 2817 243 2846 litur
254 2818 322 2855 lapis
332 2817 366 2846 ab
375 2817 482 2854 angelo.
497 2817 586 2847 Maria
598 2821 693 2846 autem
705 2817 774 2846 nihil
786 2817 876 2846 adhuc
889 2817 924 2846 de
935 2825 977 2845 re-

1036 2230 1200 2269 λαϐουμένη.
1219 2229 1254 2260 (Ο
1269 2231 1338 2264 Θεὸς
1353 2231 1403 2270 γὰρ
1423 2231 1496 2268 ἥλιος
1511 2233 1588 2261 αὐτοῦ
1603 2233 1676 2271 ἐστι,
1697 2233 1832 2270 μηδέποτε

1036 2275 1170 2314 δυόμενος.
1214 2275 1321 2316 ⁰Ωσπερ
1337 2271 1382 2304 οὖν
1400 2277 1426 2306 ἐν
1448 2275 1533 2316 ταύτῃ
1558 2275 1656 2313 ἀνέστη
1680 2278 1693 2305 ὃ
1719 2276 1831 2316 Κύριος⁷

1037 2320 1200 2360 ἄφθαρτίσας
1228 2320 1258 2350 τὸ
1291 2321 1405 2361 φθαρτὸν
1435 2323 1515 2350 αὑτοῦ
1548 2323 1647 2360 σῶμα·
1684 2320 1755 2350 οὕτω
1788 2321 1833 2350 καὶ

1035 2366 1112 2403 ἡμεῖς
1131 2367 1157 2395 ἐν
1171 2367 1209 2406 τῷ
1233 2366 1308 2394 «tam
1330 2368 1368 2404 τῷ
1384 2365 1507 2403 μέλλοντι
1529 2366 1577 2401 τὴν
1598 2366 1747 2405 ἀφθαρσίαν
1764 2367 1831 2394 ἀπο-

1035 2405 1338 2450 ληψόμεθαξ¹Ερχεται
1358 2405 1402 2440 οὖν
1420 2411 1446 2439 ἐν
1463 2410 1546 2449 ταύτῃ
1561 2422 1576 2438 α
1592 2412 1624 2450 τῇ
1640 2415 1707 2450 μιᾷ,
1724 2424 1737 2436 ιο
1758 2421 1832 2440 τουτ-

1035 2455 1105 2491 έστι,
1117 2455 1210 2495 πρώτῃ
1228 2469 1238 2480 σι
1252 2457 1303 2484 τῶν
1319 2454 1486 2492 Σαϐϐάτων,
1499 2469 1509 2480 ι
1521 2454 1536 2483 ὅ
1547 2456 1615 2491 ἐστι,
1632 2457 1684 2485 τῶν
1697 2457 1744 2484 τοῦ
1759 2454 1830 2484 Σαϐ-

1036 2499 1115 2528 ϐάτου
1135 2500 1181 2529 καὶ
1205 2501 1253 2535 τῆς
1268 2499 1415 2537 ἑϐδομάδος
1430 2501 1551 2539 ἡμερῶν,
1578 2514 1588 2526 α
1606 2500 1715 2539 ἔρχεται
1740 2499 1831 2540 Μαρία

1034 2546 1050 2580 ἡ
1066 2544 1243 2583 Μαγδαληνή.
1264 2558 1276 2570 ν
1322 2543 1402 2574 Ἐπεὶ
1416 2544 1468 2584 γὰρ
1487 2545 1518 2573 τὸ
1535 2543 1680 2574 Σάϐϐατον
1695 2545 1828 2584 παρῆλθε,

1033 2589 1079 2618 καὶ
1095 2590 1142 2618 οὐκ
1161 2588 1199 2617 ἔτι
1214 2588 1304 2617 λοιπὸν
1327 2589 1458 2618 ἐκωλύετο
1473 2589 1526 2618 ἀπὸ
1542 2592 1586 2619 τοῦ
1608 2589 1708 2627 νόμου,
1727 2589 1830 2618 ἄπεισιν

1034 2634 1086 2663 ἀπὸ
1102 2636 1147 2662 τοῦ
1169 2632 1266 2668 τόπου¹,
1282 2633 1454 2673 παραμυθίαν
1479 2633 1538 2663 τινὰ
1558 2633 1708 2674 βουλομένη
1724 2635 1808 2673 εὑρεῖν
1821 2642 1827 2649 ·

1067 2678 1154 2706 ὶ’“¹“
1253 2677 1259 2687 ⁸
1303 2677 1344 2707 λ’θ
1403 2678 1468 2708 ’έ
1631 2679 1647 2707 ὰ
1704 2678 1770 2706 λλ’“
1814 2679 1829 2687 ’⁸

1031 2690 1065 2707 κα
1101 2689 1190 2707 ιοουσα
1207 2692 1219 2705 α
1235 2689 1280 2707 τον
1322 2690 1329 2706 ι
1346 2690 1374 2708 ον
1397 2690 1453 2717 ηρμ
1470 2690 1528 2716 νον,
1545 2692 1556 2705 ι
1578 2690 1627 2717 μετ
1669 2690 1704 2707 πο
1742 2690 1770 2708 ου
1784 2689 1829 2706 του

1032 2722 1130 2762 τάχους
1156 2733 1170 2751 ‹
1186 2722 1294 2763 ἔρχεται
1315 2723 1378 2762 πρὸς
1403 2723 1447 2752 τὸν
1469 2722 1572 2762 Πέτρον
1587 2737 1600 2749 ιι
1623 2722 1669 2752 καὶ
1692 2722 1827 2757 Ἰωάννην.

1032 2767 1142 2803 Ἀνέστη
1171 2767 1219 2805 μὲν
1245 2767 1296 2808 γὰρ
1318 2769 1331 2797 ὁ
1357 2767 1476 2809 Κύριος,
1491 2771 1537 2797 τοῦ
1561 2767 1635 2797 λίθου
1662 2766 1828 2805 ἐπικειμένου

1031 2812 1077 2842 καὶ
1090 2813 1143 2842 τῶν
1156 2812 1308 2852 σφραγίδων
1324 2813 1420 2842 οὖσῶν.
1437 2812 1517 2844 Ἐπεὶ
1527 2813 1554 2843 δὲ
1566 2811 1620 2842 ἔδει
1636 2812 1681 2842 καὶ
1696 2812 1830 2852 μάρτυρας
