1927 3076
105 171 164 201 289

506 171 701 200 ENARRATIO
720 168 753 200 1N
773 171 991 200 EVANGELIUM
1009 166 1161 201 JOAN‘NIS.
1180 187 1214 193 —
1228 170 1303 201 CAP.
1325 173 1376 201 xx.

1711 173 1764 201 290

112 236 164 270 τῆς
188 234 358 268 ἀναστάσεως
382 233 503 273 γενέσθαι
528 235 617 271 τινὰς,
635 234 681 264 καὶ
703 235 746 264 ἐπὶ
769 235 813 265 τὸν
829 235 907 275 τάφον

967 235 1136 264 surrectione
1159 236 1257 269 sciens,
1281 235 1385 263 furtum
1405 239 1432 263 et
1452 235 1660 264 translationem
1687 240 1766 264 vocat

107 280 257 318 εἰσελθεῖν,
269 279 371 319 αἴρεται
385 281 399 308 ὁ
414 279 482 312 λίθος
498 279 550 308 ὑπὸ
564 283 610 309 τοῦ
621 280 742 319 ἀγγέλου.
757 279 791 310 Ἡ
804 280 830 310 δὲ
847 281 910 311 Μα-

114 324 161 364 ρία
177 324 252 353 οὐδὲν
267 324 370 353 οὐδέπω
384 324 445 363 περὶ
467 324 636 358 ἀναστάσεως
650 324 815 364 γινώσκουσα
826 348 834 362 ,
849 326 913 354 κλο-

107 368 181 405 πὴν,
197 369 243 398 καὶ
260 368 401 407 μετάθεσιν
416 368 538 407 ὀνομάζει
557 370 587 398 τὸ
602 374 726 409 πρᾶγμα,
762 370 809 400 Διὸ
826 370 872 399 καὶ
888 371 912 399 οἷ

110 414 233 452 μαθηταὶ
270 413 425 454 ἐφίστανται
453 416 491 454 τῷ
527 415 666 455 μνημείῳ,
714 416 760 444 καὶ
787 417 910 454 θεωροῦσι

111 471 123 485 ι
141 458 176 488 τὰ
191 458 279 488 ὀθόνια
303 458 411 497 κείμενα
434 459 521 497 μόνα,
547 470 561 487 ι
588 457 652 498 ὅπερ
678 454 710 495 ἦν
742 459 913 493 ἀναστάσεως

111 502 195 536 ὅντως
215 503 246 532 τὸ
266 505 387 542 σημεῖον.
415 502 485 533 Οὔτε
510 503 562 543 γὰρ
583 505 606 533 εἰ
631 504 777 542 μετέθηκάν
793 516 860 538 τινες
884 505 914 535 τὸ

110 549 209 587 σῶμα,
233 547 389 587 ἐγύμνωσαν
406 547 438 577 ἂν
456 548 530 577 αὐτό·
546 547 605 578 οὔτε
619 550 640 578 εἰ
654 548 769 589 ἔκλεψαν
781 572 789 588 ,
814 549 911 589 ἐφρόν-

110 603 189 622 τισαν
206 591 237 621 ἂν
263 595 310 622 τοῦ
331 606 342 619 ι
359 593 389 622 τὸ
403 592 542 632 σουδάριον
560 605 573 621 n
599 593 745 630 ἔντυλίξαι,
763 594 809 624 καὶ
829 597 912 623 θεῖναι

114 648 130 665 α
149 637 231 677 χωρὶς
251 639 287 670 εἷς
307 636 353 666 ἕνα
369 638 457 667 τόπον·
476 650 489 666 n
508 638 568 667 ἀλλ’
584 638 676 672 ἅπλῶς
695 641 729 672 ὡς
749 634 837 678 εἶχεν,
851 640 912 668 ἔλα-

112 683 159 712 ϐον
182 682 213 711 ἂν
229 682 366 723 τὸησῶμα.
387 682 440 712 Καὶ
457 682 500 712 διὰ
516 686 593 712 τοῖτο
613 683 757 723 προλαϐὼν
774 686 787 712 ὁ
800 684 911 723 εὐαγγε-

110 726 221 769 λιστὴς,
251 722 322 755 εἶπεν
336 750 342 759 ,
360 727 400 757 ὅτι
424 727 528 767 σμύρνῃ
545 722 677 768 συνετάφη
693 729 796 767 πολλῇ,
819 729 835 764 ἣ
856 722 913 769 οὐχ

113 766 195 806 ἧττον
219 771 347 809 μολίϐδου
372 772 505 812 συγκολλᾷ
517 766 567 810 ντῷ
583 766 688 811 σώματι
710 773 742 802 τὰ
757 766 853 802 ὀθόνια·
869 766 912 803 ἵνα

114 815 178 845 ὅταν
206 815 377 854 ἀκούσωμεν,
393 816 434 846 ὅτι
457 816 487 846 τὸ
511 817 648 856 σουδάριον
673 817 758 847 ἔκειτο
774 818 846 858 ἰδίᾳ,
874 818 912 857 μὴ

115 860 297 900 ἀνασχώμεθα
322 863 374 890 τῶν
404 861 554 900 λεγόντων,
582 861 622 891 ὅτι
651 862 766 898 ἓκλάπη.
793 864 834 893 Οὐ
862 863 912 902 γὰρ

967 280 1041 317 quod
1059 281 1209 317 contigerat
1222 280 1256 308 de
1268 288 1310 308 eo.
1326 281 1361 308 Et
1375 279 1501 315 discipuli
1517 280 1648 308 assistunt
1665 288 1763 308 monu-

969 330 1072 360 mento,
1094 330 1122 354 et
1142 325 1234 354 vident
1257 337 1270 350 ι
1293 325 1375 353 lintea
1398 325 1455 353 sola
1475 325 1575 361 posita,
1595 336 1608 350 ι
1629 325 1714 361 759
1737 325 1765 353 id

967 370 1041 407 quod
1055 378 1126 399 veras
1149 371 1256 406 signum
1272 374 1331 398 erat
1345 368 1564 398 resurrectionis.
1580 370 1676 405 Neque
1690 369 1766 397 enim

967 415 988 443 si
1011 415 1213 443 transtulissent
1233 415 1346 451 quidam
1370 422 1479 450 corpus,
1503 413 1655 442 nudassent
1674 413 1739 442 illud
1757 423 1764 441 :

967 468 1056 496 neque
1074 460 1097 487 si
1111 459 1189 487 furati
1204 464 1306 492 essent,
1319 468 1415 487 curam
1432 459 1591 487 habuissent
1606 457 1765 494 deponendi

969 516 982 530 ι
1002 504 1114 539 sudarii,
1130 517 1142 528 υ
1157 504 1312 533 involvendi
1323 508 1349 532 et
1360 504 1476 540 ponendi
1490 516 1503 528 κ
1516 503 1633 531 seorsim
1643 502 1672 530 in
1682 510 1766 530 unum

966 550 1069 584 locum,
1081 561 1094 574 ιο
1108 549 1157 578 sed
1169 549 1329 585 simpliciter
1341 549 1410 577 sicut
1420 549 1583 585 potuissent,
1596 547 1766 583 accepissent

967 602 1077 631 corpus.
1094 596 1208 630 Propter
1232 594 1285 622 hoc
1308 594 1392 622 etiam
1417 593 1582 630 evangelista
1601 593 1675 628 prius
1697 591 1766 620 dixit

968 640 1042 675 quod
1055 647 1119 667 cum
1138 639 1225 667 multa
1241 639 1353 675 myrrha
1369 638 1508 674 sepultum
1524 638 1618 672 fuerit,
1634 644 1695 674 quae
1709 644 1765 665 non

967 684 1059 712 minus
1067 684 1201 712 bitumine
1212 684 1293 712 lintea
1304 684 1411 720 corpori
1421 683 1561 711 adhaerere
1567 682 1631 710 facit
1643 691 1651 710 :
1662 687 1692 710 ut
1701 690 1765 710 cum

966 729 1135 757 audierimus
1148 728 1224 765 quod
1234 728 1342 757 sudaria
1357 728 1472 756 seorsim
1487 728 1539 756 illic
1553 727 1653 755 fuerint
1667 727 1765 763 posita,

967 782 1002 802 ne
1023 775 1167 802 credamus
1189 773 1342 802 dicentibus
1363 773 1437 809 quod
1455 773 1551 800 furtim
1567 772 1603 800 sit
1625 772 1733 800 ablatus
1758 781 1764 799 :

967 827 1054 854 neque
1067 819 1141 846 enim
1153 819 1190 846 ita
1203 818 1333 854 insipiens
1349 817 1444 846 fuisset
1459 817 1511 852 iur,
1526 817 1599 853 quod
1609 818 1635 844 in
1646 825 1704 845 rem
1718 824 1766 845 su-

968 871 1129 899 pervacuam
1140 867 1250 891 tantam
1261 862 1453 898 insumpsisset
1460 869 1554 890 curam
1568 866 1595 889 et
1606 866 1722 897 tempus,
1739 865 1767 889 et

115 905 199 939 οὕτως
216 905 325 942 ἀνόητος
339 902 371 941 ἧν
387 907 400 935 ὁ
424 906 545 936 κλέπτων
557 930 565 945 ,
587 908 622 940 ὡς
649 907 710 947 περὶ
731 912 843 947 πρᾶγμα
863 920 907 937 πε-

968 916 1023 936 non
1035 908 1131 936 fuisset
1137 908 1298 944 suspicatus,
1309 907 1383 944 quod
1393 907 1460 934 dum
1470 907 1499 934 in
1513 906 1556 934 his
1569 909 1640 934 esset
1652 914 1766 942 occupa-

116 950 205 990 ριττον
233 953 356 980 τοσοῦτον
382 951 533 980 ἀναλίσκειν
554 950 667 992 χρόνον,
700 952 747 982 καὶ
778 952 911 989 τοσαύτην

115 995 234 1031 σπουδὴν
260 996 472 1033 ἐπιδείκνυσθαι,
499 996 545 1025 καὶ
571 996 609 1035 μὴ
634 998 801 1036 ὑφορᾶσθαι,
825 997 865 1026 ὅτι
885 999 911 1027 ἐν

113 1038 169 1080 ὅσῳ
195 1041 354 1082 ἀσχολεῖται
366 1040 426 1079 περὶ
452 1043 545 1079 τοῦτο,
563 1040 624 1075 ἴσως
648 1041 802 1082 κατάφωρος
831 1042 912 1082 γενή-

114 1095 199 1125 σεται.
226 1085 297 1125 Ποία
323 1080 367 1114 οὖν
386 1085 442 1125 ὥρᾳ
467 1085 571 1124 γέγονεν
593 1087 609 1121 ἡ
636 1080 799 1123 ἀνάστασις,
829 1080 912 1121 οὐδεὶς

114 1123 194 1158 οἶδεν·
211 1128 301 1169 ὥσπερ
317 1125 362 1159 οὖν
378 1131 423 1159 καὶ
441 1132 454 1159 6
474 1132 522 1166 τῆς
540 1130 663 1169 δευτέρας
687 1131 833 1170 παρουσίας
848 1143 908 1160 και-

115 1173 157 1212 ρὸς
181 1173 287 1209 ἄδηλος.
306 1175 340 1204 Εἰ
364 1174 391 1203 δὲ
414 1176 427 1203 6
444 1174 491 1213 μὲν
517 1177 653 1209 Matthiae
675 1176 788 1215 ἑσπέρας
805 1176 912 1215 βαθείας

113 1218 185 1258 λέγει
201 1218 246 1247 τὸν
271 1218 379 1256 σεισμὸν
404 1219 556 1258 γεγονέναι,
580 1221 594 1250 ὁ
615 1219 643 1249 δὲ
665 1219 812 1256 Ἰωάννης,
843 1219 912 1261 πρωί⁵

113 1264 222 1297 σκοτίας
252 1263 291 1293 ἔτι
315 1263 395 1301 οὔσης
422 1264 470 1301 τὴν
500 1265 609 1304 Μαρίαν
641 1264 671 1294 τὸ
697 1266 768 1295 λίϐον
797 1267 911 1305 ἠρμένον

112 1310 239 1338 ἐλθοῦσαν
257 1309 337 1347 ἰδεῖν,
353 1310 400 1338 οὒκ
424 1309 481 1338 ἔστι
502 1310 642 1351 διαφωνία.
664 1311 775 1349 Πρῶτον
792 1310 839 1349 μὲν
861 1312 911 1352 γὰρ

112 1352 190 1399 τοῦτό
206 1365 310 1394 φαμεν,
336 1354 378 1383 ὅτι
400 1354 473 1394 παρὰ
491 1355 540 1393 μὲν
569 1357 606 1395 τῷ
630 1355 762 1395 Ματθαίῳ
789 1360 912 1395 γυναῖκες

113 1398 193 1434 ἦλθον
213 1399 262 1439 ὀψὲ
277 1398 445 1438 Σαϐϐάτων,
461 1400 535 1440 παρὰ
548 1400 574 1429 δὲ
590 1401 628 1441 τῷ
641 1400 754 1441 Ἰωάννῃ
765 1422 773 1437 ,
790 1403 912 1440 γυναῖκες

113 1444 143 1472 οὗ
163 1443 372 1481 μνημονεύονται
395 1446 439 1473 νῦν
457 1444 597 1485 (περιττὸν
613 1444 664 1485 γὰρ
684 1440 716 1481 ἦν
729 1468 738 1484 ,
757 1449 802 1476 τοῦ
829 1446 909 1475 Ματ-

113 1487 187 1516 θαίου
205 1488 320 1522 εἰπόντος
334 1491 425 1524 τοῦτο,
447 1488 493 1518 καὶ
517 1489 561 1518 τὸν
584 1489 711 1526 Ἰωάννην
736 1490 767 1519 τὸ
783 1491 847 1520 αὐτὸ
869 1492 912 1520 λέ-

112 1533 202 1572 γειν,)
218 1533 287 1562 ἀλλὰ
300 1547 312 1559 ι
331 1533 425 1573 Μαρία
442 1536 458 1569 ἡ
480 1534 648 1573 Μαγδαληνὴ
664 1534 771 1575 ἔρχεται
796 1533 876 1576 πρωί.
891 1547 905 1565 n

966 956 1021 987 tus,
1038 952 1152 981 fortasse
1172 952 1199 980 in
1218 952 1294 980 furto
1318 951 1580 987 deprehenderetur.
1606 951 1692 986 Igitur
1711 958 1765 987 qua

966 997 1033 1025 hora
1046 997 1157 1034 quidem
1172 997 1252 1025 fuerit
1268 997 1444 1031 resurrectio,
1467 996 1559 1024 nullus
1576 996 1637 1029 scit,
1653 996 1725 1024 sicut
1738 999 1767 1023 et

966 1046 1078 1077 tempus
1091 1041 1203 1070 secundi
1217 1041 1349 1070 adventus
1363 1041 1508 1069 incertum.
1525 1041 1656 1077 Quamvis
1673 1045 1767 1069 autem

966 1087 1114 1115 Matthaeus
1126 1086 1199 1114 dicat
1213 1086 1353 1123 profundo
1367 1094 1478 1122 vespere
1492 1085 1596 1114 factum
1611 1093 1669 1113 esse
1684 1089 1766 1114 terrae

967 1136 1085 1165 motum,
1105 1133 1224 1159 Joannes
1238 1135 1331 1159 autem
1352 1139 1433 1159 mane
1450 1143 1462 1155 σι
1486 1138 1548 1159 cum
1564 1134 1656 1158 essent
1674 1130 1765 1158 adhuc

966 1176 1099 1211 tenebrae,
1116 1188 1128 1200 ιι
1144 1176 1263 1204 Mariam
1279 1176 1395 1210 venisse,
1410 1180 1437 1203 et
1448 1175 1547 1203 vidisse
1565 1180 1709 1203 remotum
1726 1176 1765 1204 la-

966 1221 1074 1257 pidem:
1089 1229 1143 1249 non
1155 1226 1196 1249 est
1206 1221 1355 1249 diversitas.
1369 1222 1440 1248 Nam
1455 1221 1574 1257 primum
1584 1220 1699 1257 quidem
1712 1220 1765 1248 hoc

965 1266 1092 1301 dicimus,
1107 1265 1181 1302 quod
1189 1265 1259 1302 apud
1278 1265 1439 1294 Matthaaum
1452 1265 1565 1301 quidem
1577 1265 1706 1293 mulieres
1722 1273 1766 1293 vc-

966 1315 1067 1339 nerunt
1080 1319 1191 1347 vespere
1206 1311 1388 1339 Sabbatorum
1404 1319 1411 1337 :
1427 1310 1499 1346 apud
1513 1312 1649 1338 Joannem
1671 1315 1764 1338 autem

966 1356 1094 1384 mulieres
1110 1364 1182 1384 nunc
1203 1364 1259 1383 non
1279 1360 1476 1384 memorantur.
1492 1356 1667 1391 Superﬂuum
1692 1355 1764 1382 enim

966 1401 1074 1435 fuisset,
1085 1409 1150 1429 cum
1162 1401 1309 1429 Mattheus
1320 1401 1372 1429 hoc
1387 1401 1462 1436 prius
1471 1400 1592 1434 dixisset,
1606 1404 1635 1428 ut
1644 1401 1765 1428 Joannes

966 1446 1065 1474 eadem
1076 1446 1190 1474 diceret.
1199 1446 1252 1474 Sed
1267 1457 1280 1470 ι
1292 1446 1378 1474 Maria
1388 1445 1548 1482 Magdalene
1559 1445 1630 1473 venit
1641 1453 1732 1473 mane.
1750 1456 1762 1469 ι

965 1491 1046 1519 Multi
1070 1492 1142 1519 enim
1159 1491 1270 1520 fuerunt
1283 1491 1418 1519 adventus
1436 1491 1469 1518 ad
1485 1491 1642 1526 sepulcrum
1666 1500 1672 1518 :
1690 1490 1766 1517 venit

966 1536 1040 1564 enim
1055 1536 1191 1565 interdum
1206 1545 1270 1564 cum
1291 1536 1351 1564 aliis
1371 1536 1542 1570 mulieribus,
1557 1535 1697 1563 interdum
1712 1543 1762 1563 au-

112 1577 240 1618 Διάφοροι
264 1577 315 1617 γὰρ
344 1571 387 1607 αἱ·
401 1578 465 1617 πρὸς
490 1578 520 1608 τὸ
535 1571 664 1617 μνημεῖον
680 1571 824 1616 ’ἐλεύσειςξ
846 1581 907 1610 ποτὲ

967 1584 1024 1609 tem
1039 1582 1107 1609 sola.
1123 1581 1206 1610 Unde
1228 1581 1401 1617 evangelista:
1416 1581 1504 1609 varias
1526 1581 1694 1608 visitationes
1715 1587 1762 1616 po-

113 1622 160 1659 μὲν
186 1622 255 1661 μετὰ
273 1624 324 1651 τῶν
346 1623 446 1653 λοιπῶν
472 1625 603 1663 γυναικῶν
633 1626 680 1660 τῆς
702 1625 810 1664 Μαρίας
833 1627 909 1665 ἐρχο-

112 1666 207 1705 μένης,
229 1667 292 1697 ποτὲ
313 1667 340 1697 δὲ
358 1668 438 1706 μόνης
457 1670 547 1705 αὐτῆς.
568 1668 652 1699 Ὅθεν
678 1670 701 1698 οἱ
723 1670 910 1709 εὖαγγελισταὶ

112 1711 157 1744 τὰς
181 1712 321 1752 διαφόρους
347 1712 482 1749 ἐλεύσεις,
505 1714 584 1747 ἄλλος
600 1713 684 1750 ἄλλην
709 1715 846 1754 λέγοντες,
867 1715 910 1745 δο-

112 1759 189 1786 κοῦσι
213 1757 362 1797 διαρωνεῖν.
392 1759 501 1798 Πρῶτον
527 1758 575 1795 μὲν
601 1754 646 1788 οὖν
671 1761 749 1788 τοῦτο
778 1759 907 1799 λέγομεν,

112 1801 151 1831 ὅτι
178 1801 262 1837 ἄλλην
289 1801 391 1831 ἔλευσιν
419 1803 489 1842 λέγει
517 1803 655 1837 Ματθαῖος
680 1806 834 1843 γυναικῶν,
864 1806 910 1834 καὶ

113 1847 196 1883 ἄλλην
231 1846 377 1884 Ἰωάννης,
405 1852 466 1885 μιᾶς
492 1848 614 1886 γυναικὸς
642 1850 689 1884 τῆς
716 1849 908 1888 Μαγδαληνῆς.

111 1890 229 1921 Ἔπειτα
254 1891 302 1930 τὸ,
330 1892 471 1931 «ἑσπέρας
498 1892 623 1932 βαθείας,
640 1907 651 1920 ν
673 1892 719 1922 καὶ
742 1893 814 1931 τὸ,‹
839 1892 910 1934 πρωῒ

113 1935 220 1968 σκοτίας
242 1936 280 1965 ἔτι
300 1935 397 1972 οὔσης,
426 1951 438 1962 ιι
459 1936 524 1977 ὅπερ
546 1937 633 1977 ἕτερος
662 1938 754 1977 λέγει,
781 1952 793 1965 α
816 1938 909 1979 ὄρθρου

113 1980 223 2020 βαθέος,
241 1991 255 2008 ν
274 1982 309 2014 εἰς
332 1981 414 2010 ταύτὸ
442 1981 576 2022 φέρουσιν
602 1982 672 2012 ὥστε
697 1978 765 2012 εἶναι
793 1978 909 2023 μεσονύ-

111 2036 183 2054 κτιον
210 2025 312 2059 πάντας
328 2025 435 2059 τούτους
458 2026 517 2060 τοὺς
540 2026 655 2067 καιρούς.
683 2029 715 2058 Εἰ
740 2028 767 2057 δὲ
791 2030 907 2070 ἐρωτᾷς,

111 2072 168 2103 πῶς
183 2071 234 2099 τῶν
250 2070 372 2109 φυλάκων
388 2071 621 2112 παρακαθημένων
644 2072 769 2109 Ἰωάννης
786 2073 831 2102 καὶ
848 2074 907 2104 Πέ-

112 2126 172 2154 τρος
192 2115 349 2155 εἷσήρχοντο
372 2117 408 2149 εἷς
432 2117 462 2146 τὸ
481 2118 624 2155 μνημεῖον,
651 2117 697 2146 καὶ
723 2119 750 2147 αἱ
774 2122 905 2157 γυναῖκες·

112 2159 212 2193 ἁπλοῦς
229 2161 242 2188 6
258 2161 348 2200 λόγος,
363 2160 403 2189 ὅτι
421 2161 583 2195 ἀναστάντος
595 2164 640 2191 τοῦ
666 2163 765 2202 Κυρίου
775 2185 783 2199 ,
799 2163 844 2192 καὶ
860 2164 907 2193 σὺν

964 1630 1088 1660 suerunt,
1104 1626 1228 1663 aliusque
1240 1626 1320 1654 aliam
1337 1626 1459 1654 dicentes
1472 1625 1598 1654 videntur
1611 1625 1761 1653 dissonare.

965 1672 1034 1699 Nam
1050 1671 1172 1707 primum
1188 1671 1299 1707 quidem
1313 1671 1430 1699 dicimus
1443 1670 1517 1706 quod
1530 1670 1612 1698 aliam
1627 1669 1760 1698 visitatio-

963 1723 1028 1743 nem
1051 1716 1123 1744 dicat
1136 1715 1284 1744 Matthzeus
1310 1716 1467 1749 mulierum.
1491 1719 1519 1743 et
1540 1715 1622 1743 aliam
1641 1716 1763 1742 Joannes

964 1761 1046 1788 unius
1067 1760 1190 1788 mulieris
1216 1760 1396 1796 Magdalenes.
1425 1760 1533 1788 Deinde
1561 1759 1699 1796 profundo
1715 1766 1765 1787 ve-

963 1812 1054 1841 spere,
1077 1809 1105 1832 et
1119 1816 1132 1829 ι
1149 1813 1230 1833 mane
1249 1813 1311 1833 cum
1326 1805 1417 1833 adhuc
1431 1809 1524 1833 essent
1548 1804 1679 1837 tenebrm,
1696 1816 1708 1828 ιο
1735 1802 1763 1831 id

964 1848 1040 1884 quod
1050 1848 1121 1877 alius
1132 1849 1209 1882 dicit.
1223 1861 1235 1873 σι
1254 1849 1390 1885 profundo
1401 1849 1531 1883 diluculo,
1548 1860 1560 1873 ι»
1573 1849 1600 1877 in
1614 1848 1686 1875 idem
1702 1852 1762 1875 ten-

963 1894 1032 1922 dunt
1048 1903 1055 1921 ε
1071 1894 1134 1930 quia
1146 1894 1238 1922 omnia
1252 1894 1296 1921 illa
1309 1898 1434 1929 tempora
1447 1893 1557 1922 fuerunt
1572 1892 1695 1920 medium
1709 1900 1760 1920 no-

964 1939 1024 1972 etis.
1037 1939 1077 1967 Sit
1090 1943 1184 1967 autem
1199 1946 1278 1974 rogas
1291 1938 1431 1974 quomodo
1445 1937 1629 1966 assidentibus
1641 1937 1766 1965 custodi-

963 1983 1014 2012 bus
1028 1985 1150 2012 Joannes
1168 1988 1194 2011 ct
1210 1985 1304 2011 Petrus
1322 1983 1485 2011 accesserint
1503 1982 1537 2011 ad
1559 1982 1716 2018 sepulcrum
1731 1985 1760 2009 et

963 2029 1093 2057 mulieres
1108 2039 1115 2057 :
1133 2033 1162 2057 ut
1176 2029 1336 2064 simpliciter
1350 2029 1449 2061 dicam,
1467 2036 1531 2056 mox
1546 2032 1576 2056 ut
1591 2026 1758 2056 resurrexis-

963 2078 1005 2103 set
1030 2074 1175 2108 Dominus,
1206 2079 1232 2101 et
1254 2074 1382 2101 astitisset
1410 2074 1521 2109 angelus
1545 2073 1670 2109 sepulcro
1695 2079 1759 2100 cum

963 2123 1134 2153 terraamotu,
1150 2118 1279 2147 custodes
1299 2119 1416 2151 iverunt,
1431 2123 1463 2146 ut
1485 2118 1644 2146 nuntiarent
1669 2117 1763 2147 Phari-

962 2165 1034 2198 δεῖς,
1049 2168 1076 2192 et
1098 2164 1134 2192 ita
1148 2164 1272 2199 sepulcro
1291 2171 1307 2191 a
1328 2163 1475 2191 custodum
1499 2163 1627 2199 praesidio
1651 2164 1759 2199 relicto,

111 2205 149 2244 τῷ
165 2206 267 2244 σεισμῷ
282 2208 326 2234 τοῦ
342 2205 453 2244 ἀγγέλου
475 2208 513 2246 τῷ
528 2206 604 2247 τάφῳ
618 2207 791 2244 ἐπιστάντος,
814 2209 838 2237 οἱ
854 2208 907 2248 φύ-

966 2209 1119 2236 libertatem
1134 2208 1281 2237 accedendi
1297 2207 1452 2236 habuerunt
1466 2207 1602 2243 discipuli.

111 2250 191 2282 λακες
215 2251 334 2285 ἀπῆλθον
361 2250 573 2289 ἀπαγγέλλοντες
598 2256 651 2285 τοῖς
681 2252 859 2293 Φαρισαίοις,
886 2256 932 2285 καὶ
948 2255 1018 2285 οὕτω
1041 2256 1088 2284 τοῦ
1115 2254 1251 2293 μνήματος
1276 2252 1476 2293 ἀπαλλαγέντος
1503 2255 1549 2289 τῆς
1566 2256 1758 2293 στρατιωτικῆς

111 2298 243 2335 φρουρᾶς,
260 2294 350 2324 ἄδειαν
366 2294 444 2334 ἔσχον
465 2297 488 2325 οῖ
505 2296 622 2334 μαθηταὶ
638 2296 842 2337 προσέρχεσθαι.

151 2353 164 2365 ι
185 2339 239 2368 Καὶ
262 2339 439 2380 παρακύψας,
460 2340 552 2379 βλέπει
569 2341 678 2378 κείμενα
701 2341 735 2371 τὰ
760 2342 857 2372 ὀθόνια·
878 2344 908 2373 οὖ

112 2382 203 2421 μέντοι
228 2384 357 2419 εἰσῆλθεν.
379 2382 512 2424 Ἔρχεται
532 2380 576 2414 οὖν
602 2386 696 2424 Σίμων
717 2385 819 2425 Πέτρος
844 2388 908 2418 ἄκο-

111 2428 213 2456 λουθῶν
238 2429 330 2468 αὐτῷ,
356 2430 402 2458 καὶ
427 2429 546 2464 εἷσῆλθεν
578 2432 614 2464 εἷς
635 2430 664 2459 τὸ
688 2435 834 2469 μνημεῖον,
865 2433 909 2462 καὶ

110 2474 203 2516 θεωρεῖ
220 2471 253 2501 τὰ
270 2473 358 2502 ὀθόνια
374 2473 482 2512 κείμενα
501 2474 586 2513 μόνα,
607 2475 653 2504 καὶ
674 2475 703 2504 τὸ
727 2476 877 2516 σουδάριον,
896 2476 911 2507 ὃ

109 2511 142 2552 ἦν
159 2516 202 2546 ἐπὶ
216 2519 262 2553 τῆς
277 2519 393 2558 κεφαλῆς
411 2520 508 2555 αὐτοῦ,
529 2520 558 2548 οὗ
574 2520 642 2558 μετὰ
658 2522 708 2549 τῶν
731 2521 838 2550 ὀθονίων
854 2521 910 2551 κεί-

111 2572 207 2599 μενον,
227 2561 310 2603 Δἀλλὰ
337 2563 419 2603 χωρὶς
446 2565 659 2602 ἐντετυλιγμένον
687 2566 722 2597 εἷς
744 2566 789 2594 ἕνα
816 2566 907 2597 τόπον.

110 2607 181 2636 Τότε
210 2601 256 2636 οὖν
280 2601 387 2644 εἰσῆλθε
416 2608 462 2637 καὶ
489 2610 503 2637 6
530 2601 607 2642 ἄλλος
639 2609 759 2647 μαθητὴς
787 2612 800 2639 6
829 2610 910 2640 ἐλθὼν

109 2653 213 2690 πρῶτος
228 2652 263 2685 εἰς
279 2652 308 2681 τὸ
325 2657 453 2691 μνημεῖον
464 2675 472 2690 ,
489 2653 534 2682 καὶ
549 2653 588 2682 ἴδε
601 2654 645 2683 καὶ
664 2655 830 2684 ἐπίστευσεν.
849 2656 908 2685 Οὖ-

111 2695 185 2725 δέπω
205 2695 258 2735 γὰρ
273 2696 383 2736 ᾔδεισαν
397 2698 445 2734 τὴν
464 2698 590 2738 Γραφὴν,
611 2698 651 2729 ὅτι
670 2700 708 2728 δεῖ
726 2700 804 2729 αὐτὸν
819 2701 849 2729 ἐκ
866 2712 911 2729 νε-

111 2741 181 2779 κρῶν
201 2741 360 2777 ἀναστῆναι.
392 2742 522 2778 Ἀπῆλθον
544 2739 587 2772 οὖν
609 2744 689 2773 πάλιν
714 2744 779 2784 πρὸς
804 2744 912 2778 ἑαυτοὺς

112 2785 135 2813 οῖ
161 2785 290 2822 μαθηταί,
316 2786 411 2825 Μαρία
439 2787 466 2816 δὲ
497 2788 614 2824 εἱστήκει
637 2789 702 2828 πρὸς
723 2789 753 2819 τὸ
782 2789 910 2828 μνημεῖον

111 2828 241 2858 κλαίουσα
269 2829 329 2864 ἔξω.
370 2830 417 2865 Ὡς
439 2828 482 2862 οὖν
508 2831 616 2872 ἔκλαιε,
642 2833 795 2874 παρέκυψεν
821 2835 856 2867 εἷς
882 2833 911 2863 τὸ

999 2345 1089 2372 Vsns.
1110 2346 1185 2372 5-13.
1206 2354 1218 2368 ιι
1236 2343 1349 2371 Etcum
1361 2350 1390 2371 se
1404 2341 1572 2377 inclinasset,
1588 2342 1654 2370 vidit
1673 2344 1760 2379 posita

965 2389 1135 2423 linteamina,
1157 2397 1213 2417 non
1226 2392 1319 2416 tamen
1340 2388 1459 2416 intravit.
1475 2388 1556 2416 Venit
1578 2396 1643 2425 ergo
1665 2389 1762 2418 Simon

964 2435 1062 2463 Petrus
1086 2441 1203 2469 sequens
1217 2442 1290 2467 eum,
1306 2437 1334 2462 et
1348 2433 1470 2461 introivit
1490 2433 1519 2461 in
1533 2439 1761 2463 monumentum.

966 2481 1002 2507 Et
1015 2479 1088 2507 videt
1102 2478 1260 2506 linteamina
1275 2478 1374 2514 posita,
1388 2482 1416 2506 et
1428 2477 1569 2506 sudarium
1584 2478 1657 2515 quod
1673 2478 1763 2507 fuerat

966 2532 1047 2560 super
1062 2527 1145 2560 caput
1162 2523 1232 2559 ejus,
1245 2531 1301 2550 non
1313 2531 1377 2551 cum
1398 2523 1605 2551 linteaminibus
1627 2523 1760 2559 positum,

965 2569 1013 2597 sed
1023 2568 1169 2605 separatim
1182 2568 1336 2596 involutum
1348 2567 1375 2596 in
1388 2576 1474 2596 unum
1486 2568 1589 2596 locum.
1604 2570 1683 2596 Tunc
1695 2577 1761 2605 ergo

966 2613 1090 2642 introivit
1113 2618 1140 2641 et
1158 2613 1202 2641 ille
1228 2613 1296 2641 alius
1314 2613 1465 2649 discipulus
1484 2613 1531 2649 qui
1556 2617 1665 2640 venerat
1686 2614 1763 2649 prior

966 2659 1000 2687 ad
1029 2661 1254 2692 monumentum,
1278 2657 1400 2694 viditque
1428 2662 1456 2685 et
1479 2657 1605 2685 credidit.
1630 2657 1763 2685 Nondum

967 2703 1042 2731 enim
1056 2707 1189 2731 noverant
1211 2702 1391 2739 Scripturam,
1415 2701 1489 2738 quod
1510 2701 1674 2738 oportuisset
1699 2709 1764 2730 eum

967 2756 981 2776 a
998 2748 1114 2776 mortuis
1134 2755 1287 2784 resurgere.
1304 2747 1438 2775 Abierunt
1452 2755 1516 2782 ergo
1531 2754 1625 2775 rursus
1639 2746 1765 2782 discipu-

968 2792 987 2820 li
1000 2792 1035 2821 ad
1048 2792 1218 2828 semetipsos.
1231 2792 1319 2820 Maria
1332 2796 1424 2820 autem
1439 2791 1530 2819 stabat
1543 2791 1575 2819 ad
1596 2798 1763 2819 monumen-

967 2842 1027 2866 tum
1054 2837 1138 2873 760
1166 2836 1241 2871 foris,
1267 2837 1385 2873 plorans.
1413 2837 1485 2864 Dum
1512 2844 1576 2873 ergo
1607 2836 1695 2870 ﬂeret,
1725 2834 1766 2861 in-
