1927 3076
157 137 206 164 29f

663 131 923 160 THEOPHYLACTI
942 131 1122 161 BULGARLE
1140 132 1298 161 ARCHIEP.

1769 132 1829 159 292

154 196 261 225 clinavit
274 203 304 225 se
317 196 348 225 in
367 199 592 230 monumentum,
608 199 637 224 et
658 195 734 223 videt
752 195 822 223 duos
840 194 952 232 angelos

1016 196 1146 234 ινημεῖον’
1162 196 1207 226 καὶ
1223 196 1318 235 θεωρεῖ
1338 193 1384 224 δύο
1404 193 1533 234 ἀγγέλους
1555 195 1581 224 ἐν
1606 195 1737 232 λευκοῖς,
1757 196 1830 223 καθ-

152 242 267 270 amictos
289 241 370 276 albis,
391 241 518 270 sedentes
532 249 622 270 unum
636 240 670 268 ad
685 245 767 276 caput
792 245 819 268 et
833 240 952 269 alterum

155 287 190 316 ad
204 286 288 324 pedes
302 286 357 315 illic
371 286 417 314 ubi
432 290 579 322 posuerant
601 293 702 322 corpus
715 286 789 313 Jesu.
805 285 908 313 Dicunt
930 285 954 313 ei

155 332 194 360 illi
219 341 227 360 :
252 331 361 366 Mulier,
377 330 444 367 quid
464 331 573 366 ploras?
591 330 663 358 Dicit
684 330 723 358 eis
746 339 753 358 :
776 330 954 358 Sustulerunt

156 377 308 404 Dominum
333 384 438 410 meum,
453 379 482 404 et
501 375 594 404 nescio
608 375 654 403 ubi
669 379 820 411 posuerunt
840 383 914 403 eum.
938 385 951 399 ιι

156 421 228 451 Vide
242 421 287 449 hic
300 429 382 457 quam
398 421 503 449 alienus
516 429 531 449 a
552 420 622 448 fastu
641 420 678 448 sit
696 420 870 455 evangelista,
885 427 954 455 quo-

157 465 242 494 modo
257 469 370 494 testetur
384 465 554 502 diligentiam
576 465 647 493 Petri
662 464 690 492 in
705 463 864 492 scrutando.
883 465 955 492 Nam

157 518 222 539 eum
234 510 291 547 ipse
305 510 489 547 praevenisset,
500 514 526 537 et
540 509 651 538 vidisset
666 521 678 534 ιι
692 509 813 546 jacentia
829 509 923 541 lintea,
940 519 954 533 ι»

158 563 217 584 non
241 555 313 584 ultra
342 555 448 583 curiose
467 555 577 591 qumrit,
609 554 657 583 sed
679 557 820 590 exspectat
841 553 920 581 illum
947 562 954 582 ι

159 602 255 629 Petrus
286 604 379 628 autem
408 600 625 628 ferventissimus
649 599 832 634 introgressus
862 598 955 626 omnia

159 644 306 682 diligenter
329 645 491 681 exploravit,
508 649 573 673 tunc
590 644 634 672 hic
648 648 710 680 post
724 644 801 671 illum
817 644 955 679 ingressus

163 699 177 716 α
186 690 275 718 vidit»
288 690 447 726 sepulcralia
457 690 608 725 separatim
620 689 717 725 posita,
728 699 742 714 te
753 697 785 716 ac
794 687 912 716 credidit
923 698 928 715 :
941 698 955 713 ι)

159 742 214 762 non
229 734 304 771 quod
315 734 477 762 surrexisset
490 734 636 767 Dominus,
651 733 700 761 sed
713 732 788 769 quod
797 732 871 760 furto
885 731 958 759 abla-

160 785 204 808 tus
222 785 301 808 esset.
327 780 450 808 Credidit
472 780 544 808 enim
559 780 651 807 Maria:
666 779 781 813 dicenti,
807 791 820 804 α
836 779 957 807 Sustule-

159 829 223 853 runt
245 825 408 853 Dominum.
423 835 437 852 ››
456 826 546 860 Quare
560 829 654 853 autem
677 823 793 852 credidit
813 823 910 852 Maria:
929 827 956 850 et

1009 240 1162 280 εζομένους,
1189 241 1235 270 ἕνα
1250 239 1315 280 πρὸς
1387 240 1507 281 κεφαλῇ,
1532 239 1577 268 καὶ
1593 238 1640 269 ἕνα
1665 238 1740 280 πρὸς
1769 241 1830 272 τοῖς

1007 287 1103 322 ποσὶν,
1119 286 1185 315 ὅπου
1207 286 1292 315 ἔκειτο
1307 285 1337 314 τὸ
1359 286 1438 324 σῶμα
1463 287 1511 314 105
1525 283 1624 320 Ἰησοῦ.
1642 284 1696 314 Καὶ
1718 283 1830 322 λέγου-

1009 343 1052 360 σιν
1076 332 1142 371 αὐτῇ
1163 332 1269 360 ἐκεῖνοι⁸
1286 329 1385 366 Γύναι,
1408 329 1435 359 τί
1458 329 1577 365 κλαίεις;
1604 328 1682 369 Λέγει
1711 329 1828 361 αὐτοῖς·

1009 375 1075 406 Ὅτι
1089 372 1156 416 ἦραν
1178 375 1221 404 τὸν
1239 375 1337 415 Κύριόν
1354 387 1420 413 μου,
1437 374 1482 403 καὶ
1497 375 1545 403 οὐκ
1560 370 1618 403 οἶδα
1636 377 1687 403 ποῦ
1711 373 1829 408 ἔθηκαν

1009 421 1100 451 αὐτόν.
1117 432 1132 448 n
1151 420 1252 450 Σκόπει
1278 431 1322 457 μοι
1349 420 1378 449 τὸ
1403 422 1448 448 τοῦ
1476 419 1663 458 εὐαγγελιστοῦ
1687 417 1827 457 ἄτυῖνον,

1007 467 1064 499 πῶς
1079 465 1127 501 τὴν
1142 465 1282 504 ἀκρίϐειαν
1305 466 1353 499 τ’ἤς
1369 463 1475 503 ἐρεύνης
1498 465 1536 503 τῷ
1553 463 1650 503 Πέτρῳ
1663 473 1829 501 προσμαρ-

1007 515 1090 551 τυρεῖ,
1117 510 1281 550 Προφθάσας
1307 508 1360 549 γὰρ
1384 508 1474 545 αὐτὸς,
1488 508 1532 538 καὶ
1550 508 1612 537 ἰδὼν
1639 507 1702 537 «τὰ
1723 506 1829 536 ὀθόνια

1009 555 1135 594 κείμενα,
1151 569 1163 581 ιι
1178 554 1252 584 οὐδὲν
1271 555 1352 584 πλέον
1382 555 1621 593 πολυπραγμονεῖ,
1651 552 1726 582 ἀλλὰ
1755 553 1830 581 ἀνα-

1011 600 1084 640 μένει
1104 602 1211 630 ἔκεῖνον.
1239 599 1342 639 Πέτρος
1357 598 1385 628 δὲ
1407 600 1421 627 ὁ
1441 598 1601 638 θερμότατος
1618 597 1756 635 ἐνδοτέρω
1773 609 1829 635 γε-

1009 645 1130 683 νόμενος,
1165 644 1271 674 ἅπαντα
1294 643 1483 674 κατώπτευσεν
1513 642 1649 683 ἀκριϐῶς,
1679 642 1730 671 καὶ
1761 642 1829 671 τότε

1011 685 1083 723 οἶτος
1103 691 1160 728 μετ’
1188 690 1285 718 ἐκεῖνον
1312 687 1458 726 εἰσελθὼν,
1489 698 1504 716 ι(
1528 682 1581 717 εἶδε
1600 699 1614 716 n
1641 686 1676 716 τὰ
1698 686 1829 725 ἐντάφια

1010 734 1174 775 διῃρημένως
1199 734 1327 772 κείμενα,
1359 747 1372 760 ιι
1390 732 1436 762 καὶ
1461 732 1632 768 ἐπίστευσεν,
1650 746 1662 758 ι
1693 734 1753 771 οὐχ
1781 730 1827 759 ὅτι

1011 779 1108 816 ἀνέστη
1124 781 1137 807 ὁ
1162 778 1272 819 Κύριος,
1295 777 1354 807 ἀλλ’
1376 777 1416 806 ὅτι
1431 777 1546 813 ἐκλάπη,
1572 776 1738 819 Ἐπίστευσε
1769 775 1828 815 γὰρ

1011 826 1049 864 τῷ
1074 827 1120 860 τῆς
1151 817 1261 864 Μαρίας
1287 823 1358 863 λόγῳ
1388 821 1521 857 εἰπούσης¹
1543 837 1556 848 «ι
1583 821 1650 852 "Ott
1669 817 1744 861 ἦραν
1777 820 1825 850 τὸν

160 878 216 898 non
237 870 364 906 cogitavit
391 869 465 905 quod
486 869 667 897 surrexisset?
696 878 710 895 ιι
732 868 863 897 Nondum
884 868 957 895 enim

1016 869 1119 908 Κύριον.
1134 883 1146 895 ι
1173 868 1225 898 Διὰ
1241 868 1267 897 τί
1285 868 1424 897 ἐπίστευσε
1439 870 1471 906 τῇ
1489 866 1600 906 Μαρίᾳ,
1618 866 1664 896 καὶ
1681 867 1732 895 οὖκ
1750 866 1824 894 ἐλο-

160 915 294 942 seiverant
306 914 487 950 Scripturam,
495 913 569 950 quod
582 913 728 949 oportebat
741 921 806 941 eum
816 920 830 940 a
841 913 958 940 mortuis

159 967 312 995 resurgere,
329 971 342 984 ιι
358 963 386 987 et
397 963 538 995 propterea
554 958 729 986 crediderunt
748 958 854 992 Maria,
869 957 955 993 suspi-

157 1008 309 1040 canturque
330 1004 435 1032 furtum
457 1008 485 1031 et
502 1003 679 1031 ablationem.
695 1002 782 1038 Igitur
803 1002 829 1030 hi
845 1002 957 1038 quidem

162 1062 174 1074 ι
193 1049 320 1078 abierunt
335 1048 375 1077 ad'
389 1049 504 1084 seipsos,
524 1058 539 1075 ι)
554 1048 582 1076 id
597 1052 638 1077 est
652 1056 699 1084 per
713 1048 828 1083 seipsos,
845 1051 873 1075 et
887 1047 956 1074 nihil

160 1095 230 1123 ultra
260 1094 397 1122 curiosius
419 1093 600 1130 inquirentes.
633 1095 670 1121 At
701 1093 788 1120 Maria
817 1092 957 1128 (muliebre

161 1140 234 1168 enim
258 1147 345 1176 genus
370 1138 562 1167 affectionibus
584 1138 669 1174 magis
698 1137 849 1166 obnoxium
872 1141 899 1165 et
923 1136 957 1165 ad

161 1184 294 1220 Iacrymas
327 1186 505 1220 propensum)
539 1188 604 1212 ante
637 1183 794 1218 sepulcrum
830 1185 896 1216 stat,
931 1185 958 1209 et

162 1230 258 1266 plorat.
279 1229 349 1265 Quia
369 1229 442 1257 enim
461 1236 518 1256 non
539 1227 657 1256 habebat
671 1229 777 1260 Jesum,
800 1227 842 1254 vel
865 1226 957 1254 locum

161 1273 258 1302 videns
277 1274 304 1301 in
325 1282 380 1310 quo
398 1273 488 1301 fuerat
506 1273 627 1309 positum
648 1272 826 1301 desiderabile
846 1279 956 1308 corpus,

162 1327 194 1348 ex
215 1319 268 1347 hoc
290 1319 349 1347 solo
368 1318 583 1347 consolationem
607 1317 709 1346 invenit
731 1327 737 1345 :
761 1317 835 1345 unde
858 1321 886 1344 et
901 1325 958 1344 ma-

160 1364 251 1400 jorem
283 1368 405 1392 meretur
439 1363 574 1391 visionem
608 1371 692 1398 quam
721 1361 855 1398 discipuli.
890 1363 958 1397 Quae

160 1409 233 1437 enim
249 1409 285 1437 illi
300 1416 357 1437 non
370 1408 508 1442 viderunt,
520 1416 550 1435 ea
572 1407 632 1435 haec
649 1407 802 1442 conspicata
817 1412 869 1440 est,
888 1406 958 1434 duos

160 1454 272 1489 angelos
298 1465 311 1478 ι
338 1454 461 1489 inquam.
477 1452 606 1480 Maxima:
627 1455 718 1479 autem
737 1451 913 1479 consolationi
934 1451 958 1479 ei

161 1502 220 1526 erat
242 1498 401 1534 angelorum
431 1501 604 1533 conspectus,
640 1500 667 1524 et
695 1495 814 1532 fulgidus
847 1495 956 1524 illorum
975 1493 997 1525 C

162 1543 279 1571 habitus.
301 1552 317 1569 ιι
330 1542 432 1570 Sedere
445 1546 537 1569 autem
559 1549 645 1569 unum
658 1540 692 1569 ad
704 1545 786 1577 caput
800 1544 827 1568 et
839 1541 956 1569 alterum

161 1587 292 1624 adpedes,
315 1596 330 1614 η
356 1586 512 1614 manifestat
534 1586 609 1622 quod
632 1586 719 1614 sciant
737 1585 803 1621 quid
822 1585 958 1621 amplius,

162 1637 189 1660 et
210 1632 232 1660 si
246 1636 387 1667 rogentur,
403 1639 483 1668 posse
501 1630 611 1659 docere.
627 1632 713 1658 Porro
732 1630 859 1664 dicendo,
879 1631 959 1658 «Cur

163 1677 272 1713 ploras?
284 1688 296 1701 n
306 1684 404 1712 magna
414 1675 606 1712 compassione
615 1676 726 1712 plenum
741 1680 789 1703 est.
802 1677 872 1704 Nam
883 1680 913 1703 ut
924 1683 958 1704 ne

163 1722 290 1749 turbetur
305 1721 402 1749 mulier
421 1721 637 1757 interrogatione
654 1721 713 1755 hac,
727 1721 958 1756 perturbationem

163 1767 287 1794 mulieris
309 1767 473 1802 reprimunt,
496 1770 638 1794 mansuete
659 1774 690 1794 ac
713 1765 815 1802 placide
831 1766 958 1800 dicendo.

166 1821 180 1837 ι(
193 1811 298 1846 Mulier,
314 1811 380 1848 quid
393 1811 522 1848 ploras?»
537 1812 584 1839 Illa
597 1815 688 1839 autem
701 1819 799 1848 magna
812 1810 959 1839 affectione

163 1861 191 1884 et
215 1864 310 1884 amore
326 1856 404 1890 dicit,
431 1867 443 1880 ιι
460 1855 636 1884 Sustulerunt
653 1856 803 1883 Dominum
823 1864 925 1888 meum,
943 1865 957 1882 υ

162 1906 358 1938 proptereaque
372 1901 450 1937 ploro
471 1901 585 1929 :nescio
599 1901 675 1928 enim
697 1909 752 1937 quo
773 1901 962 1928 transtulerint

163 1954 239 1982 eum,
253 1951 283 1974 ut
291 1954 323 1974 eo
333 1946 570 1982 vadensinungam
581 1953 692 1981 corpus,
703 1950 731 1973 et
742 1946 781 1973 vel
792 1945 961 1972 mediocrem

163 1999 194 2019 ex
214 1999 247 2020 eo
269 1990 487 2019 consolationem
507 1991 654 2018 inveniam.
677 1992 718 2018 Tu
742 1998 804 2017 vero
827 1989 901 2017 disce
920 1989 963 2018 hic

165 2036 276 2063 Petrum
302 2034 455 2070 practicum
481 2038 508 2061 et
536 2033 681 2068 fervidum,
709 2034 845 2061 Joannem
868 2037 962 2061 autem

163 2079 407 2115 coutemplativum
428 2083 456 2107 et
470 2080 506 2107 ad
525 2079 680 2107 divinorum
698 2078 885 2114 cognitionem
906 2078 964 2106 ido-

163 2132 258 2152 neum.
283 2124 388 2160 Stepius
409 2124 493 2160 igitur
515 2123 746 2160 eontemplativus
766 2122 923 2159 cognitione
937 2126 964 2150 et

163 2169 272 2205 ingenio
304 2169 447 2205 prazvenit,
473 2169 608 2205 practicus
632 2173 725 2196 autem
754 2168 887 2204 posterior
910 2171 961 2202 est,

1012 914 1122 953 γίσατο,
1148 912 1188 942 ὅτι
1204 913 1319 949 niveam;
1342 926 1354 938 κ
1375 911 1461 942 Οὔπω
1476 911 1527 952 γὰρ
1548 912 1659 952 ᾔδεισαν
1676 910 1726 946 τὴν
1749 912 1826 949 Γραο

1012 959 1081 1000 φὴν,
1101 959 1139 987 ὅτι
1156 959 1196 988 δεῖ
1217 958 1294 988 αὐτὸν
1316 958 1345 986 ἐκ
1362 958 1461 997 νεκρῶν
1486 959 1649 992 ἀναστῆναι,
1666 967 1680 985 ι)
1702 955 1756 984 καὶ
1775 955 1824 984 διὰ

1011 1006 1088 1033 τοῦτο
1103 1003 1259 1033 ἐπίστευσαν
1276 1005 1309 1042 τῇ
1331 1001 1440 1042 Μαρία,
1463 1000 1565 1037 κλοπὴν
1595 1000 1641 1030 καὶ
1666 1000 1823 1040 μετάθεσιν

1011 1053 1057 1078 τοῦ
1073 1048 1194 1086 σώματος
1209 1047 1407 1087 ὓποπτευούσῃ.
1425 1042 1509 1077 Οὗτοι
1531 1046 1579 1085 μὲν
1595 1041 1640 1076 οἷν
1660 1059 1672 1072 ιι
1691 1047 1824 1080 ἀπῆλθον

1014 1093 1077 1133 πρὸς
1095 1093 1204 1129 αὖτοὺς,
1221 1107 1232 1118 ι
1248 1092 1383 1129 τουτέστι,
1406 1092 1464 1121 καθ’
1487 1090 1611 1127 ἑαυτοὺς,
1636 1090 1709 1120 οὐδὲν
1727 1089 1818 1118 πλέον

1012 1138 1259 1178 περιεργασάμενοι.
1288 1137 1378 1177 Μαρία
1403 1136 1430 1165 δὲ
1458 1136 1505 1176 (τὸ
1530 1136 1582 1176 γὰρ
1597 1139 1752 1175 γυναικεῖον
1772 1133 1823 1173 γέ-

1012 1195 1053 1216 νος
1078 1182 1220 1222 περιπαθὲς
1247 1181 1293 1211 καὶ
1324 1181 1486 1222 φιλόδακρυ)
1515 1181 1579 1222 προς
1616 1180 1647 1210 τὸ
1681 1181 1822 1217 μνημεῖον

1010 1228 1119 1257 ἵσταται
1141 1227 1187 1256 καὶ
1208 1226 1306 1256 κλαίει.
1325 1225 1401 1255 Ἐπεὶ
1417 1226 1469 1266 γὰρ
1485 1227 1530 1255 οὐκ
1546 1220 1602 1265 εἶχε
1621 1224 1666 1254 τὸν
1682 1224 1798 1260 Ἰησοῖν
1809 1246 1819 1260 ,

1013 1272 1055 1302 τὸν
1080 1274 1159 1302 τόπον
1191 1271 1284 1311 βλέπει
1308 1271 1369 1300 ἔνθα
1398 1271 1428 1300 τὸ
1454 1271 1616 1309 ποθούμενον
1637 1271 1717 1308 σῶμα
1744 1281 1822 1299 κατ-

1013 1317 1108 1354 ετέθη,
1143 1319 1173 1346 ἐκ
1201 1316 1295 1346 τούτου
1324 1315 1404 1354 μόνου
1436 1314 1608 1356 παραμυθίαν
1639 1314 1820 1354 εὓρίσκουσα⁶

1012 1363 1069 1392 ὅθεν
1094 1361 1140 1391 καὶ
1156 1361 1274 1395 ἀξιοῦται
1291 1361 1409 1399 μείζονος
1428 1360 1577 1399 ὀπτασίας,
1595 1358 1611 1395 ἢ
1636 1360 1659 1388 οἱ
1677 1358 1817 1397 μαθηταί.

1012 1406 1044 1437 Ἃ
1067 1406 1118 1446 γὰρ
1146 1406 1240 1435 ἐκεῖνοι
1270 1407 1317 1435 οὔκ
1347 1399 1434 1441 εἶδον,
1462 1407 1546 1434 ταῦτα
1576 1405 1643 1440 αὖτή
1672 1403 1821 1440 τεθέαται,

1015 1466 1025 1478 ιι
1043 1452 1088 1481 δύο
1109 1450 1236 1490 ἀγγέλους
1259 1464 1272 1477 ι
1290 1450 1369 1490 φημί.
1397 1451 1443 1483 Εἷς
1473 1449 1602 1489 μεγίστην
1621 1449 1648 1478 δὲ
1672 1450 1741 1487 αὐτῇ
1763 1460 1821 1477 πα-

1013 1496 1143 1536 ραμυθίαν
1167 1499 1183 1533 ἡ
1205 1497 1256 1525 τῶν
1274 1495 1392 1534 ἀγγέλων
1417 1495 1474 1535 ὄψις
1501 1495 1615 1534 ἐγένετο.
1642 1494 1697 1524 Καὶ
1714 1494 1769 1532 γὰρ
1788 1493 1819 1522 τὸ

1012 1543 1106 1582 σχῆμα
1131 1541 1217 1570 αὐτῶν
1240 1540 1365 1581 φαιδρὸν,
1382 1540 1429 1569 καὶ
1449 1539 1479 1568 τὸ
1504 1542 1635 1574 καθῆσθαι
1652 1538 1679 1568 δὲ
1696 1537 1818 1574 αὐτοὺς,

1013 1599 1028 1615 (ι
1044 1586 1090 1616 ἕνα
1107 1585 1172 1626 πρὸς
1242 1586 1364 1625 κεφαλῇ,
1384 1584 1430 1614 καὶ
1458 1583 1503 1614 ἕνα
1526 1583 1592 1624 πρὸς
1607 1583 1660 1617 τοῖς
1681 1583 1763 1613 ποσὶν
1774 1607 1782 1619 ,
1798 1593 1814 1611 ))

1011 1630 1132 1672 ἐμφαίνει
1157 1629 1251 1664 αὖτοὺς
1274 1629 1375 1663 εἰδότας
1400 1641 1426 1658 τι
1448 1628 1541 1666 πλέον,
1567 1629 1613 1658 καὶ
1635 1629 1680 1658 ἐὰν
1699 1630 1814 1667 ἐρωτη-

1011 1678 1092 1713 θῶσι,
1112 1675 1214 1710 διδάξαι
1238 1674 1406 1712 δυναμένους.
1435 1674 1489 1704 Καὶ
1517 1674 1546 1704 τὸ
1571 1673 1654 1703 εἰπεῖν
1672 1672 1718 1712 δὲ,
1740 1684 1757 1702 α
1774 1671 1814 1702 Τί

1011 1720 1127 1758 κλαίεις,
1149 1731 1163 1749 n
1194 1719 1359 1759 συμπαθείας
1385 1720 1486 1755 πολλῆς
1509 1718 1597 1757 γέμει.
1624 1717 1685 1748 Ἵνα
1701 1717 1757 1757 γὰρ
1776 1716 1817 1756 μὴ

1011 1768 1132 1806 ταραχθῇ
1148 1767 1184 1798 ὥς
1200 1764 1285 1805 γυνὴ,
1310 1764 1354 1794 διὰ
1375 1765 1423 1799 τῆς
1449 1763 1603 1803 ἐρωτήσεως
1632 1762 1734 1799 ταύτης
1762 1774 1816 1791 κα-

1011 1810 1200 1840 ταστέλλουσιν
1228 1811 1308 1845 αὐτῆς
1332 1809 1378 1845 τὴν
1407 1807 1548 1848 ταραχὴν,
1572 1809 1720 1845 συμπαθῶς
1742 1807 1816 1836 οὕτω

1011 1856 1056 1885 καὶ
1077 1855 1167 1895 πράως
1192 1854 1383 1894 ἐρωτήσαντες·
1406 1867 1418 1880 ιι
1444 1853 1545 1889 Γύναι,
1561 1852 1587 1882 τί
1610 1853 1726 1889 κλαίεις;
1747 1865 1760 1878 ι
1780 1852 1816 1882 Ἱί

1014 1901 1040 1930 δὲ
1056 1893 1211 1940 περιπαθῶς
1231 1898 1290 1937 ἅμα
1315 1899 1362 1928 καὶ
1387 1897 1585 1939 φιλοστόργως,
1615 1911 1626 1923 ι
1644 1897 1718 1927 Διότι
1741 1893 1816 1936 ἦραν

1012 1945 1057 1974 τὸν
1082 1944 1180 1984 Κύριόν
1194 1945 1269 1982 ²μου,
1285 1955 1300 1971 n
1319 1943 1399 1983 φησὶ,
1422 1943 1465 1972 διὰ
1486 1945 1564 1972 τοῦτο
1590 1941 1686 1972 κλαίω’
1705 1942 1734 1970 οὖ
1762 1941 1816 1982 γὰρ

1014 1985 1074 2020 οῖδα
1099 1992 1151 2018 1105
1176 1987 1324 2026 μετέθηκαν
1351 1987 1446 2025 αὐτὸν,
1469 1986 1513 2017 ἵνα
1537 1989 1623 2017 ἐκεῖσε
1644 1987 1816 2021 ἀπελθοῦσα,

1015 2036 1149 2074 περιχυθῶ
1163 2035 1201 2073 τῷ
1221 2032 1344 2071 σώματι,
1367 2032 1414 2062 καὶ
1438 2031 1612 2072 παραμυθίαν
1637 2031 1742 2072 εὓρήσω
1768 2042 1815 2070 με-

1015 2080 1089 2119 τρίαν
1103 2081 1176 2118 γοῦν.
1197 2077 1237 2107 Σὺ
1253 2077 1282 2106 δέ
1297 2089 1342 2116 μοι
1357 2077 1410 2108 νόει
1427 2078 1530 2117 Πέτρον
1546 2076 1609 2116 μὲν,
1622 2077 1653 2105 τὸ
1667 2076 1815 2116 πρακτικὸν

1016 2124 1062 2154 καὶ
1076 2123 1183 2164 θερμόν·
1212 2122 1341 2159 Ἰωάννην
1365 2122 1412 2160 δὲ,
1429 2122 1459 2151 τὸ
1473 2121 1703 2164 θεωρητικὸνῌκαὶ
1723 2120 1816 2162 εὐφυὲς

1016 2169 1078 2210 περὶ
1099 2161 1146 2204 τὴν
1164 2170 1215 2198 τῶν
1233 2167 1308 2197 θείων
1332 2169 1443 2207 γνῶσιν.
1468 2166 1607 2200 Πολλάκις
1623 2161 1668 2195 οὖν
1690 2161 1815 2210 προλαμ-

162 2219 283 2243 atlamen
304 2212 413 2242 fervore
433 2222 465 2242 ac
480 2213 570 2241 studio
596 2214 667 2242 illius
681 2213 763 2241 vincit
781 2221 909 2241 acumen.
931 2214 957 2241 E1

1018 2208 1092 2243 ϐάνει
1109 2213 1156 2252 μὲν
1180 2215 1194 2242 ὁ
1214 2214 1371 2253 θεωρητικὸς
1385 2214 1418 2251 τῇ
1442 2211 1537 2252 γνώσει
1564 2211 1610 2241 καὶ
1626 2213 1659 2251 τῇ
1682 2208 1787 2251 εὐφυΐα*
1801 2211 1815 2239 ὁ

1020 2259 1040 2265 λι
1185 2257 1192 2265 \
1236 2259 1244 2265 μ
1328 2262 1339 2265 .-
1389 2257 1441 2265 ,εε1
1461 2255 1474 2265 Α
1562 2258 1579 2265 ρ.
1605 2258 1617 2265 Λ
1679 2255 1686 2265 Ι
1801 2255 1807 2265 1

163 2259 235 2288 videt
249 2259 323 2295 prior
334 2259 457 2287 divinum
475 2258 613 2295 quoddam
630 2258 794 2294 mysterium
815 2258 959 2294 practicus.

162 2306 207 2332 An
222 2312 277 2332 non
292 2304 346 2332 tale
364 2303 496 2340 quiddam
516 2303 653 2339 contingit
669 2303 696 2330 in
716 2303 880 2339 disciplinis?
897 2305 961 2332 Ete-

162 2349 218 2377 nim
229 2357 293 2377 cum
307 2348 362 2377 duo
377 2349 453 2384 pueri
466 2352 540 2382 sunt,
554 2356 626 2376 unus
640 2348 750 2384 ingenio
763 2349 878 2381 acutior,
894 2349 962 2376 alter

162 2394 278 2427 tardior,
290 2397 462 2429 praeoccupat
476 2393 521 2421 hie
535 2401 585 2421 suo
599 2393 691 2421 studio
701 2393 871 2421 velocitatem
885 2397 963 2422 natu-

163 2447 201 2467 ra:
222 2439 342 2466 alterius.
362 2438 469 2466 Etenim
485 2438 511 2465 in
526 2438 715 2474 spiritualibus
729 2447 801 2474 saepe
815 2439 961 2474 practicus,

162 2488 191 2512 et
204 2491 335 2512 sermone
345 2483 438 2517 idiota,
454 2491 535 2512 sensu
548 2483 680 2520 quiddam
694 2484 838 2512 sublimius
850 2484 963 2520 percipit

162 2527 385 2563 contemplativa.
400 2527 455 2556 Sed
470 2533 498 2557 et
509 2529 601 2557 omnis
619 2529 711 2557 anima
725 2536 787 2565 quae
806 2529 963 2557 dominatur

161 2571 362 2608 affectionibus,
383 2573 469 2602 Maria
495 2573 606 2602 dicitur.
631 2575 748 2610 Purgata
775 2574 856 2610 761
881 2574 964 2609 igitur

164 2626 212 2655 per
232 2617 411 2646 affectionum
429 2618 641 2655 depositionem,
665 2619 739 2647 videt
760 2620 858 2647 Jesum
880 2619 963 2647 simul

162 2665 253 2692 Deum
267 2667 295 2691 et
309 2663 459 2692 hominem.
474 2666 547 2693 Nam
562 2664 720 2701 angelorum
738 2672 808 2693 unus
827 2663 873 2700 qui
896 2673 910 2690 ι(
930 2663 965 2693 ad

163 2714 244 2746 caput
264 2719 279 2736 ν
295 2709 381 2744 sedet,
405 2709 517 2738 deitatis
529 2709 686 2746 symbolum
700 2714 750 2744 est,
771 2710 842 2738 alter
864 2714 959 2738 autem

167 2764 180 2779 ι(
198 2754 231 2782 ad
247 2754 329 2790 pedes
343 2764 356 2781 »
370 2754 563 2783 incarnationis
579 2755 670 2789 Verbi,
686 2763 749 2792 qua:
764 2760 805 2784 est
827 2760 960 2784 extrema.

1017 2259 1044 2288 δὲ
1068 2257 1212 2298 πρακτικὸς
1235 2259 1358 2298 ὓστερεῖ,
1382 2257 1441 2286 ἀλλ’
1458 2255 1530 2296 ὅμως
1546 2258 1580 2296 τῇ
1604 2255 1747 2296 θερμότητι
1765 2255 1811 2285 καὶ

1015 2305 1100 2344 πολλῇ
1116 2303 1219 2343 σπουδῇ
1234 2306 1294 2343 νικᾷ
1308 2302 1355 2338 τὴν
1379 2302 1479 2331 ἐκείνου
1494 2301 1608 2338 ὀξύτητα
1619 2322 1627 2337 ,
1649 2300 1696 2329 καὶ
1720 2300 1812 2340 βλέπει

1015 2351 1120 2388 πρῶτος
1148 2348 1216 2377 θεῖόν
1242 2359 1268 2377 τι
1296 2346 1441 2387 μυστήριον
1467 2348 1481 2375 ὁ
1505 2344 1660 2386 πρακτικός.
1687 2343 1725 2375 Ἢ
1753 2344 1813 2384 οὐχ).

1015 2392 1133 2423 τοιοῦτόν
1155 2404 1181 2422 τι
1195 2392 1241 2423 καὶ
1260 2394 1287 2423 ἐν
1311 2393 1365 2425 τοῖς
1389 2391 1531 2430 μαθήμασι
1551 2390 1669 2430 γίνεται;
1696 2390 1749 2420 Καὶ
1763 2390 1814 2429 γὰρ

1016 2439 1041 2468 ἐν
1057 2438 1160 2473 τούτοις
1183 2437 1229 2467 δύο
1251 2437 1355 2466 παίδων
1371 2436 1469 2474 ὄντων,
1493 2438 1507 2465 ὁ
1526 2435 1685 2476 ἀφυέστερος
1706 2435 1751 2464 καὶ
1767 2435 1814 2474 ἀρ-

1016 2483 1120 2523 γότερος
1134 2481 1320 2523 προλαμϐάνει
1341 2483 1375 2522 τῇ
1402 2482 1504 2521 σπουδῇ
1533 2481 1563 2511 τὸ
1587 2480 1668 2521 τάχος
1698 2481 1746 2515 τῆς
1767 2481 1812 2509 105

1019 2529 1109 2568 ἑτέρου
1130 2527 1241 2568 φύσεως.
1269 2529 1326 2557 Κάν
1345 2531 1398 2560 τοῖς
1422 2527 1612 2565 πνευματικοῖς
1636 2524 1664 2554 δὲ
1686 2523 1814 2557 πολλάκις

1017 2575 1030 2602 ὁ
1048 2572 1190 2613 πρακτικὸς
1204 2571 1250 2601 καὶ
1275 2570 1380 2607 ἰδιώτης
1394 2573 1433 2611 τῷ
1459 2571 1530 2611 λόγῳ
1541 2594 1549 2609 ,
1566 2569 1654 2608 νόημά
1667 2581 1693 2599 τι
1709 2568 1814 2603 ἐδέξατο

1017 2611 1136 2658 κρεῖττον
1168 2619 1214 2646 τοῦ
1243 2618 1415 2657 θεωρητικοῦ.
1449 2615 1530 2645 Ἀλλὰ
1556 2615 1602 2645 καὶ
1637 2619 1712 2643 πᾶσα
1739 2611 1812 2654 ψυχὴ

1018 2661 1178 2702 κυριεύσασα
1196 2663 1248 2690 τῶν
1270 2663 1361 2690 παθῶν
1387 2660 1481 2701 Μαρία
1505 2659 1623 2698 λέγεται.
1643 2661 1813 2698 Καθαρθεῐσα

1015 2702 1059 2736 οὖν
1075 2707 1115 2735 διὰ
1136 2708 1182 2742 τῆς
1206 2706 1354 2745 ἀπαθείας,
1378 2708 1426 2746 δρᾷ
1452 2705 1499 2734 τὸν
1522 2705 1626 2741 Ἰησοῦν
1651 2704 1720 2734 Θεὸν
1747 2704 1811 2741 ὁμοῦ

1016 2751 1061 2781 καὶ
1076 2751 1222 2791 ἄνθρωπον.
1239 2753 1274 2781 Οἱ
1294 2751 1343 2791 γὰρ
1361 2751 1476 2791 ἄγγελοι,
1491 2751 1504 2779 ὁ
1522 2749 1569 2788 μὲν
1586 2764 1596 2775 ι
1607 2749 1673 2788 πρὸς
1732 2759 1814 2787 κεφα-

164 2797 197 2835 λῇ
216 2809 226 2821 υ
243 2795 391 2834 καθήμενος
405 2797 452 2832 τῆς
476 2795 596 2832 θεότητός
615 2797 671 2827 ἐστι
694 2795 836 2837 σύμϐολον·
861 2798 875 2827 ὃ
891 2796 918 2826 δὲ
937 2809 950 2822 ι
970 2796 1033 2837 πρὸς
1046 2796 1099 2831 τοῖς
1111 2797 1189 2833 ποσὶ,
1205 2810 1217 2823 ι
1233 2799 1280 2833 τῆς
1296 2796 1410 2836 ἐσχάτης
1424 2798 1471 2825 105
1487 2795 1575 2834 Λόγου
1591 2792 1762 2835 σαρκώσεως.
