1927 3076
84 141 138 169 293

479 140 675 171 ENARRATIO
694 142 727 171 IN
746 141 894 171 EVANGEI

951 143 965 172 ί
981 143 1130 174 JOANNIS.
1151 160 1186 167 -
1204 146 1278 174 CAP.
1299 145 1350 174 XX.

1693 145 1745 172 294

129 217 145 230 ιι
171 202 227 234 Καὶ
255 206 342 234 ταῦτα
368 203 500 241 εἰποῦσα,
528 205 648 245 ἐστράφη
682 206 719 239 εἷς
743 205 777 235 τὰ
801 205 888 236 ὀπίσω

976 208 1063 237 Vsus.
1093 211 1185 237 14-18.
1203 221 1215 233 -
1230 209 1297 236 Haec
1320 214 1386 236 cum
1412 205 1538 240 dixisset,
1553 213 1682 234 conversa
1704 210 1746 235 est

87 247 134 277 καὶ
158 251 251 288 Θεωρεῖ
275 247 320 278 τὸν
347 247 450 284 Ἰησοῦν
477 250 599 286 ἑστῶτα,
624 250 671 280 καὶ
697 251 744 280 οὐκ
764 250 824 291 ᾔδει
845 249 886 280 ὅτι

86 291 190 328 Ἰησοῦς
220 293 288 323 ἐστι.
319 292 400 331 Λέγει
429 294 498 333 αὐτῇ
527 295 541 323 6
578 294 692 330 Ἰησοῦς·
734 296 832 333 Γύναι,
861 294 887 324 τί

86 338 205 373 κλαίεις;
219 337 279 366 τίνα
295 338 396 374 ζητεῖς;
421 337 530 374 Ἐκείνη
551 338 578 368 δὲ
602 340 731 376 δοκοῦσα,
748 339 788 369 ὅτι
803 341 818 368 ὁ
838 352 887 376 κη-

86 381 186 421 πουρός
203 383 275 418 ἐστι,
290 381 361 420 λέγει
372 383 457 423 αὐτῷ’
475 383 570 423 Κύριε,
587 385 610 413 εἰ
626 383 658 413 σὺ
674 383 827 418 ἐϐάστασας
840 385 888 414 αὖ-

86 426 149 464 τὸν,
162 426 220 456 εἰπέ
239 438 300 464 μοι,
316 430 367 456 ποῦ
383 426 479 463 ἔθηκας
504 428 597 465 αὐτὸν,
620 427 696 467 κάγὼ
719 430 798 459 αὐτὸν
816 431 884 469 ἀρῶ.

87 471 169 510 Λέγει
196 472 264 511 αὐτῇ
289 473 302 500 6
329 471 442 507 Ἰησοῦς·
469 473 572 513 Μαρία.
609 474 763 514 Στραφεῖσα
799 475 886 511 ἐκείνη

87 515 160 554 λέγει
183 518 265 556 αὐτῷ·
281 515 459 556 Ῥαϐουνὶ,ὃ
482 517 607 557 λέγεται,
628 519 781 548 διδάσκαλε.
807 519 888 558 Λέγει

87 562 156 602 αὐτῇ
174 563 188 591 6
212 561 325 597 Ἰησοῦς·
352 562 398 597 Μή
416 574 467 599 μου
493 561 589 592 ἅπτου·
611 562 686 592 οὔπω
707 562 759 603 γὰρ
786 564 887 593 ἀναϐέ-

89 605 163 641 ϐηκα
189 606 255 645 πρὸς
275 605 320 635 τὸν
347 606 458 646 Πατέρα
475 618 536 645 μου.
557 608 675 648 Πορεύου
698 608 726 637 δὲ
742 609 808 648 πρὸς
829 608 889 643 τοὺς

88 649 218 690 ἀδελφούς
233 661 301 689 μου,
318 651 363 680 καὶ
385 651 443 681 εἰπὲ
465 653 563 686 αὐτοῖς·
589 652 738 682 Ἀναϐαίνω
758 653 823 693 πρὸς
844 655 888 684 τὸν

91 695 202 734 Πατέρα
219 706 270 732 μου
282 718 290 732 ,
307 696 352 724 καὶ
368 696 480 735 Πατέρα
496 698 571 735 ὑμῶν
583 721 591 733 ,
608 697 654 726 καὶ
673 697 743 728 Θεόν
759 709 828 736 μου,
843 698 890 728 καὶ

91 741 162 771 Θεὸν
179 741 265 779 ὑμῶν.
286 739 418 780 Ἔρχεται
439 740 534 781 Μαρία
551 744 567 777 ἡ
592 742 780 781 Μαγδαληνὴ,
801 744 890 782 ἄπαγ-

91 785 231 827 γέλλουσιέ
241 785 294 818 τοῖς
305 788 450 822 μαθηταῖς,
472 786 512 816 ὅτι
528 786 630 827 ἑώρακε
652 787 696 816 τὸν
715 786 826 827 Κύριον,
844 789 890 817 καὶ

92 831 180 858 ταῦτα
206 824 278 859 εἶπεν
295 831 374 870 αὐτῇ.
399 843 411 856 υ
441 830 519 864 Τίνος
539 824 627 860 ἕνεκεν
652 824 770 872 ἐστράφη
797 833 832 865 εἷς
857 832 891 861 τὰ

93 875 182 903 ὀπίσω
198 873 312 914 Μαρία;
334 875 398 914 πρὸς
412 874 463 914 γὰρ
481 875 540 909 τοὺς
556 876 683 915 ἀγγέλους
702 877 848 914 ὁμιλοῦσα.
866 877 891 906 τί

94 918 242 956 πέπονθεν,
262 918 305 948 ἵνα
321 922 426 960 στραφῇ
449 921 484 953 εἷς
501 919 534 949 τὰ
559 919 658 950 ὀπίσω⁸
681 919 790 951 Ἔοικεν
805 917 849 951 οὖν
865 922 891 951 ἐν

94 963 149 1004 ὅσῳ
170 963 238 1000 αὕτη
261 965 315 997 τοῖς
342 965 462 1003 ἀγγέλοις
480 964 594 1004 ὡμίλει,
616 967 630 994 6
657 966 762 1002 Ἰησοῦς
786 966 894 1000 ἐπιστὰς

94 1009 205 1038 ὄπισθεν
228 1009 324 1045 αὐτῆς,
344 1009 473 1044 ἐκπλῆξαι
495 1009 608 1047 αὖτοὺς,
634 1010 770 1044 κάκείνους
794 1013 893 1041 θεασα-

96 1054 191 1092 μένους
212 1053 256 1083 τὸν
272 1055 427 1090 Δεσπότην,
446 1054 491 1084 καὶ
511 1056 549 1094 τῷ
573 1055 710 1095 σχήματι,
727 1054 773 1084 καὶ
795 1057 834 1096 τῷ
850 1068 892 1085 κι-

93 1098 276 1140 νήματιηκαὶ
299 1100 337 1139 τῷ
352 1098 488 1138 βλέμματι
514 1100 631 1140 ἐμφῆναι
656 1100 769 1136 εὐθέως,
793 1099 834 1130 ὃτι
848 1101 893 1130 τὸν

95 1143 194 1183 Κύριον
210 1138 296 1180 εἶδον,
322 1144 370 1173 καὶ
394 1146 472 1173 τοῦτο
497 1143 546 1180 τὴν
556 1138 679 1184 γυναῖκα
702 1146 809 1174 ἰδοῦσαν
833 1146 894 1174 ἐπι-

95 1190 245 1228 στραφῆναι
272 1189 307 1221 εἰς
335 1187 369 1217 τὰ
397 1188 494 1219 ὀπίσω.
530 1191 593 1223 Τοῖς
624 1189 672 1228 μὲν
699 1185 744 1219 οὖν
773 1191 894 1229 ἀγγέλοις

94 1233 176 1272 τυχὸν
194 1233 220 1262 ἰν
235 1233 408 1268 ἐκπλήττοντι
428 1234 551 1274 σχήματι
570 1234 672 1274 ἐφάνη,
754 1234 781 1264 δὲ
796 1235 893 1276 Μαρία

94 1278 213 1314 οὐκέτι,
235 1277 292 1308 ἀλλ’
309 1279 335 1307 ἐν
351 1279 450 1308 εὐτελεῖ
466 1279 511 1308 καὶ
533 1280 623 1319 κοινῷ.
651 1279 699 1309 Διὸ
724 1278 770 1309 καὶ
794 1292 894 1316 κηπου-

95 1322 140 1362 ρὸν
162 1322 239 1351 αὐτὸν
263 1323 382 1360 ἐνόμισεν
406 1318 489 1361 εἶναι,
515 1326 560 1353 τοῦ
585 1323 673 1359 κήπου
699 1324 802 1360 δηλαδὴ
828 1326 894 1354 ἐκεί-

96 1379 158 1403 νου,
172 1368 199 1396 ἐν
213 1362 235 1407 ᾧ
254 1367 285 1396 τὸ
307 1372 435 1406 μνημεῖον
450 1363 495 1404 ἧν.
508 1365 591 1398 ιὍθεν
606 1369 653 1398 καί
669 1380 744 1408 φησι·
763 1382 775 1396 α
795 1369 876 1409 Κύριε
886 1392 894 1406 ,

97 1413 120 1441 εἰ
135 1411 168 1440 σὺ
190 1412 340 1446 ἐϐάστασας
355 1413 445 1442 αὐτόν·
463 1425 478 1441 υ
495 1412 630 1443 τουτέστιν
641 1436 650 1452 ,
669 1413 701 1443 lii
718 1413 749 1443 σὺ
773 1413 894 1455 ἔκλεψας·

98 1456 144 1486 καὶ
163 1457 194 1486 οὗ
218 1457 289 1496 λέγει
311 1457 355 1486 τὸν
378 1457 498 1494 Ἰησοῦν,
513 1457 582 1492 ἀλλ’,
609 1471 622 1485 ς
639 1457 717 1488 αὐτὸν
728 1481 736 1495 ,
754 1472 765 1484 ι
781 1459 817 1492 ὣς
833 1459 897 1498 πρὸς

941 257 1105 288 retrorsum,
1131 258 1159 282 et
1182 252 1257 282 videt
1288 253 1383 280 Jesum
1405 255 1533 285 stantem,
1559 255 1586 279 et
1604 252 1745 280 nesciclat

942 298 1017 334 quod
1032 299 1112 326 Jesus
1126 302 1208 327 esset.
1226 296 1298 326 Dicit
1317 296 1342 325 ei
1359 297 1458 325 Jesus:
1473 295 1582 329 Mulier,
1597 296 1662 332 quid
1686 297 1744 332 plo-

942 343 1002 371 ras?
1022 345 1112 380 Quem
1127 343 1244 380 quaeris?
1268 342 1316 370 llla
1339 341 1500 370 existimans
1520 340 1595 376 quod
1619 340 1743 369 hortula-

942 395 995 415 nus
1006 392 1090 422 esset,
1111 388 1178 416 dicit
1192 387 1216 416 ei
1233 397 1241 414 :
1257 385 1386 419 Domine,
1401 386 1423 414 si
1447 389 1477 413 tu
1501 384 1648 421 asportasti
1669 393 1744 420 eum,

942 431 1026 460 dicito
1042 432 1111 460 mihi
1125 432 1172 460 ubi
1198 432 1320 469 posueris
1340 439 1415 464 eum,
1431 435 1460 458 et
1473 437 1524 466 ego
1545 429 1643 457 tollam
1669 437 1744 457 eum.

944 477 1018 505 Dicit
1032 478 1055 506 ei
1067 478 1147 505 Jesus
1163 486 1170 505 :
1194 477 1290 505 Maria.
1307 477 1444 504 Conversa
1460 475 1505 502 illa
1520 473 1586 502 dicit
1607 474 1633 501 ei
1647 482 1654 501 :
1673 473 1748 502 Rab-

944 521 1021 556 boni,
1045 522 1120 558 quod
1134 522 1238 551 dicitur
1261 520 1399 558 magister.
1422 519 1494 548 Dicit
1517 519 1542 547 ei
1564 519 1645 547 Iesus
1662 527 1669 546 :
1686 518 1748 547 Noli

945 574 991 595 me
1014 570 1136 603 tangere.
1160 566 1292 595 Nondum
1318 565 1393 593 enim
1428 563 1540 593 ascendi
1562 562 1599 592 ad
1636 565 1747 592 Patrem

944 619 1046 640 meum.
1072 611 1127 641 Sed
1158 612 1226 640 vade
1249 611 1284 639 ad
1304 611 1406 639 fratres
1438 617 1525 644 meos,
1551 613 1580 637 et
1602 608 1647 637 dic
1675 609 1715 637 eis
1739 617 1746 637 :

945 656 1071 684 Ascendo
1092 655 1128 684 ad
1142 658 1250 684 Patrem
1276 663 1371 683 meum
1395 658 1422 682 et
1435 655 1546 682 Patrem
1570 657 1703 687 vestrum,
1720 656 1749 681 et

945 703 1035 730 Deum
1050 709 1144 729 meum
1161 705 1188 728 et
1208 702 1298 728 Deum
1328 704 1461 728 vestrum.
1477 698 1560 727 Venit
1580 698 1667 726 Maria
1687 699 1746 726 Ma-

946 746 1071 783 gdalene,
1092 746 1258 773 annuntians
1272 744 1411 780 discipulis
1423 743 1497 779 quod
1516 743 1630 771 vidisset
1652 743 1748 771 Domi-

946 799 1024 824 num,
1048 794 1075 818 et
1098 798 1129 818 ea
1155 790 1265 818 dixisset
1292 789 1355 817 sibi.
1386 800 1399 813 ιο
1425 790 1515 824 Quare
1547 795 1677 816 conversa
1710 792 1751 816 est

947 839 1098 864 retrorsum
1135 834 1233 867 Maria,
1264 842 1329 862 cum
1357 834 1515 869 loqueretur
1539 840 1603 861 eum
1631 831 1749 869 angelis?

947 880 1013 916 quid
1027 879 1125 908 accidit
1139 879 1163 907 ei
1178 879 1252 915 quod
1264 886 1397 907 conversa
1415 882 1457 906 est
1476 879 1646 906 retrorsum?
1665 878 1749 905 Vide-

945 929 992 952 tur
1013 924 1105 960 igitur,
1137 923 1206 952 dum
1235 924 1280 951 illa
1308 923 1512 958 colloqueretur
1540 930 1604 950 cum
1635 922 1747 958 angelis,

946 971 1044 998 Jesum
1069 969 1176 997 stetisse
1203 972 1266 1004 post
1288 976 1360 1001 eam,
1381 972 1408 996 et
1429 968 1491 995 illos
1519 967 1661 1000 terruisse,
1685 967 1748 1003 quia

946 1018 1133 1050 spectaverant
1156 1013 1322 1046 Dominum,
1347 1017 1375 1041 et
1399 1012 1505 1045 habitu,
1535 1016 1565 1040 et
1595 1011 1693 1044 forma,
1722 1015 1750 1039 et

946 1063 1069 1095 aspectu,
1085 1058 1180 1086 statim
1191 1057 1344 1086 declarasse
1361 1057 1438 1093 quod
1452 1057 1566 1084 viderint
1577 1056 1727 1084 Dominum
1741 1064 1747 1082 :

946 1111 1066 1140 cumque
1094 1103 1147 1131 hoc
1171 1102 1291 1135 vidisset,
1320 1102 1464 1130 mulierem
1497 1109 1659 1129 conversam
1690 1108 1749 1129 esse

946 1153 1106 1176 retrorsum.
1122 1149 1192 1175 Nam
1207 1147 1313 1183 angelis
1327 1146 1437 1182 quidem
1452 1146 1480 1174 in
1495 1145 1592 1174 habitu
1610 1144 1680 1173 forte
1694 1153 1748 1181 quo

946 1193 1067 1222 terrebat
1080 1192 1230 1228 apparuit:
1252 1191 1347 1220 Maria
1364 1195 1460 1219 autem
1483 1199 1539 1218 non
1557 1191 1635 1224 item,
1653 1191 1701 1218 sed
1721 1190 1749 1218 in

947 1237 1064 1274 simplici
1088 1241 1116 1265 et
1143 1237 1295 1265 communi.
1326 1236 1392 1264 Ideo
1412 1240 1440 1264 et
1461 1236 1539 1264 illum
1564 1235 1668 1272 putavit
1691 1243 1750 1263 esse

948 1282 1138 1316 hortulanum,
1152 1281 1225 1310 horti
1243 1281 1373 1309 videlicet
1389 1281 1462 1308 illius
1476 1280 1506 1308 in
1521 1288 1576 1316 quo
1590 1280 1749 1316 sepulcrum

948 1332 1005 1356 erat
1021 1336 1028 1355 :
1042 1326 1116 1355 unde
1128 1330 1156 1354 et
1167 1326 1245 1360 dicit,
1261 1337 1273 1350 ι
1290 1325 1419 1359 Domine,
1434 1326 1455 1353 si
1471 1325 1616 1361 asportasti
1630 1333 1694 1352 eum
1709 1333 1716 1352 :
1734 1336 1746 1348 ι

949 1372 1001 1400 hoc
1023 1375 1075 1406 est,
1089 1371 1112 1399 si
1126 1375 1156 1399 tu
1179 1370 1284 1398 furatus
1299 1378 1328 1398 es
1348 1379 1355 1398 :
1380 1374 1408 1398 et
1421 1378 1476 1397 non
1491 1369 1556 1397 dicit
1570 1371 1676 1403 Jesum,
1701 1369 1749 1397 sed

951 1426 966 1444 ιι
990 1425 1054 1444 eum
1079 1428 1091 1442 ι
1112 1415 1189 1452 quasi
1215 1415 1249 1443 ad
1264 1423 1327 1443 eum
1343 1415 1390 1450 qui
1415 1415 1506 1449 sciret,
1531 1413 1632 1441 facieLs
1648 1422 1750 1441 sermo-

950 1469 1024 1490 nem.
1044 1472 1057 1485 α
1072 1461 1101 1489 Si
1115 1461 1200 1496 igitur
1211 1465 1242 1488 tu
1257 1460 1370 1495 portasti
1390 1471 1402 1484 ι
1419 1464 1468 1487 aut
1478 1459 1614 1487 abstulisti
1629 1467 1661 1486 ac
1674 1458 1750 1486 fura-

98 1501 187 1531 εἷδότα
201 1502 343 1544 ποιουμένη
365 1501 408 1531 τὸν
424 1502 516 1541 λόγον,
535 1516 547 1529 ι
567 1503 600 1532 Εἰ
623 1502 655 1532 σὺ
673 1501 758 1532 τοίνυν
776 1502 893 1532 ἐϐάστα-

951 1511 996 1534 tus
1005 1513 1034 1533 es
1043 1513 1108 1533 eum
1119 1513 1151 1532 ex
1162 1504 1215 1533 hoc
1225 1504 1296 1538 loco,
1311 1515 1324 1528 ι
1333 1503 1379 1531 dic
1390 1503 1460 1532 mihi
1471 1511 1526 1540 quo
1542 1504 1658 1540 posuisti
1670 1511 1748 1538 eum,

98 1558 163 1584 σας,
185 1560 197 1571 ι
212 1546 270 1581 ἤτοι
292 1542 373 1585 ἧρας,
397 1547 444 1576 καὶ
458 1546 573 1587 ἔκλεψας
595 1548 729 1585 ἐντεῦθεν,
746 1561 759 1575 ιι
775 1547 832 1577 εἰπέ
848 1560 896 1587 μοι

97 1593 147 1621 ποῦ
174 1590 271 1626 ἔθηκας
295 1591 389 1629 αὐτὸν,
409 1591 484 1631 κάγὼ
510 1591 590 1622 αὐτὸν
614 1593 688 1632 ἀρῶ,
705 1606 717 1619 ιι
744 1592 789 1622 καὶ
810 1605 894 1632 μετα-

97 1634 171 1671 (Maio
186 1637 221 1669 εἰς
242 1636 331 1675 ἕτερον
361 1636 459 1673 τόπον,
485 1636 546 1666 ἔνθα
572 1638 783 1676 μεγαλοπρεπῶς
809 1638 894 1677 ταφή-

98 1692 185 1712 σεται.
209 1679 288 1714 Ἰσως
311 1681 362 1719 γὰρ
388 1680 507 1721 ἐφοϐεῖτο
529 1681 625 1720 μήπως
649 1683 672 1711 οἱ
696 1681 821 1712 Ἰουδαῖοι
849 1685 895 1712 καὶ

98 1727 184 1766 νεκρῷ
211 1727 248 1765 τῷ
274 1725 378 1762 σώματι
404 1727 635 1766 ἐμπαροινήσωσι,
669 1725 715 1756 καὶ
747 1726 790 1756 διὰ
819 1730 896 1757 τοῦτο

99 1769 224 1800 ἐϐούλετο
264 1772 300 1803 εἷς
333 1769 421 1810 ἕτερον
464 1771 543 1800 τόπον
577 1771 712 1810 ἄγνωστον
743 1774 895 1809 μεταθεῖναι

98 1819 187 1846 τοῦτο.
211 1814 390 1855 Φιλόστοργος
413 1815 461 1854 μὲν
479 1811 523 1845 οὖν
539 1818 556 1852 ἡ
577 1815 672 1856 γνώμη
689 1818 735 1852 τῆς
752 1816 894 1856 γυναικὸς,

99 1861 128 1890 οὖ
145 1860 199 1899 μὴν
224 1859 324 1900 ὑψηλόν
344 1872 370 1889 τι
392 1863 575 1900 φαντασθῆναι
591 1860 734 1898 δυναμένη.
756 1861 804 1891 Διὸ
822 1862 895 1892 καὶὸ

100 1905 211 1945 Κύριος,
246 1904 303 1934 ἐπεὶ
329 1903 368 1943 μὴ
399 1907 445 1946 ἀφ’
474 1907 569 1941 ἑαυτῆς
598 1905 714 1941 ἠδυνήθη
745 1905 845 1946 ὑψηλόν
870 1918 896 1936 τι

98 1952 213 1986 νοῆσαι,
241 1949 293 1978 ἀπὸ
319 1952 366 1986 τῆς
389 1951 470 1980 αὐτοῦ
495 1953 582 1990 φωνῆς
610 1950 730 1991 γνωρίζει
750 1952 818 1990 αὐτῇ
834 1952 895 1981 ἑαυ-

98 1994 151 2024 τόν.
179 1994 301 2028 Καλέσας
320 1995 372 2034 γὰρ
386 1994 465 2033 μόνον
480 1995 510 2024 τὸ
531 1995 618 2034 ὄνομα
629 2017 638 2034 ,
655 1996 721 2033 αὐτῇ
737 1997 834 2034 γνῶσιν
851 1996 896 2026 διὰ

97 2038 192 2069 τούτου
214 2038 368 2069 ἐντέθεικεν.
395 2038 504 2080 Ὠσπερ
524 2041 580 2074 τοῖς
598 2040 736 2074 Ἰουδαίοις
759 2041 824 2071 ποτὲ
847 2041 896 2079 μὲν

99 2084 253 2124 ἐγνωρίζιτο
263 2108 271 2124 ,
283 2084 347 2114 ποτὲ
370 2083 397 2114 δὲ
420 2085 517 2121 ἄδηλος
532 2080 564 2121 ῆν
580 2085 626 2115 καὶ
645 2085 748 2126 παρών·
768 2085 837 2115 οὕτω
851 2086 897 2116 καὶ

100 2129 292 2170 φθεγγόμενος,
309 2129 388 2170 ἡνίκα
410 2129 535 2159 ἐϐούλετο
547 2153 556 2169 ,
580 2130 640 2159 τότε
655 2130 787 2170 γνώριμον
804 2131 896 2160 ἑαυτὸν

949 1557 976 1581 et
989 1560 1040 1588 ego
1052 1552 1130 1580 illum
1144 1551 1251 1584 tollam,
1264 1562 1276 1575 ι
1287 1554 1314 1578 et
1323 1549 1489 1578 transferam
1505 1550 1532 1577 in
1543 1550 1636 1577 locum
1651 1549 1748 1582 alium,

949 1597 998 1626 ubi
1021 1596 1169 1634 magniﬁce
1192 1595 1348 1632 sepelietur.
1376 1595 1506 1623 Fortasse
1521 1594 1595 1622 enim
1610 1594 1752 1622 metuebat

949 1651 984 1671 ne
1010 1643 1083 1671 forte
1097 1642 1185 1670 Judaei
1200 1645 1228 1669 et
1250 1641 1280 1669 in
1295 1645 1438 1669 mortuum
1459 1648 1559 1676 corpus
1579 1639 1751 1672 desaevirent,

950 1692 978 1716 et
1005 1693 1148 1724 propterea
1175 1686 1283 1714 volebat
1301 1686 1329 1714 in
1358 1686 1440 1714 alium
1464 1685 1635 1721 incognitum
1660 1685 1750 1713 locum

951 1740 1016 1761 eum
1031 1731 1189 1760 transferre.
1206 1731 1289 1759 Plena
1309 1730 1385 1758 enim
1401 1730 1581 1758 affectionum
1600 1734 1659 1758 erat
1674 1738 1752 1758 mens

951 1777 1086 1811 mulieris,
1112 1784 1170 1804 non
1192 1776 1285 1804 valens
1317 1775 1434 1803 sublime
1459 1775 1591 1811 quiddam
1618 1775 1749 1810 cogitare.

954 1822 1018 1850 ldeo
1032 1825 1060 1849 et
1080 1821 1227 1852 Dominus.
1253 1821 1316 1856 quia
1340 1828 1356 1847 a
1371 1820 1461 1855 seipsa
1486 1819 1602 1846 sublime
1618 1819 1752 1854 quiddam

953 1866 1104 1902 intelligere
1118 1865 1258 1900 nequibat,
1284 1872 1333 1892 sua
1349 1871 1414 1891 voce
1437 1871 1466 1891 se
1487 1864 1526 1891 illi
1541 1867 1638 1891 notum
1653 1863 1750 1892 reddit.

953 1912 1024 1940 Cum
1038 1910 1110 1938 enim
1124 1910 1183 1938 solo
1195 1909 1304 1936 nomine
1319 1912 1442 1936 vocasset
1462 1915 1535 1942 eam,
1550 1907 1642 1936 dicens
1665 1919 1678 1932 ιι
1692 1909 1753 1936 Ma-

953 1958 1005 1991 ria,
1023 1968 1036 1981 υ
1062 1956 1105 1984 sui
1121 1955 1247 1983 notitiam
1272 1953 1309 1981 illi
1324 1953 1468 1981 concessit.
1483 1954 1553 1981 Nam
1568 1953 1639 1980 sicut
1649 1952 1754 1981 Judmis

952 2000 1098 2037 aliquando
1118 1999 1321 2032 innotescebat,
1349 1997 1497 2034 aliquando
1520 1997 1604 2025 etiam
1630 2005 1751 2033 prazsens

950 2045 1107 2082 incognitus
1122 2049 1181 2072 erat
1195 2052 1202 2072 :
1219 2044 1258 2071 ita
1273 2043 1357 2071 etiam
1378 2042 1504 2078 loquens,
1519 2042 1629 2078 quando
1655 2042 1752 2076 voluit,

953 2092 1073 2128 seipsum
1087 2090 1140 2118 illis
1154 2093 1252 2117 notum
1276 2088 1403 2121 faciebat,
1419 2087 1490 2116 sicut
1504 2092 1532 2116 et
1555 2096 1629 2115 nunc
1642 2087 1752 2123 quando

952 2136 1050 2170 voluit,
1075 2134 1288 2172 oognoscibilem
1303 2141 1332 2161 se
1356 2132 1421 2160 fecit
1445 2133 1538 2161 Mariae
1564 2141 1612 2169 per
1632 2140 1751 2160 vocem:

101 2169 196 2223 ἐποίει·
222 2174 312 2223 ὥσπερ
332 2169 376 2204 οἷν
391 2174 438 2204 καὶ
452 2177 514 2211 ν’ὗν,
531 2175 574 2204 ὅτε
598 2169 728 2212 ἐϐουλήθη
741 2197 749 2212 ,
777 2176 838 2205 τότε
863 2178 894 2216 τῇ

953 2181 1000 2217 qui
1015 2169 1098 2208 etiam
1112 2169 1135 2207 si
1149 2180 1256 2207 locutus
1266 2177 1387 2209 dixisset,
1404 2189 1415 2202 σι
1430 2177 1538 2211 Mulier,
1554 2185 1602 2205 cur
1618 2177 1726 2213 ploras?
1739 2188 1751 2202 ν

101 2219 197 2261 Μαρία
210 2219 347 2260 ἐγνώρισεν
363 2219 453 2249 ἑαυτὸν
475 2220 518 2250 διὰ
534 2221 580 2256 τῆς
604 2222 703 2260 φωνῆς.
730 2219 809 2251 Ἐπεὶ
824 2221 895 2250 πάν-

100 2277 152 2298 τως
180 2263 227 2294 καὶ
255 2264 382 2305 πρότερον
419 2264 553 2305 ἐφώνησεν
583 2267 660 2305 αὐτῇ·
691 2278 703 2292 ι
735 2264 838 2302 Γύναι,
872 2265 898 2296 τί

100 2309 218 2348 κλαίειςς
247 2309 316 2338 Ἀλλ’
339 2310 387 2339 οὐκ
408 2309 510 2349 ἐπέγνω
531 2313 548 2346 ἡ
562 2309 637 2349 γυνή·
661 2311 690 2339 οὗ
711 2309 762 2350 γὰρ
776 2310 868 2347 ἤθελεν
884 2311 898 2340 6

102 2354 219 2390 Ἰησοῦς.
236 2353 305 2384 αΟτε
328 2353 355 2384 δὲ
376 2354 507 2391 ἠθέλησε,
524 2354 585 2384 τότε
612 2354 656 2383 διὰ
679 2357 727 2390 τῆς
741 2357 829 2396 φωνῆς
845 2355 897 2384 ἐπ-

100 2399 232 2438 εγνώσθη.
256 2412 268 2425 ι
283 2399 439 2439 Στραφεῖσα
452 2400 555 2436 ἐκείνη,
570 2398 642 2437 λέγει
664 2399 746 2438 αὐτῷ.
763 2413 775 2425 ιι
788 2399 824 2429 Τί
836 2402 898 2429 τοῦ·

100 2455 149 2481 τος
167 2443 239 2483 Πρὸς
257 2444 335 2473 αὐτὸν
356 2443 506 2483 διελέγετο,
531 2444 579 2474 καὶ
603 2444 702 2483 ἔλεγεν·
722 2455 737 2472 ιι
750 2444 820 2474 Εἰπέ
835 2456 897 2482 μοι,

100 2491 150 2519 ποῦ
179 2488 275 2525 ἔθηκας
303 2489 396 2525 αὐτόν,
413 2489 467 2519 Καὶ
489 2492 535 2518 νῦν
559 2490 574 2519 6
595 2488 784 2528 εὖαγγελιστὴς
807 2488 896 2528 λέγει,

100 2532 140 2562 ὅτι
165 2547 179 2560 ιι
195 2538 353 2574 στραφεῖσα.
372 2546 384 2560 υ
399 2536 479 2563 Δοκεῖ
501 2528 546 2563 οὖν
570 2533 639 2573 μετᾶ
663 2534 693 2563 τὸ
717 2536 800 2563 εἰπεῖν
816 2533 899 2570 αὐτὴν

100 2578 145 2617 τὸ,
172 2593 184 2606 ι
207 2580 266 2609 Ποῦ
292 2578 404 2615 ἔθηκας;
427 2591 442 2607 »
459 2579 654 2619 ἐπιστραφῆναι
679 2579 743 2619 πρὸς
764 2578 824 2613 τοὺς
853 2579 900 2617 ἆγα

101 2622 209 2662 γέλους,
224 2623 410 2664 ἓρωτῆσουσαν
426 2623 497 2663 τάχα
518 2624 544 2652 τί
559 2623 743 2664 ἐξεπλάγησαν
753 2646 761 2660 ,
782 2620 841 2652 εἶτα
856 2623 899 2653 τὸν

102 2669 219 2709 Χριστὸν
234 2669 386 2698 καλέσαντα
399 2668 482 2704 αὐτὴν
496 2691 504 2706 ,
518 2668 618 2704 πλῆξαί
631 2680 659 2698 τε
670 2669 714 2697 διὰ
728 2671 775 2704 τῆς
792 2670 879 2708 φωνῆς
891 2691 900 2708 ,

104 2714 148 2744 καὶ
171 2714 332 2755 ἐπιστρέψαι
354 2714 418 2754 πρὸς
439 2714 531 2743 ἑαυτὸν
548 2713 594 2743 ἀπ’
611 2714 734 2750 ἐκείνων,
757 2714 803 2743 καὶ
819 2713 901 2748 οὕτως

103 2759 284 2799 ἐπιγνοῦσαν,
310 2771 325 2787 ιι
352 2758 499 2796 Ῥαϐουνὶ,
527 2771 539 2785 ι
569 2759 667 2795 εἰπεῖν,
696 2759 741 2788 καὶ
758 2757 899 2798 βούλεσθαι

103 2803 149 2842 μὲν
165 2805 323 2845 προσελθεῖν
339 2805 426 2843 αὐτῷ,
450 2803 496 2834 καὶ
519 2805 636 2833 συνεῖναι
659 2804 731 2844 αὐτῷ
746 2803 837 2844 ὥσπερ
853 2803 898 2832 καὶ

950 2233 1007 2255 υου
1021 2224 1132 2262 agnovit
1153 2227 1245 2251 tamen
1259 2231 1324 2251 eum
1338 2222 1438 2251 mulier
1454 2232 1461 2250 :
1478 2230 1532 2250 non
1559 2222 1633 2250 enim
1647 2222 1754 2250 volebat

952 2272 1044 2299 Jesus.
1060 2272 1097 2297 At
1111 2269 1223 2305 quando
1248 2267 1347 2301 voluit,
1374 2271 1440 2295 tunc
1463 2275 1511 2303 per
1526 2275 1619 2295 vocem
1645 2267 1755 2302 agnitus

952 2315 1016 2344 fuit.
1047 2324 1063 2340 «
1091 2315 1230 2342 Conversa
1268 2313 1367 2340 mulier
1395 2312 1464 2340 dicit
1487 2312 1523 2340 ei.
1542 2322 1556 2337 n
1583 2311 1656 2346 Quid
1683 2311 1754 2339 hoc?

952 2361 1023 2389 Cum
1037 2359 1097 2395 ipso
1119 2358 1254 2387 collocuta
1269 2361 1322 2392 est,
1343 2361 1372 2385 et
1385 2356 1502 2391 dicebat,
1527 2368 1539 2382 ι
1553 2357 1603 2384 Dic
1618 2357 1687 2384 mihi
1701 2364 1755 2392 quo

952 2404 1068 2442 posuisti
1097 2403 1178 2432 eum?
1212 2414 1227 2428 »
1248 2407 1276 2431 et
1301 2410 1375 2430 nunc
1402 2401 1565 2438 evangelista
1589 2401 1658 2430 dicit
1680 2400 1756 2437 quod

956 2461 968 2474 α
983 2456 1123 2478 conversa.
1146 2459 1161 2474 »
1179 2448 1262 2483 762
1283 2447 1397 2475 Videtur
1411 2447 1504 2483 itaque
1518 2446 1591 2483 quod
1609 2451 1755 2482 postquam

955 2494 1013 2530 ipsa
1028 2493 1099 2522 dixit
1110 2514 1118 2527 ,
1135 2505 1148 2518 ιι
1165 2493 1226 2527 Quo
1249 2492 1363 2528 posuisti
1388 2491 1470 2520 eum?
1486 2504 1498 2517 ι
1521 2499 1680 2520 conversam
1697 2499 1756 2519 esse

954 2539 989 2567 ad
1003 2538 1116 2574 angelos
1130 2537 1362 2572 interrogaturam
1382 2536 1498 2564 forsitan
1524 2543 1609 2573 quare
1634 2543 1756 2571 expave-

955 2582 1018 2612 facti
1034 2583 1164 2617 fuissent,
1183 2582 1280 2610 deinde
1295 2585 1420 2610 vocatam
1435 2589 1450 2609 a
1465 2581 1582 2614 Christo,
1604 2580 1756 2616 perculsam

954 2636 1004 2665 per
1018 2636 1124 2660 vocem,
1139 2631 1167 2656 et
1189 2634 1350 2655 conversam
1372 2626 1408 2654 ad
1424 2626 1502 2654 illum
1525 2626 1559 2654 ab
1573 2626 1640 2659 istis,
1666 2629 1693 2652 et
1717 2625 1756 2652 ita

955 2673 1099 2709 agnovisse
1120 2680 1152 2700 ac
1176 2671 1289 2706 dixisse,
1315 2679 1330 2697 ιι
1352 2670 1480 2699 Rabboni
1504 2678 1512 2698 :
1546 2681 1558 2694 ι
1584 2673 1612 2698 et
1636 2668 1757 2697 voluisse

955 2717 1069 2754 quidem
1094 2717 1225 2746 accedere
1248 2715 1284 2744 ad
1304 2723 1379 2748 eum,
1403 2719 1431 2744 et
1458 2722 1518 2743 esse
1538 2722 1602 2742 cum
1629 2721 1662 2741 eo
1684 2713 1758 2741 sicut

954 2762 1042 2798 prius,
1077 2766 1105 2790 et
1138 2761 1263 2790 fortassis
1295 2765 1327 2789 ut
1353 2759 1563 2788 desiderabilem
1595 2757 1756 2794 amplexari.

955 2808 992 2835 At
1017 2807 1062 2835 ille
1096 2807 1184 2836 erexit
1209 2806 1269 2842 ejus
1311 2809 1446 2840 mentem,
1484 2808 1514 2833 ut
1540 2803 1638 2832 melius
1673 2802 1756 2840 quid-
