1927 3076
191 152 243 184 295

691 149 950 184 THEOPHYLACTI
969 154 1148 184 BULGARIE
1166 150 1326 184 ARCHIEP.

1794 157 1842 185 296

190 225 273 254 quam
291 217 325 246 de
339 225 368 246 se
390 217 516 252 santiret,
531 217 688 254 majorique
703 218 852 247 reverentia
863 219 982 247 observa-

1046 218 1194 260 πρότερον,
1222 217 1268 248 καὶ
1297 217 1378 258 τυχὸν
1410 218 1446 252 ὡς
1469 217 1623 259 ποθουμένῳ
1659 221 1842 259 περιχυθῆναι.

190 267 242 296 ret,
262 262 364 294 dicens,
392 274 405 287 οι
430 264 472 291 Νο
494 263 618 299 tetigeris
643 271 689 291 me
713 272 720 290 :
748 275 760 288 ιι
787 263 840 291 hoc
866 268 916 298 est,
937 272 994 292 non

191 307 264 335 ultra.
286 316 331 335 res
354 316 383 336 se
398 307 499 335 habent
515 312 544 336 ut
558 307 636 342 olim,
652 316 740 344 neque
762 308 889 336 similiter
904 308 995 336 vobis-

188 360 254 380 cum
273 353 428 381 conversari
444 353 516 381 volo.
540 353 612 380 Nam
627 353 753 389 quamvis
769 361 820 380 nec
840 353 928 381 verbis
941 353 994 381 hoc

189 396 299 432 dixerit,
315 397 354 425 sic
372 402 466 426 tamen
489 398 661 433 intelligitur.
686 410 698 422 ι
722 398 851 426 Asceudo
866 399 943 426 enim
957 397 993 426 ad

189 442 299 470 Patrem
322 450 426 476 meum,
443 454 456 467 ι
472 446 499 470 et
513 443 579 470 illuc
604 441 714 470 festino.
732 443 801 470 Illuc
820 442 893 470 enim
917 442 993 470 festi—

189 487 280 521 nanti,
296 491 324 515 et
345 495 399 515 non
414 487 470 524 jam
494 488 549 515 tale
569 487 682 515 habenti
698 496 809 524 corpus,
830 488 909 524 quale
924 487 992 515 dum

189 539 364 560 conversarer
378 540 441 560 cum
457 531 627 564 hominibus,
650 532 750 569 majori
768 533 827 568 jam
842 533 993 560 reverentia

190 583 282 613 operae
295 576 414 612 pretium
430 576 513 604 fuerit
534 576 690 611 attendere,
714 581 741 604 et
756 581 787 604 ut
808 577 992 612 prmstantiori

190 628 275 658 quam
295 622 452 650 communis
468 626 557 649 tactus
571 625 599 649 et
620 621 791 659 colloquium
805 625 833 649 et
850 629 993 650 conversa-

188 665 229 693 tio
243 665 322 694 ferat.
345 665 414 694 Vide
428 670 520 693 autem
544 670 676 702 quautam
691 666 858 694 sententiam
874 665 993 694 breviter

191 711 300 739 locutus
323 710 406 739 fuerit
430 712 606 747 evangelista.
631 711 707 739 Dixit
729 711 811 746 enim,
839 722 853 735 σι
882 712 922 738 Ne
946 719 991 739 me

191 760 298 792 tangas.
324 767 337 781 ν
370 756 478 784 Deinde
510 757 589 792 quasi
622 756 824 792 interrogasset
854 755 990 791 quispiam

189 800 299 838 Quare?
312 801 413 837 inquit.
437 803 478 830 Eo
493 801 566 837 quod
589 808 643 829 non
664 801 724 837 jam
740 801 792 828 tale
807 799 876 827 mihi
892 808 991 836 corpus

189 849 240 879 est,
254 845 335 881 quale
356 853 421 874 cum
437 845 466 873 in
481 849 553 874 terra
569 853 702 880 versarer,
720 845 768 873 sed
782 845 862 881 quale
876 845 904 872 in
919 845 990 873 caelo

187 893 215 918 et
231 897 352 918 sursum.
388 892 423 918 Et
443 890 543 918 deinde
565 891 641 926 quasi
664 891 765 918 iterum
791 889 957 918 subiuferret
981 898 988 918 :

187 936 278 971 Quare
294 935 376 971 igitur
397 943 470 963 nunc
490 935 517 962 in
534 939 605 963 terra
624 935 758 967 ambulas,
781 935 802 962 si
825 935 879 963 tale
903 935 988 963 habes

187 982 303 1016 corpus?
326 991 339 1004 ι
360 980 490 1008 Nondum
513 980 598 1014 enim,
623 980 725 1016 inquit,
747 980 860 1008 ascendi
885 979 921 1007 ad
935 981 984 1007 Pa-

185 1028 256 1052 trem
279 1032 383 1058 meum,
399 1036 411 1049 ν
434 1033 594 1053 ascensurus
616 1030 709 1053 autem
737 1033 810 1053 sum.
829 1025 890 1052 Hoc
914 1024 987 1051 enim

186 1077 234 1106 per
253 1070 393 1105 sequentia
419 1069 586 1104 manifestat,
615 1070 710 1098 dicens
735 1079 741 1097 :
760 1081 774 1095 ι
797 1069 873 1097 Vade
895 1072 987 1096 autem

186 1113 220 1142 ad
236 1113 334 1142 fratres
357 1121 446 1149 meos,
469 1117 497 1142 et
523 1113 567 1142 dic
591 1114 640 1149 eis,
664 1113 794 1142 Ascendo
821 1113 855 1141 ad
878 1115 987 1141 Patrem

185 1166 288 1192 meum,
302 1162 330 1186 et
343 1160 453 1187 Patrem
471 1164 595 1187 vestrum
612 1168 618 1187 :
650 1171 663 1184 ι»
680 1159 807 1196 quamvis
823 1165 880 1186 non
894 1159 987 1185 statim

185 1205 349 1238 ascenderit.
377 1204 425 1233 sed
450 1209 512 1240 post
541 1204 722 1241 quadraginta
745 1203 987 1238 dies.,Quomodo

187 1249 268 1286 igitur
292 1249 345 1277 hoc
368 1248 453 1277 dicit?
480 1250 602 1277 Mentem
624 1249 683 1285 ejus
710 1249 814 1284 erigere
828 1248 946 1282 volebat,
962 1252 988 1276 et

187 1293 351 1330 persuadere
365 1294 439 1330 quod
462 1294 490 1322 in
504 1294 588 1322 caelos
603 1294 664 1327 iret,
680 1297 707 1321 et
728 1301 776 1330 per
793 1292 846 1321 hoc
861 1293 987 1321 solatium

186 1343 304 1374 caperet.
334 1339 403 1374 Quia
426 1343 521 1367 autem
542 1338 660 1374 dixerat,
683 1349 697 1363 ‹‹
718 1337 826 1372 fratres,
852 1348 866 1363 »
883 1337 985 1372 subdit,

186 1394 199 1408 α
218 1384 249 1411 Et
263 1385 372 1411 Patrem
388 1387 520 1411 vestrum.
537 1394 550 1410 ))
567 1385 646 1411 Pater
658 1382 733 1410 enim
749 1387 775 1410 et
790 1386 883 1410 noster
900 1383 984 1416 Deus,

186 1427 234 1455 sed
257 1427 354 1463 gratia,
380 1427 494 1455 Domini
521 1432 613 1455 autem
634 1429 714 1455 Pater
728 1431 834 1454 natura.
850 1427 894 1454 Sic
912 1428 987 1454 Deus

185 1479 296 1508 quoque
316 1471 399 1500 modo
413 1471 521 1500 diverso
542 1475 656 1501 :noster
673 1471 746 1499 enim
766 1475 873 1506 natura,
887 1471 987 1500 Christi

184 1521 277 1545 autem
288 1517 366 1554 juxta
385 1516 600 1544 humanitatem.
618 1518 692 1544 Deus
713 1516 788 1544 enim
803 1516 862 1552 ejus
876 1515 930 1544 fuit
942 1524 986 1544 se—

185 1562 308 1590 cundum
335 1561 410 1597 quod
433 1561 588 1589 humanam
601 1561 749 1597 assumpsit
768 1566 904 1589 naturam.
920 1561 988 1589 Abit

184 1605 269 1642 igitur
293 1605 392 1640 Maria,
416 1613 480 1634 eum
505 1605 529 1634 ei
549 1606 685 1634 Dominus
709 1606 746 1634 ita
768 1605 841 1642 loqui
858 1606 987 1642 dignatus

184 1655 266 1684 esset,
291 1653 319 1678 et
344 1651 489 1678 annuntiat
515 1658 545 1678 ea
569 1651 717 1686 discipulis.
742 1652 861 1679 Tantum
882 1651 986 1679 bonum

186 1700 228 1723 est
243 1695 444 1731 perseverantia
463 1700 490 1723 et
513 1695 670 1724 assiduitas.
698 1696 832 1724 Assiduus
853 1695 938 1732 igitur
960 1700 988 1724 et

184 1744 214 1767 tu
238 1740 286 1774 sis,
307 1745 336 1768 et
355 1739 442 1768 disces
463 1739 554 1769 forsan
570 1740 715 1777 quiddam,
736 1745 764 1770 et
787 1740 986 1777 discipulorum

184 1784 260 1812 verbi
274 1784 386 1814 futurus
401 1793 430 1814 es
451 1785 557 1814 doctor.

217 1921 303 1949 Vens.
320 1922 413 1949 19-23.
437 1932 451 1947 α
472 1923 544 1950 Cum
569 1929 634 1958 ergo
649 1925 721 1949 esset
741 1929 851 1958 vespera
865 1921 982 1956 dieillo,

183 1966 231 2002 qui
256 1970 314 1995 erat
327 1974 398 1994 unus
422 1966 616 2000 Sabbatorum,
636 1970 663 1993 et
682 1966 754 1994 fores
770 1970 861 1994 essent
883 1967 983 1995 clausae

183 2011 228 2038 tibi
254 2015 333 2039 erant
345 2011 474 2047 discipuli
499 2010 656 2046 congregati
679 2014 788 2046 propter
802 2014 908 2038 metum
930 2013 983 2038 Ju-

183 2054 320 2088 daeorum,
342 2055 418 2082 venit
439 2056 530 2088 Jesus,
553 2054 683 2089 stetitque
702 2054 728 2081 in
750 2053 852 2086 medio,
868 2058 894 2082 et
913 2053 984 2083 dicit

185 2099 222 2126 eis
239 2108 245 2127 :
262 2100 318 2126 Pax
335 2099 422 2126 vobis.
444 2100 478 2126 Et
492 2106 556 2125 eum
575 2098 627 2125 hoc
652 2098 775 2132 dixisset,
801 2098 920 2127 ostendit
942 2099 981 2127 eis

184 2151 285 2171 manus
305 2151 337 2170 ac
351 2143 424 2171 latus
444 2151 533 2171 suum.
557 2142 651 2170 Gavisi
681 2147 746 2171 sunt
760 2151 824 2179 ergo
842 2142 979 2179 discipuli,

184 2188 243 2215 viso
270 2187 404 2216 Domino.
429 2187 503 2215 Dixit
528 2195 593 2223 ergo
616 2186 655 2215 eis
677 2187 778 2215 iterum
798 2189 877 2216 Jesus
903 2190 980 2216 :Pax

184 2232 271 2260 vobis.
294 2232 369 2260 SiCut
390 2232 463 2260 misit
479 2240 522 2260 me
542 2222 632 2266 Pater,
645 2231 682 2260 ita
701 2237 729 2260 et
746 2240 796 2269 ego
819 2233 901 2261 mitto
923 2222 1010 2261 vos.D

183 2278 244 2306 Hoc
258 2285 323 2306 cum
344 2277 466 2312 dixisset,
482 2277 635 2305 insufﬂavit
650 2278 676 2305 in
689 2285 745 2313 eos,
758 2282 785 2306 et
808 2279 881 2306 dixit
900 2287 908 2307 :
927 2281 984 2306 Ac-

183 2323 262 2358 cipite
291 2322 420 2357 Spiritum
447 2327 574 2350 sanctum
598 2330 847 2359 :quorumcunque
870 2323 984 2351 remise-

184 2367 245 2395 ritis
259 2371 380 2403 peccata,
397 2367 576 2396 remittuntur
588 2368 628 2396 eis
649 2377 655 2396 :
673 2376 898 2404 quorumcumque
916 2369 984 2396 reti-

184 2412 307 2446 nueritis,
334 2417 438 2440 retenta
462 2416 536 2440 sunt.
570 2423 584 2438 »
615 2413 698 2449 763
718 2414 869 2450 Postquam
895 2414 983 2441 Maria

183 2456 355 2484 annuntiavit
368 2456 426 2485 haec
445 2456 598 2493 discipulis,
619 2458 766 2486 verisimile
787 2462 845 2486 erat
867 2457 908 2485 vel
923 2457 984 2486 illos

183 2509 239 2529 non
257 2501 404 2530 credidisse
419 2502 458 2536 ei;
478 2502 519 2530 vel
538 2502 560 2530 si
574 2502 760 2537 crediderunt,
775 2502 893 2530 doluisse
907 2502 982 2538 quod

183 2546 234 2582 ipsi
251 2554 306 2574 non
324 2546 426 2574 fuerint
440 2547 526 2574 habiti
538 2547 612 2583 digni
627 2551 659 2575 ut
673 2555 736 2575 eum
756 2547 898 2575 viderent:
920 2547 981 2575 ideo

181 2591 228 2620 illo
251 2592 294 2620 die
312 2592 351 2620 eis
373 2592 477 2620 assistit
501 2591 670 2626 sitientibus,
696 2596 839 2628 propterea
859 2591 934 2628 quod
967 2600 982 2620 a

182 2637 295 2664 muliere
317 2636 477 2665 audiverant
497 2645 560 2664 eum
582 2636 772 2664 resurrexisse.
799 2637 867 2671 Quia
890 2641 982 2665 autem

182 2681 315 2709 timebant
336 2681 459 2716 Judazos,
482 2681 544 2709 ideo
561 2681 649 2717 magis
680 2681 770 2709 videre
781 2681 982 2717 desiderabant,

182 2733 243 2762 quae
267 2726 324 2754 sola
350 2726 415 2762 ipsis
437 2729 496 2754 erat
509 2725 672 2754 consolatio.
695 2726 808 2754 Assistit
831 2727 913 2764 igitur
938 2735 982 2755 ve-

180 2770 261 2806 speri.
287 2770 458 2806 Exspectavit
471 2771 547 2798 enim
566 2770 654 2798 donec
675 2778 770 2800 omnes
782 2780 984 2809 congregaren-

183 2818 237 2842 tur.
268 2826 282 2840 «
298 2815 415 2851 .Clausm
440 2819 533 2843 autem
558 2819 637 2844 erant
649 2815 741 2852 ﬂores,
767 2827 782 2842 »
809 2822 840 2846 ut
857 2817 985 2846 ostendat

981 911 989 918 '
1006 908 1030 939 Β

1002 1631 1024 1663 C

1046 264 1091 293 τὸν
1107 263 1135 293 δὲ
1159 262 1288 302 ἀνάγοντα
1311 263 1393 299 αὐτῆς
1408 262 1456 298 τὴν
1473 262 1608 300 διάνοιαν,
1625 262 1696 293 ὥστε
1726 263 1841 303 κρεῖττόν

1046 320 1072 338 τι
1089 308 1148 348 περὶ
1162 309 1241 337 αὐτοῦ
1252 309 1359 343 ἐννοεῖν,
1377 307 1422 337 καὶ
1438 308 1652 349 αἰδεσιμωτέρως
1671 309 1748 349 αὖτῷ
1764 321 1842 348 προσα

1046 352 1134 393 ἔχειν,
1155 354 1247 382 εἰπεῖν·
1272 366 1284 380 ι
1311 354 1357 388 Μή
1384 365 1435 392 μου
1448 352 1551 391 ιᾶπτου·
1575 367 1586 379 ι
1607 353 1759 390 τουτέστιν,
1788 354 1843 383 Οὗιι

1047 392 1085 428 ἔτι
1103 400 1129 428 ἐν
1145 402 1199 432 τοῖς
1215 398 1314 436 αὐτοῖς,
1331 392 1369 431 οἷς
1382 398 1428 427 καὶ
1445 397 1547 438 πρώην,
1563 398 1613 428 εἶσὶ
1629 397 1661 427 τὰ
1672 398 1823 438 πράγματα
1833 420 1841 434 ,

1046 443 1104 472 οὐδὲ
1125 442 1221 481 ὁμοίως
1242 442 1333 482 nam
1355 446 1471 484 συνεῖναι
1497 445 1571 481 ὑμῖν.
1601 444 1634 473 Εἰ
1661 443 1714 484 γὰρ
1736 442 1782 472 καὶ
1807 442 1843 481 μὴ

1045 492 1099 522 τοῖς
1125 489 1227 528 ῥήμασι
1254 490 1332 517 τοῦτο
1359 482 1449 525 εἶπεν,
1478 488 1548 517 ἀλλά
1578 500 1608 526 γε
1634 488 1706 517 οὕτω
1731 492 1841 518 νοεῖται.

1046 532 1147 562 Μέλλω
1171 532 1223 572 γὰρ
1250 532 1382 568 ἀναϐῆναι
1406 533 1471 572 πρὸς
1492 532 1537 561 τὸν
1562 533 1673 573 Πατέρα
1699 545 1774 571 μου,
1799 533 1843 562 καὶ

1045 579 1099 607 ἐκεῖ
1127 577 1244 607 σπεύδω.
1275 578 1323 617 Τῷ
1353 577 1380 606 δὲ
1405 578 1460 606 ἐκεῖ
1482 577 1639 614 σπεύδοντι,
1670 578 1718 607 καὶ
1748 577 1843 616 μηκέτι

1045 625 1160 651 τοιοῦτον
1176 622 1263 661 ἔχοντι
1285 623 1363 659 σῶμα
1374 644 1382 658 ,
1397 617 1449 651 οἷον
1464 622 1533 660 μετὰ
1555 622 1694 662 ἀνθρώπου
1713 622 1842 660 ἀναστρέ-

1045 671 1158 707 φεσοαι,
1181 666 1371 706 εὐλαϐέστερον
1388 668 1426 696 δεῖ
1443 666 1598 706 προσέχειν,
1626 668 1671 696 καὶ
1697 669 1733 700 ὡς
1757 667 1841 707 κρείτ-

1044 723 1100 741 τονι
1121 713 1168 747 τῆς
1190 713 1278 747 κοινῆς
1300 711 1346 740 καὶ
1361 711 1466 749 ὁμιλίας
1481 711 1526 740 καὶ
1542 712 1628 752 ἀρῆς,
1645 711 1705 748 ἤτοι
1729 723 1842 741 συνανα-

1045 759 1171 796 στροφῆς.
1191 755 1265 795 Ὅρα
1281 755 1322 791 δὲ,
1347 756 1427 786 πόσον
1443 758 1502 785 νοῦν
1519 756 1656 795 συντόμως
1669 759 1682 786 ὁ
1705 758 1842 795 εὐαγγελι-

1045 795 1282 841 στῆςγέξέφρασεν.
1315 795 1392 830 ἳΕῙπε
1413 801 1474 841 γάρ’
1504 813 1520 828 α
1549 801 1596 837 Μή
1623 814 1674 840 μου
1695 802 1800 830 ἅπτου·
1824 814 1837 831 ι)

1045 841 1101 875 εἶτα
1115 845 1206 884 ὥσπερ
1221 845 1289 880 τινὸς
1311 846 1507 885 ἐρωτήσαντος·
1532 846 1629 883 Διατί,
1653 846 1749 882 Διότι,
1765 847 1841 887 φησὶ,

1046 892 1093 922 οὖκ
1115 890 1154 920 ἔτι
1169 892 1286 920 τοιοῦτον
1311 890 1387 930 ἔσται
1411 902 1455 929 μοι
1481 890 1510 919 τὸ
1525 893 1620 929 σῶμα,
1638 886 1692 921 οἶον
1713 893 1747 930 τῇ
1767 893 1794 920 ἐν
1809 893 1841 930 γῇ

1046 935 1165 975 πολιτεία
1191 935 1285 964 οἰκεῖον
1310 928 1392 971 εἶναι,
1418 934 1486 964 ἀλλὰ
1511 936 1548 974 τῷ
1583 936 1688 976 οὖρανῷ
1713 935 1760 964 καὶ
1789 937 1841 968 τοῖς

1042 981 1107 1010 ἄνω.
1137 976 1202 1009 Εἶτα
1219 980 1299 1008 πάλιν
1322 978 1413 1017 ὥσπερ
1435 980 1679 1018 ἄνθυπενεγκόντοςθ
1698 980 1754 1009 Καὶ
1770 979 1835 1013 τίνος

1042 1025 1127 1055 ἕνεκεν
1139 1024 1232 1054 λοιπὸν
1250 1025 1275 1053 ἐν
1296 1025 1330 1062 γῇ
1351 1029 1505 1063 περιπατεῖς
1522 1028 1639 1054 τοιοῦτον
1655 1024 1726 1064 ἔχων
1744 1026 1839 1064 σῶμας

1044 1082 1057 1099 ε
1073 1069 1159 1100 Οὔπω
1185 1069 1249 1108 γὰρ,
1275 1069 1373 1108 φησὶν,
1398 1069 1554 1104 ἀναϐέϐηκα
1580 1069 1646 1108 πρὸς
1663 1069 1709 1098 τὸν
1732 1069 1840 1108 Πατέρα

1043 1126 1108 1154 μου,
1127 1127 1140 1143 n
1159 1114 1250 1152 μέλλω
1265 1114 1292 1142 δὲ
1313 1112 1455 1147 ἀναϐῆναι.
1477 1115 1565 1143 Τοῦτο
1582 1113 1633 1154 γὰρ
1649 1114 1692 1142 διὰ
1709 1115 1764 1143 τῶν
1784 1114 1840 1148 ἑξῆς

1042 1160 1131 1195 δηλοῖ,
1159 1157 1258 1187 εἰπών·
1283 1171 1295 1184 α
1324 1157 1443 1198 Πορεύου
1475 1157 1502 1186 δὲ
1531 1158 1596 1198 πρὸς
1626 1157 1685 1192 τοὺς
1713 1159 1840 1199 ἀδελφούς

1043 1215 1108 1243 μου,
1128 1202 1173 1232 καὶ
1197 1201 1252 1231 εἰπὲ
1273 1204 1371 1235 αὐτοῖς’
1396 1201 1545 1232 Ἀναϐαίνω
1566 1202 1631 1242 πρὸς
1654 1203 1700 1232 τὸν
1729 1203 1839 1243 Πατέρα

1043 1260 1094 1287 μου
1105 1271 1113 1284 ,
1130 1247 1176 1277 καὶ
1194 1247 1304 1287 Πατέρα
1327 1249 1411 1285 ὑμῶν·
1428 1260 1440 1273 ι
1465 1247 1552 1276 καίτοι
1567 1248 1615 1276 οὐκ
1631 1248 1706 1281 εὐθὺς
1729 1248 1838 1287 ἔμελλεν

1041 1294 1176 1328 ἀνελθεῖν,
1204 1291 1274 1321 ἀλλὰ
1299 1291 1368 1329 μετᾶ
1393 1291 1594 1332 τεσσαράκοντα
1623 1292 1742 1332 ἡμέρας.
1780 1295 1839 1326 Πῶς

1040 1334 1084 1367 οὖν
1106 1336 1182 1367 τοῦτό
1205 1348 1301 1376 φησιν,
1318 1336 1480 1373 Ἀναστῆσαι
1505 1337 1664 1376 βουλόμενος
1688 1339 1774 1374 αὐτῆς
1791 1338 1837 1373 τὴν

1041 1382 1178 1420 διάνοιαν,
1199 1381 1246 1410 καὶ
1268 1385 1379 1419 πεῖσαι,
1403 1380 1443 1410 ὅτι
1466 1383 1502 1415 εἷς
1522 1381 1647 1421 οὐρανοὺς
1663 1382 1776 1421 ἄπεισι,
1795 1382 1839 1411 καὶ

1041 1427 1084 1456 διὰ
1113 1427 1205 1456 τούτου
1245 1426 1500 1466 παραμυθήσασθαι.
1543 1438 1557 1455 α
1588 1426 1730 1468 Ἀδελῖδοὺς
1766 1441 1777 1453 ιι
1813 1427 1838 1456 δὲ

1040 1471 1120 1501 εἰπὼν
1132 1493 1141 1507 ,
1155 1470 1247 1509 ἐπάγει
1262 1470 1324 1508 καὶ,
1341 1485 1352 1497 ι
1370 1470 1481 1511 Πατέρα
1497 1473 1584 1510 ὑμῶν.
1601 1485 1614 1497 ιι
1641 1473 1740 1512 Πατὴρ
1757 1472 1808 1512 γὰρ
1827 1474 1839 1501 ὁ

1040 1517 1107 1550 Θεὸς
1123 1517 1168 1546 καὶ
1189 1517 1283 1554 ἡμῶν,
1296 1515 1372 1556 iam:
1391 1516 1501 1556 χάριτι·
1516 1518 1563 1545 τοῦ
1579 1517 1605 1546 δὲ
1623 1517 1723 1556 Κυρίου
1742 1516 1837 1556 Πατὴρ

1039 1561 1132 1602 φύσεν
1158 1560 1250 1601 ὥσπερ
1280 1555 1324 1590 οὖν
1349 1562 1395 1590 καὶ
1420 1561 1488 1594 Θεὸς
1512 1561 1663 1598 τοῦμπαλιν
1686 1563 1765 1599 ἡμῶν
1791 1562 1836 1599 μὲν

1040 1606 1116 1646 φύσει
1128 1628 1137 1643 ,
1151 1609 1196 1635 τοῦ
1209 1606 1236 1635 δὲ
1262 1605 1359 1644 Κυρίου
1375 1605 1445 1635 κατὰ
1458 1605 1488 1634 τὸ
1507 1606 1682 1645 ἀνθρώπινον.
1697 1606 1768 1639 Θεὸς
1785 1606 1837 1646 γὰρ

1041 1653 1121 1680 αὐτοῦ
1137 1649 1255 1689 ἐγένετο,
1277 1651 1312 1691 ᾡς
1333 1651 1381 1686 τὴν
1407 1650 1573 1689 ἀνθρωπίνην
1599 1651 1676 1690 φύσιν
1693 1652 1836 1691 ἀνειληφό-

1041 1707 1093 1728 τος.
1118 1694 1235 1725 Ἄπεισιν
1262 1689 1307 1723 οὖν
1333 1695 1427 1734 Μαρία
1445 1695 1568 1724 τοιούτων
1589 1695 1732 1729 ἀξιωθεῖσα
1749 1696 1836 1736 ῥημά-

1039 1752 1091 1770 των
1101 1764 1109 1778 ,
1127 1739 1173 1769 καὶ
1188 1739 1352 1778 ἀπαγγέλλει
1369 1743 1453 1769 ταῦτα
1469 1740 1520 1772 τοῖς
1536 1742 1681 1777 μαθηταῖς·
1709 1740 1833 1770 τοσοῦτόν

1040 1787 1097 1815 ἐστι
1125 1785 1283 1825 προσεδρεία
1313 1785 1357 1813 καὶ
1387 1784 1515 1825 καρτερία
1544 1785 1637 1816 καλόν.
1669 1785 1837 1824 Προσέδρευε

1039 1826 1083 1860 οὖν
1103 1830 1149 1860 καὶ
1171 1829 1219 1867 σὺ,
1241 1830 1286 1859 καὶ
1300 1829 1408 1869 μαθήσῃ
1420 1841 1446 1858 τι
1464 1829 1552 1870 τάχα,
1574 1829 1621 1859 καὶ
1639 1832 1691 1859 τῶν
1708 1832 1836 1870 μαθητῶν

1038 1877 1084 1905 τοῦ
1099 1874 1178 1913 λόγου
1195 1874 1294 1914 γενήσῃ
1311 1874 1480 1908 διδάσκαλος.

1077 1933 1090 1947 ι
1106 1919 1197 1955 Οὔσης
1221 1914 1265 1947 οὖν
1291 1918 1368 1958 ὀψίας
1384 1920 1415 1958 τῇ
1439 1918 1527 1959 ἡμέρα
1552 1920 1639 1960 ἐκείνῃ
1710 1924 1762 1961 μιᾷ
1786 1920 1835 1948 τῶν

1039 1964 1206 1999 Σαϐϐάτων,
1239 1963 1284 1992 καὶ
1327 1964 1380 1992 τῶν
1410 1965 1494 2002 θυρῶν
1524 1963 1740 2001 κεκλεισμένων,
1771 1963 1836 1993 ὅπου

1036 2005 1103 2044 ἦσαν
1120 2009 1143 2038 οἱ
1158 2008 1274 2044 μαθηταὶ
1299 2007 1459 2046 συνηγμένοι
1482 2008 1526 2037 διὰ
1539 2009 1582 2038 τὸν
1596 2008 1677 2048 φόϐον
1697 2011 1753 2038 τῶν
1770 2008 1836 2038 Ἰου-

1037 2053 1117 2083 δαίων
1131 2076 1138 2090 ,
1158 2048 1236 2088 ἦλθεν
1252 2055 1265 2082 ὂ
1285 2052 1405 2091 Ἰησοῦς,
1425 2052 1471 2081 καὶ
1489 2052 1552 2089 ἔστη
1577 2054 1612 2087 εἰς
1632 2053 1661 2082 τὸ
1675 2053 1774 2092 μέσον,
1792 2052 1836 2082 καὶ

1034 2097 1106 2137 λέγει
1125 2099 1222 2130 αὐτοῖς’
1239 2096 1340 2137 Εἰρήνη
1358 2099 1433 2135 ὑμῖν.
1453 2097 1507 2127 Καὶ
1529 2100 1606 2127 τοῦτο
1620 2097 1718 2135 εἰπὼν,
1738 2098 1834 2132 ἔδειξεν

1036 2142 1184 2184 αὐτοῖς-τὰς
1197 2146 1288 2182 χεῖρας
1313 2142 1359 2171 καὶ
1387 2142 1435 2178 τὴν
1460 2143 1576 2181 πλευρὰν
1593 2144 1684 2184 αὑτοῦ.
1710 2143 1833 2184 Ἐχάρη-

1044 2199 1092 2216 σαν
1108 2182 1151 2216 οὖν
1167 2188 1190 2217 οἱ
1203 2187 1320 2225 μαθηταὶ
1334 2186 1429 2220 ἰδόντες
1444 2188 1487 2216 τὸν
1504 2186 1614 2227 Κύριον.
1627 2183 1710 2218 Εἶπεν
1727 2182 1772 2216 οὖν
1788 2187 1834 2216 αὖ-

1040 2236 1093 2265 τοῖς
1109 2233 1122 2260 ὁ
1137 2231 1240 2267 Ἰησοῦς
1256 2232 1346 2261 πάλιν·
1369 2230 1468 2271 Εἰρήνη
1488 2233 1559 2270 ὑμῖν·
1575 2231 1660 2265 καθὼς
1683 2231 1835 2262 ἄπέσταλκέ

1039 2288 1072 2314 με
1087 2278 1100 2305 ὁ
1121 2275 1238 2316 Πατὴρ,
1255 2275 1328 2315 κάγὼ
1344 2275 1446 2313 πέμπω
1462 2278 1541 2314 ὑμᾶς.
1562 2276 1616 2305 Καὶ
1637 2279 1715 2306 τοῖῐτο
1732 2276 1831 2315 εἰπὼν,

1039 2320 1198 2361 ἐνεφύσησε,
1215 2320 1260 2349 καὶ
1282 2321 1354 2359 λέγει
1378 2321 1475 2354 αὐτοῖς·
1493 2320 1597 2351 Λάϐετε
1622 2322 1733 2358 Πνεῦμα
1751 2321 1834 2360 ἄγιον⁶

1038 2365 1069 2394 ἄν
1093 2378 1170 2395 τινων
1195 2366 1279 2405 ἀφῆτε
1303 2364 1351 2399 τὰς
1377 2365 1527 2406 ἁμαρτίας,
1543 2366 1664 2405 ἀφίενται
1680 2367 1778 2400 αὐτοῖς’
1803 2365 1833 2394 ἄν

1037 2422 1113 2440 τινων
1124 2412 1249 2451 κρατῆτε,
1262 2410 1452 2450 κεκράτηνται.
1466 2423 1477 2436 υ
1489 2409 1600 2445 Ἐπειδὴ
1617 2412 1633 2444 ἡ
1646 2411 1739 2450 Μαρία
1751 2409 1835 2449 ἅπήγ·

1037 2455 1108 2494 γειλε
1121 2457 1208 2485 ταῦτα
1227 2459 1281 2489 τοῖς
1303 2457 1451 2492 μαθηταῖς,
1470 2454 1540 2487 εἰκὸς
1555 2455 1582 2483 δὲ
1599 2451 1631 2491 ἧν
1646 2454 1663 2490 ἢ
1687 2456 1832 2490 ἀπιστῆσαι

1036 2500 1143 2534 τούτους
1159 2501 1226 2540 αὐτῇ
1248 2499 1265 2535 ἢ
1290 2499 1486 2533 πιστεύσαντας
1501 2499 1632 2539 ἀλγῆσαι,
1653 2498 1694 2529 ὅτι
1711 2499 1750 2540 μὴ
1765 2510 1832 2529 κατ-

1035 2543 1185 2580 ηξιώθησαν
1210 2544 1285 2574 αὐτοὶ
1299 2546 1344 2573 τοῦ
1366 2545 1428 2574 ἰδεῖν
1452 2544 1547 2581 αὐτὸν,
1572 2544 1616 2574 διὰ
1637 2546 1715 2574 τοῦτο
1734 2544 1832 2585 τῇαῦ-

1036 2592 1068 2629 τῇ
1085 2589 1173 2630 ἡμέρα
1185 2590 1272 2622 αὐτοῖς
1292 2589 1431 2629 ἐφίσταται
1447 2590 1542 2630 διψῶσι
1564 2589 1627 2628 μὲν,
1643 2590 1674 2619 ἐκ
1690 2591 1736 2619 τοῦ
1751 2590 1831 2619 ἀκοῦ-

1037 2645 1082 2664 σαι
1099 2635 1172 2673 παρὰ
1186 2636 1233 2669 τῆς
1248 2634 1386 2672 γυναικὸς,
1411 2634 1452 2664 δτι
1474 2634 1590 2672 ἀνέστη,
1613 2634 1783 2674 φοϐουμένοις
1805 2632 1830 2663 δὲ

1037 2679 1096 2712 τοὺς
1117 2678 1277 2714 Ἰουδαίους,
1302 2679 1348 2708 καὶ
1369 2678 1411 2708 διὰ
1435 2681 1512 2709 τοῦτο
1530 2681 1643 2709 ποθοῦσι
1667 2679 1747 2709 πλέον
1768 2678 1830 2708 ἰδεῖν

1038 2724 1085 2759 τὴν
1115 2723 1197 2762 μόνην
1226 2724 1314 2758 αὐτοῖς
1343 2724 1527 2764 παραμυθίαν.
1597 2724 1759 2764 Ἐφίσταται
1788 2719 1831 2753 οὖν

1038 2768 1150 2809 ἑσπέρας
1178 2768 1225 2808 μὲν
1255 2769 1382 2808 (ἀνέμενε
1408 2769 1460 2810 γὰρ
1485 2769 1554 2799 ὥστε
1583 2768 1702 2803 ἅπαντας
1734 2769 1829 2798 συλλε-

1039 2813 1144 2854 γῆναι),
1173 2826 1186 2842 ι
1201 2814 1394 2853 κεκλεισμένων
1417 2814 1444 2844 δὲ
1467 2816 1520 2855 τῷν
1536 2816 1640 2855 θυρῶν,
1660 2827 1672 2841 ι
1686 2813 1729 2844 ἵνα
1742 2813 1827 2853 δείξῃ,
