1927 3076
38 138 90 164 297

432 136 626 165 ENARRATIO
645 137 677 165 1N
699 136 913 165 EVANGELIUM
930 137 1077 165 JOANNIS.
1097 153 1130 158 —
1151 138 1224 166 CAP.
1246 139 1298 167 XX.

1633 142 1687 169 298

39 199 79 228 ὅτι
94 198 180 232 οὕτως
194 198 313 238 ἆνέστηῗ,
328 199 373 229 καὶ
396 201 441 228 τοῦ
462 199 535 228 λίθου
556 199 720 238 ἐπικειμένου
735 202 772 240 τῷ
789 200 834 229 τά·

900 199 964 236 [uod
984 200 1021 228 ita
1042 201 1159 228 surrexit
1182 201 1353 237 supraposito
1374 202 1462 237 lapide
1487 212 1570 241 super
1595 205 1690 239 sepul-

39 256 92 284 φῳ.
111 245 175 277 Πῶς
195 243 223 272 δὲ
239 245 384 284 φάντασμα
409 243 487 273 αὐτὸν
506 245 554 274 οὐκ
576 243 717 282 ἐνόμισαν,
734 245 838 282 θαυμά-

43 300 112 318 σειεν
128 289 160 317 ἄν
175 301 224 322 ¹τις.
251 290 379 320 Μάλιστα
404 288 451 327 μὲν
472 285 517 318 οῦν
543 291 560 324 ἡ
587 288 651 327 γυνὴ
666 289 838 328 προλαϐοῦσα

40 333 145 368 πολλὴν
161 333 209 369 τὴν
221 334 310 364 πίστιν
331 334 488 374 εἰργάσατο,
504 333 592 366 ἄλλως
607 333 635 363 δὲ
646 357 654 372 ,
670 334 716 362 καὶ
739 333 838 375 ἥμερον

41 379 130 411 αὐτοῖς
145 378 195 414 τὴν
211 379 270 418 ὄψιν
292 379 405 415 ἔδειξεν,
428 377 487 416 ἅμα
509 377 535 407 δὲ
559 378 603 407 καὶ
620 378 662 407 διὰ
684 380 730 414 τῆς
752 382 840 419 φωνῆς

41 424 172 463 Et:deva
196 425 282 453 αὐτῶν
309 424 356 460 τὴν
383 422 499 453 διάνοιαν
529 423 730 462 κυμαίνουσαν,
758 424 838 453 εἰπὼν

42 468 89 504 τὸ,
121 481 134 494 α
159 468 261 507 Εἰρήνη
290 470 360 507 ὑμῖν·
386 482 399 493 ι
428 467 557 497 τουτέστι·
588 467 635 503 Μὴ
670 468 838 507 θορυϐεῖσθε·

43 513 102 551 ἅμα
119 513 165 549 δὲ,
187 513 384 552 ἀναμιμνήσκει
411 511 506 546 αὐτοὺς
529 512 574 542 καὶ
599 515 643 542 τοῦ
668 513 800 553 ῥήματος,
826 513 840 543 8

42 558 94 591 πρὸ
109 560 157 587 τοῦ
174 561 287 598 σταυροῦ
312 554 384 587 εἶπεν
409 557 507 590 αὐτοῖς·
532 571 544 583 σι
563 557 679 597 Εἰρήνην
706 557 753 593 τὴν
773 558 840 596 ἐμὴν

42 602 142 640 δίδωμι
158 605 231 642 ὑμῖν·
256 617 268 629 ι
284 603 440 643 Ἐχάρησαν
463 601 490 631 δὲ
514 602 610 636 ἰδόντες
634 602 677 632 τὸν
704 603 811 642 Κύριον,
828 616 840 629 ι

43 647 99 677 Καὶ
115 646 169 687 γὰρ
190 647 236 676 καὶ
264 650 342 677 τοῦτο
371 648 483 687 προεῖπε
507 647 559 687 πρὸ
581 649 626 676 τοῦ
645 649 780 687 σταυροῦ,
800 648 840 677 ὅτι

41 706 53 718 ι
70 691 198 732 Ὀψομαι
223 694 309 731 ὑμᾶς,
327 692 371 721 καὶ
387 690 536 731 χαρήσεται
561 693 635 730 ὑμῶν
664 695 680 727 ἡ
705 693 812 731 καρδία.
828 707 840 718 ι

41 737 157 772 Ἐπειδὴ
173 737 199 767 δὲ
215 737 279 777 πρὸς
301 737 447 769 Ἰουδαίους
472 736 589 774 πόλεμον
605 732 676 776 εἶχον
692 737 838 773 ἄσπονδον,

42 782 124 810 πάλιν
141 782 230 815 αὐτοῖς
244 793 309 821 φησι
330 782 374 817 τὸ,
391 795 401 808 ι
423 781 537 821 Εἰρήνη.
554 795 566 807 ι»
590 780 698 821 ΙὨσπερ
710 781 761 821 γὰρ
784 787 841 815 ταῖς

41 826 161 865 γυναιξὶν
185 821 259 863 εἷπε,
279 840 291 853 ι
310 826 442 866 Χαίρετε,
459 840 472 852 ιι
501 826 565 856 διότι
583 827 609 855 ἐν
634 826 730 860 λύπαις
755 822 787 864 ἦν
811 826 841 856 τὸ

892 253 980 274 crum.
999 245 1144 281 Quomodo
1158 250 1252 274 autem
1267 254 1324 274 non
1338 249 1492 282 putaverint
1508 250 1585 278 illum
1600 250 1687 286 phan-

892 295 990 324 tasma,
1013 291 1191 319 admirabitur
1205 291 1349 327 quispiam.
1376 293 1475 321 Mulier
1499 294 1574 329 prius
1590 303 1688 331 magna

892 345 940 364 eos
955 336 1008 364 [ide
1019 336 1151 369 ﬁrmarat.
1165 341 1193 364 et
1207 340 1338 372 praeterea
1353 342 1524 366 mansuetam
1538 339 1577 366 eis
1591 339 1689 368 faciem

893 381 1026 415 exhibuit,
1041 385 1068 409 et
1081 389 1148 409 voce
1167 381 1375 410 ﬂuctuabundas
1395 390 1492 411 eorum
1506 388 1613 412 mentes
1632 384 1691 420 pla-

892 427 971 455 cavit.
989 427 1057 454 Cum
1072 430 1164 454 autem
1185 426 1308 461 dixisset,
1325 438 1338 452 ‹‹
1354 428 1409 455 Pax
1428 427 1518 462 vobis,
1540 439 1554 453 ››
1575 428 1627 456 hoc
1638 433 1690 464 est,

894 472 931 499 Ne
947 471 1093 499 turbemini
1118 480 1125 499 :
1142 478 1279 499 memores
1298 479 1345 499 eos
1367 471 1431 500 fecit
1452 472 1527 500 verbi
1539 472 1613 509 quod
1628 478 1691 502 ante

895 523 1005 543 crucem
1027 515 1134 543 dixerat
1155 515 1218 543 eis:
1241 526 1254 540 ‹‹
1279 516 1377 544 Pacem
1399 525 1490 544 meam
1514 517 1550 546 do
1565 518 1641 547 vobis
1655 518 1689 546 ’".

896 569 910 585 «
929 559 1019 588 Gavisi
1031 563 1124 588 autem
1141 564 1208 588 sunt
1221 561 1278 588 viso
1292 560 1424 589 Domino.
1443 572 1457 586 »
1469 562 1504 589 Et
1517 561 1569 589 hoc
1582 570 1690 599 quoque

894 604 1055 640 praedixerat
1074 604 1114 632 eis
1136 608 1199 632 ante
1219 612 1340 639 cmcem,
1365 605 1460 634 dicens
1489 612 1524 640 ἰ,
1547 617 1560 630 ι
1586 607 1691 635 Videbo

894 657 952 682 vos,
973 653 1000 676 et
1014 648 1142 684 gaudebit
1165 657 1214 676 cor
1229 654 1359 678 vestrum.
1384 662 1398 675 »
1426 650 1496 686 Quia
1518 655 1611 679 autem
1625 660 1691 680 cum

895 693 999 722 Iudaeis
1029 693 1200 730 implacabile
1222 694 1352 730 gerebant
1384 695 1498 729 bellum,
1520 695 1622 724 iterum
1653 697 1692 725 eis

895 738 970 772 dicit,
985 750 999 763 ‹‹
1012 740 1077 766 Pax.
1095 749 1107 762 ιι
1134 738 1209 766 Sicut
1223 739 1296 767 enim
1314 739 1478 768 mulieribus
1491 740 1569 772 dixit,
1582 742 1603 773 τι
1618 741 1691 769 Gau-

895 781 967 815 dete,
985 794 996 805 ιι
1013 790 1046 810 eo
1066 784 1140 819 quod
1156 784 1183 811 in
1198 785 1272 812 luctu
1286 786 1367 811 erant
1382 792 1389 810 :
1408 783 1444 811 ita
1459 783 1512 810 illis
1527 791 1621 819 pacem
1643 783 1691 812 dat

895 831 1007 863 propter
1019 828 1122 856 bellum
1139 828 1214 865 quod
1228 837 1293 857 cum
1308 829 1411 856 Judeeis
1432 829 1570 857 habebant
1583 837 1691 864 omnes,

41 871 125 909 γένος·
147 870 218 900 οὕτω
232 870 332 905 τούτοις
356 871 402 906 τὴν
421 870 526 909 εἰρήνην
553 871 645 900 δίδωσι
669 870 712 900 διὰ
728 872 772 901 τὸν
788 871 839 901 πό-

900 877 924 901 et
946 873 1065 902 habituri
1081 879 1168 902 erant.
1185 876 1311 911 Congrue
1333 875 1415 910 igitur
1436 875 1489 903 illis
1504 875 1646 911 gaudium,
1662 879 1694 903 ut

42 917 142 953 λεμον,
161 916 190 945 ὃν
204 916 269 956 πρὸς
284 915 377 948 αὐτοὺς
390 910 462 956 εἰχον
476 915 521 944 καὶ
539 918 614 955 σχεῖν
637 916 749 953 ἔμελλον
770 916 842 945 troiv—

43 973 96 994 τες.
124 960 308 996 Καταλλήλως
324 956 368 990 οὖν
390 960 525 994 κάκείναις
547 960 594 998 μὲν
614 960 662 996 τὸ,
680 974 692 986 οι
714 961 808 999 Χαῖρε”
825 972 839 990 ι)

44 1007 70 1035 ἐν
83 1005 137 1045 γὰρ
152 1005 249 1039 λύπαις
270 1005 367 1035 τίκτειν
389 1005 589 1044 κατηρ¹άθησαν⁶
612 1005 665 1039 τοῖς
690 1005 717 1035 δὲ
733 1006 843 1046 ἀνδράσι

44 1051 73 1080 τὸ
91 1050 236 1090 εἰρηνεύειν
246 1074 255 1089 ,
269 1049 313 1079 διὰ
331 1050 391 1083 τοὺς
412 1049 544 1088 πολέμους
559 1049 617 1083 τοὺς
632 1052 710 1079 ἕνεκα
726 1053 770 1080 τοῦ
793 1062 843 1086 κη-

45 1096 192 1134 ρύγματος.
219 1094 291 1134 Ἅμα
316 1094 343 1124 δὲ
370 1094 492 1135 ἐμφαίνει
518 1095 565 1124 καὶ
589 1094 623 1124 τὰ
647 1096 844 1135 κατορθώματα

43 1142 90 1169 τοῦ
108 1142 232 1179 σταυροῦ·
250 1141 336 1168 ταῦτα
352 1138 379 1168 δὲ
401 1138 433 1175 ἧν
450 1143 467 1176 ἡ
484 1139 586 1179 εἰρήνη.
601 1139 649 1169 Διὸ
663 1140 726 1178 καὶ,
742 1139 821 1170 Ἐπεὶ
834 1162 842 1178 ,

45 1186 130 1224 φησὶ,
148 1184 191 1213 διὰ
215 1187 260 1214 τοῦ
284 1187 398 1224 σταυροῦ
416 1183 507 1224 εἰρήνη
531 1183 721 1224 κατώρθωται,
746 1185 844 1223 πέμπω

45 1231 117 1266 ὑμᾶς
133 1229 177 1258 ἐπὶ
196 1230 226 1259 τὸ
246 1230 382 1269 κήρυγμα.
408 1229 656 1269 Παραμυθούμενος
681 1229 708 1258 δὲ
731 1229 843 1266 αὐτοὺς,

46 1274 93 1303 καὶ
118 1274 348 1314 παραθαρρύνων,
369 1273 444 1314 φησί’
469 1287 481 1300 α
498 1273 595 1307 Καθὼς
615 1274 767 1304 ἄπίσταλκέ
782 1286 815 1312 με
831 1275 845 1303 ὁ

48 1318 162 1358 Πατὴρ,
190 1318 265 1358 καγὼ
292 1318 390 1355 πέμπω
416 1320 494 1356 ὑμᾶς.
523 1331 536 1345 ι
569 1319 609 1348 Τὸ
633 1318 684 1357 γὰρ
714 1318 789 1358 ἔργον
814 1318 844 1348 τὸ

46 1363 111 1400 ἐμὸν
121 1385 129 1399 ,
154 1363 233 1403 φησὶν
241 1385 250 1400 ,
278 1361 439 1401 ἀναδέχεσθε
448 1385 456 1400 ,
471 1362 541 1392 ὥστε
564 1363 682 1404 θαρρεῖτε
691 1385 698 1399 ,
708 1362 758 1404 Δὸτι
784 1375 845 1392 συν-

46 1409 144 1446 έσομαι
159 1410 233 1446 ὑμῖν.
256 1407 330 1447 ¹⁷Ορα
354 1407 380 1436 δὲ
394 1408 443 1444 τὴν
464 1402 621 1437 «comm?
635 1409 682 1437 οὐκ
698 1402 770 1437 εἶπεν
780 1431 788 1444 ,
805 1407 845 1437 ὅτι

49 1452 241 1492 Παρακαλέσω
266 1453 310 1482 τὸν
336 1453 447 1492 Πατέρα
471 1464 538 1491 μου,
564 1453 609 1481 καὶ
635 1452 736 1492 πέμψει
759 1454 843 1491 ὑμᾶς,

48 1499 118 1534 ἀλλ’,
133 1512 146 1525 ε
165 1497 237 1537 Ἐγὼ
260 1498 360 1536 πέμπω
385 1499 466 1535 ὑμᾶς.
486 1512 497 1524 ι
522 1497 649 1538 Ἐμφυσᾷ
675 1497 720 1534 δὲ,
745 1498 791 1527 καὶ
807 1497 846 1526 δί-

900 920 1097 952 mmrentibus,
1113 924 1140 947 et
1163 920 1315 948 maledictis
1329 920 1396 947 olim
1419 924 1449 948 ut
1463 920 1489 947 in
1505 921 1617 948 tristitia
1643 929 1694 956 pa-

899 964 973 991 riant
997 973 1004 991 :
1033 964 1096 992 viris
1117 968 1210 992 autem
1236 972 1332 1000 pacem
1355 964 1422 992 dicit
1448 969 1558 1000 propter
1573 965 1694 1000 pericula

899 1008 1115 1044 praedicationis.
1132 1009 1246 1037 Interim
1262 1013 1290 1036 et
1304 1009 1392 1037 crucis
1404 1009 1476 1037 bona
1491 1009 1622 1043 declarat,
1633 1017 1695 1045 qua

899 1054 973 1089 pacis
987 1058 1062 1081 sunt.
1079 1053 1143 1081 ldeo
1159 1054 1223 1089 quia
1240 1061 1287 1089 per
1311 1061 1430 1087 crucem,
1449 1053 1547 1089 inquit,
1573 1061 1624 1089 pax
1647 1053 1691 1082 fa-

899 1103 951 1133 cta,
968 1099 1049 1126 mitto
1065 1107 1112 1126 vos
1133 1099 1166 1126 ad
1181 1098 1413 1134 praadicationem.
1437 1098 1590 1126 Consolans
1602 1102 1695 1127 autem

900 1151 948 1171 eos
960 1148 988 1171 et
1001 1143 1140 1176 animans,
1154 1143 1255 1179 inquit,
1271 1154 1285 1167 α
1303 1143 1381 1171 Sicut
1399 1143 1475 1171 misit
1490 1151 1534 1171 me
1549 1144 1640 1177 Pater,
1658 1143 1695 1172 ita

900 1192 927 1215 et
949 1195 1000 1223 ego
1021 1189 1102 1215 mitto
1116 1195 1173 1215 vos.
1191 1199 1204 1212 ιι
1229 1189 1324 1216 Meum
1337 1195 1416 1224 opus,
1442 1188 1542 1224 inquit,
1558 1188 1695 1224 suscipite,

900 1237 928 1260 et
938 1232 1067 1260 conﬁdite
1080 1232 1154 1269 quod
1167 1232 1309 1260 vobiscum
1322 1232 1374 1260 sim
1390 1231 1506 1260 futurus.
1521 1232 1591 1261 Vide
1602 1238 1697 1261 autem

900 1281 927 1305 et
935 1278 1136 1305 auctoritatem.
1146 1278 1206 1305 Non
1217 1277 1297 1311 dixit,
1308 1277 1463 1305 Obsecrabo
1472 1278 1581 1305 Patrem
1592 1285 1697 1311 meum,

900 1326 928 1349 et
944 1322 1036 1350 mittet
1048 1329 1114 1350 vos:
1131 1321 1191 1355 sed,
1216 1333 1228 1346 ιι
1251 1322 1330 1349 Mitto
1351 1330 1406 1350 vos.
1424 1333 1436 1346 ι
1451 1321 1579 1350 lnsufllat
1593 1326 1696 1357 autem,

901 1371 928 1394 et
945 1367 992 1394 dat
1011 1366 1048 1394 eis
1058 1366 1187 1402 Spiritum
1200 1370 1337 1400 sanctum,
1351 1374 1408 1394 non
1426 1366 1577 1402 perfectum
1591 1367 1696 1395 donum

901 1411 1019 1446 Spiritus
1032 1411 1117 1439 sancti
1131 1419 1205 1439 nunc
1222 1411 1262 1439 eis
1276 1411 1400 1439 tribuens
1415 1411 1478 1444 (hoc
1493 1411 1566 1439 enim
1581 1411 1607 1439 in
1622 1413 1697 1440 Pen-

900 1460 1004 1484 tecoste
1018 1455 1131 1484 daturus
1146 1458 1225 1489 erat),
1241 1455 1290 1484 sed
1310 1455 1345 1484 ad
1359 1456 1564 1492 susceptionem
1579 1456 1695 1492 Spiritus

901 1501 1013 1529 idoneos
1028 1508 1075 1528 eos
1099 1500 1224 1528 reddens.
1243 1511 1258 1525 «
1273 1501 1407 1536 Accipite,
1435 1500 1535 1537 inquit,
1561 1501 1696 1536 Spiritum

50 1543 131 1572 δωσιν
156 1543 245 1575 αὐτοῖς
264 1544 375 1582 Πνεῦμα
392 1541 484 1581 ἅγιον,
508 1544 537 1572 οὗ
553 1542 601 1577 τὴν
624 1542 726 1572 τελείαν
746 1543 845 1582 δωρεὰν

900 1550 1025 1575 sanctum
1041 1554 1047 1573 :
1066 1557 1078 1570 ι
1095 1545 1148 1573 hoc
1162 1549 1213 1579 est,
1230 1547 1324 1573 Estote
1335 1545 1430 1573 idonei
1444 1545 1478 1573 ad
1493 1545 1696 1581 suscipiendum

50 1589 96 1616 τοῦ
111 1587 187 1624 ἁγίου
202 1587 358 1626 Πνεύματος
373 1590 418 1616 νῦν
445 1588 532 1621 αὐτοῖς
547 1587 635 1624 νέμων
652 1586 772 1628 (ταύτην
795 1588 846 1627 γὰρ

53 1633 77 1661 ἐν
158 1633 334 1672 Πεντηκοστῇ
359 1632 467 1670 ἔμελλεν
484 1633 592 1671 δοῦναι)
618 1631 686 1661 ἀλλὰ
700 1632 765 1672 πρὸς
781 1633 846 1661 ὓπο-

53 1677 131 1716 δοχὴν
146 1680 193 1706 τοῦ
213 1675 371 1715 Πνεύματος
393 1676 557 1713 ἐπιτηδείους
581 1676 674 1710 αὐτοὺς
690 1678 782 1706 ποιῶν.
808 1676 848 1706 Τὸ

53 1721 117 1761 γὰρ,
140 1733 155 1750 ιι
171 1721 277 1752 Λάϐετε
302 1723 416 1760 Πνεῦμα
438 1721 531 1760 ἅγιον,
547 1733 560 1748 ι
578 1721 637 1750 ἀντὶ
661 1724 723 1757 τοῦ,
741 1721 848 1751 Γίνεσθε

53 1767 194 1803 ἐπιτήδειοι
211 1766 275 1806 πρὸς
290 1767 320 1796 τὸ
343 1766 436 1796 λαϐεῖν
455 1768 581 1804 Πνεῦμα.
602 1765 683 1796 Ἔστι
699 1765 726 1795 δὲ
746 1767 845 1802 εἰπεῖν,

51 1811 90 1840 ὅτι
115 1810 235 1846 ἐξουσίαν
258 1811 317 1840 τινὰ
349 1811 394 1840 καὶ
418 1811 496 1851 χάριν
523 1811 707 1849 πνευματικὴν
736 1811 847 1840 δέδωκεν

53 1857 157 1892 αὐτοῖς,
194 1856 244 1896 οὐχ
270 1855 339 1886 ὥστε
363 1855 471 1896 νεκροὺς
511 1856 621 1896 ἐγείρειν
654 1855 699 1885 καὶ
726 1856 848 1894 δυνάμεις

52 1902 157 1939 ποιεῖν,
173 1901 231 1930 ἀλλ’
254 1899 324 1930 ὥστε
347 1901 453 1941 ἀφιέναι
470 1900 504 1930 τὰ
518 1900 714 1940 ἁμαρτήματα.
739 1901 787 1931 Διὸ
803 1901 848 1930 καὶ

53 1947 195 1985 ἕπήγαγεψ
213 1958 225 1971 ι
239 1945 287 1975 Ἅν
309 1957 387 1975 τινων
411 1947 495 1986 ἀφῆτε
515 1945 562 1979 τὰς
579 1945 737 1986 Ῠὰμαρτίας,
756 1947 848 1986 ἀφίεν-

52 2003 95 2020 ται
110 1991 208 2024 αὐτοῖς·
223 2001 237 2019 n
255 1990 355 2025 δεικνὺς
370 1989 410 2019 ὅτι
431 1992 509 2020 τοῦτο
524 1990 553 2019 τὸ
569 1985 635 2024 εἶδος
653 1992 706 2019 τῶν
724 2002 846 2029 πνευμα-

52 2037 131 2065 τικῶν
158 2035 335 2075 χαρισμάτων
354 2037 442 2069 αὐτοῖς
467 2035 582 2072 δέδωκε,
609 2035 640 2064 τὸ
663 2037 710 2071 τῆς
731 2035 850 2076 ἀφέσεως

53 2082 103 2111 τῶν
119 2080 269 2120 ἁμαρτιῶν·
283 2080 351 2119 μετὰ
366 2080 393 2110 δὲ
407 2080 456 2116 τὴν
472 2080 604 2121 ἀνάληψιν
614 2103 624 2119 ,
641 2080 704 2110 αὐτὸ
718 2082 748 2110 τὸ
765 2081 849 2110 Πνεῦ-

55 2137 92 2164 μα
106 2125 234 2155 κατελθὸν
247 2147 255 2161 ,
270 2126 316 2154 καὶ
331 2127 384 2154 τῶν
401 2125 519 2164 σημείων
532 2125 578 2155 καὶ
593 2125 691 2158 παντὸς
707 2125 789 2154 ἄλλου
804 2137 851 2165 χα-

901 1592 1044 1627 Spiritum.
1078 1590 1232 1618 Dicendum
1260 1594 1355 1618 autem
1381 1590 1454 1626 quod
1480 1594 1508 1619 et
1533 1594 1699 1626 potestatem

901 1635 1051 1672 quamdam
1070 1639 1099 1663 et
1121 1635 1226 1663 donum
1248 1635 1387 1670 spirituale
1414 1635 1490 1663 dedit
1519 1635 1567 1670 eis,
1595 1643 1652 1664 non
1670 1639 1700 1663 ut

903 1685 1028 1708 mortuos
1044 1679 1188 1713 suscitent,
1213 1684 1240 1708 et
1263 1680 1379 1708 virtutes
1393 1679 1506 1714 faciant,
1529 1680 1576 1709 sed
1599 1684 1630 1708 ut
1655 1688 1700 1708 re-

903 1725 1013 1753 mittant
1032 1729 1151 1760 peccata.
1168 1724 1234 1752 Ideo
1249 1728 1277 1752 et
1295 1724 1400 1758 subdit,
1418 1736 1432 1750 «
1448 1727 1573 1761 Quorum
1587 1725 1700 1753 remise-

902 1769 962 1797 ritis
988 1773 1109 1805 peccata,
1137 1769 1312 1797 remittemur
1334 1769 1382 1804 eis,
1413 1781 1426 1794 ι
1451 1769 1604 1798 ostendens
1626 1769 1701 1806 quod

902 1821 986 1850 genus
1011 1813 1195 1849 spiritualium
1221 1813 1360 1841 donorum
1385 1814 1424 1841 eis
1458 1814 1572 1848 dederit,
1601 1814 1701 1842 remis-

902 1858 1009 1886 sionem
1034 1857 1157 1885 videlicet
1181 1861 1368 1893 peccatorum.
1392 1859 1458 1886 Post
1482 1858 1698 1892 assumptionem

903 1907 997 1931 autem
1016 1902 1074 1938 ipse
1091 1902 1209 1938 Spiritus
1223 1910 1288 1930 cum
1301 1901 1496 1935 descendisset.
1512 1907 1539 1930 et
1555 1901 1701 1938 signorum

903 1952 930 1976 et
951 1948 1068 1976 aliorum
1085 1947 1283 1975 charismatum
1300 1947 1430 1974 virtutem
1451 1947 1492 1975 eis
1512 1947 1624 1983 largitus
1647 1951 1699 1975 est.

904 1993 993 2028 Digna
1008 1996 1100 2020 autem
1114 1992 1242 2028 quaestio,
1265 1999 1350 2027 quare
1370 1999 1426 2019 non
1448 1991 1476 2019 in
1489 1991 1602 2020 Galilaea
1616 1991 1702 2019 disci-

904 2037 973 2073 pulis
995 2041 1119 2073 apparet,
1142 2036 1193 2065 sed
1208 2037 1236 2064 in
1251 2036 1435 2070 Hierusalem,
1459 2043 1524 2064 cum
1551 2037 1660 2064 Marcus
1674 2040 1703 2064 et

905 2081 1054 2110 Matthaaus
1067 2082 1161 2110 dicant
1176 2081 1335 2117 promisisse
1353 2088 1418 2109 eum
1433 2080 1485 2109 illis
1503 2088 1532 2109 se
1552 2079 1700 2108 videndum

904 2126 932 2154 in
945 2126 1057 2154 Galilzea
1068 2126 1100 2154 ’².
1113 2126 1258 2160 Quomodo
1271 2133 1335 2162 ergo
1350 2126 1379 2153 in
1392 2126 1561 2153 Hierusalem
1572 2126 1700 2161 apparet?

55 2171 182 2209 ρίσματος
226 2169 272 2203 τὰς
315 2170 441 2209 δυνάμεις
479 2171 567 2204 αὐτοῖς
608 2171 845 2210 ἐπεδαψιλεύσατο.

903 2171 1006 2199 Dicunt
1019 2170 1102 2207 igitur
1123 2170 1245 2206 quidam,
1265 2170 1340 2207 Quid
1362 2171 1431 2198 hoc?
1455 2171 1519 2198 Non
1533 2170 1606 2198 enim
1621 2169 1700 2203 dixit,

53 2214 139 2249 Ἄξιον
152 2214 179 2244 δὲ
192 2217 317 2252 ζητῆσαι,
329 2215 397 2248 τίνος
408 2214 496 2244 ἕνεκεν
506 2215 554 2244 οὐκ
566 2215 593 2244 ἐν
654 2215 786 2255 Γαλιλαία
797 2215 850 2248 τοῖς

54 2261 186 2297 μαθηταῖς
207 2259 388 2299 ἐπιφαίνεται,
399 2259 460 2289 ἀλλ’
471 2261 497 2289 ἐν
559 2258 749 2299 Ἰερουσαλήμι
765 2260 850 2288 καίτοι

54 2305 216 2337 ὃΜατθαῖος
229 2304 277 2333 καὶ
291 2306 305 2333 ὁ
321 2303 432 2342 Μάρκος
445 2304 612 2343 ὑποσχέσθαι
627 2303 705 2334 αὐτὸν
725 2306 810 2337 αὐτοῖς
825 2305 851 2332 ἐν

55 2348 190 2388 Γαλιλαίᾳ
217 2348 380 2389 ὀφθήσεσθαί
402 2360 476 2389 φασι·
496 2351 552 2381 πῶς
567 2344 611 2378 οῦν
632 2350 658 2378 ἐν
676 2347 853 2388 Ἰερουσαλὴμ

53 2394 195 2434 φαίνεταις
208 2388 299 2423 Φασὶν
310 2388 355 2422 οῦν
370 2405 455 2430 τινες,
471 2393 510 2423 ὅτι
528 2393 583 2424 Καὶ
597 2392 623 2422 τί
637 2396 716 2422 τοῦτο
728 2405 736 2429 ;
750 2393 791 2423 Οὐ
801 2392 852 2432 γὰρ

52 2435 147 2474 εἶπεν,
178 2439 220 2466 ὅτι
245 2437 295 2468 Ἐν
319 2439 341 2468 Γ
342 2438 451 2478 αλιλαία
481 2437 560 2476 μόνον
592 2437 744 2478 ὀφθήσομαι
771 2439 853 2474 ὑμῖν,

53 2484 79 2512 ἔν
120 2483 150 2512 δὲ
177 2482 358 2523 Ἰερουσαλὴμ
399 2484 446 2512 οὐκ
479 2483 638 2522 ὀρθήσομαν
674 2483 743 2512 ὥστε
782 2483 854 2522 φιλο-

53 2527 144 2566 τιμίας
167 2530 245 2557 τοῦτο
267 2528 396 2564 πλοῦτος,
414 2528 442 2557 οὗ
465 2527 575 2568 ψεύδους
596 2527 653 2567 ἔχει
678 2526 854 2566 κατηγορίαν.

56 2572 177 2603 Ἔπειτα
202 2572 233 2601 τὸ
260 2571 371 2613 ὄψεσθαι
397 2572 474 2602 αὐτὸν
501 2575 527 2603 ἐν
558 2572 693 2613 Γαλιλαίᾳ
713 2577 766 2606 τοῖς
790 2576 856 2600 πᾶσι

62 2620 215 2656 μαθηταῖς,
241 2617 300 2657 οὐχὶ
329 2617 380 2650 τοῖς
403 2617 518 2653 δώδεκα,
542 2617 611 2646 ἀλλὰ
638 2618 684 2646 καὶ
707 2621 759 2651 τοῖς
780 2616 856 2646 ἑϐδο-

62 2662 183 2700 μήκοντα
222 2663 406 2702 ὑπισχνεῖται,
435 2664 461 2692 ἐν
495 2662 676 2702 Ἰερουσαλὴμ
713 2661 740 2691 δὲ
769 2661 857 2700 μόνοις

61 2711 114 2741 τοῖς
145 2706 250 2737 δώδεκα
276 2706 362 2747 ὤφθη.
391 2707 512 2746 Οὐδεμία
538 2702 583 2736 οῦν
610 2706 740 2747 διαφωνία
773 2707 860 2736 ἐντεῦ-

905 2215 1030 2251 7641η
1042 2216 1156 2243 Galilzea
1171 2215 1303 2243 duntaxat
1314 2215 1410 2243 videbo
1420 2223 1480 2249 vos,
1493 2215 1520 2242 in
1533 2214 1702 2242 Hierusalem

905 2265 998 2288 autem
1011 2268 1067 2288 non
1086 2259 1182 2288 videbo
1203 2269 1211 2288 :
1233 2264 1259 2288 et
1270 2260 1308 2288 ita
1328 2260 1446 2295 amplius
1463 2264 1585 2295 apparet,
1599 2263 1627 2287 et
1645 2267 1702 2286 non

905 2305 1088 2333 mendacium.
1107 2305 1214 2332 Deinde
1228 2313 1293 2333 cum
1319 2305 1468 2333 videndum
1483 2312 1512 2332 se
1536 2304 1564 2331 in
1588 2303 1709 2332 Galilaea‘

905 2350 940 2378 ab
955 2349 1082 2378 omnibus
1095 2349 1249 2386 discipulis,
1270 2353 1298 2377 et
1311 2357 1369 2377 non
1391 2357 1407 2377 a
1420 2348 1567 2377 duodecim
1582 2352 1702 2382 tantum,

906 2395 955 2423 sed
980 2398 1036 2422 eta
1049 2394 1222 2430 septuaginta
1243 2394 1390 2430 promittit,
1414 2393 1442 2421 in
1464 2393 1637 2421 Hierusalem
1653 2401 1703 2420 au-

907 2443 964 2467 tem
987 2439 1053 2467 solis
1075 2438 1223 2467 duodecim
1254 2439 1328 2467 visus
1346 2438 1408 2466 fuit.
1444 2438 1527 2466 Nulla
1549 2438 1632 2474 igitur
1660 2438 1704 2466 hic

907 2483 1061 2512 diversitas.
1075 2483 1155 2511 Visus
1166 2483 1239 2511 enim
1256 2487 1298 2511 est
1309 2483 1344 2511 ab
1362 2482 1492 2511 omnibus
1506 2483 1534 2510 in
1549 2483 1674 2516 Galilzea,
1689 2490 1707 2511 a

908 2528 1055 2557 duodecim
1077 2533 1169 2556 autem
1190 2529 1218 2556 in
1242 2527 1413 2556 Hierusalem
1440 2535 1527 2556 :nam
1551 2527 1642 2563 plures
1663 2527 1705 2555 vi-

909 2573 999 2602 siones
1013 2573 1143 2602 fuerunt:
1162 2572 1234 2601 unde
1254 2572 1298 2600 alii
1316 2573 1374 2607 bas,
1389 2572 1434 2600 alii
1454 2572 1514 2600 illas
1527 2572 1705 2608 scripserunt.

910 2619 1044 2646 Fortassis
1066 2622 1159 2646 autem
1187 2618 1222 2646 de
1257 2617 1357 2646 eadem
1394 2618 1509 2645 materia
1536 2615 1708 2644 tradentibus

913 2662 1022 2691 duobus
1042 2663 1224 2699 evangelistis,
1249 2663 1346 2699 implet
1367 2669 1431 2698 quae
1449 2669 1465 2689 a
1488 2661 1576 2697 priore
1600 2659 1708 2688 concise

914 2707 987 2735 dicta
1021 2711 1095 2740 sunt.
1130 2707 1273 2743 posterior.
1308 2707 1378 2735 Vide
1400 2707 1512 2741 insuper
1535 2704 1710 2734 sacerdotum

97 2792 120 2810 ³ο
132 2793 216 2821 Joan.
233 2799 300 2825 xw,
315 2794 360 2820 27.
398 2791 419 2809 ²¹
431 2793 508 2820 Joan.
526 2800 592 2828 χνι,
608 2795 651 2820 22.
692 2792 715 2809 ²²
729 2791 827 2821 Matth.
842 2799 845 2819 ;

900 2798 928 2825 νι,
944 2792 993 2824 32;
1009 2790 1096 2824 Marc,
1111 2796 1176 2818 xxv.
1193 2791 1235 2816 28.

169 2838 287 2866 ΡΑτιιοι..
306 2837 359 2866 Gn.
381 2837 490 2865 CXXlV.

1540 2833 1572 2858 ιο
