1927 3076
239 117 291 143 299

737 115 993 145 THEOPHYLACTI
1012 117 1192 149 BULGARIE
1210 121 1368 150 ARCHIEP.
1840 124 1884 151 300

236 177 408 213 dignitatem,
423 177 496 212 quod
509 176 601 206 divina
618 177 662 205 sit.
682 177 732 205 Dei
747 178 821 206 enim
841 183 882 207 est
894 179 1031 208 remittere

1090 185 1144 214 θεν.
1179 185 1252 214 Πᾶσι
1280 185 1328 223 μὲν
1355 184 1406 224 γὰρ
1438 185 1465 214 ἐν
1499 184 1632 224 Γαλιλαίᾳ
1657 184 1758 225 ὤφθη,
1784 189 1836 218 τοὶς
1862 186 1886 215 δὲ

235 225 356 258 peccata.
380 221 424 249 Sic
449 222 532 258 igitur
555 222 590 249 illi
617 221 772 250 honorandi
803 227 869 251 sunt
895 227 925 251 ut
948 226 1033 252 Deus.

236 268 308 295 Nam
330 267 455 303 quamvis
470 266 577 303 indigni
599 267 667 302 sint,
690 268 753 304 quid
775 268 846 296 hoc?
869 269 1035 297 Divinorum

236 311 376 340 donorum
390 311 511 339 ministri
532 316 604 345 sunt,
628 316 654 340 et
668 313 754 348 gratia
769 318 897 349 operatur
911 322 960 350 per
976 322 1033 349 eos,

235 359 308 387 sicut
332 363 360 387 et
383 367 431 395 per
453 359 558 388 asinam
582 360 691 388 Balaam
717 361 824 389 locutus
847 366 890 390 est
910 361 932 378 ²³
956 370 1036 390 :non

236 404 310 432 enim
324 404 474 440 indignitas
488 408 579 432 nostra
598 405 713 440 gratiam
735 406 880 442 prohibet;
896 411 977 443 atque
999 407 1036 435 ita

237 449 303 485 quia
323 457 372 485 per
383 449 536 478 sacerdotes
550 450 636 486 gratia
658 451 858 487 suppeditatur,
883 451 1036 480 honorandi

238 498 314 522 sunt.

1089 228 1191 258 δώδεκα
1216 231 1243 259 ἐν
1270 229 1461 269 Ἰερουσαλήμ.
1491 228 1626 259 Πλειόνων
1656 229 1715 269 γὰρ
1744 230 1885 268 γενομένων

1089 273 1238 311 ὀπτασιῶν,
1255 275 1278 303 οἱ
1301 273 1348 312 μὲν
1370 275 1468 311 τάσδε,
1492 275 1517 304 οἱ
1542 274 1570 304 δὲ
1591 274 1674 304 τάσδε
1696 274 1886 315 ἆνεγράψαντο.

1089 314 1170 347 Ἔστι
1186 320 1209 347 δ’
1227 318 1271 348 ὅτε
1286 319 1332 349 καὶ
1349 319 1410 359 περὶ
1432 322 1478 349 τοῦ
1506 319 1588 349 αὐτοῦ
1602 319 1757 360 κεφαλαίου
1779 320 1824 349 δύο
1838 320 1889 348 δια-

1089 362 1272 400 λαμϐάνοντες
1296 364 1498 403 εὐαγγελισταὶ,
1534 365 1684 403 ἀναπληροῖ
1710 363 1747 393 τὰ
1772 363 1825 394 ὑπὸ
1849 368 1889 395 τοῦ

1090 406 1196 446 πρώτου
1212 408 1340 448 λεχθέντα
1365 410 1424 437 κατ’
1449 408 1566 448 ἔλλειψιν
1589 410 1603 437 ὁ
1627 407 1766 449 δεύτερος.
1795 408 1889 438 Σκόπει

1091 450 1119 479 δέ
1130 464 1175 490 μοι
1190 454 1241 482 τῶν
1255 453 1347 491 ἱερέων
1358 455 1407 489 τὴν
1422 452 1496 488 ἀξίαν
1506 476 1514 489 ,
1529 451 1569 482 ὅτι
1582 452 1639 482 θεία
1655 453 1732 483 ἐστί·
1746 454 1819 483 Θεοῦ
1834 453 1888 493 γὰρ,

1090 495 1120 524 τὸ
1145 498 1250 537 ἀφιέναι
1277 498 1420 537 ἁμαρτίας.
1451 498 1547 532 Οὕτως
1573 497 1667 532 αὖτοὺς
1700 497 1831 537 τιμητέον
1859 500 1888 531 ὡς

238 540 318 571 Θεόν.
347 541 406 570 Κᾶν
429 539 480 580 γὰρ
497 540 595 584 ἁχάξιοι
621 535 683 576 ὦσι,
707 541 734 570 τί
755 544 845 578 τοῦτο,
871 543 934 581 Τῶν
953 541 1028 571 θείων
1053 543 1230 580 χαρισμάτων
1260 543 1310 572 εἶσὶ
1336 543 1466 580 διάκονοι,
1504 543 1551 573 καὶ
1572 545 1589 579 ἡ
1616 542 1696 583 χάρις
1733 543 1835 584 ἐνεργεῖ
1860 543 1887 572 δι’

239 586 342 621 αὐτῶν,
375 584 466 624 ὥσπερ
490 580 534 614 οὖν
561 585 606 615 καὶ
636 585 678 614 διὰ
704 589 750 622 τῆς
773 587 832 616 ὄνου
865 590 911 616 τοῦ
945 585 1063 623 Βαλαὰμ
1094 586 1232 623 ἐλάλησεν
1270 587 1364 618 οὔκουν
1394 590 1411 623 ἡ
1452 587 1589 624 ἇναξιότης
1618 590 1698 627 ἡμῶν
1730 587 1782 624 τὴν
1816 588 1886 629 χάριν

237 631 342 660 κωλύει.
364 629 451 659 "Qa-rs
469 630 525 659 ἐπεὶ
548 630 581 658 δι’
607 629 700 669 ἱερέων
716 633 732 666 ἡ
754 632 833 671 χάρις
860 636 1030 672 χορηγεῐται,
1045 632 1170 668 τιμητέον
1185 632 1289 666 αὐτούς,

273 680 362 708 Vsss.
376 683 469 707 24-29.
487 691 499 703 ιι
515 679 639 707 Thomas
648 685 738 707 autem
752 689 822 708 unus
835 681 869 708 de
880 681 1033 714 duodecim,

238 724 284 760 qui
294 724 392 752 dicitur
407 724 552 760 Didymus,
570 732 626 751 non
640 729 699 752 erat
709 733 772 753 cum
785 725 823 753 eis
833 725 944 761 quando
962 726 1037 753 venit

237 770 326 797 Iesus.
359 769 496 797 Dixerunt
518 777 582 805 ergo
608 770 633 797 ei
656 769 700 797 alii
725 769 850 806 discipuli
876 780 884 798 :

237 814 400 842 Dominum.
412 814 462 841 Ille
472 818 563 842 autem
573 814 644 842 dixit
656 814 694 842 eis
707 823 714 842 :
729 815 785 843 Nisi
801 814 892 842 videro
908 815 937 842 in
947 815 1037 843 mani-

238 859 288 887 bus
295 859 354 894 ejus
362 858 507 893 vestigium
515 859 666 893 clavorum,
676 864 703 887 et
710 860 809 887 misero
818 859 933 896 digitum
941 867 1036 888 meum

237 903 265 930 in
277 902 417 938 vestigium
428 903 613 935 clavorum,et
621 904 723 931 misero
732 912 845 931 manum
857 912 947 932 meam
957 904 986 931 in
998 904 1037 932 la-

236 951 280 975 tus
293 947 363 983 ejus,
375 955 432 975 non
443 947 564 976 credam.
579 949 614 976 Et
626 952 688 983 post
701 948 758 976 dies
771 953 834 976 octo
845 949 946 976 iterum
957 953 1037 977 erant

235 991 361 1028 discipuli
375 992 435 1028 ejus
448 993 532 1026 intus,
547 997 574 1020 et
586 993 709 1021 Thomas
723 1001 787 1021 cum
802 994 842 1021 eis
858 1002 864 1020 :
882 994 955 1021 venit
969 1001 1035 1029 ergo

235 1038 324 1070 Iesus,
341 1037 435 1073 januis
451 1038 561 1071 clausis,
578 1042 606 1066 et
621 1039 698 1066 stetit
718 1038 745 1066 in
764 1038 855 1066 medio
871 1039 991 1073 illorum,
1009 1043 1035 1066 et

237 1082 305 1110 dixit
316 1091 322 1110 :
336 1084 390 1110 Pax
401 1083 489 1111 vobis.
503 1083 607 1111 Deinde
616 1082 681 1111 dicit
690 1083 807 1118 Thqma:
819 1092 826 1110 ε
839 1082 912 1111 Inter
918 1083 1034 1119 digitum

236 1132 314 1156 tuum
331 1127 395 1162 huc,
411 1132 438 1156 et
453 1128 511 1156 vide
525 1136 624 1156 manus
644 1136 730 1162 meas,
746 1132 773 1156 et
789 1127 905 1156 admove
920 1136 1033 1156 manum

236 1177 325 1208 tuam,
340 1177 368 1200 et
382 1173 502 1200 immitte
517 1173 545 1201 in
559 1173 629 1201 latus
639 1181 744 1207 meum,
769 1177 796 1200 et
807 1172 869 1200 noli'
876 1180 937 1200 esse
949 1172 1034 1200 incre-

236 1218 329 1252 dulus,
353 1218 400 1246 sed
423 1218 547 1246 credens.
573 1218 726 1253 Respondit
744 1217 876 1252 Thomas,
892 1223 920 1246 et
942 1218 1033 1246 dixit:

236 1263 369 1291 Dominus
381 1271 458 1291 meus
474 1267 501 1291 et
519 1266 596 1292 Deus
612 1271 700 1291 meus.
713 1262 789 1291 Dixit
803 1263 830 1291 ei
842 1265 924 1291 Jesus
940 1272 947 1290 :
963 1263 1034 1297 Quia

235 1309 321 1337 vidisti
342 1316 399 1342 me,
424 1309 542 1342 Thoma,
557 1308 716 1337 credidisti:
739 1308 811 1336 beati
823 1309 870 1344 qui
892 1316 946 1336 non
959 1308 1033 1336 vide-

236 1358 310 1388 runt,
339 1357 366 1381 et
394 1353 577 1382 crediderunt.
606 1365 619 1378 ιι
643 1355 706 1381 Non
739 1358 799 1381 erat
825 1353 947 1382 Thomas
968 1361 1034 1381 cum

233 1397 372 1434 discipulis
397 1406 404 1425 :
428 1398 578 1426 verisimile
604 1397 677 1426 enim
701 1397 780 1425 illum
808 1405 841 1425 ex
867 1397 1034 1433 dispersione

233 1443 359 1471 nondum
374 1442 457 1470 fuisse
472 1447 679 1478 congregatum.
694 1442 767 1476 Quid
779 1446 870 1470 autem
886 1446 938 1475 est,
956 1454 967 1466 α
981 1442 1033 1477 Qui

233 1488 332 1516 dicitur
341 1487 495 1523 Didymus?
503 1499 515 1512 ν
523 1487 715 1522 Interpretatio
724 1491 766 1515 est
773 1487 892 1515 nominis
898 1487 1028 1515 Thomas.

235 1531 478 1568 Quemadmodum
489 1532 564 1560 enim
573 1531 681 1567 Cephas
690 1532 901 1567 interpretamur
911 1532 1031 1564 Petrum,

233 1577 273 1606 sic
298 1581 326 1605 et
350 1576 471 1604 Thomas
495 1576 606 1609 dicitur,
635 1575 688 1604 hoc
713 1580 765 1611 est,
790 1577 813 1604 si
837 1576 1032 1612 interpreteris,

234 1625 315 1650 sonat
328 1622 460 1656 Didymus
483 1631 492 1647 :
516 1622 616 1649 Merito
639 1626 733 1649 autem
758 1621 881 1649 meminit
897 1621 1030 1657 interpre-

233 1666 344 1695 tationis
355 1666 415 1702 ejus
427 1666 556 1700 nominis,
572 1670 604 1694 ut
618 1665 746 1694 ostendat
765 1666 846 1694 nobis
861 1666 935 1702 quod
950 1666 1033 1694 dubi-

233 1715 306 1739 tator
326 1711 438 1747 quidam
451 1711 494 1745 sit,
515 1715 542 1739 et
562 1711 589 1739 id
602 1711 660 1739 vitii
674 1719 689 1739 a
704 1711 837 1747 principio
855 1710 990 1745 habuerit,
1004 1714 1035 1738 ut

234 1760 261 1784 et
276 1764 379 1784 nomen
403 1755 512 1784 indicat.
528 1756 689 1784 Dicentibus
710 1760 801 1784 autem
821 1756 878 1784 aliis
894 1755 1035 1791 discipulis

233 1801 267 1830 de
279 1801 411 1834 Domino,
427 1809 484 1828 non
499 1800 588 1829 credit
608 1810 615 1828 :
633 1808 688 1828 non
704 1801 767 1829 illos
781 1801 925 1828 mendaces
938 1801 1035 1828 existi-

231 1854 321 1880 mans,
342 1845 391 1874 sed
415 1845 644 1874 resurrectionem
670 1845 871 1881 impossibilem
898 1850 998 1881 putans
1027 1853 1033 1873 :

232 1891 293 1920 ideo
309 1895 336 1920 et
360 1893 496 1926 arguitur,
523 1895 554 1919 ut
577 1899 659 1926 supra
673 1891 790 1918 modum
805 1891 943 1919 curiosus.
961 1892 1032 1918 Nam

231 1936 466 1973 quemadmodum
480 1936 557 1964 facile
566 1935 687 1970 credere,
702 1936 817 1963 levitatis
827 1940 867 1963 est
887 1944 894 1963 :
909 1936 947 1962 ita
958 1934 1035 1963 valde

230 1981 376 2015 obluctari,
404 1980 566 2010 rusticitatis
594 1984 637 2008 est
669 1980 835 2008 crassitubo.
863 1979 930 2007 Vide
958 1979 1034 2008 enim

231 2026 372 2063 quomodo
395 2033 484 2062 neque
507 2025 594 2053 oculis
620 2024 729 2053 dicebat
749 2032 778 2052 se
793 2024 913 2058 credere,
930 2024 978 2052 sed
998 2028 1026 2052 et

1132 691 1143 702 ι
1163 678 1267 715 Θωμᾶς
1283 677 1309 706 δὲ
1324 673 1360 711 εἷς
1372 678 1402 707 ἐκ
1416 679 1469 706 τῶν
1484 677 1602 714 δώδεκα,
1617 678 1631 706 ὃ
1651 677 1799 716 λεγόμενος
1815 678 1885 708 Δίδυ-

1091 732 1154 759 μος,
1172 722 1219 751 οὐκ
1237 718 1268 758 ἧν
1292 723 1351 760 μετ’
1365 723 1468 760 αὐτῶν,
1486 721 1530 751 ὅτε
1546 718 1625 758 ἦλθεν
1642 724 1655 751 ὁ
1671 721 1792 758 Ἰησοῦς.
1814 722 1886 753 Ἐλε-

911 770 1036 798 Vidimus
1052 777 1134 815 Βγον
1159 761 1203 796 οὖν
1231 768 1302 806 αὐτῷ
1327 768 1356 813 οἱ
1377 766 1452 796 ἄλλοι
1477 766 1609 805 μαθηταί·
1635 766 1823 806 Ἑωράκαμεν
1848 767 1885 796 τὸν

1559 811 1568 821 9

1090 810 1200 850 Κύριον.
1225 811 1260 841 Ὃ
1283 810 1310 840 δὲ
1333 806 1405 840 εἷπεν
1428 812 1535 844 αὐτοῖς·
1559 811 1626 841 Ἐὰν
1648 812 1688 850 μή
1714 811 1765 841 ἴδω
1790 813 1816 841 ἐν
1837 817 1885 845 ταῖς

1089 855 1181 895 χερσὶν
1209 857 1288 886 αὐτοῦ
1314 856 1358 886 τὸν
1379 855 1461 885 τύπον
1488 857 1540 886 τῶν
1565 855 1656 893 ἥλων,
1684 855 1734 886 καὶ
1759 857 1835 896 βάλω
1848 859 1884 886 τὸν

1089 900 1217 930 δάκτυλόν
1243 912 1293 939 μου
1319 903 1356 935 εἰς
1370 900 1414 929 τὸν
1439 901 1522 930 τύπον
1548 903 1601 930 τῶν
1630 900 1725 938 ἥλων,
1747 901 1794 930 xui
1820 902 1885 941 βάλω

1088 944 1136 980 τὴν
1158 945 1236 986 χεῖρά
1259 957 1309 984 μου
1335 946 1370 978 εἷς
1390 945 1437 980 τὴν
1464 945 1581 985 πλευρὰν
1607 946 1707 983 αὐτοῦ,
1731 947 1762 975 οὖ
1787 945 1825 982 μὴ
1847 958 1885 974 πι-

1089 990 1203 1020 στεύσω.
1222 990 1277 1020 Καὶ
1302 990 1359 1029 μεθ’
1374 990 1476 1030 ἡμέρας
1501 989 1571 1020 ὀκτὼ
1596 991 1679 1020 πάλιν
1707 987 1780 1028 ἦσαν
1802 991 1852 1021 ἔσω
1864 992 1885 1020 οἱ

1090 1036 1208 1073 μαθηταὶ
1228 1036 1326 1071 αὐτοῦ,
1347 1035 1393 1065 xui
1409 1036 1513 1074 Θωμᾶς
1533 1037 1591 1074 μετ’
1607 1037 1711 1067 αὐτῶν.
1729 1034 1883 1076 Ἔρχεταιὸ

1089 1079 1191 1116 Ἰησοῦς
1214 1082 1267 1110 τῶν
1293 1081 1378 1120 θυρῶν
1399 1080 1612 1118 κεκλεισμένων,
1635 1081 1683 1110 xui
1711 1081 1780 1117 ἔστη
1805 1082 1839 1114 εἰς
1859 1080 1884 1110 τὸ

1090 1126 1170 1162 μέσον
1181 1147 1190 1163 ,
1204 1124 1250 1154 καὶ
1271 1119 1354 1154 εἶπεν
1368 1125 1471 1164 Εἰρήνη
1498 1127 1569 1163 ὑμῖν.
1593 1120 1662 1155 Εἶτα
1679 1125 1756 1164 λέγει
1771 1127 1809 1166 τῷ
1832 1127 1883 1156 9m-

1088 1173 1138 1209 μᾷ·
1165 1170 1238 1210 Φέρε
1252 1170 1295 1200 τὸν
1311 1169 1439 1200 δάκτυλόν
1463 1182 1510 1200 σου
1528 1165 1597 1206 ὧδε,
1616 1170 1662 1199 καὶ
1678 1169 1721 1200 ἴδε
1736 1170 1785 1204 τὰς
1796 1165 1881 1210 νχεῑράς

1089 1225 1139 1252 μου
1149 1237 1157 1251 ,
1174 1214 1221 1244 xui
1237 1215 1299 1255 φέρε
1312 1214 1360 1250 τὴν
1375 1214 1453 1254 χεῖρά
1470 1226 1532 1252 σου⁷
1548 1215 1594 1244 καὶ
1610 1215 1677 1254 βάλε
1692 1217 1731 1249 εἰς
1747 1215 1796 1250 τὴν
1811 1216 1881 1244 πλευ-

1089 1259 1136 1298 ράν
1158 1271 1209 1298 μου
1217 1283 1226 1296 ,
1251 1259 1297 1289 καὶ
1313 1259 1351 1297 μὴ
1372 1258 1444 1296 γίνου
1467 1259 1577 1293 ἄπιστος
1590 1283 1599 1299 ,
1623 1259 1696 1289 ἀλλὰ
1711 1259 1814 1293 πιστός.
1830 1259 1882 1289 Ἄπ-

1087 1303 1177 1344 εκρίοη
1192 1305 1312 1343 Θωμᾶς,
1322 1304 1368 1334 xui
1381 1299 1463 1333 εἶπεν
1479 1306 1514 1335 Ὀ
1529 1304 1627 1345 Κύριός
1643 1317 1714 1342 μου,
1731 1305 1779 1334 καὶ
1794 1306 1808 1334 ὁ
1821 1305 1881 1338 θεός

1088 1361 1150 1388 μου.
1167 1349 1246 1389 Λέγει
1267 1350 1338 1389 αὖτῷ
1361 1351 1375 1378 ὁ
1397 1349 1512 1386 Ἰησοῦς·
1539 1350 1607 1379 Ὅτι
1628 1349 1753 1390 ἑώρακάς
1776 1360 1878 1389 με,πει

1087 1394 1239 1428 πίστευκας·
1256 1394 1384 1434 μακάριοι
1409 1395 1434 1423 οἱ
1458 1393 1495 1432 μὴ
1512 1394 1630 1432 ἰδόντες,
1656 1395 1706 1424 xui
1728 1394 1878 1425 πιστεύσαν-

1089 1450 1142 1472 τες.
1160 1453 1171 1466 ι
1198 1440 1258 1470 Οὖκ
1280 1435 1312 1475 ἧν
1327 1440 1342 1468 ὁ
1359 1439 1464 1477 Θωμᾶς
1488 1440 1556 1478 μετὰ
1571 1441 1626 1469 τῶν
1651 1442 1794 1478 μαθητῶν
1819 1438 1879 1471 εἰκὸς

1088 1482 1139 1523 γὰρ
1154 1483 1231 1514 αὐτὸν
1256 1486 1286 1514 ἐκ
1306 1486 1354 1520 τῆς
1374 1484 1522 1524 διασπορᾶς
1549 1484 1633 1523 μήπω
1657 1485 1876 1525 ἐπισυναχθῆναι.

1086 1528 1123 1558 Τί
1133 1528 1161 1557 δέ
1170 1530 1252 1565 ἐστιν,
1265 1542 1277 1555 σι
1288 1528 1322 1558 Ὁ
1335 1528 1474 1567 λεγόμενος
1484 1529 1616 1568 Δίδυμος;
1627 1544 1638 1557 ι
1653 1530 1746 1560 Τοῦτο
1760 1528 1878 1568 ἑρμηνεία

1086 1573 1143 1602 ἐστὶ
1158 1576 1222 1610 τοῦ,
1251 1588 1264 1600 α
1279 1574 1394 1612 Θωμᾶς.
1423 1572 1560 1614 »θΩσπερ
1582 1574 1634 1615 γὰρ
1661 1574 1692 1604 τὸ
1724 1576 1817 1612 Κηφᾶς
1840 1574 1878 1612 ερ-
1911 1595 1912 1604 ;

1088 1618 1231 1656 μηνεύεται
1256 1619 1398 1658 Πέτρος,
1428 1618 1498 1648 οὕτω
1514 1619 1559 1649 καὶ
1584 1619 1614 1649 τὸ
1638 1619 1746 1658 Θωμᾶς
1763 1619 1877 1658 λέγεται,

1087 1662 1221 1693 τουτέστιν
1229 1684 1238 1700 ,
1281 1663 1455 1702 ἑρμηνεύεται
1500 1667 1522 1694 Δ
1531 1664 1579 1693 ίδυ
1590 1677 1609 1703 μ
1617 1675 1631 1693 ο
1639 1676 1660 1698 ς.
1701 1663 1822 1696 Εἰκότως
1855 1661 1878 1691 δὲ

1089 1707 1249 1746 μνημονεύει
1273 1710 1320 1744 τῆς
1334 1708 1474 1748 ἑρμηνείας
1495 1707 1594 1744 ταύτης
1616 1711 1662 1738 τοῦ
1678 1709 1821 1746 ὀνόματος,
1841 1705 1878 1735 ἵνα

1090 1752 1160 1792 δείξῃ
1175 1755 1239 1790 ἡμῖν
1251 1776 1260 1790 ,
1275 1751 1316 1782 ὅτι
1336 1753 1505 1786 διστακτικός
1523 1765 1562 1788 τις
1583 1749 1633 1792 ἦν,
1649 1753 1695 1783 καὶ
1718 1754 1817 1783 ἄνωθεν
1837 1750 1877 1780 καὶ

1090 1798 1136 1826 ἀπ’
1154 1799 1238 1837 ἀρχῆς
1260 1800 1376 1827 τοιοῦτον
1401 1793 1457 1837 εἶχε
1475 1797 1519 1827 τὸν
1544 1798 1660 1838 τρόπον,
1684 1799 1721 1832 ὡς
1743 1798 1819 1833 δηλοῖ
1838 1794 1877 1825 χαὶ

1090 1842 1219 1880 τοῦνομα.
1243 1842 1359 1881 Λέγουσι
1375 1842 1403 1872 δὲ
1424 1847 1477 1876 τοῖς
1493 1843 1582 1877 ἄλλοις
1599 1846 1734 1882 μαθηταῖς
1758 1842 1819 1882 περὶ
1838 1843 1878 1870 τοῦ

1092 1887 1191 1927 Κυρίου
1208 1888 1331 1924 ἠπίστει,
1346 1888 1396 1927 οὐχ
1414 1888 1450 1921 ὡς
1473 1888 1576 1928 ψευδεῖς
1599 1887 1692 1921 αὖτοὺς
1720 1887 1876 1928 ἡγούμενος,

1093 1932 1161 1962 ἀλλὰ
1188 1933 1218 1963 τὸ
1243 1936 1355 1972 πρᾶγμα
1381 1934 1428 1968 τῆς
1464 1932 1635 1966 ἀναστάσεως
1659 1932 1790 1963 ἀδύνατον
1817 1927 1878 1960 εἶναι

1092 1977 1213 2015 νομίζων·
1235 1977 1275 2006 διὸ
1296 1977 1341 2006 xui
1364 1977 1530 2015 ἐγκαλεῖται,
1553 1979 1589 2011 ὡς
1613 1977 1682 2018 πέρα
1700 1981 1749 2008 τοῦ
1775 1975 1876 2017 μετρίου

1092 2021 1237 2062 περίεργος.
1252 2019 1364 2062 νΩσπερ
1383 2022 1434 2062 γὰρ
1449 2023 1480 2052 τὸ
1502 2021 1599 2063 ῥαδίως
1620 2023 1772 2058 πιστεύειν,
1792 2019 1878 2061 κουφό-

233 2083 246 2096 .
263 2071 324 2099 Nisi
334 2071 436 2098 misero
449 2078 562 2098 manum
575 2077 677 2102 meam,
689 2079 704 2096 η
720 2069 836 2097 addidit.
848 2069 929 2097 Unde
938 2073 1030 2097 autem

1091 2076 1178 2102 τητος·
1205 2066 1273 2096 οὕτω
1292 2066 1322 2096 τὸ
1348 2067 1451 2107 σφόδρα
1477 2066 1645 2104 ἀντιτείνειν,
1676 2066 1813 2107 ἀγροικίας
1837 2063 1878 2094 xui

231 2115 336 2143 sciebat
347 2116 417 2143 latus
427 2115 552 2142 habuisse
564 2114 698 2150 vestigia?
708 2113 840 2142 Audierat
850 2122 866 2142 a
879 2114 1021 2150 discipulis
1031 2139 1037 2144 .

234 2161 325 2194 Quare
347 2168 405 2187 non
419 2160 513 2187 statim
536 2163 648 2195 apparet
662 2159 698 2193 ei,
715 2158 762 2186 sed
785 2163 849 2195 post
871 2159 930 2188 dies
957 2164 1019 2188 octo

235 2209 266 2233 ut
277 2212 341 2232 cum
356 2203 516 2232 edoceretur
530 2211 546 2231 a
569 2203 768 2239 condiscipulis,
794 2208 822 2232 et
843 2204 886 2232 his
910 2212 972 2240 quae
987 2213 1038 2233 au-

234 2249 332 2284 dierat,
348 2249 378 2277 in
392 2248 482 2284 majus
495 2248 577 2284 765
600 2248 764 2277 desiderium
791 2249 994 2284 accenderetur,
1008 2254 1036 2278 et

234 2294 343 2322 ﬁdelior
366 2294 395 2322 in
423 2292 547 2322 futurum
562 2293 648 2321 ﬁeret.
664 2295 815 2323 Ostendere
836 2300 928 2323 autem
943 2295 1038 2322 volens

234 2339 374 2378 Dominus
388 2338 462 2375 quod
477 2342 506 2366 et
519 2343 584 2367 tunc
597 2338 691 2366 aderat
711 2339 821 2375 quando
835 2339 1031 2368 incredulitatis

234 2384 316 2412 verba
336 2391 401 2411 cum
421 2383 560 2420 discipulis
574 2384 698 2412 tractarit
721 2384 854 2415 Thomas,
870 2392 926 2412 non
941 2392 1036 2420 exspe-

234 2429 319 2457 ctavit
331 2433 361 2456 ut
373 2429 406 2457 ab
422 2436 455 2456 eo
469 2429 521 2456 tale
531 2429 671 2464 quiddam,
687 2428 800 2463 audiret,
816 2428 863 2456 sed
878 2429 936 2463 ipse
946 2428 1030 2464 prior,

235 2481 298 2509 quae
311 2473 499 2508 desiderabat,
512 2474 614 2509 implet.
631 2475 740 2502 Etenim
754 2473 843 2501 verbis
855 2473 952 2501 iisdem
967 2481 1031 2502 usus

234 2523 287 2547 est.
309 2520 344 2546 Et
356 2519 416 2547 vide
433 2519 573 2555 quomodo
597 2519 726 2555 loguatur
741 2519 859 2554 primum
880 2517 1032 2553 increpans,

237 2575 249 2588 α
267 2563 344 2592 Affer
352 2572 464 2592 manum
479 2569 556 2593 tuam
571 2573 577 2592 :
592 2576 604 2589 η
619 2569 647 2592 et
659 2564 720 2591 dein
731 2563 896 2595 admonens,
913 2564 1031 2597 «Nesis,

235 2609 333 2646 inquit,
357 2609 523 2643 incredulus,
547 2609 594 2637 sed
609 2609 706 2636 ﬁdelis.
722 2619 734 2631 υ
756 2608 839 2635 Vides
859 2607 1032 2636 manifestam

235 2662 269 2682 ex
286 2654 449 2683 inﬁdelitate
467 2653 553 2682 fuisse
573 2653 782 2686 dubitationem,
797 2656 826 2680 et
838 2652 941 2681 frustra
955 2661 1031 2689 quos-

234 2698 301 2728 dam
325 2698 470 2735 gratiﬁcari
484 2698 609 2732 Thomaa,
633 2697 756 2726 dicentes
769 2697 844 2734 quod
868 2697 931 2726 data
947 2706 1030 2734 opera

272 2773 294 2790 ’³
308 2775 390 2801 Num.
409 2781 486 2807 χχιι,
502 2776 543 2800 28.

1094 2110 1258 2151 παχύτητος.
1271 2110 1344 2152 ςὈρα
1360 2112 1406 2151 δὲ,
1426 2113 1497 2145 ὅπως
1511 2112 1571 2141 οὐδὲ
1592 2116 1646 2145 τοῖς
1663 2111 1810 2152 ὀφθαλμοῖς
1831 2109 1876 2149 ἔψη

1093 2156 1239 2194 πιστεύειν,
1263 2157 1332 2186 ἀλλὰ
1345 2156 1391 2186 καὶ
1406 2156 1456 2195 τὸ,
1472 2170 1485 2185 ε
1502 2156 1568 2186 Ἐὰν
1583 2156 1621 2195 μὴ
1645 2157 1721 2196 βάλω
1734 2156 1782 2192 τὴν
1804 2153 1875 2196 χεῖρά

1093 2212 1160 2240 μου,
1176 2214 1189 2228 ι
1210 2201 1368 2242 προσέθηκε.
1393 2201 1478 2231 Πόθεν
1500 2200 1527 2231 δὲ
1543 2202 1618 2242 ᾔδει,
1633 2200 1676 2230 ὅτι
1692 2201 1791 2233 τύπους
1811 2195 1875 2242 εἶχεν

1091 2247 1108 2281 ἡ
1131 2246 1252 2286 πλευράς
1279 2246 1404 2280 Ἀκούσας
1431 2245 1505 2286 παρὰ
1529 2249 1584 2276 τῶν
1601 2247 1737 2285 μαθητῶν.
1761 2245 1836 2277 Τίνος
1852 2241 1876 2271 δὲ

1091 2290 1179 2320 ἕνεκεν
1197 2292 1244 2320 οὐκ
1265 2292 1359 2326 εὐθέως
1378 2290 1500 2330 φαίνεται
1514 2292 1604 2331 αὐτῷ,
1629 2291 1700 2321 ἀλλὰ
1715 2292 1772 2330 μεθ’
1783 2289 1877 2328 ἡμέρας

1090 2335 1176 2372 ὀκτώ;
1193 2334 1278 2365 εὨστε
1291 2334 1491 2376 κατηχούμενον
1513 2335 1592 2365 αὐτὸν
1607 2336 1658 2366 ὑπὸ
1671 2337 1724 2365 τῶν
1740 2336 1875 2374 συμμαθη-

1089 2381 1157 2416 τῶν,
1173 2381 1220 2410 καὶ
1233 2381 1266 2411 τὰ
1281 2382 1349 2410 αὐτὰ
1362 2380 1508 2418 ἀκούοντα,
1519 2381 1565 2410 xui
1579 2383 1615 2414 εἷς
1625 2381 1733 2411 πλείονα
1748 2380 1824 2409 πόθον
1836 2377 1874 2406 ἔτι·

1089 2427 1207 2465 καῆναι,
1227 2425 1273 2455 καὶ
1299 2425 1454 2465 πιστότερον
1481 2425 1545 2466 πρὸς
1574 2426 1603 2455 τὸ
1628 2425 1725 2464 μέλλον
1749 2423 1872 2465 γενέσθαι·

1089 2471 1180 2505 Δεῖξαι
1195 2471 1222 2500 δὲ
1245 2470 1326 2500 θέλων
1347 2473 1360 2500 ὁ
1388 2470 1542 2508 Δεσπότης,
1568 2470 1609 2500 ὅτι
1632 2470 1679 2500 xui
1705 2470 1762 2501 τότε
1777 2468 1873 2507 παρῆν,

1088 2517 1167 2551 ἡνίκα
1183 2514 1216 2545 τὰ
1238 2517 1284 2551 τῆς
1307 2515 1430 2549 ἀπιστίας
1452 2515 1562 2556 ῥήματα
1576 2515 1640 2555 πρὸς
1663 2515 1722 2549 τοὺς
1737 2514 1873 2553 συμμαθη-

1087 2559 1135 2593 τὰς
1150 2559 1290 2599 ἐφῦέγγετο
1312 2562 1326 2589 ὁ
1345 2561 1468 2599 Θωμᾶς,
1484 2561 1513 2590 οὖ
1539 2561 1677 2600 περιμένει
1699 2561 1763 2600 παρ’
1783 2556 1872 2588 ἐκείνου

1088 2605 1203 2634 ἀκοῦσαί
1232 2616 1258 2633 τι
1287 2608 1420 2643 τοιοῦτον,
1447 2605 1505 2634 ἀλλ’
1525 2606 1603 2639 αὐτὸς
1631 2604 1786 2645 προλαϐὼν,
1810 2600 1871 2638 ἅπερ

1089 2649 1215 2687 ἐπεθύμει
1241 2651 1347 2689 πληροῖ·
1371 2649 1418 2679 καὶ
1443 2650 1495 2690 γὰρ
1520 2652 1574 2684 τοῖς
1603 2650 1720 2690 ῥήμασιν
1749 2646 1872 2689 ἐχρήσατο

1084 2698 1137 2728 τοῖς
1162 2695 1254 2724 αὐτοῦ.
1283 2694 1338 2725 Καὶ
1358 2694 1424 2735 δρα,
1438 2694 1468 2724 τὸ
1490 2694 1539 2734 μὲν
1563 2697 1668 2735 πρῶτον
1683 2691 1872 2734 ἐπιτιμητικῶς⁹
