1927 3076
45 126 95 154 301

447 125 642 155 ENARRATIO
660 125 694 154 IN
714 125 931 154 EVANGELIUM
948 126 1096 155 IOANNIS.
1110 140 1146 147 —
1160 127 1234 155 CAP.
1254 127 1305 155 ΧΧ.

1645 129 1698 157 302

44 202 57 215 ι
74 188 155 227 Φέρε
181 188 255 228 γὰρ,
281 187 428 228 φησὶ,τὴν
452 188 530 228 χεῖρά
555 199 616 219 σου·
632 201 645 215 ι
669 188 699 218 τὸ
724 188 752 218 δὲ
777 188 846 227 μετὰ

905 192 928 218 at
951 188 1100 225 prudenter
1114 196 1172 217 non
1195 188 1273 217 facile
1286 188 1454 218 crediderit?
1479 191 1550 218 Nam
1564 191 1700 220 Dominus

43 235 153 270 ταῦτα,
170 234 375 274 παραινετικῶς·
400 246 412 260 ι
429 233 476 269 Μὴ
488 233 561 272 γίνου
581 233 648 273 γὰρ,
669 234 767 274 φησὶν,
784 233 847 264 ἄπι-

47 289 126 315 στος,
151 276 223 307 ἀλλὰ
243 277 346 312 πιστός.
366 291 378 304 ι
400 275 482 308 ⁸Οθεν
504 278 600 314 δῆλον,
617 277 658 307 ὅτι
681 278 707 313 ἐξ
724 278 848 312 ἇπιστίας

45 318 79 359 ἦν
103 325 123 359 ἠ
149 322 315 364 ἀμφιϐολία,
337 322 384 352 καὶ
399 322 486 361 μάτην
507 323 599 352 λοιπὸν
623 322 848 364 καταχαρίζονταί

45 379 116 401 τινες
132 369 173 408 τῷ
199 368 311 408 Θωμᾷ,
340 367 504 407 φάσκοντες,
529 368 565 401 ὣς
588 367 614 402 ἐξ
639 367 793 409 ἀκριϐείας,
819 370 848 398 οὖ

48 412 148 452 ῥαδίως
171 412 336 442 ἐπίστευσεν.
366 412 437 442 Ἰδοὺ
456 411 508 452 γὰρ
527 414 541 442 ὁ
558 411 655 453 Κύριος
672 413 782 443 ἄπιστον
799 414 847 442 αὗ-

46 457 91 487 τὸν
107 458 253 488 ἀποκαλεῖ.
268 456 343 497 Ὅρα
356 456 383 486 δὲ
398 456 442 486 τὸν
457 456 550 496 πρώην
571 457 682 487 ἄπιστον
692 481 702 495 ,
724 459 781 492 πῶς
795 457 848 487 ἀπὸ

49 503 97 531 τοῦ
126 501 246 542 ἅψασθαι
272 503 320 538 τῆς
349 502 482 542 πλευρᾶς,
515 501 636 542 θεολόγος
662 502 770 543 ἄριστος
798 504 848 531 ἆν-

46 545 167 586 εδείχθη.
183 546 240 580 Τὰς
254 545 306 586 γὰρ
321 546 366 576 δύο
381 546 470 586 φύσεις
480 568 490 585 ,
505 546 550 576 καὶ
563 546 611 580 τὴν
625 546 688 586 μίαν
701 547 848 577 ὓπόστασιν

45 594 92 621 τοῦ
117 591 176 625 ἑνὸς
197 592 317 631 Χριστοῦ
341 590 472 625 ἐδίδαξεν·
496 591 524 620 ἐν
550 591 598 630 μὲν
622 593 660 632 τῷ
682 592 764 622 εἰπεῖν
792 591 849 622 Κύ-

45 647 116 676 ριον,
142 635 192 672 τὴν
209 635 379 676 ἀνθρωπίνην
401 635 476 676 φύσιν
498 635 557 673 (καὶ
574 636 626 676 γὰρ
645 638 686 666 ἐπ’
703 636 848 676 ἀνθρώπων

44 681 74 711 τὸ
90 682 119 712 Κ
128 681 166 721 ὁρ
176 693 206 711 ιο
215 693 227 715 ς
241 681 355 720 λέγεταν
369 682 405 714 ὡς
416 680 461 716 τὸ,
474 693 486 707 α
498 680 598 720 Κύριε,
614 682 637 710 εἰ
649 680 680 711 σὺ
696 681 848 716 ἐϐάστασας

47 725 131 755 αὐτόν
143 737 151 745 θ
171 726 201 766 ι)
215 725 259 755 διὰ
273 724 301 754 δὲ
327 728 372 755 τοῦ
396 725 493 762 εἰπεῖν,
511 738 523 752 ι
538 725 573 756 Ὁ
588 725 656 759 Θεός
680 737 748 765 μου,
771 739 784 753 ι
800 726 848 762 τὴν

45 771 121 800 Θείαν
143 765 254 807 οὖσίαν,
269 769 315 799 ἵνα
330 770 420 808 μέντοι
441 769 488 799 καὶ
509 770 553 800 τὸν
569 770 648 800 αὐτὸν
666 765 734 800 εἶναι
750 769 847 810 Κύριον

45 815 90 844 καὶ
107 815 195 846 Θεόν.
211 814 344 845 Δεικνόων
356 814 385 844 δὲ
399 816 464 853 ἡμῖν
481 816 496 844 ὁ
513 815 611 855 Κύριος
621 838 629 852 ,
645 814 685 845 ὅτι
699 816 777 846 τοῦτό
791 816 848 846 ἐστι

903 233 1074 262 incredulum
1084 236 1172 262 vocat.
1186 233 1254 262 Vide
1267 237 1359 261 autem
1373 234 1512 270 quomodo
1528 235 1551 263 is
1564 235 1610 271 qui
1625 236 1699 272 prius

902 277 1068 312 incredulus,
1082 282 1157 307 tactu
1180 277 1272 306 lateris
1283 277 1431 314 theologus
1443 279 1564 314 optimus
1583 279 1699 308 demon-

902 327 1006 352 stratus
1021 323 1066 351 sit.
1083 324 1160 351 Duas
1173 322 1248 351 enim
1262 327 1376 351 naturas
1390 326 1418 351 et
1430 331 1516 351 unam
1530 323 1700 360 hypostasim

902 368 984 396 unius
996 367 1097 396 Christi
1106 367 1206 396 docuit.
1222 367 1343 396 Dicendo
1351 367 1427 396 enim
1442 367 1590 402 Dominus,
1602 368 1700 397 huma-

902 420 968 440 nam
982 411 1085 440 indicat
1102 417 1229 440 naturam
1244 421 1251 440 :
1278 420 1346 440 nam
1371 412 1405 440 de
1419 411 1578 440 hominibus
1597 412 1698 442 dicitur

901 457 1049 489 Dominus,
1061 457 1142 491 sicut,
1160 469 1173 482 α
1188 457 1317 492 Domine,
1330 457 1353 485 si
1363 461 1393 485 tu
1403 457 1532 486 sustulisti
1547 465 1622 491 eum,
1633 457 1665 485 ³⁸.
1682 470 1696 483 ι

902 501 1026 530 Dicendo
1036 506 1139 536 autem,
1152 513 1165 527 ι
1176 504 1252 530 Deus
1262 509 1351 535 meus,
1361 514 1373 526 ιι
1382 501 1506 530 divinam
1513 502 1700 531 substantiam

902 546 1024 576 ostendit
1048 555 1055 574 :
1077 551 1105 575 et
1119 547 1156 575 ita
1172 555 1261 574 unum
1275 551 1304 575 et
1317 546 1446 575 eumdem
1472 555 1532 575 esse
1546 547 1700 576 Dominum

902 596 930 620 et
940 593 1042 620 Deum.
1054 593 1092 620 At
1102 591 1238 620 Dominus
1250 591 1397 620 ostendens
1410 591 1490 620 nobis
1505 592 1579 629 quod
1591 591 1654 621 ﬁdei
1665 592 1701 621 sit

901 637 1020 673 recipere
1044 644 1075 665 ea
1099 644 1161 672 quae
1183 643 1242 664 non
1265 636 1402 671 videntur,
1417 636 1482 665 dicit
1507 645 1514 665 :
1532 648 1546 662 α
1563 637 1638 665 Beati
1652 637 1700 673 qui

901 689 957 709 non
972 680 1107 715 viderunt,
1122 686 1151 710 et
1162 680 1336 710 crediderunt
1351 690 1358 710 z
1377 692 1390 706 ι
1407 681 1461 710 hoc
1475 682 1536 710 loco
1552 681 1701 718 discipulos

903 725 1066 762 intelligens,
1076 726 1121 762 qui
1133 734 1222 762 neque
1238 725 1355 754 ﬁxuram
1365 727 1517 760 clavorum,
1531 734 1619 763 neque
1631 726 1702 755 latus

902 771 1057 807 tetigerant,
1074 775 1103 799 et
1122 771 1313 806 crediderunt;
1335 779 1392 800 non
1405 771 1466 800 illos
1487 775 1579 799 autem
1597 772 1699 805 solum.

901 815 949 844 sed
961 819 989 844 et
1004 823 1052 844 eos
1070 815 1116 852 qui
1137 820 1230 852 postea
1244 815 1430 844 crediderunt.
1447 817 1509 844 Non
1524 816 1634 852 privans
1648 825 1700 845 au-

44 859 182 897 πίστεως,
211 861 246 894 ὡς
269 859 298 889 τὸ
322 859 355 888 τὰ
387 859 425 897 μὴ
449 859 571 898 ὁρώμενα
599 859 738 897 δέξασθαι,
764 860 847 900 φησί·

905 864 960 888 tem
974 860 1110 889 Thomam
1125 860 1301 894 beatitudine.
1317 861 1370 890 hoc
1384 860 1461 895 dixit,
1485 861 1533 890 sed
1555 861 1701 890 consolans

45 917 57 930 ι
70 905 214 945 Μακάριοι
235 906 260 935 οἱ
278 903 317 943 μὴ
340 903 437 938 ἰδόντες
447 927 456 943 ,
469 904 515 934 καὶ
533 908 732 939 πιστεύσαντες.
754 917 767 945 ξ
794 906 846 936 Αἶ-

45 950 168 979 νίττεται
193 949 221 979 δὲ
247 950 360 979 ἐνταῦθα
385 948 446 983 τοὺς
471 949 608 988 μαθητὰς,
633 949 659 978 οἳ
684 949 744 979 οὔτε
766 950 847 980 τύπον

44 994 136 1032 ἥλων,
150 993 212 1024 οὔτε
237 993 355 1033 πλευρὰν
380 993 586 1034 ψηλαφήσαντες
609 994 784 1032 ἐπίστευσαν,
800 996 848 1024 οὐκ

46 1039 164 1073 ἐκείνως
185 1037 213 1068 δὲ
241 1038 349 1078 μόνους,
376 1038 446 1068 ἀλλὰ
470 1039 516 1068 καὶ
536 1039 596 1072 τοὺς
620 1039 688 1077 μετὰ
702 1042 788 1069 ταῦτα
804 1052 848 1070 πι-

45 1084 223 1117 στεύσαντας.
244 1084 309 1124 ῨΟὐκ
323 1084 476 1124 ἀποστερῶν
502 1083 529 1113 δὲ
545 1084 589 1114 τὸν
611 1084 716 1123 Θωμᾶν
733 1087 780 1115 τοῦ
795 1097 848 1123 μα-

45 1131 202 1169 καρισμοῦ,
233 1123 291 1158 εἶπε
314 1130 406 1166 τοῦτο,
427 1123 500 1158 γᾶλλὰ
524 1128 762 1168 παραμυθούμενος
791 1129 849 1163 τοὺς

46 1173 83 1213 μὴ
99 1173 218 1206 ἰδόντας.
242 1172 320 1204 Ἐπεὶ
344 1172 396 1213 γὰρ
417 1173 511 1204 πολλοὶ
528 1173 668 1212 λέγουσιν,
687 1173 726 1204 ὅτι
751 1175 848 1204 Μακά-

46 1230 99 1258 ριοι
112 1219 137 1248 οἱ
152 1218 284 1258 ὀφθαλμοὶ
309 1220 333 1248 οἱ
355 1217 452 1252 ἰδόντες
478 1218 523 1248 τὸν
545 1218 660 1259 Κύριον,
677 1221 848 1259 παραμυθεῖ-

46 1275 91 1293 ται
103 1265 229 1300 τούτους,
247 1263 287 1292 ὅτι
303 1265 382 1292 τοῦτο
405 1262 508 1302 μᾶλλόν
522 1265 578 1293 ἐστι
598 1263 745 1304 μακάριον,
762 1264 792 1293 τὸ
810 1264 848 1302 μὴ

46 1308 139 1338 ἰδόντα
168 1310 322 1338 πιστεῦσαι.
350 1309 415 1342 Πῶς
438 1308 466 1338 δὲ
484 1309 563 1346 σῶμα
587 1308 738 1348 ἄφθαρτον,
753 1309 850 1343 τύπους

47 1352 109 1392 ἔχον
136 1352 259 1392 ἐδείχθη,
283 1352 329 1382 καὶ
345 1352 428 1382 ἁπτὸν
458 1353 561 1392 ἐγένετο
580 1352 651 1392 χειρὶ
676 1353 847 1393 ἀνθρωπίνῃ

46 1397 116 1427 Ὀτι
134 1397 334 1436 συγκατάϐασις
355 1393 387 1434 ἦν
403 1399 487 1427 ταῦτα
503 1397 603 1428 πάντα.
632 1397 672 1427 Τὸ
691 1397 744 1438 γὰρ
760 1399 848 1427 εἰσελ-

47 1441 91 1471 θὸν
117 1456 130 1468 ι
143 1442 339 1480 κεκλεισμένων
361 1443 412 1471 τῶν
437 1444 538 1482 θυρῶν,
551 1455 563 1468 ι
594 1442 640 1472 καὶ
666 1443 735 1472 οὕτω
752 1443 847 1473 λεπτὸν

47 1488 94 1516 καὶ
109 1489 226 1526 κοῦρον,
240 1486 328 1523 πάσης
344 1487 498 1526 παχύτητος
514 1487 684 1523 ἀπήλλακτο.
713 1486 774 1518 Ἵνα
787 1489 848 1527 γοῦν

47 1534 179 1573 πιστευθῇ
192 1533 210 1567 ἠ
228 1531 387 1568 ἀνάστασις,
402 1534 487 1561 ταῦτα
503 1532 617 1562 δείκνυσι
630 1553 639 1568 ,
655 1531 700 1561 καὶ
716 1532 759 1562 διὰ
773 1535 850 1563 τοῦτο

49 1577 196 1607 ἀνίσταται
211 1576 281 1616 ἔχων
297 1576 332 1606 τὰ
346 1581 445 1615 σημεῖα
459 1579 507 1606 τοῦ
522 1579 636 1617 σταυροῦ
653 1577 699 1606 καὶ
712 1577 760 1611 τὰς
776 1577 850 1618 τρώ-

47 1633 116 1656 σεις.
134 1621 216 1652 Ἐπεὶ
228 1621 274 1651 καὶ
289 1621 304 1651 ὃ
321 1620 417 1662 ἔφαγεν
428 1645 436 1659 ,
452 1622 500 1651 οὐκ
515 1622 618 1662 ἀνάγκῃ
632 1621 771 1661 σώματος,
789 1623 850 1652 ἀλλ’

50 1668 88 1701 εἷς
115 1667 248 1696 πίστωσιν
274 1668 321 1702 τῆς
344 1666 515 1700 ἀναστάσεως
540 1667 646 1706 ιφαγεν.
672 1666 781 1708 *Ὥσπερ
804 1663 850 1698 οὖν

51 1711 103 1751 πρὸ
117 1714 165 1741 τοῦ
182 1711 368 1752 σταυροῧμέπὶ
388 1713 440 1741 τῶν
461 1711 588 1750 κυμάτων
607 1715 779 1752 περιπατῶν,
803 1713 851 1743 οὖκ

52 1750 134 1793 ἄλλης
162 1750 266 1796 φύσεως
290 1750 346 1796 εἶχε
362 1757 450 1794 σῶμα·
475 1756 542 1786 οὕτω
557 1756 602 1786 καὶ
627 1750 672 1786 νῧν
694 1750 851 1797 ψηλαὶρητὸν

50 1801 130 1838 αὐτὸ,
154 1801 202 1831 καὶ
224 1800 322 1834 τύπους
345 1800 406 1841 ἔχον
424 1800 563 1831 δείκνυσιν·
585 1801 659 1840 ὅμως
677 1801 723 1831 καὶ
746 1801 850 1841 ἄφθαρ-

51 1857 94 1875 τον
117 1845 186 1875 αὗτὸ
207 1844 359 1886 περιφέρει,
377 1845 401 1875 εἰ
424 1845 471 1875 καὶ
491 1846 649 1887 ψηλαφητὸν
673 1845 719 1875 καὶ
745 1846 850 1886 ὁρατόν.

51 1889 102 1920 Διὰ
116 1890 171 1930 γὰρ
188 1890 316 1920 πίστωσιν
330 1893 416 1920 ταῦτα
430 1890 566 1920 δείκνυται
576 1913 585 1927 ,
602 1891 662 1920 ἀλλ’
675 1890 735 1930 οὐχὶ
749 1890 852 1930 ἀνάγκῃ

51 1935 96 1964 καὶ
118 1935 197 1975 νόμῳ
211 1934 347 1973 σώματος.
371 1936 432 1965 Πᾶν
459 1934 510 1975 γὰρ
529 1935 559 1965 τὸ
577 1935 792 1975 βιϐρωσκόμενον
817 1937 854 1969 εἰς

52 1980 196 2020 ἆτρεδρῶνα
219 1984 317 2019 χωρεῖ,
343 1979 389 2009 καὶ
417 1982 586 2010 ἀλλοιοῦται·
613 1980 680 2020 ὅπερ
711 1979 780 2019 μετὰ
802 1980 852 2017 τὴν

52 2025 199 2054 ἀνάστασιν
225 2025 273 2054 οὔκ
296 2020 327 2061 ἦν
353 2025 397 2054 ἐπὶ
411 2027 546 2065 Χριστοῦ,
572 2025 641 2054 ἀλλὰ
666 2025 778 2064 δυνάμει
801 2025 853 2056 τινὶ

53 2070 160 2110 ἀοράτῳ
175 2069 222 2100 καὶ
238 2069 295 2110 θείᾳ
319 2070 547 2107 κατηναλίσκοντο
569 2070 603 2100 τὰ
626 2070 832 2111 βιϐρωσκόμενα
844 2094 852 2108 ,

53 2115 116 2155 πρὸς
140 2113 273 2144 πίστωσιν
296 2116 344 2151 τῆς
371 2114 538 2148 ἀναστάσεως
563 2114 641 2153 μόνον
668 2115 852 2155 παραλαμϐα-

903 913 950 934 eos
961 905 1007 941 qui
1022 913 1078 934 non
1093 905 1225 934 viderant.
1237 906 1306 941 Quia
1320 905 1397 934 enim
1411 906 1490 934 multi
1502 906 1608 940 dicunt,
1624 906 1700 934 Beati

902 950 974 979 oculi
983 950 1031 986 qui
1040 950 1168 979 viderunt
1180 951 1341 984 Dominum,
1354 950 1459 979 solatur
1470 958 1517 979 eos
1527 951 1603 987 quod
1613 951 1701 980 multo

901 995 1006 1024 beatius
1029 995 1065 1023 sit
1086 1003 1151 1023 cum
1164 1003 1221 1023 non
1235 995 1348 1029 videris,
1370 995 1524 1024 credidisse.
1550 995 1700 1031 Quomodo

901 1045 994 1070 autem
1014 1049 1115 1077 corpus
1128 1041 1333 1077 incorruptibile
1347 1045 1530 1069 monstratum
1543 1045 1585 1069 est
1599 1041 1700 1070 habere

901 1090 928 1114 et
939 1086 1079 1115 clavorum
1091 1090 1181 1122 typos,
1193 1090 1220 1114 et
1230 1086 1351 1114 humana
1361 1093 1445 1114 manu
1454 1085 1583 1122 tangibile
1596 1085 1700 1114 factum

902 1133 962 1160 est?
984 1132 1037 1159 Per
1049 1131 1307 1168 attemperationem
1322 1131 1356 1160 ad
1378 1131 1488 1159 illorum
1511 1131 1702 1160 inﬁrmitatem

903 1175 974 1204 facta
987 1179 1052 1204 sunt
1072 1175 1131 1204 haec
1151 1176 1253 1204 omnia.
1269 1175 1350 1212 Quod
1363 1176 1437 1203 enim
1464 1175 1620 1212 ingressum
1642 1181 1701 1205 erat

905 1231 919 1247 ι(
936 1220 1035 1249 clausis
1051 1221 1156 1256 januis,
1173 1232 1186 1245 ιι
1209 1224 1237 1249 et
1256 1221 1293 1249 ita
1308 1225 1389 1249 tenue
1403 1228 1434 1248 ac
1456 1220 1524 1253 leve,
1545 1223 1621 1249 omni
1635 1221 1701 1250 libe-

903 1273 966 1293 rum
981 1265 1033 1294 fuit
1047 1265 1238 1293 crassitudine.
1255 1266 1288 1293 Et
1302 1269 1333 1293 ut
1346 1264 1472 1293 credatur
1488 1265 1598 1294 ﬁrmius
1613 1273 1702 1294 resur-

903 1310 1002 1344 rectio,
1016 1310 1074 1338 haec
1085 1314 1287 1338 monstrantur.
1303 1311 1337 1338 Et
1346 1313 1489 1346 propterea
1499 1310 1587 1346 surgit
1600 1310 1703 1339 habens

903 1354 982 1391 signa
995 1355 1083 1382 crucis
1097 1359 1124 1382 et
1138 1355 1264 1388 vulnera;
1277 1354 1342 1390 quia
1355 1358 1384 1382 et
1401 1354 1475 1391 quod
1496 1355 1628 1388 comedit,
1644 1363 1702 1383 non

903 1399 1070 1427 necessitatis
1104 1403 1163 1427 erat
1189 1399 1307 1435 corpori,
1339 1399 1389 1427 sed
1407 1399 1441 1427 ad
1465 1399 1702 1428 conﬁrmationem

903 1444 1112 1472 resurrectionis
1137 1443 1272 1478 comedit;
1297 1447 1326 1472 et
1349 1444 1422 1472 sicut
1454 1448 1518 1472 ante
1535 1452 1647 1473 crucem
1675 1445 1703 1473 in

907 1488 1034 1517 ﬂuctibus
1046 1488 1198 1522 ambulans,
1215 1496 1273 1516 non
1293 1488 1404 1517 alterius
1418 1492 1523 1517 naturae
1541 1497 1642 1525 corpus
1655 1489 1702 1517 ha-

906 1533 978 1567 buit,
992 1533 1028 1562 ita
1045 1537 1072 1561 et
1085 1541 1160 1562 nunc
1182 1533 1315 1570 palpabile
1329 1534 1428 1570 ipsum,
1452 1537 1480 1562 et
1499 1537 1578 1570 typos
1601 1533 1705 1563 habens

904 1578 1031 1608 ostendit.
1058 1579 1094 1607 Et
1112 1578 1238 1615 quamvis
1259 1578 1393 1615 palpabile
1425 1582 1453 1607 et
1473 1578 1587 1610 visibile,
1621 1579 1705 1607 simul

904 1627 999 1652 tamen
1019 1627 1047 1652 et
1066 1623 1274 1660 incorruptibile
1294 1624 1384 1660 ipsum
1404 1623 1573 1659 circumfert,
1589 1627 1622 1652 ut
1636 1624 1706 1653 ﬁdes

905 1669 1097 1703 conﬁrmetur;
1123 1673 1151 1697 et
1168 1677 1225 1696 non
1249 1669 1413 1698 necessitate
1440 1672 1468 1698 et
1486 1669 1545 1705 lege
1569 1669 1703 1705 corporis.

905 1715 997 1742 Omne
1019 1714 1095 1742 enim
1124 1713 1199 1749 quod
1238 1714 1408 1749 comeditur,
1435 1714 1463 1742 in
1492 1721 1630 1742 secessum
1655 1722 1702 1741 va-

905 1758 944 1786 dit
956 1758 990 1793 “,
1014 1763 1042 1787 et
1056 1759 1184 1786 alteratur
1201 1767 1207 1786 :
1223 1757 1253 1786 id
1266 1758 1341 1794 quod
1359 1758 1393 1786 de
1407 1758 1517 1786 Christo
1537 1763 1598 1794 post
1614 1766 1704 1787 resur-

906 1803 1059 1831 rectionem
1072 1810 1129 1830 non
1148 1806 1206 1830 erat
1219 1802 1377 1836 dicendum,
1390 1803 1439 1830 sed
1459 1803 1486 1830 vi
1501 1803 1620 1838 quadam
1637 1803 1704 1831 invi-

907 1847 977 1876 sibili
996 1851 1024 1875 et
1043 1847 1134 1875 divina
1147 1847 1381 1875 consumebantur
1393 1846 1493 1880 edulia,
1509 1847 1544 1875 ad
1556 1847 1706 1876 conﬁrma-

907 1892 1014 1920 tionem
1028 1891 1238 1920 resurrectionis
1248 1895 1357 1919 tantum
1370 1895 1523 1928 assumpta.
1536 1891 1604 1920 Vide
1613 1895 1705 1920 autem

907 1936 1048 1973 quomodo
1063 1940 1174 1973 propter
1188 1943 1275 1964 unum
1290 1936 1430 1964 hominem
1439 1936 1576 1965 Thomam
1588 1944 1645 1964 non
1657 1937 1705 1965 de-

908 1981 1035 2018 dignatus
1056 1985 1099 2010 est
1126 1981 1163 2009 ita
1175 1980 1393 2010 condescendere
1413 1981 1561 2015 Dominus,
1586 1985 1614 2009 et
1635 1981 1706 2010 latus

908 2026 1060 2060 ostendere,
1074 2030 1106 2054 ut
1119 2025 1205 2054 solvet
1217 2026 1340 2054 animam
1362 2034 1445 2054 unam
1460 2026 1630 2054 incredulam
1647 2035 1653 2054 :
1668 2026 1705 2055 ita

907 2075 936 2100 et
946 2079 998 2100 nos
1007 2071 1092 2107 766
1106 2079 1195 2108 neque
1209 2079 1297 2100 unum
1310 2070 1353 2099 vel
1365 2071 1512 2099 minimum
1526 2075 1706 2100 contemnere

908 2116 1050 2146 debemus.

53 2159 162 2198 νόμενα.
185 2158 262 2200 Ὅρα
285 2159 313 2189 δὲ
340 2161 396 2194 πῶς
421 2160 456 2189 δι’
473 2159 519 2189 ἕνα
535 2159 671 2200 ἄνθρωπον
695 2160 740 2189 τὸν
763 2161 883 2200 Θωμᾶν,
908 2163 956 2191 οὐκ
976 2161 1110 2197 ἀπηξίωσε
1127 2159 1331 2201 συγκαταϐῆναι
1354 2163 1369 2190 ὁ
1393 2161 1504 2201 Κύριος,
1521 2161 1568 2191 καὶ
1588 2161 1705 2201 πλευρὰν

54 2205 208 2243 ὑποδεῖξαι,
227 2206 272 2234 ἵνα
299 2204 374 2246 σώσῃ
395 2204 484 2246 ψυχὴν
508 2205 573 2244 μίαν
597 2206 771 2237 ἀπιστοῦσαν.
798 2205 879 2236 Οὕτω
905 2207 950 2236 καὶ
974 2208 1050 2246 ἡμεῖς
1070 2207 1118 2236 οὐκ
1138 2206 1276 2247 ὀφείλομεν
1302 2208 1476 2246 καταφρονεῖν
1499 2206 1558 2236 οὐδὲ
1579 2209 1626 2236 τοῐ
1650 2207 1707 2241 ἑνὸς

53 2250 98 2280 καὶ
114 2250 273 2290 ἐλαχίστου.

93 2309 106 2324 ε
123 2295 222 2326 Πολλὰ
242 2293 290 2333 μὲν
303 2294 350 2324 καὶ
366 2295 435 2324 ἄλλα
459 2299 559 2334 σημεῖα
583 2295 706 2332 ἐποίησεν
721 2297 736 2326 ὁ
749 2295 853 2333 Ἰησοῦς

943 2301 1035 2330 Vsus.
1051 2302 1096 2335 30,
1113 2302 1159 2328 3|.
1176 2312 1190 2325 ι
1205 2299 1292 2329 Multa
1306 2299 1416 2337 quidem
1430 2304 1458 2329 et
1475 2300 1526 2328 alia
1549 2300 1626 2336 signa
1644 2300 1708 2329 fecit

55 2339 167 2370 ἰνώπιον
185 2340 238 2369 τῶν
263 2341 390 2378 μαθητῶν
411 2341 515 2377 αὑτοῦ,
538 2340 555 2369 ἃ
579 2342 627 2370 οὐκ
654 2340 710 2370 ἔστι
735 2351 854 2381 γεγραμο

56 2385 123 2423 μένα
140 2386 168 2414 ἰν
180 2386 220 2425 τῷ
238 2384 334 2426 βιϐλίῳ
348 2384 444 2426 τούτῳ.
470 2387 566 2416 Ταῦτα
582 2385 610 2414 δὲ
624 2384 774 2426 γέγραπται
785 2407 795 2422 ,
810 2385 854 2415 ἵνα

55 2431 234 2466 πιστεύσητε,
249 2429 289 2459 ὅτι
311 2429 417 2467 Ἰησοῦς
441 2432 512 2460 ἐστιν
531 2431 545 2459 ὁ
561 2430 677 2469 Χριστὸς
691 2432 705 2459 ὁ
727 2430 791 2463 Υἱὸς
809 2433 856 2460 τοῦ

56 2475 144 2512 Θεοῦ,
159 2475 206 2504 καὶ
229 2474 273 2503 ἵνα
294 2475 474 2513 πιστεύοντες,
490 2473 560 2510 ζωὴν
586 2474 666 2515 ἔχητε
689 2475 716 2504 ἐν
741 2476 780 2515 τῷ
795 2474 856 2504 ὀνό-

58 2531 122 2558 ματι
138 2521 229 2549 αὐτοῦ.
247 2532 260 2546 ι
287 2520 355 2559 Περὶ
374 2519 457 2550 ποίων
483 2519 601 2559 σημείων
624 2521 735 2550 ἐνταῦθα
757 2519 827 2558 λέγει
843 2520 858 2549 ὃ

63 2564 270 2604 εὖαγγελιστήςς
296 2559 365 2605 Ἆρα
389 2566 442 2594 τῶν
469 2565 521 2604 πρὸ
546 2567 593 2594 τοῦ
610 2566 743 2603 σταυροῦ,
772 2564 861 2604 Οὐχὶ,

64 2609 132 2639 ἀλλὰ
162 2611 216 2639 τῶν
249 2609 318 2648 μετὰ
354 2609 402 2646 τὴν
444 2610 600 2640 ἀνάστασιν.
647 2609 764 2650 Ἐπάγει
796 2610 862 2649 γάρ’

61 2667 73 2681 ι
87 2654 232 2692 Ἐποίησεν
256 2655 368 2684 ἐνώπιον
390 2656 443 2684 τῶν
471 2655 598 2694 μαθητῶν
626 2656 719 2684 αὓτοῦ·
746 2668 760 2681 ι
777 2653 811 2684 τὰ
834 2654 863 2684 δὲ

62 2699 112 2740 πρὸ
127 2702 174 2730 τοῦ
198 2702 328 2740 σταυροῦ,
355 2701 402 2730 οὒκ
422 2699 534 2730 ἐνώπιον
558 2701 611 2729 τῶν
627 2701 770 2739 μαθητῶν,
793 2697 862 2728 ἀλλὰ

100 2781 119 2798 ³⁸
133 2782 215 2811 Joan.
228 2789 283 2816 xx,
301 2784 344 2810 15.
382 2781 405 2800 "
418 2781 516 2811 Matth.
530 2761 662 2816 μέθυ

909 2347 989 2374 Jesus
1003 2346 1032 2373 in
1045 2349 1195 2381 conspectu
1218 2345 1414 2381 discipulorum
1428 2353 1553 2379 suorum,
1568 2353 1630 2381 qua:
1651 2353 1708 2374 non

909 2394 972 2418 sunt
989 2390 1090 2426 scripta
1106 2390 1134 2417 in
1147 2390 1199 2418 hoc
1213 2389 1291 2418 libro.
1318 2391 1385 2418 Haec
1398 2394 1491 2418 autem
1517 2390 1618 2426 scripta
1632 2394 1709 2425 sunt,

911 2439 941 2463 ut
961 2434 1077 2463 credatis
1097 2433 1173 2471 quod
1192 2435 1273 2463 Jesus
1289 2438 1331 2462 est
1354 2434 1477 2464 Christus
1501 2435 1585 2464 Filius
1599 2434 1662 2469 Dei,
1682 2439 1711 2463 et

910 2483 942 2508 ut
954 2479 1097 2508 credentes
1111 2479 1195 2508 vitam
1215 2479 1338 2507 habeatis
1352 2487 1400 2516 per
1421 2487 1523 2508 nomen
1538 2480 1607 2516 ejus.
1631 2491 1644 2505 ι
1667 2481 1711 2508 De

914 2524 1013 2561 quibus
1027 2524 1112 2560 signis
1125 2524 1169 2552 hic
1181 2523 1251 2552 dicit
1265 2524 1448 2560 evangelista?
1459 2533 1527 2554 num
1545 2525 1579 2553 de
1594 2524 1636 2553 his
1650 2531 1711 2560 qum

914 2573 979 2597 ante
992 2571 1123 2598 crucem?
1137 2569 1210 2604 Non,
1222 2568 1270 2597 sed
1281 2569 1315 2597 de
1327 2568 1370 2597 his
1382 2577 1444 2605 quae
1458 2574 1520 2606 post
1533 2569 1712 2597 resurrectio-

915 2621 981 2642 nem
1008 2613 1086 2642 fecit!
1115 2613 1208 2643 subdit
1222 2613 1304 2648 enim,
1332 2625 1345 2638 ι
1371 2614 1402 2642 in
1423 2618 1571 2651 conspectu
1596 2613 1712 2648 discipu-

917 2658 1017 2687 lorum.
1034 2670 1047 2683 ι
1063 2659 1131 2693 Quae
1145 2663 1238 2687 autem
1250 2663 1312 2687 ante
1324 2667 1446 2694 crucem,
1456 2667 1514 2688 non
1526 2665 1621 2687 coram
1635 2655 1713 2685 disci-

917 2703 1000 2739 pulis,
1012 2703 1060 2733 sed
1072 2703 1201 2733 omnibus
1211 2703 1338 2733 iaciebat.
1349 2705 1440 2741 Atque
1452 2704 1489 2733 ita
1505 2703 1564 2732 hinc
1573 2703 1606 2731 de
1618 2701 1716 2737 quibus
