1927 3076
248 127 298 158 303

761 127 1017 165 THEOPHYLACTI
1037 128 1215 156 BULGARUE
1233 128 1390 156 ARCHIEP.
1838 130 1880 158 304

245 198 320 219 nunc
346 189 413 218 dicit
438 189 614 226 evangelista,
640 193 702 225 post
728 190 955 218 resurrectionem
978 194 1034 218 sunt

1099 191 1219 227 πάντων,
1239 190 1329 220 ἐποίει.
1352 190 1440 220 Ὥστε
1466 192 1552 220 ταῦτα
1575 189 1636 230 περὶ
1659 184 1698 219 ὧν
1720 192 1764 219 ν’ὗν
1787 190 1850 230 λέγει
1869 195 1880 221 δ

243 235 323 264 facta.
341 235 413 264 Cum
427 234 491 263 solis
505 234 579 262 enim
594 233 737 270 discipulis
752 235 913 262 versabatur
927 235 1043 270 quadra-

244 279 320 315 ginta
345 278 450 313 diebus,
475 278 550 315 signa
565 278 712 307 ostendens
735 279 951 307 resurrectionis.
971 279 1044 307 Sicut

244 323 321 352 enim
344 328 407 352 ante
428 331 540 352 crucem
555 322 671 351 faciebat
684 323 759 359 signa
774 323 920 351 ostendens
941 331 970 351 se
985 331 1044 352 esse

245 368 347 396 Filium
357 368 410 396 Dei
425 377 431 396 :
443 369 480 396 ita
491 372 552 404 post
563 368 791 396 resurrectionem
803 367 960 404 perﬁciebat
968 369 1044 404 signa

247 420 343 441 coram
365 413 514 449 discipulis,
539 413 684 442 ostendens
699 420 727 441 se
751 413 849 441 Filium
863 412 991 448 hominis,
1017 417 1044 441 et

247 457 347 486 habere
361 465 472 494 corpus,
497 457 579 494 idque
602 457 809 494 incorruptibile
822 462 849 485 et
868 457 993 492 divinius,
1018 462 1044 485 et

246 510 303 531 non
320 503 379 538 jam
400 502 555 530 carnalibus
576 502 678 538 legibus
700 501 850 530 subditum.
877 503 946 530 Cum
961 502 1044 539 igitur

246 547 335 575 multa
361 546 428 574 facta
451 547 505 574 sint
531 546 607 582 signa
630 547 848 581 resurrectionis,
875 546 934 574 haec
948 547 1043 580 solum

245 591 344 627 scripta
358 595 434 626 sunt,
450 595 477 619 et
504 599 591 627 neque
610 591 668 619 haec
683 591 872 619 ostentationis
894 591 978 627 gratia
1002 592 1042 619 vel

245 640 276 664 ut
290 635 452 664 ostendatur
466 636 554 672 gloria
568 636 721 672 Unigeniti,
737 636 794 670 sed,
814 648 826 660 ει
842 640 874 664 ut
888 645 901 661 ι)
918 643 976 670 vos,
999 635 1042 663 in-

243 680 311 717 quit,
327 692 342 705 «ι
356 680 482 708 credatis.
503 692 515 704 »
537 682 569 708 Et
587 680 660 716 quod
685 681 804 713 lucrum,
820 685 847 708 et
869 681 913 708 cui
928 680 1042 708 cedens?

243 733 300 753 non
323 725 446 759 Christo,
470 733 532 761 quas
554 725 628 753 enim
644 726 705 761 ejus
718 725 821 753 utilitas
835 725 903 753 dum
915 733 970 753 non
984 733 1041 752 cre-

243 770 353 798 dimus?
366 770 413 798 sed
428 770 455 797 in
469 771 595 805 nosipsos
606 769 771 798 redundans.
787 770 861 797 Dicit
874 770 959 804 enim,
975 781 988 794 ι
1004 771 1043 798 Ut

1097 235 1302 275 εὖαγγελιστὴς,
1319 235 1353 264 τὰ
1377 235 1444 273 μετὰ
1457 234 1505 270 τὴν
1527 234 1678 264 ἀντίστασίν
1694 236 1756 264 εἶσι.
1796 236 1881 269 Μάγοις

1096 279 1148 320 γὰρ
1166 280 1219 314 τοῖς
1236 282 1366 318 μαθηταῖς
1393 279 1610 318 συναυλιζόμενος
1636 280 1672 309 δι’
1697 281 1803 320 ἡμερῶν
1827 292 1881 310 τεσ-

1097 324 1265 364 σαράκοντα,
1283 326 1382 363 σημεῖα
1400 324 1501 354 ἐδείκνυ
1515 326 1562 359 τῆς
1578 324 1759 358 ἀναστάσεως.
1785 324 1881 365 Ὠσπερ

1096 369 1147 409 γὰρ
1168 369 1220 408 πρὸ
1243 371 1289 398 τοῦ
1312 371 1426 409 σταυροῦ
1450 373 1550 407 σημεῖα
1577 368 1676 405 ἐποίει,
1705 368 1805 402 δεικνὺς
1826 371 1880 399 ἑαυ-

1095 414 1139 443 τὸν
1160 414 1224 444 Υἱὸν
1249 415 1330 444 Θεοῦ·
1345 413 1414 443 οὕτω
1434 414 1503 452 μετὰ
1531 413 1578 449 τὴν
1601 413 1750 442 ἀνάστασιν
1774 413 1881 443 ἐπετέλει

1097 463 1195 496 σημεῖα
1229 459 1376 498 ἔμπροσθεν
1403 459 1455 487 τῶν
1497 459 1640 496 μαθητῶν,
1669 457 1771 492 δεικνὺς
1799 459 1880 488 ἑαυτὸν

1096 504 1159 533 Υἱὸν
1189 503 1343 543 ἀνθρώπου,
1369 503 1488 533 τουτέστι
1514 504 1593 541 σῶμα
1620 505 1770 543 φοροῦντα,
1796 504 1818 532 εἷ
1844 503 1881 532 καὶ

1097 547 1226 588 ἄφθαρτον
1236 571 1245 587 ,
1274 547 1319 577 καὶ
1334 547 1543 587 θεοειδέστερον,
1559 547 1607 588 καῖ
1629 547 1731 585 μηκέτι
1759 553 1881 587 σαρκικοῖς

1096 591 1183 630 νόμοις
1217 592 1401 630 ὖποκείμενον.
1445 593 1558 622 Πολλῶν
1586 586 1630 621 οὖν
1659 591 1807 630 γενομένων
1840 604 1880 629 ση-

1097 637 1177 674 μείων
1194 639 1240 673 τῆς
1261 637 1449 674 ἀναστάσεως,
1471 639 1556 666 ταῦτα
1575 637 1643 674 μόνα
1669 636 1878 676 ἀναγέγραπται,

1096 682 1141 710 καὶ
1156 682 1214 711 οὐδὲ
1234 685 1317 711 ταῦτα
1340 681 1491 722 φιλοτιμίας
1507 681 1611 716 ἕνεκεν,
1633 682 1651 718 ἢ
1677 682 1829 722 προσθήκης
1842 684 1881 717 τῆς

1096 725 1171 763 δόξης
1195 729 1239 756 τοῦ
1264 727 1448 766 Μονογενοῧς,
1474 726 1533 755 ἀλλ’
1562 724 1650 757 «Ἵνα
1666 739 1679 753 ι
1695 727 1785 766 ὑμεῖς,
1807 727 1878 766 φησὶ,

1096 784 1108 797 α
1125 770 1293 806 πιστεύσητε.
1321 785 1333 797 ν
1362 771 1416 801 Καὶ
1440 771 1466 799 τί
1492 771 1523 800 τὸ
1553 770 1643 810 κέρδος
1673 771 1720 800 καὶ
1747 771 1810 810 πρὸς
1830 770 1879 799 τίνα

245 814 389 843 credentes
399 814 487 843 vitam
496 814 619 842 habeatis
629 814 655 842 in
666 814 778 842 nomine
788 815 855 851 ejus.
868 825 881 838 ο
894 814 1034 843 (Ξγεὰεῐιῐρε

1096 815 1312 855 περιιστάμενον;
1357 816 1417 846 Οὐκ
1451 816 1487 849 εἰς
1515 816 1633 854 Χριστὸν
1664 815 1709 853 (τί
1737 815 1788 855 γὰρ
1818 816 1879 855 αὖτῷ

243 859 317 887 enim
331 859 407 896 quod
422 859 569 887 resurrexit
580 863 607 887 et
620 859 697 892 vivit,
711 859 855 895 nobisipsis
866 859 949 887 vitam
962 867 1040 895 para-

243 912 316 932 mus.
331 905 446 940 Propter
459 912 509 932 nos
521 904 595 932 enim
609 904 728 932 surrexit
739 908 766 932 et
781 904 856 932 vivit.
872 904 924 940 Qui
948 908 1039 932 autem

243 953 384 978 mortuum
395 949 485 985 ipsum
495 957 554 977 esse
564 953 641 984 putat
650 953 676 977 et
686 957 775 985 neque
785 949 945 984 surrexisse,
952 957 1039 985 neque

242 993 341 1028 vivere,
362 994 408 1022 ille
422 994 474 1022 sibi
495 998 612 1022 mortem
636 998 664 1022 et
681 994 886 1031 corruptionem
900 993 1040 1030 adjudicat

239 1042 267 1067 et
285 1038 415 1067 afﬁrmat.

1095 859 1185 898 κέρδος
1210 861 1239 888 ἐκ
1265 863 1310 889 τοῦ
1337 863 1408 899 ἡμᾶς
1428 859 1611 900 πιστεύειν;),
1627 861 1688 889 ἀλλ’
1702 860 1743 900 ξεῖς
1756 862 1820 897 ὑμᾶς
1840 860 1878 888 αὖ·

1093 904 1153 937 τοὺς
1178 904 1349 944 ἀναστρέφον.
1386 918 1398 931 «ι
1420 902 1481 934 Ἵνα
1506 904 1572 944 γὰρ,
1597 905 1680 944 φησὶ,
1708 904 1877 940 πιστεύοντες,

1094 948 1162 984 ζωὴν
1177 949 1257 988 ἔχητε
1271 949 1298 977 ἐν
1312 950 1350 989 τῷ
1368 949 1478 987 ὀνόματι
1494 950 1584 979 αὐτοῦ.
1603 963 1614 976 Ιι
1640 948 1813 981 Πιστεύοντες
1825 948 1877 988 γὰρ,

1094 993 1133 1022 ὅτι
1149 993 1263 1032 ἀνέστη,
1284 993 1329 1023 καὶ
1345 995 1394 1034 ζῇ,
1420 995 1485 1032 ἡμῖν
1504 995 1606 1028 ἑαυτοῖς
1629 993 1679 1030 τὴν
1705 993 1792 1031 ζωὴν,
1813 1004 1878 1032 περι·

1093 1037 1248 1076 ποιούμεθα.
1274 1040 1316 1067 Δι’
1338 1040 1410 1076 ἡμᾶς
1426 1038 1476 1078 γὰρ
1492 1038 1590 1074 ἀνέστη
1615 1039 1662 1068 καὶ
1691 1040 1735 1078 ζῇ.
1754 1037 1788 1067 Ὁ
1803 1037 1828 1066 δὲ
1840 1049 1876 1065 νε-

239 1082 300 1124 κρὸν
327 1084 406 1113 αὐτὸν
430 1079 497 1113 εἶναι
520 1083 651 1123 νομίζων,
672 1084 717 1113 καὶ
739 1084 806 1122 μήτε
829 1085 991 1122 ἀναστῆναι,
1017 1083 1084 1122 μήτε
1114 1084 1175 1122 ζῇν,
1212 1085 1288 1115 αὐτὸς
1323 1085 1410 1123 ἑαυτῷ
1438 1082 1485 1118 τὴν
1516 1082 1642 1123 νέκρωσιν
1674 1083 1720 1112 καὶ
1754 1082 1800 1119 τὴν
1825 1084 1876 1121 φθο-

240 1128 287 1168 ρὰν
304 1128 408 1168 βεϐαιοῖ
421 1129 465 1158 καὶ
481 1129 678 1169 ἐπιψηφίζεται.

525 1197 568 1224 CA
574 1197 645 1224 PUT
665 1196 744 1224 XXI.

236 1260 274 1287 De
298 1260 468 1294 apparitione
484 1259 587 1287 Christi
600 1260 677 1286 Petro
698 1259 844 1293 factapost
863 1260 1036 1286 resurrectio-

272 1303 341 1328 nem,
365 1296 520 1329 cwtcrisque
531 1294 700 1329 piscantibus
728 1295 756 1321 ίη
782 1295 855 1320 mari
871 1294 1031 1321 Tiberiudis.

273 1331 407 1364 Quomodo
423 1330 550 1358 Christus
563 1332 644 1357 Petro
658 1329 762 1357 dixerit
774 1338 783 1357 :
796 1331 875 1357 Pasce
886 1338 943 1357 oves
953 1337 1033 1357 meas.

273 1395 360 1421 Vens.
380 1396 433 1421 1-8.
455 1404 467 1417 α
488 1394 585 1421 Postea
606 1392 789 1420 manifestavit
802 1400 831 1420 se
844 1393 945 1420 iterum
957 1393 1036 1420 Jesus

235 1438 270 1466 ad
284 1446 361 1466 mare
380 1437 534 1466 Tiberiadis
552 1446 557 1464 :
575 1436 759 1465 manifestavit
771 1441 863 1464 autem
884 1437 932 1465 sic.
952 1438 1037 1464 Erant
1051 1449 1072 1480 Ο

234 1483 318 1511 simul
328 1483 424 1510 Simon
435 1484 543 1516 Petrus,
554 1486 581 1509 et
590 1481 709 1509 Thomas
719 1482 765 1517 qui
775 1481 879 1509 dicitur
889 1481 1034 1518 Didymus,

234 1531 263 1555 et
277 1526 437 1561 Nathanael,
453 1526 501 1562 qui
521 1530 579 1553 erat
592 1533 607 1554 a
621 1526 694 1554 Cana
714 1525 845 1559 Galilaeae,
871 1530 898 1554 et
912 1526 958 1553 ﬁlii
980 1528 1030 1554 Ze-

233 1570 336 1605 bedzei,
353 1570 451 1606 aliique
461 1578 495 1598 ex
506 1570 649 1606 discipulis
661 1570 720 1606 ejus
728 1570 792 1598 duo.
804 1571 878 1598 Dicit
887 1570 928 1598 eis
937 1570 1033 1599 Simon

233 1617 334 1644 Petrus
347 1624 354 1642 :
370 1614 449 1643 Vado
460 1615 604 1650 piscatum.
619 1615 723 1643 Dicunt
741 1615 767 1642 ei
782 1623 788 1642 :
802 1615 932 1643 Venimus
943 1619 971 1643 et
982 1623 1033 1644 nos

233 1664 338 1688 tecum.
361 1661 396 1687 Et
409 1659 551 1688 exiverunt
570 1663 598 1688 et
614 1659 795 1688 ascenderunt
818 1659 847 1687 in
865 1660 958 1688 navim
979 1664 1032 1688 sta-

235 1704 298 1738 tim,
319 1708 347 1732 et
361 1704 405 1732 illa
420 1707 503 1732 nocte
517 1704 586 1732 nihil
608 1709 750 1740 ceperunt.
773 1705 855 1732 Mane
870 1708 962 1732 autem
973 1704 1032 1740 jam

233 1748 317 1783 facto,
332 1748 408 1777 stetit
421 1749 500 1777 Jesus
514 1748 540 1776 in
552 1749 657 1783 littore,
667 1757 724 1776 non
739 1753 831 1777 tamen
845 1753 1033 1785 cognoverunt

233 1793 360 1829 discipuli
375 1793 450 1829 quod
462 1794 543 1822 Jesus
558 1798 640 1822 esset.
663 1793 737 1821 Dicit
757 1793 797 1822 eis
817 1795 899 1822 Jesus
918 1803 925 1822 :
941 1794 1032 1828 Pueri,

232 1846 300 1867 num
311 1838 376 1874 quid
387 1838 493 1867 obsonii
502 1838 625 1867 habetis?
636 1839 898 1874 Responderuntei;
912 1840 984 1867 Non.
996 1841 1033 1866 At

232 1883 279 1911 ille
297 1882 362 1911 dicit
384 1883 424 1911 eis
451 1892 457 1911 :
478 1884 582 1912 Mittite
600 1884 628 1911 in
649 1884 774 1912 dextram
808 1883 908 1920 navigii
928 1887 1032 1920 partem

231 1931 299 1962 rete,
319 1932 346 1956 et
359 1928 511 1957 invenietis.
528 1928 662 1957 Misernnt
675 1937 750 1965 ergo,
770 1933 798 1956 et
818 1929 878 1964 jam
892 1936 949 1956 non
962 1928 1033 1956 vale-

231 1973 298 2001 bant
323 1972 390 2001 illud
414 1973 524 2001 trahere
543 1981 601 2009 prae
623 1972 802 2001 multitudine
818 1973 943 2008 piscium.
960 1973 1034 2000 Dicit

231 2025 297 2053 ergo
319 2017 471 2053 discipulus
494 2017 538 2045 ille
558 2025 641 2053 quem
660 2017 789 2053 diligebat
815 2018 906 2052 Jesus,
924 2019 1007 2046 Petro
1024 2027 1030 2046 ε

232 2061 373 2090 Dominus
387 2065 436 2089 est.
451 2062 545 2089 Simon
557 2069 622 2096 ergo
636 2063 734 2089 Petrus
752 2069 816 2089 cum
826 2061 949 2090 audisset
959 2063 1033 2098 quod

1372 1192 1517 1221 ΚΕΦΑΛ.
1534 1191 1604 1221 KA'.

1089 1253 1147 1283 Περὶ
1161 1256 1202 1282 τῆς
1219 1253 1374 1284 φανερώσεως
1391 1256 1433 1277 τοῦ
1451 1253 1535 1283 Ἰησοῦ
1560 1253 1621 1285 μετὰ
1637 1254 1682 1283 τὴν
1702 1253 1829 1278 ἀνάστασιν
1840 1254 1872 1283 τῷ

1122 1286 1208 1316 Πέτρῳ
1219 1302 1225 1312 ,
1241 1285 1282 1308 καὶ
1308 1285 1393 1315 ἑτέροις
1421 1285 1560 1310 ἁλιεύουσιν
1578 1286 1617 1310 ἐπὶ
1633 1288 1677 1314 τῆς
1701 1285 1820 1313 θαλάσσης
1838 1287 1872 1312 τῆς

1119 1315 1266 1349 Τιϐεριάδος.
1293 1316 1352 1347 Περί
1375 1318 1418 1340 τοῦ
1438 1318 1473 1347 τῷ
1497 1317 1580 1349 Πέτρῳ
1602 1317 1737 1348 λεχθέντος
1763 1316 1836 1342 Βόσκε
1849 1315 1873 1339 τὰ

1121 1348 1230 1379 πρόϐατά
1243 1355 1298 1378 μου.

1130 1406 1143 1418 οι
1160 1391 1240 1422 Μετὰ
1257 1394 1342 1420 ταῦτα
1358 1391 1522 1432 ἐφανέρωσεν
1543 1392 1637 1422 ἑαυτὸν
1653 1393 1738 1423 πάλιν
1754 1394 1767 1422 ὁ
1781 1392 1872 1427 Ἰησοῦς

1091 1436 1134 1466 ἐπὶ
1162 1436 1373 1478 τῆςῌθαλάσσης
1399 1439 1446 1473 τῆς
1473 1437 1647 1476 Τιϐεριάδος·
1677 1437 1820 1478 ἔφανέρωσε
1846 1435 1868 1464 δὲ

1089 1481 1188 1514 οὕτως·
1215 1475 1305 1510 τῊσοιν
1329 1483 1394 1519 ὁμοῦ
1422 1482 1515 1519 Σίμων
1542 1475 1657 1522 Πέτρος,
1685 1475 1730 1512 καὶ
1754 1475 1872 1518 Θωμᾶςδ

1086 1525 1226 1565 λεγόμενος
1245 1526 1375 1564 Δίδυμος,
1398 1526 1444 1555 καὶ
1468 1526 1616 1563 Ναθαναὴλ
1633 1529 1647 1556 ὁ
1670 1527 1724 1556 ἀπὸ
1740 1527 1814 1556 Κανᾶ
1833 1525 1870 1559 τῆς

1088 1570 1248 1606 Γαλιλαίας,
1271 1570 1318 1599 καὶ
1335 1571 1358 1599 οἱ
1381 1573 1426 1599 τοῦ
1442 1570 1605 1608 Ζεϐεδαίου,
1621 1571 1669 1601 καὶ
1685 1571 1761 1600 ἄλλοι
1784 1572 1813 1600 ἐκ
1825 1570 1869 1597 τῶν

1088 1616 1214 1652 μαθητῶν
1236 1616 1317 1644 αὐτοῦ
1342 1615 1396 1644 δύο.
1422 1615 1501 1655 Λέγει
1528 1617 1614 1650 αὐτοῖς
1640 1615 1735 1654 Σίμων
1763 1614 1869 1653 Πέτρος·

1085 1658 1202 1698 ²Υπάγω
1226 1659 1347 1689 ἁλιεύειν.
1380 1659 1507 1699 Λέγουσιν
1532 1661 1623 1700 αὐτῷ·
1653 1660 1807 1700 Ἐρχόμεθα
1833 1656 1872 1687 καὶ

1087 1704 1164 1742 ἡμεῖς
1188 1703 1233 1732 σὺν
1258 1703 1310 1734 σοί.
1338 1703 1466 1739 Ἐξῆλθον
1486 1699 1547 1742 οὖν,
1565 1704 1611 1734 καὶ
1634 1704 1768 1740 ἀνέϐησαν
1793 1703 1826 1736 εἷς
1846 1700 1870 1730 τὸ

1087 1749 1178 1777 πλοῖον
1201 1748 1289 1781 εὐθύς·
1313 1747 1359 1777 καὶ
1375 1749 1401 1777 ἐν
1425 1749 1512 1788 ἐκείνῃ
1536 1751 1569 1788 τῇ
1597 1749 1674 1779 νυκτὶ
1701 1749 1810 1778 ἐπίασαν
1832 1747 1870 1775 οὖ·

1087 1793 1140 1824 δέν,
1162 1789 1271 1832 Πρωΐας
1293 1793 1321 1822 δὲ
1335 1793 1387 1829 ἤδη
1403 1793 1545 1832 γενομένης
1555 1793 1620 1829 ἔστ-η
1637 1796 1650 1823 ὃ
1672 1794 1775 1830 Ἰησοῦς
1789 1792 1822 1824 εἷς
1833 1790 1869 1819 τὸν

1088 1837 1223 1876 αἰγιαλόν·
1237 1839 1266 1867 οὖ
1286 1837 1376 1876 μέντοι
1398 1839 1507 1878 ᾔδεισαν
1523 1839 1547 1868 οἱ
1562 1839 1700 1878 μαθηταὶ,
1724 1837 1762 1867 ὅτι
1778 1837 1870 1871 Ἰησοῦς

1087 1883 1153 1912 ἐστι.
1185 1882 1265 1921 Λέγει
1287 1878 1332 1911 οὖν
1356 1885 1443 1916 αὐτοῖς
1467 1885 1481 1912 ὁ
1505 1882 1623 1919 Ἰησοῦς·
1641 1883 1762 1919 Παιδία,
1789 1881 1824 1920 μή
1848 1891 1869 1907 τι

1087 1927 1250 1968 Δπροσφάγιον
1276 1926 1366 1966 exere;
1394 1927 1585 1968 Ἀπεκρίθησαν
1615 1928 1705 1968 αὐτῷ·
1727 1926 1778 1958 Οὔ.
1796 1925 1827 1955 Ὁ
1847 1923 1869 1952 δὲ

1087 1965 1167 2001 εἶπεν
1182 1972 1282 2004 αὐτοῖς·
1298 1972 1401 2001 Βάλετε
1425 1973 1461 2006 εἷς
1477 1965 1516 2002 ’τὰ
1540 1972 1612 2007 δεξιὰ
1629 1965 1697 2013 μέρη
1719 1975 1765 2001 τοῦ
1787 1968 1869 1999 πλοίου

1086 2015 1116 2044 τὸ
1132 2015 1250 2052 δίκτυον,
1274 2016 1320 2044 καὶ
1338 2016 1474 2056 εὑρήσετε.
1494 2015 1615 2047 Ἐϐαλον
1631 2012 1693 2057 οὖν,
1713 2017 1757 2046 καὶ
1773 2016 1817 2045 οὖκ
1836 2012 1869 2042 ἔτι

1087 2060 1152 2089 αὐτὸ
1166 2062 1278 2100 ἑλκῧσαι
1295 2060 1409 2100 ἴσχυσαν
1426 2061 1479 2091 ἀπὸ
1499 2065 1545 2091 τοῦ
1563 2061 1681 2097 πλήθους
1695 2064 1747 2091 τῶν
1769 2058 1866 2100 ἰχθύων-

231 2105 369 2134 Dominus
383 2109 463 2140 esset,
479 2106 562 2141 767
582 2106 673 2133 tunica
687 2106 819 2134 succinxit
832 2114 862 2135 se
877 2108 945 2142 [erat
958 2108 1033 2135 enim

1091 2105 1164 2143 Λέγει
1187 2099 1230 2133 οὖν
1247 2107 1261 2134 ὁ
1283 2099 1402 2143 μαθητὴς
1424 2107 1538 2142 ἐκεῖνος,
1556 2105 1584 2135 ὃν
1606 2106 1701 2146 ἠγάπα
1723 2108 1737 2135 ὁ
1759 2104 1866 2146 Ἰησοῦς,

231 2150 332 2184 nudus]
345 2153 372 2178 et
388 2150 462 2178 misit
475 2157 505 2178 se
520 2150 549 2177 in
565 2158 650 2178 mare.
665 2150 720 2179 Alii
732 2155 823 2179 autem
841 2151 967 2188 discipuli
981 2160 1030 2180 na-

231 2194 332 2231 vigiolo
347 2198 478 2222 venerunt
500 2203 506 2220 :
524 2202 581 2222 non
601 2194 673 2222 enim
694 2195 773 2231 longe
791 2195 904 2224 aberant
917 2204 932 2224 a
948 2200 1029 2230 terra,

231 2239 281 2267 sed
289 2239 396 2267 circiter
406 2238 505 2267 cubitis
519 2237 654 2274 ducentis,
669 2239 808 2269 trahentes
816 2245 871 2269 rete
879 2241 1002 2277 piscium.
1015 2253 1027 2266 ι.

231 2284 304 2312 Cum
325 2283 404 2318 dicit,
423 2292 437 2310 ι(
452 2283 638 2312 Manifestavit
651 2285 827 2321 semetipsum
847 2286 992 2320 Dominus,
1015 2298 1028 2311 ιι

233 2328 370 2364 signiﬁcat
398 2328 564 2364 evangelista
587 2329 662 2365 quod
683 2329 737 2358 nisi
761 2331 890 2358 voluisset
911 2331 967 2367 ipse
984 2339 1031 2367 per

231 2373 355 2408 seipsum
372 2373 425 2401 illis
439 2373 657 2403 condescendens
669 2375 852 2410 manifestare,
865 2384 920 2403 non
935 2375 1032 2404 fuisset

232 2418 307 2446 visus
329 2417 358 2445 in
373 2426 487 2454 corpore
514 2418 723 2455 incorruptibili.
739 2422 829 2456 Quare
853 2424 882 2447 et
902 2420 953 2448 loci
974 2428 1031 2448 me-

231 2462 322 2496 minit,
332 2463 417 2491 maris
424 2463 594 2492 Tiberiadis?
604 2465 731 2493 Ostendit
741 2465 814 2500 quod
826 2473 883 2492 non
890 2465 949 2500 jam
959 2465 1030 2493 ultra

231 2507 366 2536 timebant
385 2508 497 2537 Iudaeos
513 2513 543 2536 ut
565 2513 653 2543 antea,
670 2510 719 2538 sed
734 2517 864 2545 magnam
879 2513 984 2544 partem
999 2510 1030 2537 ti-

229 2552 315 2580 moris
329 2553 500 2589 abjecissent.
522 2554 588 2582 Ideo
606 2558 634 2582 et
651 2562 707 2582 non
722 2554 817 2582 inclusi
837 2558 924 2588 erant,
943 2553 990 2582 sed
1003 2559 1030 2582 et

229 2597 441 2634 prospectabant
464 2607 479 2627 ο
499 2598 594 2633 domo,
612 2598 685 2635 quod
707 2598 783 2634 prius
802 2606 860 2626 non
881 2598 1026 2633 audebant,

229 2646 258 2670 et
267 2642 368 2679 ubique
378 2643 566 2677 ambulabant,
573 2643 704 2679 ibantque
713 2651 800 2679 usque
810 2643 844 2671 ad
852 2643 1027 2672 Tiberiadem

228 2695 290 2723 quae
302 2687 387 2716 distat
411 2696 427 2715 a
456 2687 666 2724 Hierosolymis,
693 2691 721 2715 et
745 2692 785 2716 est
804 2696 878 2716 mare
897 2689 1024 2718 Galilacw.

226 2732 406 2760 Piscabantur
423 2735 518 2760 autem
535 2731 674 2768 discipuli,
688 2732 751 2768 quia
766 2732 833 2761 nihil
848 2733 922 2762 aliud
940 2733 1025 2762 habe-

226 2775 294 2804 bant
307 2776 381 2812 quod
402 2776 531 2811 facerent,
549 2783 637 2812 neque
651 2776 724 2805 enim
749 2777 808 2813 ipse
832 2785 944 2814 semper
960 2787 1024 2808 cum

1085 2151 1123 2189 τῷ
1137 2149 1249 2190 Πέτρῳ·
1266 2149 1300 2180 Ὁ
1316 2149 1413 2189 Κύριός
1430 2151 1497 2180 ἐστι.
1515 2149 1608 2190 Σίμων
1626 2145 1671 2180 οὖν
1686 2150 1784 2189 Πέτρος
1799 2145 1869 2177 ἀκού·

1084 2206 1148 2230 σας,
1173 2193 1213 2223 ὅτι
1241 2196 1255 2223 ὁ
1283 2194 1380 2234 Κύριός
1402 2196 1476 2231 ἐστι,
1499 2195 1544 2225 τὸν
1565 2195 1709 2232 ἐπενδύτην
1737 2191 1868 2228 διεζώσατο

1085 2234 1131 2279 (ἦν
1148 2238 1200 2278 γὰρ
1213 2238 1335 2279 γυμνὸς),
1352 2239 1398 2268 καὶ
1419 2239 1514 2269 ἔϐαλεν
1530 2240 1622 2270 ἑαυτὸν
1647 2242 1684 2273 εἷς
1705 2239 1752 2275 τὴν
1773 2237 1865 2266 θάλασ-

1085 2294 1143 2325 σαν.
1157 2284 1193 2312 Οἱ
1209 2283 1235 2313 δὲ
1251 2283 1326 2313 ἄλλοι
1337 2284 1454 2322 μαθηταὶ
1471 2286 1508 2325 τῷ
1523 2284 1653 2325 πλοιαρίῳ
1666 2281 1754 2322 ἦλθον.
1771 2282 1809 2312 Οὐ
1823 2279 1866 2319 γὰρ

1084 2323 1151 2363 ἦσαν
1167 2328 1270 2368 μακρὰν
1288 2328 1340 2358 ἀπὸ
1362 2331 1410 2365 τῆς
1431 2323 1499 2368 ἧς,
1513 2329 1571 2358 ἀλλ’
1587 2323 1623 2363 ὥς
1639 2323 1694 2360 ἆπὸ
1708 2329 1800 2368 πηχῶν
1818 2327 1866 2354 δια-

1085 2372 1180 2401 κοσίων
1206 2373 1328 2413 σύροντες
1351 2374 1380 2403 τὸ
1405 2373 1508 2403 δίκτυον
1530 2375 1583 2403 τῶν
1610 2374 1719 2413 ἰχθύων.
1738 2386 1750 2400 ι
1775 2367 1865 2407 Ἐντῷ

1085 2418 1185 2455 εἰπεῖν,
1209 2431 1221 2444 ιι
1246 2417 1430 2459 Ἐφανέρωσεν
1458 2419 1549 2448 ἑαυτὸν
1576 2420 1590 2448 ὁ
1613 2418 1736 2455 Ἰησοῦς,
1763 2430 1776 2443 I
1797 2416 1865 2459 τοῧῖο

1085 2463 1159 2498 δηλοὶ
1178 2464 1192 2491 ὁ
1213 2456 1413 2502 εὐαγγελιστὴς,
1440 2462 1480 2492 ὅτι
1505 2464 1528 2493 εἷ
1550 2463 1588 2502 μὴ
1611 2463 1706 2501 ἤθελε,
1732 2462 1776 2492 καὶ
1799 2456 1864 2489 αὐτὸς

1083 2507 1176 2536 ἑαυτὸν
1200 2507 1243 2536 διὰ
1267 2508 1469 2545 συγκατάϐασιν
1497 2508 1676 2549 ἐφανέρωσεν,
1706 2509 1752 2547 οὐχ
1772 2506 1863 2549 ὡρᾶτος

1083 2553 1129 2581 τοῦ
1155 2552 1276 2590 σώματος
1297 2552 1370 2586 ὄντος
1398 2553 1541 2593 ἀφθάρτου.
1569 2552 1648 2587 Τίνος
1673 2552 1700 2582 δὲ
1723 2552 1803 2581 ἕνεκεν
1824 2545 1863 2575 καὶ

1081 2598 1127 2625 τοῦ
1149 2596 1230 2625 τόπου
1256 2596 1391 2635 μέμνηται
1414 2601 1461 2634 τῆς
1475 2598 1611 2633 θαλάσσης
1632 2599 1680 2634 τῆς
1703 2593 1862 2635 Τιϐεριάδοςὶ

1082 2640 1235 2680 Δεικνύων,
1264 2641 1305 2670 ὅτι
1328 2643 1375 2671 οὐκ
1405 2642 1444 2672 ἔτι
1470 2642 1561 2672 λοιπὸν
1590 2643 1673 2676 οὕτως
1702 2640 1861 2671 ἐδεδοίκεισαν

1080 2685 1138 2719 τοὺς
1155 2684 1295 2720 Ἰουδαίους
1309 2687 1343 2720 ὣς
1364 2687 1474 2727 πρώην,
1496 2687 1567 2717 ἀλλὰ
1589 2687 1618 2716 τὸ
1641 2687 1707 2716 πολὺ
1731 2687 1774 2715 τοῦ
1786 2680 1861 2730 Ξιόϐου

1080 2730 1255 2761 ἀπεϐάλοντο.
1275 2731 1323 2761 Διὸ
1345 2731 1390 2761 καὶ
1405 2733 1452 2762 οὐκ
1476 2732 1516 2761 ἔτι
1532 2731 1762 2771 συγκεκλασμένοι
1784 2730 1859 2771 ἦσαμγι

1078 2775 1147 2805 ἀλλὰ
1164 2776 1210 2806 καὶ
1228 2775 1394 2816 προέκοπτον
1415 2779 1461 2813 τῆς
1487 2768 1587 2814 οἰκίας,
1612 2777 1626 2806 ὃ
1641 2768 1703 2815 πρὶν
1729 2776 1774 2804 οὐκ
1797 2768 1859 2800 ἐτάλ-
