1927 3076
46 222 107 250 305

454 222 650 251 ENARRATIO
671 223 702 251 IN
722 223 938 253 EVANGELIUM
952 225 1101 253 JOANNIS.
1122 239 1156 245 —
1174 225 1249 254 CAP.
1270 226 1334 254 XXI.

1656 231 1708 258 306

48 295 113 321 μων
123 306 131 320 ,
155 283 203 313 καὶ
219 286 360 324 πανταχοῦ
386 284 521 324 περιίεσαν
533 308 541 321 ,
556 285 624 315 ὥστε
641 286 703 326 ἄχρι
718 287 762 316 καὶ
779 287 856 317 Τιϐε-

913 287 952 316 eis
973 288 1196 321 conversabatur,
1213 295 1302 324 neque
1309 288 1428 324 Spiritus
1443 288 1523 317 datus
1533 293 1602 324 erat,
1621 298 1709 328 neque

47 330 144 367 ριάδος
165 329 248 368 ἰέναι,
270 329 327 365 ἥτις
348 328 486 368 ἀπέχουσα
502 331 554 359 τῶν
576 329 786 370 Ἱεροσολύμων,
811 334 857 368 τῆς

48 374 212 414 Γαλιλαίας,
232 374 289 403 ἐστὶ
315 373 444 404 θάλασσα.
475 373 596 404 Ἦλίευον
624 375 652 404 δὲ
679 377 702 404 οἱ
729 377 856 414 μαθηταί·

47 419 80 446 οὖ
113 418 168 458 γὰρ
195 413 268 458 εἶχόν
290 430 316 448 τι
339 419 427 458 ῗτερον
443 422 537 450 ποιεῖν.
561 419 632 448 Οὔτε
648 419 700 460 γὰρ
715 413 792 454 αὐτὸς
808 423 856 450 αὖ-

46 467 108 496 τοῖς
138 464 259 502 συνεχῶς
284 465 384 502 συνῆν,
413 463 472 492 οὔτε
501 463 531 493 τὸ
558 465 673 502 Πνεῦμα
701 465 774 494 δοθὲν
801 461 832 502 ἦν
848 489 856 502 ,

47 506 114 536 οὔτε
138 508 190 543 τὴν
213 507 388 537 διδασκαλίαν
407 507 512 541 τελείως
536 508 762 549 ιγκεχειρισμίνοι
776 506 856 546 ἦσαν·

49 551 96 580 διὰ
114 552 249 596 το-ῖξτοιδὴ
274 552 322 588 τὴν
344 551 442 582 οἰκείαν
471 552 567 592 τέχνην
592 553 728 592 μετίεσαν.
756 555 856 596 Πέτρος

48 596 102 635 μὲν
129 592 176 626 οὖν
192 597 402 637 ἐργατικώτατος
426 596 477 635 ὢν,
498 598 545 626 οὐκ.
561 597 686 637 ἀνέχεται
703 592 854 638 σχολάζειν,

47 642 124 671 ἀλλὰ
151 642 218 681 πρὸς
242 643 272 671 τὸ
297 642 372 683 ἔργον
396 643 499 682 θερμῶς
529 643 649 672 κινεῖται·
678 644 702 672 οἱ
725 644 752 673 δὲ
768 645 856 674 λοιποὶ

47 686 236 723 συνέπονται,
267 685 310 716 διὰ
337 687 367 716 τὸ
399 686 566 716 συνδεδέσθαι
591 687 683 716 λοιπὸν
721 688 854 724 ἀλλήλοις.

46 730 190 764 Ἐπιστὰς
205 732 233 761 δὲ
249 731 336 764 αὐτοῖς
353 732 485 770 κάμνουσι
507 732 553 760 καὶ
575 733 853 772 ταλαιπωρουμένοις,

46 776 98 804 οὐκ
126 775 224 809 εὐθέως
245 776 339 805 ἑαυτὸν
366 776 492 805 δείκνυσι.
520 775 648 806 Βούλεται
674 777 725 817 γὰρ
749 779 854 818 πρῶτον

48 820 145 854 αὐτοῖς
166 823 203 854 εἷς
225 820 336 854 διάλεξιν
363 822 454 850 ἐλθεῖν·
472 822 528 850 ὅθεν
552 821 598 850 καί
618 833 692 861 φησι¹
707 836 718 848 ι
736 823 854 861 Παιδία,

48 865 89 902 μή
119 877 145 894 τι
169 866 334 906 προσφάγιον
363 866 457 904 (lare;
479 879 491 892 ι
517 868 552 900 ὡς
575 865 679 904 μέλλων
700 879 725 896 τι
750 867 854 903 ὠνήσα-

47 913 115 938 σθαι
131 912 199 950 παρ’
220 911 318 940 αὐτῶν.
333 909 379 943 Ὡς
392 910 420 939 δὲ
436 910 577 940 ἆνένευσαν
587 933 596 947 ,
616 911 662 940 καὶ
681 911 855 946 κελεύσαντος

910 331 1036 361 doctrina
1051 332 1168 368 perfecte
1191 340 1329 367 concessa,
1348 332 1410 361 ideo
1425 341 1502 361 suam
1517 337 1603 362 artem
1617 340 1708 364 secta-

911 376 1021 404 bantur.
1037 377 1136 405 Petrus
1155 377 1230 405 enim
1253 385 1318 405 cum
1330 377 1539 406 actuosissimus
1553 382 1636 412 esset,
1650 387 1706 407 non

910 420 1016 449 ferebat
1029 421 1127 455 otium,
1137 421 1184 450 sed
1198 422 1226 449 in
1239 429 1322 457 opere
1336 421 1468 456 fervebat,
1480 426 1509 449 et
1522 422 1708 458 sequebantur

911 467 1014 501 ceteri,
1033 474 1067 495 eo
1079 467 1153 502 quod
1167 467 1305 503 conjuncti
1319 471 1407 496 erant.
1424 467 1456 494 Et
1469 475 1534 495 cum
1547 467 1654 496 adesset
1667 467 1708 496 eis

911 510 1096 539 laborantibus
1110 515 1137 539 et
1157 511 1272 545 miseris,
1289 519 1343 539 non
1357 511 1449 539 statim
1463 519 1493 540 se
1507 511 1635 546 ostendit,
1650 512 1708 540 vult

910 555 985 583 enim
1004 556 1080 592 prius
1100 556 1173 592 loqui
1188 563 1252 584 cum
1269 556 1306 584 eis
1323 565 1330 582 :
1347 556 1419 584 unde
1443 560 1471 584 et
1484 555 1559 590 dicit,
1585 569 1596 581 ιι
1614 557 1704 590 Pueri.

910 608 977 628 num
993 600 1057 636 quid
1077 600 1181 628 obsonii
1196 601 1321 628 habetis?
1335 611 1348 626 ι)
1365 601 1443 637 quasi
1459 605 1602 637 empturus
1618 601 1653 629 ab
1667 602 1706 630 eis

910 644 1049 680 quiddam.
1066 646 1098 672 Ut
1121 649 1212 673 autem
1233 649 1379 681 negarunt,
1395 649 1423 673 et
1437 653 1500 673 cum
1511 645 1637 682 jussisset
1657 653 1705 675 eos

910 690 1020 718 mittere
1042 690 1068 717 in
1093 689 1229 724 dextram,
1255 690 1394 718 consecuti
1419 695 1495 724 sunt,
1513 701 1526 717 α
1540 690 1606 718 dicit
1623 691 1705 719 disci-

910 734 991 770 pulus
1005 742 1087 770 quem
1103 734 1232 771 diligebat
1245 735 1336 769 Jesus,
1355 736 1435 763 Petro
1450 744 1456 762 :
1473 735 1609 763 Dominus
1622 740 1672 764 est.
1689 745 1702 762 ιι

910 780 1012 807 lterum
1022 779 1074 807 hoc
1085 779 1144 807 loco
1156 779 1311 808 invenimus
1321 779 1516 815 discipulorum
1527 780 1707 816 proprietates

909 823 1026 852 ostendi.
1049 824 1121 851 Nam
1138 824 1322 860 perspicacior
1335 823 1446 860 quidem
1459 825 1588 858 Joannes,
1609 825 1707 853 Petrus

909 872 1001 896 autem
1013 867 1163 896 ferventior
1178 878 1186 895 :
1199 876 1229 896 ea
1244 873 1355 904 propter
1363 870 1481 897 Joannes
1493 869 1583 905 primo
1593 869 1706 904 quidem

909 913 1032 948 agnoscit
1046 913 1210 940 Dominum.
1223 914 1320 941 Petrus
1332 921 1397 941 vero
1409 913 1483 949 prior
1493 914 1565 941 venit
1579 913 1613 942 ad
1627 921 1704 942 eum.

49 956 148 993 βαλεῖν
170 956 207 988 εἰς
217 955 251 984 τὰ
273 954 360 994 δεξιὰ,
375 955 518 995 ἐπέτυχον,
539 969 550 982 ι
564 955 634 995 λέγει
651 957 664 984 6
676 957 812 996 μαθητὴς,
825 958 854 987 ὃν

911 956 1097 993 Succingendo
1117 957 1207 992 itaque
1226 965 1266 991 se,
1281 958 1464 985 reverentiam
1489 958 1616 986 ostendit.
1642 958 1707 986 Mit-

47 999 148 1037 ἠγάπα
175 1001 190 1029 6
209 999 332 1038 Ἰησοῦς,
359 1001 398 1040 τῷ
424 1000 529 1040 Πέτρῳ·
549 999 592 1030 “0
626 1000 723 1039 Κύριός
752 1002 816 1031 ἔστι.
842 1016 854 1030 ι

48 1045 144 1074 Πάλιν
163 1045 276 1074 ἐνταῦθα
298 1044 332 1074 τὰ
356 1044 489 1083 ἰδιώματα
512 1046 564 1074 τῶν
590 1047 715 1083 μαθητῶν
737 1046 854 1085 εὑρίσκο-

47 1101 99 1126 μεν
118 1089 290 1127 δεικνύμενα.
307 1089 342 1119 (Ο
356 1089 403 1128 μὲν
417 1089 469 1130 γὰρ
494 1089 709 1130 διορατικώτερος
730 1092 744 1119 6
760 1091 853 1121 Ἰωάν-

47 1146 112 1170 νης,
138 1136 153 1164 6
177 1134 203 1164 δὲ
237 1134 337 1174 Πέτρος
365 1135 531 1175 θερμότερος.
591 1135 642 1164 Διὰ
666 1137 743 1164 τοῦτο
763 1137 777 1165 6
805 1137 854 1174 μὲν

47 1178 187 1221 ’lwa’vvng
200 1181 304 1219 πρῶτος
330 1179 433 1218 ἐπέγνω
456 1180 500 1209 τὸν
527 1180 639 1221 Κύριον,
660 1182 674 1209 6
697 1179 725 1209 δὲ
754 1181 854 1221 Πέτρος

47 1227 159 1263 πρῶτος
179 1220 242 1260 ἦλθε
259 1225 322 1264 πρὸς
340 1224 428 1254 αὐτόν.
458 1226 506 1264 Τῷ
525 1225 572 1263 μὲν
589 1219 633 1254 οὖν
652 1225 852 1264 διαζώσασθαι,

47 1270 100 1305 τὴν
132 1269 200 1298 αἷδὼ
224 1269 384 1303 ἐπεδείξατο·
406 1271 445 1309 τῷ
473 1270 500 1298 δὲ
529 1270 603 1310 ῥίψαι
631 1270 723 1299 ἑαυτὸν
748 1273 783 1304 εἰς
806 1271 853 1306 τὴν

49 1314 213 1349 θάλασσαν,
231 1315 274 1344 τὸν
301 1314 379 1343 πόθον
406 1314 540 1354 ἐνέφηνεν.
570 1315 611 1344 Οὐ
636 1314 688 1355 γὰρ
709 1316 853 1356 ἐκαρτέρη-

49 1371 114 1395 σεν,
141 1360 236 1399 ὥσπερ
259 1360 281 1388 οἱ
310 1359 395 1389 ἄλλοι·
420 1359 491 1388 ἀλλὰ
515 1361 661 1399 νηχόμενος
676 1360 852 1400 παρεγένετο,

50 1404 142 1433 καίτοι
157 1418 170 1431 σι
185 1406 222 1437 ὡς
238 1404 291 1433 iub
308 1405 402 1444 πηχῶν
415 1404 557 1434 διακοσίων
574 1416 587 1432 ι)
609 1404 717 1444 ἀπέχων
733 1407 778 1440 τ’ἧς
793 1408 850 1445 γῆς.

50 1448 149 1479 Ἔστιν
171 1444 218 1478 οὖν
240 1451 253 1478 6
278 1448 422 1484 ἐπενδύτης
441 1450 526 1479 λινοῦν
548 1461 574 1478 τι
599 1450 715 1486 ὁθόνιον,
742 1449 770 1478 ὃν
785 1450 852 1481 οἵτε

51 1494 179 1527 Φοίνικες
192 1493 239 1523 καὶ
259 1495 283 1523 οἱ
308 1493 389 1534 Σύροι
405 1494 487 1528 ἁλιεῖς
500 1495 708 1535 περιελίττουσιν
730 1496 830 1529 ἑαυτοῖς
842 1520 850 1533 ,

49 1539 103 1568 εἴτε
121 1539 217 1578 γυμνοὶ
239 1538 325 1576 ὄντες,
351 1538 403 1568 εἴτε
428 1539 472 1567 ἐπὶ
495 1543 549 1572 τοῖς
569 1540 684 1577 ἱματίοις
698 1541 776 1569 τοῦτο
793 1541 852 1569 ἐπι-

909 1001 993 1030 tendo
1003 1006 1097 1030 autem
1106 1002 1170 1030 sein
1182 1009 1267 1034 mare,
1277 1001 1561 1030 declaravitdesiderii
1573 1002 1707 1038 magnitu-

908 1046 1001 1074 dinem
1011 1055 1018 1074 :
1026 1053 1081 1074 non
1090 1046 1162 1074 enim
1168 1050 1309 1082 exspectat
1316 1050 1346 1074 ut
1353 1046 1410 1079 alii,
1421 1046 1470 1074 sed
1478 1051 1574 1074 natans
1580 1047 1690 1075 advenit
1697 1068 1705 1080 ,

908 1090 1033 1127 quamvis
1048 1090 1178 1118 «circiter
1185 1090 1313 1119 ducentis
1320 1091 1420 1119 cubitis
1431 1102 1445 1117 ι)
1457 1091 1585 1119 abessent
1594 1099 1610 1119 a
1620 1096 1702 1120 terra.

909 1137 955 1163 Est
976 1136 1057 1171 igitur
1069 1135 1197 1168 ἔπενόὑτης
1209 1135 1321 1163 linteum
1340 1135 1478 1172 quoddam
1494 1144 1549 1172 quo
1567 1136 1710 1165 Phoenices

908 1185 935 1208 ct
947 1180 1007 1216 Syri
1036 1180 1186 1216 piscatores
1205 1188 1234 1208 se
1248 1180 1422 1214 amiciebant,
1436 1181 1492 1209 sive
1512 1180 1577 1208 nudi
1604 1186 1705 1216 essent,

907 1225 963 1252 sive
977 1225 1080 1258 vestiti,
1094 1224 1146 1252 hoc
1158 1225 1428 1260 superimponentes;
1441 1226 1603 1261 simpliciter
1614 1230 1706 1254 autem

907 1269 1068 1303 dicendum,
1095 1269 1170 1305 quod
1196 1269 1268 1297 sicut
1296 1270 1414 1305 pictores
1431 1270 1546 1306 pingunt
1569 1271 1709 1306 apostolos

907 1321 990 1350 super
1020 1314 1142 1342 vestibus
1165 1317 1260 1342 tectos.
1290 1314 1376 1350 Igitur
1398 1314 1463 1350 quia
1505 1326 1517 1338 α
1533 1315 1623 1342 nudus
1650 1319 1710 1343 erat

908 1359 1014 1392 Petrus,
1041 1368 1054 1385 η
1083 1363 1110 1386 et
1131 1358 1259 1394 piscando
1285 1358 1400 1393 laborat,
1425 1359 1451 1386 in
1478 1359 1655 1387 reverentiam
1680 1367 1710 1388 se

908 1403 998 1432 induit
1018 1403 1184 1439 ependytem
1207 1403 1269 1436 (hoc
1284 1407 1325 1431 est
1340 1403 1417 1431 enim
1439 1403 1571 1439 succingi)
1595 1409 1622 1432 et
1636 1405 1710 1440 prior

907 1447 981 1475 vadit
997 1447 1032 1475 ad
1047 1447 1210 1476 Dominum.
1227 1449 1288 1475 Non
1301 1447 1375 1475 enim
1398 1455 1479 1484 parva
1492 1448 1618 1484 quaedam
1633 1453 1710 1476 erant

907 1500 968 1528 quae
983 1493 1096 1527 fiebant,
1119 1492 1168 1520 sed
1183 1501 1292 1529 magna.
1307 1494 1379 1520 Nam
1393 1493 1512 1528 primum
1532 1493 1610 1521 multi
1622 1494 1710 1529 pisces

907 1539 977 1574 capti
992 1542 1067 1573 sunt,
1082 1538 1179 1566 deinde
1191 1542 1249 1566 rete
1263 1547 1318 1566 non
1333 1542 1374 1566 est
1388 1538 1513 1566 scissum.

50 1584 176 1616 τιθέντες·
205 1584 297 1628 didii;
318 1582 346 1613 δὲ
370 1585 452 1613 εἰπεῖν
462 1579 546 1628 ,μοῖον
570 1585 594 1613 οἱ
618 1583 753 1624 ζωγράφοι
779 1589 884 1616 ποιοῦσι
917 1588 978 1622 τοὺς
1002 1588 1181 1625 ἀποστόλους,
1207 1588 1296 1618 ἐπάνω
1320 1590 1372 1617 τῶν
1399 1588 1512 1626 ἱματίων
1533 1590 1710 1628 περιειλιγμέ-

50 1640 123 1662 νους.
146 1628 226 1658 Ἐπεὶ
243 1624 288 1658 οὖν
314 1642 327 1654 ι
348 1628 445 1667 γυμνὸς
469 1624 502 1665 ἦν
525 1631 538 1658 δ
563 1629 674 1669 Πέτρος.
699 1643 711 1654 ιη
737 1629 783 1659 ἅτε
806 1633 866 1670 περὶ
892 1632 940 1668 τήν
965 1633 1050 1673 ἄγραν
1071 1624 1247 1671 πονούμενος,
1272 1634 1314 1662 διὰ
1337 1633 1385 1669 τὴν
1407 1624 1473 1663 αἷδὼ
1499 1624 1710 1673 περιελίττεται,

52 1673 96 1702 τὸν
119 1674 266 1710 ἐπενδύτην
292 1673 386 1713 (τοῦτο
400 1673 452 1714 γάρ
477 1675 533 1702 ἔστι
559 1674 588 1702 τὸ
614 1672 824 1714 διαζώσασθαι),
847 1677 893 1706 καὶ
917 1672 1019 1718 πρῶτος
1047 1678 1154 1719 ἔρχεται
1182 1680 1247 1719 πρὸς
1273 1678 1317 1708 τὸν
1347 1678 1456 1718 Κύριον.
1484 1672 1601 1718 Οὖνγὰρ
1627 1679 1710 1719 μικρά

52 1730 112 1747 τινα
134 1715 205 1754 ἦσαν
231 1718 264 1748 τὰ
288 1718 433 1757 γινόμενα,
462 1719 530 1747 ἀλλὰ
560 1718 674 1757 μεγάλα
690 1720 797 1758 πρῶτον
822 1720 870 1758 μὲν
897 1715 1273 1763 τὸ”πολλοὺςγσνλληφθῆναι
1296 1723 1353 1756 τοὺς
1382 1715 1489 1762 ἰχθύας,
1509 1715 1600 1752 ἔπειτα
1626 1715 1656 1752 τὸ

52 1765 200 1802 σχισθῆναι
225 1763 254 1792 τὸ
271 1762 383 1792 δίκτυον.

93 1822 105 1833 α
121 1807 171 1841 Ὡς
182 1803 226 1837 οὖν
240 1807 380 1843 ἀπέϐησαν
396 1809 432 1842 εἷς
453 1806 500 1842 τὴν
516 1809 578 1846 γῆν,
597 1807 738 1847 βλέπουσιν
760 1810 856 1849 ἄνθρα-

943 1813 1033 1840 Vsns.
1045 1815 1124 1840 9-14.
1140 1823 1153 1838 ιι
1164 1814 1203 1841 Ut
1217 1820 1282 1847 ergo
1294 1811 1496 1840 descenderunt
1509 1812 1536 1839 in
1547 1817 1662 1847 terram,
1673 1813 1711 1840 vi-

52 1852 115 1881 κιὰν
131 1852 262 1891 κειμένην
273 1875 281 1888 ,
299 1853 344 1882 καὶ
368 1853 476 1893 ὀψάριον
498 1852 681 1891 ἐπικείμενον,
698 1853 742 1882 καὶ
763 1853 852 1892 ἄρτον.

54 1898 133 1936 Λέγει
159 1898 248 1931 αὐτοῖς
263 1899 277 1926 6
296 1897 408 1932 Ἰησοῦς·
425 1897 567 1935 Ἐνέγκατε
582 1897 635 1927 ἀπὸ
649 1900 701 1927 τῶν
721 1898 854 1937 ὀψαρίων,

54 1937 89 1971 ὧν
107 1942 239 1972 ἐπιάσατε
257 1944 315 1972 νῦν.
332 1942 426 1978 Ἀνέϐη
449 1942 541 1980 Σίμων
559 1942 674 1982 Πέτρος,
688 1943 733 1972 καὶ
751 1941 853 1972 εἵλκυσε

54 1986 83 2016 τὸ
98 1987 205 2017 δίκτυον
220 1987 264 2016 ἐπὶ
275 1989 321 2022 τῆς
334 1989 383 2025 γῆς
396 1987 492 2025 μεστὸν
509 1986 606 2027 ἰχθύων
622 1988 745 2027 μεγάλων
760 1988 854 2017 ἑκατὸν

55 2033 313 2071 πεντηκοντατριῶν.
341 2032 393 2061 Καὶ
412 2031 544 2061 τοσούτων
568 2031 668 2069 ὄντων,
685 2033 730 2062 οὐκ
745 2032 854 2072 ἐσχίσθη

56 2077 84 2106 τὸ
100 2077 220 2106 δίκτυον.
238 2076 318 2115 Λέγει
343 2078 430 2110 αὐτοῖς
450 2078 464 2105 6
479 2076 594 2112 Ἰησοῦς·
616 2079 716 2115 Δεῦτε,
741 2078 854 2116 ἀριστή-

58 2133 132 2152 σατε.
172 2121 269 2153 Οὐδεὶς
282 2120 309 2150 δὲ
329 2122 426 2160 ἐτόλμα
443 2122 495 2150 τῶν
519 2123 645 2158 μαθητῶν
662 2121 782 2156 ἐξετάσαι
805 2123 855 2151 αὐ-

58 2166 108 2194 τόν·
123 2165 165 2196 Σὺ
184 2166 224 2198 τίς
239 2160 279 2202 εἷ,
294 2166 409 2202 εἰδότες,
425 2166 465 2195 ὅτι
481 2169 494 2195 6
512 2166 609 2206 Κύριός
626 2168 706 2196 ἐστιν.
723 2165 855 2206 Ἔρχεται

58 2206 98 2240 οὖν
114 2214 129 2241 6
150 2211 274 2248 Ἰησοῦς,
298 2212 343 2240 καὶ
358 2211 489 2250 λαμϐάνει
509 2211 553 2241 τὸν
572 2212 651 2252 ἄρτον
663 2234 670 2248 ,
684 2211 729 2241 καὶ
751 2212 855 2241 δίδωσιν

58 2258 165 2292 αὐτοῖς,
191 2256 237 2284 καὶ
262 2256 292 2285 τὸ
317 2256 426 2296 ὀψάριον
454 2257 561 2295 ὁμοίως.
587 2258 675 2286 Τοῦτο
700 2256 750 2292 ἤδη
768 2257 855 2295 τρίτον

59 2300 211 2341 ἐφανερώθη
229 2303 243 2330 6
256 2301 362 2337 Ἰησοῦς
384 2307 437 2335 τοῖς
461 2304 594 2340 μαθηταῖς
618 2303 720 2338 αὑτοῦ,
745 2302 857 2341 ἐγερθεὶς

59 2347 86 2376 ἐκ
101 2347 214 2386 νεκρῶν.
237 2358 249 2371 ι
271 2345 326 2376 Καὶ
341 2348 419 2375 τοῦτο
434 2349 540 2384 θαῦμα,
555 2346 568 2376 8
585 2346 714 2385 βλέπουσι
729 2348 783 2383 νῦν,
799 2346 857 2379 τοὺς

60 2391 193 2431 ἄνθρακας
217 2389 304 2429 λέγω,
320 2391 366 2419 καὶ
387 2391 432 2420 τὸν
449 2391 538 2430 ἰχθὺν,
555 2393 599 2420 καὶ
625 2391 668 2420 τὸν
685 2390 773 2429 ἄρτον.
799 2391 857 2420 Οὐκ

908 1855 1009 1884 derunt
1030 1864 1133 1892 prunas
1153 1856 1265 1891 positas,
1280 1860 1307 1883 et
1328 1857 1431 1892 piscem
1457 1857 1661 1892 suprapositum
1683 1860 1711 1884 et

910 1908 1021 1936 panem.
1038 1901 1111 1928 Dicit
1135 1901 1173 1928 eis
1196 1901 1276 1928 Jesus
1303 1910 1309 1928 :
1332 1899 1440 1928 Alferte
1454 1900 1488 1928 de
1510 1900 1628 1936 piscibus
1641 1909 1711 1936 quos

910 1945 1084 1981 preudidistis
1096 1953 1178 1973 nunc.
1199 1944 1330 1973 Ascendit
1347 1945 1443 1972 Simon
1464 1946 1571 1978 Petrus,
1587 1949 1616 1973 et
1630 1946 1711 1973 traxit

909 1993 967 2018 rete
978 1990 1004 2018 in
1015 1994 1129 2024 terram,
1140 1990 1250 2026 plenum
1261 1990 1369 2025 magnis
1378 1989 1498 2025 piscibus
1505 1994 1615 2018 centum
1627 1990 1710 2026 quin-

910 2035 1039 2070 quaginta
1056 2034 1153 2063 tribus.
1170 2036 1206 2062 Et
1219 2042 1282 2062 cum
1297 2039 1339 2062 tot
1354 2038 1456 2068 essent,
1473 2042 1527 2062 non
1542 2039 1583 2063 est
1595 2035 1709 2063 scissum

910 2084 976 2108 rete.
1005 2079 1078 2108 Dicit
1099 2080 1139 2108 eis
1152 2080 1231 2107 Jesus
1252 2088 1258 2106 :
1275 2079 1383 2112 Venite,
1400 2079 1543 2115 prandete.
1570 2080 1605 2106 Et
1629 2087 1711 2107 nemo

910 2124 1105 2160 discipulorum
1112 2124 1403 2160 audebatinterrogare
1415 2131 1491 2157 eum,
1499 2124 1584 2160 768
1593 2124 1688 2152 dicens
1702 2134 1708 2152 :

910 2170 952 2197 Tu
966 2169 1026 2205 quis
1039 2169 1085 2196 es?
1100 2177 1163 2196 cum
1177 2169 1278 2197 scirent
1289 2168 1365 2204 quod
1379 2168 1518 2196 Dominus
1531 2173 1612 2196 esset.
1630 2168 1711 2196 Venit

910 2214 1004 2250 itaque
1017 2215 1106 2247 Jesus,
1121 2217 1149 2241 et
1162 2214 1258 2250 accipit
1274 2221 1384 2249 panem,
1396 2218 1423 2240 et
1434 2213 1481 2240 dat
1495 2213 1546 2247 eis,
1561 2217 1589 2241 et
1604 2213 1710 2248 piscem

911 2258 1047 2286 similiter.
1059 2260 1126 2286 Haac
1136 2258 1195 2294 jam
1213 2259 1294 2286 tertia
1308 2258 1363 2286 vice
1374 2257 1566 2286 manifestatus
1575 2262 1618 2285 est
1633 2258 1713 2285 Jesus

911 2304 1053 2340 discipulis
1063 2304 1119 2332 suis
1128 2312 1192 2332 cum
1200 2303 1426 2332 ressurrexisseta
1436 2303 1564 2331 mortuis.
1583 2314 1595 2328 ι
1611 2305 1646 2330 Et
1656 2303 1709 2330 hoc

912 2352 951 2376 est
963 2349 1126 2377 miraculum
1140 2348 1214 2384 quod
1225 2357 1300 2376 nunc
1313 2348 1417 2381 vident,
1431 2355 1532 2384 prunas
1547 2347 1608 2375 dico
1624 2352 1651 2375 et
1662 2348 1712 2384 pis-

912 2401 971 2421 cem
987 2398 1068 2430 atque
1082 2402 1180 2430 panem
1195 2394 1226 2421 ³⁸.
1243 2395 1303 2422 Non
1319 2394 1391 2421 enim
1401 2393 1459 2429 jam
1473 2393 1589 2421 faciebat
1601 2400 1635 2420 ex
1651 2401 1711 2421 ma-

59 2435 95 2464 ἔτι
111 2435 166 2474 γὰρ
184 2435 211 2469 ἐξ
234 2435 409 2473 ὑποκειμένης
430 2435 494 2471 ὅλης
517 2435 619 2471 ἐποίει,
646 2435 737 2474 ὥσπερ
755 2437 815 2474 πρὶν
832 2436 856 2465 ἐν

915 2439 979 2466 teria
996 2439 1145 2475 proposita,
1167 2438 1237 2466 sicut
1251 2438 1325 2474 prius
1349 2438 1377 2465 in
1395 2437 1506 2466 deserto
1521 2445 1585 2466 cum
1600 2437 1712 2465 satiaret

60 2480 152 2520 ἐρήμῳ
171 2480 225 2509 ἀπὸ
239 2482 291 2509 τῶν
314 2480 391 2509 πέντε
411 2479 516 2520 ἄρτων,
539 2480 585 2509 χαὶ
606 2482 658 2509 τῶν
676 2480 722 2510 δύο
743 2480 859 2519 ἰχθύων,

60 2525 117 2559 τοὺς
139 2526 194 2558 τοῖς
214 2523 347 2558 τοσούτοις
363 2525 542 2565 ἀρκέσαντας,
564 2524 622 2554 ἀλλ’
646 2525 754 2559 ἁπλῶς,
771 2525 798 2558 ἐξ
813 2526 860 2554 οὐκ

61 2569 152 2599 ὄντων.
167 2570 298 2603 Εἰπόντος
315 2569 341 2599 δὲ
356 2572 401 2599 τοῦ
415 2570 527 2610 Κυρίου,
541 2584 552 2596 α
564 2572 655 2606 Δεῦτε,
668 2570 838 2609 ἀριστήσατε,
847 2583 859 2595 ι

62 2615 143 2648 οὐδεὶς
159 2614 296 2651 ἐξετάζει,
318 2614 375 2643 οὐδὲ
397 2616 484 2656 τολμᾷ
502 2616 646 2655 ἐρωτῆσαι.
674 2617 732 2644 Οὖκ
747 2614 786 2644 ἔτι
808 2614 859 2652 γὰρ

61 2659 107 2694 τὴν
123 2659 207 2695 αὐτὴν
233 2658 385 2698 παῤῥησίαν
403 2655 493 2699 εἶχον,
519 2660 588 2690 ἀλλὰ
620 2659 687 2697 μετὰ
715 2661 790 2698 σιγῆς
815 2659 860 2688 καὶ

63 2704 132 2737 δέους
166 2703 326 2742 ἐθαύμαζον·
356 2704 465 2744 ᾔδεισαν
498 2704 545 2742 μὲν
574 2705 641 2743 γὰρ,
658 2703 698 2732 ὅτι
727 2705 740 2732 6
767 2703 861 2742 Κύριός

64 2750 135 2785 ἐστι,
159 2749 200 2778 διὸ
222 2748 282 2778 οὐδὲ
309 2748 428 2788 ἠρώτων.
445 2749 504 2785 Τὴν
527 2749 553 2779 δὲ
571 2748 674 2788 μορφὴν
691 2747 860 2787 ἀλλοιοτέραν

66 2794 194 2832 δρῶντες,
211 2793 258 2822 καὶ
281 2795 381 2830 πολλῆς
408 2793 557 2829 ἐκπλήξεως
584 2794 734 2832 γέμουσαν,
760 2792 862 2832 σφόδρα

99 2873 119 2890 ’⁵
135 2875 218 2902 Joan.
233 2881 280 2902 γι.
294 2876 338 2908 34,
355 2877 398 2902 35.

915 2483 947 2511 de
962 2483 1070 2512 duobus
1092 2482 1213 2519 piscibus
1225 2491 1257 2511 ac
1277 2483 1392 2518 panibus
1405 2483 1535 2518 quinque,
1548 2486 1600 2510 ’τοι
1614 2483 1712 2517 millia;

914 2529 963 2556 sed
973 2527 1138 2564 simpliciter
1149 2537 1182 2557 ex
1192 2529 1288 2557 nihilo.
1301 2530 1372 2557 Cum
1384 2529 1499 2558 dixisset
1514 2534 1606 2557 autem
1617 2528 1715 2556 Domi-

914 2581 976 2607 nus,
1004 2584 1017 2599 α
1033 2575 1139 2607 Venite,
1156 2574 1299 2610 prandete,
1319 2584 1333 2599 ν)
1350 2574 1444 2602 nullus
1468 2574 1598 2610 exquirit,
1623 2580 1713 2608 neque

913 2618 996 2646 audet
1018 2619 1195 2654 interrogare.
1212 2620 1273 2646 Non
1287 2619 1359 2646 enim
1374 2619 1446 2647 ultra
1462 2623 1565 2646 tantam
1577 2616 1702 2645 habeban

914 2662 1052 2696 ﬁduciam,
1077 2663 1125 2691 sed
1143 2670 1207 2690 cum
1235 2662 1341 2690 silentio
1363 2670 1395 2690 ac
1416 2662 1515 2690 timore
1537 2660 1714 2688 admiraban-

915 2711 960 2736 tur
973 2716 979 2734 :
996 2707 1117 2735 sciebant
1127 2707 1200 2736 enim
1216 2706 1291 2743 quod
1304 2707 1438 2734 Dominus
1452 2709 1531 2733 esset.
1548 2704 1611 2732 ldeo
1626 2710 1716 2738 neque

915 2751 1127 2788 interrogabant.
1161 2753 1229 2780 Cum
1260 2755 1353 2779 autem
1384 2750 1501 2778 formam
1527 2751 1661 2776 mutatam
1688 2750 1715 2773 ct

916 2797 1039 2826 horroris
1063 2797 1170 2833 plenam
1196 2796 1330 2829 viderent,
1355 2795 1431 2824 valde
1445 2792 1648 2829 stupescebant.
1677 2794 1718 2819 Ac
