1927 3076
53 193 114 220 309

459 193 653 222 ENARRATIO
674 194 707 222 [Ν
726 194 942 222 EVANGELIUM
959 185 1108 222 JOANNIS.
1128 207 1162 214 —
1181 194 1257 221 CAP.
1279 195 1342 222 XXI.

1665 200 1718 227 310

57 255 158 310 ξίμων
180 254 282 310 Ἰωνᾶ,
300 257 383 310 φιλιεῖς
407 267 457 310 pi;
472 256 615 310 :Elum’lﬂn
641 259 655 287 ὁ
679 257 797 304 Πέτρος,
823 257 861 288 ὅτι

919 258 1025 291 Petrus,
1041 256 1114 293 quod
1125 256 1240 285 dixisset
1249 256 1300 285 sibi
1313 257 1407 291 tertio,
1421 260 1505 287 Amas
1515 260 1579 287 me?
1594 260 1716 298 dixitque

57 300 136 330 εἶπεν
161 301 235 340 αὖτῷ
252 300 282 330 τὸ
307 300 404 342 τρίτον·
429 302 524 335 Φιλεῖς
551 314 599 340 με;
627 303 672 331 καὶ
696 300 768 332 εἶπεν
784 303 863 342 αὐτῷ·

58 345 165 383 Κύριε,
191 345 222 374 σὺ
239 346 330 375 πάντα
354 341 439 382 οἶδας,
465 346 496 376 σὺ
511 346 662 385 γινώσκεις,
687 347 726 377 ὅτι
741 349 810 388 φιλῶ
825 359 863 378 σε.

58 390 145 429 Λέγει
159 391 231 430 αὖτῷ
244 392 258 419 ὁ
268 390 381 427 Ἰησοῦς·
402 391 486 421 Βόσκε
500 392 533 421 τὰ
553 392 676 432 πρόϐατά
690 404 752 431 μου.
767 393 862 431 Ἀμὴν,

59 436 138 474 ἆμὴν
159 435 230 474 λέγω
243 446 301 474 σοι,
320 435 364 465 ὅτε
384 432 415 472 ἧς
436 436 579 476 νεώτερος,
596 437 718 472 ἐζώννυες
733 438 861 473 σεαυτὸν,

60 480 111 509 xui
131 479 303 520 περιεπάτεις
320 480 387 510 ὅπου
408 481 518 518 ἤθελες,
544 482 606 511 ὅταν
625 483 652 512 δε
667 482 802 521 γηράσῃς,
818 483 863 512 ἐκ·

60 529 149 558 τενεῖς
166 524 214 558 τὰς
232 525 325 564 χεῖράς
341 537 403 559 σου,
419 527 464 556 καὶ
481 526 560 560 ἄλλος
579 539 608 556 σε
621 527 718 561 ζώσει,
733 527 778 556 xai
798 528 864 557 οἴσει

60 569 131 599 ὅπου
147 571 177 600 οὗ
191 570 285 603 Θέλεις.
300 571 386 600 Τοῦτο
401 570 428 600 δὲ
449 566 505 600 εἶπε
517 595 526 608 ,
543 571 681 610 σημαίνων
697 571 765 612 ποίῳ
781 572 863 602 θανά-

58 624 102 655 τῳ
123 614 228 648 δοξάσει
245 615 290 644 τὸν
303 615 384 646 Θεόν.
398 629 410 641 ν
429 615 541 652 Ἐπειδὴ
563 616 636 650 τέλος
657 612 726 657 εἶχεν
744 619 816 657 αὐτῷ
831 616 864 646 τὰ

59 661 111 688 τοῦ
140 659 269 699 ἀρίστου,
293 661 332 699 τῷ
359 661 453 700 Πέτρῳ
476 660 523 696 τὴν
553 661 718 701 προστασίαν
743 663 794 690 τῶν
818 664 865 697 τῆς

59 704 223 742 οἰκουμένης
250 704 391 744 προϐάτων
411 706 558 745 ἐγχειρίζει·
574 706 622 735 οὐκ
638 706 710 745 ἄλλῳ
726 707 772 743 δὲ,
795 707 864 735 ἀλλὰ

60 748 153 789 τούτῳ
172 749 275 784 ταύτην
297 749 388 778 δίδωσι
399 772 407 786 ,
423 751 528 789 πρῶτον
551 751 616 788 μὲν,
641 750 681 780 δτι
697 751 804 780 πάντων
820 751 865 780 ἔκ-

62 805 173 832 κριτος,
187 794 234 823 καὶ
258 794 345 832 στόμα
359 797 404 824 τοῦ
425 797 505 834 χοροῦ
522 795 626 829 παντός·
646 795 739 825 ἔπειτα
763 796 865 829 δεικνὺς

64 839 156 878 αὐτῷ,
182 839 224 869 ὅτι
238 838 291 879 χρὴ
307 840 431 880 θαῤῥεῖν,
458 841 492 872 ὡς
513 841 560 876 τῆς
584 841 720 878 ἀρνήσεως
746 841 865 879 ἐξειλημ-

65 884 150 938 μένης
230 883 413 938 *ἐξηλειμμψ
430 884 474 913 καὶ
489 884 537 920 τὴν
553 884 601 923 μὲν
624 885 733 925 ἄρνησιν
748 887 776 915 οὗ
798 898 864 925 προ-ι
881 907 906 938 Β

63 928 154 968 φέρει,
180 928 240 957 οὐδὲ
265 929 391 964 ὀνειδίζει·
416 929 487 968 λέγει
515 929 558 967 δὲ,
586 930 626 960 ὅτι
653 931 686 960 Εἰ
705 931 786 970 φιλεῖς
812 943 864 968 με,

63 970 217 1012 προίστασο
230 975 282 1003 τῶν
306 974 442 1014 ἀδελφῶν,
469 974 514 1003 καὶ
538 974 584 1010 τὴν
612 975 711 1015 θερμὴν
739 976 864 1014 ἀγάπην,

63 1019 98 1053 ἣν
131 1018 220 1057 ἔλεγες
248 1018 317 1058 ἔχειν
354 1019 418 1059 πρός
443 1031 495 1058 με,
523 1019 591 1049 ὥστε
621 1020 866 1060 ἶιπεραποθνήσκειν

63 1075 135 1102 μου,
161 1065 207 1092 νῦν
224 1063 318 1096 δεῖξον.
346 1063 455 1103 Ἐρωτᾷ
481 1063 507 1093 δὲ
525 1064 602 1093 αὐτὸν
627 1065 656 1094 ἐκ
680 1064 786 1104 τρίτου,
809 1065 866 1104 ἅμα

65 1108 115 1145 μὲν
133 1107 236 1141 δεικνὺς
249 1108 312 1144 ὅσην
329 1109 442 1138 ποιεῖται
458 1109 581 1149 φροντίδα
599 1110 651 1138 τῶν
673 1110 864 1146 πιστευόντων,

62 1153 111 1182 καὶ
128 1151 170 1182 ὅτι
194 1156 316 1183 τοσοῦτον
336 1154 430 1194 ἀγαπᾷ
444 1153 478 1183 τὰ
501 1153 641 1193 πρόϐατα,
658 1153 726 1184 ὥστε
747 1154 794 1183 καὶ
818 1157 865 1191 τῆς

64 1199 103 1231 εἷς
143 1196 223 1226 αὐτὸν
261 1198 367 1237 ἀγάπης
391 1201 469 1228 τοῦτο
505 1203 618 1228 ποιεῖται
651 1199 810 1239 τεκμήριον,
837 1201 867 1229 τὸ

63 1244 118 1272 τῶν
149 1242 291 1283 προϐάτων
322 1241 506 1283 προΐστασθαι·
522 1243 578 1282 ἅμα
609 1244 635 1274 δὲ
658 1243 702 1273 καὶ
730 1247 767 1284 τῷ
794 1257 868 1284 τρισ-

64 1289 105 1328 σῷ
134 1289 184 1323 τ’ῆς
209 1287 362 1328 ἐρωτήσεως
395 1288 440 1317 καὶ
464 1288 604 1327 ὁμολογίας
632 1288 663 1318 τὸ
692 1289 798 1328 τρισσὸν
820 1291 868 1325 τῆς

65 1333 205 1372 ἀρνήσεως
235 1332 390 1372 Θεραπεύει,
418 1333 465 1362 καὶ
492 1333 578 1372 λόγοις
606 1334 747 1373 ἐπανορθοῖ
774 1333 807 1363 τὰ
825 1334 867 1363 διὰ

63 1377 145 1416 λόγου
167 1377 296 1416 γενόμενα
318 1377 485 1415 πταίσματα.
513 1377 594 1412 Ἔθος
618 1378 723 1417 γέγονεν
755 1380 785 1408 ἐκ
809 1378 868 1408 τού-

63 1434 133 1460 του,
155 1424 227 1462 τρεῖς
261 1422 401 1461 ὁμολογίας
433 1424 603 1452 ἀπαιτεῖσθαι
628 1422 687 1456 τοὺς
722 1423 868 1462 μέλλοντας

66 1469 261 1506 βαπτισθῆναι.
298 1468 459 1508 Ἐρωτηθεὶς
489 1464 535 1498 οὖν
559 1468 631 1503 ἅπαξ
658 1469 704 1498 καὶ
733 1468 867 1508 δεύτερον,

64 1512 144 1541 αὐτὸν
160 1513 205 1542 τὸν
232 1513 279 1546 τὰς
296 1514 406 1552 καρδίας
435 1512 523 1542 εἰδότα
551 1514 671 1554 μάρτυρα
691 1515 864 1550 ἐπεκαλεῖτο,

64 1557 114 1586 οὒκ
142 1557 183 1586 ἔτι
209 1558 459 1594 αὖθαδειαζόμενος,
493 1557 552 1587 οὐδὲ
587 1560 726 1597 προπετῶς
754 1559 865 1599 φθεγγό-

67 1613 143 1639 μενος
153 1625 160 1639 ,
177 1601 247 1632 ἀλλὰ
261 1601 308 1640 τὸ,
326 1613 341 1630 α
358 1602 396 1632 Σὺ
409 1600 496 1639 οἶδας,
511 1613 526 1632 ››
553 1605 690 1643 πανταχοῦ
705 1604 862 1642 προστιθείς.

66 1647 145 1676 Ἐπεὶ
161 1647 208 1676 καὶ
229 1647 317 1687 τρίτον
337 1648 481 1687 ἠρωτήθη,
494 1648 629 1688 ἐταράχθη
651 1650 664 1677 ὁ
685 1647 806 1687 Πέτρος,
825 1648 864 1686 μή

65 1703 128 1721 ποτε
155 1691 233 1724 αὐτὸς
262 1692 311 1730 μὲν
339 1692 432 1732 νομίζῃ
458 1694 557 1733 φιλεῖν,
588 1693 618 1722 οὖ
642 1693 712 1732 φιλεῖ
737 1693 780 1722 δέ·
806 1693 865 1722 ἐπεὶ

65 1737 109 1765 καὶ
135 1736 264 1776 πρότερον
289 1737 376 1766 πολλὰ
400 1738 512 1776 νομίζων
541 1739 588 1766 καὶ
615 1738 862 1778 διισχυριζόμενος,

64 1781 197 1821 ἠλέγχετο
214 1781 339 1821 ὕστερον,
355 1785 430 1812 τοῦτο
446 1782 479 1818 δὴ
495 1782 542 1812 καὶ
557 1785 601 1811 ν’ὗν
620 1782 747 1823 ἐφοϐήθη·
768 1782 864 1812 διὸκαὶ

64 1826 186 1859 εὐλαϐῶς
202 1825 381 1866 ἀποκρίνεται·
398 1840 409 1853 ε
425 1827 522 1867 Κύριε,
537 1826 568 1856 σὺ
585 1827 673 1857 πάντα
692 1823 774 1866 οἶδας,
791 1841 803 1854 ι
818 1828 864 1857 καὶ

65 1871 98 1900 τὰ
111 1871 243 1911 παρόντα,
254 1871 300 1901 καὶ
314 1871 347 1901 τὰ
359 1870 502 1910 μέλλοντα,
515 1886 526 1898 ι
537 1872 568 1902 σὺ
583 1868 666 1909 οἶδας,
678 1873 718 1902 ὅτι
730 1873 798 1913 φιλῶ
810 1884 838 1902 σε
851 1885 863 1898 n

65 1918 126 1952 νῦν,
143 1917 181 1949 ὥς
197 1915 258 1955 ἐμοὶ
275 1916 405 1956 φαίνεται.
445 1918 478 1947 Εἰ
505 1916 532 1947 δὲ
557 1918 604 1946 καὶ
623 1919 649 1951 ἐς
665 1917 694 1947 τὸ
720 1916 863 1956 μετέπειτα

65 1964 216 2001 παραμενεῖ
232 1963 250 1996 ἡ
272 1961 364 2000 φιλία,
392 1961 438 1990 καὶ
459 1964 538 1991 τοῦτο
563 1961 595 1992 σὶι
617 1957 704 1999 οἶδας,
721 1961 773 2001 ἐγὼ
802 1962 862 2002 περὶ

65 2006 183 2044 ἐμαυτοῦ
204 2006 253 2035 οὔκ
276 2005 427 2045 ἔνίσταμαι.
454 2006 547 2037 Εἰπὼν
569 2006 596 2036 δὲ
623 2008 637 2036 ὁ
665 2007 763 2048 Κύριος
789 2007 863 2047 αὖτῷ

63 2051 124 2090 περὶ
139 2053 188 2086 τῆς
203 2052 240 2084 εἰς
255 2050 332 2080 αὖτὸν
348 2051 468 2088 ἀγάπης,
491 2051 663 2092 προαγορεύει
680 2053 752 2092 αὐτῷ
768 2052 813 2081 καὶ
832 2052 863 2082 τὸ

64 2095 211 2136 μαρτύριον
221 2118 228 2132 ,
242 2095 305 2135 ὅπερ
320 2095 430 2134 ἔμελλεν
450 2096 602 2135 ὑπομένειν.
617 2096 698 2136 Λέγει
722 2096 749 2126 δὲ
765 2101 842 2126 τοῦτο
852 2119 860 2133 ,

63 2140 190 2169 δεικνύων
210 2140 253 2170 διὰ
267 2139 379 2177 τούτου,
396 2139 436 2170 ὅτι
456 2141 502 2171 καὶ
523 2144 599 2171 τοῦτο
622 2141 688 2181 ὅπερ
712 2142 800 2182 ἐρωτᾷ
816 2142 862 2170 αὖ-

917 302 941 330 ei
955 312 961 330 :
981 304 1108 335 Domine,
1123 306 1152 330 tu
1167 302 1260 330 omnia
1273 302 1356 336 nosti,
1373 306 1403 330 tu
1415 304 1470 331 scis
1482 304 1556 340 quod
1569 313 1659 334 amem
1677 311 1716 335 te.

917 348 989 376 Dicit
1003 347 1026 375 ei
1039 348 1118 375 Iesus
1133 356 1139 375 :
1157 349 1239 375 Pasce
1252 355 1316 375 oves
1334 356 1418 376 meas.
1438 351 1539 384 Amen,
1560 358 1640 378 amen
1655 351 1718 380 dico

917 393 977 427 tibi,
1000 401 1064 420 cum
1083 400 1156 420 esses
1175 393 1278 429 junior,
1302 393 1428 429 cingebas
1443 398 1480 426 te,
1503 398 1531 421 et
1557 395 1718 424 ambulabas

917 445 971 474 quo
987 437 1095 465 volebas
1112 446 1118 465 :
1141 445 1206 466 cum
1222 442 1313 466 autem
1328 438 1461 471 senueris,
1475 439 1606 467 extendes
1620 448 1719 469 manus

917 486 989 516 tuas,
1004 486 1031 510 et
1053 482 1121 510 alius
1142 486 1168 510 te
1187 483 1288 518 cinget,
1312 487 1340 510 et
1353 483 1433 511 ducet
1447 491 1500 519 quo
1516 492 1572 511 non
1587 485 1638 512 vis.
1659 485 1718 513 Hoc

917 532 1010 555 autem
1034 526 1111 560 dixit,
1146 527 1300 563 signiﬁcans
1323 535 1376 563 qua
1403 533 1491 556 morte
1515 529 1717 564 gloriﬁcaturus

917 576 989 600 esset
1002 573 1104 599 Deum.
1122 583 1134 596 ι
1149 572 1219 599 Cum
1236 572 1339 607 prandii
1353 571 1437 600 ﬁnem
1459 573 1515 608 ipse
1530 573 1648 608 fecisset,
1674 578 1716 602 to-

918 616 972 644 tius
981 616 1056 644 orbis
1065 615 1157 644 ovium
1169 615 1363 652 prml'ecturam
1381 618 1461 644 Petro
1479 618 1628 645 committit
1641 627 1646 646 :
1659 627 1715 647 non

919 665 1012 689 autem
1036 661 1091 694 alii,
1114 661 1162 688 sed
1184 661 1246 688 huic
1266 661 1362 694 tradit,
1379 662 1496 697 primum
1518 663 1630 698 quidem
1652 664 1716 699 quia

918 713 1016 733 omnes
1040 706 1220 741 prmcellebat,
1241 710 1267 733 et
1282 706 1365 734 totius
1388 711 1475 734 cmtus
1489 714 1520 734 os
1534 711 1606 742 erat;
1621 707 1719 737 deinde

918 750 1066 778 ostendens
1082 751 1143 786 ipsi,
1164 750 1295 778 ﬁduciam
1311 759 1369 778 esse
1384 751 1558 782 sumendam.
1575 753 1717 789 negatione

919 795 992 822 velut
1003 795 1102 827 deleta,
1118 799 1145 822 et
1157 795 1285 822 oblivioni
1300 795 1414 828 tradita;
1429 801 1456 823 et
1470 797 1645 832 negationem
1661 798 1718 833 qui-

919 839 981 867 dem
1004 848 1059 867 non
1090 840 1204 876 profert,
1231 848 1318 875 neque
1341 841 1498 876 exprobrat,
1521 842 1569 870 sed
1591 842 1664 876 dicit,
1691 843 1718 872 Si

924 893 937 909 ι(
952 885 1039 920 diligis
1062 892 1116 917 me,
1135 896 1147 909 ιν
1163 884 1278 912 fratrum
1298 893 1394 912 curam
1410 885 1553 921 suscipito;
1574 891 1600 914 et
1614 886 1718 915 ferven-

921 936 976 959 tem
992 931 1067 958 illam
1078 929 1249 963 charitatem,
1263 938 1345 965 quam
1361 938 1424 967 erga
1435 939 1479 958 me
1493 932 1603 959 dicebas
1618 932 1719 960 habere

921 981 958 1010 te,
971 975 1005 1003 ita
1023 979 1054 1003 ut
1069 983 1119 1011 pro
1133 983 1176 1002 me
1198 975 1269 1002 mori
1283 979 1394 1010 paratus
1407 984 1490 1009 esses,
1504 985 1578 1004 nunc
1592 977 1716 1005 ostende.

920 1021 975 1048 Ter
989 1024 1080 1047 autem
1100 1028 1164 1048 eum
1179 1021 1342 1056 interrogat,
1356 1021 1439 1048 simul
1453 1020 1564 1057 quidem
1579 1021 1720 1050 declarans

920 1070 1050 1101 quantam
1072 1065 1241 1093 credentium
1256 1073 1350 1092 curam
1365 1065 1473 1099 habeat,
1494 1070 1522 1093 et
1542 1066 1616 1102 quod
1631 1075 1719 1104 usque

919 1109 987 1137 adeo
1009 1116 1074 1137 oves
1094 1108 1188 1144 diligat
1210 1112 1241 1136 ut
1261 1108 1418 1136 dilectionis
1441 1117 1504 1145 erga
1519 1117 1548 1138 se
1563 1110 1616 1139 hoc
1637 1116 1720 1148 ponat

921 1154 1062 1188 iudicium,
1083 1154 1105 1182 si
1129 1154 1220 1182 ovium
1235 1162 1329 1182 curam
1351 1155 1480 1190 suscipiat
1503 1165 1509 1183 :
1534 1155 1615 1184 simul
1635 1157 1719 1186 etiam

921 1207 969 1235 per
990 1199 1093 1227 trinam
1107 1199 1351 1235 interrogationem
1370 1203 1397 1227 et
1411 1199 1624 1233 confessionem.
1639 1202 1720 1231 trinae

920 1245 1058 1280 negationi
1074 1243 1211 1279 medetur,
1227 1249 1254 1272 et
1267 1244 1359 1272 verbis
1372 1245 1485 1281 corrigit
1498 1253 1560 1282 quae
1577 1254 1624 1282 per
1638 1247 1719 1276 verba

921 1289 1068 1317 commissa
1081 1288 1189 1317 fuerant
1199 1294 1318 1325 peccata.
1332 1289 1403 1317 Hinc
1414 1297 1474 1317 mos
1488 1290 1610 1325 invaluit,
1627 1295 1656 1319 ut
1666 1296 1720 1320 tres

921 1334 1107 1362 confessiones
1133 1342 1148 1362 a
1184 1334 1356 1370 baptizandis
1389 1335 1505 1371 exigant.
1535 1337 1720 1372 Interrogatus

921 1380 1002 1415 igitur
1026 1379 1111 1406 semel
1134 1383 1218 1415 atque
1233 1379 1344 1412 iterum,
1361 1379 1450 1415 ipsum
1473 1380 1519 1416 qui
1543 1381 1623 1408 corda
1643 1382 1719 1410 novit

921 1429 1019 1453 testem
1034 1423 1158 1457 advocat,
1181 1432 1237 1451 non
1255 1424 1371 1460 amplius
1384 1425 1554 1453 confidenter
1573 1433 1659 1462 neque
1676 1431 1717 1454 te-

923 1477 996 1497 mere
1012 1470 1144 1505 loquens;
1166 1468 1214 1497 sed
1235 1468 1313 1503 illud,
1332 1478 1345 1494 ι(
1360 1471 1401 1497 Tu
1416 1470 1479 1502 scis,
1497 1470 1600 1506 ubique
1616 1471 1715 1506 adjun-

920 1522 996 1550 gens.
1013 1514 1084 1542 Cum
1106 1514 1188 1541 etiam
1210 1514 1291 1541 tertio
1309 1514 1495 1549 interrogatus
1521 1519 1592 1542 esset
1606 1516 1717 1548 Petrus.

919 1559 1044 1587 turbatus
1059 1563 1110 1594 est,
1126 1563 1255 1586 metuens
1278 1567 1312 1586 ne
1328 1558 1398 1586 forte
1422 1559 1479 1595 ipse
1496 1559 1606 1596 quidem
1624 1560 1716 1588 existi-

919 1608 1008 1632 maret
1031 1611 1061 1632 se
1083 1603 1208 1639 diligere,
1239 1611 1295 1631 non
1319 1603 1445 1640 diligeret
1473 1608 1576 1632 tamen.
1601 1605 1671 1633 Nam
1691 1609 1719 1633 et

919 1649 995 1684 prius
1020 1656 1085 1676 cum
1099 1649 1186 1676 multa
1201 1657 1229 1676 se
1251 1656 1330 1684 posse
1345 1649 1523 1677 arbitraretur
1538 1654 1620 1686 atque
1641 1657 1719 1678 asse-

918 1698 1035 1727 veraret,
1059 1698 1152 1730 postea
1177 1694 1320 1721 convictus
1345 1698 1403 1722 est..
1421 1694 1490 1722 Illud
1517 1695 1608 1730 itaque
1635 1696 1718 1723 etiam

918 1746 992 1766 nunc
1013 1738 1165 1771 metuebat,
1179 1742 1206 1765 et
1222 1742 1364 1774 propterea
1385 1739 1540 1766 verecunde
1558 1740 1716 1775 respondet,

918 1783 1030 1811 dicens:
1050 1783 1205 1816 «Domine,
1218 1787 1246 1810 tu
1262 1783 1352 1810 omnia
1364 1783 1436 1810 nosti
1447 1794 1460 1809 ι)
1474 1784 1558 1819 770
1569 1788 1629 1812 tum
1644 1792 1714 1820 pra:-

917 1828 1006 1856 sentia
1020 1832 1080 1855 tum
1096 1827 1186 1854 futura
1201 1836 1206 1854 :
1227 1838 1240 1852 (ι
1255 1831 1284 1854 tu
1301 1828 1354 1855 scis
1368 1827 1441 1863 quod
1460 1836 1535 1856 nunc
1550 1832 1576 1855 te
1587 1836 1689 1863 amem,
1701 1839 1714 1855 η

919 1877 949 1901 ut
970 1872 1039 1900 mihi
1065 1872 1177 1908 quidem
1199 1872 1314 1900 videtur.
1340 1873 1490 1904 Caeterum,
1514 1881 1550 1900 an
1575 1873 1658 1900 etiam
1688 1873 1717 1901 in

919 1922 1061 1954 posterum
1076 1925 1255 1953 permansura
1279 1917 1313 1944 sit
1334 1917 1464 1950 amicitia,
1490 1922 1517 1945 et
1537 1917 1590 1945 hoc
1604 1925 1716 1954 quoque

918 1967 948 1990 tu
963 1962 1035 1990 nosti
1053 1971 1059 1990 :
1075 1969 1140 1998 ergo
1155 1961 1189 1989 de
1205 1969 1249 1989 me
1263 1969 1320 1989 non
1333 1961 1452 1989 afﬁrmo.
1469 1962 1617 1998 Postquam
1632 1962 1714 1991 verba

918 2007 969 2043 ipsi
985 2007 1093 2035 fecisset
1114 2006 1252 2034 Dominus
1271 2006 1306 2034 de
1320 2007 1360 2034 sui
1377 2006 1533 2041 dilectione,
1549 2008 1713 2043 martyrium

918 2053 1002 2080 etiam
1013 2052 1087 2088 quod
1101 2052 1225 2080 futurum
1234 2056 1293 2079 erat
1302 2055 1333 2079 ut
1345 2052 1502 2085 sustineret,
1516 2052 1565 2088 ipsi
1577 2051 1712 2088 pradicit.

918 2097 992 2126 Dicit
1004 2101 1095 2125 autem
1110 2097 1172 2131 hoc,
1190 2096 1332 2124 ostendere
1348 2097 1441 2124 volens
1455 2097 1528 2133 quod
1542 2097 1624 2125 etiam
1641 2097 1714 2126 istud

917 2143 988 2179 quod
1004 2142 1037 2170 de
1051 2142 1199 2170 dilectione
1214 2142 1409 2176 interrogabat,
1424 2150 1479 2170 non
1499 2141 1627 2170 difﬁdens
1650 2143 1714 2179 ipsi,

63 2186 105 2214 τὸν
122 2185 187 2224 περὶ
212 2187 258 2215 τοῦ
281 2186 409 2225 ἀγαπᾷν,
441 2187 487 2215 οὐκ
511 2186 630 2216 ἀπιστῶν
658 2187 745 2227 αὐτῷ,
776 2187 861 2226 ἐρωτᾷ

918 2187 1099 2222 interrogaret
1120 2194 1194 2219 eum,
1219 2185 1268 2214 sed
1294 2187 1373 2222 plane
1395 2186 1483 2214 sciens
1502 2186 1576 2222 quod
1590 2187 1717 2223 diligeret

64 2230 164 2268 αὐτὸν,
181 2229 251 2259 ἀλλὰ
261 2229 307 2258 καὶ
323 2230 426 2270 σφόδρα
441 2230 514 2264 εἰδὼς
524 2253 533 2267 ,
547 2230 587 2260 ὅτι
602 2232 696 2271 ἀγαπᾷ
707 2243 713 2249 ”
738 2232 793 2264 πῶς
809 2230 860 2270 γὰρ

64 2275 109 2303 οὒκ
124 2276 221 2314 ἀγαπᾷ
237 2273 265 2307 ὃς
279 2274 324 2304 καὶ
347 2275 527 2314 μαρτυρήσειν
554 2275 646 2314 μέλλει
673 2275 733 2315 περὶ
760 2276 859 2313 αὐτοῦ,

64 2320 121 2348 ἀλλ’
137 2318 183 2348 ἵνα
195 2319 296 2357 μᾶλλον
313 2318 384 2358 δείξῃ
397 2319 445 2354 τὴν
458 2321 540 2349 αὐτοῦ
555 2322 601 2349 τοῦ
616 2319 721 2360 Πέτρου
737 2320 844 2358 ἀγάπην
853 2342 861 2357 ,

64 2363 109 2394 καὶ
133 2363 196 2397 τοὺς
227 2362 322 2397 ἄλλους
339 2363 459 2398 ἅπαντας
479 2364 590 2403 διδάξῃ,
613 2363 653 2394 ὅτι
676 2364 721 2394 ἐὰν
745 2365 861 2403 θέλωμεν

63 2408 142 2438 αὐτὸν
173 2409 297 2449 ἀγαπᾷν,
330 2408 400 2438 οὕτω
421 2409 609 2448 σπουδάζωμεν
635 2409 712 2438 αὐτὸν
739 2411 862 2449 ἀγαπᾷν,

63 2454 142 2493 ἐντῷ
167 2454 219 2482 τῶν
243 2454 362 2494 ἀδελφῶν
386 2451 572 2494 προίστασθαι.
603 2455 667 2487 Πῶς
693 2453 720 2484 δὲ
747 2465 864 2494 προιιιγο¹

65 2498 134 2537 ρεύει
154 2498 227 2537 αὖτῷ
245 2498 275 2527 τὸ
295 2497 458 2538 μαρτύριον,
483 2498 578 2528 ἄκουε·
601 2509 616 2527 α
630 2498 699 2529 ⁰¹Οτε
714 2494 746 2535 ἧς
769 2498 861 2528 νεώτε-

66 2554 122 2582 ρος,
135 2542 259 2577 ἐζώννυες
283 2542 411 2580 σεαυτὸν,
429 2555 444 2571 ι
468 2543 514 2572 καὶ
529 2543 562 2573 τὰ
581 2543 650 2580 ἑξῆς.
668 2543 780 2579 Ἐπειδὴ
797 2543 860 2584 γὰρ,

65 2588 158 2627 φησὶν,
175 2589 281 2628 ἀγαπᾷς
304 2599 337 2626 με
348 2610 356 2626 ,
381 2587 427 2618 καὶ
449 2588 579 2622 πολλάκις
596 2589 623 2618 ἐν
643 2590 696 2622 τοῖς
714 2588 780 2628 ὑπὲρ
797 2589 862 2627 ἐμοῦ

65 2631 189 2664 κινδύνοις
210 2631 259 2668 τὴν
273 2632 363 2673 ψυχήν
386 2644 433 2662 σου
458 2635 540 2662 θεῖναι
561 2633 780 2672 κατεπηγγείλω,
797 2632 862 2673 θάῤ-

67 2677 102 2717 ῥει
114 2699 122 2712 ,
146 2676 240 2717 φησίν.
265 2676 346 2706 Οὕτω
362 2676 414 2717 γὰρ
427 2677 559 2716 ἐμπλήσω
582 2690 628 2708 σου
645 2678 692 2714 τὴν
710 2678 860 2715 ἐπιθυμίαν·

67 2720 132 2750 ὥστε
155 2720 224 2761 ἅπερ
241 2722 289 2750 οὖκ
304 2720 399 2755 ἔπαθες
413 2721 468 2756 νέος
484 2722 521 2752 ὢν
532 2745 540 2759 ,
561 2723 648 2752 ταῦτά
669 2734 698 2752 σε
713 2725 805 2752 παθεῖν
816 2735 861 2761 γε-

67 2765 211 2805 γηρακότα.
258 2764 468 2804 ²Ανιιμ.ιμνήσκει
495 2767 522 2796 δὲ
549 2768 626 2796 αὐτὸν
660 2770 707 2797 τοῦ
735 2767 862 2808 προτέρου

99 2859 120 2876 ’⁷
134 2860 206 2888 Tob.
221 2867 252 2894 ν,
269 2862 318 2893 13;
335 2862 396 2888 Act.
412 2865 513 2895 xxvn,
527 2863 571 2888 25.

915 2231 962 2269 qui
978 2239 1027 2266 pro
1039 2231 1100 2267 ipso
1114 2231 1279 2268 martyrium
1294 2235 1365 2259 esset
1383 2231 1536 2266 subiturus,
1549 2231 1598 2259 sed
1613 2235 1644 2259 ut
1654 2239 1715 2259 ma-

915 2277 957 2313 gis
974 2276 1131 2304 ostenderet
1144 2276 1227 2312 ipsius
1241 2276 1313 2303 Petri
1334 2275 1518 2309 dilectionem,
1536 2284 1568 2304 ac
1588 2284 1639 2304 nos
1654 2284 1715 2305 om-

915 2330 965 2350 nes
990 2321 1087 2349 doceat
1109 2330 1115 2348 :
1139 2321 1213 2357 quod
1235 2321 1257 2348 si
1278 2321 1393 2348 velimus
1418 2321 1509 2356 ipsum
1532 2320 1657 2358 diligere,
1676 2321 1716 2350 sic

916 2366 1077 2394 studeamus
1089 2365 1179 2402 ipsum
1193 2365 1317 2401 diligere,
1329 2365 1462 2393 nimirum
1478 2365 1505 2393 in
1519 2364 1637 2393 fratrum
1649 2374 1714 2394 cura

916 2411 1097 2447 suscipienda.
1123 2410 1195 2438 Audi
1219 2415 1313 2438 autem
1338 2410 1478 2446 quomodo
1506 2411 1529 2438 ei
1551 2412 1714 2447 martyrium

916 2455 1049 2492 praedicat
1065 2466 1071 2484 ε
1090 2465 1104 2481 ‹‹
1118 2455 1236 2492 Quando
1251 2463 1325 2483 esses
1335 2455 1429 2491 junior
1443 2455 1572 2491 cingehas
1582 2460 1618 2491 te,
1637 2468 1649 2480 ν
1661 2461 1711 2485 etc.

917 2501 1147 2537 Quandoquidem
1163 2501 1247 2535 enim,
1262 2500 1363 2537 inquit,
1378 2509 1424 2528 me
1439 2500 1549 2538 diligas,
1572 2505 1599 2529 et
1613 2505 1640 2529 te
1655 2502 1713 2530 ani-

916 2554 991 2575 mam
1004 2551 1080 2574 tuam
1100 2545 1128 2573 in
1144 2546 1273 2581 periculis
1290 2554 1339 2581 pro
1355 2553 1399 2573 me
1414 2546 1568 2582 positurum
1584 2545 1714 2581 frequen-

916 2595 959 2619 ter
978 2591 1015 2619 sis
1031 2590 1177 2626 pollicitus,
1204 2601 1218 2614 «
1233 2591 1320 2623 bono,
1345 2590 1442 2626 inquit,
1462 2595 1522 2618 esto
1534 2590 1626 2618 animo
1640 2589 1672 2617 ³⁷.
1697 2600 1711 2616 ιο

916 2638 1007 2663 Tuum
1027 2635 1064 2663 ita
1079 2635 1193 2671 explebo
1216 2634 1393 2668 desiderium,
1416 2640 1445 2663 ut
1459 2643 1521 2670 qua:
1536 2634 1643 2670 juvenis
1658 2642 1714 2662 non

917 2689 946 2708 es
961 2688 1065 2717 passus,
1089 2688 1119 2708 ea
1134 2687 1216 2708 senex
1241 2680 1358 2716 patiaris.
1381 2678 1601 2707 Commonefacit
1619 2683 1714 2706 autem

917 2726 1007 2762 ipsum
1023 2725 1122 2762 prioris
1137 2725 1200 2753 vitae
1215 2734 1222 2752 :
1239 2725 1387 2753 ostendens
1397 2724 1472 2760 quod
1494 2724 1550 2751 vice
1566 2731 1641 2751 versa
1655 2723 1714 2759 spi-

916 2770 1024 2799 ritualia
1060 2770 1217 2798 carnalibus
1248 2769 1443 2805 respondeant.
1470 2770 1501 2796 In
1524 2768 1714 2804 corporalibus
