1927 3076
224 203 271 230 311

225 308 345 337 tualibus
360 313 452 336 autem
469 308 517 336 ubi
535 313 662 336 senectus
676 309 831 339 accesserit,
848 312 915 336 tunc
929 308 1021 344 splen-

225 353 315 382 didior
333 357 375 381 est
398 353 494 381 virtus.
510 353 599 389 Ipsius
618 354 708 389 itaque
723 353 886 381 desiderium
902 353 1022 381 excitans

225 402 254 427 et
263 398 441 426 inﬂammans
451 397 485 425 ad
494 398 667 434 martyrium,
678 398 727 425 ista
740 397 816 426 dicit.
829 397 1021 425 Innuitautem

228 443 263 476 ei,
281 442 356 478 quod
369 442 452 471 etiam
470 442 527 478 ipse
538 442 611 470 cruci
631 442 667 470 sit
679 441 838 478 afﬁgendus.
850 441 921 470 Illud
935 441 1021 475 enim,

229 497 243 514 ιι
262 487 400 516 Extendes
415 494 512 515 manus
533 490 606 520 tuas,
627 490 655 514 et
673 487 742 515 alius
760 491 788 515 te
803 487 930 522 cinget,»
955 487 1020 514 nihil

226 532 301 562 aliud
320 531 455 568 signiﬁcat
468 539 551 567 quam
573 531 763 559 extensionem
779 531 808 559 in
825 539 907 559 cruce
921 535 949 559 et
963 532 1022 559 vin-

228 578 300 606 cula.
314 575 441 605 Dicendo
452 580 556 610 autem,
573 585 586 602 ι(
599 576 710 612 quando
725 583 785 604 eras
796 575 912 612 junior»
929 580 956 604 et
967 584 1024 604 rur-

226 629 299 656 sum,
326 631 341 648 ιι
366 621 478 657 quando
503 628 569 649 vero
590 621 721 655 senueris,
744 631 758 647 »
775 620 896 649 ostendit
910 622 1022 649 Petrum

225 671 293 696 tunc
304 673 395 702 neque
405 666 546 702 juvenem,
557 673 647 702 neque
661 673 756 694 senem
770 665 864 700 fuisse,
878 665 926 693 sed
936 666 1023 694 virum

226 711 389 748 perfectum.
396 709 543 747 Quomodo
550 709 718 737 autemdixit
726 710 763 737 illi
772 710 917 744 Dominus,
927 711 1024 739 «Alius

225 759 253 783 te
265 755 355 792 cinget
367 758 394 782 et
405 754 485 783 ducet
497 761 551 789 quo
567 761 623 781 non
640 754 698 782 vis?
714 763 728 780 ιι
743 754 819 790 atqui
833 755 929 781 Petrus
949 762 1024 782 mar-

226 800 329 837 tyrium
344 799 453 827 volebat
467 807 474 826 :
501 799 607 827 volebat
619 799 727 835 quidem
739 803 766 827 et
781 799 961 833 desiderabat,
978 799 1024 827 sed

227 844 301 882 quod
317 844 382 872 dicit
400 843 548 878 Dominus,
561 847 668 872 natura:
682 843 814 872 affectum
833 848 861 872 et
875 843 1024 872 condolen-

227 889 296 918 tiam
329 888 475 924 signiﬁcat,
504 887 631 924 quodque
653 888 742 916 anima
769 888 849 916 invita
871 896 886 916 a
909 896 1024 924 corpore

226 933 360 962 avellitur.
377 934 438 961 Deo
450 932 503 961 hoc
517 932 617 961 utiliter
631 932 815 969 dispensante,
828 941 863 961 ne
876 933 1024 961 violentam

228 982 349 1006 mortem
358 977 507 1013 nobisipsis
519 977 737 1006 consciscamus.
750 977 848 1006 Nullus
862 977 954 1014 itaque
966 977 1027 1005 abs-

227 1030 280 1058 que
292 1022 386 1051 dolore
398 1022 492 1058 aliquo
506 1029 606 1058 corpus
622 1022 830 1056 exuit,'-etiamsi
844 1026 954 1050 sanctus
968 1021 1026 1050 fue-

227 1067 274 1096 rit.
289 1067 462 1103 Evangelista
477 1070 570 1095 autem
586 1074 636 1103 pro
650 1075 700 1095 suo
715 1075 794 1095 more
804 1067 883 1094 nobis
897 1067 1028 1102 interpre-

227 1116 288 1140 tans
310 1111 442 1147 quidnam
463 1111 506 1140 his
521 1112 610 1139 verbis
624 1111 674 1139 sibi
693 1112 758 1140 velit
772 1112 920 1145 Dominus,
938 1121 952 1137 ι(
967 1112 1028 1139 Hoc

227 1161 320 1186 autem
335 1157 412 1190 dixit,
427 1156 527 1192 inquit,
542 1156 696 1192 signiﬁcans
714 1165 767 1193 qua
781 1160 874 1184 morte
894 1156 1027 1192 gloriﬁca-

227 1205 307 1230 turus
321 1206 395 1230 esset
414 1203 514 1230 Deum.
535 1211 549 1227 π
565 1202 642 1229 Dixit
662 1202 735 1229 enim
749 1203 830 1229 Jesus
844 1201 913 1235 haec,
929 1201 1026 1237 inquit,

227 1248 319 1281 Petro,
338 1256 352 1273 α
375 1246 533 1275 Extendens
547 1254 649 1274 manus
662 1250 735 1279 tuas,
749 1256 764 1274 »
780 1251 846 1281 ete.,
868 1246 1028 1283 signiﬁcans

228 1293 302 1330 quod
317 1292 481 1329 martyrium
503 1299 552 1327 pro
576 1291 636 1326 ipso
655 1290 797 1319 subiturus
811 1295 894 1320 esset.
910 1292 1027 1319 Mortem

229 1343 322 1368 autem
334 1337 407 1366 Petri
423 1337 539 1373 gloriam
555 1337 605 1364 Dei
619 1337 753 1365 nominat.
769 1338 840 1365 Nam
856 1345 953 1365 revera
968 1337 1028 1373 glo-

227 1382 268 1411 ria
280 1382 332 1410 Dei
354 1385 405 1415 est,
418 1384 546 1408 constans
560 1388 609 1416 pro
621 1388 654 1408 eo
668 1380 703 1408 ad
722 1385 840 1408 mortem
855 1388 940 1416 usque
953 1387 1030 1407 asse-

228 1426 342 1455 veratio.
365 1425 423 1453 Nisi
447 1425 522 1452 enim
536 1425 613 1460 plene
627 1431 788 1460 persuasum
803 1424 916 1452 haberet
938 1423 1028 1452 anima

228 1473 319 1500 Deum
336 1477 395 1497 esse
410 1477 543 1501 veracem,
567 1476 739 1504 nequaquam
761 1476 811 1504 pro
834 1468 892 1504 ipso
907 1476 1030 1496 morere-

225 1521 282 1544 tur.
300 1517 376 1543 Mors
392 1514 487 1549 itaque
501 1517 662 1541 sanctorum
677 1512 851 1540 confirmatio
868 1517 911 1540 est
935 1513 1029 1549 gloriae

230 1560 293 1589 Dei.
309 1559 465 1587 Discrimen
489 1561 582 1585 autem
597 1557 658 1593 quis
670 1557 789 1585 inveniat
803 1558 874 1585 inter
894 1565 981 1593 agnos
1003 1561 1031 1585 et

230 1612 294 1634 oves
320 1607 348 1632 et
370 1603 442 1630 inter
466 1603 564 1637 βόσκειν
580 1607 608 1630 et
630 1603 780 1638 ποιμαίνειν,
796 1602 874 1638 quasi
897 1602 972 1630 dicas
986 1602 1030 1630 in-

228 1653 273 1678 ter
289 1656 397 1685 pascua
409 1648 531 1683 prtebere
545 1651 572 1675 et
587 1655 694 1682 gregem
707 1648 866 1681 gubernare.
885 1647 1031 1683 Siquidem

230 1694 313 1730 771
329 1692 392 1728 agni
416 1692 531 1720 fortasse
544 1692 670 1720 dicuntur
690 1691 870 1728 simpliciores
892 1692 938 1727 qui
954 1691 1031 1720 facile

230 1737 452 1770 introducuntur,
474 1744 539 1765 Oves
564 1744 638 1770 vero,
665 1736 850 1773 perfectiores.
872 1737 925 1773 Qui
950 1737 1032 1773 igitur

229 1783 373 1812 Christum
382 1781 481 1818 diligit,
490 1786 657 1818 etagnorum
668 1786 694 1810 et
702 1782 795 1810 ovium
804 1790 897 1809 curam
906 1781 1029 1809 habebit:

231 1836 316 1865 agnos
337 1834 463 1863 pascens,
488 1826 540 1855 hoc
555 1830 608 1860 est,
623 1826 761 1854 mitiorem
776 1826 966 1862 praefecturam
982 1825 1033 1855 illis

230 1871 448 1902 accommodans
464 1875 493 1900 et
513 1879 578 1900 oves
598 1871 762 1908 gubernans,
787 1871 861 1907 quod
874 1870 1030 1907 perfectius,

229 1919 372 1956 quiddam,
385 1921 414 1946 et
427 1916 515 1953 magis
526 1917 683 1944 absolutum
701 1916 883 1944 demonstrat.
900 1916 1031 1951 Quando-

230 1964 344 2000 quidem
365 1966 456 1990 autem
473 1961 648 1997 perfectiores
662 1961 746 1989 etiam
761 1968 949 1996 smpenumero
963 1961 1031 1988 sim-

230 2007 333 2045 pliciori
346 2011 374 2035 et
383 2006 485 2034 mitiori
496 2005 659 2042 praefectura
671 2012 742 2040 opus
753 2005 863 2037 habent,
876 2012 939 2032 oves
949 2005 1032 2033 etiam

231 2059 344 2088 pascere
366 2051 499 2087 jubentur
527 2050 573 2085 qui
600 2049 642 2076 his
658 2048 853 2084 prmﬁciuntur.
870 2048 1032 2077 Gubernare

231 2097 307 2126 enim
317 2096 375 2132 jam
389 2095 528 2123 duriorem
539 2093 730 2130 praafecturam
741 2093 923 2126 demonstrat,
935 2101 1032 2130 pasce-

232 2150 262 2170 re
273 2148 339 2169 vero
348 2139 496 2167 mitiorem.
506 2138 577 2173 Quid
588 2138 671 2174 igitur
679 2137 862 2166 retribuemus
876 2139 996 2167 Domino
1006 2140 1031 2158 ³⁸

231 2185 279 2222 qui
302 2192 390 2221 usque
413 2183 481 2212 adeo
508 2191 560 2211 nos
573 2183 676 2216 dilexit,
700 2186 731 2210 ut
752 2183 792 2210 sui
816 2183 990 2212 dilectionem
1005 2185 1032 2212 in

234 2230 288 2258 hoc
298 2233 419 2263 notaret,
434 2228 456 2256 si
468 2227 587 2264 diligens
601 2227 693 2255 cvium
715 2235 779 2256 cura
795 2227 940 2256 habeatur.

269 2321 360 2349 Vitas.
379 2321 470 2348 19—23.
491 2328 503 2345 α
515 2319 551 2347 Et
563 2326 626 2346 cum
641 2318 695 2346 hoc
707 2318 829 2352 dixisset,
843 2318 910 2347 dicit
923 2318 946 2346 ei
959 2327 965 2345 :
982 2319 1030 2346 Se-

231 2373 318 2403 quere
332 2373 386 2394 me.
405 2366 559 2393 Conversus
571 2365 680 2397 Petrus,
694 2364 766 2392 videt
778 2364 854 2392 illum
868 2364 1031 2400 discipulum

233 2418 316 2447 quem
331 2409 461 2445 diligebat
469 2409 560 2442 Jesus,
575 2412 736 2444 sequentem
751 2417 757 2435 :
772 2408 818 2443 qui
831 2412 858 2436 et
868 2408 990 2435 recubuit
1004 2408 1032 2435 in

233 2462 314 2484 omna
328 2462 410 2490 super
424 2457 518 2489 pectus
531 2453 600 2489 ejus,
616 2456 643 2480 et
663 2452 729 2480 dixit
749 2461 755 2480 :
771 2452 900 2486 Domine,
915 2452 976 2488 quis
992 2457 1033 2480 est

234 2501 279 2529 ille
300 2500 346 2536 qui
368 2498 452 2527 tradit
467 2499 514 2527 te?
528 2499 610 2526 llunc
625 2506 690 2534 ergo
709 2505 773 2525 cum
794 2497 904 2525 vidisset
925 2498 1031 2532 Petrus,

234 2545 302 2574 dicit
315 2546 381 2574 Jesu
396 2553 402 2572 :
417 2544 546 2577 Domine,
562 2543 604 2571 hic
618 2547 710 2571 autem
724 2541 808 2578 quid?
822 2542 894 2570 Dicit
906 2542 930 2569 ci
942 2543 1031 2571 Jesus.

234 2591 262 2619 Si
278 2598 343 2618 eum
357 2589 438 2617 vclim
450 2596 561 2617 manere
572 2588 662 2616 donec
681 2587 800 2621 veniam,
813 2586 879 2622 quid
893 2586 927 2614 ad
947 2587 991 2614 te?
1003 2591 1032 2615 tu

233 2644 281 2666 me
290 2644 417 2673 sequere.
429 2636 502 2664 Exiit
514 2642 579 2671 ergo
589 2641 681 2661 sermo
692 2634 743 2661 iste
756 2633 827 2660 inter
839 2631 945 2665 fratres,
957 2633 1033 2668 quod

233 2681 383 2718 discipulus
395 2681 439 2709 ille
448 2688 505 2709 non
514 2682 678 2707 moreretur.
692 2679 726 2705 Et
735 2685 790 2705 non
802 2677 906 2705 dixerat
916 2678 940 2706 ei
954 2679 1034 2707 Jesus

233 2727 294 2755 Non
306 2726 437 2758 moritur,
448 2724 508 2758 sed,
523 2734 536 2747 u
550 2723 577 2750 Si
590 2730 654 2750 eum
665 2722 747 2750 velim
763 2729 877 2749 manere
888 2721 975 2751 donec
987 2731 1032 2751 ve-

234 2771 320 2805 niam,
331 2770 396 2807 quid
405 2769 441 2797 ad
452 2770 497 2797 te?
510 2778 525 2795 ιι
536 2767 684 2796 Commisit
695 2767 807 2803 quidem
818 2768 898 2796 Petro
912 2768 1033 2796 ﬁdelium

270 2847 294 2865 ’⁸
309 2847 380 2875 Psal.
398 2853 469 2880 cxv,
490 2847 529 2873 I2.

726 199 985 229 THEOPHYLACTI
1002 200 1181 229 BULGARl/E
1199 200 1356 228 ARCHIEP.

225 263 298 293 enim
310 263 419 300 juvenis
432 267 474 291 est
486 263 562 292 utilis
575 272 582 291 :
595 263 680 291 senex
691 270 754 292 vero
765 263 880 291 inutilis.
896 265 928 291 In
937 263 1020 299 spiri-
1035 266 1061 297 Α

1802 201 1863 234 [312

1079 263 1153 303 βίου,
1182 264 1268 298 δηλῶν
1281 285 1289 299 ,
1314 261 1354 292 ὃτι
1377 262 1411 291 τὰ
1428 261 1600 300 ’πνευματικὰ
1630 261 1864 301 ἆντεστραμμένως

1075 309 1131 348 ἔχει
1154 312 1207 341 τοῖς
1230 311 1374 347 σαρκικοῖς.
1406 307 1454 338 Ἐν
1479 306 1526 345 μὲν
1552 307 1604 346 γὰρ
1632 311 1690 339 τοῖς
1715 308 1866 346 βιωτικοῖςδ

1077 354 1123 392 μὲν
1143 352 1200 386 νέος
1217 352 1365 393 χρήσιμος,
1388 353 1402 382 6
1424 351 1451 381 δὲ
1467 352 1622 391 γεγηρακὼς
1639 351 1785 390 ἄχρηστος·
1805 352 1829 380 ἐν
1843 351 1865 381 δὲ

1075 398 1128 431 τοῖς
1142 401 1328 436 πνευματικοῖς
1340 419 1348 433 ,
1364 397 1407 427 ὅτε
1426 397 1456 425 τὸ
1479 399 1563 436 γῆρας
1586 395 1706 436 ἐπέλθῃ,
1732 395 1791 425 τότε
1806 396 1868 435 λαμ.

1077 443 1193 483 προτέρα
1217 444 1233 477 ἡ
1248 441 1379 482 ἀριστεία.
1396 442 1539 481 Διεγείρων
1552 435 1596 470 οὖν
1615 441 1701 470 αὐτοῦ
1719 440 1763 469 τὸν
1777 440 1866 477 πόθον,

1076 487 1121 516 καὶ
1164 488 1345 524 ἂναζωπυρῶν
1378 487 1414 520 εἷς
1451 486 1616 526 μαρτυρίαν,
1653 485 1743 514 ταῦτά
1785 497 1865 526 φησιν.

1077 532 1230 563 Αἰνίττεται
1265 532 1293 561 δὲ
1320 532 1412 571 αὐτῷ,
1440 531 1486 560 καὶ
1509 531 1549 560 ὅτι
1579 529 1802 570 σταυρωθήσεται
1828 531 1866 560 καὶ

1078 577 1164 610 αὐτός.
1182 577 1221 607 Τὸ
1235 576 1302 616 γὰρ,
1322 590 1334 602 α
1347 576 1480 609 Ἐκτενεῖς
1496 575 1543 608 τὰς
1557 575 1649 615 χεῖράς
1665 586 1726 614 σου,
1739 575 1785 604 καὶ
1800 576 1867 608 ἄλλος

1077 633 1107 651 σε
1123 621 1229 660 ζζώσει,
1254 635 1267 647 ι
1291 620 1365 650 οὐδὲν
1382 621 1488 660 ἕτερον,
1508 619 1525 655 ἢ
1552 620 1599 655 τὴν
1623 619 1669 649 ἐπὶ
1697 622 1744 649 τοῦ
1763 622 1867 658 σταυροῦ

1080 667 1186 696 ἔκτασιν
1202 665 1247 695 καὶ
1258 665 1291 695 τὰ
1304 665 1391 704 δεσμὰ
1417 666 1503 702 δηλοῖ.
1518 664 1564 694 Ἐν
1576 664 1604 693 δὲ
1618 666 1657 705 τῷ
1675 665 1773 700 εἰπεῖν,
1785 678 1798 691 ι
1809 663 1868 694 Ὅτε

1078 706 1109 746 ἧς
1123 711 1256 749 νεώτερος,
1268 724 1279 737 ιι
1295 710 1341 740 καὶ
1363 711 1443 739 πάλιν
1453 732 1461 746 ,
1478 724 1490 736 ι
1503 707 1590 739 ’Ὅταν
1604 709 1631 738 δὲ
1647 708 1786 748 γηράσῃς,
1797 722 1809 735 ι
1824 709 1869 738 δεί-

1080 767 1186 792 κνυσιν,
1208 755 1248 784 ὅτι
1269 756 1330 784 τότε
1348 756 1362 783 6
1379 755 1477 794 Πέτρος
1497 754 1556 794 οὔτε
1573 753 1628 786 νέος
1643 749 1690 790 ἦν,
1707 753 1768 783 οὔτε
1783 753 1868 793 γέρων,

1081 800 1139 829 ἀλλ’
1155 800 1223 840 ἀνὴρ
1238 799 1348 833 τέλειος.
1363 801 1426 832 Πῶς
1447 799 1474 829 δὲ
1490 793 1562 828 εἶπεν
1577 799 1649 838 αὐτῷ
1662 800 1677 827 6
1701 798 1817 838 Κύριος,
1836 799 1869 828 ὅτι

1082 856 1097 874 ιι
1113 843 1206 878 Ἄλλος
1229 856 1259 874 σε
1275 844 1369 880 ζώσει,
1388 844 1433 873 καὶ
1453 843 1518 873 οἴσει
1542 843 1607 872 ὅπου
1630 844 1661 872 οὐ
1678 843 1782 881 θέλειςς
1802 854 1815 872 ι
1830 844 1868 872 καὶ

1081 889 1133 928 μὴν
1151 890 1250 929 Πέτρος
1262 889 1338 925 ἤθελε
1352 889 1382 918 τὸ
1393 887 1546 928 μαρτύριον.
1561 888 1664 918 Ἤθελε
1681 888 1742 926 μὲν,
1759 887 1804 917 καὶ
1816 888 1870 917 ἐπόε

1079 938 1126 964 θει·
1145 935 1204 964 ἀλλ’
1221 933 1235 963 ὃ
1261 933 1332 973 λέγει
1352 935 1366 963 6
1381 933 1496 972 Κύριος,
1519 935 1567 968 τῆς
1587 931 1693 972 φύσεως
1707 932 1757 968 τὴν
1774 933 1870 971 συμπά-

1081 982 1152 1008 θειαν
1179 979 1270 1015 δηλοῖ,
1284 978 1330 1008 καὶ
1350 977 1390 1008 ὅτι
1415 978 1516 1007 ἄκουσα
1543 979 1590 1006 τοῦ
1612 977 1742 1016 σώματος
1766 977 1871 1018 ἀπορρή-

1080 1035 1172 1064 γνυται
1188 1026 1205 1060 ἡ
1219 1023 1302 1064 ψυχ
1320 1026 1397 1052 τοῦτο
1413 1025 1458 1052 τοῦ
1478 1023 1549 1052 Θεοῦ
1567 1022 1758 1062 συμφερόντως
1781 1023 1870 1052 οἰκονο-

1082 1069 1232 1107 μήσαντος,
1262 1067 1305 1097 ἵνα
1331 1067 1369 1106 μὴ
1398 1066 1505 1100 ἑαυτοὺς
1530 1067 1764 1107 ἀποσφάττωμεν.
1786 1066 1871 1100 Οὐδεὶς

1081 1109 1125 1142 οὖν
1143 1115 1251 1146 ἀπαθῶς
1268 1113 1422 1142 ἀποτίθεται
1437 1112 1467 1141 τὸ
1483 1113 1561 1151 σῶμα
1571 1134 1578 1147 ,
1593 1111 1643 1140 κᾶν
1664 1111 1741 1151 ἅγιος
1813 1111 1870 1151 Ἕρ-

1082 1157 1202 1196 μηνεύων
1218 1157 1245 1187 δὲ
1273 1159 1287 1186 6
1309 1157 1497 1196 εὖαγγελιστὴς
1525 1159 1608 1194 ἡμῖν,
1636 1157 1674 1190 ὣς
1700 1157 1759 1190 ἔθος
1785 1157 1870 1196 αὐτῷ,

1081 1202 1141 1242 περὶ
1164 1202 1233 1235 τίνος
1247 1205 1332 1232 ταῦτα
1355 1197 1426 1231 εἶπεν
1441 1203 1454 1230 6
1481 1201 1576 1241 Κύριος
1588 1224 1596 1237 ,
1614 1201 1692 1240 φησί’
1718 1215 1730 1227 ιι
1752 1201 1835 1232 Τοῦτο
1847 1201 1869 1230 δὲ

1082 1243 1154 1283 εἶπε,
1178 1246 1317 1285 σημαίνων
1334 1246 1402 1287 ποίῳ
1426 1245 1532 1285 θανάτῳ
1559 1245 1664 1279 δοξάσει
1686 1246 1731 1276 τὸν
1757 1245 1834 1276 Θεόν.
1855 1256 1869 1273 ι

1084 1287 1149 1322 Eine
1177 1290 1245 1331 γὰρ,
1268 1291 1350 1331 φησι,
1372 1293 1458 1320 ταῦτα
1477 1291 1514 1330 τῷ
1538 1290 1635 1330 Πέτρῳ
1660 1292 1674 1320 6
1691 1290 1807 1326 Ἰησοῦς,
1826 1289 1869 1325 τὸ,

1084 1347 1098 1365 α
1110 1336 1242 1368 Ἐκτενεῖς
1253 1335 1298 1370 τὰς
1311 1335 1402 1375 χεῖράς
1417 1347 1464 1364 σου
1477 1357 1485 1373 ,
1500 1347 1512 1360 ι
1528 1335 1572 1364 καὶ
1589 1334 1621 1364 τὰ
1636 1334 1710 1372 ἑξῆς,
1730 1335 1870 1372 σημαίνων,

1081 1381 1122 1411 ὅτι
1144 1381 1309 1421 μαρτυρήσει
1332 1380 1394 1419 περὶ
1411 1381 1502 1410 αὐτοῦ.
1530 1379 1614 1413 Δόξαν
1639 1379 1668 1409 δὲ
1688 1380 1811 1417 ὀνομάζει
1831 1382 1871 1408 τοῦ

1081 1427 1152 1455 Θεοῦ
1163 1448 1171 1463 ,
1188 1425 1231 1455 τὸν
1247 1428 1292 1454 τοῦ
1310 1425 1412 1464 Πέτρου
1429 1423 1550 1454 θάνατον.
1580 1424 1634 1454 Καὶ
1649 1424 1704 1464 γὰρ
1721 1424 1801 1457 ὅντως
1817 1423 1871 1456 δόξα

1081 1472 1152 1499 Θεοῦ
1173 1472 1190 1505 ἡ
1206 1469 1271 1509 ὑπὲρ
1286 1471 1366 1498 αὐτοῦ
1388 1469 1508 1502 ἔνστασις
1536 1468 1598 1509 ἄχρι
1623 1469 1669 1498 καὶ
1692 1468 1815 1498 θανάτου.
1842 1469 1871 1498 Εἰ

1045 1529 1067 1560 C
1083 1514 1121 1553 μὴ
1138 1514 1188 1554 γὰρ
1214 1513 1416 1560 ἐπληροφορήθη
1438 1516 1454 1549 ἡ
1484 1514 1574 1560 ψυχὴ,
1595 1513 1735 1560 ότινΔΘεὸς
1758 1512 1871 1560 ἀληθινός

1084 1561 1172 1595 ἐστιν,
1185 1559 1232 1588 οὔκ
1249 1559 1281 1588 ἂν
1303 1558 1369 1598 ὑπὲρ
1387 1560 1466 1588 αὐτοῦ
1479 1558 1604 1593 ἔθνησκεν
1617 1570 1624 1577 ο
1640 1557 1713 1587 ὥστε
1740 1557 1873 1597 βεϐαίωσις

1083 1606 1131 1639 τ’ἧς
1149 1607 1195 1633 τοῦ
1217 1605 1288 1633 Θεοῦ
1307 1603 1382 1638 δόξης
1403 1605 1417 1632 6
1433 1605 1485 1632 τῶν
1506 1603 1588 1641 ἁγίων
1605 1602 1728 1636 θάνατος.
1745 1602 1872 1642 Διαφορᾶν

1084 1649 1108 1678 δ’
1125 1648 1156 1677 ἄν
1180 1661 1219 1682 τις
1240 1648 1310 1687 εὕροι
1327 1647 1420 1688 ἀρνίων
1433 1671 1441 1684 ,
1459 1647 1504 1677 καὶ
1527 1647 1688 1688 προϐάτοιν,
1707 1648 1753 1678 καὶ
1770 1650 1816 1676 τοῦ
1831 1646 1873 1686 βό-

1084 1705 1155 1722 σκειν
1167 1717 1175 1730 ,
1189 1693 1235 1722 καὶ
1245 1693 1405 1731 ποιμαίνειν.
1422 1692 1510 1731 Ἀρνία
1526 1692 1572 1730 μὲν
1585 1692 1637 1731 γὰρ
1647 1693 1722 1732 τάχα
1737 1692 1761 1722 οἱ
1773 1693 1873 1731 εἰσαγω-

1084 1737 1240 1777 γικώτεροι,
1255 1737 1378 1778 πρόϐατα
1395 1737 1422 1767 δὲ
1437 1739 1460 1766 οἱ
1483 1737 1651 1777 τελειότεροι.
1671 1736 1708 1768 Ὀ
1731 1736 1815 1766 τοίνυν
1832 1735 1872 1764 τὸν

1084 1781 1202 1822 Χριστὸν
1222 1783 1333 1821 ἀγαπῶν
1343 1805 1351 1818 ,
1373 1782 1419 1811 καὶ
1434 1783 1485 1810 τῶν
1501 1782 1596 1821 ἀρνίων
1608 1782 1654 1810 καὶ
1669 1783 1722 1810 τῶν
1739 1781 1871 1821 προϐάτων

1086 1828 1297 1866 ἐπιμελήσεται,
1315 1827 1349 1856 τά
1368 1838 1396 1855 τε
1412 1827 1489 1866 ἀρνία
1513 1826 1632 1865 βόσκων,
1654 1825 1808 1860 τουτέστιν,
1830 1824 1872 1859 τὴν

1086 1871 1269 1911 ἁπλουστέραν
1302 1871 1458 1901 ἐπιστασίαν
1477 1871 1627 1900 ἐπιϐάλλων
1656 1871 1766 1909 αὐτοῖς,
1792 1869 1825 1900 τά
1848 1879 1872 1897 τί

1085 1916 1207 1955 πρόϐατα
1242 1916 1406 1954 ποιμαίνων,
1432 1916 1497 1955 ὅπερ
1527 1915 1557 1944 τὸ
1585 1915 1766 1955 ἐντελέστερον
1794 1915 1872 1949 δηλοῖ.

1086 1960 1165 1990 Ἐπεὶ
1186 1960 1213 1989 δὲ
1228 1960 1271 1989 καὶ
1286 1961 1310 1989 οἱ
1323 1960 1487 1999 ξτελειότεροι
1503 1959 1606 1989 δέονται
1625 1961 1755 1993 πολλάκις
1774 1959 1817 1989 καὶ
1831 1959 1873 1992 τ’ῆς

1087 2005 1262 2043 ἇπαλωτέρας
1291 2005 1464 2040 ἐπιστασίας,
1487 2005 1533 2034 καὶ
1562 2004 1595 2034 τὰ
1622 2004 1748 2044 πρόϐατα
1776 2003 1873 2043 βόσκειν

1086 2049 1273 2078 ἐπιτάττονται
1294 2051 1318 2078 οἱ
1333 2049 1432 2079 τούτων
1453 2049 1605 2080 ἐπιστάται.
1630 2049 1672 2079 Τὸ
1689 2050 1738 2088 μὲν
1754 2048 1804 2089 γὰρ
1819 2058 1873 2077 ποι-

1087 2094 1188 2131 μαίνειν
1209 2094 1261 2130 ἤδη
1284 2094 1331 2124 καὶ
1356 2095 1534 2134 σκληροτέραν
1561 2094 1719 2124 ἐπιστασίαν
1742 2091 1873 2134 ἐμφαίνει,

1086 2139 1115 2168 τὸ
1131 2139 1158 2168 δὲ
1175 2139 1294 2178 βόσκειν,
1318 2139 1367 2175 τὴν
1387 2139 1551 2179 ἡπιωτέραν.
1577 2139 1612 2169 Τί
1633 2135 1676 2168 οὖν
1694 2136 1873 2169 ἆνταποδώσο-

1087 2195 1134 2222 μεν
1152 2185 1190 2224 τῷ
1210 2183 1303 2224 Κυρίῳ
1313 2207 1320 2220 ,
1336 2184 1363 2218 ὃς
1377 2185 1458 2218 οὕτως
1473 2187 1546 2222 ἡμᾶς
1561 2184 1719 2223 ἠγάπησεν,
1741 2183 1810 2213 ὥστε
1832 2179 1874 2211 καὶ

1086 2227 1132 2263 τὴν
1157 2230 1193 2262 εἷς
1217 2229 1295 2258 αὐτὸν
1319 2229 1423 2268 ἀγάπην
1451 2230 1476 2258 ἐν
1492 2229 1576 2269 τούτῳ
1596 2229 1816 2269 χαρακτηρίζειν,
1839 2226 1874 2264 τῷ

1085 2274 1137 2302 τῶν
1151 2273 1292 2313 προϐάτων
1307 2274 1508 2313 Eutychidem;

1127 2332 1139 2344 ιι
1158 2319 1210 2348 Καὶ
1233 2321 1310 2348 τοῦτο
1333 2318 1430 2356 εἰπὼν,
1447 2318 1518 2357 λέγει
1543 2319 1623 2359 αὐτῷ’
1647 2317 1796 2349 Ἀκολούθει
1821 2326 1873 2355 μοι,

1087 2362 1277 2403 Ἐπιστραφεὶς
1292 2364 1319 2393 δὲ
1342 2366 1356 2393 6
1379 2363 1496 2403 Πέτρος,
1513 2358 1605 2403 βλέπει
1627 2363 1671 2393 τὸν
1695 2361 1835 2402 μαθητὴν,
1848 2358 1873 2388 ὃν

1085 2407 1179 2446 ἠγάπα
1203 2410 1217 2437 6
1243 2407 1360 2445 Ἰησοῦς,
1378 2409 1568 2438 ἀκολουθοῦντα
1579 2430 1586 2444 ,
1610 2407 1636 2441 ὃς
1652 2407 1698 2437 καὶ
1713 2407 1836 2436 ἀνέπεσεν
1850 2404 1874 2432 ἔν

1087 2454 1124 2492 τῷ
1151 2452 1247 2492 δείπνῳ
1271 2453 1315 2482 ἐπὶ
1339 2453 1479 2488 τὸστῆθος
1503 2453 1602 2488 αὐτοῦ,
1627 2452 1673 2482 καὶ
1688 2447 1760 2481 εἶπε·
1778 2449 1873 2488 Κύριε,

1087 2497 1125 2530 τίς
1141 2498 1212 2526 ἐστιν
1230 2498 1244 2525 6
1267 2497 1429 2535 παραδιδούς
1453 2508 1498 2531 es;
1523 2497 1624 2527 Τοῦτον
1648 2496 1710 2526 ἰδὼν
1736 2499 1749 2525 6
1767 2494 1874 2533 Πέτρος»

1087 2541 1160 2580 λέγει
1179 2543 1217 2580 τῷ
1233 2541 1332 2576 Ἰησοῦ·
1354 2542 1454 2581 Κύριε,
1477 2536 1550 2574 οὗτος
1574 2541 1601 2570 δὲ
1623 2542 1667 2577 τίς
1685 2541 1764 2580 Λέγει
1781 2537 1873 2576 αὖτῷδ

1087 2579 1207 2622 Ἰήσοῧςέ
1232 2585 1300 2615 Ἐὰν
1328 2579 1406 2615 αὐτὸν
1431 2586 1499 2615 Θέλω
1521 2585 1608 2623 μένειν
1633 2585 1682 2619 ἕως
1707 2579 1833 2626 ἔρχομαι,
1845 2579 1873 2626 fi

1087 2630 1152 2670 πρὸς
1166 2630 1212 2666 σές
1233 2630 1264 2659 σὺ
1282 2631 1417 2660 ἀκολούθει
1435 2642 1491 2668 μοι.
1509 2621 1635 2666 Ἐξῆλθεν
1651 2627 1695 2660 οὖν
1833 2621 1873 2655 οἷ’

1087 2686 1130 2708 τος
1154 2676 1190 2708 εἶς
1212 2675 1272 2708 τοὺς
1300 2675 1446 2716 ἀδελφοὺς,
1473 2675 1512 2705 ὅτι
1537 2677 1550 2704 6
1573 2675 1695 2714 μαθητὴς
1718 2676 1812 2704 ἐκεῖνος
1830 2670 1873 2716 Oi”-

1088 2720 1258 2756 ἀποθνήσκει.
1277 2720 1330 2750 Καὶ
1346 2715 1392 2750 οὗκ
1414 2716 1487 2750 εἶπεν
1503 2721 1574 2759 αὖτῷ
1590 2723 1603 2749 6
1623 2721 1743 2756 Ἰησοῦς,
1760 2717 1799 2747 ὅτι
1818 2715 1871 2745 Οὐκ

1087 2765 1262 2802 ἀποθνήσκει,
1274 2765 1345 2804 ἀλλ’,
1358 2779 1370 2792 ιι
1381 2765 1446 2795 Ἐὰν
1459 2765 1537 2795 αὐτὸν
1550 2765 1618 2796 θέλω
1630 2765 1729 2804 μένειν,
1742 2764 1791 2796 ἕως
1800 2760 1871 2800 ἔρχο·
