1927 3076
87 235 136 263 313

474 232 671 261 ENARRATIO
690 232 723 260 IN
743 231 961 261 EVANGELIUM
978 231 1126 260 JOANNIS.
1147 246 1183 253 —
1201 232 1276 260 CAP.
1298 233 1359 260 XXI.

1681 235 1734 263 8H

86 309 146 335 μαι,
164 296 192 326 τί
210 295 278 336 πρδς
293 295 338 332 σέ;
354 309 368 322 ν
393 295 564 336 Ἐνεχείρησε
651 295 814 336 ἐνεχείρισε]
833 295 875 334 μὲι

937 295 1063 323 omnium
1073 293 1275 330 praefecturam.
1287 295 1418 330 Quamvis
1425 295 1501 324 enim
1509 296 1630 326 Jacobus
1638 297 1733 326 sedem

85 343 121 381 τῷ
141 341 240 381 Πέτρῳ
254 341 304 377 τὴν
327 340 434 370 πάντων
449 342 502 370 τῶν
526 343 628 369 πιστῶν
653 341 828 380 προστασίαν.
850 341 882 369 Εἰ

83 386 135 425 γὰρ
149 386 196 415 καὶ
215 388 270 415 τῶν
292 385 487 425 Ἱεροσολύμων
502 385 629 418 Ἰάκωϐος
654 385 698 414 τὸν
715 386 803 426 θρόνον
820 386 882 415 ἔλα·

84 431 146 468 εεν,
164 430 235 460 ἀλλᾶ
250 430 352 471 Πέτρος
373 432 419 466 τῆς
441 430 596 469 οἰκουμένης
612 430 728 466 ἀπάσης.
753 430 830 466 Φησὶ
854 429 883 460 δὲ

84 477 149 516 πρὸς
164 475 245 505 αὑτὸν
272 475 340 514 μετὰ
361 478 455 505 ταῦτα’
478 488 489 501 ιι
510 475 658 506 Ἀκολούθει
675 486 735 514 μοι·
753 488 765 502 ι
784 475 884 510 δεικνὺς

84 520 112 550 τὸ
129 521 325 559 κηδεμονικὸν,
348 522 393 550 καὶ
415 520 444 549 τὸ
461 520 526 560 πρὸς
543 521 620 550 αὐτὸν
641 520 743 554 οἰκείως
757 521 883 550 διατεθεῖ-

83 568 153 596 σθαι.
173 564 248 604 "Apol
264 565 291 594 δὲ
312 565 357 595 καὶ
374 565 547 601 ἀκολούθησιν
572 566 685 594 ἐνταῦθα
704 565 774 602 νόει,
790 565 838 601 τὴν
855 566 882 595 ἐν

81 614 149 639 πᾶσι
165 615 221 643 τοῖς
236 610 320 650 ἔργοις
336 610 380 639 καὶ
393 611 445 644 τοῖς
465 610 552 649 λόγοις
569 609 745 649 ἐκπλήρωσιν.
771 611 807 640 Οἱ
830 610 881 649 γὰρ

81 655 141 684 κατ’
156 654 231 695 ἴχνος
243 656 290 690 τῆς
305 655 386 684 αὐτοῦ
398 654 533 688 πολιτείας
547 655 698 693 βαίνοντες,
716 654 762 684 καὶ
784 655 881 693 μιμού-

82 711 158 736 μενοι
175 700 257 728 αὐτοῦ
279 699 328 735 τὴν
351 700 377 728 ἐν
394 704 475 728 πᾶσιν
501 698 654 738 ἀκρίϐειαν,
673 695 743 728 οὗτοι
768 700 881 729 ἀκολου-

82 747 174 774 θοῦσιν
189 744 272 784 αὐτῷ.
286 745 361 777 Τέως
380 744 402 773 δ’
423 739 467 774 οῦν
488 745 619 780 αἰσθητῶς
638 746 816 779 ἀκολουθῆσαι
830 745 882 774 αὖ·

83 791 121 829 τῷ
136 789 183 819 τὸν
202 789 305 829 Πέτρον
323 789 518 829 προτρέπεται,
535 788 650 826 δεικνὺς,
665 788 731 827 ὅπερ
745 789 819 829 ἔφην,
833 789 882 826 τὴν

80 834 146 874 πρὸς
174 834 254 863 αὐτὸν
278 834 423 864 οἶκείωσιν.
445 833 514 867 Τοὺς
536 833 588 873 γὰρ
615 834 803 873 οἰκειοτέρους,
818 834 882 864 τού-

79 890 140 912 τους
155 877 315 911 ἀκολούθους
329 878 488 916 ποιούμεθα.
515 878 595 908 Ἐπεὶ
609 878 634 908 δὲ
650 881 733 908 ταῦτα
750 881 764 908 ὁ
782 878 881 918 Πέτρος

79 923 194 958 ἤκουσεν
205 945 214 961 ,
231 923 278 952 καὶ
292 923 416 953 τοιούτων
431 922 530 959 ἠξιώθη
540 945 548 958 ,
573 925 608 957 ὡς
627 923 673 953 καὶ
694 923 742 959 τὴν
757 924 881 962 οἰκουμέ-

79 980 125 1004 νην
151 969 366 1014 ἐγχειρισθῆναι,
390 968 436 997 καὶ
461 968 608 1007 μαρτυρίας
631 968 788 1014 ἀξιωθῆναι,
817 968 881 1008 σφό-
897 983 921 1014 Β

80 1014 129 1053 δρα
158 1014 204 1042 τὸν
229 1012 358 1048 Ἰωάννην
384 1013 509 1051 ἀγαπῶν,
527 1014 613 1052 ἐρωτᾷ
633 1013 678 1042 καὶ
695 1013 756 1052 περὶ
779 1014 860 1042 αὐτοῦ
875 1023 882 1030 ·

80 1072 90 1084 ιι
103 1053 194 1090 Οὗτος
211 1057 239 1086 δὲ
253 1057 293 1093 τί;
321 1068 335 1085 »
353 1058 381 1086 οὖ
402 1057 449 1092 τὴν
473 1056 555 1093 αὐτὴν
581 1057 641 1086 ὁδὸν
661 1060 726 1095 ἡμῖν
748 1057 821 1093 ἥξεις
851 1059 881 1088 οὖ

81 1102 208 1135 κοινωνὸς
223 1102 298 1131 ἔσται
319 1101 365 1131 καὶ
379 1097 452 1135 οἶτος
465 1103 512 1137 τῆς
529 1113 556 1131 τε
578 1102 733 1135 ἐπιστασίας
748 1103 800 1131 τῶν
817 1114 882 1142 προ-

80 1147 189 1184 ϐάτων,
206 1146 253 1176 καὶ
267 1148 313 1182 τῆς
331 1146 375 1175 ἐπὶ
388 1148 471 1176 ταῦτα
493 1146 690 1186 προχειρήσεως
706 1147 716 1185 [
774 1158 882 1186 προχει-

81 1191 206 1231 ρίσεως];
231 1191 273 1220 Τὸ
293 1191 345 1231 γὰρ
357 1213 365 1227 ,
381 1204 393 1217 ιι
412 1191 560 1220 Ἀκολούθει
577 1203 638 1229 μοι,
659 1204 671 1217 ιι
693 1193 772 1221 τοῦτο
790 1203 881 1230 μονον-

79 1236 140 1276 ουχὶ
166 1237 262 1271 δηλοῖ·
286 1238 372 1274 Δεῦρο
396 1235 538 1275 παράλαϐε
561 1236 595 1265 τὰ
618 1235 757 1276 πρόϐατα,
781 1237 817 1269 εἷς
832 1237 880 1273 τὴν

79 1280 240 1319 οἰκουμένην
269 1280 363 1314 ἔξελθε.
386 1280 466 1310 Ἐπεὶ
488 1280 572 1310 τοίνυν
600 1282 614 1310 ὁ
637 1279 733 1321 Κύριος
757 1276 811 1310 οἶδε
835 1281 880 1310 τὸν

81 1326 184 1365 Πέτρον
200 1325 345 1364 κηδόμενον
358 1327 404 1354 τοῦ
419 1324 546 1355 Ἰωάννου
556 1348 565 1363 ,
581 1325 627 1355 καὶ
643 1325 680 1364 μὴ
699 1326 878 1361 ἀποσπασθῆ-

77 1382 121 1400 ναι
138 1371 213 1409 αὐτῷ
229 1370 354 1406 θέλοντα,
376 1371 485 1410 διαιρῶν
503 1370 597 1404 αὐτοὺς
612 1372 658 1405 τῆς
684 1369 795 1410 ἀκαίρου
815 1381 878 1400 συν‹

79 1415 174 1454 αφείας
187 1414 234 1444 καὶ
254 1414 450 1454 προσπαθείας,
467 1413 584 1454 Ἔργον,
602 1415 683 1455 φησὶν
696 1437 703 1451 ,
721 1415 878 1444 ἐνεπιστεύ-

78 1463 139 1496 θης,
156 1462 235 1488 τοῦτο
260 1458 338 1494 ἄνυε,
352 1460 400 1488 καὶ
420 1473 431 1485 ιι
449 1459 587 1489 ἀκολούθει
612 1471 656 1498 μοι
675 1472 687 1485 ι
705 1459 826 1498 ἐξάγοντί
848 1471 878 1490 σε

79 1505 121 1534 ἐπὶ
145 1503 178 1533 τὸ
195 1503 338 1542 κήρυγμα,
377 1504 531 1542 οἰκουμένην
560 1503 667 1533 ἅπασαν
695 1503 875 1544 ἐγχειρίζοντι.

78 1550 180 1578 Τοῦτον
195 1548 224 1577 δὲ
239 1547 285 1577 ἐὰν
309 1547 376 1577 θέλω
393 1548 481 1586 μένειν
502 1550 614 1578 ἐνταῦθα
643 1549 668 1578 ἐν
684 1553 738 1582 τοῖς
753 1549 814 1589 περὶ
828 1548 876 1586 τὴν

79 1593 232 1624 Γαλιλαίαν
251 1592 358 1630 τόποις,
373 1593 419 1622 καὶ
444 1593 481 1630 μὴ
507 1593 714 1622 συναποστεῖλαί
736 1605 796 1631 σοι,
825 1608 836 1620 ιι
850 1594 876 1623 τί

937 340 1138 376 Hierosolymis
1153 340 1300 376 acceperit,
1323 342 1373 368 sed
1388 342 1485 369 Petrus
1498 341 1580 370 totius
1599 346 1734 370 terrarum

935 385 1019 413 orbis.
1036 385 1114 414 Dixit
1127 389 1219 413 autem
1236 385 1287 421 ipsi
1304 389 1364 421 post
1379 385 1448 419 haec,
1473 397 1486 410 α
1501 386 1621 422 Sequere
1644 395 1701 421 me,
1718 397 1731 414 ι

935 431 1082 458 sollicitum
1097 430 1245 458 ostendens
1266 434 1294 458 et
1308 430 1475 458 familiarem
1495 439 1552 467 quo
1566 439 1630 467 erga
1646 431 1733 468 ipsum

935 475 1100 508 afﬁceretur,
1107 475 1249 503 affectum.
1262 475 1402 504 Christum
1413 480 1505 503 autem
1515 477 1591 512 sequi
1602 475 1644 503 hic
1654 476 1735 504 intel-

935 520 998 556 lige,
1011 528 1126 556 operum
1143 520 1172 548 in
1185 520 1317 548 omnibus
1331 524 1358 548 et
1372 520 1520 548 verborum
1533 520 1733 556 impletionem.

935 564 987 601 Qui
999 565 1074 593 enim
1090 573 1138 601 per
1153 565 1268 600 vestigia
1283 565 1345 593 vitze
1361 565 1447 601 ipsius
1469 565 1610 599 incedunt,
1624 565 1734 594 imitan-

935 613 1034 645 turque
1048 609 1107 645 ejus
1128 610 1154 637 iu
1176 609 1306 637 omnibus
1321 609 1501 645 diligentiam,
1519 610 1560 638 isti
1580 614 1736 646 sequuntur

936 655 1036 690 ipsum.
1050 655 1166 682 Interim
1173 658 1265 682 autem
1274 655 1385 682 Petrum
1397 654 1559 682 adhortatur
1568 659 1599 683 ut
1606 663 1635 682 se
1643 655 1734 691 palam

935 703 1076 735 sequatur,
1083 707 1162 727 suam
1171 699 1325 733 declarans,
1341 703 1373 727 ut
1386 699 1454 734 dixi,
1464 707 1547 735 quam
1563 707 1627 736 erga
1643 700 1733 736 ipsum

935 743 1054 772 habebat
1070 743 1294 772 familiaritatem.
1318 744 1370 780 Qui
1390 744 1464 772 enim
1485 744 1565 772 nobis
1579 744 1656 772 valde
1670 748 1735 772 sunt

934 788 1095 822 familiares,
1106 793 1136 817 ut
1151 789 1178 817 hi
1191 797 1241 817 nos
1254 793 1403 825 sequantur
1417 789 1535 825 agimus.
1551 790 1733 825 Posteaquam

935 838 1029 862 autem
1044 835 1142 862 Petrus
1152 835 1205 862 ista
1218 833 1378 868 audivisset,
1392 838 1420 862 et
1434 834 1534 862 talibus
1547 834 1648 870 dignus
1662 838 1734 862 esset

935 878 1056 914 habitus,
1073 883 1104 907 ut
1118 879 1169 915 ipsi
1184 883 1320 907 terrarum
1335 878 1408 907 orbis
1420 879 1650 912 committeretur,
1662 887 1734 907 mar-

934 924 1060 960 tyrioque
1085 923 1188 960 dignus
1213 923 1371 957 haberetur,
1395 924 1532 952 Joannem
1558 923 1735 952 vehementer

936 968 1062 1005 diligens,
1084 968 1118 997 de
1140 968 1199 1004 ipso
1226 968 1309 996 etiam
1334 968 1492 1004 interrogat,
1510 968 1626 996 dicens:
1645 978 1659 994 ‹‹
1682 968 1734 997 Hic

937 1018 1029 1041 autem
1045 1013 1157 1050 quid?»
1185 1021 1252 1041 num
1279 1013 1376 1041 eadem
1399 1021 1453 1049 qua
1474 1021 1525 1041 nos
1542 1013 1648 1041 incedet
1670 1014 1734 1042 via?

936 1066 1004 1086 num
1020 1058 1156 1094 particeps
1169 1057 1220 1086 erit
1234 1059 1283 1086 iste
1299 1058 1392 1085 ovium
1408 1056 1589 1094 praefecturae,
1604 1062 1686 1094 atque
1698 1057 1733 1086 ad

935 1102 979 1130 illa
1001 1102 1190 1138 delegabitur?
1214 1102 1284 1130 Illud
1297 1102 1383 1135 enim,
1400 1112 1414 1129 ιι
1431 1103 1553 1139 Sequere
1567 1110 1622 1136 me,
1638 1113 1652 1128 ν
1667 1110 1732 1139 pro-

935 1147 1086 1183 pemodum
1102 1147 1153 1175 hoc
1175 1147 1312 1184 signiﬁcat
1329 1157 1334 1175 :
1351 1148 1429 1182 Veni,
1445 1155 1554 1176 assume
1565 1155 1640 1182 oves,
1653 1155 1732 1184 egre-

934 1193 999 1220 dere
1013 1193 1042 1220 in
1056 1192 1204 1220 mundum.
1219 1193 1306 1228 Igitur
1319 1192 1382 1229 quia
1394 1192 1461 1221 vidit
1471 1192 1606 1221 Dominus
1620 1194 1732 1221 Petrum

934 1245 1030 1265 curam
1047 1237 1192 1266 habentem
1209 1238 1333 1272 Joannis,
1348 1242 1376 1265 et
1389 1237 1423 1265 ab
1437 1245 1470 1265 eo
1486 1237 1564 1266 avelli
1579 1237 1730 1271 nolentem,

933 1282 1037 1310 dirimit
1071 1290 1119 1310 eos
1150 1287 1262 1318 propter
1297 1282 1518 1318 intempestivam
1553 1281 1731 1310 affectionem

933 1331 961 1355 et
980 1326 1218 1355 consuetudinem.
1240 1328 1328 1363 Opus,
1343 1328 1443 1364 inquit,
1458 1327 1532 1364 quod
1547 1327 1596 1355 tibi
1615 1334 1732 1355 concre-

932 1371 1020 1400 ditum
1043 1375 1095 1405 est,
1112 1372 1221 1408 perfice,
1242 1376 1270 1400 et
1286 1382 1299 1398 α
1315 1380 1429 1408 sequere
1451 1380 1506 1406 me,
1533 1383 1546 1397 ι
1569 1372 1614 1408 qui
1642 1371 1730 1400 educo

932 1421 959 1444 te
981 1417 1016 1445 ad
1032 1416 1268 1453 praedicationem,
1295 1421 1322 1445 et
1347 1421 1438 1445 totum
1462 1417 1558 1444 orbem
1575 1417 1603 1444 in
1630 1424 1730 1445 manus

931 1465 991 1489 tuas
1005 1462 1094 1490 trado.
1108 1461 1188 1489 Illum
1199 1465 1292 1489 autem
1301 1461 1323 1489 si
1336 1462 1417 1489 velim
1429 1469 1541 1490 manere
1553 1461 1580 1489 in
1593 1462 1645 1489 hoc
1657 1461 1728 1496 loco,

931 1507 1040 1535 Galilaaa
1049 1506 1161 1540 scilicet,
1172 1510 1199 1534 et
1210 1514 1265 1534 non
1277 1507 1388 1534 mittere
1396 1511 1500 1540 tecum,
1514 1517 1527 1531 ι(
1539 1506 1604 1542 quid
1613 1506 1648 1534 ad
1658 1509 1703 1535 te?
1714 1516 1728 1533 η

931 1561 944 1575 «ι
957 1553 1050 1579 Donec
1058 1551 1175 1584 veniam,
1191 1563 1203 1575 ιο
1215 1551 1327 1587 quidam
1340 1551 1423 1587 772
1434 1551 1472 1579 sic
1480 1555 1618 1588 exponunt
1631 1561 1638 1579 ε
1652 1563 1663 1575 ιι
1678 1553 1731 1579 Do-

928 1604 989 1630 nec,
1004 1605 1018 1622 n
1042 1596 1138 1632 inquit,
1155 1600 1250 1624 contra
1261 1595 1384 1630 Iudaeos,
1400 1596 1445 1632 qui
1468 1604 1512 1624 me
1525 1595 1729 1628 crucilixerunt,

78 1638 141 1677 πρὸς
169 1637 217 1673 ce’;
245 1650 258 1664 ι
282 1638 323 1667 Τὸ
347 1637 393 1674 δὲ,
413 1651 425 1663 ιι
440 1635 515 1671 Ἕως
539 1637 671 1677 ἔρχομαι,
701 1638 770 1671 τινὲς
796 1637 875 1673 οὕτως

931 1650 944 1667 ι(
964 1641 1083 1673 veniam,
1099 1651 1112 1666 »
1130 1648 1310 1676 percussurus
1323 1648 1371 1668 eos
1385 1641 1414 1668 iu
1430 1641 1502 1676 virga
1522 1641 1728 1674 Romanorum,

78 1683 192 1718 ἐνόησαν
206 1693 213 1700 ·
232 1693 247 1709 α
261 1680 352 1719 Ἕως,
367 1692 381 1710 ››
402 1681 484 1721 φησὶ,
502 1682 573 1711 κατὰ
589 1683 641 1711 τῶν
665 1683 875 1722 σταυρωσάντων

79 1739 110 1764 με
139 1726 280 1757 Ἰουδαίων
305 1740 315 1752 ι
330 1727 459 1766 ἔρχομαι,
475 1740 487 1753 υ
515 1727 621 1765 μέλλων
644 1727 738 1761 αὐτοὺς
763 1727 807 1756 διὰ
830 1730 877 1763 τῆς

77 1773 130 1800 τῶν
145 1770 293 1808 Ῥωμαίων
312 1771 394 1811 ῥάϐου
408 1771 542 1807 πατάξαι,
565 1770 612 1801 καὶ
626 1771 809 1811 καταστρέψαι
828 1772 876 1808 τὴν

78 1816 156 1846 πόλιν
183 1816 282 1846 αὐτῶν.
307 1816 382 1845 Φασὶ
397 1816 449 1856 γὰρ
470 1816 515 1845 τὸν
534 1815 683 1846 ἀπόστολον
702 1818 794 1845 τοῦτον
813 1816 875 1856 ἄχρι

76 1863 124 1895 τῆς
149 1861 356 1891 Οὐεσπασιανοῦ
382 1859 550 1900 ἐπικρατείας
571 1860 666 1900 σχεδὸν
687 1862 741 1894 τοῖς
762 1859 817 1889 ἄνω
832 1861 876 1890 τό-

76 1917 134 1939 ποις
155 1906 357 1943 ἐπιδημοῦντα,
374 1905 529 1944 κηρύττειν,
543 1905 589 1935 xui
605 1905 692 1944 μένειν
716 1906 811 1935 ἐκεῖσε·
830 1904 875 1934 ὅτε

76 1950 102 1979 δὲ
119 1950 218 1989 ἔμελλε
233 1951 267 1979 τὰ
283 1949 455 1988 Ἱεροσόλυμα
469 1950 586 1986 ἁλῶναι,
605 1951 780 1988 μεταστῆναι.
798 1949 875 1980 Ἐπεὶ

76 1990 119 2023 οὖν
135 1994 207 2034 μέγα
232 1994 309 2034 ἔργον
325 1994 522 2024 ἐνεπιστεύοντο
542 1995 571 2024 τὸ
593 1994 736 2035 κήρυγμα,
759 1995 808 2023 οὐκ
823 1994 875 2024 ἔδει

75 2039 166 2069 λοιπὸν
190 2039 285 2072 αὖτοὺς
309 2039 532 2079 συμπεπλέχθαι,
553 2039 623 2069 ἀλλὰ
648 2038 815 2079 ὃιῃρημένως
830 2039 874 2068 τὸν

76 2084 123 2122 μὲν
137 2085 245 2121 τοῖσδε,
261 2083 306 2112 τὸν
324 2083 351 2112 δὲ
373 2084 460 2114 τοῖσδε
477 2085 626 2125 ἔπιφοιτᾷν.
651 2084 728 2116 Τίνος
743 2083 770 2112 δὲ
786 2083 873 2113 ἕνεκεν

75 2130 88 2157 ὁ
103 2128 295 2167 εὖαγγελιστῆς
315 2128 473 2167 μνημονεύει
501 2131 548 2164 τῆς
573 2128 617 2158 ἐπὶ
644 2128 674 2157 τὸ
698 2131 792 2164 στῆθος
808 2130 873 2158 ἀνα-

75 2173 205 2209 κλίσεως,
229 2173 274 2202 καὶ
289 2173 330 2202 ὅτι
350 2173 471 2213 ἠρώτησε
482 2185 489 2192 ·
507 2186 518 2199 ι
532 2173 580 2206 Τίς
598 2174 667 2202 ἐστιν
684 2175 698 2202 ὁ
714 2173 873 2211 παραδιδούς

75 2229 116 2254 σε;
129 2233 141 2243 ιι
163 2219 227 2257 Οὐχ
245 2217 351 2253 ἅπλῶς,
370 2218 417 2247 καὶ
431 2219 466 2251 ὡς
481 2217 573 2258 ἔτυχεν
584 2241 592 2254 ,
611 2219 668 2247 ἀλλ’
680 2217 725 2246 ἵνα
741 2217 811 2257 δείξῃ
824 2219 872 2254 τὴν

931 1689 958 1713 et
978 1685 1160 1714 subversurus
1173 1693 1270 1713 eorum
1294 1685 1441 1713 civitatem.
1458 1685 1560 1713 Dicunt
1575 1685 1647 1713 enim
1667 1693 1732 1721 apo-

929 1730 1031 1758 stolum
1046 1730 1124 1758 illum
1139 1729 1226 1758 ferme
1250 1738 1336 1766 usque
1355 1730 1390 1758 ad
1405 1730 1560 1766 Vespasiani
1583 1730 1728 1766 imperium

931 1774 1044 1810 locaque
1051 1774 1190 1810 superiora
1198 1782 1365 1810 peragrasse,
1377 1774 1571 1810 praedicantem
1580 1779 1607 1802 et
1619 1783 1729 1803 manen-

930 1823 986 1847 tem
1001 1819 1068 1851 illic;
1085 1818 1195 1854 quando
1210 1823 1302 1846 autem
1318 1818 1462 1855 capienda:
1476 1822 1553 1847 erant
1569 1819 1728 1856 Hierosoly-

930 1871 995 1897 mae,
1011 1863 1160 1891 transiisse.
1183 1863 1268 1899 Igitur
1291 1863 1353 1899 quia
1372 1871 1503 1899 magnum
1527 1863 1729 1899 praadicationis

929 1916 998 1944 opus
1017 1908 1080 1944 ipsis
1091 1912 1151 1936 erat
1161 1907 1364 1942 concreditum,
1379 1916 1434 1936 non
1444 1912 1520 1936 erant
1533 1908 1728 1944 conjungendi,

928 1953 977 1982 sed
992 1953 1145 1989 separandi,
1169 1957 1199 1980 ut
1221 1961 1294 1981 unus
1315 1953 1348 1981 ad
1369 1953 1431 1987 hos,
1447 1953 1518 1981 alius
1533 1953 1567 1981 ad
1581 1953 1649 1981 alios
1665 1954 1725 1982 iret.

928 2000 1021 2034 Quare
1042 2001 1135 2026 autem
1156 1997 1282 2026 meminit
1302 1998 1465 2034 evangelista
1481 1998 1621 2026 recubitus
1645 2005 1727 2034 supra

928 2048 1034 2080 pectus,
1056 2047 1084 2071 et
1098 2042 1173 2079 quod
1196 2043 1409 2079 iuterrogaverit,
1433 2054 1447 2069 «
1470 2043 1536 2078 Quis
1559 2047 1602 2071 est
1625 2043 1671 2079 qui
1699 2048 1726 2072 te

928 2088 1057 2116 tradet?»
1070 2089 1133 2116 Non
1141 2087 1194 2116 hoc
1209 2088 1382 2123 simpliciter,
1394 2095 1482 2123 neque
1494 2086 1610 2116 fortuito
1625 2088 1724 2122 evenit,

928 2133 977 2161 sed
992 2137 1023 2161 ut
1042 2133 1168 2161 ostendat
1189 2133 1343 2161 libertatem
1366 2133 1436 2160 Petri
1457 2137 1518 2169 post
1538 2133 1724 2169 negationem.

928 2180 997 2206 Nam
1020 2178 1066 2214 qui
1085 2182 1148 2206 ante
1172 2185 1282 2205 crucem
1297 2185 1355 2206 non
1375 2177 1494 2206 audebat
1509 2177 1677 2214 interrogare
1691 2178 1726 2206 de

929 2223 1070 2256 traditore,
1093 2221 1143 2250 sed
1167 2222 1245 2250 alteri
1271 2222 1470 2256 committebat,
1493 2222 1521 2250 id
1544 2227 1587 2250 est
1611 2223 1726 2256 Joanni,

75 2251 143 2300 μετὰ
157 2251 330 2302 τῆνᾜρνησιν
344 2251 497 2303 παρρησίαν
513 2251 559 2292 τοῦ
578 2251 690 2302 Πέτρου.
716 2261 751 2292 Ὀ

931 2267 1183 2303 interrogationem,
1194 2267 1232 2295 illi
1240 2267 1363 2294 omnium
1371 2266 1531 2302 praefectura
1541 2267 1727 2301 concreditur,

74 2308 182 2345 τολμῶν
195 2306 247 2346 πρὸ
268 2309 313 2336 τοῦ
336 2311 448 2348 σταυροῦ
471 2308 604 2347 ἐρωτῆσαι
625 2308 686 2347 περὶ
707 2309 755 2336 τοῦ
778 2307 873 2346 προδό-

75 2363 118 2381 του
129 2375 136 2387 ,
155 2353 216 2381 ἀλλ’
228 2351 329 2392 ἑτέρῳ,
345 2353 382 2392 τῷ
399 2351 512 2391 Ἰωάννῃ
523 2374 530 2388 ,
548 2351 697 2391 ἐπιτρέπων
713 2351 761 2387 τὴν
778 2352 874 2390 ἐρώτη-

77 2407 117 2425 σιν
127 2419 136 2433 ,
149 2391 226 2429 οὗτος
237 2391 283 2425 καὶ
299 2396 346 2432 τὴν
361 2391 525 2437 προστασίαν
548 2398 655 2426 πάντων
677 2396 853 2436 ἐγχειρίζεται
866 2409 872 2416 ·

74 2441 121 2470 καὶ
136 2442 168 2470 οὖ
184 2440 263 2479 μόνον
288 2441 368 2481 ἑτέρῳ
391 2441 425 2470 τὰ
448 2442 509 2471 καθ’
533 2442 626 2471 ἑαυτὸν
643 2443 690 2471 οὐκ.
715 2442 868 2481 ἐπιτρέπει,

75 2486 145 2516 ἀλλὰ
175 2486 222 2515 καὶ
249 2485 315 2526 ὓπὲρ
342 2487 423 2515 αὐτοῦ
449 2487 549 2516 ἐκείνου
580 2489 625 2516 τοῦ
653 2486 770 2524 μάλιστα
799 2486 873 2526 παρὰ

74 2531 178 2564 πάντας
203 2530 382 2570 ἀγαπωμένου
407 2533 545 2569 μαθητοῦ,
576 2532 680 2571 ἐρωτᾷ,
709 2531 753 2560 καὶ
782 2530 872 2570 ὥσπερ

77 2576 187 2614 μεσίτης
208 2575 275 2615 πρὸς
298 2575 341 2605 τὸν
363 2575 462 2616 Κύριον
484 2576 596 2614 γίνεται.
613 2576 763 2615 θαύμασον
778 2575 806 2605 δέ
828 2588 873 2614 μοι

75 2621 106 2650 τὸ
122 2620 221 2660 ἄτυφον
245 2623 291 2650 τοῦ
317 2621 520 2660 εὐαγγελιστοῦ,
547 2622 604 2654 πῶς
627 2621 675 2656 τὴν
704 2621 872 2660 ἐσφαλμένην

78 2666 129 2694 τῶν
150 2666 256 2695 πολλῶν
274 2665 407 2705 ὒπόληψιν
421 2666 588 2705 διορθοῦται,
605 2667 641 2699 ὡς
663 2666 692 2695 οὖ
709 2666 872 2705 συνεωρακό-

77 2721 127 2738 των
142 2709 157 2739 ὃ
174 2710 236 2750 περὶ
250 2710 333 2738 αὐτοῦ
353 2709 456 2749 εἴρηκεν
481 2713 496 2740 ὁ
520 2710 634 2750 Κύριος,
660 2710 729 2740 ἀλλὰ
746 2710 873 2748 νομισάν-

76 2765 140 2791 των,
156 2753 197 2784 ὅτι
221 2755 270 2783 οὐκ
294 2755 475 2785 ἀποθανεῖται.
497 2755 538 2785 Τὸ
560 2755 588 2784 δὲ
611 2756 658 2784 οὐκ
673 2751 726 2792 ἦν,
743 2755 812 2784 ἀλλὰ
827 2755 871 2791 τὸ,

74 2811 87 2825 ε
102 2799 216 2838 Μένειν,
233 2813 244 2825 ι
261 2798 323 2838 οὐχὶ
338 2799 398 2838 περὶ
413 2801 458 2829 τοῦ
475 2799 512 2838 μὴ
529 2800 670 2829 ἀποθανεῖν
687 2799 764 2829 αὐτὸν
774 2822 782 2835 ,
797 2795 870 2829 εἶπεν

73 2844 87 2872 ὃ
111 2844 224 2884 Κύριος,
243 2843 313 2874 ἀλλὰ
337 2843 456 2883 περὶτοῦ
469 2844 507 2883 μὴ
527 2846 697 2884 συνεζεῦχθαι
719 2846 757 2885 τῷ
773 2844 871 2885 Πέτρῳ

72 2889 97 2916 ἐν
111 2890 150 2929 τῷ
162 2891 209 2918 τοῦ
226 2887 398 2929 κηρύγματος
421 2891 521 2929 καιρῷ,
543 2889 613 2919 ἀλλὰ
628 2889 715 2928 μένειν
733 2890 792 2918 καθ’
808 2890 871 2919 ἑαυ-

928 2316 956 2340 et
981 2320 1037 2340 non
1052 2312 1142 2340 solum
1155 2319 1203 2340 sua
1218 2312 1295 2339 alteri
1310 2319 1366 2339 non
1381 2311 1541 2345 committit,
1563 2311 1610 2340 sed
1633 2316 1660 2339 et
1677 2320 1726 2348 pro

927 2357 975 2384 illo
986 2357 1044 2392 ipso
1055 2357 1103 2393 qui
1119 2357 1238 2384 maxime
1245 2356 1410 2392 diligebatur
1419 2356 1579 2392 interrogat,
1590 2360 1618 2384 et
1628 2356 1660 2384 fit
1671 2365 1728 2385 mc-

927 2401 1017 2430 diator
1035 2401 1107 2437 apud
1129 2401 1291 2429 Dominum.
1319 2401 1464 2430 Admirare
1485 2405 1577 2429 autem
1592 2409 1675 2438 quam
1691 2403 1730 2430 sit

927 2446 1031 2474 alienus
1051 2454 1065 2473 a
1089 2445 1162 2474 fastu
1188 2438 1364 2482 evangelista,
1384 2445 1526 2481 quomodo
1540 2446 1726 2482 quorumdam

927 2490 1111 2526 suspicionem
1133 2490 1256 2526 corrigit,
1276 2490 1351 2526 quod
1376 2498 1432 2518 non
1456 2495 1529 2519 recte
1548 2492 1728 2527 cognoverint

928 2535 995 2572 quid
1016 2535 1050 2563 de
1067 2543 1100 2563 eo
1123 2535 1260 2563 Dominus
1279 2534 1389 2570 dixerit,
1411 2535 1459 2564 sed
1481 2536 1634 2572 putaverint
1654 2535 1727 2571 quod

928 2588 983 2607 non
1003 2580 1146 2613 moriatur,
1171 2579 1198 2607 id
1218 2579 1292 2616 quod
1316 2587 1372 2608 non
1388 2584 1456 2614 erat,
1478 2580 1526 2608 sed
1542 2590 1556 2606 (ι
1582 2581 1723 2608 Manere»

926 2624 1003 2660 jubet
1017 2632 1079 2652 eum
1105 2625 1253 2658 Dominus,
1278 2632 1334 2652 non
1349 2625 1422 2661 quod
1437 2633 1494 2653 non
1507 2625 1652 2658 moriatur,
1678 2624 1726 2653 sed

927 2669 999 2705 quod
1015 2677 1072 2697 non
1085 2669 1288 2705 sitjungendus
1309 2677 1401 2697 comes
1424 2671 1505 2698 Petro
1526 2668 1726 2706 praedicationis

927 2718 1059 2750 tempore,
1072 2722 1183 2742 manere
1196 2718 1287 2742 autem
1300 2714 1398 2742 debeat
1413 2722 1462 2742 suo
1474 2715 1544 2742 loco.
1557 2714 1619 2741 Jam
1632 2722 1724 2741 mane-

926 2767 956 2787 re
972 2771 984 2782 α
998 2758 1084 2786 donec
1096 2759 1214 2792 veniam,
1228 2769 1242 2785 ν
1261 2759 1288 2787 id
1301 2764 1343 2787 est
1355 2759 1442 2787 donec
1458 2758 1525 2786 mihi
1539 2758 1680 2794 placuerit,
1694 2762 1725 2786 ut

926 2807 955 2832 et
975 2803 1051 2831 illum
1066 2804 1182 2832 educam
1198 2803 1233 2832 ad
1250 2803 1482 2840 prmdicationem.
1504 2804 1542 2831 Te
1554 2802 1630 2831 enim
1649 2811 1724 2831 nunc

925 2848 1022 2881 educo,
1038 2852 1068 2876 ut
1078 2849 1171 2884 prmsis
1182 2849 1252 2880 orbi,
1265 2852 1291 2876 et
1304 2858 1317 2874 «
1327 2849 1449 2884 sequaris
1461 2850 1521 2877 me:
1536 2859 1549 2874 η
1566 2848 1624 2884 ipse
1633 2852 1725 2876 autem

925 2898 1034 2922 maneat
1050 2894 1102 2922 hoc
1116 2894 1187 2928 loco,
1202 2893 1289 2923 donec
1310 2893 1431 2928 redeam,
1455 2898 1484 2922 et
1508 2893 1626 2922 educam
1641 2894 1726 2922 etiam
