1927 3076
208 241 260 268 315

716 238 974 268 THEOPHYLACTI
994 239 1174 267 BULGARME
1193 238 1353 267 ARCHIEP.
1810 242 1856 269 316

209 302 299 339 ipsum
313 301 384 332 sicut
396 305 433 331 te.
446 301 567 338 Quidam
579 305 673 330 autem
685 302 727 330 sic
739 302 894 339 intelligunt
915 312 921 330 :
936 302 1005 330 Cum

1061 302 1115 332 τόν,
1134 301 1174 332 Τὸ
1187 301 1214 331 δὲ
1222 324 1230 338 ,
1248 315 1260 330 ι
1270 301 1346 336 Ἕως
1363 301 1495 342 ἔρχομαι,
1505 314 1520 329 ι
1535 301 1680 341 τουτέστιν,
1690 301 1770 336 Ἕως
1780 303 1856 333 πάλιν

210 347 340 382 audisset,
354 347 452 384 inquit,
466 348 573 382 Petrus,
588 347 662 384 quod
678 347 812 375 moriatur
825 355 874 383 pro
888 347 1008 382 Christo,

210 393 279 421 dixit
301 403 308 421 :
332 394 368 421 Et
388 393 507 420 Joannes
534 392 618 429 quid?
638 400 706 420 num
730 392 864 420 morietur
885 396 913 420 et
936 393 1009 428 ipse?

210 437 334 466 Christus
357 441 448 466 autem
470 437 523 465 hoc
541 445 597 465 non
620 437 734 473 rejecit:
757 437 852 465 Omnis
873 438 947 465 enim
962 437 1008 473 qui

209 486 291 511 natus
302 486 354 518 est,
364 482 450 511 etiam
461 482 605 510 morietur.
617 482 696 510 Dixit
707 486 800 510 autem
814 491 821 509 :
837 491 851 508 ι
859 482 885 510 Si
896 483 1008 510 voluero

211 535 335 561 manere,
351 537 366 555 η
380 527 407 556 id
417 531 459 556 est
473 527 562 555 vivere
576 535 640 555 eum
653 535 739 564 usque
751 527 785 555 ad
794 528 1010 555 consummatio-

211 580 273 600 nem
285 572 386 606 sazculi,
397 576 428 600 ut
442 575 471 600 et
479 576 546 600 tunc
554 571 587 600 de
598 580 642 600 me
652 576 776 601 testetur.
789 572 870 601 Unde
880 577 907 600 et
914 572 1010 600 dicunt

209 616 302 645 vivere
317 624 394 651 eum,
408 621 436 645 et
447 617 481 645 ab
496 616 664 645 Antichristo
679 617 859 646 occidendum
871 625 936 645 cum
949 618 1009 646 Elia

210 661 405 698 praedicantem
415 661 564 690 Christum.
575 662 709 697 Quamvis
716 666 809 690 autem
817 666 844 690 et
850 670 1010 691 monumen-

209 711 271 735 tum
285 707 344 743 ejus
358 707 532 741 ostendatur,
548 707 614 743 quid
627 707 695 736 hoc?
711 708 781 735 Nam
794 708 887 735 vivens
899 707 1010 744 quidem

210 751 350 787 ingressus
368 755 411 780 est
429 752 457 779 in
471 751 548 785 illud,
569 756 597 779 et
611 751 708 780 deinde
726 752 884 785 translatus,
898 753 970 780 sicut
983 757 1011 780 et

211 796 308 824 Euoch
336 801 364 824 et
388 796 470 824 Elias.
493 797 580 832 Igitur
601 797 766 833 evangelista
790 797 886 824 evertit
910 796 1009 825 falsam

210 840 367 876 opinionem
386 841 602 869 existimantium
617 841 691 877 quod
706 849 763 869 non
776 841 910 869 moriatur
924 841 1006 870 disci-

210 885 289 921 pulus
300 885 356 920 hic,
366 885 415 913 sed
428 885 590 914 immortalis
601 886 645 914 sit.
661 887 732 914 Vere
745 886 818 914 enim
833 886 1007 914 mendacium

210 933 263 964 est,
296 930 483 958 immortalem
508 938 567 958 esse
596 930 749 959 hominem.
774 932 907 968 Quamvis
933 931 1006 959 enim

1062 346 1108 376 xui
1123 347 1201 376 αὐτὸν
1224 347 1359 382 εὖδοκήσω
1377 347 1442 386 πρὸς
1456 346 1487 377 τὸ
1505 347 1630 388 κήρυγμα
1649 347 1801 388 ἐξαγαγεῖν.
1824 348 1858 378 Σὲ

1063 392 1111 431 μὲν
1129 391 1180 432 γὰρ
1197 393 1243 420 νῦν
1265 391 1351 431 ἐξάγω
1375 392 1419 422 ἐπὶ
1442 392 1490 428 τὴν
1513 392 1677 432 προστασίαν
1704 395 1754 428 τῆς
1777 393 1860 423 οἰκου-

1063 436 1160 474 μένης,
1178 436 1224 466 καὶ
1244 450 1256 464 α
1277 437 1415 466 ἀκολούθει
1432 448 1478 475 μοι
1489 448 1496 456 ο
1522 451 1534 463 ν
1551 437 1630 471 αὐτὸς
1651 437 1677 467 δὲ
1703 437 1807 476 μενέτω
1822 439 1860 468 ἐν·

1063 484 1146 511 ταῦθα
1157 506 1164 518 ,
1179 482 1230 515 ἕως
1253 477 1283 511 οῖ
1306 482 1387 511 πάλιν
1403 482 1471 511 ἔλθω
1481 505 1490 519 ,
1509 482 1556 511 καὶ
1576 482 1659 516 ἐξάξω
1673 482 1756 512 αὖτὸν
1771 482 1860 523 ὥσπερ

1063 530 1108 556 καὶ
1125 526 1166 557 σέ.
1192 525 1270 560 Τινὲς
1292 526 1319 556 δὲ
1339 526 1420 560 οὕτως
1434 529 1522 556 νοοῖῐσι
1536 539 1544 546 ·
1560 526 1709 566 Ἀκούσας,
1729 527 1828 568 φασὶν,
1848 529 1861 556 6

1065 571 1165 611 Πέτρος
1178 596 1183 607 ,
1200 571 1240 600 ὅτι
1257 574 1374 601 θανεῖται
1389 571 1455 611 ὑπὲρ
1471 572 1589 611 Χριστοῦ
1599 594 1608 610 ,
1631 567 1722 608 εἶπεν,
1736 567 1788 601 γὸτι
1809 572 1861 602 Καὶ

1064 615 1191 652 Ἰωάννης
1214 616 1259 656 1i;
1274 618 1303 645 οὖ
1325 616 1444 646 θανεῖται
1466 616 1511 646 καὶ
1531 615 1625 653 uti-16¢;
1650 615 1683 646 Ὁ
1700 616 1730 646 δὲ
1747 616 1861 656 Χριστὸς

1064 662 1112 691 οὐχ
1133 660 1299 701 ἀπηγόρευσε
1316 661 1364 700 μὲν
1380 663 1458 690 τοῦτο
1474 661 1540 701 (πᾶς
1555 659 1607 701 γὰρ
1627 662 1641 690 6
1655 661 1801 700 γεννηθεὶς,
1816 662 1859 691 καὶ

1064 706 1207 745 θανεῖται),
1233 701 1292 735 εἶπε
1317 706 1405 743 δὲτὸ,
1425 719 1438 733 α
1454 705 1521 736 Ἐὰν
1546 705 1615 735 θέλω
1638 706 1718 736 αὒτὸν
1738 706 1835 744 μένειν·
1848 720 1860 732 ι

1063 750 1182 780 τουτέστι
1194 773 1202 788 ,
1228 752 1284 790 Ζῇν
1303 751 1366 791 ἄχρι
1389 752 1436 786 τῆς
1456 752 1502 780 τοῦ
1520 749 1622 790 κόσμου
1637 750 1805 787 συντελείας,
1818 750 1860 780 καὶ

1063 795 1122 825 τότε
1138 797 1307 836 μαρτυρῆσαι
1331 795 1391 836 περὶ
1407 796 1483 834 ἐμοῦ.
1498 793 1581 826 Ὅθεν
1602 796 1649 825 καί
1663 807 1731 836 φασι
1753 797 1800 834 ζῇν
1816 796 1859 824 αὖ·

1061 840 1123 877 τὸν,
1142 841 1194 870 ὑπὸ
1217 840 1244 870 δὲ
1266 843 1312 869 τοῦ
1336 839 1516 880 Ἄντιχρίστου
1541 840 1647 878 μέλλειν
1669 841 1856 880 ἀναιρεθῆναι,

1061 884 1108 914 σὺν
1124 886 1161 925 τῷ
1185 884 1265 925 Ἠλίᾳ
1289 884 1452 924 κηρύττοντοι
1475 885 1520 914 τὸν
1549 885 1676 925 Χριστόν.
1705 885 1740 915 Εἰ
1764 885 1792 914 δὲ
1815 885 1857 914 καὶ

1062 933 1155 969 μνῆμα
1171 930 1251 960 αὐτοῦ
1275 929 1424 966 δείκνυται,
1444 929 1470 959 τί
1485 932 1579 968 τοῦτο,
1599 931 1658 959 Ζῶν
1674 929 1724 968 μὲν
1739 930 1792 970 γὰρ
1808 931 1858 959 εἰσ-

211 974 305 1002 Enoch
318 979 346 1003 et
357 975 452 1003 Helias
471 982 526 1003 non
541 976 598 1004 sint
611 976 724 1010 mortui,
739 980 859 1004 attamen
879 976 1005 1004 mortales

1061 976 1137 1011 ἦλθεν
1157 975 1184 1004 ἐν
1201 975 1290 1015 αὐτῷ,
1310 970 1367 1004 εἶτα
1389 974 1521 1013 μετέστη,
1540 973 1631 1015 ὥσπερ
1643 976 1689 1004 καὶ
1709 975 1803 1015 Ἐνὼχ
1815 975 1858 1004 καὶ

209 1023 284 1048 sunt.
295 1021 334 1048 Ita
346 1024 374 1047 et
385 1019 430 1047 hic
444 1028 554 1056 quoque
566 1021 692 1057 quamvis
703 1029 758 1048 non
770 1021 854 1049 fuerit
867 1026 1005 1056 mortuus,

209 1068 304 1093 tamen
316 1065 459 1094 morietur.
475 1066 560 1101 Igitur
571 1065 645 1102 quod
657 1075 671 1093 ιι
685 1074 742 1094 non
754 1066 881 1099 moritur,
893 1076 907 1092 ιι
924 1066 951 1094 id
965 1071 1006 1094 est

209 1109 373 1137 immortalis
395 1110 440 1144 sit,
466 1109 567 1138 falsum
594 1115 645 1138 est.
671 1111 721 1138 Alii
746 1115 839 1138 autem
864 1111 1007 1139 afﬁrmant

210 1154 284 1190 quod
305 1159 430 1183 mortuus
452 1154 536 1183 fuerit
562 1164 569 1183 :
594 1159 622 1184 et
646 1155 720 1191 quod
746 1155 824 1188 dicit,
851 1164 865 1181 «
888 1156 917 1183 Si
943 1163 1006 1183 eum

208 1199 321 1227 voluero
352 1207 472 1233 manere,
501 1209 517 1226 ν
554 1200 712 1236 intelligunt
741 1199 811 1228 sicut
838 1199 1006 1236 interpretati

209 1251 317 1272 sumus.
330 1244 436 1272 Omnes
444 1244 589 1280 opiniones
598 1244 715 1272 diximus
726 1252 733 1271 :
744 1252 780 1272 ne
789 1252 871 1280 quam
880 1245 1008 1281 ignorent

208 1288 332 1316 studiosi.
346 1289 433 1316 Nobis
447 1293 540 1317 autem
558 1289 656 1324 placet,
672 1289 755 1324 773
769 1293 810 1323 ut,
829 1299 843 1316 «
858 1289 946 1318 donec
959 1297 1007 1317 ve-

208 1332 293 1366 niam,
303 1342 317 1359 »
330 1333 498 1370 intelligatur
504 1333 575 1361 sicut
581 1333 777 1370 Chrysostomo
787 1333 880 1362 divino
888 1338 915 1362 et
925 1342 1008 1362 aureo

208 1377 245 1406 illi
257 1378 297 1406 ori
313 1378 432 1413 videtur,
445 1386 501 1406 non
515 1377 551 1406 de
560 1378 624 1412 vita,
637 1377 686 1406 sed
696 1377 770 1414 quod
780 1386 836 1406 non
846 1379 1008 1415 sitjungen-

208 1421 259 1450 dus
274 1424 366 1451 Petro.

1059 1019 1165 1054 Ἠλίας.
1183 1019 1335 1060 Ἀνατρέπει
1354 1019 1441 1049 τοίνυν
1455 1022 1469 1049 6
1488 1020 1680 1059 εὖαγγελιστῆς
1706 1020 1758 1055 τὴν
1779 1020 1858 1061 ψευδῆ

1058 1064 1134 1098 δόξαν
1156 1065 1207 1093 τῶν
1225 1065 1353 1102 οἰομένων
1365 1086 1374 1101 ,
1394 1064 1435 1094 ὅτι
1450 1065 1498 1094 οὖκ
1522 1063 1684 1100 ἀποθνήσκει
1699 1066 1714 1094 6
1742 1064 1858 1104 μαθητὴς

1059 1105 1150 1146 οὗτος,
1173 1110 1233 1150 ἀλλ’
1257 1109 1384 1142 ἀθάνατος
1409 1109 1497 1140 ἔσται.
1518 1109 1624 1143 Ψευδὲς
1643 1109 1695 1150 γὰρ
1712 1110 1814 1146 ὅντως,
1829 1109 1858 1138 τὸ

1062 1155 1190 1184 ἀθάνατον
1205 1149 1272 1183 εἶναι
1286 1154 1434 1194 ἄνθρωπον.
1454 1153 1513 1184 Κᾶν
1528 1154 1580 1195 γὰρ
1597 1149 1688 1194 Ἑνὼχ
1701 1155 1750 1184 xui
1765 1154 1856 1195 Ἠλίας

1061 1200 1108 1228 οὐκ
1123 1198 1268 1235 ἀπέθανον,
1289 1193 1347 1228 ἀλλ’
1369 1198 1440 1237 ὅμως
1459 1193 1738 1234 θνητοίξοῧτωςγοῧν
1754 1199 1799 1229 xui
1818 1193 1857 1228 οὗ·

1061 1255 1123 1281 τος,
1140 1243 1190 1272 κᾶν
1212 1244 1260 1272 οὖχ
1281 1244 1425 1280 ἀπέθανεν,
1452 1245 1512 1272 ἀλλ’
1533 1244 1721 1275 ἀποθανεῖται.
1746 1244 1787 1275 Τὸ
1802 1238 1858 1280 οὖν,

1065 1300 1080 1316 α
1097 1288 1157 1318 Οὐκ
1185 1288 1363 1326 ἀποθνήσκει,
1389 1298 1406 1317 1)
1434 1287 1590 1327 τουτέστιν,
1616 1288 1750 1322 ἀθάνατος
1775 1288 1858 1324 ἔσται,

1062 1333 1164 1373 ψευδές.
1180 1331 1272 1363 Ἄλλοι
1288 1333 1315 1362 δὲ
1328 1332 1556 1369 διαϐεϐαιοῦνται,
1571 1332 1610 1362 ὅτι
1622 1333 1751 1364 ἀπέθανε.
1767 1333 1806 1363 Τὸ
1821 1332 1856 1370 δὲ,

1066 1389 1081 1405 α
1094 1377 1159 1408 Ἐὰν
1180 1377 1248 1406 θέλω
1270 1377 1350 1407 αὐτὸν
1373 1377 1475 1415 μένειν,
1490 1392 1502 1404 ν
1525 1379 1559 1412 ὡς
1577 1377 1676 1407 ἄνωθεν
1688 1377 1857 1417 ἡρμηνεύσα-

1065 1434 1123 1460 μεν,
1139 1422 1208 1452 οὕτω
1221 1425 1321 1453 νοοῦσι.
1349 1422 1445 1456 Πάσας
1461 1423 1487 1452 δὲ
1503 1422 1550 1455 τὰς
1565 1422 1640 1457 δόξας
1655 1422 1780 1461 εἴπομεν,
1795 1420 1857 1461 ὑπὲρ

207 1470 253 1497 τοῦ
268 1467 402 1506 μηδεμίαν
428 1467 578 1506 ἀγνοεῖσθαι
599 1471 654 1501 τοῖς
676 1468 858 1508 φιλομαθέσιν·
883 1469 918 1501 ὣς
932 1469 997 1506 ἡμῖν
1014 1479 1044 1508 γε
1058 1467 1104 1504 τὸ,
1132 1481 1143 1493 ι
1164 1467 1282 1505 Μένειν,
1305 1466 1354 1500 ἕως
1375 1469 1507 1506 ἔρχομαι,
1525 1480 1536 1493 ι
1555 1467 1637 1501 οὕτως
1659 1467 1770 1506 ἀρέσκει
1794 1471 1856 1496 νοεῖ·

208 1515 284 1548 σθαι,
306 1514 340 1546 ὡς
360 1513 398 1552 τῷ
423 1513 484 1552 θείῳ
507 1512 553 1541 xui
577 1513 670 1553 χρυσῷ
694 1512 743 1549 τὴν
771 1513 892 1551 γλῶτταν
915 1512 1028 1552 Ἰωάννῃ
1052 1513 1140 1550 δοκεῖ,
1164 1513 1223 1552 οὐχὶ
1247 1511 1308 1551 περὶ
1333 1513 1380 1547 τῆς
1401 1513 1487 1548 ζωῆς,
1505 1512 1575 1542 ἀλλὰ
1597 1512 1658 1552 περὶ
1676 1516 1724 1543 τοῦ
1748 1512 1785 1552 μὴ
1805 1523 1857 1541 συν-

209 1558 329 1596 εζεῢχθαι
343 1558 381 1597 τῷ
398 1557 504 1597 Πέτρῳ.

243 1607 334 1634 Vsus.
349 1608 394 1639 24,
413 1609 458 1633 25.
475 1615 489 1632 (ι
510 1606 563 1634 Hic
577 1609 618 1634 est
631 1605 781 1642 discipulus
800 1607 845 1635 ille
859 1607 906 1643 qui
927 1606 1005 1635 testi-
1023 1617 1047 1649 ο

208 1651 336 1679 monium
350 1649 474 1686 perhibet
493 1650 527 1679 de
542 1650 605 1684 his,.
618 1655 646 1679 et
660 1651 768 1688 scripsit
783 1651 852 1686 haec,
865 1656 893 1679 et
903 1652 1006 1680 scimus

208 1694 284 1731 quod
306 1702 399 1723 verum
415 1698 456 1723 est
477 1695 672 1724 testimonium
699 1696 768 1732 ejus.
785 1698 855 1724 Sunt
869 1700 962 1725 autem
980 1701 1007 1725 et

207 1739 258 1767 alia
282 1739 369 1767 multa
385 1747 447 1776 qum
469 1738 537 1768 fecit
550 1741 640 1774 Jesus,
656 1749 719 1777 quae
733 1741 756 1769 si
777 1741 936 1769 scribantur
960 1749 1008 1777 per

207 1784 323 1820 singula,
344 1793 394 1813 nec
417 1784 484 1821 ipse,
511 1785 619 1822 opinor,
638 1785 761 1814 mundus
775 1790 885 1822 caperet
899 1794 946 1815 eos
960 1787 1006 1822 qui

207 1829 392 1858 scriberentur
414 1829 507 1858 libros.
529 1840 543 1857 »
569 1832 663 1867 Quare
687 1839 751 1859 cum
773 1832 863 1859 nullus
888 1838 1005 1868 evange-

207 1873 330 1902 listarum
355 1874 424 1903 alius
447 1875 482 1904 de
513 1875 605 1912 seipso
629 1875 786 1912 perhiberet
801 1877 1005 1911 testimonium,

207 1919 251 1947 hic
270 1919 305 1947 de
321 1919 412 1955 seipso
434 1922 568 1948 testatur?
590 1921 698 1949 Dicitur
718 1925 876 1957 postremus
889 1921 925 1949 ad
940 1921 1007 1949 scri-

206 1963 328 1992 bendum
351 1965 508 1998 accessisse,
528 1973 592 1993 cum
614 1971 710 1994 motus
733 1969 761 1993 et
781 1966 914 1993 excitatus
935 1969 1008 1994 esset

206 2009 238 2037 ad
253 2009 280 2037 id
296 2017 344 2045 per
358 2009 505 2038 Christum.
522 2011 558 2037 Et
571 2015 683 2046 propter
698 2009 751 2038 hoc
765 2017 838 2045 saepe
851 2009 1007 2038 dilectionis

205 2053 341 2089 meminit,
357 2055 508 2083 ostendens
527 2062 639 2083 causam
657 2058 768 2091 propter
787 2062 868 2090 quam
890 2054 924 2082 ad
939 2055 1007 2082 scri-

206 2098 329 2127 bendum
350 2100 503 2134 accesserit,
530 2099 604 2135 quod
626 2099 753 2127 Christus
767 2099 939 2127 commiserit
953 2099 1006 2128 hoc

205 2151 276 2179 opus
300 2143 335 2177 ei,
363 2144 409 2180 qui
424 2152 481 2181 prae
495 2143 553 2172 aliis
574 2144 664 2180 magis
685 2143 858 2180 diligebatur.
886 2145 923 2172 Et
936 2144 1003 2180 scio,

205 2187 301 2224 inquit,
327 2188 402 2224 quod
433 2195 496 2216 vera
522 2187 599 2220 dicit,
627 2187 680 2215 hoc
705 2191 756 2222 est,
788 2188 878 2216 Certis
898 2188 1006 2217 indiciis

204 2238 380 2270 compertum
395 2233 509 2267 habens,
524 2233 622 2269 scripsi
636 2240 697 2269 quae
719 2233 830 2269 scripsi,
845 2237 941 2270 utpote
959 2234 1005 2270 qui

1106 1615 1118 1628 α
1134 1597 1220 1635 Οὗτός
1244 1601 1315 1630 ἐστιν
1338 1602 1352 1630 6
1375 1600 1496 1640 μαθητὴς
1517 1602 1531 1630 6
1553 1603 1694 1642 μαρτυρῶν
1719 1601 1779 1643 περὶ
1803 1600 1858 1631 τοῦ-

1064 1658 1117 1676 των
1132 1669 1140 1685 ,
1161 1646 1207 1676 xui
1229 1646 1333 1687 γράψας
1348 1649 1435 1675 ταῦτα
1450 1657 1456 1664 ·
1483 1646 1529 1675 xui
1549 1646 1673 1685 οἴδαμεν,
1695 1647 1738 1676 δτι
1764 1645 1857 1682 ἀληθής

1062 1693 1131 1721 ἐστιν
1148 1695 1165 1728 ἡ
1187 1691 1322 1731 μαρτυρία
1338 1691 1430 1720 αὖτοῧ.
1450 1689 1532 1720 Ἔστι
1554 1689 1582 1720 δὲ
1598 1691 1644 1721 xui
1668 1691 1740 1721 ἄλλα
1758 1690 1853 1726 πολλὰ,

1062 1737 1111 1766 ὅσα
1125 1737 1249 1772 ἐποίησεν
1260 1738 1282 1777 νδ
1297 1736 1400 1772 Ἰησοῦς
1412 1759 1418 1771 ,
1436 1735 1514 1765 ἅτινα
1531 1735 1577 1766 ἐὰν
1591 1735 1729 1777 γράφηται
1749 1736 1806 1766 καθ’
1819 1735 1855 1773 ἓν,

1060 1781 1119 1811 οὐδὲ
1144 1782 1221 1811 αὐτὸν
1237 1776 1313 1820 οἶμαι
1329 1780 1373 1809 τὸν
1386 1780 1485 1818 κόσμον
1507 1782 1633 1821 χωρῆσαι
1651 1776 1691 1810 γτὰ
1707 1780 1856 1822 γραφόμενα

1063 1826 1165 1865 βιϐλία.
1184 1840 1195 1852 ιι
1224 1826 1304 1859 Τίνος
1326 1825 1412 1855 ἕνεκεν
1439 1825 1550 1863 μηδενὸς
1573 1827 1627 1856 τῶν
1648 1826 1740 1855 ἄλλων
1755 1827 1858 1865 εὖαγγι-

1061 1872 1158 1901 λιστῶν
1184 1869 1403 1911 μαρτυρήσαντος
1429 1871 1533 1910 ἑαυτῷ,
1558 1866 1633 1904 οὗτος
1648 1874 1779 1911 μαρτυρεί
1800 1869 1856 1909 περὶ

1062 1918 1159 1953 αὑτοῦ,
1175 1917 1289 1955 Λέγεται
1302 1915 1411 1954 ὕστερον
1426 1915 1491 1955 πρὸς
1506 1914 1537 1945 τὸ
1560 1915 1671 1955 γράφειν
1688 1916 1788 1952 ἐλθεῖν,
1812 1915 1854 1943 τοῦ

1061 1961 1179 2000 Χριστοῦ
1218 1960 1374 1995 κινήσαντος
1409 1959 1487 1989 αὐτὸν
1515 1960 1560 1989 xui
1589 1960 1776 2000 διεγείραντος,
1809 1957 1855 1989 Διᾶ

1060 2007 1139 2034 τοῦτο
1163 2004 1209 2034 xui
1232 2005 1367 2043 μέμνηται
1391 2005 1507 2044 συνεχῶς
1535 2007 1582 2041 τ’ἤς
1608 2004 1731 2044 ἀγάπης,
1759 2002 1855 2036 δεικνὺς

1060 2049 1109 2085 τὴν
1124 2049 1211 2079 αἰτίαν
1226 2050 1270 2090 ἀφ’
1283 2045 1314 2085 ἧς
1332 2048 1376 2078 ἐπὶ
1391 2048 1421 2078 τὸ
1434 2049 1542 2089 γράφειν
1562 2045 1641 2086 ἦλθεν
1653 2073 1662 2088 ,
1677 2049 1726 2079 xui
1741 2050 1780 2079 ὅτι
1796 2050 1855 2087 ἄγα-

1059 2094 1177 2134 πωμένῳ
1202 2095 1254 2124 τῶν
1280 2094 1369 2122 ἄλλων
1392 2093 1510 2134 μάλιστα
1541 2094 1686 2134 ἐνεχείρισε
1719 2097 1798 2125 τοῦτο
1826 2091 1854 2121 τὸ

1061 2139 1135 2178 ἔργον
1157 2141 1171 2168 6
1188 2138 1314 2178 Χριστός.
1334 2139 1388 2168 Καὶ
1410 2133 1480 2175 οἶδα,
1498 2133 1587 2179 φησὶ,
1601 2133 1641 2168 ὅτι
1658 2140 1746 2176 ἀληθῆ
1766 2138 1853 2177 λέγει’

1059 2183 1196 2220 τουτέστι,
1220 2183 1437 2224 Πληροφορηθεὶς
1461 2183 1584 2224 ἔγραψα,
1612 2183 1629 2212 ἃ
1653 2183 1779 2224 ἔγραψα,
1805 2181 1849 2211 ἅτε

1059 2234 1128 2259 πᾶσι
1140 2228 1234 2268 παρὼν
1246 2251 1254 2265 ,
1265 2228 1314 2258 καὶ
1328 2232 1383 2262 τοῖς
1396 2227 1482 2268 ἔργοις
1495 2229 1541 2258 xui
1555 2228 1610 2262 τοῖς
1622 2228 1708 2268 λόγοις
1719 2251 1728 2267 ,
1746 2228 1791 2258 καὶ
1804 2229 1853 2258 τοῖς

206 2278 317 2306 interfui
341 2278 472 2306 omnibus
491 2278 676 2311 sermonibus,
703 2281 731 2306 et
750 2277 880 2314 operibus
898 2282 926 2306 et
945 2287 1005 2314 pas-

1061 2273 1156 2303 πάθεσι
1166 2296 1174 2310 ,
1189 2273 1234 2302 xui
1249 2277 1301 2306 τοῖς
1316 2272 1386 2310 μετὰ
1398 2273 1446 2309 τὴν
1460 2272 1616 2303 ἀνάστασιν.
1634 2272 1784 2312 Ἀγαπητὸς
1804 2270 1851 2311 γὰρ

204 2323 327 2351 sionibus
340 2327 367 2350 et
382 2323 426 2350 his
440 2331 501 2359 quae
517 2327 578 2359 post
593 2323 822 2351 resurrectionem
835 2323 1003 2352 acciderunt.

205 2366 327 2394 Dilectus
349 2367 422 2394 enim
448 2374 534 2402 eram,
555 2370 582 2395 et
601 2375 658 2395 non
676 2367 849 2402 excludebar,
870 2371 953 2404 atque
968 2368 1003 2396 ita

204 2410 320 2439 ﬁdenter
334 2415 361 2439 et
375 2410 409 2439 de
421 2412 525 2448 meipso
539 2411 602 2440 dico
617 2412 692 2448 quod
707 2421 769 2440 vera
784 2412 856 2447 dico,
872 2421 1003 2449 provoca-

205 2460 250 2484 tus
264 2460 294 2483 ut
307 2455 476 2492 exquirerem
492 2465 554 2493 qua,I
570 2457 639 2485 facta
649 2462 725 2493 sunt,
741 2461 768 2486 et
776 2458 883 2494 singula
898 2458 1003 2486 exami-

203 2508 312 2528 narem.
326 2502 444 2529 Prorsus
453 2506 547 2530 autem
560 2502 681 2530 solemus
691 2510 742 2530 nos
753 2502 880 2531 homines
892 2503 1003 2538 quando

204 2545 273 2573 bene
295 2545 406 2574 ﬁdimus
419 2547 526 2574 veritati
546 2555 722 2584 nequaquam
737 2547 894 2576 testimonia
908 2551 1002 2575 nostra

203 2598 330 2619 recusare
354 2599 362 2619 :
384 2590 414 2619 id
437 2590 513 2628 quod
536 2595 564 2620 et
584 2592 699 2628 apostoli
721 2591 850 2620 dicebant
873 2602 879 2619 :
907 2600 921 2617 «
944 2593 1001 2620 Nos

202 2643 298 2664 sumus
312 2640 395 2664 testes
409 2644 506 2664 eorum
525 2644 587 2673 quae
601 2636 728 2671 dicimus,
741 2640 769 2665 et
783 2636 900 2673 Spiritus
919 2645 1002 2673 quem

202 2680 278 2710 dedit
291 2681 484 2710 obedientibus
498 2682 559 2710 sibi.
575 2691 588 2708 »
606 2681 690 2711 Unde
704 2686 798 2710 autem
814 2681 1001 2717 manifestum,

202 2726 300 2762 inquit,
316 2726 391 2762 quod
403 2734 465 2754 vera
478 2726 579 2761 dicam,
603 2730 630 2754 et
649 2735 705 2755 non
717 2727 811 2756 aduler
822 2727 1003 2764 praeceptori?

203 2772 243 2799 Ex
258 2779 290 2799 eo
312 2771 386 2807 quod
409 2771 496 2800 multa
517 2772 711 2808 praetermitto,
734 2772 807 2801 unde
825 2772 1001 2808 perspicuum

204 2816 278 2852 quod
299 2824 355 2844 non
370 2815 475 2845 aduler.
498 2817 553 2852 Qui
573 2817 646 2845 enim
665 2817 848 2854 ignominiosa
867 2817 961 2845 omnia
975 2817 1002 2844 in

203 2860 327 2888 medium
341 2861 453 2896 protuli,
468 2865 561 2890 etnon
576 2862 718 2897 abscondi,
733 2862 807 2899 quod
817 2870 881 2890 eum
891 2866 918 2890 et
932 2869 1002 2898 prae.

203 2905 385 2934 varicatorem
407 2905 483 2942 legis,
498 2910 526 2935 et
543 2906 717 2936 seductorem
731 2908 956 2941 nominaverunt,
974 2910 1002 2934 et

1058 2318 1150 2357 ἤμην,
1166 2318 1211 2347 xui
1235 2319 1283 2347 οὖκ
1307 2317 1546 2357 ἅπελιμπανόμην.
1565 2316 1654 2348 Ὥστε
1675 2317 1852 2359 παῤῥησιάζοσ

1059 2375 1122 2402 μαι,
1141 2363 1187 2393 xui
1209 2363 1271 2404 περὶ
1286 2363 1403 2401 ἐμαυτοῦ
1422 2362 1506 2403 λέγω,
1531 2362 1572 2392 ὃτι
1594 2363 1736 2400 ἀληθεύω,
1751 2371 1850 2402 προκαη

1057 2409 1184 2446 λούμενος
1206 2407 1336 2442 ἐξετάζειν
1363 2407 1397 2436 τὰ
1426 2407 1611 2447 γεγενημένα,
1632 2407 1679 2437 καὶ
1705 2406 1851 2447 βασανίζειν

1057 2453 1115 2482 καθ’
1140 2453 1260 2483 ἕκαστον.
1289 2452 1430 2491 Εἰώθαμεν
1459 2452 1488 2481 δὲ
1518 2453 1624 2485 πάντως
1651 2453 1674 2482 οἱ
1703 2452 1849 2492 ἄνθρωποι,

1057 2497 1120 2528 ὅταν
1146 2497 1248 2538 σφόδρα
1270 2498 1410 2538 θαῤῥῶμεν
1437 2497 1481 2527 ἐπὶ
1568 2497 1695 2538 ἀληθείᾳ,
1723 2496 1850 2536 μηδέποτι

1056 2543 1106 2579 τὴν
1120 2545 1222 2573 ἑαυτῶν
1243 2542 1391 2583 μαρτυρίαν
1415 2545 1567 2583 ἀρνεῖσθαι,
1589 2543 1655 2583 ὅπερ
1677 2543 1724 2572 καὶ
1744 2545 1768 2573 οἱ
1789 2539 1848 2570 ἀπό-

1057 2590 1146 2618 στολοι
1167 2588 1274 2627 ἔλεγον·
1300 2601 1313 2615 ι
1332 2587 1428 2626 Ἡμεῖς
1450 2589 1530 2627 ἔσμεν
1558 2588 1689 2629 μάρτυρες
1715 2583 1752 2618 ὧν
1775 2584 1849 2624 λέγο-

1058 2645 1125 2672 μεν,
1141 2632 1187 2662 καὶ
1201 2633 1230 2662 τὸ
1248 2634 1375 2670 Πνεῦμα,
1392 2631 1406 2661 ὃ
1421 2632 1502 2662 ἔδωκε
1527 2636 1582 2666 τοῖς
1603 2635 1789 2674 πειθαρχοῦσιν
1804 2630 1848 2674 ut}?

1057 2680 1104 2718 τῷ.
1117 2692 1128 2703 ι
1144 2677 1228 2708 Πόθεν
1245 2677 1272 2706 δὲ
1289 2678 1368 2713 δῆλον
1377 2699 1386 2714 ,
1400 2677 1440 2707 ὅτι
1460 2676 1569 2714 Ἀληθῆ,
1582 2677 1665 2718 φησὶ,
1676 2673 1757 2718 λέγω,
1768 2674 1811 2706 καὶ
1819 2673 1846 2702 οὗ

1056 2722 1201 2764 χαρίζομαι
1215 2723 1253 2763 τῷ
1275 2722 1446 2763 διδασκάλῳς
1470 2722 1525 2752 Καὶ
1546 2723 1576 2751 ἐκ
1590 2725 1636 2752 τοῦ
1648 2724 1682 2752 τὰ
1699 2721 1783 2752 πολλᾶ
1798 2729 1847 2764 πᾳ·

1058 2769 1193 2809 ραλιπεῖν,
1209 2767 1266 2797 ὅθεν
1281 2768 1375 2804 δῆλον,
1389 2767 1430 2796 ὅτι
1444 2768 1492 2796 οὖκ
1511 2766 1543 2796 ἂν
1560 2767 1736 2808 ἐχαρισάμην.
1751 2766 1784 2796 Ὀ
1799 2763 1846 2802 γὰρ

1056 2813 1089 2842 τὰ
1104 2812 1268 2841 ἐπονείδιστα
1284 2812 1374 2842 πάντα
1391 2812 1426 2846 εἰς
1449 2812 1528 2850 μέσον
1547 2811 1615 2848 θεὶς,
1635 2812 1680 2841 xui
1696 2811 1762 2852 μηδὲ
1777 2811 1846 2852 τοῦτο

1057 2857 1296 2897 ἀποκρυψάμενος,
1314 2856 1354 2886 ὅτι
1377 2856 1422 2886 xui
1445 2857 1543 2894 ἄνομον
1565 2857 1642 2886 αὐτὸν
1665 2857 1790 2887 ἐκάλεσαν
1803 2850 1844 2882 καὶ

1056 2901 1156 2931 πλάνον
1166 2924 1176 2938 ,
1192 2902 1237 2931 καὶ
1255 2902 1422 2940 δαιμονῶντα
1434 2923 1442 2939 ,
1465 2900 1574 2937 εὔδηλον
1589 2900 1631 2931 ὅτι
1651 2902 1699 2931 οὐχ
1715 2901 1746 2931 ἃν
1761 2901 1846 2939 ἐχαριι
