1927 3076
190 237 242 265 319
582 233 628 261 AD
647 232 906 262 THEOPHYLACTI
927 233 1174 263 EXPOSITIONEM
1195 235 1228 262 IN
1246 235 1278 263 D.
1299 234 1444 263 PAULUM.
1790 236 1841 263 320

635 379 1176 458 THEOPHYL
1186 377 1400 459 ACTI

769 509 969 537 BULGARI/E
987 509 1262 539 ARCHIEPISCOPI

354 589 432 652 IN
478 587 734 653 OMNES
783 589 949 654 DIVI
995 587 1223 655 PAULI
1269 587 1686 655 EPISTOLAS

722 707 1300 768 COMMENTARIUS.

1643 305 1808 312 ..-

1812 305 1831 318 =

572 893 837 932 PHILIPPI
874 893 1131 934 MONTANI
1164 894 1468 934 PRZEFATIO

831 971 898 1004 (Edit
914 971 987 997 Basil.
1006 971 1062 996 anni
1080 973 1204 1003 MDLIV.)

246 1113 335 1151 Quod
360 1113 395 1145 in
425 1113 735 1145 commentariorum
773 1112 1005 1153 recognitione,
1034 1121 1115 1153 quos
1149 1112 1183 1144 in
1212 1112 1382 1153 Evangelia
1418 1112 1674 1154 Theophylactus
1707 1113 1822 1145 diserte

205 1164 384 1204 scripserat,
408 1172 503 1203 supra
524 1162 646 1203 aliquot
666 1170 768 1194 annos
783 1162 932 1200 fecimus,
951 1161 1038 1194 idem
1054 1170 1181 1202 quoque
1203 1171 1290 1193 nunc
1315 1161 1418 1193 facere
1440 1162 1473 1192 in
1498 1162 1536 1192 iis
1551 1170 1631 1202 quos
1646 1162 1680 1192 in
1709 1171 1822 1194 omnes

206 1212 269 1244 divi
296 1211 384 1243 Pauli
409 1211 564 1252 Epistolas
589 1210 700 1248 edidit,
716 1219 820 1251 operm
845 1211 983 1251 pretium
1010 1210 1173 1247 duximus,
1196 1210 1331 1242 candide
1347 1211 1460 1242 Lector
1478 1220 1486 1242 :
1501 1214 1537 1242 ut
1551 1210 1700 1242 videlicet
1715 1211 1823 1252 aliqua

206 1261 318 1293 saltem
343 1270 380 1292 ex
396 1264 484 1302 parte
504 1260 674 1300 intelligas,
691 1260 771 1291 dum
785 1260 954 1291 emendata
969 1259 1115 1300 quaedam
1131 1259 1336 1300 proferimus,
1356 1264 1513 1300 quantum
1530 1260 1743 1291 commodum
1762 1261 1823 1292 tuis

206 1311 318 1343 studiis
340 1311 454 1342 afferre
477 1310 583 1341 conati
605 1310 705 1341 simus
730 1318 738 1341 :
762 1318 813 1347 ne,
842 1309 928 1350 quod
944 1309 1132 1349 plerumque
1157 1308 1203 1346 ﬁt,
1227 1308 1402 1349 splendidis
1427 1309 1700 1349 typograpborum
1725 1310 1824 1341 titulis

206 1359 263 1392 tibi
277 1359 330 1391 hic
345 1368 471 1400 quoque
486 1359 597 1390 fucum
613 1358 682 1389 fieri
699 1361 801 1399 putes,
822 1362 917 1399 atque
935 1358 978 1389 ita
994 1367 1049 1398 per
1064 1357 1326 1398 imprudentiam,
1345 1358 1621 1399 qualiumcumque
1636 1363 1824 1390 nostrorum

206 1409 356 1441 laborum
380 1409 485 1439 fructu
501 1406 634 1447 privais
658 1415 665 1438 :
687 1407 772 1447 quod
793 1407 960 1438 Germanis
980 1407 1014 1438 in
1033 1406 1252 1446 recognitione
1269 1406 1583 1438 Commentariorum
1608 1407 1824 1447 Chrysostomi

206 1458 291 1499 apud
314 1457 465 1490 Carolum
493 1455 634 1487 Guillard
661 1455 721 1487 sud
744 1456 812 1486 Sole
837 1464 930 1486 aureo
959 1455 1192 1496 impressorum
1220 1464 1338 1496 magno
1366 1455 1585 1488 studiosorum
1614 1455 1824 1488 incommodo

207 1506 378 1546 contigisse
392 1505 675 1537 animadvertimus
700 1513 708 1536 :
734 1513 806 1536 cum
825 1513 866 1536 ne
880 1513 916 1535 ea
931 1504 1063 1545 quidem
1088 1513 1158 1545 qua:
1184 1504 1219 1535 D.
1237 1505 1390 1536 Erasmus
1405 1514 1424 1536 a
1439 1505 1532 1536 nobis
1552 1505 1738 1536 admonitus
1756 1505 1824 1546 ipse

208 1555 405 1593 emendarat,
431 1554 477 1585 illi
499 1554 598 1586 secuti
624 1553 742 1585 fuerint
760 1563 767 1584 :
786 1562 865 1594 quos
884 1553 1015 1594 quidem
1030 1553 1155 1585 labores
1171 1562 1236 1584 non
1262 1563 1374 1594 parvos
1397 1553 1430 1585 in
1448 1558 1534 1585 tuam
1552 1557 1583 1585 et
1604 1554 1823 1586 studiosorum

207 1603 356 1636 omnium
380 1602 552 1634 utilitatem
575 1602 662 1633 haud
683 1601 838 1642 gravatim
860 1602 1070 1643 suscepimus,
1087 1603 1155 1634 fore
1180 1607 1353 1643 sperantes,
1380 1607 1414 1634 ut
1431 1603 1492 1634 Deo
1515 1603 1549 1634 in
1573 1603 1684 1646 primis
1700 1603 1824 1644 optimo

209 1652 352 1684 maximo
367 1652 414 1691 (in
432 1652 525 1691 cujus
539 1651 677 1691 gloriam
693 1659 805 1682 omnes
820 1654 953 1683 conatus
974 1651 1075 1682 nostri
1094 1652 1297 1692 potissimum
1319 1652 1505 1684 incumbere
1521 1652 1654 1690 debent;
1678 1656 1709 1684 et
1732 1653 1826 1693 cujus

208 1701 326 1733 auxilio
341 1700 424 1738 freti,
452 1700 537 1732 istud
552 1699 707 1741 quidquid
730 1703 776 1731 est
791 1699 897 1740 operis
911 1701 1113 1740 tentavimus)
1142 1701 1392 1742 haudquaquam
1417 1701 1533 1742 ingrati
1558 1705 1673 1739 essent,
1701 1705 1732 1733 et
1754 1701 1822 1741 tibi,

209 1749 344 1782 candide
366 1750 488 1788 Lector,
513 1749 599 1781 haud
625 1749 724 1781 cuivis
742 1758 840 1781 sacra:
863 1749 1035 1790 Scripturae
1051 1749 1192 1781 studioso
1221 1758 1286 1782 non
1312 1750 1515 1782 infructuosi.
1545 1749 1607 1781 Sed
1634 1758 1675 1781 ne
1704 1749 1826 1781 diutius

209 1802 241 1830 te
254 1807 408 1838 remorer,
423 1807 460 1830 ea
478 1798 587 1839 paucis
601 1798 709 1839 accipe
730 1807 869 1839 quorum
885 1801 915 1829 te
930 1799 1161 1839 praemonitum
1180 1799 1340 1840 cupimus.

249 1848 312 1880 Nos
323 1848 424 1880 Graeci
443 1847 573 1886 codicis,
591 1857 656 1889 quo
673 1857 750 1879 usus
772 1851 819 1879 est
832 1847 1006 1889 aliquando
1027 1849 1061 1879 D.
1080 1849 1244 1885 Erasmus,
1268 1848 1366 1880 fidem
1384 1857 1481 1888 quam
1496 1847 1661 1889 potuimus
1687 1847 1828 1888 diligen-

210 1898 332 1930 tissime
365 1906 424 1939 pro
453 1900 563 1929 nostro
589 1896 816 1937 qualicumque
841 1895 1060 1927 mediocritate
1084 1898 1183 1930 secuti
1208 1907 1330 1935 sumus,
1358 1897 1419 1929 nisi
1441 1897 1543 1929 sicubi
1566 1897 1671 1928 scriba
1699 1896 1830 1928 dormi-

209 1950 290 1979 tasse
313 1947 475 1979 videretur
502 1956 509 1978 :
537 1946 771 1987 perabsurdum
793 1945 881 1976 enim
897 1944 992 1976 fuerit
1012 1945 1132 1986 ubique
1148 1947 1286 1978 scribam
1312 1947 1449 1978 nitnium
1474 1947 1559 1978 bona
1573 1946 1637 1977 fide
1659 1946 1828 1987 amplecti,

209 1996 272 2028 hoc
298 1999 356 2033 est,
379 2005 445 2027 una
467 2003 542 2027 cum
566 1994 643 2034 ipsis
674 1993 796 2031 erratis,
822 1993 908 2034 quod
936 1994 1106 2026 Lonicerus
1133 1995 1248 2036 smpius
1271 1996 1428 2028 factitasse
1453 1995 1715 2037 deprehenditur.
1749 1996 1832 2027 Usus

211 2048 257 2077 est
278 2049 397 2083 autem,
414 2044 450 2075 ni
469 2044 574 2080 fallor,
604 2043 717 2074 eodem
741 2045 850 2074 nostro
874 2043 1049 2084 exemplari
1076 2053 1083 2076 :
1103 2044 1136 2075 in
1158 2053 1221 2084 quo
1246 2044 1308 2076 divi
1330 2044 1421 2076 Pauli
1447 2048 1611 2077 contextus
1625 2054 1644 2076 a
1666 2044 1833 2085 Theophy-

212 2095 285 2127 lacti
306 2094 413 2135 glossa
425 2096 479 2124 aut
500 2092 604 2133 capita
619 2092 686 2133 ipsa
706 2091 888 2132 frequenter
907 2093 988 2124 male
1004 2093 1256 2133 distinguuntur,
1273 2097 1304 2125 et
1318 2102 1554 2134 nonnunquam
1575 2094 1730 2125 dictiones
1757 2093 1832 2125 alia:

212 2152 271 2185 pro
295 2143 365 2174 aliis
386 2142 622 2174 substituuntur
646 2141 727 2182 (quae
742 2150 792 2173 res
805 2141 899 2174 nobis
925 2151 992 2174 non
1011 2150 1126 2182 parum
1152 2141 1294 2174 exhibuit
1319 2142 1467 2183 negotii);
1493 2142 1610 2183 quibus
1634 2151 1710 2174 sane
1734 2143 1832 2174 resti-

214 2192 341 2224 tuendis
363 2200 426 2232 qua
449 2191 549 2222 simus
575 2190 624 2221 usi
649 2189 796 2222 cautione
821 2191 900 2222 dum
925 2190 1095 2231 diligenter
1119 2191 1329 2231 expendimus
1357 2192 1433 2232 quid
1462 2192 1529 2232 ipse
1550 2195 1661 2222 auctor
1686 2191 1719 2222 in
1746 2200 1832 2232 prm-

215 2241 403 2274 cedentibus
426 2244 481 2272 aut
496 2239 762 2280 subsequentibus
776 2240 928 2272 eumdem
947 2240 1055 2272 locum
1081 2240 1321 2280 attingentibus.
1343 2240 1458 2282 quidve
1480 2241 1725 2281 Chrysostomus
1752 2249 1833 2272 eum

214 2291 323 2323 locum
348 2292 486 2321 tractans
510 2292 565 2321 aut
590 2289 806 2322 OEcumcnius
830 2289 1002 2330 scripserit,
1026 2292 1080 2320 aut
1104 2289 1202 2321 etiam
1226 2289 1389 2322 Porsenna
1412 2294 1501 2322 vetus
1523 2290 1679 2330 interpres
1706 2289 1832 2330 legerit,

215 2340 249 2372 in
266 2339 411 2379 margine
435 2339 534 2370 Graeci
560 2339 690 2377 codicis,
707 2348 804 2380 quem
819 2338 1036 2379 typographus
1057 2338 1145 2370 brevi
1162 2339 1243 2380 typis
1263 2342 1421 2371 excudere
1443 2338 1562 2376 statuit,
1588 2338 1653 2369 suis
1677 2338 1754 2370 locis
1779 2347 1834 2370 ex-

217 2389 381 2430 posuimus
405 2396 412 2419 :
437 2388 498 2419 uti
520 2387 560 2419 ad
585 2388 729 2420 Corinth.
754 2396 815 2426 x1v,
841 2387 978 2417 ἀπόστολοι

1071 2391 1185 2420 iravate
1207 2388 1364 2428 scriptum
1386 2388 1487 2419 fuerat
1510 2396 1568 2428 pro
1593 2387 1715 2420 ἀπίστοις
1735 2389 1765 2417 et
1791 2387 1832 2419 ad

215 2438 314 2470 Galat.
336 2447 364 2477 ν,
383 2437 560 2469 scandalum
583 2437 708 2476 Christi,
732 2446 790 2477 pro
806 2435 957 2468 seandalo
979 2437 1099 2475 crucis;
1117 2446 1188 2478 quae
1203 2437 1333 2478 quidem
1357 2436 1521 2477 scriptoris
1537 2445 1645 2467 errore
1661 2435 1834 2476 contigisse

217 2489 421 2521 vehementer
436 2487 580 2519 admiror
594 2487 787 2519 Lonicerum
807 2494 872 2517 non
891 2485 1151 2518 animadvertisse
1168 2497 1175 2518 :
1199 2495 1274 2518 cum
1288 2485 1338 2517 vel
1361 2495 1399 2517 ex
1421 2495 1497 2517 mox
1517 2485 1723 2526 sequentibus
1739 2484 1833 2517 facile

217 2547 235 2570 a
255 2537 461 2570 mediocriter
476 2536 601 2568 erudito
617 2539 648 2568 et
665 2538 784 2567 attento
806 2543 897 2566 error
920 2534 1117 2575 deprehendi
1133 2535 1279 2575 potuerit.
1297 2535 1376 2566 Item
1392 2535 1432 2566 ad
1445 2534 1563 2575 Ephes.
1580 2543 1588 2564 1
1613 2534 1782 2574 depravata
1795 2534 1834 2566 le-

218 2587 363 2627 gebatur,
380 2587 493 2618 divi/ias
508 2586 601 2623 (latae,
617 2593 692 2616 cum
708 2584 881 2624 legendum
896 2584 1002 2621 fuerit,
1018 2584 1131 2614 divitiae
1146 2584 1264 2624 gloria;
1285 2583 1360 2620 δόξης
1372 2584 1471 2621 enim,
1489 2593 1557 2615 non
1571 2582 1669 2617 δόσεως
1686 2583 1832 2615 scriben-

217 2637 297 2669 dum
320 2636 434 2668 fuerat.
448 2635 564 2672 Quinto
579 2637 688 2665 autem
704 2633 806 2674 capite
826 2634 940 2674 prima;
953 2632 994 2664 ad
1014 2633 1216 2664 Timotheum
1236 2632 1394 2674 Epistolaa,
1411 2633 1520 2664 locum
1544 2632 1577 2663 in
1593 2631 1710 2664 Graecis
1730 2635 1761 2663 et
1774 2632 1833 2663 La-

217 2687 292 2718 tinis
309 2685 459 2716 mutilum
481 2693 517 2715 ex
535 2684 705 2714 Porsenna:
720 2682 857 2723 scriptis,
882 2691 952 2724 qua:
978 2691 1014 2714 eo
1031 2682 1161 2723 quidem
1184 2682 1253 2714 loco
1278 2682 1395 2713 rectius
1419 2682 1537 2713 habere
1561 2681 1763 2718 videbantur,
1782 2690 1833 2712 re-

217 2735 394 2772 stituimus;
419 2734 478 2764 hoc
500 2732 587 2764 enim
609 2731 679 2764 loco
705 2732 781 2772 quid
797 2731 1050 2773 Theophylactus
1067 2731 1242 2772 scripsisset
1266 2741 1332 2763 non
1356 2732 1430 2763 satis
1454 2731 1547 2762 nobis
1573 2731 1749 2767 constabat,
1778 2730 1833 2761 sed

219 2794 290 2826 qua:
308 2784 398 2815 illinc
420 2782 663 2823 assumpsimUS,
684 2781 732 2813 his
756 2781 839 2813 notis
854 2781 876 2822 ()
892 2780 1142 2818 interclusimus,
1159 2790 1200 2812 ne
1218 2781 1295 2822 quid
1316 2785 1436 2813 temere
1455 2783 1571 2821 praeter
1595 2779 1697 2812 Graeci
1713 2779 1834 2811 codicis

220 2835 319 2865 tidem
337 2832 376 2864 de
390 2835 498 2864 nostro
513 2830 672 2863 addidisse
689 2830 883 2863 videremur.
906 2831 1076 2862 Porsenna:
1091 2834 1198 2861 autem
1220 2830 1278 2861 viri
1300 2829 1426 2868 eruditi,
1444 2832 1479 2861 ut
1491 2829 1617 2870 opinor,
1634 2832 1665 2860 et
1681 2828 1833 2868 eloquen-

221 2883 260 2914 tis
285 2881 441 2920 versione,
467 2884 503 2913 ut
524 2880 662 2913 multum
683 2890 702 2913 a
724 2881 841 2913 Graecis
865 2879 1059 2918 discedente,
1087 2888 1127 2911 ne
1149 2879 1254 2911 dicam
1278 2879 1468 2920 plerumque
1491 2878 1674 2916 dissidente,
1698 2880 1734 2910 ut
1761 2885 1831 2918 quae
