1927 3076
97 132 143 158 321
647 128 664 144 Γτ
686 131 696 143 τ’
711 131 715 144 ⁵
780 130 856 158 ΡΒΛΞ

955 131 1032 159 ’ΝΕ5.
1664 132 1716 162 822

97 192 137 223 sit
158 191 400 233 paraphrastica
415 192 520 232 potius
534 196 629 232 atque
644 192 740 224 etiam
755 192 894 224 nimium
923 193 1035 232 libera,
1062 197 1169 234 utpote
1197 202 1268 232 quae
1285 193 1473 234 plerumque
1487 194 1615 236 adjiciat
1643 205 1714 236 qua:

96 241 129 272 in
156 241 274 272 Graecis
293 250 357 272 non
374 240 533 272 habentur
559 251 565 273 :
582 245 612 272 et
627 245 748 280 contra,
774 242 931 283 plerisque
944 243 979 274 in
1005 242 1084 274 locis
1100 241 1282 282 complures
1303 251 1410 274 versus
1427 252 1558 282 prorsus
1574 245 1710 284 omittat,

95 299 166 330 quia
184 295 293 322 tamen
307 290 341 321 in
357 295 466 322 nostro
477 291 696 331 manuscripto
709 291 819 323 codice
830 292 951 330 Grieco,
966 300 1067 332 eoque
1080 295 1260 331 pervetusto
1274 295 1382 331 aperte
1393 291 1609 332 continentur,
1627 293 1713 325 illius

94 339 240 379 inquam,
259 339 377 371 omissa
399 339 554 377 versione,
583 340 730 371 Loniceri
752 341 855 381 potius
880 341 1175 381 interpretationem
1191 340 1404 381 arripuimus;
1423 349 1560 381 eamque
1579 343 1709 382 passim,

94 387 149 419 ubi
177 388 350 420 tolerabilis
371 392 462 426 esset,
497 388 700 420 retinuimus.
732 390 852 422 Novam
887 390 1016 431 quidem
1051 399 1089 422 ex
1117 390 1299 422 amicorum
1331 390 1548 431 quorumdam
1576 391 1711 424 consilio

95 437 188 469 edere
212 441 435 474 statueramus,
453 437 506 469 sed
522 447 597 469 cum
619 438 651 470 id
676 439 709 470 in
730 440 912 480 praefatione
927 440 1031 471 adorti
1058 439 1401 477 auimadverteremus,
1418 439 1511 471 nobis
1535 439 1577 471 ad
1592 439 1624 471 id
1651 449 1711 472 nec

95 487 168 517 satis
195 495 262 518 esse
283 486 350 525 otii,
380 496 439 518 nec
463 487 627 528 temporis,
646 497 683 519 ea
706 488 909 529 potissimum
938 489 1131 520 mutavimus
1150 498 1232 530 quze,
1257 488 1483 529 Theophylacti
1500 492 1641 520 mentem
1657 492 1712 520 aut

94 545 160 566 non
184 536 309 576 assequi
326 536 519 574 viderentur,
537 540 592 568 aut
615 545 681 568 non
707 537 784 569 satis
800 538 1006 578 explicarent.
1024 538 1071 570 Ad
1097 538 1165 570 hmo
1191 538 1329 578 margini
1355 538 1464 570 multis
1479 538 1513 570 in
1530 537 1607 570 locis
1622 546 1709 579 qua:-

94 584 168 616 dam
194 585 389 623 addidimus,
417 586 485 617 sine
500 585 617 626 quibus
632 586 744 618 Latina
767 587 875 627 legens
898 588 949 619 vix
963 597 1107 628 unquam
1125 587 1201 628 quid
1227 587 1288 618 sibi
1305 587 1378 618 velit
1391 586 1646 628 Theophylactus
1662 587 1712 618 in-

94 634 236 674 telligere
258 638 353 675 queat
379 643 386 666 :
406 634 484 666 dum
510 634 656 666 videlicet
671 639 725 667 aut
740 636 839 668 Graeci
866 637 1024 668 sermonis
1051 637 1169 668 variam
1186 636 1312 677 attingit
1326 636 1509 674 lectionem,
1526 639 1581 668 aut
1595 637 1712 668 Grmcze

93 683 243 715 dictionis
267 683 546 724 compositionem,
583 688 637 715 aut
666 684 823 716 diversam
849 685 1130 725 signiﬁcationem,
1156 684 1282 716 aliudve
1308 685 1485 726 quidquam
1511 685 1710 727 hujusmodi.

92 733 248 774 Pleraque
274 734 370 765 etiam
396 733 571 765 delevimus
595 733 635 765 ab
652 734 824 775 interprete
841 735 923 766 male
940 735 1056 772 addita,
1074 734 1160 776 quod
1175 738 1230 766 aut
1258 744 1372 775 parum
1399 735 1439 767 ad
1466 744 1537 768 rem
1558 736 1710 774 facerent,

92 786 146 814 aut
175 792 251 814 cum
277 782 501 823 Theophylacti
532 783 687 815 sententia
726 787 915 825 pugnarent.
956 784 1108 820 Quaedam
1131 793 1205 815 vero
1246 784 1479 825 perspicuitatis
1507 785 1628 825 gratia,
1658 788 1713 817 aut

92 831 311 872 ambiguitatis
335 831 469 863 vitandae
497 841 602 870 causa,
629 833 757 864 anobis
785 838 859 865 sunt
879 837 1009 871 mutata,
1038 836 1072 864 ut
1098 833 1303 865 mediocriter
1328 833 1454 865 erudito
1483 834 1606 865 Lectori
1631 843 1710 866 con-

92 881 227 913 sulatur.
255 882 316 913 lsta
331 882 419 913 enim
444 882 585 913 veritatis
600 886 630 914 et
647 891 744 914 sacra}
771 884 941 923 Seripturaa
956 881 1105 914 studiosis
1132 882 1329 921 scribuntur,
1345 883 1461 924 quibus
1478 882 1566 914 nuda
1593 886 1624 914 et
1639 892 1711 923 per-

93 930 204 971 spicua
221 930 360 962 auctoris
389 930 545 962 sententia
569 931 670 971 magis
693 931 806 971 placet,
837 941 934 973 quam
964 931 1145 973 interpretis
1169 932 1274 963 fucata
1301 935 1331 963 et
1345 932 1490 964 affectata
1505 931 1613 970 dictio,
1642 941 1713 972 qua:

91 979 273 1012 istiusmodi
301 979 448 1012 studiosis
475 980 620 1012 tenebras
648 981 826 1019 offundens,
856 981 1034 1022 plurimum
1063 981 1185 1012 facessit
1207 980 1337 1021 negotii.
1367 981 1466 1012 Porro
1484 981 1649 1021 vulgarem
1679 980 1713 1012 in

91 1030 228 1062 Paulino
252 1033 338 1062 textu
361 1030 550 1068 versionem,
578 1039 640 1071 qua
664 1031 782 1071 passim
799 1031 900 1062 utitur
922 1030 1074 1068 Ecclesia,
1102 1030 1168 1061 fere
1183 1029 1386 1068 retiuuimus,
1406 1029 1466 1061 nisi
1485 1029 1587 1062 sicubi
1607 1030 1712 1061 Theo-

93 1079 233 1120 phylacti
256 1079 475 1120 interpretatio
500 1080 590 1111 illam
616 1080 788 1112 immutare
803 1080 942 1120 coegerit
971 1089 978 1111 :
1006 1084 1051 1119 ut,
1080 1079 1121 1111 ad
1146 1080 1308 1111 Romanos
1335 1088 1404 1120 cap.
1431 1088 1475 1111 xu
1499 1088 1627 1111 necesse
1654 1079 1714 1111 fuit

91 1133 219 1160 mutare
234 1129 415 1168 conformari
429 1129 463 1160 in
479 1129 674 1170 eonﬁgurari,
701 1129 786 1170 quod
801 1129 1054 1170 Theophylactus
1077 1128 1292 1160 differentiam
1309 1132 1407 1169 ponat
1426 1129 1509 1160 inter
1528 1128 1668 1170 ﬁguram
1683 1132 1715 1161 et

91 1179 243 1216 formam,
261 1182 291 1210 et
308 1179 445 1218 ﬁguram
471 1177 606 1215 mundo,
632 1179 770 1210 formam
791 1183 899 1210 autem
923 1178 1030 1210 virtuti
1052 1177 1181 1210 attribui
1203 1177 1298 1210 dicat.
1316 1178 1395 1209 item
1426 1177 1593 1210 lTimoth.
1608 1187 1637 1210 v1
1654 1187 1713 1219 pro

90 1229 226 1266 inutilia,
254 1237 382 1259 necesse
397 1228 456 1259 fuit
473 1237 591 1268 ponere
614 1229 719 1266 stulta,
738 1229 823 1269 quod
838 1228 1091 1269 Theophylactus
1106 1227 1137 1259 id
1153 1227 1369 1268 interpretans
1385 1227 1469 1259 dicat
1486 1237 1493 1259 z
1513 1238 1527 1257 ε
1546 1227 1712 1264 Quomodo

91 1278 180 1309 enim
204 1286 271 1308 non
285 1281 332 1308 est
346 1277 497 1315 stultum;
514 1289 528 1307 »
551 1281 582 1308 et
597 1286 682 1313 mox.
702 1289 716 1306 ‹
734 1278 807 1309 Haec
823 1278 918 1309 stulta
930 1281 1004 1309 sunt
1020 1281 1051 1309 et
1074 1277 1181 1309 noxia.
1197 1289 1212 1305 ν)
1229 1277 1342 1308 Noster
1356 1276 1443 1308 enim
1459 1277 1598 1318 vulgaris
1612 1277 1713 1309 inter-

91 1335 164 1367 pres
190 1326 303 1366 legisse
327 1325 451 1358 videtur
467 1326 619 1363 ἀνονήτους,
651 1326 851 1367 Theophylac

951 1335 1004 1358 ero
1031 1336 1106 1358 cum
1135 1326 1360 1366 Chrysostomo
1382 1326 1458 1366 legit
1472 1326 1608 1363 ἀνοήτους.
1633 1327 1712 1358 ltcm

90 1376 115 1407 ΙΙ
129 1375 270 1407 Timoth.
286 1384 307 1406 ιι
322 1384 379 1416 pro
393 1385 430 1406 ne
443 1377 563 1414 quando
574 1375 761 1416 ponendum
777 1376 833 1407 fuit
847 1377 1016 1416 siquando,
1033 1379 1088 1407 aut
1101 1378 1129 1406 si
1146 1375 1224 1411 forte
1241 1375 1288 1406 vel
1303 1377 1435 1414 fortasse
1449 1385 1462 1406 .'
1476 1384 1514 1407 eo
1530 1376 1619 1407 enim
1636 1375 1710 1407 loco

91 1425 206 1463 μήποτε,
222 1433 289 1456 non
317 1428 363 1456 est
385 1425 540 1465 negantis,
559 1424 614 1456 sed
639 1424 814 1457 dubitantis
844 1425 908 1456 sive
933 1424 1159 1456 addubitanter
1184 1424 1393 1456 asseverantis
1421 1433 1429 1456 :
1459 1433 1523 1464 quo
1549 1424 1584 1456 in
1615 1433 1713 1456 sensu

91 1483 173 1515 saepe
196 1474 313 1515 accipit
336 1473 597 1515 Theophylaelus,
625 1477 659 1506 ut
681 1474 715 1506 in
741 1474 875 1515 epistola
898 1473 1077 1514 Evangeliis
1100 1473 1228 1514 praeﬁxa
1254 1473 1328 1504 satis
1368 1472 1550 1505 docuimus.
1577 1474 1613 1505 In
1644 1473 1713 1514 ipsa

90 1528 198 1556 autem
216 1523 363 1555 Loniceri
387 1523 528 1555 versione
543 1533 641 1564 quam
658 1523 758 1555 multa
783 1523 903 1555 fuerint
926 1523 1009 1554 male
1025 1532 1126 1560 versa,
1142 1526 1196 1554 aut
1213 1531 1345 1564 prorsus
1359 1522 1488 1561 omissa,
1517 1531 1555 1554 ex
1568 1522 1619 1554 his
1641 1531 1713 1563 qua“:

89 1573 310 1614 decerpsimus
325 1573 480 1613 conjicere
507 1573 623 1611 licebit,
650 1572 675 1604 si
700 1576 802 1604 totum
829 1582 909 1614 opus
931 1573 1078 1604 conferre
1106 1572 1258 1613 graveris.
1287 1572 1325 1603 Et
1339 1571 1496 1613 quoniam
1512 1571 1712 1612 principium

89 1623 210 1654 fervere
239 1622 330 1660 solet,
359 1622 563 1662 exploremus
592 1631 689 1663 quam
720 1622 815 1654 fuerit
831 1622 920 1654 initio
940 1622 1062 1653 fervens
1084 1624 1115 1653 et
1139 1621 1286 1662 diligens,
1303 1629 1341 1652 ex
1358 1620 1468 1653 multis
1484 1624 1591 1653 tamen
1606 1630 1713 1662 pauca

89 1671 319 1712 decerpentes,
338 1680 377 1702 ne
402 1680 420 1702 a
434 1671 659 1711 Theophylacti
675 1672 828 1711 praeclaro
853 1680 948 1711 opere
973 1671 1093 1702 diutius
1110 1670 1260 1702 retardati
1284 1670 1541 1712 praestandorum
1553 1671 1714 1711 jacturam

89 1721 258 1752 faciamus.
276 1721 389 1752 Noster
402 1719 490 1750 enim
504 1720 756 1760 Theophylactus
773 1720 906 1761 pulchre
921 1721 1133 1752 Horatianum
1148 1720 1228 1752 illud
1245 1720 1358 1759 vitans,
1384 1722 1493 1751 Brevis
1509 1730 1568 1751 esse
1596 1720 1713 1766 laboro,

90 1771 231 1800 obscurus
245 1769 288 1810 ﬁo
311 1780 322 1800 .·
346 1768 598 1800 mediocritatem
616 1769 692 1800 scite
714 1778 813 1810 usque
839 1769 918 1801 adeo
936 1769 1105 1810 amplexus
1130 1773 1187 1807 est,
1215 1773 1251 1801 ut
1268 1769 1437 1810 perspicue
1453 1769 1610 1807 docendo,
1629 1774 1659 1800 et
1675 1777 1715 1800 ex

91 1819 234 1860 probatis
255 1818 441 1851 auctoribus
455 1818 575 1859 optima
592 1828 726 1859 quaeque
745 1818 880 1859 apicula:
896 1827 986 1850 more
1001 1817 1176 1858 seligendo,
1194 1817 1376 1858 prolixitate
1391 1826 1456 1849 non
1481 1817 1521 1849 sit
1548 1817 1711 1849 molestus.

91 1869 151 1900 Sed
167 1876 204 1900 ut
231 1872 261 1900 et
274 1877 333 1900 nos
359 1867 538 1900 molestiam
553 1868 646 1900 istam
662 1868 807 1906 vitemus,
836 1876 936 1908 pauca
964 1867 1021 1898 illa
1045 1866 1164 1906 accipe.
1193 1867 1229 1898 In
1244 1866 1312 1906 ipsa
1334 1867 1441 1898 statim
1467 1866 1572 1906 operis
1600 1867 1713 1907 praefa-

93 1919 190 1956 tione,
207 1918 265 1949 ubi
287 1918 327 1949 de
353 1917 566 1958 Epistolarum
590 1917 703 1949 ordine
727 1916 982 1957 Theophylaetus
997 1915 1136 1953 disserit,
1163 1925 1201 1948 ac
1227 1915 1369 1947 declarat
1393 1915 1567 1956 Epistolam
1583 1915 1624 1947 ad
1648 1916 1713 1947 Ro-

95 1977 208 1999 manos
222 1976 289 1999 non
304 1971 470 2007 propterea
495 1967 600 2008 primo
624 1966 694 1998 loco
710 1966 872 2004 collocari,
890 1965 976 2007 quod
993 1969 1066 1997 ante
1081 1965 1160 1997 alias
1178 1974 1291 1997 omnes
1306 1964 1427 2006 scripta
1447 1964 1554 2002 fuerit,
1571 1963 1612 1996 ad
1628 1964 1715 1997 hunc

95 2018 231 2049 modum
247 2020 383 2048 verterat
397 2016 568 2048 Lonicerus
585 2026 591 2048 :
611 2027 625 2045 α
639 2015 906 2056 Quandoquidem
920 2016 960 2048 ad
977 2014 1170 2052 Corinthios,
1189 2019 1257 2046 tum
1273 2014 1313 2046 ad
1328 2013 1624 2046 Thessalonicenses
1638 2023 1712 2052 una,

94 2067 126 2098 in
142 2075 206 2107 qua
220 2065 259 2097 de
281 2064 458 2097 ministerio
475 2064 692 2105 Hierosolyma
709 2065 952 2097 transmittendo
978 2074 1091 2096 omnes
1119 2064 1206 2105 ipsos
1232 2063 1354 2096 occulte
1369 2063 1501 2104 quidem
1523 2071 1712 2095 commone-

94 2116 180 2154 facit,
199 2115 283 2146 hanc
300 2114 519 2155 praecesserint
536 2123 544 2145 :
563 2126 577 2144 in
594 2123 670 2146 cum
694 2114 727 2146 in
745 2114 862 2146 Graecis
876 2115 927 2146 hic
941 2114 982 2146 sit
996 2123 1107 2146 sensus
1122 2123 1129 2145 :
1142 2112 1408 2154 Quandoquidem
1433 2113 1517 2145 hanc
1535 2112 1716 2154 praecedant

95 2165 165 2197 duae
181 2174 253 2206 quae
269 2164 309 2196 ad
323 2163 502 2196 Corinthios
517 2167 591 2195 sunt
605 2164 710 2195 missa:
729 2172 735 2195 :
754 2164 832 2204 quin
847 2168 878 2196 et
892 2164 948 2196 has
966 2163 1116 2204 praecedit
1130 2173 1167 2194 ea
1190 2171 1261 2204 quae
1278 2166 1326 2194 est
1342 2162 1383 2194 ad
1397 2162 1712 2201 Thessalonicenses;

95 2215 128 2247 in
145 2224 223 2256 qua,
240 2217 299 2245 etc.
316 2213 421 2252 Vides,
438 2213 576 2245 candide
591 2214 714 2251 Lector,
732 2213 817 2254 quod
834 2213 874 2244 ad
888 2212 1103 2253 Epistolarum
1121 2211 1269 2243 ordinem
1293 2211 1415 2249 attinet,
1439 2211 1493 2243 hic
1516 2211 1624 2243 doceri
1642 2220 1716 2243 eam

95 2273 164 2304 quae
177 2263 219 2295 ad
234 2262 529 2295 Thessalonicenses
543 2262 663 2302 scripta
678 2262 784 2300 fuerit,
808 2271 860 2293 eas
876 2261 1057 2302 prteeedere
1083 2270 1154 2301 quae
1166 2260 1206 2292 ad
1229 2260 1410 2292 Corinthios
1437 2260 1557 2292 fuerint
1575 2260 1679 2292 missae
1707 2268 1714 2291 :

94 2322 158 2354 qua
181 2313 215 2344 in
231 2312 386 2344 sententia
408 2315 454 2343 est
468 2311 722 2352 Chrysostomus,
740 2311 825 2352 quod
849 2311 1022 2343 Lonicerus
1038 2310 1132 2351 plane
1146 2313 1298 2341 tacuerat.
1327 2309 1437 2341 Graeca
1459 2313 1568 2342 autem
1595 2310 1641 2342 sic
1657 2309 1717 2341 ha-

94 2362 171 2395 bent
200 2371 208 2393 2
241 2362 296 2392 Καὶ
313 2362 365 2402 γὰρ
390 2361 442 2402 πρὸ
461 2362 542 2396 αὓῆς
558 2361 623 2391 εἰσιν
648 2361 677 2390 αἱ
690 2360 755 2402 πρὸς
778 2360 929 2400 Κορινθίους
953 2360 1008 2389 δύο·
1034 2359 1080 2389 καὶ
1114 2359 1168 2400 πρὸ
1183 2359 1282 2389 τούτων
1307 2354 1341 2388 αὖ
1362 2361 1379 2394 ἡ
1405 2358 1471 2400 πρὸς
1492 2360 1712 2399 Θεσσαλονικεῐς,

95 2413 122 2442 ἐν
219 2411 281 2442 Sed
301 2410 341 2442 ad
365 2413 460 2451 caput
473 2410 617 2450 primum
644 2408 822 2449 veniamus,
847 2413 878 2441 et
901 2418 918 2440 e
932 2409 1042 2441 multis
1058 2417 1159 2450 pauca
1185 2408 1451 2449 perstringamus.
1474 2408 1510 2439 In
1525 2417 1601 2440 eum
1627 2408 1718 2440 Pauli

95 2461 204 2493 locum
221 2459 277 2500 qui
292 2460 324 2490 in
340 2459 450 2500 capitis
475 2462 521 2490 est
542 2459 633 2490 initio
651 2467 658 2489 ί
677 2460 721 2489 De
747 2458 824 2489 Filio
838 2467 891 2489 suo
906 2459 959 2499 qui
981 2462 1069 2489 natus
1092 2461 1135 2489 est
1160 2467 1201 2489 ex
1223 2460 1334 2489 semine
1348 2457 1462 2496 David,
1491 2467 1568 2490 cum
1592 2458 1631 2490 de
1657 2459 1718 2491 du-

94 2509 171 2551 plici
198 2508 406 2550 generatione
432 2507 548 2540 Christi
566 2510 674 2548 ageret
688 2506 953 2547 'l‘heopliylactus,
978 2507 1085 2539 divina
1099 2511 1130 2539 et
1154 2507 1309 2547 humana,
1337 2507 1381 2539 ita
1396 2507 1552 2549 scriptum
1581 2509 1683 2540 fuerat
1708 2518 1716 2541 :

98 2571 112 2589 ι
138 2559 298 2596 Quocirca
319 2567 386 2590 non
411 2557 452 2590 de
475 2557 528 2589 vili
553 2557 707 2597 exiguove
740 2556 872 2588 homine
897 2557 1103 2597 Evangelium
1127 2556 1189 2589 hoc
1212 2560 1270 2595 est,
1304 2566 1381 2589 nam
1405 2557 1444 2589 de
1468 2557 1547 2589 Filio
1571 2557 1627 2589 Dei
1652 2561 1716 2597 est;

96 2619 154 2642 nec
181 2609 220 2642 de
247 2609 363 2649 exiguo
378 2609 453 2646 Deo,
479 2618 555 2639 nam
572 2607 610 2639 de
627 2611 700 2638 nato
716 2616 754 2638 ex
769 2605 924 2647 sanguine
939 2606 1063 2638 Davidis
1078 2605 1257 2638 secundum
1274 2615 1415 2638 carnem.
1435 2619 1450 2635 ν
1475 2606 1634 2638 Hactenus
1656 2606 1718 2638 Lo-

96 2659 195 2691 niceri
213 2658 320 2690 verba.
338 2657 432 2689 Vides
451 2667 546 2698 quam
572 2657 678 2697 inepte
695 2656 822 2697 colligat
847 2655 960 2687 Filium
979 2655 1033 2687 Dei
1061 2665 1126 2687 non
1141 2665 1209 2687 esse
1233 2655 1385 2695 exiguum
1409 2657 1522 2693 Deum,
1551 2658 1719 2695 propterea

97 2709 181 2750 quod
198 2712 294 2740 natus
308 2707 348 2738 sit
362 2716 400 2738 ex
416 2707 572 2748 sanguine
596 2706 722 2738 Davidis
745 2705 922 2737 secundum
947 2714 1090 2744 carnem,
1117 2714 1192 2737 cuin
1215 2705 1282 2745 ipse
1296 2705 1411 2736 Paulus
1435 2704 1474 2736 de
1498 2703 1718 2736 incarnatione

98 2759 137 2790 ad
154 2757 376 2798 Philippenses
391 2756 545 2795 scribens,
562 2756 658 2796 longe
672 2755 765 2787 aliter
780 2755 864 2786 dicat
890 2761 897 2784 :
917 2754 1102 2785 Exinanivit
1123 2756 1325 2794 semetipsum,
1350 2757 1423 2793 etc.,
1447 2756 1478 2784 et
1503 2753 1597 2794 paulo
1622 2756 1715 2793 post:

99 2808 280 2839 Humiliavit
301 2810 502 2847 semetipsum.
533 2805 623 2843 Quod
646 2805 752 2846 itaque
766 2803 1015 2845 Theophylactus
1037 2806 1132 2844 negat
1146 2803 1356 2844 Evangelium
1378 2803 1438 2834 hoc
1466 2811 1533 2834 esse
1560 2802 1621 2842 περὶ
1638 2804 1717 2844 ψιλοῦ

99 2858 180 2895 Θεοῦ,
198 2860 230 2889 et
244 2856 339 2897 paulo
354 2859 427 2887 ante
441 2856 502 2895 περὶ
521 2856 599 2896 ψιλοῦ
620 2854 771 2895 ἀνθρώπου,
788 2862 854 2886 non

951 2852 1151 2891 vertendum,
1169 2863 1185 2880 ι
1208 2853 1251 2883 De
1266 2852 1382 2892 exiguo
1407 2851 1472 2883 sive
1489 2860 1583 2892 parvo
1604 2852 1680 2890 Deo,
1699 2863 1712 2882 ι

101 2915 214 2948 neque,
233 2917 247 2935 α
264 2905 377 2937 Βε-ν11ἱ
392 2905 548 2947 exiguove
566 2903 711 2943 homine,
729 2915 743 2934 ι
759 2903 826 2944 sed,
840 2903 884 2936 De
898 2913 991 2942 mero,
1015 2901 1104 2936 nudo
1120 2905 1151 2934 et
1163 2901 1303 2943 simplici
1317 2902 1381 2934 Deo
1395 2904 1450 2934 aut
1462 2901 1609 2940 homine;
1626 2904 1662 2934 ut
1675 2901 1716 2933 sit
