1927 3076
230 115 283 142 328
612 109 658 139 AD
676 109 935 139 THEOPHYLACTI
954 108 1201 138 EXPOSITIONEM
1221 110 1254 138 IN
1273 108 1305 138 D.
1325 109 1468 138 PAULUM.
1793 108 1840 137 825

222 182 359 207 sensus:
383 173 591 214 Evangelium
614 172 677 205 hoc
690 182 757 205 non
779 182 849 205 esse
863 172 903 205 de
926 181 964 204 eo
991 172 1046 213 qui
1068 174 1192 204 tantum
1207 172 1247 204 sit
1272 172 1382 212 homo,
1408 175 1462 204 aut
1488 174 1614 204 tantum
1641 171 1757 208 Deum,
1783 170 1834 202 sed

222 224 276 266 qui
291 223 379 256 idem
394 227 425 256 et
442 224 524 255 Deus
539 222 579 255 sit
593 226 624 255 et
638 222 748 255 homo.
772 221 894 254 Eodem
917 221 1023 263 primo
1047 230 1118 262 cap.
1134 221 1190 260 ibi,
1217 222 1278 253 Cui
1291 224 1388 253 servio
1412 224 1446 252 in
1458 223 1567 262 spiritu
1589 230 1654 252 meo
1674 223 1709 251 in
1734 221 1837 251 Evan-

220 274 310 315 gelia,
329 276 389 305 etc.
407 272 452 305 sic
467 272 556 313 prius
570 271 747 304 habebatur
763 281 770 304 :
790 284 806 301 κ
833 271 914 303 Nam
940 271 1098 304 servitutis
1122 271 1284 312 Evangelii
1299 275 1431 304 conatus
1451 280 1581 304 necesse
1596 270 1704 310 habet,
1725 280 1741 300 ι
1759 273 1834 308 etc.;

221 332 281 355 nos
293 332 368 355 vero
383 321 500 354 clarius
515 321 556 354 ad
570 321 658 354 hunc
683 321 818 354 modum
843 330 852 353 :
876 332 890 350 ‹
906 320 963 352 Cui
988 321 1077 352 enim
1102 320 1266 362 Evangelii
1282 320 1497 353 annuntiandi
1521 320 1654 353 servitus
1675 323 1725 352 est
1747 327 1834 351 com-

221 373 329 414 missa,
347 372 396 405 illi
410 381 539 404 necesse
553 374 599 404 est
614 376 659 412 ut,
680 384 694 402 »
711 376 770 404 etc.
797 372 836 403 Et
850 370 885 402 in
908 371 1016 402 Glossa
1030 371 1174 412 sequenti
1191 370 1248 402 ubi
1263 371 1307 402 ait
1324 380 1332 403 :
1351 381 1366 401 ε
1380 370 1476 410 Atqui
1491 370 1529 402 D.
1552 369 1670 402 Paulus
1684 369 1767 401 dum
1790 377 1839 400 as-

221 423 312 456 sidue
323 425 392 454 orat
415 425 568 463 tanquam
589 421 717 453 vidisset
737 430 791 453 eos
809 433 838 459 ιι,
864 424 937 460 etc.;
957 421 1061 462 potius
1083 419 1190 452 dicere
1217 420 1347 459 debuit,
1379 432 1393 451 ‹
1419 421 1578 452 Caeterum
1605 419 1692 461 quod
1721 418 1838 451 Paulus

222 471 423 505 continenter
436 470 547 502 orabat
571 473 607 502 ut
625 479 680 502 eos
695 469 824 508 videret,
846 469 911 501 sive
929 469 1036 502 videre
1057 469 1266 511 contingeret,
1288 479 1327 502 ex
1344 469 1476 502 ferventi
1494 469 1555 502 hoc
1570 468 1727 501 cbaritate
1744 467 1837 500 facie-

221 521 290 561 bat;
307 533 322 550 »
338 524 369 553 et
382 519 479 561 paulo
506 523 587 560 post,
606 519 662 551 ubi
684 519 830 551 hortatur
855 522 890 550 ut
908 522 1087 551 constantes
1101 519 1202 550 simus
1224 518 1258 550 in
1275 518 1474 550 orationibus
1488 517 1618 556 nostris,
1635 517 1680 550 sic
1695 516 1837 548 habeba-

222 574 275 602 tur
291 580 299 603 :
329 581 345 598 ι
365 569 474 610 Neque
488 569 576 600 enim
602 567 699 600 Paulo
714 577 825 600 sumus
852 568 1002 609 potiores,
1019 568 1075 609 qui
1100 577 1158 609 pro
1182 577 1277 600 cruce
1294 567 1391 600 etiam
1405 577 1463 600 sua
1478 566 1673 600 removenda
1686 570 1835 608 precatus

221 622 278 651 est.
301 630 317 647 ι
335 618 443 650 ϐΐᾶξίῐε
456 620 566 650 autem
592 617 637 648 sic
654 627 661 648 Ζ
675 618 716 648 Οὐ
730 617 782 657 γάρ
796 618 877 656 ἐσμεν
890 617 1001 648 Παύλου
1025 617 1153 659 βελτίους,
1170 617 1197 652 ὃς
1220 617 1267 648 καὶ
1281 617 1348 659 ὑπὲρ
1372 622 1418 649 τοῦ
1441 618 1572 652 σκόλοπος
1599 618 1654 658 τρὶς
1676 617 1724 647 τὸν
1741 616 1836 657 Κύριον

219 668 396 710 παρεκάλεσε,
412 668 473 700 hoc
497 671 554 706 est,
574 679 589 697 ‹‹
605 667 713 708 Neque
728 666 815 699 enim
839 667 936 699 Paulo
967 676 1078 699 sumus
1103 667 1262 706 meliores,
1287 667 1343 709 qui
1361 676 1417 708 pro
1435 667 1564 699 stimulo
1587 670 1636 699 ter
1661 665 1837 698 Dominum

219 722 365 759 precatus
375 720 434 755 est,
459 728 474 746 ι
492 716 549 748 ubi
563 716 735 748 dictionem
761 719 807 747 ter
821 717 938 755 omisit,
955 725 1027 757 quae
1041 716 1244 757 potissimum
1259 715 1299 748 ad
1315 715 1468 748 orationis
1481 715 1697 748 constantiam
1720 718 1752 747 et
1767 723 1834 755 per-

219 767 432 800 severantiam
459 765 652 808 pertinebat;
670 770 700 798 et
721 774 852 798 cruCem
868 766 966 798 etiam

1075 765 1182 797 Limulo
1210 765 1325 806 posuit.
1350 765 1389 796 Et
1416 774 1502 804 mox,
1525 764 1571 795 ἐπὶ
1593 766 1627 805 τῇ
1652 766 1701 801 τῆς
1726 763 1836 797 πίστεως

219 817 348 854 ἐπιδόσει,
371 815 476 854 vertit,
496 827 512 846 α
525 816 609 856 Erga
628 815 702 847 ﬁdei
729 815 1070 852 communicationem,
1083 826 1099 844 ν
1117 823 1206 853 cum,
1233 826 1249 843 α
1264 814 1306 846 ob
1327 813 1402 846 ﬁdei
1429 814 1678 851 incrementum,
1699 824 1714 842 ι
1734 812 1836 854 potius

218 865 406 898 vertendum
421 868 511 896 esset.
536 864 659 896 Eodem
684 864 788 905 primo
812 864 925 906 capite,
950 865 985 897 in
1007 864 1099 902 illud,
1117 865 1377 903 Quemadmodum
1391 867 1421 895 et
1440 866 1474 895 in
1488 863 1610 904 reliquis
1624 862 1777 902 gentibus,
1795 863 1836 894 ita

217 915 388 956 scripserat
400 924 407 947 :
421 926 435 944 α
443 914 651 946 Committens
659 918 767 946 autem
778 914 876 956 ipsos,
885 914 1000 956 inquit,
1010 913 1288 955 quemadmodum
1298 917 1329 945 et
1339 913 1372 945 in
1383 913 1512 954 reliquis
1522 912 1681 954 gentibus.
1691 924 1708 941 ν
1723 912 1836 943 Συστέλ-

217 965 271 995 λων
298 964 326 995 δὲ
351 963 398 995 καὶ
433 962 538 1003 αὐτοὺς,
563 963 640 1004 φησὶ,
668 962 765 1002 καθώς,
787 967 861 1003 etc.,
884 963 947 996 hoc
973 975 978 994 4

1104 963 1239 995 Illorum
1271 966 1381 995 autem
1416 963 1533 994 fastum
1564 962 1661 994 etiam
1699 961 1834 1003 compri-

218 1023 320 1053 mens,
358 1013 475 1054 inquit,
502 1012 789 1054 quemadmodum,
827 1024 842 1042 ›
870 1017 931 1046 etc.
956 1012 1047 1050 Quod
1072 1012 1161 1045 enim
1186 1012 1231 1044 sic
1254 1011 1394 1053 intelligi
1420 1011 1544 1050 debeat,
1571 1011 1647 1043 satis
1672 1010 1835 1044 declarant

217 1063 393 1105 sequentia.
419 1062 540 1094 Eodem
569 1062 682 1104 capite,
708 1062 765 1094 ubi
801 1062 937 1103 explicat
969 1062 1077 1094 locum
1110 1061 1225 1094 Pauli:
1257 1062 1401 1093 Tradidit
1428 1071 1477 1092 eos
1501 1065 1532 1092 in
1557 1060 1720 1101 desideria,
1762 1064 1832 1098 etc.,

217 1112 263 1145 ibi
298 1111 552 1153 Theophylactus
585 1115 684 1151 notat,
713 1113 809 1143 tradit
836 1111 911 1150 dici,
937 1121 997 1153 pro
1033 1112 1144 1143 deserit
1184 1120 1250 1149 eos,
1282 1114 1313 1143 et
1350 1113 1508 1152 permittit.
1548 1110 1724 1143 Lonicerus
1765 1118 1835 1142 vero

217 1171 276 1204 pro
298 1162 344 1192 καὶ
380 1163 423 1203 ἐᾷ,
454 1161 489 1193 id
517 1165 564 1193 est
599 1166 626 1192 et
657 1162 819 1202 permittit,
853 1164 1014 1202 posuerat,
1040 1165 1133 1192 amice
1169 1170 1182 1191 :
1215 1160 1312 1202 idque
1337 1160 1468 1192 fortasse
1491 1160 1532 1192 ob
1559 1159 1728 1201 scriptura:
1758 1159 1836 1191 ditii-

217 1212 382 1249 cultatem;
409 1210 492 1242 mire
514 1210 603 1242 enim
625 1210 730 1242 scriba
752 1222 764 1240 ι
786 1218 863 1242 cum
883 1221 900 1239 α
924 1209 1048 1242 calamo
1066 1210 1163 1243 veluti
1188 1209 1372 1242 luxuriante
1388 1210 1611 1251 conjunxerat,
1627 1209 1767 1251 ideoque
1791 1209 1834 1240 in-

217 1263 337 1302 terpres
352 1260 392 1292 ad
406 1260 491 1298 ὠτάν,
508 1269 565 1300 pro
581 1254 603 1289 ὦ
620 1259 680 1290 ἔτάν
696 1259 776 1291 forte
790 1259 940 1300 respexit.
957 1259 1036 1292 Item
1056 1259 1152 1301 paulo
1175 1263 1247 1300 post
1261 1269 1337 1291 cum
1357 1259 1520 1292 declarant
1532 1259 1617 1300 quod
1631 1258 1704 1290 aliis
1721 1257 1834 1299 impel-

215 1309 355 1342 lentibus
380 1318 445 1341 non
460 1308 633 1340 habuerint
647 1317 728 1348 opus
752 1316 760 1340 :
787 1319 804 1336 ι
828 1307 889 1340 Sed
917 1308 989 1349 ipsi,
1012 1309 1126 1350 inquit,
1153 1317 1187 1340 se
1207 1308 1406 1341 contumelia
1428 1308 1617 1341 atfecerunt.
1642 1306 1835 1349 Hujusmodi

216 1360 304 1392 enim
316 1363 391 1392 sunt
405 1359 526 1400 impuri
539 1358 585 1389 illi
601 1358 749 1396 affectus;
767 1369 781 1387 ι
797 1357 854 1389 ubi
875 1357 969 1398 longe
984 1357 1047 1389 alia
1062 1358 1152 1397 prius
1163 1357 1343 1389 habebatur
1355 1358 1524 1397 sententia,
1539 1361 1574 1390 ut
1588 1358 1685 1390 etiam
1708 1358 1743 1390 in
1759 1365 1832 1389 mox

216 1407 432 1450 sequentibus,
455 1407 512 1444 ibi,
535 1407 624 1437 Sicut
638 1415 698 1437 non
719 1407 928 1446 probaverunt
942 1407 1040 1438 Deum
1053 1408 1162 1439 habere
1175 1411 1209 1439 in
1224 1410 1358 1446 notitia;
1372 1407 1429 1439 ubi
1447 1407 1703 1448 Theophylactus
1727 1416 1736 1440 :
1759 1418 1773 1437 α
1787 1407 1834 1438 ln-

213 1457 310 1499 juria,
337 1457 451 1498 inquit,
476 1465 538 1497 qua
561 1457 663 1487 Deum
688 1455 874 1494 affecerunt,
900 1464 967 1488 non
989 1465 1028 1487 ex
1050 1455 1232 1497 ignorantia
1254 1456 1419 1497 processit,
1445 1456 1500 1488 sed
1530 1466 1550 1488 a
1573 1456 1783 1489 meditatione
1805 1459 1834 1487 et

216 1507 334 1546 studio,
359 1517 374 1535 ›
402 1505 450 1537 uti
472 1514 530 1537 nos
551 1504 759 1536 restituimus.
772 1504 831 1541 Qui
855 1504 949 1544 plura
970 1505 1052 1536 volet
1070 1505 1104 1537 in
1123 1505 1186 1537 hoc
1207 1505 1320 1538 eodem
1343 1505 1448 1547 primo
1471 1506 1574 1547 capite
1592 1506 1763 1538 emendata
1777 1514 1832 1536 no-

216 1561 293 1593 tare,
312 1555 346 1587 id
372 1564 411 1587 ex
425 1554 591 1594 utriusque
615 1553 782 1585 collatione
798 1553 892 1585 facile
907 1553 1034 1594 poterit.
1056 1554 1120 1587 Nec
1136 1554 1169 1586 id
1187 1558 1295 1586 tamen
1310 1553 1446 1595 dico,’ut
1470 1554 1625 1586 Lonicero
1640 1554 1808 1587 detraham
1822 1562 1829 1584 :

215 1603 396 1646 plurimum
412 1603 499 1634 enim
522 1602 568 1633 illi
590 1602 707 1634 debere
728 1612 780 1634 me
804 1602 944 1643 ingenue
967 1603 1093 1635 fateor:
1114 1603 1177 1635 nisi
1197 1604 1286 1635 enim
1307 1603 1407 1644 ipsius
1428 1603 1574 1635 versione
1596 1603 1732 1635 fuissem
1745 1602 1831 1644 adju-

215 1656 279 1692 tus,
296 1651 383 1684 haud
398 1651 489 1683 facile
514 1651 674 1692 plerisque
687 1651 721 1683 in
743 1651 822 1683 locis
838 1654 1032 1692 pervetustos
1045 1652 1244 1684 characteres
1256 1652 1469 1694 agnovissem,
1493 1656 1529 1684 ut
1549 1651 1679 1683 interim
1702 1652 1744 1684 de
1755 1652 1832 1692 ipso-

216 1711 290 1734 rum
307 1701 409 1742 figura
435 1700 516 1732 mihi
539 1700 669 1741 quidem
685 1700 809 1733 insueta
830 1700 958 1739 sileam;
984 1701 1040 1733 sed
1056 1711 1097 1733 ne
1120 1701 1265 1739 studiosi,
1288 1705 1324 1734 ut
1349 1701 1500 1738 diximus,
1526 1701 1553 1732 si
1568 1706 1624 1733 aut
1639 1710 1753 1742 pauca,
1780 1702 1831 1732 aut

216 1751 337 1783 nullius
364 1750 521 1782 momenti
550 1749 619 1782 loca
655 1749 708 1782 hic
737 1750 906 1782 emendata
938 1750 1035 1782 fuisse
1059 1754 1181 1791 putent,
1197 1759 1236 1782 eo
1256 1750 1364 1782 fructu
1387 1751 1564 1790 priventur,
1581 1759 1680 1791 quem
1709 1760 1750 1783 ex
1771 1749 1828 1782 hac

215 1799 433 1841 recognitione
447 1798 533 1840 ipsos
547 1797 592 1829 σὺν
608 1799 671 1839 Θεῷ
688 1802 917 1831 consecuturos
938 1808 1114 1841 speramus.
1131 1800 1211 1832 Sunt
1226 1800 1358 1832 fortasse
1373 1799 1530 1831 nonnulla
1544 1808 1615 1840 quae
1633 1799 1829 1841 typographo

215 1848 321 1890 potius
344 1857 441 1889 quam
456 1847 623 1888 interpreti
637 1846 827 1879 ascribenda
842 1850 927 1886 sunt,
944 1851 980 1880 ut
994 1848 1080 1890 quod
1096 1849 1251 1880 Christum
1277 1858 1335 1890 pro
1358 1858 1474 1880 crucem
1489 1852 1704 1889 expresserat;
1722 1849 1777 1880 sed
1794 1856 1831 1879 ne

214 1898 380 1932 fastidium
396 1897 531 1939 pariam,
549 1906 586 1929 ea
602 1906 678 1929 cum
700 1897 861 1938 plerisque
885 1897 957 1929 aliis
974 1901 1128 1938 praetereo
1157 1907 1164 1930 :
1193 1897 1330 1938 ideoque
1344 1906 1384 1930 ex
1409 1897 1481 1929 aliis
1497 1897 1656 1938 capitibus
1682 1896 1832 1938 pauciora

214 1947 280 1980 huc
294 1947 518 1980 transcribam.
535 1946 643 1987 Capite
658 1945 800 1978 secundo
815 1946 850 1977 in
865 1945 946 1978 illud
961 1947 1061 1985 Pauli,
1080 1947 1138 1985 Qui
1158 1949 1255 1988 igitur
1281 1947 1378 1978 alium
1394 1948 1491 1985 doces,
1508 1947 1634 1988 teipsum
1655 1957 1719 1979 non
1742 1947 1831 1982 doces,

214 1997 261 2030 ibi
277 2006 285 2029 :
305 2009 320 2027 α
336 1997 371 2028 Si
384 2005 525 2037 namque
538 1999 659 2036 gentes,
680 2006 694 2024 ›
711 1998 771 2027 etc.
796 1994 938 2027 multum
954 1995 995 2027 ab
1017 1996 1157 2028 auctoris
1172 1998 1280 2028 mente
1293 1996 1443 2028 aberrare
1457 1996 1592 2035 videtur,
1608 2000 1639 2029 et
1652 1997 1749 2038 paulo
1763 1999 1832 2028 ante

215 2045 343 2087 negatio
358 2054 425 2077 non
441 2046 542 2077 fuerat
556 2044 691 2083 omissa;
708 2048 739 2076 et
762 2044 798 2076 in
813 2044 916 2085 glossa
940 2045 1095 2086 sequenti,
1111 2049 1182 2087 post
1196 2045 1256 2077 ista
1269 2045 1377 2085 verba,
1393 2047 1449 2078 Sin
1462 2048 1572 2085 minus,
1596 2046 1657 2078 ista
1671 2046 1831 2078 desidera-

214 2095 334 2127 bantur
349 2103 357 2126 :
374 2095 443 2126 Non
458 2095 552 2132 dixit,
570 2094 637 2125 Non
647 2094 785 2134 prodest,
803 2103 839 2125 ne
852 2096 950 2135 ipsam
963 2095 1145 2126 contumelia
1159 2094 1282 2136 afﬁcere
1297 2096 1451 2134 videatur,
1463 2095 1518 2126 sed
1524 2096 1665 2126 Judaeum
1675 2105 1712 2127 ea
1726 2095 1830 2132 nudat,

215 2144 316 2176 dicens
326 2153 337 2174 .-
355 2154 369 2173 α
385 2143 591 2181 Circumcisio,
610 2153 624 2171 ι
640 2145 714 2181 etc.,
730 2146 761 2174 et
776 2151 851 2175 mox
866 2143 921 2176 ubi
936 2143 1001 2176 duo
1016 2144 1172 2186 praeputia
1187 2143 1353 2186 posuisset,
1369 2153 1474 2176 unum
1489 2145 1669 2177 secundum
1685 2152 1827 2179 carnem.

214 2193 355 2226 alterum
369 2191 550 2224 secundum
575 2191 725 2233 spiritum
749 2192 816 2225 sive
829 2193 1038 2232 voluntatem,
1064 2193 1104 2226 de
1127 2194 1189 2226 hoc
1216 2194 1391 2235 posteriore
1415 2194 1561 2235 loquens,
1592 2194 1637 2226 sic
1653 2194 1832 2227 reddiderat

214 2243 390 2275 Lonicerus
414 2250 422 2274 :
449 2253 464 2270 «
481 2241 556 2278 Quae
571 2250 638 2273 sese
651 2241 771 2274 habent
786 2242 832 2274 uti
848 2247 1137 2275 commemoratum
1152 2247 1208 2282 est,
1227 2243 1358 2285 quando
1371 2243 1451 2275 nihil
1464 2243 1646 2276 carnalium
1664 2244 1830 2285 quisquam

214 2293 390 2326 affectuum
405 2291 586 2330 habuerint,
613 2296 647 2324 ut
670 2292 726 2332 qui
751 2291 815 2324 sint
829 2292 937 2325 ablati.
955 2304 970 2322 ι

1068 2302 1104 2325 ca
1127 2302 1201 2326 vero
1215 2292 1261 2325 sic
1285 2293 1406 2325 habent
1430 2303 1438 2325 :
1463 2293 1544 2327 Ἧτις
1567 2294 1651 2334 ἐστὶν,
1664 2295 1700 2328 ὡς
1722 2293 1829 2334 εἴρηται,

213 2342 277 2374 ὅταν
298 2354 336 2376 τις
357 2341 439 2382 μηδὲν
454 2341 512 2382 ἔχει
534 2343 586 2372 τῶν
601 2343 735 2383 σαρκικῶν
751 2344 842 2373 παθῶν
855 2341 1063 2383 περιῃρημένον.
1078 2342 1134 2375 ubi
1149 2343 1248 2375 dictio
1268 2342 1338 2383 ἥτις,
1360 2343 1458 2375 refert
1482 2342 1662 2383 ἀκροϐυστίαν
1686 2344 1716 2373 ἐκ
1738 2353 1831 2383 προαι-

216 2392 323 2434 ρίσεως,
347 2401 419 2433 quae
434 2400 493 2424 nos
516 2390 561 2423 sic
585 2391 796 2429 restituimus.
821 2391 909 2432 quod
925 2391 1058 2432 quidem
1080 2396 1137 2431 est,
1159 2396 1193 2425 ut
1208 2393 1332 2425 dictum
1347 2397 1404 2431 est,
1421 2392 1549 2434 quando
1569 2393 1641 2434 quis
1655 2392 1830 2425 carnalium

214 2442 388 2475 affectuum
403 2441 530 2474 nullum
545 2441 641 2473 habet
655 2440 884 2473 circumcisum
899 2444 954 2473 aut
978 2445 1195 2483 amputatum;
1213 2451 1284 2484 qua:
1301 2443 1457 2475 sententia
1470 2442 1552 2475 belle
1567 2442 1644 2475 huic
1662 2442 1733 2475 loco
1755 2449 1831 2474 con-

214 2492 311 2531 venit,
328 2491 380 2524 cui
405 2491 494 2533 prior
515 2491 765 2530 contradicebat,
792 2493 823 2522 et
845 2489 904 2522 sub
929 2490 1029 2524 ﬁnem
1052 2492 1148 2533 hujus
1172 2492 1284 2534 capitis
1307 2492 1347 2524 ab
1361 2492 1502 2525 auctoris
1528 2495 1646 2532 mente,
1672 2492 1706 2524 ni
1730 2490 1830 2530 fallor,

215 2542 355 2574 multum
379 2540 558 2574 aberrabat.
587 2541 648 2572 Sed
676 2541 811 2581 longum
836 2543 918 2572 esset
947 2540 1074 2582 singula
1111 2545 1275 2580 excutere;
1305 2541 1347 2573 ad
1377 2546 1503 2574 sextum
1530 2541 1632 2582 igitur
1680 2539 1828 2574 transilio.

213 2592 250 2625 In
273 2592 353 2624 illud
369 2591 458 2623 Pauli
484 2600 493 2624 :
514 2590 585 2621 Non
599 2593 701 2630 regnet
719 2594 876 2630 peccatum
899 2592 934 2622 in
947 2592 1081 2631 mortali,
1103 2594 1176 2631 etc.,
1192 2590 1249 2623 ubi
1271 2591 1392 2623 extollit
1414 2591 1530 2624 Christi
1547 2591 1697 2631 gratiam,
1721 2591 1765 2623 sic
1789 2587 1830 2621 ait

213 2641 467 2683 Theophylactus
487 2649 494 2672 ε
520 2652 534 2670 ‹
555 2639 665 2680 Itaque
688 2647 804 2679 corpus
819 2648 877 2671 sua
900 2642 1016 2672 natura.
1038 2640 1127 2673 haud
1148 2643 1254 2678 nocet,
1272 2639 1327 2672 sed
1343 2640 1473 2673 obedire
1495 2645 1636 2682 peccato,
1654 2639 1734 2673 illud
1760 2644 1828 2671 vero

215 2691 394 2733 plurimum
409 2690 511 2723 obest.
523 2689 660 2721 Observa
669 2688 722 2720 hic
737 2687 852 2721 Christi
863 2689 1012 2731 gratiam,
1025 2690 1189 2732 quomodo
1202 2690 1305 2723 Adam
1315 2692 1466 2732 peccarit,
1477 2700 1554 2724 cum
1564 2695 1673 2724 tamen
1687 2689 1827 2723 nondum

215 2741 350 2774 mortale
366 2748 483 2780 corpus
495 2738 648 2771 haberet:
663 2747 723 2770 nos
733 2747 808 2771 vero
833 2738 868 2771 in
881 2740 1011 2772 mortali
1026 2750 1161 2783 corpore
1176 2744 1346 2782 peccatum
1364 2741 1524 2773 vincimus
1545 2744 1577 2773 et
1598 2746 1796 2782 superamus.
1810 2746 1824 2765 I

214 2791 373 2824 Hactenus
395 2788 535 2822 auctoris
563 2787 659 2820 verba
672 2787 713 2820 ad
728 2787 874 2822 Grtecum
899 2790 1064 2832 exemplar
1088 2791 1242 2832 restituta,
1269 2800 1340 2832 quae
1362 2790 1452 2832 prius
1478 2791 1575 2832 longe
1600 2790 1757 2823 diversam
1779 2786 1829 2819 aut

216 2840 411 2875 contrariam
426 2847 493 2880 pra:
503 2847 537 2871 se
551 2838 697 2872 terebant
710 2840 914 2879 sententiam,
932 2843 988 2872 aut
1001 2840 1195 2873 conferendo
1211 2839 1346 2881 patebit;
1363 2839 1450 2881 quod
1464 2839 1492 2872 si
1514 2843 1622 2872 tamen
1637 2839 1679 2871 a'd
1699 2839 1826 2871 alteram

218 2891 393 2925 editionem
406 2897 574 2922 recurrere
591 2889 744 2930 graveris,
769 2889 816 2923 ibi
830 2889 871 2923 ad
885 2889 984 2923 istum
1009 2880 1409 2923 scribebaturimodumiz
1436 2900 1452 2919 ι
1471 2890 1582 2930 Itaque
1605 2897 1723 2930 corpus
1748 2880 1827 2919 haud
