1927 3076
91 115 144 143 325
781 112 1037 141 ΡΒᾸΞΡΑΤΙΟΝΕΞ.
1659 112 1711 140 826

91 179 186 208 nocet
200 178 336 212 naturae,
353 174 407 206 sed
423 173 554 206 obedire
573 178 712 215 peccato,
730 174 809 206 illud
826 185 898 208 vero
915 175 1094 217 plurimum
1105 174 1205 206 obest.
1222 174 1360 205 Observa
1374 173 1427 206 hic
1441 173 1556 206 Christi
1571 174 1706 215 gratiam

90 224 255 266 quomodo
274 224 375 255 Adam
401 223 551 264 peccarit,
569 232 642 255 cum
659 228 767 256 tamen
791 223 935 256 nondum
952 223 1087 255 mortale
1110 232 1226 263 corpus
1245 223 1389 259 haberet,
1415 231 1476 254 nos
1489 231 1565 254 vero
1586 223 1619 254 in
1634 232 1705 255 cor-

90 283 168 315 pore
185 273 315 304 mortali
332 276 459 313 peccato
475 273 700 311 exuberamus,
727 273 872 314 adeoque
885 273 919 305 in
938 273 1072 314 peccatis
1088 273 1262 304 nascimur.
1281 285 1296 301 »
1316 272 1408 303 Vides
1433 271 1556 309 Lector,
1575 276 1612 304 ut
1625 273 1708 304 haud

88 326 175 354 nocet
189 326 317 359 naturae,
337 332 394 363 pro
416 333 472 353 sua
495 326 609 354 natura
623 323 708 353 haud
728 328 830 361 nocet;
845 328 886 361 et,
916 326 1038 363 peccato
1058 323 1272 360 exuberamus,
1300 330 1358 362 pro
1374 324 1525 361 peccatum
1549 321 1706 359 vincimus,

90 370 208 403 dixerit
223 369 347 402 diverso
362 374 393 402 et
407 371 568 402 contrario
581 370 694 402 sensu?
709 371 816 411 Capite
838 371 934 403 etiam
956 372 1100 412 sequenti
1118 371 1151 403 in
1166 371 1373 403 annotatione
1391 380 1397 402 :
1421 371 1463 401 Et
1479 372 1635 400 inventum
1650 373 1706 408 est,

90 419 183 462 [item
198 419 231 451 in
245 419 320 458 alia,
336 419 426 451 Nune
453 424 552 451 autem
556 422 627 460 jam
640 431 701 451 non
716 430 768 459 ego
783 419 898 461 operor]
915 420 1014 451 foedos
1031 420 1135 460 lapsus
1157 419 1375 461 deprehendes
1397 418 1423 450 si
1440 419 1586 450 conferre
1607 417 1708 456 lubet,

90 473 126 501 ut
140 472 172 500 et
187 478 257 509 cap.
285 477 326 506 ix,
343 477 373 500 XI
394 472 425 500 et
438 477 507 500 x111.
522 469 558 500 In
581 469 642 501 hoc
657 469 712 501 ubi
728 469 845 500 Paulus
859 469 902 500 ait
927 478 934 501 2
963 471 1002 500 Ut
1017 472 1048 499 in
1061 470 1110 500 die
1125 471 1242 500 honeste
1265 469 1461 500 ambulemus.
1479 468 1525 499 lbi
1539 466 1710 508 Theophy-

89 518 192 550 iactus
216 518 257 549 de
278 517 432 549 Romanis
452 517 586 550 honoris
608 523 639 550 et
653 518 764 558 gloriae
783 518 850 550 stud

957 517 1018 550 hoc
1041 518 1138 550 modo
1162 519 1273 550 scribit
1301 518 1437 554 εἘπειδὴ
1453 518 1504 558 γὰρ
1519 516 1600 550 πολὺς
1623 517 1710 550 αὐτοῖς

89 570 136 605 τῆς
153 568 229 608 παρὰ
257 569 309 598 τῶν
331 569 438 598 πολλῶν
461 568 538 605 δόξης
553 570 567 598 ὁ
581 568 656 608 λόγος
676 569 816 609 ἐφέλκεται
838 581 850 598 α

948 567 1001 598 ἀπὸ
1024 570 1071 604 τῆς
1088 567 1291 608 εὐσχημοσύνης
1312 567 1372 599 hoc
1395 571 1452 605 est,
1472 579 1485 596 ε
1501 565 1709 607 Quandoqui—

89 617 166 649 dem
183 618 241 659 ipsi
258 617 344 658 vulgi
360 617 497 658 gloriam
515 617 579 649 sive
592 617 762 655 honorem,
781 618 836 658 qui
850 627 869 649 a
883 617 992 649 multis
1009 617 1188 655 exhibetur,
1206 617 1469 658 magnifacerent,
1487 616 1527 648 ab
1542 616 1708 647 honestate

89 675 144 698 eos
159 667 275 705 allicit;
289 679 303 695 ιι
325 667 413 707 prius
427 671 534 697 autem
550 667 596 698 sic
611 666 773 698 redditum
788 668 891 699 fuerat
908 677 916 698 :
935 678 948 695 α
967 667 1047 698 Cum
1064 667 1151 698 enim
1166 667 1224 707 ipsi
1243 666 1379 698 Romani
1395 665 1497 697 multa
1510 665 1608 696 verba
1623 665 1706 697 facc-

89 720 173 754 rent,
192 728 206 745 ι
224 720 297 753 etc.,
314 716 369 747 ubi
387 715 468 749 πολὺς
481 715 569 754 λόγος,
586 725 651 747 non
674 716 774 747 multa
787 716 893 754 verba,
910 716 962 748 sed
982 717 1116 748 multam
1132 726 1256 753 curam,
1274 716 1432 748 rationem
1448 716 1512 748 sive
1528 719 1709 756 respectum

89 765 211 798 habere
236 765 347 806 glorize
361 770 393 797 et
407 774 494 797 aurae
509 766 673 806 popularis
689 766 792 806 potius
813 766 981 806 significat.
1007 765 1127 797 Deinde
1149 766 1233 806 quod
1259 766 1421 806 adjectum
1444 769 1501 801 est,
1520 776 1534 794 ‹
1555 763 1709 796 abstrahit

90 823 144 846 eos
169 814 211 846 ab
228 823 265 846 ea
281 814 391 854 gloria:
408 814 615 855 turpitudine,
634 825 648 843 ›
667 814 803 846 multum
821 818 889 846 erat
911 825 931 846 a
956 815 1044 846 Pauli
1069 819 1100 847 et
1116 815 1341 856 Theophylacti
1365 815 1525 856 proposito
1547 815 1707 852 alienum;

90 863 237 904 suspicor
250 863 457 903 interpretem
472 863 667 895 existimasse
684 872 741 904 pro
758 865 851 903 εὖσχηε

949 877 960 898 ς
985 864 1157 904 legendum
1179 874 1246 895 esse
1262 864 1466 905 ἀσχημοσύνης.
1487 863 1553 895 Sub
1569 873 1606 896 ea
1623 863 1707 895 enim

90 913 231 944 dictione
247 913 342 944 ducta
366 916 434 944 erat
459 912 553 950 linea,
571 913 660 953 quasi
677 917 821 954 suspecta
837 917 917 946 esset
930 913 1101 954 scriptura,
1125 923 1195 955 qua:
1221 918 1329 946 tamen
1353 913 1435 945 belle
1457 913 1563 951 habet,
1589 916 1626 945 ut
1639 921 1709 954 qua:

90 961 226 993 Paulino
241 962 340 993 textui
355 961 537 1002 respondet,
556 962 610 993 ubi
625 962 808 1002 εὐσχημόνως.

128 1011 191 1043 Sed
219 1011 258 1043 de
274 1011 333 1042 hac
356 1020 421 1042 una
447 1011 534 1042 Pauli
560 1011 701 1051 Epistola
716 1011 856 1043 nimium
881 1011 996 1050 multa;
1016 1011 1167 1052 pauciora
1183 1011 1281 1051 igitur
1304 1021 1342 1044 ex
1367 1011 1499 1053 reliquis
1513 1011 1662 1051 afferam;
1679 1015 1710 1043 et

89 1069 130 1092 ne
146 1060 275 1100 longius
289 1060 454 1098 abeamus,
471 1060 562 1092 initio
578 1060 726 1101 Epistola:
746 1061 917 1102 sequentis,
944 1060 999 1092 ubi
1016 1061 1133 1093 Paulus
1147 1062 1201 1100 ait,
1219 1061 1281 1092 Per
1295 1063 1483 1093 voluntatem
1497 1061 1566 1099 Dei,
1584 1061 1618 1092 in
1634 1069 1709 1092 eum

89 1110 198 1143 locum
213 1110 387 1142 Lonicerus
410 1118 417 1142 :
446 1121 461 1140 α
476 1110 702 1142 Animadverte
717 1110 769 1142 hic
785 1110 909 1142 deitatis
921 1110 1114 1142 vocabulum
1136 1111 1176 1143 ad
1191 1112 1318 1143 Patrem
1334 1111 1509 1152 pertinere;
1534 1123 1550 1139 ι
1567 1111 1707 1151 egregia,

88 1160 211 1192 scilicet
230 1159 475 1196 animadversio,
497 1159 588 1200 quasi
605 1169 678 1191 vero
700 1169 836 1200 usquam
861 1161 1010 1200 negarint
1024 1159 1132 1190 Ariani
1149 1159 1274 1191 deitatis
1295 1160 1486 1191 vocabulum
1510 1160 1551 1191 ad
1583 1160 1707 1191 Patrem

89 1209 265 1250 pertinere.
282 1209 390 1240 Graeca
404 1208 449 1240 sic
466 1207 584 1240 habent
602 1218 609 1240 :
631 1209 788 1246 Σημιίωσαι
804 1208 832 1238 at

946 1209 956 1238 lt
972 1208 1016 1238 ἐπὶ
1033 1209 1140 1249 Πατρὸς
1155 1209 1274 1247 κείμενον
1287 1231 1297 1247 ,
1313 1208 1374 1241 hoc
1390 1213 1447 1247 est,
1471 1221 1487 1237 α
1503 1210 1582 1241 Nota
1600 1213 1707 1240 autem

89 1257 175 1290 hanc
190 1257 364 1290 dictionem
377 1267 430 1297 per
445 1257 529 1288 Patri
542 1258 730 1298 appositam,
749 1270 764 1287 ι
781 1258 846 1289 sive
861 1257 900 1289 de
913 1258 1005 1289 Patre
1017 1257 1093 1289 dici.
1108 1258 1168 1290 Ubi
1180 1257 1434 1298 Theophylactus
1451 1262 1561 1290 contra
1575 1258 1710 1290 Arianos

89 1306 178 1339 hunc
198 1307 307 1339 locum
329 1306 459 1348 profert,
485 1306 651 1338 declarans
666 1307 751 1347 quod
765 1307 834 1339 haec
860 1307 1039 1348 praepositio
1053 1317 1119 1347 per,
1138 1307 1387 1339 diminutionem
1403 1317 1469 1339 non
1492 1308 1652 1348 importet,
1676 1309 1709 1338 ut

90 1356 152 1397 ipsi
165 1356 314 1388 volebant
330 1366 337 1388 :
355 1365 428 1388 cum
447 1356 545 1388 etiam
564 1355 616 1388 hic
636 1360 815 1397 apponatur
828 1356 921 1394 Patri,
941 1355 995 1387 ubi
1019 1356 1137 1388 dicitur
1149 1366 1203 1396 per
1215 1357 1401 1387 voluntatem
1417 1357 1485 1394 Dei,
1502 1359 1537 1387 ut
1551 1355 1652 1387 fusius
1667 1355 1710 1386 ait

91 1405 181 1437 idem
195 1404 448 1446 Theophylactus
463 1404 496 1436 in
513 1414 588 1436 eum
603 1404 712 1437 locum
729 1405 870 1443 Joannis,
890 1407 998 1438 Omnia
1016 1416 1072 1446 per
1096 1410 1196 1447 ipsum
1221 1406 1306 1446 facta
1320 1409 1402 1442 sunt,
1421 1406 1476 1437 ubi
1495 1406 1606 1437 Ariani
1621 1405 1707 1437 vole-

93 1454 172 1486 bant
198 1454 314 1486 Filium
339 1454 442 1486 facere
457 1454 549 1486 Patre
565 1454 737 1494 minorem,
764 1454 850 1496 quod
868 1463 925 1495 per
951 1456 1057 1497 ipsum
1072 1456 1155 1488 sicut
1170 1465 1225 1497 per
1247 1456 1500 1488 instrumentum
1515 1459 1570 1486 aut
1584 1463 1711 1486 servum

93 1505 188 1536 Pater
199 1504 262 1535 alia
275 1503 398 1535 fecisset
417 1512 424 1535 :
443 1507 554 1536 contra
569 1513 648 1544 quos
659 1504 704 1535 ibi
721 1503 851 1536 adducit
866 1505 953 1538 hunc
969 1506 1074 1548 ipsum
1088 1507 1209 1545 locum,
1226 1507 1288 1537 Per
1301 1506 1486 1537 voluntatem
1500 1504 1577 1543 Det;
1591 1509 1623 1536 et
1633 1505 1708 1538 item

93 1553 195 1585 alium
226 1562 265 1584 ex
289 1552 351 1584 hoc
371 1553 485 1584 eodem
500 1552 603 1593 capite
628 1562 636 1585 :
653 1554 768 1585 Fidelis
786 1555 866 1585 Deus
890 1565 946 1594 per
971 1566 1055 1596 quem
1070 1559 1168 1587 vocati
1183 1565 1286 1587 sumus
1310 1559 1345 1586 in
1359 1557 1530 1586 societatem
1549 1555 1624 1586 Filii
1652 1557 1710 1593 sui,

93 1603 150 1635 ubi
178 1602 276 1634 dictio
294 1612 360 1642 per,
385 1602 468 1634 Patri
489 1602 612 1642 juncta,
629 1612 833 1644 nequaquam
857 1604 1016 1645 signiﬁcat
1041 1606 1164 1637 Patrem
1188 1605 1268 1637 Filio
1284 1605 1456 1637 minorem.
1487 1605 1577 1636 Hunc
1603 1604 1711 1636 locum

93 1651 240 1693 pluribus
274 1651 402 1683 tractavi
438 1652 522 1692 quod
549 1652 709 1692 plerisque
743 1653 959 1685 subobscurus
987 1655 1158 1694 videretur,
1188 1658 1218 1686 et
1242 1664 1261 1686 a
1285 1655 1441 1686 Lonicero
1468 1654 1598 1695 quidem
1629 1653 1713 1685 male

95 1711 215 1740 versus,
241 1704 276 1733 ut
298 1701 353 1742 qui
375 1710 413 1733 ex
437 1701 659 1742 prtepositione
684 1702 728 1732 διὰ
750 1702 898 1734 deitatem
917 1703 1041 1742 fecerit;
1058 1713 1077 1735 a
1099 1705 1262 1735 Porsanna
1281 1713 1356 1736 vero
1375 1703 1466 1744 plane
1483 1703 1619 1735 omissus
1634 1702 1711 1733 fuis-

94 1755 141 1783 set
161 1760 168 1782 :
198 1751 277 1783 solet
299 1751 388 1782 enim
403 1750 461 1783 iste
481 1750 507 1782 si
531 1751 608 1791 quid
627 1751 748 1791 placeat
762 1751 896 1783 liberius
911 1755 1046 1784 tractare
1058 1762 1095 1784 ac
1112 1753 1213 1784 multa
1228 1753 1267 1784 de
1287 1762 1344 1784 suo
1366 1752 1532 1790 infarcire;
1550 1756 1581 1783 et
1602 1755 1713 1783 contra

93 1801 120 1833 si
134 1800 215 1842 quid
240 1809 305 1832 non
319 1800 469 1838 arrideat,
486 1800 564 1832 illud
590 1809 719 1841 prorsus
736 1800 882 1832 omittere
898 1809 905 1832 :
922 1801 1008 1842 quod
1026 1802 1077 1833 hic
1103 1802 1272 1842 contigisse
1295 1801 1429 1839 videtur,
1446 1801 1473 1832 si
1498 1801 1594 1832 modo
1614 1800 1714 1840 ipsius

95 1849 263 1890 exemplar
277 1858 353 1881 cum
368 1853 476 1881 nostro
492 1849 699 1886 consenserit,
717 1858 754 1880 eo
768 1858 845 1880 sane
860 1854 1051 1890 pervetusto.
1068 1851 1131 1883 Nec
1148 1851 1238 1882 video
1254 1860 1312 1882 cur
1326 1850 1379 1881 hic
1392 1849 1431 1881 de
1447 1858 1601 1890 germana
1614 1848 1714 1880 Theo-

95 1898 236 1940 phylacti
261 1899 425 1939 Scriptura
453 1898 600 1930 dubitare
624 1898 810 1936 debeamus,
834 1907 908 1929 cum
935 1898 1031 1939 hujus
1058 1899 1119 1930 loci
1156 1899 1353 1931 mentionem
1379 1899 1447 1939 ipse
1472 1898 1567 1929 faciat
1584 1897 1714 1929 Joannis

96 1949 216 1990 primo,
242 1951 277 1980 ut
291 1948 440 1980 diximus.
464 1947 555 1984 Quod
579 1951 686 1979 autem
710 1947 883 1980 Lonicerus
897 1948 1038 1989 glossam
1065 1951 1165 1980 totam
1181 1957 1415 1989 nonnunquam
1431 1957 1505 1979 cum
1524 1950 1610 1979 textu
1626 1946 1714 1978 Pauli

96 1997 348 2040 praetermiserit,
376 2006 442 2029 non
457 1996 555 2038 ipsius
570 1997 731 2028 voluntate
746 1996 865 2029 factum
889 2006 956 2029 esse
977 1996 1127 2036 arbitror,
1144 1997 1198 2029 sed
1222 1997 1322 2038 ipsius
1335 2000 1392 2029 aut
1406 1996 1519 2028 scriba:
1537 1996 1641 2036 potius
1657 2004 1714 2027 ne-

96 2047 254 2088 gligentia
267 2051 321 2078 aut
335 2055 444 2078 errore
459 2046 643 2087 contigisse.

136 2096 197 2128 Hic
219 2096 317 2127 ﬁnem
342 2095 445 2127 facere
471 2095 602 2127 fortasse
625 2095 789 2136 expediret
813 2104 914 2127 :nam
929 2105 968 2128 ex
982 2095 1168 2136 hujusmodi
1191 2096 1268 2128 locis
1291 2105 1349 2138 pro
1365 2100 1475 2128 nostra
1500 2094 1715 2136 qualicunque

99 2145 322 2178 mediocritate
336 2145 488 2176 restitutis
502 2145 593 2176 facile
607 2145 763 2176 candidus
783 2145 896 2177 Lector
917 2145 957 2177 de
981 2145 1113 2187 reliquis
1127 2146 1287 2186 conjicere
1303 2149 1416 2187 posset,
1443 2154 1503 2177 nec
1525 2144 1628 2186 plura,
1645 2144 1716 2185 opi-

99 2204 170 2233 nor,
188 2194 383 2227 desideraret
400 2203 407 2226 :
424 2195 466 2226 ob
492 2194 685 2226 morosiores
702 2198 820 2233 tamen,
836 2194 942 2227 adhuc
960 2196 1097 2236 paucula
1111 2196 1281 2233 ascribam,
1307 2199 1341 2227 ut
1356 2194 1443 2236 quod
1457 2193 1553 2234 hujus
1568 2193 1716 2234 Epistola:

99 2244 203 2285 capite
218 2247 343 2284 quarto,
356 2243 400 2274 ibi
419 2253 425 2274 :
451 2243 571 2283 Magnae
584 2243 660 2274 mihi
681 2243 799 2283 gloria,
814 2244 1010 2276 contrariam
1033 2248 1181 2285 posuerat
1195 2245 1401 2283 sententiam;
1425 2248 1455 2275 et
1476 2243 1577 2284 capite
1591 2243 1715 2284 quinto,

99 2293 132 2325 in
153 2302 230 2325 eum
244 2292 332 2324 Pauli
348 2292 455 2324 locum
484 2301 491 2324 :
508 2293 547 2324 In
561 2295 716 2324 interitum
731 2295 842 2332 carnis,
859 2292 1015 2334 scriptum
1030 2298 1099 2325 erat
1115 2303 1123 2326 :
1140 2305 1154 2323 ι
1171 2293 1236 2325 Hoc
1253 2297 1309 2331 est,
1328 2297 1362 2325 ut
1380 2302 1398 2324 a
1414 2292 1528 2324 morbo
1544 2301 1619 2323 eum
1634 2291 1717 2323 libe—

98 2346 158 2380 ret,
176 2341 286 2380 solvat,
304 2353 319 2370 ι
339 2350 397 2372 nos
410 2340 453 2372 sic
470 2341 730 2373 emendavimus:
746 2352 760 2370 ‹
775 2341 841 2372 Hoc
857 2345 914 2379 est,
930 2346 966 2373 ut
981 2343 1095 2375 morbo
1111 2352 1186 2374 eum
1202 2345 1340 2374 maceret
1356 2346 1387 2374 et
1401 2341 1562 2373 tabescere
1575 2341 1678 2379 faciat,
1698 2353 1712 2372 ι)

99 2392 138 2424 de
154 2390 363 2432 castigatione
377 2391 464 2422 enim
480 2391 623 2431 corporis
639 2390 793 2431 loquitur,
818 2393 852 2422 ut
871 2391 1034 2430 sequentia
1049 2391 1123 2423 satis
1138 2391 1310 2423 declarant.
1328 2390 1434 2431 Capite
1450 2394 1556 2421 autem
1581 2390 1717 2431 septimo

99 2441 252 2482 pleraque
269 2441 448 2481 depravata,
465 2443 497 2472 et
513 2449 580 2472 non
604 2449 707 2481 pauca
721 2440 839 2472 omissa
854 2439 960 2478 fuisse,
978 2441 1031 2481 qui
1046 2444 1149 2472 totum
1164 2440 1225 2472 hoc
1241 2443 1337 2481 caput
1356 2440 1502 2471 conferre
1516 2439 1610 2477 volet,
1627 2439 1718 2471 facile

98 2489 334 2532 deprehendet;
352 2490 438 2531 quod
454 2489 585 2530 quidem
599 2490 648 2522 vel
666 2498 769 2521 unum
784 2493 880 2531 caput
904 2498 1033 2522 moroso
1049 2490 1145 2522 etiam
1172 2489 1306 2527 Lectori,
1325 2488 1351 2520 si
1368 2492 1475 2520 tamen
1496 2488 1634 2520 veritatis
1649 2492 1718 2519 stu-

99 2540 210 2573 diosus
223 2539 329 2578 fuerit,
343 2539 427 2571 hanc
439 2543 582 2572 nostram
602 2549 732 2581 operam
756 2543 790 2571 ut
810 2539 947 2571 minime
971 2548 1253 2580 supervacaneam,
1269 2538 1498 2570 commendare
1518 2538 1626 2569 valeat.
1643 2538 1718 2568 Pos-

99 2599 167 2622 sem
185 2599 224 2622 ex
249 2599 317 2630 cap.
344 2598 386 2628 1x,
411 2598 443 2620 χι
473 2592 502 2620 et
524 2598 573 2628 xv,
592 2589 758 2621 manifeste
774 2589 952 2630 depravata,
970 2593 1001 2621 et
1015 2590 1209 2622 contrariam
1224 2588 1414 2620 sententiam
1431 2587 1627 2619 continentia
1642 2594 1719 2626 pro-

98 2641 193 2678 ferre,
219 2639 276 2671 sed
290 2639 324 2670 in
348 2639 407 2670 hac
424 2639 531 2679 priore
552 2639 592 2670 ad
606 2639 787 2671 Corinthios
801 2639 941 2680 Epistola
955 2639 1074 2671 diutius
1097 2648 1194 2680 quam
1219 2642 1395 2671 statueram
1419 2646 1492 2669 sum
1517 2637 1718 2668 immoratus.

99 2690 135 2722 In
162 2688 314 2722 secunda:
336 2697 411 2720 vero
426 2688 467 2720 ad
480 2688 660 2721 Corinthios
681 2689 829 2730 Epistolas
845 2689 946 2730 capite
963 2689 1078 2730 primo,
1103 2689 1173 2721 ibi:
1198 2688 1243 2720 Et
1265 2698 1332 2729 spes
1363 2690 1469 2719 nostra
1481 2686 1573 2724 ﬁrma
1599 2687 1641 2715 est
1662 2693 1720 2725 pro

99 2739 190 2778 vobis,
232 2738 336 2780 glossa
363 2738 459 2779 hujus
486 2741 589 2770 textus
613 2747 688 2770 cum
712 2742 799 2771 textu
823 2738 967 2780 sequenti
993 2739 1095 2771 fuerat
1118 2737 1253 2777 omissa;
1291 2740 1385 2778 atque
1410 2735 1453 2767 ita
1476 2734 1580 2776 glossa
1615 2737 1720 2766 textus

100 2788 264 2831 sequentis
285 2787 361 2820 huic
375 2791 444 2820 erat
464 2788 598 2829 adjecta,
615 2788 701 2830 quod
722 2789 819 2820 etiam
839 2789 960 2820 factum
975 2791 1021 2820 est
1041 2787 1082 2819 ad
1106 2788 1268 2819 Romanos
1284 2795 1353 2825 xm,
1370 2784 1453 2818 findo
1468 2793 1544 2815 sane
1568 2783 1669 2824 lapsu,
1686 2785 1721 2814 ut

100 2839 179 2871 alios
195 2837 343 2879 ejusdem
358 2838 468 2879 capitis
480 2841 678 2880 praeteream.
692 2838 839 2870 Secundo
856 2842 964 2870 autem
977 2837 1080 2879 capite
1091 2837 1140 2870 bis
1153 2836 1350 2869 contrariam
1362 2834 1501 2867 reddidit
1517 2833 1717 2865 sententiam.

103 2888 251 2921 Primum
273 2887 309 2920 in
319 2887 401 2920 illud
421 2887 511 2920 Pauli
526 2896 534 2920 :
557 2887 595 2919 Ut
609 2897 646 2919 ne
661 2887 932 2920 circumveniantur
945 2898 966 2919 a
978 2888 1106 2928 Satana,
1123 2886 1247 2920 dixerat
1263 2895 1271 2918 :
1289 2897 1303 2916 α
1325 2886 1396 2918 Non
1415 2884 1502 2917 enim
1515 2893 1535 2916 a
1549 2892 1582 2916 se
1597 2882 1721 2922 discre:
