  <div class='ocr_page' id='page_1' title='image "/cluster/home/n/w/nwhite01/storage/ocr_20150623/124/njp.32101010942728/247.png"; bbox 0 0 1927 3076; ppageno 0'>
   <div class='ocr_carea' id='block_1_1' title="bbox 241 132 1846 171">
    <p class='ocr_par' dir='ltr' id='par_1_1' title="bbox 241 132 1846 171">
     <span class='ocr_line' id='line_1_1' title="bbox 241 132 1846 171; baseline -0.004 -1"><span class='ocrx_word' id='word_1_1' title='bbox 241 142 291 171; x_wconf 80' lang='lat'>327</span> <span class='ocrx_word' id='word_1_2' title='bbox 635 140 680 168; x_wconf 83' lang='lat' dir='ltr'>AD</span> <span class='ocrx_word' id='word_1_3' title='bbox 699 136 956 168; x_wconf 80' lang='lat' dir='ltr'>THEOPHYLACTI</span> <span class='ocrx_word' id='word_1_4' title='bbox 975 137 1222 167; x_wconf 78' lang='lat' dir='ltr'>EXPOSITIONEM</span> <span class='ocrx_word' id='word_1_5' title='bbox 1240 139 1273 166; x_wconf 85' lang='lat' dir='ltr'>IN</span> <span class='ocrx_word' id='word_1_6' title='bbox 1293 138 1325 165; x_wconf 76' lang='grc' dir='ltr'><strong>Β.</strong></span> <span class='ocrx_word' id='word_1_7' title='bbox 1345 137 1490 165; x_wconf 80' lang='lat' dir='ltr'>PAULUM.</span> <span class='ocrx_word' id='word_1_8' title='bbox 1803 132 1846 164; x_wconf 71' lang='lat'>328</span> 
     </span>
    </p>
   </div>
   <div class='ocr_carea' id='block_1_2' title="bbox 236 199 1839 244">
    <p class='ocr_par' dir='ltr' id='par_1_2' title="bbox 236 199 1839 244">
     <span class='ocr_line' id='line_1_2' title="bbox 236 199 1839 244; baseline -0.003 -10"><span class='ocrx_word' id='word_1_9' title='bbox 236 203 344 244; x_wconf 84' lang='lat' dir='ltr'>pantia</span> <span class='ocrx_word' id='word_1_10' title='bbox 367 203 496 234; x_wconf 77' lang='lat' dir='ltr'>Satanas</span> <span class='ocrx_word' id='word_1_11' title='bbox 519 202 644 243; x_wconf 90' lang='lat' dir='ltr'>accipit,</span> <span class='ocrx_word' id='word_1_12' title='bbox 671 212 782 234; x_wconf 90' lang='lat' dir='ltr'>verum</span> <span class='ocrx_word' id='word_1_13' title='bbox 798 206 828 234; x_wconf 89' lang='lat' dir='ltr'>et</span> <span class='ocrx_word' id='word_1_14' title='bbox 851 206 958 234; x_wconf 89' lang='lat' dir='ltr'>nostra</span> <span class='ocrx_word' id='word_1_15' title='bbox 979 202 1072 243; x_wconf 80' lang='lat' dir='ltr'>rapit,</span> <span class='ocrx_word' id='word_1_16' title='bbox 1101 213 1115 230; x_wconf 79' lang='lat'><strong><em>»</em></strong></span> <span class='ocrx_word' id='word_1_17' title='bbox 1140 210 1215 233; x_wconf 89' lang='lat' dir='ltr'>cum</span> <span class='ocrx_word' id='word_1_18' title='bbox 1240 200 1347 232; x_wconf 86' lang='lat' dir='ltr'>dicere</span> <span class='ocrx_word' id='word_1_19' title='bbox 1367 200 1538 237; x_wconf 84' lang='lat' dir='ltr'>debuisset,</span> <span class='ocrx_word' id='word_1_20' title='bbox 1567 210 1581 227; x_wconf 71' lang='grc' dir='ltr'><strong>α</strong></span> <span class='ocrx_word' id='word_1_21' title='bbox 1605 200 1676 231; x_wconf 91' lang='lat' dir='ltr'>Non</span> <span class='ocrx_word' id='word_1_22' title='bbox 1700 199 1783 230; x_wconf 90' lang='lat' dir='ltr'>enim</span> <span class='ocrx_word' id='word_1_23' title='bbox 1805 200 1839 230; x_wconf 90' lang='lat' dir='ltr'>ad</span> 
     </span>
    </p>
   </div>
   <div class='ocr_carea' id='block_1_3' title="bbox 236 248 997 292">
    <p class='ocr_par' dir='ltr' id='par_1_3' title="bbox 236 250 997 292">
     <span class='ocr_line' id='line_1_3' title="bbox 236 250 997 292; baseline -0.001 -10"><span class='ocrx_word' id='word_1_24' title='bbox 236 261 269 282; x_wconf 89' lang='lat' dir='ltr'>se</span> <span class='ocrx_word' id='word_1_25' title='bbox 284 251 475 292; x_wconf 90' lang='lat' dir='ltr'>pertinentia</span> <span class='ocrx_word' id='word_1_26' title='bbox 488 251 630 288; x_wconf 85' lang='lat' dir='ltr'>Satanas,</span> <span class='ocrx_word' id='word_1_27' title='bbox 654 262 668 279; x_wconf 72' lang='grc' dir='ltr'>ιι</span> <span class='ocrx_word' id='word_1_28' title='bbox 683 254 743 282; x_wconf 88' lang='lat' dir='ltr'>etc.</span> <span class='ocrx_word' id='word_1_29' title='bbox 759 250 866 282; x_wconf 80' lang='lat' dir='ltr'>Graece</span> <span class='ocrx_word' id='word_1_30' title='bbox 880 251 966 282; x_wconf 89' lang='lat' dir='ltr'>enim</span> <span class='ocrx_word' id='word_1_31' title='bbox 983 260 997 281; x_wconf 90' lang='lat' dir='ltr'>e</span> 
     </span>
    </p>
   </div>
   <div class='ocr_carea' id='block_1_4' title="bbox 1076 248 1837 292">
    <p class='ocr_par' dir='ltr' id='par_1_4' title="bbox 1076 248 1837 291">
     <span class='ocr_line' id='line_1_4' title="bbox 1076 248 1837 291; baseline -0.004 -10"><span class='ocrx_word' id='word_1_32' title='bbox 1076 251 1101 280; x_wconf 89' lang='lat'><strong>0</strong></span> <span class='ocrx_word' id='word_1_33' title='bbox 1116 251 1168 291; x_wconf 83' lang='grc' dir='ltr'>γὰρ</span> <span class='ocrx_word' id='word_1_34' title='bbox 1187 250 1309 284; x_wconf 78' lang='grc' dir='ltr'>διάϐολος</span> <span class='ocrx_word' id='word_1_35' title='bbox 1323 250 1384 289; x_wconf 79' lang='grc' dir='ltr'>οὐχὶ</span> <span class='ocrx_word' id='word_1_36' title='bbox 1399 250 1433 278; x_wconf 78' lang='grc' dir='ltr'>τὰ</span> <span class='ocrx_word' id='word_1_37' title='bbox 1450 250 1521 290; x_wconf 77' lang='grc' dir='ltr'>αὖτῷ</span> <span class='ocrx_word' id='word_1_38' title='bbox 1534 249 1693 290; x_wconf 64' lang='grc' dir='ltr'>διαφέροντα</span> <span class='ocrx_word' id='word_1_39' title='bbox 1703 248 1837 286; x_wconf 74' lang='grc' dir='ltr'>λαμϐάνει.</span> 
     </span>
    </p>
   </div>
   <div class='ocr_carea' id='block_1_5' title="bbox 236 298 1838 341">
    <p class='ocr_par' dir='ltr' id='par_1_5' title="bbox 236 298 1838 341">
     <span class='ocr_line' id='line_1_5' title="bbox 236 298 1838 341; baseline -0.002 -9"><span class='ocrx_word' id='word_1_40' title='bbox 236 301 356 332; x_wconf 86' lang='lat' dir='ltr'>Deinde</span> <span class='ocrx_word' id='word_1_41' title='bbox 372 300 465 341; x_wconf 88' lang='lat' dir='ltr'>paulo</span> <span class='ocrx_word' id='word_1_42' title='bbox 484 304 554 341; x_wconf 87' lang='lat' dir='ltr'>post</span> <span class='ocrx_word' id='word_1_43' title='bbox 576 300 610 331; x_wconf 93' lang='lat' dir='ltr'>in</span> <span class='ocrx_word' id='word_1_44' title='bbox 632 299 709 331; x_wconf 89' lang='lat' dir='ltr'>illud</span> <span class='ocrx_word' id='word_1_45' title='bbox 727 300 813 331; x_wconf 80' lang='lat' dir='ltr'>Pauli</span> <span class='ocrx_word' id='word_1_46' title='bbox 840 310 847 330; x_wconf 88' lang='lat'><strong>:</strong></span> <span class='ocrx_word' id='word_1_47' title='bbox 868 301 948 330; x_wconf 79' lang='lat' dir='ltr'>Aliis</span> <span class='ocrx_word' id='word_1_48' title='bbox 961 299 1081 340; x_wconf 71' lang='lat' dir='ltr'>quidem</span> <span class='ocrx_word' id='word_1_49' title='bbox 1102 301 1177 330; x_wconf 84' lang='lat' dir='ltr'>odor</span> <span class='ocrx_word' id='word_1_50' title='bbox 1192 300 1297 330; x_wconf 78' lang='lat' dir='ltr'>mortis</span> <span class='ocrx_word' id='word_1_51' title='bbox 1319 303 1350 330; x_wconf 83' lang='lat' dir='ltr'>in</span> <span class='ocrx_word' id='word_1_52' title='bbox 1366 302 1499 338; x_wconf 78' lang='lat' dir='ltr'>mortem,</span> <span class='ocrx_word' id='word_1_53' title='bbox 1519 307 1589 338; x_wconf 89' lang='lat' dir='ltr'>pro,</span> <span class='ocrx_word' id='word_1_54' title='bbox 1617 298 1681 329; x_wconf 90' lang='lat' dir='ltr'>Deo</span> <span class='ocrx_word' id='word_1_55' title='bbox 1706 301 1838 337; x_wconf 87' lang='lat' dir='ltr'>accepta-</span> 
     </span>
    </p>
   </div>
   <div class='ocr_carea' id='block_1_6' title="bbox 236 346 1839 390">
    <p class='ocr_par' dir='ltr' id='par_1_6' title="bbox 236 346 1839 390">
     <span class='ocr_line' id='line_1_6' title="bbox 236 346 1839 390; baseline -0.002 -10"><span class='ocrx_word' id='word_1_56' title='bbox 236 349 318 381; x_wconf 87' lang='lat' dir='ltr'>biles</span> <span class='ocrx_word' id='word_1_57' title='bbox 338 358 416 388; x_wconf 88' lang='lat' dir='ltr'>esse,</span> <span class='ocrx_word' id='word_1_58' title='bbox 442 349 576 387; x_wconf 82' lang='lat' dir='ltr'>dixerat,</span> <span class='ocrx_word' id='word_1_59' title='bbox 593 358 660 380; x_wconf 89' lang='lat' dir='ltr'>esse</span> <span class='ocrx_word' id='word_1_60' title='bbox 682 349 836 389; x_wconf 89' lang='lat' dir='ltr'>reprobos</span> <span class='ocrx_word' id='word_1_61' title='bbox 848 352 879 380; x_wconf 93' lang='lat' dir='ltr'>et</span> <span class='ocrx_word' id='word_1_62' title='bbox 901 349 1035 380; x_wconf 87' lang='lat' dir='ltr'>minime</span> <span class='ocrx_word' id='word_1_63' title='bbox 1057 352 1163 389; x_wconf 80' lang='lat' dir='ltr'>gratos</span> <span class='ocrx_word' id='word_1_64' title='bbox 1183 349 1268 390; x_wconf 87' lang='lat' dir='ltr'>apud</span> <span class='ocrx_word' id='word_1_65' title='bbox 1291 349 1404 380; x_wconf 90' lang='lat' dir='ltr'>Deum.</span> <span class='ocrx_word' id='word_1_66' title='bbox 1426 348 1488 379; x_wconf 91' lang='lat' dir='ltr'>Sed</span> <span class='ocrx_word' id='word_1_67' title='bbox 1511 347 1564 379; x_wconf 90' lang='lat' dir='ltr'>hic</span> <span class='ocrx_word' id='word_1_68' title='bbox 1589 347 1730 388; x_wconf 85' lang='lat' dir='ltr'>quodam</span> <span class='ocrx_word' id='word_1_69' title='bbox 1752 346 1839 378; x_wconf 91' lang='lat' dir='ltr'>modo</span> 
     </span>
    </p>
   </div>
   <div class='ocr_carea' id='block_1_7' title="bbox 236 396 1839 439">
    <p class='ocr_par' dir='ltr' id='par_1_7' title="bbox 236 396 1839 439">
     <span class='ocr_line' id='line_1_7' title="bbox 236 396 1839 439; baseline -0.002 -9"><span class='ocrx_word' id='word_1_70' title='bbox 236 398 435 430; x_wconf 78' lang='lat' dir='ltr'>excusandus</span> <span class='ocrx_word' id='word_1_71' title='bbox 460 399 554 436; x_wconf 93' lang='lat' dir='ltr'>venit,</span> <span class='ocrx_word' id='word_1_72' title='bbox 580 397 664 438; x_wconf 90' lang='lat' dir='ltr'>quod</span> <span class='ocrx_word' id='word_1_73' title='bbox 683 398 810 429; x_wconf 68' lang='lat' dir='ltr'>Grazcus</span> <span class='ocrx_word' id='word_1_74' title='bbox 821 397 921 429; x_wconf 78' lang='lat' dir='ltr'>codex</span> <span class='ocrx_word' id='word_1_75' title='bbox 941 397 1050 429; x_wconf 81' lang='lat' dir='ltr'>fuisset</span> <span class='ocrx_word' id='word_1_76' title='bbox 1073 407 1254 439; x_wconf 81' lang='lat' dir='ltr'>corruptus,</span> <span class='ocrx_word' id='word_1_77' title='bbox 1284 407 1382 439; x_wconf 87' lang='lat' dir='ltr'>quem</span> <span class='ocrx_word' id='word_1_78' title='bbox 1405 400 1533 429; x_wconf 89' lang='lat' dir='ltr'>secutus</span> <span class='ocrx_word' id='word_1_79' title='bbox 1547 400 1592 428; x_wconf 92' lang='lat' dir='ltr'>est</span> <span class='ocrx_word' id='word_1_80' title='bbox 1608 396 1682 434; x_wconf 75' lang='lat' dir='ltr'>title,</span> <span class='ocrx_word' id='word_1_81' title='bbox 1706 401 1742 428; x_wconf 91' lang='lat' dir='ltr'>ut</span> <span class='ocrx_word' id='word_1_82' title='bbox 1766 396 1839 427; x_wconf 79' lang='lat' dir='ltr'>dixi-</span> 
     </span>
    </p>
   </div>
   <div class='ocr_carea' id='block_1_8' title="bbox 235 444 996 488">
    <p class='ocr_par' dir='ltr' id='par_1_8' title="bbox 235 447 996 487">
     <span class='ocr_line' id='line_1_8' title="bbox 235 447 996 487; baseline -0.004 -9"><span class='ocrx_word' id='word_1_83' title='bbox 235 456 319 485; x_wconf 88' lang='lat' dir='ltr'>mus,</span> <span class='ocrx_word' id='word_1_84' title='bbox 336 447 475 478; x_wconf 90' lang='lat' dir='ltr'>nimium</span> <span class='ocrx_word' id='word_1_85' title='bbox 506 447 607 485; x_wconf 86' lang='lat' dir='ltr'>bona;</span> <span class='ocrx_word' id='word_1_86' title='bbox 634 456 708 478; x_wconf 87' lang='lat' dir='ltr'>nam</span> <span class='ocrx_word' id='word_1_87' title='bbox 737 447 807 478; x_wconf 88' lang='lat' dir='ltr'>loco</span> <span class='ocrx_word' id='word_1_88' title='bbox 839 447 996 487; x_wconf 80' lang='grc' dir='ltr'>ἀπρόσδεχτ‹</span> 
     </span>
    </p>
   </div>
   <div class='ocr_carea' id='block_1_9' title="bbox 1080 444 1841 488">
    <p class='ocr_par' dir='ltr' id='par_1_9' title="bbox 1080 444 1841 488">
     <span class='ocr_line' id='line_1_9' title="bbox 1080 444 1841 488; baseline -0.004 -10"><span class='ocrx_word' id='word_1_89' title='bbox 1080 447 1210 487; x_wconf 67' lang='lat' dir='ltr'>gendum</span> <span class='ocrx_word' id='word_1_90' title='bbox 1227 451 1274 479; x_wconf 90' lang='lat' dir='ltr'>est</span> <span class='ocrx_word' id='word_1_91' title='bbox 1299 448 1497 488; x_wconf 77' lang='grc' dir='ltr'>εὐπρόσδεκτοι,</span> <span class='ocrx_word' id='word_1_92' title='bbox 1526 450 1561 478; x_wconf 91' lang='lat' dir='ltr'>ut</span> <span class='ocrx_word' id='word_1_93' title='bbox 1586 449 1671 486; x_wconf 84' lang='lat' dir='ltr'>patet</span> <span class='ocrx_word' id='word_1_94' title='bbox 1695 454 1733 476; x_wconf 81' lang='lat' dir='ltr'>ex</span> <span class='ocrx_word' id='word_1_95' title='bbox 1751 444 1841 484; x_wconf 81' lang='lat' dir='ltr'>Chry-</span> 
     </span>
    </p>
   </div>
   <div class='ocr_carea' id='block_1_10' title="bbox 233 493 1840 537">
    <p class='ocr_par' dir='ltr' id='par_1_10' title="bbox 233 493 1840 537">
     <span class='ocr_line' id='line_1_10' title="bbox 233 493 1840 537; baseline -0.002 -9"><span class='ocrx_word' id='word_1_96' title='bbox 233 500 373 528; x_wconf 90' lang='lat' dir='ltr'>sostomo</span> <span class='ocrx_word' id='word_1_97' title='bbox 388 500 418 528; x_wconf 90' lang='lat' dir='ltr'>et</span> <span class='ocrx_word' id='word_1_98' title='bbox 430 496 525 527; x_wconf 85' lang='lat' dir='ltr'>veteri</span> <span class='ocrx_word' id='word_1_99' title='bbox 538 497 721 536; x_wconf 77' lang='lat' dir='ltr'>interprete.</span> <span class='ocrx_word' id='word_1_100' title='bbox 733 495 795 527; x_wconf 89' lang='lat' dir='ltr'>Sed</span> <span class='ocrx_word' id='word_1_101' title='bbox 809 495 849 527; x_wconf 88' lang='lat' dir='ltr'>ad</span> <span class='ocrx_word' id='word_1_102' title='bbox 869 496 930 527; x_wconf 88' lang='lat' dir='ltr'>alia</span> <span class='ocrx_word' id='word_1_103' title='bbox 944 505 1117 537; x_wconf 89' lang='lat' dir='ltr'>properans</span> <span class='ocrx_word' id='word_1_104' title='bbox 1132 497 1253 537; x_wconf 88' lang='lat' dir='ltr'>reliqua</span> <span class='ocrx_word' id='word_1_105' title='bbox 1274 497 1369 537; x_wconf 90' lang='lat' dir='ltr'><strong>hujus</strong></span> <span class='ocrx_word' id='word_1_106' title='bbox 1394 496 1540 537; x_wconf 70' lang='lat' dir='ltr'>Epistolaz</span> <span class='ocrx_word' id='word_1_107' title='bbox 1563 495 1666 535; x_wconf 84' lang='lat' dir='ltr'>capita</span> <span class='ocrx_word' id='word_1_108' title='bbox 1696 493 1840 525; x_wconf 90' lang='lat' dir='ltr'>transitio.</span> 
     </span>
    </p>
   </div>
   <div class='ocr_carea' id='block_1_11' title="bbox 232 542 1842 586">
    <p class='ocr_par' dir='ltr' id='par_1_11' title="bbox 232 542 1842 586">
     <span class='ocr_line' id='line_1_11' title="bbox 232 542 1842 586; baseline -0.002 -10"><span class='ocrx_word' id='word_1_109' title='bbox 232 546 326 578; x_wconf 87' lang='lat' dir='ltr'>Initio</span> <span class='ocrx_word' id='word_1_110' title='bbox 350 550 457 577; x_wconf 88' lang='lat' dir='ltr'>autem</span> <span class='ocrx_word' id='word_1_111' title='bbox 479 546 591 586; x_wconf 82' lang='lat' dir='ltr'>capitis</span> <span class='ocrx_word' id='word_1_112' title='bbox 611 545 707 586; x_wconf 84' lang='lat' dir='ltr'>primi</span> <span class='ocrx_word' id='word_1_113' title='bbox 733 545 773 577; x_wconf 91' lang='lat' dir='ltr'>ad</span> <span class='ocrx_word' id='word_1_114' title='bbox 786 545 920 584; x_wconf 82' lang='lat' dir='ltr'>Galatas,</span> <span class='ocrx_word' id='word_1_115' title='bbox 946 545 1013 577; x_wconf 86' lang='lat' dir='ltr'>ibi:</span> <span class='ocrx_word' id='word_1_116' title='bbox 1036 546 1097 577; x_wconf 87' lang='lat' dir='ltr'>Sed</span> <span class='ocrx_word' id='word_1_117' title='bbox 1114 556 1170 586; x_wconf 79' lang='lat' dir='ltr'>per</span> <span class='ocrx_word' id='word_1_118' title='bbox 1181 547 1282 577; x_wconf 80' lang='lat' dir='ltr'>Iesum</span> <span class='ocrx_word' id='word_1_119' title='bbox 1309 547 1476 581; x_wconf 74' lang='lat' dir='ltr'>Christum,</span> <span class='ocrx_word' id='word_1_120' title='bbox 1501 544 1753 585; x_wconf 84' lang='lat' dir='ltr'>Thcopbylactus</span> <span class='ocrx_word' id='word_1_121' title='bbox 1776 542 1842 574; x_wconf 90' lang='lat' dir='ltr'>huic</span> 
     </span>
    </p>
   </div>
   <div class='ocr_carea' id='block_1_12' title="bbox 232 593 993 636">
    <p class='ocr_par' dir='ltr' id='par_1_12' title="bbox 232 594 992 635">
     <span class='ocr_line' id='line_1_12' title="bbox 232 594 992 635; baseline 0 -10"><span class='ocrx_word' id='word_1_122' title='bbox 232 594 302 626; x_wconf 90' lang='lat' dir='ltr'>loco</span> <span class='ocrx_word' id='word_1_123' title='bbox 324 594 433 635; x_wconf 79' lang='lat' dir='ltr'>objicit</span> <span class='ocrx_word' id='word_1_124' title='bbox 456 594 542 635; x_wconf 91' lang='lat' dir='ltr'>quod</span> <span class='ocrx_word' id='word_1_125' title='bbox 558 598 605 625; x_wconf 90' lang='lat' dir='ltr'>est</span> <span class='ocrx_word' id='word_1_126' title='bbox 619 594 652 625; x_wconf 91' lang='lat' dir='ltr'>in</span> <span class='ocrx_word' id='word_1_127' title='bbox 667 595 752 625; x_wconf 85' lang='lat' dir='ltr'>Actis</span> <span class='ocrx_word' id='word_1_128' title='bbox 773 595 992 635; x_wconf 83' lang='lat' dir='ltr'>apostolorum</span> 
     </span>
    </p>
   </div>
   <div class='ocr_carea' id='block_1_13' title="bbox 1082 593 1843 636">
    <p class='ocr_par' dir='ltr' id='par_1_13' title="bbox 1098 593 1843 635">
     <span class='ocr_line' id='line_1_13' title="bbox 1098 593 1843 635; baseline -0.008 -8"><span class='ocrx_word' id='word_1_129' title='bbox 1098 604 1165 633; x_wconf 72' lang='lat' dir='ltr'>XIII,</span> <span class='ocrx_word' id='word_1_130' title='bbox 1183 595 1362 633; x_wconf 73' lang='lat' dir='ltr'>dicens,Kal</span> <span class='ocrx_word' id='word_1_131' title='bbox 1379 595 1433 634; x_wconf 82' lang='grc' dir='ltr'>μὴν</span> <span class='ocrx_word' id='word_1_132' title='bbox 1456 596 1484 624; x_wconf 77' lang='grc' dir='ltr'><strong>αἱ</strong></span> <span class='ocrx_word' id='word_1_133' title='bbox 1503 594 1617 635; x_wconf 79' lang='grc' dir='ltr'>Πράξεις</span> <span class='ocrx_word' id='word_1_134' title='bbox 1633 593 1684 623; x_wconf 77' lang='grc' dir='ltr'>ὑπὸ</span> <span class='ocrx_word' id='word_1_135' title='bbox 1704 595 1750 622; x_wconf 73' lang='grc' dir='ltr'><strong>τοῦ</strong></span> <span class='ocrx_word' id='word_1_136' title='bbox 1767 593 1843 622; x_wconf 71' lang='lat' dir='ltr'>[Imi-</span> 
     </span>
    </p>
   </div>
   <div class='ocr_carea' id='block_1_14' title="bbox 233 641 994 685">
    <p class='ocr_par' dir='ltr' id='par_1_14' title="bbox 233 643 988 684">
     <span class='ocr_line' id='line_1_14' title="bbox 233 643 988 684; baseline 0.003 -11"><span class='ocrx_word' id='word_1_137' title='bbox 233 655 317 681; x_wconf 81' lang='grc' dir='ltr'><strong>ματος</strong></span> <span class='ocrx_word' id='word_1_138' title='bbox 341 644 466 680; x_wconf 73' lang='grc' dir='ltr'>δηλοῦσιν</span> <span class='ocrx_word' id='word_1_139' title='bbox 482 643 560 673; x_wconf 78' lang='grc' dir='ltr'>αὐτὸν</span> <span class='ocrx_word' id='word_1_140' title='bbox 574 646 762 684; x_wconf 73' lang='grc' dir='ltr'>ἀφορισθῆναι.</span> <span class='ocrx_word' id='word_1_141' title='bbox 780 644 811 675; x_wconf 82' lang='lat' dir='ltr'>id</span> <span class='ocrx_word' id='word_1_142' title='bbox 834 649 902 675; x_wconf 86' lang='lat' dir='ltr'>est:</span> <span class='ocrx_word' id='word_1_143' title='bbox 929 656 943 673; x_wconf 65' lang='grc' dir='ltr'><strong>ε</strong></span> <span class='ocrx_word' id='word_1_144' title='bbox 965 646 988 675; x_wconf 86' lang='grc' dir='ltr'>Α</span> 
     </span>
    </p>
   </div>
   <div class='ocr_carea' id='block_1_15' title="bbox 1082 641 1843 685">
    <p class='ocr_par' dir='ltr' id='par_1_15' title="bbox 1082 641 1843 685">
     <span class='ocr_line' id='line_1_15' title="bbox 1082 641 1843 685; baseline -0.005 -9"><span class='ocrx_word' id='word_1_145' title='bbox 1082 645 1153 676; x_wconf 69' lang='lat' dir='ltr'>Acta</span> <span class='ocrx_word' id='word_1_146' title='bbox 1173 645 1390 685; x_wconf 85' lang='lat' dir='ltr'>apostolorum</span> <span class='ocrx_word' id='word_1_147' title='bbox 1403 654 1422 676; x_wconf 94' lang='lat' dir='ltr'>a</span> <span class='ocrx_word' id='word_1_148' title='bbox 1439 644 1559 685; x_wconf 90' lang='lat' dir='ltr'>Spiritu</span> <span class='ocrx_word' id='word_1_149' title='bbox 1581 647 1691 675; x_wconf 90' lang='lat' dir='ltr'>sancto</span> <span class='ocrx_word' id='word_1_150' title='bbox 1712 641 1843 674; x_wconf 87' lang='lat' dir='ltr'>indicant</span> 
     </span>
    </p>
   </div>
   <div class='ocr_carea' id='block_1_16' title="bbox 232 693 1841 735">
    <p class='ocr_par' dir='ltr' id='par_1_16' title="bbox 232 693 1841 735">
     <span class='ocr_line' id='line_1_16' title="bbox 232 693 1841 735; baseline -0.001 -11"><span class='ocrx_word' id='word_1_151' title='bbox 232 702 308 724; x_wconf 91' lang='lat' dir='ltr'>eum</span> <span class='ocrx_word' id='word_1_152' title='bbox 327 697 530 734; x_wconf 81' lang='lat' dir='ltr'>segregatum</span> <span class='ocrx_word' id='word_1_153' title='bbox 545 702 624 730; x_wconf 88' lang='lat' dir='ltr'>esse,</span> <span class='ocrx_word' id='word_1_154' title='bbox 650 705 664 722; x_wconf 73' lang='grc' dir='ltr'>ιι</span> <span class='ocrx_word' id='word_1_155' title='bbox 689 697 763 731; x_wconf 90' lang='lat' dir='ltr'>etc.,</span> <span class='ocrx_word' id='word_1_156' title='bbox 786 693 960 724; x_wconf 90' lang='lat' dir='ltr'>Lonicerus</span> <span class='ocrx_word' id='word_1_157' title='bbox 979 703 1064 731; x_wconf 87' lang='lat' dir='ltr'>vero,</span> <span class='ocrx_word' id='word_1_158' title='bbox 1089 694 1128 725; x_wconf 87' lang='lat' dir='ltr'>de</span> <span class='ocrx_word' id='word_1_159' title='bbox 1141 694 1228 725; x_wconf 89' lang='lat' dir='ltr'>Pauli</span> <span class='ocrx_word' id='word_1_160' title='bbox 1244 694 1395 735; x_wconf 82' lang='lat' dir='ltr'>operibus</span> <span class='ocrx_word' id='word_1_161' title='bbox 1417 694 1608 734; x_wconf 82' lang='lat' dir='ltr'>intelligens,</span> <span class='ocrx_word' id='word_1_162' title='bbox 1626 693 1673 724; x_wconf 93' lang='lat' dir='ltr'>sic</span> <span class='ocrx_word' id='word_1_163' title='bbox 1694 694 1841 723; x_wconf 86' lang='lat' dir='ltr'>verterat:</span> 
     </span>
    </p>
   </div>
   <div class='ocr_carea' id='block_1_17' title="bbox 234 740 1843 783">
    <p class='ocr_par' dir='ltr' id='par_1_17' title="bbox 234 740 1843 783">
     <span class='ocr_line' id='line_1_17' title="bbox 234 740 1843 783; baseline -0.002 -10"><span class='ocrx_word' id='word_1_164' title='bbox 234 753 248 771; x_wconf 78' lang='grc' dir='ltr'><strong><em>α</em></strong></span> <span class='ocrx_word' id='word_1_165' title='bbox 273 743 350 783; x_wconf 65' lang='lat' dir='ltr'>Ipsae</span> <span class='ocrx_word' id='word_1_166' title='bbox 365 751 416 773; x_wconf 91' lang='lat' dir='ltr'>res</span> <span class='ocrx_word' id='word_1_167' title='bbox 431 746 526 783; x_wconf 66' lang='lat' dir='ltr'>gestre</span> <span class='ocrx_word' id='word_1_168' title='bbox 542 746 573 773; x_wconf 92' lang='lat' dir='ltr'>et</span> <span class='ocrx_word' id='word_1_169' title='bbox 588 751 684 782; x_wconf 84' lang='lat' dir='ltr'>opera</span> <span class='ocrx_word' id='word_1_170' title='bbox 700 751 719 773; x_wconf 90' lang='lat' dir='ltr'>a</span> <span class='ocrx_word' id='word_1_171' title='bbox 733 742 851 783; x_wconf 87' lang='lat' dir='ltr'>Spiritu</span> <span class='ocrx_word' id='word_1_172' title='bbox 867 747 976 774; x_wconf 88' lang='lat' dir='ltr'>sancto</span> <span class='ocrx_word' id='word_1_173' title='bbox 991 743 1130 783; x_wconf 81' lang='lat' dir='ltr'>profecta</span> <span class='ocrx_word' id='word_1_174' title='bbox 1148 743 1300 780; x_wconf 89' lang='lat' dir='ltr'>indicant,</span> <span class='ocrx_word' id='word_1_175' title='bbox 1325 755 1339 774; x_wconf 76' lang='grc' dir='ltr'><strong>υ</strong></span> <span class='ocrx_word' id='word_1_176' title='bbox 1359 747 1433 781; x_wconf 87' lang='lat' dir='ltr'>etc.,</span> <span class='ocrx_word' id='word_1_177' title='bbox 1458 752 1528 780; x_wconf 86' lang='lat' dir='ltr'>quae</span> <span class='ocrx_word' id='word_1_178' title='bbox 1543 742 1620 774; x_wconf 89' lang='lat' dir='ltr'>huic</span> <span class='ocrx_word' id='word_1_179' title='bbox 1634 742 1704 773; x_wconf 90' lang='lat' dir='ltr'>loco</span> <span class='ocrx_word' id='word_1_180' title='bbox 1721 740 1843 772; x_wconf 87' lang='lat' dir='ltr'>minime</span> 
     </span>
    </p>
   </div>
   <div class='ocr_carea' id='block_1_18' title="bbox 233 789 1842 834">
    <p class='ocr_par' dir='ltr' id='par_1_18' title="bbox 233 789 1842 834">
     <span class='ocr_line' id='line_1_18' title="bbox 233 789 1842 834; baseline -0.002 -11"><span class='ocrx_word' id='word_1_181' title='bbox 233 791 428 823; x_wconf 88' lang='lat' dir='ltr'>conveniunt</span> <span class='ocrx_word' id='word_1_182' title='bbox 458 802 464 823; x_wconf 93' lang='lat'><strong>:</strong></span> <span class='ocrx_word' id='word_1_183' title='bbox 493 801 552 823; x_wconf 88' lang='lat' dir='ltr'>nec</span> <span class='ocrx_word' id='word_1_184' title='bbox 579 801 647 832; x_wconf 67' lang='lat' dir='ltr'>qua:</span> <span class='ocrx_word' id='word_1_185' title='bbox 672 791 777 823; x_wconf 86' lang='lat' dir='ltr'>statim</span> <span class='ocrx_word' id='word_1_186' title='bbox 805 795 982 832; x_wconf 89' lang='lat' dir='ltr'>sequuntur</span> <span class='ocrx_word' id='word_1_187' title='bbox 1010 792 1094 824; x_wconf 90' lang='lat' dir='ltr'>hanc</span> <span class='ocrx_word' id='word_1_188' title='bbox 1130 793 1304 824; x_wconf 89' lang='lat' dir='ltr'>admittunt</span> <span class='ocrx_word' id='word_1_189' title='bbox 1340 792 1654 834; x_wconf 87' lang='lat' dir='ltr'>interpretationem;</span> <span class='ocrx_word' id='word_1_190' title='bbox 1693 789 1842 822; x_wconf 87' lang='lat' dir='ltr'>subnectit</span> 
     </span>
    </p>
   </div>
   <div class='ocr_carea' id='block_1_19' title="bbox 233 839 1842 883">
    <p class='ocr_par' dir='ltr' id='par_1_19' title="bbox 233 839 1842 883">
     <span class='ocr_line' id='line_1_19' title="bbox 233 839 1842 883; baseline -0.002 -10"><span class='ocrx_word' id='word_1_191' title='bbox 233 841 319 873; x_wconf 92' lang='lat' dir='ltr'>enim</span> <span class='ocrx_word' id='word_1_192' title='bbox 347 851 354 873; x_wconf 91' lang='lat'>:</span> <span class='ocrx_word' id='word_1_193' title='bbox 373 852 387 870; x_wconf 72' lang='grc' dir='ltr'><strong>ε</strong></span> <span class='ocrx_word' id='word_1_194' title='bbox 405 841 612 882; x_wconf 88' lang='lat' dir='ltr'>Perspicuum</span> <span class='ocrx_word' id='word_1_195' title='bbox 628 845 672 872; x_wconf 87' lang='lat' dir='ltr'>est</span> <span class='ocrx_word' id='word_1_196' title='bbox 688 841 786 881; x_wconf 78' lang='lat' dir='ltr'>igitur</span> <span class='ocrx_word' id='word_1_197' title='bbox 800 841 884 881; x_wconf 90' lang='lat' dir='ltr'>quod</span> <span class='ocrx_word' id='word_1_198' title='bbox 909 841 949 872; x_wconf 87' lang='lat' dir='ltr'>sit</span> <span class='ocrx_word' id='word_1_199' title='bbox 963 851 1029 873; x_wconf 91' lang='lat' dir='ltr'>una</span> <span class='ocrx_word' id='word_1_200' title='bbox 1055 842 1213 874; x_wconf 90' lang='lat' dir='ltr'>eteadem</span> <span class='ocrx_word' id='word_1_201' title='bbox 1238 846 1376 883; x_wconf 83' lang='lat' dir='ltr'>potestas</span> <span class='ocrx_word' id='word_1_202' title='bbox 1398 846 1428 873; x_wconf 90' lang='lat' dir='ltr'>et</span> <span class='ocrx_word' id='word_1_203' title='bbox 1450 841 1549 874; x_wconf 88' lang='lat' dir='ltr'>Patris</span> <span class='ocrx_word' id='word_1_204' title='bbox 1575 846 1606 873; x_wconf 91' lang='lat' dir='ltr'>et</span> <span class='ocrx_word' id='word_1_205' title='bbox 1632 840 1703 872; x_wconf 83' lang='lat' dir='ltr'>Filii</span> <span class='ocrx_word' id='word_1_206' title='bbox 1729 843 1758 871; x_wconf 91' lang='lat' dir='ltr'>et</span> <span class='ocrx_word' id='word_1_207' title='bbox 1781 839 1842 879; x_wconf 86' lang='lat' dir='ltr'>Spi-</span> 
     </span>
    </p>
   </div>
   <div class='ocr_carea' id='block_1_20' title="bbox 231 890 1836 932">
    <p class='ocr_par' dir='ltr' id='par_1_20' title="bbox 231 890 1836 932">
     <span class='ocr_line' id='line_1_20' title="bbox 231 890 1836 932; baseline -0.003 -10"><span class='ocrx_word' id='word_1_208' title='bbox 231 891 312 923; x_wconf 87' lang='lat' dir='ltr'>ritus</span> <span class='ocrx_word' id='word_1_209' title='bbox 325 891 436 923; x_wconf 79' lang='lat' dir='ltr'>sancti.</span> <span class='ocrx_word' id='word_1_210' title='bbox 454 901 468 920; x_wconf 72' lang='grc' dir='ltr'>ι)</span> <span class='ocrx_word' id='word_1_211' title='bbox 483 891 628 922; x_wconf 88' lang='lat' dir='ltr'>Similem</span> <span class='ocrx_word' id='word_1_212' title='bbox 643 890 859 931; x_wconf 89' lang='lat' dir='ltr'>objectiouem</span> <span class='ocrx_word' id='word_1_213' title='bbox 875 890 948 921; x_wconf 82' lang='lat' dir='ltr'>facit</span> <span class='ocrx_word' id='word_1_214' title='bbox 962 891 1002 922; x_wconf 84' lang='lat' dir='ltr'>ad</span> <span class='ocrx_word' id='word_1_215' title='bbox 1019 892 1112 924; x_wconf 75' lang='lat' dir='ltr'>Rom.</span> <span class='ocrx_word' id='word_1_216' title='bbox 1128 891 1242 932; x_wconf 91' lang='lat' dir='ltr'>primo,</span> <span class='ocrx_word' id='word_1_217' title='bbox 1259 891 1303 922; x_wconf 90' lang='lat' dir='ltr'>ibi</span> <span class='ocrx_word' id='word_1_218' title='bbox 1322 901 1328 923; x_wconf 92' lang='lat'>:</span> <span class='ocrx_word' id='word_1_219' title='bbox 1345 893 1407 922; x_wconf 85' lang='lat' dir='ltr'>Per</span> <span class='ocrx_word' id='word_1_220' title='bbox 1416 901 1504 931; x_wconf 85' lang='lat' dir='ltr'>quem</span> <span class='ocrx_word' id='word_1_221' title='bbox 1514 893 1687 930; x_wconf 76' lang='lat' dir='ltr'>accepimus</span> <span class='ocrx_word' id='word_1_222' title='bbox 1701 891 1836 929; x_wconf 78' lang='lat' dir='ltr'>gratiam.</span> 
     </span>
    </p>
   </div>
   <div class='ocr_carea' id='block_1_21' title="bbox 232 935 1842 980">
    <p class='ocr_par' dir='ltr' id='par_1_21' title="bbox 232 935 1842 980">
     <span class='ocr_line' id='line_1_21' title="bbox 232 935 1842 980; baseline -0.004 -9"><span class='ocrx_word' id='word_1_223' title='bbox 232 939 294 972; x_wconf 91' lang='lat' dir='ltr'>Sed</span> <span class='ocrx_word' id='word_1_224' title='bbox 309 940 448 971; x_wconf 90' lang='lat' dir='ltr'>nimium</span> <span class='ocrx_word' id='word_1_225' title='bbox 467 940 515 971; x_wconf 87' lang='lat' dir='ltr'>his</span> <span class='ocrx_word' id='word_1_226' title='bbox 538 940 709 971; x_wconf 86' lang='lat' dir='ltr'>immorer.</span> <span class='ocrx_word' id='word_1_227' title='bbox 734 939 765 970; x_wconf 88' lang='lat' dir='ltr'>Si</span> <span class='ocrx_word' id='word_1_228' title='bbox 787 939 858 980; x_wconf 88' lang='lat' dir='ltr'>quis</span> <span class='ocrx_word' id='word_1_229' title='bbox 883 943 991 971; x_wconf 89' lang='lat' dir='ltr'>tamen</span> <span class='ocrx_word' id='word_1_230' title='bbox 1020 948 1058 970; x_wconf 88' lang='lat' dir='ltr'>ex</span> <span class='ocrx_word' id='word_1_231' title='bbox 1082 939 1153 970; x_wconf 86' lang='lat' dir='ltr'>aliis</span> <span class='ocrx_word' id='word_1_232' title='bbox 1178 938 1326 979; x_wconf 89' lang='lat' dir='ltr'>Epistolis</span> <span class='ocrx_word' id='word_1_233' title='bbox 1350 938 1495 979; x_wconf 61' lang='lat' dir='ltr'>quaedam</span> <span class='ocrx_word' id='word_1_234' title='bbox 1512 937 1682 974; x_wconf 85' lang='lat' dir='ltr'>desideret,</span> <span class='ocrx_word' id='word_1_235' title='bbox 1711 935 1842 968; x_wconf 82' lang='lat' dir='ltr'>conferat</span> 
     </span>
    </p>
   </div>
   <div class='ocr_carea' id='block_1_22' title="bbox 233 986 1841 1029">
    <p class='ocr_par' dir='ltr' id='par_1_22' title="bbox 233 986 1841 1029">
     <span class='ocr_line' id='line_1_22' title="bbox 233 986 1841 1029; baseline -0.002 -9"><span class='ocrx_word' id='word_1_236' title='bbox 233 989 377 1029; x_wconf 87' lang='lat' dir='ltr'>primum</span> <span class='ocrx_word' id='word_1_237' title='bbox 404 993 500 1029; x_wconf 91' lang='lat' dir='ltr'>caput</span> <span class='ocrx_word' id='word_1_238' title='bbox 526 989 566 1020; x_wconf 90' lang='lat' dir='ltr'>ad</span> <span class='ocrx_word' id='word_1_239' title='bbox 590 988 818 1029; x_wconf 83' lang='lat' dir='ltr'>Philippenses,</span> <span class='ocrx_word' id='word_1_240' title='bbox 847 988 903 1019; x_wconf 91' lang='lat' dir='ltr'>ubi</span> <span class='ocrx_word' id='word_1_241' title='bbox 927 997 994 1019; x_wconf 93' lang='lat' dir='ltr'>non</span> <span class='ocrx_word' id='word_1_242' title='bbox 1020 997 1122 1028; x_wconf 89' lang='lat' dir='ltr'>pauca</span> <span class='ocrx_word' id='word_1_243' title='bbox 1147 987 1242 1018; x_wconf 84' lang='lat' dir='ltr'>fuisse</span> <span class='ocrx_word' id='word_1_244' title='bbox 1273 988 1411 1019; x_wconf 90' lang='lat' dir='ltr'>multum</span> <span class='ocrx_word' id='word_1_245' title='bbox 1447 992 1597 1028; x_wconf 89' lang='lat' dir='ltr'>corrupta</span> <span class='ocrx_word' id='word_1_246' title='bbox 1624 986 1841 1028; x_wconf 85' lang='lat' dir='ltr'>deprehendet.</span> 
     </span>
    </p>
   </div>
   <div class='ocr_carea' id='block_1_23' title="bbox 232 1036 1841 1079">
    <p class='ocr_par' dir='ltr' id='par_1_23' title="bbox 232 1036 1841 1079">
     <span class='ocr_line' id='line_1_23' title="bbox 232 1036 1841 1079; baseline -0.002 -10"><span class='ocrx_word' id='word_1_247' title='bbox 232 1037 398 1079; x_wconf 82' lang='lat' dir='ltr'>Expendat</span> <span class='ocrx_word' id='word_1_248' title='bbox 424 1038 502 1070; x_wconf 88' lang='lat' dir='ltr'>item</span> <span class='ocrx_word' id='word_1_249' title='bbox 525 1047 597 1079; x_wconf 75' lang='lat' dir='ltr'>qua:</span> <span class='ocrx_word' id='word_1_250' title='bbox 623 1037 876 1079; x_wconf 80' lang='lat' dir='ltr'>Theophylactus</span> <span class='ocrx_word' id='word_1_251' title='bbox 904 1038 936 1068; x_wconf 92' lang='lat' dir='ltr'>in</span> <span class='ocrx_word' id='word_1_252' title='bbox 961 1047 1036 1068; x_wconf 90' lang='lat' dir='ltr'>eum</span> <span class='ocrx_word' id='word_1_253' title='bbox 1060 1036 1150 1068; x_wconf 87' lang='lat' dir='ltr'>Pauli</span> <span class='ocrx_word' id='word_1_254' title='bbox 1175 1037 1283 1068; x_wconf 90' lang='lat' dir='ltr'>locum</span> <span class='ocrx_word' id='word_1_255' title='bbox 1313 1037 1353 1068; x_wconf 87' lang='lat' dir='ltr'>ad</span> <span class='ocrx_word' id='word_1_256' title='bbox 1377 1037 1673 1069; x_wconf 87' lang='lat' dir='ltr'>Thessalonicenses</span> <span class='ocrx_word' id='word_1_257' title='bbox 1701 1040 1808 1078; x_wconf 89' lang='lat' dir='ltr'>quarto</span> <span class='ocrx_word' id='word_1_258' title='bbox 1835 1044 1841 1066; x_wconf 92' lang='lat'>:</span> 
     </span>
    </p>
   </div>
   <div class='ocr_carea' id='block_1_24' title="bbox 232 1086 1844 1128">
    <p class='ocr_par' dir='ltr' id='par_1_24' title="bbox 232 1086 1844 1128">
     <span class='ocr_line' id='line_1_24' title="bbox 232 1086 1844 1128; baseline -0.002 -10"><span class='ocrx_word' id='word_1_259' title='bbox 232 1087 303 1118; x_wconf 88' lang='lat' dir='ltr'>Non</span> <span class='ocrx_word' id='word_1_260' title='bbox 333 1088 484 1118; x_wconf 79' lang='lat' dir='ltr'>hominem</span> <span class='ocrx_word' id='word_1_261' title='bbox 513 1089 637 1127; x_wconf 81' lang='lat' dir='ltr'>spernit,</span> <span class='ocrx_word' id='word_1_262' title='bbox 661 1088 714 1118; x_wconf 79' lang='lat' dir='ltr'>sed</span> <span class='ocrx_word' id='word_1_263' title='bbox 739 1087 848 1124; x_wconf 82' lang='lat' dir='ltr'>Deum,</span> <span class='ocrx_word' id='word_1_264' title='bbox 866 1086 1086 1128; x_wconf 85' lang='lat' dir='ltr'>pulcherrima</span> <span class='ocrx_word' id='word_1_265' title='bbox 1101 1086 1279 1126; x_wconf 82' lang='lat' dir='ltr'>scripserat,</span> <span class='ocrx_word' id='word_1_266' title='bbox 1307 1090 1338 1118; x_wconf 91' lang='lat' dir='ltr'>et</span> <span class='ocrx_word' id='word_1_267' title='bbox 1363 1087 1540 1127; x_wconf 87' lang='lat' dir='ltr'>plurimum</span> <span class='ocrx_word' id='word_1_268' title='bbox 1564 1087 1662 1118; x_wconf 86' lang='lat' dir='ltr'>fuisse</span> <span class='ocrx_word' id='word_1_269' title='bbox 1679 1087 1844 1118; x_wconf 85' lang='lat' dir='ltr'>deformata</span> 
     </span>
    </p>
   </div>
   <div class='ocr_carea' id='block_1_25' title="bbox 233 1134 1842 1177">
    <p class='ocr_par' dir='ltr' id='par_1_25' title="bbox 233 1134 1842 1177">
     <span class='ocr_line' id='line_1_25' title="bbox 233 1134 1842 1177; baseline -0.002 -9"><span class='ocrx_word' id='word_1_270' title='bbox 233 1137 410 1176; x_wconf 91' lang='lat' dir='ltr'>comperiet</span> <span class='ocrx_word' id='word_1_271' title='bbox 437 1140 493 1168; x_wconf 90' lang='lat' dir='ltr'>:et</span> <span class='ocrx_word' id='word_1_272' title='bbox 507 1136 655 1177; x_wconf 77' lang='lat' dir='ltr'>quaedam</span> <span class='ocrx_word' id='word_1_273' title='bbox 671 1136 730 1167; x_wconf 88' lang='lat' dir='ltr'>sub</span> <span class='ocrx_word' id='word_1_274' title='bbox 760 1137 858 1167; x_wconf 84' lang='lat' dir='ltr'>tinem</span> <span class='ocrx_word' id='word_1_275' title='bbox 874 1136 1017 1176; x_wconf 86' lang='lat' dir='ltr'>ejusdem</span> <span class='ocrx_word' id='word_1_276' title='bbox 1035 1134 1146 1174; x_wconf 88' lang='lat' dir='ltr'>capitis</span> <span class='ocrx_word' id='word_1_277' title='bbox 1170 1135 1286 1166; x_wconf 83' lang='lat' dir='ltr'>omissa</span> <span class='ocrx_word' id='word_1_278' title='bbox 1309 1135 1404 1166; x_wconf 82' lang='lat' dir='ltr'>fuisse</span> <span class='ocrx_word' id='word_1_279' title='bbox 1429 1135 1608 1176; x_wconf 85' lang='lat' dir='ltr'>perSpicict.</span> <span class='ocrx_word' id='word_1_280' title='bbox 1637 1137 1738 1176; x_wconf 87' lang='lat' dir='ltr'>Atque</span> <span class='ocrx_word' id='word_1_281' title='bbox 1762 1134 1842 1166; x_wconf 90' lang='lat' dir='ltr'>illinc</span> 
     </span>
    </p>
   </div>
   <div class='ocr_carea' id='block_1_26' title="bbox 233 1184 1843 1226">
    <p class='ocr_par' dir='ltr' id='par_1_26' title="bbox 233 1184 1843 1226">
     <span class='ocr_line' id='line_1_26' title="bbox 233 1184 1843 1226; baseline -0.002 -9"><span class='ocrx_word' id='word_1_282' title='bbox 233 1189 372 1218; x_wconf 84' lang='lat' dir='ltr'>transeat</span> <span class='ocrx_word' id='word_1_283' title='bbox 399 1185 438 1217; x_wconf 89' lang='lat' dir='ltr'>ad</span> <span class='ocrx_word' id='word_1_284' title='bbox 453 1186 568 1226; x_wconf 71' lang='lat' dir='ltr'>prima:</span> <span class='ocrx_word' id='word_1_285' title='bbox 582 1186 622 1218; x_wconf 91' lang='lat' dir='ltr'>ad</span> <span class='ocrx_word' id='word_1_286' title='bbox 646 1185 852 1218; x_wconf 88' lang='lat' dir='ltr'>Timotheum</span> <span class='ocrx_word' id='word_1_287' title='bbox 866 1189 961 1226; x_wconf 89' lang='lat' dir='ltr'>caput</span> <span class='ocrx_word' id='word_1_288' title='bbox 980 1184 1121 1225; x_wconf 90' lang='lat' dir='ltr'>primum</span> <span class='ocrx_word' id='word_1_289' title='bbox 1141 1193 1148 1215; x_wconf 92' lang='lat'><strong>:</strong></span> <span class='ocrx_word' id='word_1_290' title='bbox 1174 1187 1204 1215; x_wconf 92' lang='lat' dir='ltr'>et</span> <span class='ocrx_word' id='word_1_291' title='bbox 1220 1184 1358 1224; x_wconf 81' lang='lat' dir='ltr'>glossam</span> <span class='ocrx_word' id='word_1_292' title='bbox 1384 1184 1418 1215; x_wconf 93' lang='lat' dir='ltr'>in</span> <span class='ocrx_word' id='word_1_293' title='bbox 1440 1184 1521 1216; x_wconf 91' lang='lat' dir='ltr'>illud</span> <span class='ocrx_word' id='word_1_294' title='bbox 1537 1185 1638 1223; x_wconf 88' lang='lat' dir='ltr'>Pauli,</span> <span class='ocrx_word' id='word_1_295' title='bbox 1657 1185 1723 1216; x_wconf 84' lang='lat' dir='ltr'>Sed</span> <span class='ocrx_word' id='word_1_296' title='bbox 1734 1185 1843 1214; x_wconf 78' lang='lat' dir='ltr'>miseri-</span> 
     </span>
    </p>
   </div>
   <div class='ocr_carea' id='block_1_27' title="bbox 232 1231 1843 1276">
    <p class='ocr_par' dir='ltr' id='par_1_27' title="bbox 232 1231 1843 1276">
     <span class='ocr_line' id='line_1_27' title="bbox 232 1231 1843 1276; baseline -0.003 -9"><span class='ocrx_word' id='word_1_297' title='bbox 232 1235 367 1267; x_wconf 78' lang='lat' dir='ltr'>cordiam</span> <span class='ocrx_word' id='word_1_298' title='bbox 382 1239 554 1267; x_wconf 78' lang='lat' dir='ltr'>consecutus</span> <span class='ocrx_word' id='word_1_299' title='bbox 573 1245 652 1274; x_wconf 83' lang='lat' dir='ltr'>sum,</span> <span class='ocrx_word' id='word_1_300' title='bbox 667 1238 740 1276; x_wconf 79' lang='lat' dir='ltr'>qiua</span> <span class='ocrx_word' id='word_1_301' title='bbox 756 1237 899 1274; x_wconf 76' lang='lat' dir='ltr'>ignorans</span> <span class='ocrx_word' id='word_1_302' title='bbox 913 1235 981 1273; x_wconf 82' lang='lat' dir='ltr'>feci,</span> <span class='ocrx_word' id='word_1_303' title='bbox 1002 1233 1150 1269; x_wconf 86' lang='lat' dir='ltr'>excutiat,</span> <span class='ocrx_word' id='word_1_304' title='bbox 1174 1236 1204 1264; x_wconf 85' lang='lat' dir='ltr'>et</span> <span class='ocrx_word' id='word_1_305' title='bbox 1229 1233 1261 1264; x_wconf 94' lang='lat' dir='ltr'>in</span> <span class='ocrx_word' id='word_1_306' title='bbox 1280 1242 1342 1264; x_wconf 85' lang='lat' dir='ltr'>una</span> <span class='ocrx_word' id='word_1_307' title='bbox 1367 1237 1399 1264; x_wconf 91' lang='lat' dir='ltr'>et</span> <span class='ocrx_word' id='word_1_308' title='bbox 1414 1233 1526 1265; x_wconf 85' lang='lat' dir='ltr'>eadem</span> <span class='ocrx_word' id='word_1_309' title='bbox 1541 1235 1645 1274; x_wconf 87' lang='lat' dir='ltr'>glossa</span> <span class='ocrx_word' id='word_1_310' title='bbox 1670 1243 1737 1266; x_wconf 90' lang='lat' dir='ltr'>non</span> <span class='ocrx_word' id='word_1_311' title='bbox 1753 1231 1843 1265; x_wconf 95' lang='lat' dir='ltr'>semel</span> 
     </span>
    </p>
   </div>
   <div class='ocr_carea' id='block_1_28' title="bbox 233 1281 1842 1326">
    <p class='ocr_par' dir='ltr' id='par_1_28' title="bbox 233 1281 1842 1326">
     <span class='ocr_line' id='line_1_28' title="bbox 233 1281 1842 1326; baseline -0.002 -10"><span class='ocrx_word' id='word_1_312' title='bbox 233 1285 359 1326; x_wconf 84' lang='lat' dir='ltr'>lapsum</span> <span class='ocrx_word' id='word_1_313' title='bbox 374 1285 580 1326; x_wconf 88' lang='lat' dir='ltr'>interpretem</span> <span class='ocrx_word' id='word_1_314' title='bbox 600 1285 734 1316; x_wconf 87' lang='lat' dir='ltr'>notabit.</span> <span class='ocrx_word' id='word_1_315' title='bbox 748 1285 784 1316; x_wconf 92' lang='lat' dir='ltr'>In</span> <span class='ocrx_word' id='word_1_316' title='bbox 799 1283 938 1326; x_wconf 88' lang='lat' dir='ltr'>Epistola</span> <span class='ocrx_word' id='word_1_317' title='bbox 958 1292 1033 1314; x_wconf 87' lang='lat' dir='ltr'>vero</span> <span class='ocrx_word' id='word_1_318' title='bbox 1048 1282 1087 1313; x_wconf 89' lang='lat' dir='ltr'>ad</span> <span class='ocrx_word' id='word_1_319' title='bbox 1104 1281 1325 1314; x_wconf 83' lang='lat' dir='ltr'>Philemonem</span> <span class='ocrx_word' id='word_1_320' title='bbox 1342 1283 1426 1323; x_wconf 90' lang='lat' dir='ltr'>quod</span> <span class='ocrx_word' id='word_1_321' title='bbox 1444 1287 1555 1314; x_wconf 88' lang='lat' dir='ltr'>contra</span> <span class='ocrx_word' id='word_1_322' title='bbox 1568 1284 1666 1316; x_wconf 87' lang='lat' dir='ltr'>etiam</span> <span class='ocrx_word' id='word_1_323' title='bbox 1685 1285 1842 1315; x_wconf 73' lang='lat' dir='ltr'>Porsenna:</span> 
     </span>
    </p>
   </div>
   <div class='ocr_carea' id='block_1_29' title="bbox 233 1330 1842 1375">
    <p class='ocr_par' dir='ltr' id='par_1_29' title="bbox 233 1330 1842 1375">
     <span class='ocr_line' id='line_1_29' title="bbox 233 1330 1842 1375; baseline -0.004 -9"><span class='ocrx_word' id='word_1_324' title='bbox 233 1335 411 1366; x_wconf 89' lang='lat' dir='ltr'>versionem</span> <span class='ocrx_word' id='word_1_325' title='bbox 436 1334 530 1366; x_wconf 82' lang='lat' dir='ltr'>faciat</span> <span class='ocrx_word' id='word_1_326' title='bbox 557 1334 706 1375; x_wconf 87' lang='lat' dir='ltr'>reperiet,</span> <span class='ocrx_word' id='word_1_327' title='bbox 736 1333 791 1365; x_wconf 91' lang='lat' dir='ltr'>ubi</span> <span class='ocrx_word' id='word_1_328' title='bbox 819 1344 826 1365; x_wconf 85' lang='lat'>:</span> <span class='ocrx_word' id='word_1_329' title='bbox 855 1331 1036 1374; x_wconf 86' lang='lat' dir='ltr'>lmperandi</span> <span class='ocrx_word' id='word_1_330' title='bbox 1062 1331 1147 1371; x_wconf 87' lang='lat' dir='ltr'>quod</span> <span class='ocrx_word' id='word_1_331' title='bbox 1170 1331 1211 1362; x_wconf 88' lang='lat' dir='ltr'>ad</span> <span class='ocrx_word' id='word_1_332' title='bbox 1244 1340 1314 1362; x_wconf 87' lang='lat' dir='ltr'>rem</span> <span class='ocrx_word' id='word_1_333' title='bbox 1346 1332 1500 1372; x_wconf 88' lang='lat' dir='ltr'>pertinet;</span> <span class='ocrx_word' id='word_1_334' title='bbox 1528 1333 1727 1364; x_wconf 88' lang='lat' dir='ltr'>contrariam</span> <span class='ocrx_word' id='word_1_335' title='bbox 1755 1330 1842 1362; x_wconf 85' lang='lat' dir='ltr'>habet</span> 
     </span>
    </p>
   </div>
   <div class='ocr_carea' id='block_1_30' title="bbox 231 1380 1840 1423">
    <p class='ocr_par' dir='ltr' id='par_1_30' title="bbox 231 1380 1840 1423">
     <span class='ocr_line' id='line_1_30' title="bbox 231 1380 1840 1423; baseline -0.004 -8"><span class='ocrx_word' id='word_1_336' title='bbox 231 1384 434 1416; x_wconf 86' lang='lat' dir='ltr'>sententiam.</span> <span class='ocrx_word' id='word_1_337' title='bbox 464 1383 633 1414; x_wconf 81' lang='lat' dir='ltr'>Porsennae</span> <span class='ocrx_word' id='word_1_338' title='bbox 660 1382 747 1414; x_wconf 92' lang='lat' dir='ltr'>enim</span> <span class='ocrx_word' id='word_1_339' title='bbox 770 1383 928 1423; x_wconf 86' lang='lat' dir='ltr'>accepisse</span> <span class='ocrx_word' id='word_1_340' title='bbox 949 1381 1074 1412; x_wconf 89' lang='lat' dir='ltr'>videtur</span> <span class='ocrx_word' id='word_1_341' title='bbox 1087 1380 1117 1409; x_wconf 80' lang='grc' dir='ltr'>τὸ</span> <span class='ocrx_word' id='word_1_342' title='bbox 1139 1382 1248 1417; x_wconf 80' lang='grc' dir='ltr'>ἀνῆκον,</span> <span class='ocrx_word' id='word_1_343' title='bbox 1268 1381 1357 1421; x_wconf 88' lang='lat' dir='ltr'>quasi</span> <span class='ocrx_word' id='word_1_344' title='bbox 1380 1394 1397 1410; x_wconf 82' lang='grc' dir='ltr'>α</span> <span class='ocrx_word' id='word_1_345' title='bbox 1413 1381 1564 1421; x_wconf 86' lang='lat' dir='ltr'>privativa</span> <span class='ocrx_word' id='word_1_346' title='bbox 1581 1381 1738 1422; x_wconf 88' lang='lat' dir='ltr'>particula</span> <span class='ocrx_word' id='word_1_347' title='bbox 1759 1382 1840 1415; x_wconf 78' lang='lat' dir='ltr'>esset,</span> 
     </span>
    </p>
   </div>
   <div class='ocr_carea' id='block_1_31' title="bbox 232 1427 1841 1472">
    <p class='ocr_par' dir='ltr' id='par_1_31' title="bbox 232 1427 1841 1472">
     <span class='ocr_line' id='line_1_31' title="bbox 232 1427 1841 1472; baseline -0.004 -8"><span class='ocrx_word' id='word_1_348' title='bbox 232 1443 308 1465; x_wconf 91' lang='lat' dir='ltr'>cum</span> <span class='ocrx_word' id='word_1_349' title='bbox 335 1432 475 1470; x_wconf 87' lang='lat' dir='ltr'>verterit,</span> <span class='ocrx_word' id='word_1_350' title='bbox 505 1433 587 1472; x_wconf 80' lang='lat' dir='ltr'>quod</span> <span class='ocrx_word' id='word_1_351' title='bbox 612 1433 653 1462; x_wconf 89' lang='lat' dir='ltr'>ad</span> <span class='ocrx_word' id='word_1_352' title='bbox 681 1441 744 1462; x_wconf 87' lang='lat' dir='ltr'>rem</span> <span class='ocrx_word' id='word_1_353' title='bbox 769 1441 830 1462; x_wconf 85' lang='lat' dir='ltr'>non</span> <span class='ocrx_word' id='word_1_354' title='bbox 854 1433 1004 1472; x_wconf 71' lang='lat' dir='ltr'>pertinet;</span> <span class='ocrx_word' id='word_1_355' title='bbox 1029 1439 1092 1470; x_wconf 87' lang='lat' dir='ltr'>quo</span> <span class='ocrx_word' id='word_1_356' title='bbox 1122 1430 1154 1460; x_wconf 90' lang='lat' dir='ltr'>in</span> <span class='ocrx_word' id='word_1_357' title='bbox 1179 1438 1290 1461; x_wconf 89' lang='lat' dir='ltr'>errore</span> <span class='ocrx_word' id='word_1_358' title='bbox 1318 1439 1464 1470; x_wconf 76' lang='lat' dir='ltr'>pergens,</span> <span class='ocrx_word' id='word_1_359' title='bbox 1493 1434 1592 1462; x_wconf 88' lang='lat' dir='ltr'>totam</span> <span class='ocrx_word' id='word_1_360' title='bbox 1627 1427 1841 1471; x_wconf 79' lang='lat' dir='ltr'>Theopliylacti</span> 
     </span>
    </p>
   </div>
   <div class='ocr_carea' id='block_1_32' title="bbox 231 1478 1841 1523">
    <p class='ocr_par' dir='ltr' id='par_1_32' title="bbox 231 1478 1841 1523">
     <span class='ocr_line' id='line_1_32' title="bbox 231 1478 1841 1523; baseline -0.004 -10"><span class='ocrx_word' id='word_1_361' title='bbox 231 1482 381 1523; x_wconf 88' lang='lat' dir='ltr'>pervertit</span> <span class='ocrx_word' id='word_1_362' title='bbox 396 1481 655 1522; x_wconf 76' lang='lat' dir='ltr'>explicationem,</span> <span class='ocrx_word' id='word_1_363' title='bbox 672 1490 748 1512; x_wconf 90' lang='lat' dir='ltr'>cum</span> <span class='ocrx_word' id='word_1_364' title='bbox 766 1480 869 1521; x_wconf 88' lang='lat' dir='ltr'>potius</span> <span class='ocrx_word' id='word_1_365' title='bbox 884 1479 1081 1511; x_wconf 89' lang='lat' dir='ltr'>contrarium</span> <span class='ocrx_word' id='word_1_366' title='bbox 1106 1478 1299 1518; x_wconf 82' lang='lat' dir='ltr'>signiﬁcaret</span> <span class='ocrx_word' id='word_1_367' title='bbox 1313 1479 1343 1508; x_wconf 77' lang='grc' dir='ltr'>τὸ</span> <span class='ocrx_word' id='word_1_368' title='bbox 1358 1480 1465 1517; x_wconf 78' lang='grc' dir='ltr'>ἀνῆκον,</span> <span class='ocrx_word' id='word_1_369' title='bbox 1480 1489 1597 1520; x_wconf 90' lang='lat' dir='ltr'>nempe</span> <span class='ocrx_word' id='word_1_370' title='bbox 1617 1481 1705 1521; x_wconf 85' lang='lat' dir='ltr'>quod</span> <span class='ocrx_word' id='word_1_371' title='bbox 1720 1479 1757 1511; x_wconf 86' lang='lat' dir='ltr'>ad</span> <span class='ocrx_word' id='word_1_372' title='bbox 1781 1486 1841 1509; x_wconf 88' lang='lat' dir='ltr'>rem</span> 
     </span>
    </p>
   </div>
   <div class='ocr_carea' id='block_1_33' title="bbox 231 1527 992 1572">
    <p class='ocr_par' dir='ltr' id='par_1_33' title="bbox 231 1529 985 1572">
     <span class='ocr_line' id='line_1_33' title="bbox 231 1529 985 1572; baseline -0.003 -10"><span class='ocrx_word' id='word_1_373' title='bbox 231 1531 379 1572; x_wconf 87' lang='lat' dir='ltr'>pertinet,</span> <span class='ocrx_word' id='word_1_374' title='bbox 397 1531 460 1561; x_wconf 89' lang='lat' dir='ltr'>sive</span> <span class='ocrx_word' id='word_1_375' title='bbox 483 1530 512 1560; x_wconf 82' lang='grc' dir='ltr'>τὸ</span> <span class='ocrx_word' id='word_1_376' title='bbox 527 1530 642 1570; x_wconf 80' lang='grc' dir='ltr'>πρέπον,</span> <span class='ocrx_word' id='word_1_377' title='bbox 660 1533 696 1560; x_wconf 90' lang='lat' dir='ltr'>ut</span> <span class='ocrx_word' id='word_1_378' title='bbox 717 1529 760 1560; x_wconf 85' lang='lat' dir='ltr'>ait</span> <span class='ocrx_word' id='word_1_379' title='bbox 773 1529 898 1567; x_wconf 85' lang='lat' dir='ltr'>Suidas,</span> <span class='ocrx_word' id='word_1_380' title='bbox 925 1529 985 1560; x_wconf 89' lang='lat' dir='ltr'>hoc</span> 
     </span>
    </p>
   </div>
   <div class='ocr_carea' id='block_1_34' title="bbox 1080 1527 1841 1572">
    <p class='ocr_par' dir='ltr' id='par_1_34' title="bbox 1080 1527 1841 1569">
     <span class='ocr_line' id='line_1_34' title="bbox 1080 1527 1841 1569; baseline 0.005 -11"><span class='ocrx_word' id='word_1_381' title='bbox 1080 1528 1154 1568; x_wconf 80' lang='lat' dir='ltr'>[uod</span> <span class='ocrx_word' id='word_1_382' title='bbox 1183 1527 1284 1565; x_wconf 90' lang='lat' dir='ltr'>decet,</span> <span class='ocrx_word' id='word_1_383' title='bbox 1308 1528 1394 1569; x_wconf 92' lang='lat' dir='ltr'>quod</span> <span class='ocrx_word' id='word_1_384' title='bbox 1411 1529 1569 1567; x_wconf 86' lang='lat' dir='ltr'>convenit,</span> <span class='ocrx_word' id='word_1_385' title='bbox 1587 1529 1671 1561; x_wconf 89' lang='lat' dir='ltr'>sicut</span> <span class='ocrx_word' id='word_1_386' title='bbox 1685 1530 1714 1560; x_wconf 79' lang='grc' dir='ltr'>τὸ</span> <span class='ocrx_word' id='word_1_387' title='bbox 1737 1529 1841 1562; x_wconf 78' lang='grc' dir='ltr'>καθῆκον</span> 
     </span>
    </p>
   </div>
   <div class='ocr_carea' id='block_1_35' title="bbox 231 1577 992 1619">
    <p class='ocr_par' dir='ltr' id='par_1_35' title="bbox 231 1578 992 1619">
     <span class='ocr_line' id='line_1_35' title="bbox 231 1578 992 1619; baseline -0.004 -9"><span class='ocrx_word' id='word_1_388' title='bbox 231 1580 366 1619; x_wconf 73' lang='lat' dir='ltr'>ofﬁcium</span> <span class='ocrx_word' id='word_1_389' title='bbox 382 1579 500 1610; x_wconf 87' lang='lat' dir='ltr'>dicitur</span> <span class='ocrx_word' id='word_1_390' title='bbox 527 1578 631 1614; x_wconf 81' lang='grc' dir='ltr'>Ἀνήκω</span> <span class='ocrx_word' id='word_1_391' title='bbox 654 1578 741 1610; x_wconf 91' lang='lat' dir='ltr'>enim</span> <span class='ocrx_word' id='word_1_392' title='bbox 769 1582 815 1610; x_wconf 92' lang='lat' dir='ltr'>est</span> <span class='ocrx_word' id='word_1_393' title='bbox 837 1579 963 1615; x_wconf 73' lang='lat' dir='ltr'>attingo,</span> <span class='ocrx_word' id='word_1_394' title='bbox 990 1610 992 1616; x_wconf 26' lang='grc' dir='ltr'><em>Α</em></span> 
     </span>
    </p>
   </div>
   <div class='ocr_carea' id='block_1_36' title="bbox 1079 1577 1840 1619">
    <p class='ocr_par' dir='ltr' id='par_1_36' title="bbox 1079 1577 1840 1619">
     <span class='ocr_line' id='line_1_36' title="bbox 1079 1577 1840 1619; baseline 0.001 -12"><span class='ocrx_word' id='word_1_395' title='bbox 1079 1587 1134 1614; x_wconf 64' lang='lat' dir='ltr'>reo,</span> <span class='ocrx_word' id='word_1_396' title='bbox 1153 1582 1259 1616; x_wconf 77' lang='lat' dir='ltr'>specto,</span> <span class='ocrx_word' id='word_1_397' title='bbox 1285 1577 1367 1609; x_wconf 88' lang='lat' dir='ltr'>sicut</span> <span class='ocrx_word' id='word_1_398' title='bbox 1392 1578 1517 1615; x_wconf 81' lang='grc' dir='ltr'>καθήχω,</span> <span class='ocrx_word' id='word_1_399' title='bbox 1534 1579 1677 1619; x_wconf 78' lang='grc' dir='ltr'>προσήκω,</span> <span class='ocrx_word' id='word_1_400' title='bbox 1702 1579 1840 1614; x_wconf 81' lang='lat' dir='ltr'>convenio,</span> 
     </span>
    </p>
   </div>
   <div class='ocr_carea' id='block_1_37' title="bbox 231 1626 992 1669">
    <p class='ocr_par' dir='ltr' id='par_1_37' title="bbox 231 1627 971 1664">
     <span class='ocr_line' id='line_1_37' title="bbox 231 1627 971 1664; baseline -0.001 -5"><span class='ocrx_word' id='word_1_401' title='bbox 231 1632 446 1660; x_wconf 78' lang='lat' dir='ltr'>consentaneus</span> <span class='ocrx_word' id='word_1_402' title='bbox 476 1637 550 1659; x_wconf 83' lang='lat' dir='ltr'>sum.</span> <span class='ocrx_word' id='word_1_403' title='bbox 581 1628 631 1659; x_wconf 91' lang='lat' dir='ltr'>Sic</span> <span class='ocrx_word' id='word_1_404' title='bbox 661 1627 891 1659; x_wconf 87' lang='lat' dir='ltr'>Demosthenes</span> <span class='ocrx_word' id='word_1_405' title='bbox 916 1627 971 1664; x_wconf 92' lang='lat' dir='ltr'>ait,</span> 
     </span>
    </p>
   </div>
   <div class='ocr_carea' id='block_1_38' title="bbox 1080 1626 1841 1669">
    <p class='ocr_par' dir='ltr' id='par_1_38' title="bbox 1080 1626 1841 1669">
     <span class='ocr_line' id='line_1_38' title="bbox 1080 1626 1841 1669; baseline 0 -13"><span class='ocrx_word' id='word_1_406' title='bbox 1080 1628 1097 1661; x_wconf 75' lang='grc' dir='ltr'>ἷι,</span> <span class='ocrx_word' id='word_1_407' title='bbox 1123 1627 1219 1667; x_wconf 79' lang='grc' dir='ltr'>ἀρετὴν</span> <span class='ocrx_word' id='word_1_408' title='bbox 1253 1627 1398 1664; x_wconf 78' lang='grc' dir='ltr'>ἀνήκοντα,</span> <span class='ocrx_word' id='word_1_409' title='bbox 1425 1627 1466 1659; x_wconf 83' lang='lat' dir='ltr'>ad</span> <span class='ocrx_word' id='word_1_410' title='bbox 1494 1628 1642 1660; x_wconf 89' lang='lat' dir='ltr'>virtutem</span> <span class='ocrx_word' id='word_1_411' title='bbox 1669 1626 1841 1669; x_wconf 81' lang='lat' dir='ltr'>spectantia,</span> 
     </span>
    </p>
   </div>
   <div class='ocr_carea' id='block_1_39' title="bbox 232 1675 1842 1718">
    <p class='ocr_par' dir='ltr' id='par_1_39' title="bbox 232 1675 1842 1718">
     <span class='ocr_line' id='line_1_39' title="bbox 232 1675 1842 1718; baseline -0.002 -10"><span class='ocrx_word' id='word_1_412' title='bbox 232 1678 405 1717; x_wconf 87' lang='lat' dir='ltr'>interprete</span> <span class='ocrx_word' id='word_1_413' title='bbox 430 1677 568 1716; x_wconf 66' lang='lat' dir='ltr'>Budaeo;</span> <span class='ocrx_word' id='word_1_414' title='bbox 594 1686 666 1717; x_wconf 78' lang='lat' dir='ltr'>quae</span> <span class='ocrx_word' id='word_1_415' title='bbox 698 1677 886 1717; x_wconf 81' lang='lat' dir='ltr'>signiﬁcatio</span> <span class='ocrx_word' id='word_1_416' title='bbox 912 1676 988 1707; x_wconf 89' lang='lat' dir='ltr'>huic</span> <span class='ocrx_word' id='word_1_417' title='bbox 1003 1675 1073 1707; x_wconf 91' lang='lat' dir='ltr'>loco</span> <span class='ocrx_word' id='word_1_418' title='bbox 1099 1676 1238 1708; x_wconf 71' lang='lat' dir='ltr'>maxime</span> <span class='ocrx_word' id='word_1_419' title='bbox 1263 1677 1420 1708; x_wconf 89' lang='lat' dir='ltr'>convenit.</span> <span class='ocrx_word' id='word_1_420' title='bbox 1445 1677 1506 1709; x_wconf 89' lang='lat' dir='ltr'>Sed</span> <span class='ocrx_word' id='word_1_421' title='bbox 1533 1677 1572 1709; x_wconf 93' lang='lat' dir='ltr'>de</span> <span class='ocrx_word' id='word_1_422' title='bbox 1596 1678 1696 1718; x_wconf 89' lang='lat' dir='ltr'>hujus</span> <span class='ocrx_word' id='word_1_423' title='bbox 1711 1676 1842 1708; x_wconf 89' lang='lat' dir='ltr'>versione</span> 
     </span>
    </p>
   </div>
   <div class='ocr_carea' id='block_1_40' title="bbox 232 1725 1843 1767">
    <p class='ocr_par' dir='ltr' id='par_1_40' title="bbox 232 1725 1843 1767">
     <span class='ocr_line' id='line_1_40' title="bbox 232 1725 1843 1767; baseline -0.002 -9"><span class='ocrx_word' id='word_1_424' title='bbox 232 1726 372 1766; x_wconf 87' lang='lat' dir='ltr'>eleganti</span> <span class='ocrx_word' id='word_1_425' title='bbox 396 1725 538 1767; x_wconf 88' lang='lat' dir='ltr'>quidem,</span> <span class='ocrx_word' id='word_1_426' title='bbox 570 1726 623 1757; x_wconf 86' lang='lat' dir='ltr'>sed</span> <span class='ocrx_word' id='word_1_427' title='bbox 656 1735 769 1766; x_wconf 86' lang='lat' dir='ltr'>parum</span> <span class='ocrx_word' id='word_1_428' title='bbox 802 1725 878 1762; x_wconf 81' lang='lat' dir='ltr'>fida,</span> <span class='ocrx_word' id='word_1_429' title='bbox 905 1725 980 1756; x_wconf 89' lang='lat' dir='ltr'>satis</span> <span class='ocrx_word' id='word_1_430' title='bbox 1009 1728 1103 1756; x_wconf 87' lang='lat' dir='ltr'>antea</span> <span class='ocrx_word' id='word_1_431' title='bbox 1137 1725 1257 1757; x_wconf 89' lang='lat' dir='ltr'>dictum</span> <span class='ocrx_word' id='word_1_432' title='bbox 1291 1730 1383 1766; x_wconf 89' lang='lat' dir='ltr'>puto;</span> <span class='ocrx_word' id='word_1_433' title='bbox 1410 1726 1508 1757; x_wconf 83' lang='lat' dir='ltr'>tinem</span> <span class='ocrx_word' id='word_1_434' title='bbox 1544 1726 1650 1767; x_wconf 85' lang='lat' dir='ltr'>itaque</span> <span class='ocrx_word' id='word_1_435' title='bbox 1679 1727 1768 1763; x_wconf 80' lang='lat' dir='ltr'>facio,</span> <span class='ocrx_word' id='word_1_436' title='bbox 1791 1732 1843 1755; x_wconf 87' lang='lat' dir='ltr'>nec</span> 
     </span>
    </p>
   </div>
   <div class='ocr_carea' id='block_1_41' title="bbox 231 1773 1842 1815">
    <p class='ocr_par' dir='ltr' id='par_1_41' title="bbox 231 1773 1842 1815">
     <span class='ocr_line' id='line_1_41' title="bbox 231 1773 1842 1815; baseline -0.002 -9"><span class='ocrx_word' id='word_1_437' title='bbox 231 1775 366 1807; x_wconf 82' lang='lat' dir='ltr'>verbum</span> <span class='ocrx_word' id='word_1_438' title='bbox 381 1774 463 1806; x_wconf 87' lang='lat' dir='ltr'>addo</span> <span class='ocrx_word' id='word_1_439' title='bbox 490 1784 497 1805; x_wconf 88' lang='lat'><strong>:</strong></span> <span class='ocrx_word' id='word_1_440' title='bbox 521 1774 576 1815; x_wconf 93' lang='lat' dir='ltr'>qui</span> <span class='ocrx_word' id='word_1_441' title='bbox 600 1774 694 1814; x_wconf 85' lang='lat' dir='ltr'>plura</span> <span class='ocrx_word' id='word_1_442' title='bbox 715 1773 883 1814; x_wconf 83' lang='lat' dir='ltr'>desiderat,</span> <span class='ocrx_word' id='word_1_443' title='bbox 902 1777 1004 1805; x_wconf 90' lang='lat' dir='ltr'>totum</span> <span class='ocrx_word' id='word_1_444' title='bbox 1025 1782 1116 1814; x_wconf 79' lang='lat' dir='ltr'>opus,</span> <span class='ocrx_word' id='word_1_445' title='bbox 1139 1774 1163 1805; x_wconf 90' lang='lat' dir='ltr'>si</span> <span class='ocrx_word' id='word_1_446' title='bbox 1179 1774 1277 1811; x_wconf 90' lang='lat' dir='ltr'>lubet,</span> <span class='ocrx_word' id='word_1_447' title='bbox 1301 1775 1454 1813; x_wconf 79' lang='lat' dir='ltr'>conferat,</span> <span class='ocrx_word' id='word_1_448' title='bbox 1469 1778 1510 1813; x_wconf 91' lang='lat' dir='ltr'>et,</span> <span class='ocrx_word' id='word_1_449' title='bbox 1537 1775 1571 1806; x_wconf 93' lang='lat' dir='ltr'>ni</span> <span class='ocrx_word' id='word_1_450' title='bbox 1595 1775 1701 1813; x_wconf 81' lang='lat' dir='ltr'>fallor,</span> <span class='ocrx_word' id='word_1_451' title='bbox 1727 1774 1842 1806; x_wconf 81' lang='lat' dir='ltr'>labores</span> 
     </span>
    </p>
   </div>
   <div class='ocr_carea' id='block_1_42' title="bbox 231 1823 1842 1863">
    <p class='ocr_par' dir='ltr' id='par_1_42' title="bbox 231 1823 1842 1863">
     <span class='ocr_line' id='line_1_42' title="bbox 231 1823 1842 1863; baseline -0.002 -7"><span class='ocrx_word' id='word_1_452' title='bbox 231 1828 356 1856; x_wconf 92' lang='lat' dir='ltr'>nostros</span> <span class='ocrx_word' id='word_1_453' title='bbox 368 1824 443 1856; x_wconf 89' lang='lat' dir='ltr'>boni</span> <span class='ocrx_word' id='word_1_454' title='bbox 455 1824 611 1856; x_wconf 83' lang='lat' dir='ltr'>consulet.</span> <span class='ocrx_word' id='word_1_455' title='bbox 631 1825 716 1855; x_wconf 90' lang='lat' dir='ltr'>Bene</span> <span class='ocrx_word' id='word_1_456' title='bbox 730 1824 812 1863; x_wconf 86' lang='lat' dir='ltr'>vale,</span> <span class='ocrx_word' id='word_1_457' title='bbox 839 1823 976 1855; x_wconf 90' lang='lat' dir='ltr'>candide</span> <span class='ocrx_word' id='word_1_458' title='bbox 993 1823 1119 1860; x_wconf 86' lang='lat' dir='ltr'>Lector,</span> <span class='ocrx_word' id='word_1_459' title='bbox 1148 1827 1177 1855; x_wconf 91' lang='lat' dir='ltr'>et</span> <span class='ocrx_word' id='word_1_460' title='bbox 1196 1823 1241 1855; x_wconf 89' lang='lat' dir='ltr'>tui</span> <span class='ocrx_word' id='word_1_461' title='bbox 1260 1823 1400 1855; x_wconf 85' lang='lat' dir='ltr'>Montani</span> <span class='ocrx_word' id='word_1_462' title='bbox 1416 1828 1549 1856; x_wconf 89' lang='lat' dir='ltr'>conatus</span> <span class='ocrx_word' id='word_1_463' title='bbox 1572 1825 1633 1856; x_wconf 89' lang='lat' dir='ltr'>tuis</span> <span class='ocrx_word' id='word_1_464' title='bbox 1648 1825 1760 1857; x_wconf 81' lang='lat' dir='ltr'>studiis</span> <span class='ocrx_word' id='word_1_465' title='bbox 1778 1830 1842 1863; x_wconf 90' lang='lat' dir='ltr'>pro-</span> 
     </span>
    </p>
   </div>
   <div class='ocr_carea' id='block_1_43' title="bbox 229 1872 1087 1916">
    <p class='ocr_par' dir='ltr' id='par_1_43' title="bbox 229 1872 1087 1916">
     <span class='ocr_line' id='line_1_43' title="bbox 229 1872 1087 1916; baseline -0.006 -9"><span class='ocrx_word' id='word_1_466' title='bbox 229 1874 319 1907; x_wconf 88' lang='lat' dir='ltr'>desse</span> <span class='ocrx_word' id='word_1_467' title='bbox 331 1874 488 1916; x_wconf 89' lang='lat' dir='ltr'>cupientis</span> <span class='ocrx_word' id='word_1_468' title='bbox 501 1875 534 1905; x_wconf 90' lang='lat' dir='ltr'>in</span> <span class='ocrx_word' id='word_1_469' title='bbox 545 1873 663 1906; x_wconf 87' lang='lat' dir='ltr'>bonam</span> <span class='ocrx_word' id='word_1_470' title='bbox 680 1878 814 1914; x_wconf 86' lang='lat' dir='ltr'>partem,</span> <span class='ocrx_word' id='word_1_471' title='bbox 836 1883 956 1914; x_wconf 70' lang='lat' dir='ltr'>quaeso,</span> <span class='ocrx_word' id='word_1_472' title='bbox 969 1872 1087 1912; x_wconf 87' lang='lat' dir='ltr'>accipe.</span> 
     </span>
    </p>
   </div>
   <div class='ocr_carea' id='block_1_44' title="bbox 270 1939 1347 1979">
    <p class='ocr_par' dir='ltr' id='par_1_44' title="bbox 270 1939 1347 1979">
     <span class='ocr_line' id='line_1_44' title="bbox 270 1939 1347 1979; baseline -0.002 -5"><span class='ocrx_word' id='word_1_473' title='bbox 270 1941 413 1979; x_wconf 66' lang='lat' dir='ltr'>Lutetiae,</span> <span class='ocrx_word' id='word_1_474' title='bbox 429 1951 445 1973; x_wconf 93' lang='lat' dir='ltr'>e</span> <span class='ocrx_word' id='word_1_475' title='bbox 457 1950 568 1973; x_wconf 83' lang='lat' dir='ltr'>musco</span> <span class='ocrx_word' id='word_1_476' title='bbox 582 1945 691 1973; x_wconf 90' lang='lat' dir='ltr'>nostro</span> <span class='ocrx_word' id='word_1_477' title='bbox 704 1941 908 1978; x_wconf 88' lang='lat' dir='ltr'>Tornacensi,</span> <span class='ocrx_word' id='word_1_478' title='bbox 930 1949 973 1971; x_wconf 83' lang='lat' dir='ltr'>xu</span> <span class='ocrx_word' id='word_1_479' title='bbox 987 1939 1142 1976; x_wconf 87' lang='lat' dir='ltr'>Octobris,</span> <span class='ocrx_word' id='word_1_480' title='bbox 1157 1948 1243 1971; x_wconf 86' lang='lat' dir='ltr'>anno</span> <span class='ocrx_word' id='word_1_481' title='bbox 1256 1949 1347 1972; x_wconf 77' lang='lat' dir='ltr'>unm.</span> 
     </span>
    </p>
   </div>
   <div class='ocr_carea' id='block_1_45' title="bbox 888 2079 1202 2134">
    <p class='ocr_par' dir='ltr' id='par_1_45' title="bbox 888 2079 1202 2134">
     <span class='ocr_line' id='line_1_45' title="bbox 888 2079 1202 2134; baseline 0.01 -2"><span class='ocrx_word' id='word_1_482' title='bbox 888 2079 1202 2134; x_wconf 87' lang='lat' dir='ltr'>MONITUM</span> 
     </span>
    </p>
   </div>
   <div class='ocr_carea' id='block_1_46' title="bbox 497 2189 1578 2240">
    <p class='ocr_par' dir='ltr' id='par_1_46' title="bbox 497 2189 1578 2240">
     <span class='ocr_line' id='line_1_46' title="bbox 497 2189 1578 2240; baseline 0.005 -5"><span class='ocrx_word' id='word_1_483' title='bbox 497 2189 553 2236; x_wconf 92' lang='lat' dir='ltr'>T.</span> <span class='ocrx_word' id='word_1_484' title='bbox 590 2190 779 2236; x_wconf 86' lang='lat' dir='ltr'>BAILII</span> <span class='ocrx_word' id='word_1_485' title='bbox 820 2192 1109 2239; x_wconf 82' lang='lat' dir='ltr'>EDITORIS</span> <span class='ocrx_word' id='word_1_486' title='bbox 1153 2193 1578 2240; x_wconf 88' lang='lat' dir='ltr'>LONDINENSIS.</span> 
     </span>
    </p>
   </div>
   <div class='ocr_carea' id='block_1_47' title="bbox 265 2334 1841 2375">
    <p class='ocr_par' dir='ltr' id='par_1_47' title="bbox 265 2334 1841 2375">
     <span class='ocr_line' id='line_1_47' title="bbox 265 2334 1841 2375; baseline 0.003 -13"><span class='ocrx_word' id='word_1_487' title='bbox 265 2334 453 2363; x_wconf 75' lang='lat' dir='ltr'>Prsematurus</span> <span class='ocrx_word' id='word_1_488' title='bbox 475 2334 700 2364; x_wconf 84' lang='lat' dir='ltr'>doctissimorum</span> <span class='ocrx_word' id='word_1_489' title='bbox 723 2335 815 2365; x_wconf 85' lang='lat' dir='ltr'>obitus</span> <span class='ocrx_word' id='word_1_490' title='bbox 838 2344 923 2373; x_wconf 90' lang='lat' dir='ltr'>quam</span> <span class='ocrx_word' id='word_1_491' title='bbox 945 2335 1021 2374; x_wconf 83' lang='lat' dir='ltr'>gravi</span> <span class='ocrx_word' id='word_1_492' title='bbox 1046 2335 1173 2364; x_wconf 65' lang='lat' dir='ltr'>Ecclesiae</span> <span class='ocrx_word' id='word_1_493' title='bbox 1188 2335 1398 2375; x_wconf 85' lang='lat' dir='ltr'>studiorumque</span> <span class='ocrx_word' id='word_1_494' title='bbox 1416 2338 1595 2368; x_wconf 87' lang='lat' dir='ltr'>incommodo</span> <span class='ocrx_word' id='word_1_495' title='bbox 1610 2341 1721 2368; x_wconf 84' lang='lat' dir='ltr'>evenire</span> <span class='ocrx_word' id='word_1_496' title='bbox 1737 2335 1841 2366; x_wconf 79' lang='lat' dir='ltr'>assolet.</span> 
     </span>
    </p>
   </div>
   <div class='ocr_carea' id='block_1_48' title="bbox 230 2377 1841 2419">
    <p class='ocr_par' dir='ltr' id='par_1_48' title="bbox 230 2377 1841 2419">
     <span class='ocr_line' id='line_1_48' title="bbox 230 2377 1841 2419; baseline 0.002 -13"><span class='ocrx_word' id='word_1_497' title='bbox 230 2378 418 2407; x_wconf 77' lang='lat' dir='ltr'>condocefacit</span> <span class='ocrx_word' id='word_1_498' title='bbox 429 2387 551 2416; x_wconf 89' lang='lat' dir='ltr'>nuperus</span> <span class='ocrx_word' id='word_1_499' title='bbox 566 2380 787 2409; x_wconf 88' lang='lat' dir='ltr'>reverendissimi</span> <span class='ocrx_word' id='word_1_500' title='bbox 801 2381 864 2416; x_wconf 86' lang='lat' dir='ltr'>viri,</span> <span class='ocrx_word' id='word_1_501' title='bbox 877 2386 959 2417; x_wconf 84' lang='lat' dir='ltr'>atque</span> <span class='ocrx_word' id='word_1_502' title='bbox 972 2381 1047 2409; x_wconf 90' lang='lat' dir='ltr'>omni</span> <span class='ocrx_word' id='word_1_503' title='bbox 1065 2381 1225 2409; x_wconf 83' lang='lat' dir='ltr'>litterarum</span> <span class='ocrx_word' id='word_1_504' title='bbox 1235 2390 1335 2418; x_wconf 83' lang='lat' dir='ltr'>genere</span> <span class='ocrx_word' id='word_1_505' title='bbox 1359 2383 1554 2418; x_wconf 87' lang='lat' dir='ltr'>excultissimi,</span> <span class='ocrx_word' id='word_1_506' title='bbox 1573 2383 1681 2412; x_wconf 90' lang='lat' dir='ltr'>domini</span> <span class='ocrx_word' id='word_1_507' title='bbox 1701 2377 1841 2419; x_wconf 78' lang='lat' dir='ltr'>Augustini</span> 
     </span>
    </p>
   </div>
   <div class='ocr_carea' id='block_1_49' title="bbox 228 2423 1841 2464">
    <p class='ocr_par' dir='ltr' id='par_1_49' title="bbox 228 2423 1841 2464">
     <span class='ocr_line' id='line_1_49' title="bbox 228 2423 1841 2464; baseline 0.002 -13"><span class='ocrx_word' id='word_1_508' title='bbox 228 2423 369 2460; x_wconf 89' lang='lat' dir='ltr'>Lindselli,</span> <span class='ocrx_word' id='word_1_509' title='bbox 383 2424 502 2461; x_wconf 87' lang='lat' dir='ltr'>episcopi</span> <span class='ocrx_word' id='word_1_510' title='bbox 517 2425 738 2460; x_wconf 83' lang='lat' dir='ltr'>Herefordensis,</span> <span class='ocrx_word' id='word_1_511' title='bbox 759 2426 829 2454; x_wconf 87' lang='lat' dir='ltr'>inter</span> <span class='ocrx_word' id='word_1_512' title='bbox 851 2426 944 2454; x_wconf 87' lang='lat' dir='ltr'>media</span> <span class='ocrx_word' id='word_1_513' title='bbox 966 2425 1078 2462; x_wconf 59' lang='lat' dir='ltr'>optimae</span> <span class='ocrx_word' id='word_1_514' title='bbox 1100 2424 1187 2462; x_wconf 85' lang='lat' dir='ltr'>frugis</span> <span class='ocrx_word' id='word_1_515' title='bbox 1210 2427 1353 2455; x_wconf 86' lang='lat' dir='ltr'>molimina</span> <span class='ocrx_word' id='word_1_516' title='bbox 1377 2427 1492 2464; x_wconf 84' lang='lat' dir='ltr'>abrepti.</span> <span class='ocrx_word' id='word_1_517' title='bbox 1520 2430 1610 2464; x_wconf 85' lang='lat' dir='ltr'>Quem</span> <span class='ocrx_word' id='word_1_518' title='bbox 1634 2429 1670 2458; x_wconf 76' lang='lat' dir='ltr'>ita</span> <span class='ocrx_word' id='word_1_519' title='bbox 1685 2427 1841 2458; x_wconf 78' lang='lat' dir='ltr'>exstinctum</span> 
     </span>
    </p>
   </div>
   <div class='ocr_carea' id='block_1_50' title="bbox 228 2469 1841 2506">
    <p class='ocr_par' dir='ltr' id='par_1_50' title="bbox 228 2469 1841 2506">
     <span class='ocr_line' id='line_1_50' title="bbox 228 2469 1841 2506; baseline 0.001 -9"><span class='ocrx_word' id='word_1_520' title='bbox 228 2469 311 2497; x_wconf 86' lang='lat' dir='ltr'>etiam</span> <span class='ocrx_word' id='word_1_521' title='bbox 324 2469 410 2505; x_wconf 84' lang='lat' dir='ltr'>ignoti</span> <span class='ocrx_word' id='word_1_522' title='bbox 423 2469 538 2498; x_wconf 83' lang='lat' dir='ltr'>ﬂebunt.</span> <span class='ocrx_word' id='word_1_523' title='bbox 551 2471 589 2498; x_wconf 81' lang='lat' dir='ltr'>At</span> <span class='ocrx_word' id='word_1_524' title='bbox 602 2478 665 2498; x_wconf 87' lang='lat' dir='ltr'>vero</span> <span class='ocrx_word' id='word_1_525' title='bbox 689 2470 744 2498; x_wconf 90' lang='lat' dir='ltr'>mei</span> <span class='ocrx_word' id='word_1_526' title='bbox 761 2470 888 2498; x_wconf 89' lang='lat' dir='ltr'>muneris</span> <span class='ocrx_word' id='word_1_527' title='bbox 901 2477 961 2498; x_wconf 89' lang='lat' dir='ltr'>esse</span> <span class='ocrx_word' id='word_1_528' title='bbox 983 2469 1048 2498; x_wconf 81' lang='lat' dir='ltr'>duxi</span> <span class='ocrx_word' id='word_1_529' title='bbox 1060 2469 1119 2506; x_wconf 88' lang='lat' dir='ltr'>(qui</span> <span class='ocrx_word' id='word_1_530' title='bbox 1140 2471 1168 2498; x_wconf 90' lang='lat' dir='ltr'>in</span> <span class='ocrx_word' id='word_1_531' title='bbox 1192 2471 1344 2500; x_wconf 86' lang='lat' dir='ltr'>istiusmodi</span> <span class='ocrx_word' id='word_1_532' title='bbox 1359 2472 1458 2500; x_wconf 89' lang='lat' dir='ltr'>studiis</span> <span class='ocrx_word' id='word_1_533' title='bbox 1479 2472 1517 2500; x_wconf 93' lang='lat' dir='ltr'>illi</span> <span class='ocrx_word' id='word_1_534' title='bbox 1532 2473 1710 2506; x_wconf 87' lang='lat' dir='ltr'>inservierim)</span> <span class='ocrx_word' id='word_1_535' title='bbox 1724 2478 1778 2501; x_wconf 89' lang='lat' dir='ltr'>non</span> <span class='ocrx_word' id='word_1_536' title='bbox 1790 2472 1841 2496; x_wconf 72' lang='lat' dir='ltr'>tam</span> 
     </span>
    </p>
   </div>
   <div class='ocr_carea' id='block_1_51' title="bbox 228 2512 1841 2554">
    <p class='ocr_par' dir='ltr' id='par_1_51' title="bbox 228 2512 1841 2554">
     <span class='ocr_line' id='line_1_51' title="bbox 228 2512 1841 2554; baseline 0.001 -13"><span class='ocrx_word' id='word_1_537' title='bbox 228 2513 387 2542; x_wconf 82' lang='lat' dir='ltr'>defunctum</span> <span class='ocrx_word' id='word_1_538' title='bbox 410 2514 508 2551; x_wconf 86' lang='lat' dir='ltr'>ignavo</span> <span class='ocrx_word' id='word_1_539' title='bbox 523 2519 621 2550; x_wconf 85' lang='lat' dir='ltr'>questu</span> <span class='ocrx_word' id='word_1_540' title='bbox 639 2515 778 2552; x_wconf 86' lang='lat' dir='ltr'>prosequi,</span> <span class='ocrx_word' id='word_1_541' title='bbox 802 2522 887 2550; x_wconf 88' lang='lat' dir='ltr'>quam</span> <span class='ocrx_word' id='word_1_542' title='bbox 912 2522 976 2550; x_wconf 67' lang='lat' dir='ltr'>quae</span> <span class='ocrx_word' id='word_1_543' title='bbox 998 2514 1126 2550; x_wconf 87' lang='lat' dir='ltr'>voluerit,</span> <span class='ocrx_word' id='word_1_544' title='bbox 1150 2515 1322 2550; x_wconf 84' lang='lat' dir='ltr'>meminisse;</span> <span class='ocrx_word' id='word_1_545' title='bbox 1347 2524 1410 2552; x_wconf 65' lang='lat' dir='ltr'>qua</span> <span class='ocrx_word' id='word_1_546' title='bbox 1426 2517 1608 2552; x_wconf 86' lang='lat' dir='ltr'>mandaverit,</span> <span class='ocrx_word' id='word_1_547' title='bbox 1631 2517 1748 2554; x_wconf 83' lang='lat' dir='ltr'>exsequi.</span> <span class='ocrx_word' id='word_1_548' title='bbox 1775 2512 1841 2542; x_wconf 77' lang='lat' dir='ltr'>Hinc</span> 
     </span>
    </p>
   </div>
   <div class='ocr_carea' id='block_1_52' title="bbox 228 2559 1841 2598">
    <p class='ocr_par' dir='ltr' id='par_1_52' title="bbox 228 2559 1841 2598">
     <span class='ocr_line' id='line_1_52' title="bbox 228 2559 1841 2598; baseline 0.001 -11"><span class='ocrx_word' id='word_1_549' title='bbox 228 2559 338 2588; x_wconf 86' lang='lat' dir='ltr'>animus</span> <span class='ocrx_word' id='word_1_550' title='bbox 352 2559 421 2588; x_wconf 90' lang='lat' dir='ltr'>mihi</span> <span class='ocrx_word' id='word_1_551' title='bbox 436 2559 650 2594; x_wconf 81' lang='lat' dir='ltr'>accendebatur,</span> <span class='ocrx_word' id='word_1_552' title='bbox 666 2560 749 2588; x_wconf 89' lang='lat' dir='ltr'>hosce</span> <span class='ocrx_word' id='word_1_553' title='bbox 763 2559 963 2596; x_wconf 84' lang='lat' dir='ltr'>Theophylacti</span> <span class='ocrx_word' id='word_1_554' title='bbox 986 2560 1217 2594; x_wconf 85' lang='lat' dir='ltr'>Commentarios,</span> <span class='ocrx_word' id='word_1_555' title='bbox 1237 2568 1306 2596; x_wconf 91' lang='lat' dir='ltr'>quos</span> <span class='ocrx_word' id='word_1_556' title='bbox 1320 2561 1366 2589; x_wconf 89' lang='lat' dir='ltr'>ille</span> <span class='ocrx_word' id='word_1_557' title='bbox 1380 2561 1454 2590; x_wconf 85' lang='lat' dir='ltr'>bono</span> <span class='ocrx_word' id='word_1_558' title='bbox 1469 2562 1580 2598; x_wconf 90' lang='lat' dir='ltr'>publico</span> <span class='ocrx_word' id='word_1_559' title='bbox 1592 2562 1782 2593; x_wconf 83' lang='lat' dir='ltr'>destinaverat,</span> <span class='ocrx_word' id='word_1_560' title='bbox 1797 2562 1841 2594; x_wconf 79' lang='grc' dir='ltr'>ι)ῐο</span> 
     </span>
    </p>
   </div>
   <div class='ocr_carea' id='block_1_53' title="bbox 227 2602 1841 2644">
    <p class='ocr_par' dir='ltr' id='par_1_53' title="bbox 227 2602 1841 2644">
     <span class='ocr_line' id='line_1_53' title="bbox 227 2602 1841 2644; baseline 0.001 -12"><span class='ocrx_word' id='word_1_561' title='bbox 227 2603 416 2632; x_wconf 86' lang='lat' dir='ltr'>mediocritate</span> <span class='ocrx_word' id='word_1_562' title='bbox 444 2612 508 2633; x_wconf 87' lang='lat' dir='ltr'>mea</span> <span class='ocrx_word' id='word_1_563' title='bbox 532 2603 622 2640; x_wconf 86' lang='lat' dir='ltr'>potius</span> <span class='ocrx_word' id='word_1_564' title='bbox 647 2604 782 2637; x_wconf 85' lang='lat' dir='ltr'>excolere,</span> <span class='ocrx_word' id='word_1_565' title='bbox 805 2611 890 2639; x_wconf 86' lang='lat' dir='ltr'>quam</span> <span class='ocrx_word' id='word_1_566' title='bbox 915 2612 969 2633; x_wconf 90' lang='lat' dir='ltr'>una</span> <span class='ocrx_word' id='word_1_567' title='bbox 992 2613 1058 2634; x_wconf 92' lang='lat' dir='ltr'>cum</span> <span class='ocrx_word' id='word_1_568' title='bbox 1082 2606 1140 2641; x_wconf 88' lang='lat' dir='ltr'>ipso</span> <span class='ocrx_word' id='word_1_569' title='bbox 1169 2605 1300 2640; x_wconf 81' lang='lat' dir='ltr'>sepelire.</span> <span class='ocrx_word' id='word_1_570' title='bbox 1326 2606 1435 2635; x_wconf 87' lang='lat' dir='ltr'>Priores</span> <span class='ocrx_word' id='word_1_571' title='bbox 1455 2607 1540 2643; x_wconf 89' lang='lat' dir='ltr'>ipsius</span> <span class='ocrx_word' id='word_1_572' title='bbox 1564 2616 1644 2637; x_wconf 88' lang='lat' dir='ltr'>curas</span> <span class='ocrx_word' id='word_1_573' title='bbox 1670 2612 1750 2644; x_wconf 89' lang='lat' dir='ltr'>atque</span> <span class='ocrx_word' id='word_1_574' title='bbox 1763 2602 1841 2632; x_wconf 74' lang='lat' dir='ltr'>etiam</span> 
     </span>
    </p>
   </div>
   <div class='ocr_carea' id='block_1_54' title="bbox 226 2648 1840 2690">
    <p class='ocr_par' dir='ltr' id='par_1_54' title="bbox 226 2648 1840 2690">
     <span class='ocr_line' id='line_1_54' title="bbox 226 2648 1840 2690; baseline -0.001 -13"><span class='ocrx_word' id='word_1_575' title='bbox 226 2649 359 2677; x_wconf 89' lang='lat' dir='ltr'>secundas</span> <span class='ocrx_word' id='word_1_576' title='bbox 371 2649 473 2685; x_wconf 82' lang='lat' dir='ltr'>experti</span> <span class='ocrx_word' id='word_1_577' title='bbox 493 2653 572 2677; x_wconf 85' lang='lat' dir='ltr'>erant</span> <span class='ocrx_word' id='word_1_578' title='bbox 585 2657 592 2675; x_wconf 89' lang='lat'><strong>:</strong></span> <span class='ocrx_word' id='word_1_579' title='bbox 610 2656 706 2676; x_wconf 86' lang='lat' dir='ltr'>manus</span> <span class='ocrx_word' id='word_1_580' title='bbox 721 2652 829 2676; x_wconf 88' lang='lat' dir='ltr'>tantum</span> <span class='ocrx_word' id='word_1_581' title='bbox 843 2648 936 2676; x_wconf 86' lang='lat' dir='ltr'>deerat</span> <span class='ocrx_word' id='word_1_582' title='bbox 948 2657 1086 2687; x_wconf 87' lang='lat' dir='ltr'>suprema.</span> <span class='ocrx_word' id='word_1_583' title='bbox 1100 2651 1183 2680; x_wconf 88' lang='lat' dir='ltr'>Unde</span> <span class='ocrx_word' id='word_1_584' title='bbox 1194 2651 1257 2680; x_wconf 87' lang='lat' dir='ltr'>licet</span> <span class='ocrx_word' id='word_1_585' title='bbox 1268 2651 1394 2681; x_wconf 79' lang='lat' dir='ltr'>fortassis</span> <span class='ocrx_word' id='word_1_586' title='bbox 1408 2653 1481 2682; x_wconf 89' lang='lat' dir='ltr'>haud</span> <span class='ocrx_word' id='word_1_587' title='bbox 1497 2662 1584 2690; x_wconf 89' lang='lat' dir='ltr'>usque</span> <span class='ocrx_word' id='word_1_588' title='bbox 1606 2654 1674 2683; x_wconf 90' lang='lat' dir='ltr'>adeo</span> <span class='ocrx_word' id='word_1_589' title='bbox 1697 2650 1840 2683; x_wconf 72' lang='lat' dir='ltr'>absolutos.</span> 
     </span>
    </p>
   </div>
   <div class='ocr_carea' id='block_1_55' title="bbox 226 2690 1841 2735">
    <p class='ocr_par' dir='ltr' id='par_1_55' title="bbox 226 2690 1841 2735">
     <span class='ocr_line' id='line_1_55' title="bbox 226 2690 1841 2735; baseline -0.001 -13"><span class='ocrx_word' id='word_1_590' title='bbox 226 2702 282 2722; x_wconf 90' lang='lat' dir='ltr'>non</span> <span class='ocrx_word' id='word_1_591' title='bbox 297 2699 390 2723; x_wconf 86' lang='lat' dir='ltr'>tamen</span> <span class='ocrx_word' id='word_1_592' title='bbox 411 2694 524 2722; x_wconf 89' lang='lat' dir='ltr'>omnino</span> <span class='ocrx_word' id='word_1_593' title='bbox 539 2693 677 2729; x_wconf 84' lang='lat' dir='ltr'>neglectos</span> <span class='ocrx_word' id='word_1_594' title='bbox 703 2693 811 2729; x_wconf 88' lang='lat' dir='ltr'>prodire</span> <span class='ocrx_word' id='word_1_595' title='bbox 825 2695 987 2730; x_wconf 89' lang='lat' dir='ltr'>comperies.</span> <span class='ocrx_word' id='word_1_596' title='bbox 1009 2695 1241 2724; x_wconf 84' lang='lat' dir='ltr'>Describebantur</span> <span class='ocrx_word' id='word_1_597' title='bbox 1259 2704 1273 2724; x_wconf 87' lang='lat' dir='ltr'>e</span> <span class='ocrx_word' id='word_1_598' title='bbox 1295 2701 1402 2726; x_wconf 88' lang='lat' dir='ltr'>vetusto</span> <span class='ocrx_word' id='word_1_599' title='bbox 1416 2698 1511 2726; x_wconf 87' lang='lat' dir='ltr'>codice</span> <span class='ocrx_word' id='word_1_600' title='bbox 1526 2699 1711 2735; x_wconf 85' lang='lat' dir='ltr'>manuscripto</span> <span class='ocrx_word' id='word_1_601' title='bbox 1725 2690 1841 2735; x_wconf 77' lang='lat' dir='ltr'>illustris-</span> 
     </span>
    </p>
   </div>
   <div class='ocr_carea' id='block_1_56' title="bbox 226 2734 1841 2780">
    <p class='ocr_par' dir='ltr' id='par_1_56' title="bbox 226 2734 1841 2780">
     <span class='ocr_line' id='line_1_56' title="bbox 226 2734 1841 2780; baseline 0.001 -13"><span class='ocrx_word' id='word_1_602' title='bbox 226 2739 287 2767; x_wconf 90' lang='lat' dir='ltr'>simi</span> <span class='ocrx_word' id='word_1_603' title='bbox 311 2739 419 2767; x_wconf 86' lang='lat' dir='ltr'>eomitjs</span> <span class='ocrx_word' id='word_1_604' title='bbox 441 2737 633 2771; x_wconf 86' lang='lat' dir='ltr'>Arundeliani,</span> <span class='ocrx_word' id='word_1_605' title='bbox 656 2738 764 2774; x_wconf 69' lang='lat' dir='ltr'>Anglia:</span> <span class='ocrx_word' id='word_1_606' title='bbox 785 2739 969 2775; x_wconf 85' lang='lat' dir='ltr'>mareschalli,</span> <span class='ocrx_word' id='word_1_607' title='bbox 982 2740 1033 2768; x_wconf 91' lang='lat' dir='ltr'>viri</span> <span class='ocrx_word' id='word_1_608' title='bbox 1047 2745 1078 2769; x_wconf 90' lang='lat' dir='ltr'>ut</span> <span class='ocrx_word' id='word_1_609' title='bbox 1091 2741 1204 2778; x_wconf 84' lang='lat' dir='ltr'>antiquo</span> <span class='ocrx_word' id='word_1_610' title='bbox 1227 2746 1385 2778; x_wconf 82' lang='lat' dir='ltr'>stemmate,</span> <span class='ocrx_word' id='word_1_611' title='bbox 1400 2744 1436 2772; x_wconf 87' lang='lat' dir='ltr'>ita</span> <span class='ocrx_word' id='word_1_612' title='bbox 1452 2744 1544 2780; x_wconf 69' lang='lat' dir='ltr'>politae</span> <span class='ocrx_word' id='word_1_613' title='bbox 1566 2734 1736 2780; x_wconf 79' lang='lat' dir='ltr'>antiquitatis</span> <span class='ocrx_word' id='word_1_614' title='bbox 1758 2734 1841 2768; x_wconf 68' lang='lat' dir='ltr'>studio</span> 
     </span>
    </p>
   </div>
   <div class='ocr_carea' id='block_1_57' title="bbox 226 2782 1843 2825">
    <p class='ocr_par' dir='ltr' id='par_1_57' title="bbox 226 2782 1843 2825">
     <span class='ocr_line' id='line_1_57' title="bbox 226 2782 1843 2825; baseline 0.002 -13"><span class='ocrx_word' id='word_1_615' title='bbox 226 2783 375 2812; x_wconf 84' lang='lat' dir='ltr'>decantati.</span> <span class='ocrx_word' id='word_1_616' title='bbox 387 2785 454 2812; x_wconf 86' lang='lat' dir='ltr'>Post</span> <span class='ocrx_word' id='word_1_617' title='bbox 465 2782 644 2819; x_wconf 86' lang='lat' dir='ltr'>apographon</span> <span class='ocrx_word' id='word_1_618' title='bbox 651 2791 714 2811; x_wconf 90' lang='lat' dir='ltr'>cum</span> <span class='ocrx_word' id='word_1_619' title='bbox 724 2788 870 2821; x_wconf 82' lang='lat' dir='ltr'>prototypo</span> <span class='ocrx_word' id='word_1_620' title='bbox 883 2784 1001 2814; x_wconf 84' lang='lat' dir='ltr'>ﬁdeliter</span> <span class='ocrx_word' id='word_1_621' title='bbox 1012 2786 1206 2822; x_wconf 83' lang='lat' dir='ltr'>commissum,</span> <span class='ocrx_word' id='word_1_622' title='bbox 1220 2786 1254 2815; x_wconf 90' lang='lat' dir='ltr'>ad</span> <span class='ocrx_word' id='word_1_623' title='bbox 1265 2796 1350 2816; x_wconf 90' lang='lat' dir='ltr'>unum</span> <span class='ocrx_word' id='word_1_624' title='bbox 1369 2792 1397 2816; x_wconf 87' lang='lat' dir='ltr'>et</span> <span class='ocrx_word' id='word_1_625' title='bbox 1408 2789 1526 2818; x_wconf 87' lang='lat' dir='ltr'>alterum</span> <span class='ocrx_word' id='word_1_626' title='bbox 1542 2789 1682 2825; x_wconf 83' lang='lat' dir='ltr'>exemplar</span> <span class='ocrx_word' id='word_1_627' title='bbox 1697 2783 1843 2817; x_wconf 73' lang='grc' dir='ltr'>Οιοιιὶειιεο</span> 
     </span>
    </p>
   </div>
   <div class='ocr_carea' id='block_1_58' title="bbox 229 2824 1842 2870">
    <p class='ocr_par' dir='ltr' id='par_1_58' title="bbox 229 2824 1842 2870">
     <span class='ocr_line' id='line_1_58' title="bbox 229 2824 1842 2870; baseline 0.003 -13"><span class='ocrx_word' id='word_1_628' title='bbox 229 2828 352 2858; x_wconf 81' lang='lat' dir='ltr'>instituta</span> <span class='ocrx_word' id='word_1_629' title='bbox 365 2832 409 2859; x_wconf 86' lang='lat' dir='ltr'>est</span> <span class='ocrx_word' id='word_1_630' title='bbox 420 2828 574 2864; x_wconf 82' lang='lat' dir='ltr'>castigatio.</span> <span class='ocrx_word' id='word_1_631' title='bbox 598 2827 669 2863; x_wconf 83' lang='lat' dir='ltr'>Quia</span> <span class='ocrx_word' id='word_1_632' title='bbox 687 2828 715 2859; x_wconf 90' lang='lat' dir='ltr'>in</span> <span class='ocrx_word' id='word_1_633' title='bbox 730 2837 761 2860; x_wconf 84' lang='lat' dir='ltr'>re</span> <span class='ocrx_word' id='word_1_634' title='bbox 781 2833 916 2867; x_wconf 85' lang='lat' dir='ltr'>quantum</span> <span class='ocrx_word' id='word_1_635' title='bbox 934 2830 978 2860; x_wconf 90' lang='lat' dir='ltr'>ille</span> <span class='ocrx_word' id='word_1_636' title='bbox 993 2831 1056 2861; x_wconf 84' lang='lat' dir='ltr'>ﬁdei</span> <span class='ocrx_word' id='word_1_637' title='bbox 1071 2831 1269 2869; x_wconf 66' lang='lat' dir='ltr'>industriaque</span> <span class='ocrx_word' id='word_1_638' title='bbox 1291 2833 1428 2870; x_wconf 82' lang='lat' dir='ltr'>praestitit,</span> <span class='ocrx_word' id='word_1_639' title='bbox 1443 2833 1571 2864; x_wconf 84' lang='lat' dir='ltr'>testando</span> <span class='ocrx_word' id='word_1_640' title='bbox 1591 2824 1674 2864; x_wconf 79' lang='lat' dir='ltr'>erunt</span> <span class='ocrx_word' id='word_1_641' title='bbox 1688 2831 1737 2862; x_wconf 85' lang='lat' dir='ltr'>viri</span> <span class='ocrx_word' id='word_1_642' title='bbox 1750 2827 1783 2858; x_wconf 81' lang='lat' dir='ltr'>ad</span> <span class='ocrx_word' id='word_1_643' title='bbox 1793 2824 1842 2854; x_wconf 62' lang='lat'>919‘</span> 
     </span>
    </p>
   </div>
  </div>
