1927 3076
77 181 131 209 329

763 179 1015 208 PRAZFATIONES.

1641 182 1694 210 330

78 242 239 279 gantiorem
259 241 413 270 docuinam
435 241 510 277 facti,
524 241 646 270 Thomas
657 241 771 278 Triplet,
785 243 891 271 amicus
904 242 972 271 mihi
988 243 1098 276 unicus,
1113 246 1142 271 et
1155 243 1278 270 Joannes
1293 242 1461 279 Gregorius;
1475 251 1543 279 quos
1559 243 1590 272 in
1604 248 1695 280 poste-

79 287 161 315 rioris
176 287 344 323 exemplaris
357 287 499 315 collatione
522 287 571 315 sibi
595 286 727 322 συνεργοὺς
742 287 847 315 ascivit.
870 288 1038 316 Caeterarum
1064 287 1167 316 scilicet
1189 287 1260 315 illius
1274 294 1403 315 curarum
1417 295 1468 324 ego
1487 287 1544 323 ipse
1556 289 1695 321 conscius.

78 331 230 360 editionem
245 332 328 360 istam
340 332 375 360 ad
389 336 513 360 mentem
527 331 596 367 ejus,
611 335 746 368 quantum
761 336 835 368 pote,
849 330 990 359 adornavi.
1007 331 1199 367 Discrepantes
1215 331 1342 360 codicum
1354 331 1495 365 lectiones,
1510 332 1697 368 appinguntur

77 384 148 404 arena
163 376 320 412 marginali.
335 376 491 405 Asteriscus
501 375 651 404 dictionem
666 375 786 412 loquitur
799 375 834 404 ab
853 383 908 403 uno
921 380 970 404 aut
981 376 1067 404 altero
1077 376 1171 405 codice
1186 376 1339 411 absentem,
1356 381 1438 414 atque
1448 376 1507 405 sine
1522 384 1622 413 magno
1638 385 1698 406 sen-

79 421 173 449 tentia
187 420 358 449 detrimento
369 420 525 449 delebilem.
540 420 589 449 'lc.
605 425 706 449 tessera
719 424 761 448 est
773 420 948 456 conjectum,
967 421 1011 449 cui
1024 421 1132 457 parcius
1147 421 1323 455 indulsimus,
1339 429 1394 457 quo
1416 421 1465 449 tibi
1479 420 1598 449 facultas
1612 422 1698 458 magis

80 466 185 502 integra
204 465 360 502 judicandi.
384 466 479 494 Latina
504 464 617 502 quidem
631 465 720 493 versio
731 468 773 493 est
785 465 902 501 Philippi
917 466 1055 500 Montani;
1071 473 1166 494 verum
1182 465 1282 502 ubique
1305 465 1373 494 adeo
1396 474 1412 494 a
1434 465 1514 494 nobis
1535 465 1698 501 interpolata

80 515 160 547 atque
173 510 210 539 ad
225 511 391 539 Graecorum
407 510 550 538 veritatem
565 514 702 544 revocata,
720 514 750 538 ut
771 510 803 544 (si
816 517 864 546 per
882 517 981 546 operas
996 509 1202 547 typographicas
1219 509 1339 539 licuisset
1361 509 1517 546 importune
1529 508 1698 539 festinabuu-

79 554 139 589 das)
154 555 254 583 minus
267 554 383 584 taedium
396 554 467 584 foret
478 562 557 583 novat
571 562 682 591 prorsus
700 553 859 583 condendae.
874 554 906 582 Id
916 554 989 591 quod
1001 554 1237 583 committentibus
1252 555 1377 591 liquebit.
1397 555 1472 583 Vale.

468 757 541 789 PRO
563 757 738 789 SINGULIS
762 757 1030 788 EPISTOLARUM
1054 757 1313 789 ARGUMENTIS.

95 891 142 920 Ad
157 893 299 920 Romanos
314 900 347 920 ex
369 892 494 921 Corintho
508 892 601 920 scribit
625 892 778 928 Apostolus,
795 899 861 927 quos
876 894 902 925 Α
916 893 1085 927 mysterium,
1099 873 1146 920 sed
1156 894 1276 926 perstare
1287 901 1304 920 a
1315 892 1411 920 seculo
1426 901 1435 920 .·
1448 895 1473 920 et
1485 893 1543 920 alia
1555 893 1642 921 multa
1654 901 1714 929 qua

61 937 182 964 nomium
196 936 316 970 viderat,
335 937 441 964 visendi
457 939 546 964 tamen
559 937 734 972 percupidus,
750 937 815 971 quia
829 937 863 964 de

60 981 102 1008 his
118 982 208 1008 multa
220 983 367 1016 acceperat,
383 989 499 1017 quorum
514 983 540 1009 et
553 982 665 1017 suscipit
679 983 706 1009 et
721 981 816 1009 laudat
827 983 861 1016 ﬁ-

59 1026 133 1058 dem,
147 1028 179 1053 ut
196 1034 281 1061 quam
294 1027 373 1054 sciret
386 1027 463 1060 fama
473 1029 498 1054 et
508 1027 614 1054 nomine
628 1027 753 1054 celebrem
767 1029 792 1054 et
804 1027 863 1054 ubi-

60 1079 113 1105 que
135 1071 279 1105 vulgatam
294 1080 303 1097 :
326 1073 352 1098 et
374 1073 414 1104 (ut
433 1073 530 1099 ccetera
545 1072 676 1105 omittam)
697 1071 730 1099 de
743 1072 862 1106 gentiam

60 1117 200 1143 vocatione
219 1116 351 1151 copiosius
365 1116 486 1144 disserit.

96 1198 152 1225 Nec
165 1203 239 1224 secus
253 1204 287 1224 ea:
304 1197 410 1232 Epheso
428 1197 465 1224 ad
479 1197 629 1225 Corinthios
643 1196 739 1224 scribit
753 1197 860 1232 Episto-

60 1243 128 1273 Iam,
154 1242 215 1269 illos
237 1241 388 1276 abjurgans
406 1242 478 1277 quod
491 1242 641 1276 plurimum
659 1243 730 1269 inter
744 1250 771 1269 se
785 1243 863 1269 dissi-

59 1287 169 1320 derent,
189 1289 215 1314 et
232 1287 397 1321 primarium
411 1286 554 1321 quemdam
568 1294 581 1314 ε
599 1288 657 1314 suis
668 1294 723 1314 rem
743 1295 802 1314 cum
815 1294 862 1314 no-

59 1339 142 1358 verca
166 1330 305 1358 habentem
336 1332 404 1358 satis
433 1331 611 1365 negligerent,
637 1331 786 1366 vellentque
814 1331 863 1358 sub

59 1375 202 1402 calibatus
214 1377 350 1410 prwtemtu
360 1376 483 1403 nonnulli
493 1375 611 1402 divortia
621 1376 723 1409 facere,
731 1378 757 1403 et
768 1384 864 1403 umores

60 1421 216 1455 relinquere
235 1429 244 1445 :
260 1422 285 1447 et
304 1421 384 1447 multi
397 1420 555 1455 idolothytis
568 1423 736 1448 vescerentur
752 1429 759 1447 :
775 1424 801 1448 et
815 1421 865 1448 alii

60 1466 166 1493 ueteris
175 1465 258 1500 plane
269 1467 436 1500 contemptis,
449 1473 491 1492 eos
504 1465 641 1493 duntaxat
652 1466 862 1499 demirarentur,

917 937 954 964 ad
968 937 1014 964 hos
1028 938 1056 964 in
1071 937 1122 972 ﬁde
1136 937 1285 972 ﬁrmandos
1299 938 1418 965 maxime
1431 938 1552 971 faciunt.

952 1024 997 1052 Ad
1020 1024 1205 1060 Philippenses
1221 1026 1333 1060 insuper
1347 1025 1451 1052 litteras
1474 1026 1560 1054 mittit
1581 1033 1616 1054 επ
1635 1026 1714 1061 Urbe,

917 1077 983 1104 quos
996 1069 1105 1098 adierat
1119 1077 1192 1104 sane,
1212 1071 1238 1097 et
1256 1070 1293 1097 ad
1306 1069 1387 1104 ﬁdem
1402 1071 1581 1098 instruerent.
1598 1072 1648 1099 His
1663 1073 1714 1098 ita-

917 1122 968 1149 que
990 1114 1073 1142 Paulo
1094 1115 1148 1149 ipsi
1169 1116 1195 1142 et
1215 1116 1316 1142 sanctis
1336 1115 1473 1143 nonnullis
1495 1116 1716 1144 ministrantibus

916 1160 1074 1193 necessaria,
1084 1160 1178 1186 exorti
1188 1161 1253 1186 sunt
1263 1159 1389 1194 quidam,
1403 1161 1452 1195 qui
1459 1162 1554 1195 pravis
1563 1162 1716 1196 persuasio-

918 1203 1008 1235 nibus,
1029 1205 1054 1230 et
1068 1204 1118 1232 sub
1133 1204 1199 1238 legis
1214 1204 1310 1231 umbra
1325 1206 1350 1232 et
1373 1205 1573 1233 circuncisionis
1594 1205 1713 1238 obtentu,

917 1249 1079 1283 simplicium
1089 1249 1266 1283 quorumdam
1281 1251 1484 1284 corrumperent
1496 1257 1588 1282 aures,
1598 1258 1716 1278 asseren-

919 1296 958 1320 tes
976 1294 1109 1320 neminem
1121 1300 1197 1328 posse
1213 1294 1269 1320 sine
1284 1293 1338 1328 lege
1348 1293 1509 1328 justiﬁoari.
1525 1295 1602 1328 Quod
1613 1295 1715 1322 Paulus

919 1337 1047 1371 audiens,
1059 1337 1275 1373 Philippensium
1281 1339 1371 1373 primo
1381 1338 1462 1372 ﬁdem
1469 1339 1576 1374 probat,
1588 1341 1715 1366 eteorum

918 1390 947 1409 se
958 1382 1113 1409 memoriam
1126 1382 1224 1410 habere
1234 1383 1304 1409 inter
1314 1383 1479 1418 precandum
1493 1383 1601 1416 fatetur
1609 1391 1716 1411 comme-

919 1429 1062 1462 moratque
1071 1427 1297 1462 quemadmodum
1310 1428 1399 1455 Roma:
1412 1435 1467 1455 sese
1478 1435 1509 1455 ac
1522 1428 1623 1456 Christi
1633 1429 1716 1463 ﬁdem

920 1474 1025 1500 tutatus
1049 1473 1096 1504 sit,
1111 1474 1137 1499 et
1158 1473 1207 1507 qui
1217 1475 1354 1507 prwlcrea
1377 1473 1482 1500 molesti
1502 1473 1555 1501 sibi
1569 1474 1599 1500 in
1612 1474 1718 1501 vinculi

60 1511 113 1544 qui
132 1511 221 1537 essent
239 1509 399 1544 linguarum
421 1510 541 1544 gratiam
561 1511 693 1538 consecuti
707 1519 716 1538 :
740 1513 778 1545 et,
793 1511 864 1546 quod
878 1521 901 1551 Β
919 1517 1035 1550 fuerint,

60 1556 124 1581 erat
136 1554 333 1588 detestabilius,
349 1562 519 1590 nequaquam
531 1555 669 1582 crederent
680 1555 798 1582 humana
811 1563 863 1582 cor-

58 1607 127 1634 pora
141 1601 204 1634 post
218 1601 330 1626 mortem
350 1601 543 1627 resurrectura.
561 1600 606 1627 Ad
623 1599 725 1627 eosdem
739 1600 862 1636 deinceps

61 1646 86 1670 ct
111 1644 196 1670 aliam
217 1651 252 1670 ea:
275 1644 429 1671 Macedonia
451 1644 553 1676 scribit,
576 1645 684 1680 quando
705 1645 815 1680 quidem
830 1653 864 1673 em

58 1688 151 1723 priore
160 1688 314 1723 plurimum
324 1689 525 1723 profecissent:
534 1690 633 1724 quippe
645 1698 711 1724 quos
722 1691 863 1724 pieniterct

61 1733 161 1760 tandiu
175 1733 356 1766 fornicantem
370 1734 449 1760 illum
465 1734 570 1767 tulisse,
585 1734 632 1762 sed
649 1736 756 1769 arrepti
768 1735 864 1762 dm’nde

59 1778 328 1805 seditiosissimorum
341 1779 478 1806 hominum
486 1787 633 1814 persuasu,
649 1779 713 1813 legis
726 1779 864 1807 duntaxat

61 1823 163 1850 littera:
178 1823 355 1854 inhteseruut,
373 1823 578 1857 indifferentem
595 1825 780 1852 existimantes
798 1833 863 1860 gra-

62 1869 130 1894 tiam
141 1875 202 1902 qua
210 1875 227 1894 a
236 1868 341 1895 Christo
349 1870 416 1895 esset
426 1869 454 1895 in
464 1869 566 1896 multos
577 1869 692 1896 collata:
706 1871 771 1904 quin
782 1871 864 1897 etiam

62 1915 88 1939 et
101 1915 280 1947 praeceptores
289 1912 438 1940 admodum
448 1913 623 1948 jactitabant,
638 1917 663 1942 et
680 1915 772 1949 gloria:
785 1915 864 1942 duce-

63 1957 140 1988 bant,
155 1965 216 1984 c‘um
227 1957 324 1992 Apollo
338 1958 433 1985 vellent
448 1958 489 1985 vel
503 1959 596 1994 Cephw
613 1961 706 1994 partes
720 1961 819 1993 tutari,
832 1960 864 1987 id

61 2003 102 2029 est
109 2009 189 2030 suum
197 2002 308 2037 quisque
316 2010 395 2037 quem
400 2005 549 2030 sectaretur
555 2004 691 2039 extollere,
698 2004 770 2032 unde
776 2005 862 2032 multa

61 2049 140 2074 erant
152 2048 224 2074 inter
236 2047 285 2074 hos
294 2047 391 2075 oborta
403 2048 521 2076 dissidia
533 2058 541 2074 :
555 2048 661 2084 alioqui
672 2051 700 2076 in
711 2052 861 2078 sanctorum

60 2092 218 2119 alimoniam
232 2091 340 2120 abunde
361 2095 387 2120 et
409 2092 557 2121 liberaliter
571 2095 753 2128 conferebant.

97 2173 142 2200 Ea:
157 2173 241 2200 Roma
254 2172 291 2200 ad
305 2172 416 2201 Galatas
434 2174 534 2202 litteras
550 2174 633 2203 dedit.
650 2175 703 2203 Hos
715 2177 787 2203 enim
800 2184 860 2204 cum

954 1595 1149 1624 Colossensibus
1163 1596 1245 1623 etiam
1264 1603 1298 1623 επ
1327 1596 1394 1624 Urbe
1417 1596 1524 1624 litteras
1548 1597 1714 1632 impertitur,

918 1641 1019 1675 quippe
1028 1648 1093 1675 quos
1103 1643 1221 1668 cerneret
1230 1649 1279 1676 per
1284 1641 1403 1668 homines
1411 1643 1542 1677 captioso:
1553 1644 1578 1669 et
1592 1642 1716 1670 subdolus

918 1685 998 1718 falsis
1012 1685 1175 1720 quibusdam
1189 1687 1355 1720 argumentis
1375 1687 1583 1714 circumventum
1601 1688 1646 1722 iri,
1668 1688 1717 1722 qui

918 1730 1024 1758 Christi
1037 1730 1117 1764 ﬁdem
1137 1731 1304 1765 apertissime
1317 1731 1418 1758 ercis
1432 1732 1554 1768 argutiis
1570 1733 1713 1767 impugna-

917 1777 989 1803 rent.
1009 1782 1068 1801 cum
1083 1775 1150 1810 legis
1175 1775 1299 1802 umbram
1315 1778 1340 1802 et
1354 1783 1426 1803 escas
1439 1777 1538 1804 uetitas
1549 1779 1716 1805 sectarentur

917 1823 943 1849 et
955 1822 1182 1848 circumcisionem
1197 1822 1337 1856 efferrent.

953 1902 997 1929 Eae
1017 1901 1130 1929 Athenis
1145 1909 1206 1928 vero
1223 1901 1502 1930 Thessalonicensibus
1515 1902 1618 1937 scribit,
1636 1904 1712 1939 apud

917 1954 982 1982 quos
1003 1949 1082 1974 antea
1095 1948 1189 1980 fuerat
1207 1947 1311 1974 diutius
1332 1950 1507 1975 commoratus
1522 1956 1532 1974 :
1544 1950 1570 1975 et
1584 1950 1712 1983 quoniam

916 1991 1004 2019 multa
1018 1999 1077 2019 cum
1094 1992 1125 2019 in
1142 1992 1249 2026 Verria,
1265 1994 1323 2019 tum
1337 1992 1501 2020 Macedonas
1515 1994 1626 2021 civitate
1645 1994 1710 2021 Phi-

916 2037 1008 2072 lippis,
1019 2037 1210 2065 tumCorinthi
1215 2039 1240 2064 et
1253 2036 1449 2064 Thessalonica
1457 2037 1710 2074 fueratperpessus,

915 2082 1018 2109 vetitus
1027 2089 1059 2109 ne
1067 2082 1110 2109 vel
1123 2090 1156 2109 es:
1169 2082 1228 2108 suis
1239 2083 1377 2117 pressuris
1388 2082 1432 2109 illi
1442 2083 1544 2116 offensi
1558 2083 1633 2111 haud
1643 2085 1712 2112 satis

915 2126 1023 2154 stabiles
1041 2127 1141 2160 forent,
1160 2126 1202 2154 vel
1220 2135 1329 2154 maerore
1346 2128 1430 2154 nimio
1451 2127 1482 2154 ob
1498 2135 1611 2155 suorum
1629 2136 1642 2156 ε
1656 2130 1712 2156 vita

915 2171 1061 2198 discessum
1075 2174 1272 2206 conﬁcerentur,
1285 2180 1338 2206 quo
1347 2173 1439 2207 patrio
1453 2179 1529 2200 more
1542 2175 1609 2200 certe
1623 2173 1711 2208 pluri-

62 2220 143 2244 antea
165 2216 204 2244 ad
223 2217 303 2252 ﬁdem
321 2225 402 2252 quam
417 2220 515 2254 optime
528 2220 713 2252 instruxisset,
734 2223 759 2248 et
875 2203 898 2236 θ
916 2223 990 2243 mum
1007 2203 1184 2251 angebantur,
1210 2203 1375 2244 Timotheum
1398 2225 1458 2244 cum
1481 2218 1594 2252 epistola
1615 2203 1652 2245 (id
1670 2226 1711 2246 eos

63 2261 169 2289 disserit
183 2269 212 2289 eo
223 2262 392 2296 praedicante
407 2263 437 2290 in
457 2263 592 2291 Christum
613 2266 712 2297 Iesum,
730 2268 789 2300 post
803 2267 860 2301 ejus

64 2306 208 2334 discessum
227 2314 291 2334 mea!
313 2307 394 2342 lapsi,
416 2308 594 2342 improborum
614 2308 752 2337 hominum
772 2318 861 2345 sugge-

63 2352 148 2378 stione
161 2353 193 2378 ut
206 2358 233 2378 se
248 2352 468 2379 circumciderent
482 2354 612 2388 compulsi
627 2356 699 2381 sunt.
716 2355 791 2388 Quod
805 2357 860 2382 uti-

64 2404 113 2430 que
123 2396 228 2423 Paulus
240 2404 312 2430 (egre
321 2397 420 2430 ferens,
435 2398 501 2432 quia
511 2400 611 2433 praeter
620 2406 698 2426 suam
709 2400 859 2428 institutio-

63 2449 121 2468 nem
135 2441 263 2476 egissent,
276 2442 385 2469 incusat
397 2443 488 2470 acrius
501 2443 574 2478 quod
593 2451 620 2471 se
632 2443 769 2472 celerrime
791 2445 859 2472 adeo

62 2486 262 2514 immutassent.

95 2569 141 2596 Ea:
166 2567 235 2595 Urbe
253 2570 387 2602 praterea
410 2570 436 2597 et
455 2569 493 2596 ad
504 2570 633 2605 Ephesios
653 2571 760 2606 scribit,
784 2572 860 2600 haud

63 2612 127 2640 dum
142 2614 233 2640 tamen
243 2620 294 2647 per
307 2620 334 2641 se
345 2614 444 2646 editos,
459 2614 509 2642 sed
521 2615 665 2643 auditione
675 2617 760 2644 solum
771 2625 860 2652 perce-

61 2659 118 2691 ptas
137 2656 229 2692 ﬁdeles
242 2665 308 2690 esse,
324 2660 350 2686 et
370 2658 508 2686 Christum
524 2661 615 2688 Jesum
630 2662 729 2696 optime
742 2662 859 2695 credere,

63 2704 86 2728 et
107 2703 182 2729 mira
197 2702 320 2737 quadam
341 2704 371 2730 in
390 2706 495 2732 sanctos
509 2712 597 2732 omnes
621 2706 697 2741 afﬁci
716 2706 858 2741 charitate,

63 2746 165 2782 alioqui
179 2755 196 2774 a
212 2754 240 2774 se
250 2754 397 2782 percupere
412 2749 442 2775 in
454 2749 508 2784 ﬁde
522 2750 571 2777 hac
584 2751 713 2778 stabiliri.
730 2752 858 2785 Quocirca

63 2795 87 2820 et
112 2794 159 2822 hos
182 2801 235 2829 per
255 2794 359 2823 litteras
383 2796 506 2828 instruit,
531 2799 617 2832 atque
644 2798 859 2834 haudquaquam

65 2839 273 2866 commentitium
286 2847 352 2875 esse,
371 2842 420 2868 aut
438 2849 523 2877 nuper
540 2843 679 2871 inventum
697 2843 744 2871 hoc
758 2843 860 2872 Christi

202 2883 324 2912 Pnnon.
345 2885 399 2914 Gn.
420 2885 528 2914 CXXIV.

914 2260 1029 2293 dimisit,
1046 2263 1076 2288 ut
1091 2262 1119 2288 in
1132 2261 1186 2295 ﬁde
1200 2261 1418 2296 obﬁrmarentur,
1433 2269 1467 2288 ne
1482 2270 1619 2297 quoquam
1630 2265 1710 2297 pacto

914 2305 948 2333 ab
961 2314 992 2333 ea
1004 2306 1188 2340 desciscerent,
1209 2307 1263 2334 sine
1280 2307 1336 2342 ipsi
1347 2307 1557 2341 afﬂictarentur,
1573 2308 1629 2334 sive
1642 2308 1710 2335 alios

913 2353 1050 2378 cernerent
1061 2351 1197 2385 afﬂictari
1210 2360 1218 2376 :
1234 2351 1418 2386 hortaturque
1440 2353 1472 2378 ut
1486 2351 1612 2379 ducerent
1625 2353 1710 2380 vitam

914 2396 1137 2431 quemadmodum
1150 2404 1167 2423 a
1185 2403 1212 2423 se
1225 2397 1399 2431 accepissent.
1416 2396 1624 2430 Commonefacit
1635 2398 1709 2425 insu-

910 2449 971 2476 per,
985 2449 1018 2468 ne
1040 2441 1159 2475 graviter
1176 2441 1270 2474 ferant
1289 2441 1462 2468 morientium
1477 2449 1579 2476 casum,
1606 2445 1632 2470 et
1650 2443 1710 2470 alia

910 2486 1051 2521 pleraque.
1066 2486 1112 2513 Ad
1122 2485 1224 2513 eosdem
1237 2485 1338 2513 ideirco
1351 2494 1384 2513 ea:
1399 2486 1466 2514 Urbe
1479 2489 1504 2514 et
1519 2485 1606 2514 aliam
1618 2487 1710 2515 scribit

913 2531 1074 2566 Epistolam,
1085 2531 1150 2566 quia
1159 2530 1234 2566 apud
1247 2538 1289 2558 eos
1299 2533 1380 2558 erant
1390 2529 1516 2558 nonnulli
1526 2532 1662 2566 segniores
1671 2533 1708 2560 ad

913 2575 1021 2608 bonum,
1038 2578 1064 2603 et
1077 2575 1179 2603 nullius
1193 2576 1326 2603 momenti
1336 2576 1402 2607 viri,
1418 2577 1467 2611 qui
1482 2576 1550 2604 alios
1564 2577 1639 2603 mira
1651 2580 1710 2605 arte

913 2620 1057 2655 fallebant,
1070 2623 1220 2648 astruentes
1235 2620 1357 2655 jamjam
1372 2621 1474 2648 instare
1492 2620 1598 2649 Christi
1609 2621 1709 2648 adven-

913 2668 982 2699 tum,
997 2665 1073 2700 cujus
1083 2668 1110 2693 et
1123 2665 1239 2693 Paulum
1258 2664 1330 2699 falso
1344 2666 1514 2694 testabantur
1526 2667 1670 2699 auctorem,
1685 2668 1712 2694 et

912 2718 967 2738 sese
978 2711 1050 2738 idem
1062 2711 1210 2745 cognovisse
1219 2718 1269 2746 per
1277 2711 1411 2745 Spiritum
1423 2710 1614 2745 afﬁrmabant.
1629 2710 1711 2745 Cujus

912 2756 954 2783 rei
965 2756 1060 2783 certior
1072 2756 1161 2789 factus
1175 2755 1332 2791 Apostolus,
1347 2762 1396 2790 per
1414 2755 1520 2782 litteras
1538 2755 1710 2783 Thessaloni-

913 2801 1032 2828 censium
1051 2802 1140 2835 primo
1161 2801 1307 2828 adauctam
1323 2799 1403 2834 ﬁdem
1416 2799 1561 2832 collaudat,
1581 2802 1607 2827 et
1624 2801 1711 2835 gloria

911 2845 989 2873 ducit
1004 2846 1076 2881 quod
1090 2845 1191 2874 Christi
1204 2845 1236 2873 ob
1249 2845 1369 2880 gratiam
1381 2844 1501 2872 uiriliter
1514 2845 1619 2879 ferrent
1630 2853 1710 2881 pres-
