1927 3076
248 187 294 213 31H
461 162 463 164 η
624 185 667 212 AD
690 184 947 212 THEOPHYLACTI
969 184 1213 212 EXPOSITIONEM
1232 185 1263 212 IN
1283 185 1313 211 υ.
1335 184 1479 211 PAULUM.
1817 185 1866 211 332

230 255 318 282 suras,
342 248 495 282 solaturque
510 255 628 275 asserens
642 246 736 275 illatas
751 248 792 275 his
812 249 893 276 Deum
906 248 1026 275 vindicu-
1040 251 1065 281 Α
1081 249 1164 275 simus
1175 248 1283 281 fugiens
1293 248 1403 275 Romam
1413 255 1440 273 se
1449 246 1485 273 ad
1497 246 1655 281 Apostolum
1666 247 1796 279 contudit,
1809 246 1880 281 apud

229 295 322 320 turum
333 293 495 328 quandoque
508 292 637 327 injurias.

263 338 363 366 Scribit
387 337 424 364 ad
448 337 617 364 Timotheum
638 345 673 364 ex
693 337 821 365 Laodicea
841 345 897 364 eam
920 337 952 364 ob
966 345 1028 364 cau-

228 391 298 416 sam,
315 383 380 418 quia
398 383 498 418 Ephesi
513 385 591 409 erant
602 383 738 417 permulti
754 383 804 417 qui
816 383 943 409 Judaicos
957 383 1026 408 ritus

227 429 374 459 servarent,
384 435 443 454 cum
457 427 534 461 longe
546 427 626 454 aliter
638 429 694 462 ipse
705 427 832 462 Ephesios
842 427 1024 460 instruxisset,

227 473 368 506 docereque
381 474 405 499 et
418 472 513 505 fallere
526 472 684 506 integriores
696 479 815 507 quosque
830 471 1024 499 adniterentur.

228 517 355 550 Quocirca
379 517 544 544 Timotheum
564 517 690 544 hortatur
704 519 734 543 ut
748 517 849 551 Ephesi
862 517 978 549 maneat,
1001 518 1025 543 et

228 564 397 596 corruptores
420 562 483 588 illos
504 563 617 596 castiget
640 564 666 589 et
685 563 814 595 corrigat,
830 563 860 588 ut
882 561 988 588 tandem
1007 569 1024 588 α

227 607 282 634 suis
298 607 432 634 erroribus
455 608 633 634 resanescant.
657 606 704 633 Ad
718 606 840 633 eumdem
863 606 977 633 secundo
991 613 1024 633 ea

231 652 298 679 Urbe
313 651 452 679 conscribit
466 651 626 686 Epistolam,
642 653 783 686 monetque
796 653 826 678 ut
837 651 874 678 ad
883 659 910 678 se
921 651 1022 678 redeat.

229 697 294 724 Erat
305 697 374 724 enim
387 696 534 731 Apostolus
548 696 581 723 ab
597 696 719 723 omnibus
734 696 793 730 jam
809 695 963 727 destitutus,
977 696 1026 730 qui

225 749 314 768 secum
330 743 440 768 Romam
455 749 488 767 ea:
502 742 568 769 Asia
580 741 833 776 commigraverant,
846 741 949 767 cutem's
961 740 1023 767 abs-

226 787 325 819 territi,
347 786 446 820 quibus
461 788 519 813 erat
535 786 683 813 devinctus.

260 832 303 859 Eae
315 831 442 866 Nicopoli
455 831 494 858 ad
512 832 601 858 Titum
619 831 722 858 litteras
737 830 846 864 scribit;
859 830 895 858 ibi
909 839 1023 866 namque

223 877 392 904 hiemaverat
402 876 513 903 Paulus.
528 877 558 904 In
571 876 648 903 Creta
660 878 750 904 autem
763 877 852 903 Titum
864 876 1020 910 reliquerat,

224 923 254 948 ut
259 929 310 956 per
319 921 394 948 urbes
403 921 558 948 institueret
571 921 732 948 sacerdotes.
744 922 831 949 Erant
843 922 913 948 enim
923 921 1022 948 ibidem

220 967 342 1001 plerique
365 967 414 1001 qui
434 966 482 994 sub
506 966 571 1000 legis
591 968 729 1001 praetextu
749 965 872 994 seducere
892 966 1022 1001 populum

222 1011 399 1038 conabantur.

257 1057 357 1084 Scribit
370 1065 404 1083 ea:
423 1056 490 1084 Urbe
504 1056 541 1083 ad
551 1055 834 1091 Philemonem,’cujus
847 1063 940 1084 servus
954 1055 1019 1084 One-

1083 300 1197 327 eumque
1204 292 1338 319 habitavit
1346 292 1492 326 conjectum
1500 292 1529 318 in
1537 299 1679 325 carcerem,
1687 293 1714 318 et
1725 292 1755 318 in
1767 291 1880 318 vinculis

1082 338 1230 365 detentum.
1246 338 1327 364 Hunc
1340 338 1432 372 itaque
1444 344 1503 364 cum
1525 337 1551 363 ei
1563 338 1662 372 optime
1676 336 1880 371 obsequeretur.

1082 385 1106 409 et
1123 383 1195 410 brevi
1210 382 1313 418 probus
1334 382 1467 413 evasisset,
1483 384 1513 408 ut
1527 383 1554 409 ei
1571 383 1639 409 esset
1659 382 1807 414 acceptior,
1822 381 1879 409 Phi-

1081 426 1182 455 lemoni
1199 427 1369 454 commendat
1385 435 1435 462 per
1457 427 1576 458 litteras,
1592 426 1774 461 hortaturque
1797 429 1828 453 ut
1849 426 1878 452 li-

1082 472 1183 500 bertate
1201 472 1291 503 donet,
1306 480 1353 499 nec
1368 479 1396 499 eo
1417 473 1449 499 ut
1469 479 1553 503 servo,
1569 471 1615 499 sed
1630 473 1659 498 ut
1670 471 1763 504 fratre
1776 472 1877 498 utatur.

1115 517 1163 544 Ad
1186 517 1310 544 Hebraeos
1333 517 1440 543 demum
1461 524 1496 544 ea:
1511 517 1596 543 Italia
1615 516 1711 544 scribit
1733 524 1744 542 :
1767 516 1817 550 qui
1834 516 1881 542 etsi

1081 562 1181 590 Christi
1195 564 1348 597 acceperant
1361 561 1451 596 ﬁdem,
1467 561 1542 589 haud
1555 563 1645 588 tamen
1657 568 1774 596 prorsus
1794 568 1811 587 a
1825 561 1878 595 lege

1079 607 1241 640 defecerant.
1258 607 1333 640 Quod
1347 614 1412 634 sane
1427 607 1517 641 inique
1535 607 1625 639 forms
1646 606 1809 640 Apostolus,
1833 608 1878 632 cis:

1078 651 1115 678 ad
1133 654 1224 686 gentes
1244 654 1313 685 erat,
1330 653 1360 678 ut
1378 651 1555 685 Evangelium
1569 651 1742 686 prcedicaret,
1757 650 1820 684 jam
1833 649 1874 677 de-

1079 697 1204 729 stinatus,
1219 704 1273 723 non
1287 696 1333 723 hos
1348 698 1437 723 tamen
1447 694 1558 731 ferebat
1569 696 1633 730 legis
1648 695 1755 722 umbris
1766 695 1875 726 obvolvi,

1079 742 1238 768 emistimans
1254 741 1468 776 haudquaquam
1487 740 1657 768 credentibus
1681 740 1724 767 his
1741 740 1874 767 molestam

1078 786 1149 813 hanc
1164 787 1223 820 fore
1238 786 1387 821 epistolam,
1403 787 1434 813 in
1447 794 1502 821 qua
1515 785 1547 812 de
1561 785 1662 813 Christi
1675 785 1808 818 adventu,
1824 785 1876 818 lege

1077 832 1136 866 ipsa
1151 831 1293 858 umbratili
1305 831 1424 858 disserat
1440 840 1448 857 :
1471 838 1555 865 quam
1568 838 1681 858 cessasse
1693 831 1832 865 afﬁrmat,
1850 831 1873 856 et

1074 875 1145 903 nihil
1156 876 1184 902 in
1192 877 1326 911 posterum
1338 875 1496 907 valiturum,
1509 877 1576 910 quia
1589 875 1713 903 Christus
1727 875 1873 904 advenerit,

1036 913 1059 945 B
1073 928 1151 955 quem
1162 921 1213 947 illa
1224 922 1434 955 pra’ﬁgurassct.

1113 966 1162 992 His
1174 966 1265 1000 itaque
1279 965 1408 1000 Epistolis
1419 964 1519 992 Paulus
1531 967 1586 992 tam
1595 965 1686 993 valida
1695 964 1872 999 fundamenta

1072 1010 1148 1044 jecit,
1164 1012 1194 1037 ut
1215 1011 1384 1038 increscentis
1402 1011 1431 1037 in
1444 1012 1584 1045 posterum
1605 1010 1670 1045 ﬁdei
1690 1012 1774 1038 tanta
1790 1011 1873 1045 posset

1076 1055 1159 1082 moles
1173 1055 1287 1090 imponi.

750 1181 934 1213 LECTORI
957 1179 1149 1212 VENETUS
1170 1181 1338 1212 EDITOR.

274 1329 382 1363 Prodit
404 1333 510 1363 tomus
531 1330 610 1362 alter
635 1329 777 1371 Operum
799 1326 1034 1370 TheOphylacti,
1061 1336 1097 1360 ea
1117 1325 1248 1370 quidem
1270 1325 1443 1367 celeritate,
1463 1337 1560 1369 quam
1579 1327 1654 1360 satis
1670 1337 1740 1361 esse
1756 1331 1845 1370 puta-

234 1391 306 1412 mus
321 1381 360 1412 ad
375 1380 471 1412 ﬁdem
487 1379 692 1411 astruendam
719 1379 924 1420 promissioni
939 1382 1066 1416 nostrae,
1083 1388 1145 1420 qua
1161 1378 1194 1409 in
1218 1380 1339 1409 Prwvia
1360 1380 1569 1410 Declaratione
1588 1388 1648 1410 nos
1669 1378 1846 1411 obstrinxi-

234 1440 316 1468 mus,
339 1430 497 1471 integram
520 1438 653 1469 operum
671 1428 813 1468 praeclari
831 1427 928 1468 hujus
942 1427 1081 1460 auctoris
1103 1427 1277 1459 editionem
1299 1428 1382 1459 intra
1404 1427 1653 1469 quadriennium
1677 1428 1845 1460 absolven-

231 1480 306 1512 dam
331 1481 409 1511 fore.
435 1478 538 1510 Habes
560 1487 632 1509 vero
657 1477 766 1509 hocin
790 1482 876 1509 tomo
904 1479 1143 1509 Commentarios
1167 1476 1266 1518 ipsius
1288 1476 1322 1508 in
1337 1486 1450 1509 omnes
1474 1477 1568 1508 Pauli
1592 1478 1768 1518 Epistolas;
1791 1477 1845 1518 qui

231 1528 361 1569 quidem
395 1526 561 1568 aliquoties
599 1525 720 1565 Latine,
757 1527 863 1558 Graece
900 1530 1006 1558 autem
1044 1529 1074 1558 et
1111 1526 1220 1558 Latine
1252 1526 1354 1558 semel
1383 1530 1517 1565 tantum,
1551 1536 1668 1567 nempe
1705 1526 1845 1559 Londini

230 1586 316 1608 anno
340 1577 430 1613 1636,
457 1576 490 1607 ἱη
517 1576 622 1607 lucem
638 1575 796 1616 prodiere.
824 1575 871 1607 Ad
889 1575 971 1607 hanc
987 1575 1161 1608 editionem
1183 1575 1258 1607 satis
1283 1575 1418 1607 nilidam
1445 1579 1476 1606 et
1498 1578 1681 1607 accuratam
1698 1578 1843 1606 nostram

231 1625 324 1666 plano
347 1624 522 1665 exegimus,
540 1623 599 1654 nisi
617 1624 701 1664 quod
720 1624 887 1656 manifesta
903 1624 1050 1664 quaedam
1074 1625 1192 1657 Latinae
1216 1625 1369 1657 versionis
1395 1628 1500 1656 errata
1524 1624 1723 1656 sustulimus.
1755 1623 1842 1661 Quod

230 1683 305 1706 vero
333 1673 385 1706 hic
409 1683 427 1705 e
451 1677 560 1705 nostro
584 1673 773 1714 adjecimus,
790 1674 950 1715 praecipue
975 1678 1049 1706 sunt
1074 1674 1228 1706 variantes
1255 1675 1407 1706 lectiones
1432 1683 1471 1706 cx
1500 1675 1610 1706 codice
1640 1674 1841 1706 bibliotheca:

228 1725 259 1755 S.
285 1723 383 1755 Marci
405 1723 613 1764 depromptae,
639 1732 716 1764 quas
736 1723 777 1754 ad
801 1723 921 1756 calcem
944 1723 1035 1762 tomi,
1064 1733 1153 1756 more
1183 1728 1304 1763 nostro,
1336 1724 1553 1766 apposuimus.
1581 1724 1641 1755 Eas
1668 1723 1841 1765 diligenter

227 1773 355 1813 collegit
386 1773 511 1814 juvenis
543 1773 717 1805 industrius
751 1773 905 1814 Georgius
935 1773 1144 1813 Constantini,
1181 1773 1310 1805 natione
1341 1774 1479 1811 Graecus,
1506 1773 1561 1814 qui
1595 1773 1740 1805 similem
1767 1782 1838 1814 ope-

226 1831 296 1853 ram
320 1821 396 1854 alias
417 1822 513 1854 etiam
538 1822 629 1854 nobis
658 1822 825 1863 impendit.
862 1822 1014 1854 Collectas
1043 1831 1117 1854 vero
1147 1823 1336 1854 tradidimus
1363 1823 1526 1855 Bonifacio
1551 1822 1678 1861 Finetti,
1714 1822 1838 1855 ordinis

225 1872 486 1910 Praedicatorum,
529 1875 562 1904 ut
598 1872 748 1903 omnibus
784 1872 940 1913 expensis,
982 1872 1110 1904 solertia
1139 1882 1196 1904 sua
1223 1877 1253 1905 et
1278 1873 1412 1913 judicio,
1444 1882 1497 1904 eas
1526 1882 1595 1914 quos
1630 1873 1715 1913 frugi
1742 1871 1838 1905 alicui

223 1931 290 1954 esse
314 1925 450 1962 possent,
473 1921 631 1962 seligeret.
651 1922 776 1954 Scilicet
792 1931 850 1953 nos
873 1922 968 1961 longe
982 1921 1022 1952 ab
1038 1931 1152 1954 eorum
1177 1922 1327 1963 opinione
1347 1931 1469 1960 sumus,
1491 1922 1545 1963 qui
1562 1922 1719 1964 quidquid
1737 1922 1838 1954 varie—

222 1971 294 2003 tatis
314 1971 347 2003 in
370 1970 536 2003 codicibus
556 1971 729 2011 reperiunt,
755 1970 787 2001 id
813 1974 914 2001 totum
937 1979 994 2010 pro
1019 1971 1212 2002 variantibus
1237 1971 1428 2003 lectionibus
1454 1971 1584 2008 habent,
1609 1976 1778 2014 totumque
1803 1971 1834 2003 in

222 2019 378 2051 editiones
401 2028 473 2051 suas
493 2019 673 2057 effundunt,
691 2019 798 2059 sicque
820 2019 949 2059 paginas
972 2019 1076 2051 inutili
1099 2020 1247 2060 congerie
1262 2024 1396 2052 onerant
1410 2021 1496 2052 haud
1512 2030 1596 2053 raro.
1623 2021 1687 2054 Nos
1703 2026 1833 2054 econtra

223 2069 294 2105 rati,
312 2069 468 2100 variantes
488 2068 639 2100 lectiones
661 2067 835 2099 censendus
856 2077 922 2100 non
946 2078 1024 2108 esse,
1048 2069 1109 2100 nisi
1131 2079 1201 2110 quae
1218 2069 1359 2110 phrasim
1382 2070 1431 2101 vel
1453 2079 1583 2102 sensum
1607 2071 1782 2112 perﬁciunt
1801 2080 1836 2102 ac

222 2117 396 2158 complent,
423 2120 474 2148 aut
497 2121 581 2148 certe
604 2117 681 2149 tales
701 2121 785 2154 sunt,
811 2121 846 2148 ut
870 2119 983 2150 merito
1004 2119 1159 2159 ambigas,
1178 2128 1256 2150 num
1282 2119 1329 2150 lue
1355 2119 1401 2151 vel
1426 2120 1487 2151 illa;
1512 2120 1552 2151 ab
1576 2121 1692 2153 actoris
1709 2121 1834 2154 calamo

223 2166 371 2207 profecta:
398 2166 528 2205 fuerint,
558 2176 595 2198 ea
624 2167 733 2198 omnia
759 2167 1029 2207 praetermittenda
1057 2170 1248 2208 putavimus,
1278 2177 1348 2208 qua:
1375 2173 1430 2200 aut
1457 2169 1629 2201 manifestae
1652 2174 1727 2202 sunt
1753 2178 1837 2202 ama-

220 2216 394 2248 nuensium
418 2215 644 2254 abcrrationcs,
662 2220 716 2248 aut
738 2216 878 2257 phraslm
904 2226 1082 2256 sensumve,
1101 2217 1206 2258 potius
1223 2226 1320 2258 quam
1341 2217 1535 2258 compleant,
1552 2218 1693 2251 reddunt
1714 2219 1834 2260 imper-

221 2266 396 2298 fectiorem.
424 2265 528 2297 Hocce
552 2265 675 2297 delectu
698 2266 816 2297 factum
852 2270 908 2304 est,
935 2270 980 2305 ut,
1009 2275 1083 2298 cum
1109 2266 1265 2297 variantes
1290 2267 1442 2299 lectiones
1470 2271 1586 2299 nostra:
1622 2268 1698 2300 satis
1727 2268 1835 2300 multa?

221 2317 335 2354 forent,
351 2315 391 2347 ad
407 2315 606 2347 mediocrem
621 2325 792 2348 numerum
816 2316 952 2348 redactae
977 2316 1050 2348 sint.
1067 2315 1128 2347 Sed
1148 2318 1179 2347 et
1192 2315 1279 2347 aliud
1305 2315 1339 2348 in
1363 2325 1458 2348 causa
1473 2320 1529 2357 est,
1549 2325 1608 2349 cur
1622 2317 1663 2350 ad
1678 2317 1835 2359 majorem

220 2365 346 2406 copiam
362 2375 429 2397 non
445 2366 641 2397 excreverint
659 2374 666 2396 :
687 2374 803 2406 nempe
823 2365 884 2397 illa;
901 2365 1026 2397 omissa:
1051 2368 1125 2397 sunt
1151 2374 1265 2397 omnes
1291 2374 1362 2407 quas
1386 2365 1465 2406 (non
1483 2375 1591 2407 pauca:
1606 2367 1746 2408 quidem)
1761 2375 1831 2400 cum

219 2415 413 2447 variantibus
431 2414 618 2446 lectionibus
643 2424 681 2446 ex
704 2415 870 2447 codicibus
891 2414 1124 2446 Oxoniensibus
1147 2424 1166 2446 a
1182 2414 1376 2447 Londinensi
1402 2415 1523 2447 editore
1548 2416 1690 2448 collectis
1710 2415 1829 2457 margi—

219 2465 316 2505 nique
333 2464 479 2506 ascriptis
502 2465 734 2496 conveniebant
757 2466 804 2505 (a).
829 2465 898 2496 Non
916 2464 1050 2496 deerunt
1072 2463 1204 2496 fortasse
1220 2464 1275 2505 qui
1301 2464 1417 2496 vellent
1431 2474 1482 2496 eas
1505 2474 1632 2507 quoque
1655 2466 1707 2498 hic
1730 2467 1828 2498 adno-

219 2519 296 2547 tatas
317 2515 446 2554 habere,
477 2515 563 2556 quod
589 2515 705 2547 referat
725 2513 875 2546 nonnihil
898 2513 979 2545 scire
1007 2523 1049 2545 an
1075 2513 1182 2554 aliqua
1206 2513 1298 2545 lectio
1322 2522 1386 2545 non
1405 2514 1501 2546 unius
1525 2519 1661 2556 tantum,
1685 2515 1740 2548 sed
1765 2515 1830 2557 plu-

219 2565 304 2598 rium
329 2565 478 2598 codicum
502 2565 692 2597 auctoritate
718 2563 938 2596 confirmetur.
963 2564 1002 2595 At
1016 2572 1082 2595 non
1109 2562 1370 2601 existimavimus,
1396 2572 1466 2595 rem
1494 2563 1576 2596 hanc
1601 2564 1682 2596 tanti
1703 2574 1782 2604 esse,
1799 2567 1831 2595 ut

218 2615 404 2648 ulteriorem
430 2615 518 2647 hunc
546 2614 692 2646 laborem
722 2613 836 2645 mereri
863 2616 966 2653 posset
990 2622 1027 2644 ac
1059 2612 1231 2654 postulare.
1263 2613 1360 2644 Porro
1397 2613 1554 2646 variantes
1584 2614 1652 2646 ista;
1678 2614 1828 2647 lectiones

217 2667 318 2698 ferme
333 2665 366 2697 in
381 2675 446 2698 una
467 2665 514 2696 vel
529 2664 627 2696 altera
642 2671 717 2694 voce
733 2662 800 2694 sitae
820 2666 894 2694 sunt
917 2672 924 2694 :
946 2672 1025 2703 quas
1048 2662 1169 2694 idcirco
1190 2662 1296 2693 Graece
1314 2665 1438 2694 tantum
1453 2672 1615 2704 apponere
1636 2663 1767 2705 placuit,
1792 2670 1827 2694 eo

217 2715 267 2747 vel
291 2715 393 2756 magis
412 2713 499 2755 quod
534 2723 572 2745 ex
594 2712 658 2744 illis
684 2721 750 2745 non
775 2721 884 2754 pauca:
908 2713 1051 2745 Griecam
1075 2711 1217 2754 phrasim
1241 2711 1336 2744 unice
1363 2716 1517 2753 spectent,
1544 2712 1689 2754 adeoque
1713 2713 1828 2746 Latinis

249 2805 286 2837 (ο)
299 2806 401 2835 Omnes.
412 2805 442 2829 ut
455 2803 532 2828 moris
543 2803 580 2830 est
589 2803 676 2833 nostri.
692 2803 835 2836 collegimus
850 2803 875 2830 in
887 2803 997 2836 margine
1012 2801 1130 2829 inferiori.
1149 2802 1244 2828 Littera
1265 2808 1281 2827 ο
1302 2801 1478 2833 Oxoniensem,
1489 2808 1518 2828 m
1532 2802 1588 2829 cod.
1605 2803 1630 2829 3.
1652 2804 1729 2830 Marci
1739 2800 1828 2830 Veneti

218 2845 339 2876 designat.
352 2846 422 2870 Ευιτ.
437 2845 516 2868 Pun.
