1927 3076
59 189 101 215 333
717 192 968 220 [‘Rxl-JFATIONES.
1597 191 1650 219 334

59 251 192 283 versionis
221 256 360 283 tenorem
385 252 542 285 intactum
571 254 760 294 relinquant.
788 253 954 286 Nonnullae
979 257 1084 284 tamen
1113 256 1186 283 sunt
1214 252 1309 292 paulo
1335 252 1482 291 fusiores;
1512 263 1649 294 quarum

59 301 185 332 Latinam
206 301 383 333 versionem
405 311 424 333 a
447 302 532 334 dicto
558 303 720 334 Bonifacio
745 303 861 335 Finetti
887 304 1001 334 factam
1031 311 1096 334 non
1114 301 1405 342 praetermittimus;
1432 302 1486 333 sed
1513 311 1585 333 eam
1609 303 1648 334 ad

58 350 159 382 calcem
181 350 302 391 paginae
327 351 489 392 ponimus,
512 361 553 384 ne
571 352 712 393 ipsarum
739 351 930 384 variantium
955 351 1130 382 lectionum
1153 349 1270 380 seriem
1294 348 1477 389 initumque
1502 350 1647 380 ordinem

57 398 314 439 abrumperemus.
340 401 382 431 Ex
405 401 580 433 fusioribus
604 401 691 433 hisee
714 401 910 433 variantibus
936 399 1127 432 lectionibus
1148 398 1220 430 aliaa
1236 402 1309 430 sunt
1325 398 1410 429 velut
1425 397 1570 438 quaedam
1593 398 1648 429 ad-

58 447 224 486 ditamenta,
248 458 317 489 quae
344 449 403 490 ipsi
424 450 522 483 textui
546 451 631 482 edito
655 451 751 483 inseri
775 454 912 492 possent,
938 458 1076 490 eumque
1101 448 1277 489 pleniorem
1300 447 1452 486 reddere;
1480 447 1550 479 alia:
1579 457 1651 479 vero

59 500 119 528 sunt
137 497 238 537 potius
261 497 391 530 diversa:
416 499 640 540 expositiones,
664 505 718 532 aut
749 500 869 532 eaedem
892 500 988 532 etiam
1013 497 1118 539 quoad
1143 506 1284 535 sensum,
1310 496 1365 528 sed
1390 497 1495 528 verbis
1520 497 1652 528 diversis

59 555 210 586 expressae;
235 550 266 578 et
289 547 418 588 quidem
437 548 534 581 modo
557 549 731 590 ampliores
755 548 1005 590 expositionibus
1027 551 1130 579 textus
1148 547 1240 584 editi;
1266 546 1362 578 modo
1385 545 1557 585 breviores,
1581 557 1652 588 quae

57 595 159 627 scilicet
194 599 311 628 textum
347 597 471 629 editum
504 598 600 630 veluti
627 599 818 639 compendio
851 598 1012 629 exhibent.
1039 596 1248 636 Perspicuum
1289 595 1412 627 idcirco
1441 600 1498 633 est,
1527 597 1652 628 codices

58 644 206 686 plerosque
225 646 280 686 qui
303 645 362 678 hos
384 647 638 679 Commentarios
658 648 833 685 continent,
851 647 1102 688 interpolatrices
1125 655 1239 677 manus
1264 649 1410 686 expertos
1434 654 1501 676 esse
1525 654 1531 676 :
1549 655 1653 686 neque

56 694 129 726 enim
160 695 226 726 fieri
260 700 363 736 potest
396 700 430 728 ut
462 700 529 728 tam
553 696 715 728 breviores
739 706 836 736 quam
864 696 998 727 fusiores
1022 695 1237 736 expositiones
1263 695 1449 735 hujusmodi
1472 695 1512 726 ab
1540 694 1652 726 eadem

55 743 261 785 Theophylacti
294 755 393 777 manu
425 746 615 778 efﬂuxerint.
650 745 710 778 Sed
743 755 892 786 quaenam
916 744 1150 786 'l‘heopbylacto
1179 745 1242 776 sint
1270 744 1478 782 ascribendaa,
1505 753 1652 784 quaenam

56 793 259 834 interpolatori
274 794 382 833 alicui,
408 804 517 834 nemo,
535 805 608 827 meo
621 795 754 836 judicio,
772 794 905 826 delinire
930 798 1041 835 potest,
1058 794 1109 825 cui
1134 804 1198 835 ρι’ῑυ
1216 794 1364 826 manibus
1388 803 1452 826 non
1479 794 1519 825 sit
1548 794 1653 835 ipsum

55 841 261 883 Theophylacti
286 845 534 885 autographum.
561 845 668 884 Neque
689 844 776 876 enim
792 844 833 876 ad
854 843 886 875 id
901 844 978 876 satis
993 853 1060 875 esse
1076 848 1236 885 putamus,
1254 844 1411 884 majorem
1435 843 1555 876 codicis
1572 848 1656 876 vetu-

55 895 166 929 statem;
183 896 251 924 tum
266 893 349 932 quod
367 893 496 925 difﬁcile
519 894 572 931 sit,
589 903 660 925 eam
682 894 878 934 exploratam
900 893 974 925 satis
994 893 1124 932 habere,
1149 903 1224 924 cum
1247 902 1330 934 saepe
1352 894 1511 925 vetustatis
1526 895 1655 926 incertae

54 941 106 971 sint
125 946 204 973 notae
225 952 231 973 :
250 946 319 974 tum
335 943 420 983 quod
444 943 605 974 recentior
620 943 719 974 codex
735 943 898 975 sincerum
917 953 985 975 esse
1009 943 1108 984 possit
1132 943 1309 975 vetustior-is
1332 952 1368 974 ae
1385 943 1521 983 purioris
1538 944 1658 976 codicis

55 991 271 1031 apographum.
298 992 328 1023 Si
355 993 426 1033 quis
454 996 558 1024 tamen
589 992 749 1024 breviores
772 993 984 1034 expositiones
1011 993 1114 1033 potius
1139 1001 1236 1032 quam
1262 991 1408 1029 fusiores,
1432 991 1656 1033 Theopbylaeti

55 1048 111 1070 esse
131 1041 210 1078 velit,
238 1050 300 1073 nec.
325 1041 380 1073 ille
405 1050 474 1072 rem
499 1041 573 1073 satis
595 1041 801 1073 verisimilem
818 1042 1001 1080 affirmabit,
1029 1045 1137 1082 utpote
1153 1040 1397 1082 compendiario
1414 1042 1656 1074 commentandi

55 1089 150 1127 generi
171 1099 233 1131 quo
252 1090 470 1122 delectabatur
490 1090 744 1131 Theopliylactus
772 1094 802 1122 et
825 1091 1001 1132 prmsertim
1022 1090 1055 1122 in
1077 1090 1164 1121 hisce
1187 1089 1445 1128 Commentariis,
1470 1090 1525 1130 qui
1551 1090 1582 1121 iu
1603 1092 1658 1122 ali—

55 1137 155 1176 quibus
176 1138 341 1170 codicibus
367 1139 514 1179 Ἐξήγησις
531 1141 557 1169 ἐν
579 1141 706 1180 ἐπιτομῇ,
725 1139 816 1180 Camp

894 1143 963 1171 aria
981 1140 1138 1180 Expositio
1156 1139 1386 1177 inscribuntur,
1403 1139 1551 1180 apprime
1579 1149 1654 1171 con-

55 1190 234 1218 sentaneam.
252 1187 344 1224 Quod
359 1187 384 1219 si
405 1188 466 1220 hoc
481 1197 591 1220 verum
607 1189 657 1227 sit,
675 1187 773 1220 habes
792 1189 944 1229 profecto,
961 1188 1113 1220 benevole
1135 1189 1258 1226 Lector,
1276 1188 1308 1220 in
1324 1188 1531 1220 Variantibus
1547 1189 1653 1222 lectio-

54 1235 136 1267 nibus
166 1237 532 1278 nostrisjexpositiones
564 1237 685 1279 aliquot
717 1237 765 1276 iis,
801 1247 872 1279 quae
907 1239 940 1270 in
972 1238 1056 1270 edito
1087 1241 1175 1270 textu
1204 1238 1375 1276 habentur,
1411 1238 1473 1270 hoc
1513 1239 1657 1278 nomine,

56 1285 265 1324 pneferendas.
293 1285 533 1319 Animadvertas
550 1287 602 1318 hic
628 1296 712 1326 vero,
737 1296 808 1326 nos,
831 1297 906 1319 eum
921 1287 1006 1319 edita
1029 1288 1099 1319 loca
1123 1287 1392 1328 respondentibus
1416 1287 1477 1319 sibi
1494 1288 1527 1319 in
1549 1292 1659 1320 nostro

55 1334 151 1366 codice
173 1335 311 1367 textibus
333 1336 488 1377 ampliora
514 1339 599 1374 sunt,
631 1346 833 1377 nequaquam
860 1337 985 1378 integra
1006 1337 1136 1374 referre,
1172 1346 1212 1368 ne
1240 1337 1336 1368 nimis
1362 1337 1450 1368 vacui
1484 1347 1501 1368 c
1528 1338 1659 1378 regione

56 1384 245 1424 respondeat;
272 1385 327 1416 sed
345 1385 483 1426 demptis
508 1385 546 1416 iis
563 1395 633 1426 qua:
651 1385 685 1417 in
707 1385 813 1418 medio
834 1390 917 1424 sunt,
943 1396 1054 1418 eorum
1072 1386 1251 1418 absentiam
1275 1386 1401 1427 punctis
1422 1386 1550 1427 aliquod
1577 1386 1661 1418 ordi-

55 1433 142 1464 natim
158 1434 265 1474 positis
286 1434 478 1466 indicamus.
498 1435 604 1467 Codex
624 1435 710 1466 unde
729 1435 777 1467 lia:
794 1435 951 1468 variantes
974 1436 1126 1468 lectiones
1141 1436 1320 1477 desumptm
1335 1440 1420 1474 sunt,
1439 1436 1484 1467 nil
1501 1436 1660 1477 peculiare

55 1481 138 1514 habet
151 1483 305 1524 quodvhie
321 1489 604 1516 commemoretur.
625 1484 817 1516 Chartaceus
840 1485 866 1516 is
881 1490 939 1522 est,
963 1490 993 1517 et
1014 1495 1063 1517 xiv
1079 1486 1206 1517 circiter
1227 1485 1343 1517 saeculo
1359 1485 1498 1526 scriptus
1513 1490 1661 1517 censetur

55 1540 70 1561 a
95 1532 166 1564 clar.
190 1533 266 1564 viris
298 1533 353 1573 qui
383 1534 659 1573 Manuscriptorum
691 1535 863 1565 Gra’corum
901 1535 1083 1566 bibliothecae
1114 1535 1150 1566 S.
1177 1535 1273 1566 Marci
1296 1534 1484 1575 Catalogum
1520 1534 1660 1566 edidere.

56 1581 201 1614 Vuriantes
233 1582 388 1614 lectiones
416 1587 541 1615 nostras
573 1583 735 1624 excipiunt
773 1583 1013 1616 Observationes
1038 1585 1140 1616 Latini
1165 1584 1292 1622 Latinii,
1320 1593 1398 1625 quas
1425 1587 1460 1616 ut
1493 1584 1525 1616 in
1556 1584 1661 1624 primo

55 1634 141 1669 tome,
158 1632 200 1663 ita
223 1636 255 1664 et
275 1632 310 1663 in
326 1632 386 1664 isto
410 1633 612 1674 apponimus,
638 1642 676 1664 ne
699 1633 777 1674 quid
801 1633 841 1665 ad
864 1633 1014 1665 editionis
1036 1638 1153 1666 nostra:
1177 1638 1405 1666 ornamentum
1431 1633 1624 1666 disiderctur
1655 1643 1662 1664 :

56 1689 108 1720 qua
138 1682 175 1713 de
208 1691 306 1714 causa
338 1682 560 1722 prazmittimus
597 1683 692 1714 etiam
729 1692 794 1714 non
833 1683 938 1714 solum
980 1683 1118 1724 Philippi
1153 1683 1293 1715 Montani
1334 1683 1568 1722 Praefationem,
1612 1693 1660 1714 ve-

57 1739 120 1762 rum
148 1732 243 1763 etiam
268 1732 429 1770 Adnotala,
455 1732 545 1773 queis
570 1731 741 1772 cujuslibet
758 1732 906 1772 Epistolas
929 1736 1157 1771 argumentum
1182 1732 1290 1772 paucis
1316 1732 1496 1770 exhibetur,
1523 1736 1553 1764 et
1577 1731 1662 1763 unde

56 1779 174 1820 singulae
204 1781 333 1822 scripta:
367 1781 442 1820 sint,
475 1781 644 1820 indicatur,
687 1791 757 1822 qua:
794 1791 868 1813 eum
901 1785 1023 1813 exstent
1047 1781 1091 1820 ,in
1127 1781 1321 1812 editionibus
1357 1781 1508 1813 omnibus
1542 1781 1663 1813 Latinis

57 1837 125 1868 quas
147 1830 301 1867 vidimus,
327 1830 511 1862 Christofori
538 1832 717 1869 Porsennae,
744 1831 798 1871 qui
821 1831 943 1872 primus
967 1830 1063 1862 hosce
1091 1830 1345 1861 Commentarios
1369 1830 1478 1861 Latine
1504 1830 1663 1861 transtulit

57 1883 138 1919 atque
173 1880 324 1921 vulgavit,
359 1889 426 1912 esse
456 1884 615 1921 putamus.
644 1880 780 1912 Tomum
814 1880 952 1921 denique
978 1879 1131 1911 claudunt
1159 1878 1224 1910 duo
1250 1878 1384 1916 Indices,
1412 1879 1542 1910 Latinus
1567 1887 1662 1915 unus,

57 1928 170 1961 Gnaeus
202 1929 303 1967 alter;
334 1934 482 1969 uterque,
510 1928 777 1970 locupletissimus
805 1937 813 1960 :
839 1939 902 1970 quo
929 1929 978 1961 vel
1008 1929 1075 1960 solo
1100 1928 1319 1960 additamento
1346 1928 1433 1960 haud
1457 1937 1571 1969 parum
1595 1937 1664 1959 sese

57 1977 141 2010 editio
156 1982 264 2011 nostra
288 1987 386 2019 supra
410 1981 538 2010 caeteras
560 1978 774 2010 commendat.
800 1978 860 2010 Sed
877 1988 942 2010 non
967 1982 1014 2010 est
1039 1987 1097 2010 cur
1110 1977 1257 2019 pluribus
1272 1981 1301 2009 te
1316 1977 1528 2015 delineamus,
1560 1979 1663 2010 amice

57 2025 164 2059 Lector.
187 2028 259 2060 lam
286 2027 393 2059 fruere
419 2027 579 2068 praeclaris
602 2027 689 2059 hisce
709 2028 956 2060 Commentariis
981 2039 987 2058 :
1014 2031 1045 2060 et
1062 2032 1184 2060 tomum
1207 2027 1348 2065 tertium,
1374 2027 1428 2068 qui
1451 2028 1602 2068 pleraque
1617 2028 1662 2059 vel

60 2085 174 2115 prorsus
191 2078 323 2115 inedita,
346 2077 394 2108 vel
422 2077 586 2109 rarissima
606 2077 849 2118 complectetur,
865 2077 952 2109 brevi
973 2077 1138 2109 intervallo
1152 2077 1304 2118 temporis
1319 2081 1519 2115 secuturum,
1533 2086 1663 2109 securus

60 2132 202 2168 exspecta.
225 2127 362 2160 Interim
374 2127 455 2159 vale.
