1927 3076
46 152 109 178 337

519 151 696 180 EXPOSITIO
715 152 747 180 ΙΝ
769 151 873 179 EPIST.
894 152 940 180 AD
960 151 1042 179 ROM.
1066 167 1095 172 —
1117 153 1191 180 CAP.
1213 154 1233 180 1.

1656 158 1710 184 338

317 306 866 365 THEOPHYLACTI
909 308 1454 367 COMMENTARIUS

416 425 479 470 IN
520 425 895 471 EPISTOLAM
935 427 1018 471 AD
1065 427 1361 474 ROMANOS.

238 602 261 631 K
269 601 467 632 ΕΦᾹΛΛΙΟΝ
500 602 523 631 ll
530 602 666 632 ΡΩΤΟΝ.

98 685 112 701 ι
132 674 250 705 Παῦλος.
267 684 280 701 ››
301 672 371 702 Οὔτε
387 675 400 701 ὁ
415 674 516 708 Μωσῆς
528 694 536 708 ,
553 673 611 703 οὔτε
626 676 719 705 πολλοὶ
733 677 784 705 τῶν
797 677 854 714 μετ’

47 719 146 750 αὐτὸν,
165 717 224 746 ἀλλ’
239 717 297 746 οὐδὲ
312 719 336 746 οἱ
356 717 540 755 εὐαγγελισταὶ
553 742 559 751 ,
574 719 606 747 τὰ
630 720 750 757 ὀνόματα
767 721 854 749 αὐτῶν

47 761 242 801 προτεθείκασι
270 763 321 790 τῶν
350 762 580 800 συγγραμμάτων.
611 762 646 793 ¢0
672 764 699 793 δὲ
727 764 854 801 μακάριος

47 803 147 842 οἶτος,
164 809 304 846 πανταχοῦ
331 808 383 834 τῶν
399 806 567 836 Ἐπιστολῶν
579 831 586 845 ,
610 808 640 836 τὸ
656 810 749 838 ἑαυτοῦ
771 809 854 846 ὄνομα

49 851 207 891 προτίθησι·
237 851 304 880 διότι
333 852 428 880 ἐκεῖνοι
462 851 510 890 μὲν
541 852 606 891 πρὸς
638 853 698 886 τοὺς
723 854 856 893 παρόντας

47 897 191 937 ἔγραφον·
218 891 292 930 οὗτος
316 895 343 924 δὲ
372 895 417 925 διὰ
444 899 548 936 μακροῦ
577 896 612 926 τὰ
637 891 789 937 γράμματα
817 899 855 926 δι’

48 942 208 979 επέμπετο,
232 941 278 970 καὶ
311 940 418 973 εἰκότως
444 941 488 969 τὸν
514 940 593 978 νόμον
619 945 664 972 τοῦ
690 943 856 972 ἐπιστολικοῦ

49 988 230 1026 χαρακτῆρος
246 985 372 1024 ἐπλήρου.
398 985 447 1015 Ἐν
479 985 569 1023 μέντοι
590 988 624 1026 τῇ
640 987 704 1026 πρὸς
717 986 858 1026 (Εϐραίους

49 1033 84 1060 οὖ
115 1035 185 1060 ποιεῖ
212 1033 299 1060 τοῦτο.
324 1029 437 1065 Ἐπιιδὴ
463 1030 516 1070 γὰρ
543 1033 666 1070 ἀπεχθῶς
693 1027 763 1071 εἶχον
793 1032 856 1070 πρὸς

50 1076 156 1112 αὐτὸν,
171 1074 215 1104 ἵνα
235 1074 272 1112 μὴ
290 1078 335 1104 τοῦ
351 1074 476 1112 ὀνόματος
501 1074 574 1107 teet;
599 1075 760 1109 ἀκούσαντες
786 1078 856 1106 ἀπο-

49 1120 215 1155 πηδήσωσι,
237 1118 347 1159 κρύπτει
371 1121 448 1148 τοῦτο
478 1121 503 1148 ἐν
525 1120 686 1157 προοιμίοις.
719 1121 797 1154 Τίνος
829 1121 855 1148 δὲ

51 1164 135 1194 ἕνεκα
152 1164 206 1192 ἀπὸ
223 1163 330 1194 Σαύλου
348 1165 456 1197 Παῦλος
483 1163 601 1203 ἐκλήθης
621 1163 683 1194 Ἵνα
707 1164 774 1202 μηδὲ
789 1166 857 1194 κατὰ

50 1212 134 1238 τοῦτο
149 1209 284 1247 ἔλαττωθῇ
299 1211 344 1238 τοῦ
369 1207 512 1248 κορυφαίου
534 1210 585 1237 τῶν
607 1210 764 1238 ἀποστόλων
775 1233 782 1246 ,
799 1211 857 1238 ἐπι-

1145 609 1163 640 3
1179 610 1301 637 (ἈΡΗΤ
1317 610 1474 637 PRIMUM.

946 678 1034 704 Vsus.
1047 680 1071 704 ι.
1089 687 1101 702 α
1115 677 1224 704 Paulus.
1240 688 1252 700 η
1267 678 1360 712 Neque
1378 678 1475 708 Moses,
1488 685 1575 712 neque
1589 678 1708 714 plerique

910 721 965 754 alii,
987 722 1034 757 qui
1058 721 1134 749 illum
1161 726 1226 748 sunt
1246 722 1396 754 subsecuti,
1416 721 1471 749 imo
1487 730 1574 757 neque
1589 731 1709 755 evange-

908 766 979 794 lista:
994 766 1105 793 nomina
1119 774 1168 793 sua
1183 766 1292 801 scriptis
1306 766 1363 793 suis
1378 770 1596 801 praeposuerunt.
1622 768 1710 795 Divus

910 815 1002 838 autem
1016 811 1077 844 iste,
1094 810 1195 846 ubique
1213 810 1342 846 Epistolis
1355 811 1410 837 suis
1426 819 1525 838 nomen
1539 819 1619 839 suum
1638 820 1710 847 pra:-

912 855 989 890 ponit
1005 864 1012 882 :
1037 854 1112 891 quod
1127 855 1167 882 illi
1181 855 1295 890 quidem
1319 854 1354 882 ad
1375 859 1522 890 praesentes
1537 856 1709 889 scribebant,

911 899 955 927 hic
966 907 1028 927 vero
1043 907 1059 927 e
1080 899 1229 934 longinquo
1243 899 1347 926 litteras
1357 899 1492 931 mittebat,
1504 903 1531 927 et
1543 904 1572 927 ut
1583 908 1632 935 par
1642 906 1710 933 erat,

911 944 1075 972 characteris
1094 943 1247 979 epistolaris
1262 944 1347 979 legem
1362 944 1527 979 complebat.
1545 945 1576 971 In
1593 945 1709 980 Epistola

911 993 1005 1016 tamen
1031 989 1065 1016 ad
1081 988 1212 1016 Hebrzeos
1236 988 1307 1016 istud
1322 996 1377 1015 non
1402 988 1476 1015 facit.
1492 990 1563 1016 Nam
1579 990 1708 1024 quoniam

912 1033 1013 1062 infesto
1027 1041 1089 1067 erga
1111 1033 1201 1068 ipsum
1227 1037 1306 1060 erant
1320 1033 1424 1066 animo,
1440 1041 1475 1060 ne
1496 1033 1602 1066 statim,
1618 1034 1710 1062 audito

911 1079 971 1115 ejus
992 1079 1115 1110 nomine,
1137 1078 1259 1113 protinus
1277 1077 1421 1109 resilirent,
1438 1077 1508 1106 istud
1530 1078 1556 1105 in
1572 1079 1710 1113 proccmin

912 1124 1041 1152 occultat.
1068 1123 1153 1158 Cujus
1174 1126 1266 1150 autem
1294 1122 1334 1149 rei
1350 1122 1435 1157 gratia
1459 1131 1490 1149 ex
1515 1123 1596 1150 Saulo
1612 1124 1712 1151 Paulus

912 1169 1003 1198 dictus
1027 1170 1086 1196 est?
1100 1169 1140 1196 Ut
1162 1175 1252 1203 neque
1268 1167 1295 1194 in
1320 1167 1384 1199 hoc,
1404 1167 1591 1202 apostolorum
1606 1168 1709 1195 antesi-

914 1222 1015 1250 gnauo,
1031 1213 1078 1249 qui
1092 1212 1199 1247 Ceplias
1213 1211 1365 1247 appellatus
1379 1216 1430 1244 est,
1446 1212 1518 1247 quod
1535 1213 1614 1243 valet,
1630 1213 1651 1239 si
1669 1213 1709 1240 in-

50 1253 199 1289 χληθέντος
225 1254 326 1292 Κηφᾶ,
353 1252 367 1282 ὃ
392 1252 567 1291 ἑρμηνεύεται
598 1264 611 1281 «
632 1253 748 1293 Πέτρος,
768 1267 782 1282 τ)
811 1254 856 1282 καὶ

919 1258 1078 1295 :erpreteris,
1096 1267 1110 1282 ‹‹
1125 1258 1222 1284 Petrus
1236 1266 1250 1282 η
1270 1277 1277 1289 ,
1293 1256 1385 1283 minor
1399 1261 1470 1283 esset
1496 1265 1502 1284 :
1519 1261 1567 1284 aut
1582 1257 1644 1284 ﬁliis
1661 1259 1708 1284 Ze-

50 1300 109 1327 τῶν
124 1300 187 1327 υἱῶν
212 1297 359 1328 Ζεϐεδαίου
371 1321 380 1337 ,
404 1297 638 1336 ἐπονομασθέντων
663 1298 827 1338 Βοανεργὲς,
845 1299 859 1327 ὅ

51 1345 129 1377 ἐστι,
143 1357 154 1369 ιι
173 1344 223 1372 υἱοὶ
239 1345 358 1383 βροντῆς.
374 1354 387 1370 ι

98 1400 114 1414 ιι
132 1388 241 1420 Δοῦλος.
261 1401 273 1412 ››
293 1387 392 1417 Πολλοὶ
419 1387 537 1421 δουλείας
563 1388 666 1427 τρόποι.
691 1387 726 1417 Ὀ
742 1388 796 1417 ἀπὸ
810 1390 858 1423 τῆς

51 1432 247 1472 δημιουργίας,
274 1433 333 1461 καθ’
351 1431 399 1467 ὃν,
430 1443 444 1460 ι
461 1432 504 1461 Τὰ
526 1432 614 1461 πάντα
638 1433 718 1461 δοῦλα
742 1432 784 1461 σά·
810 1445 823 1460 γι
843 1434 857 1461 ὁ

53 1477 111 1506 ἀπὸ
127 1479 176 1512 τῆς
198 1476 328 1513 πίστεως,
354 1475 412 1505 καθ’
438 1475 466 1505 δν
491 1476 603 1516 εἴρηται-
631 1490 645 1504 α
659 1476 724 1506 αὈτι
739 1477 857 1512 ὑπηκού-

53 1533 121 1550 σατε
146 1523 182 1555 εἷς
209 1521 238 1550 ὃν
262 1521 426 1560 παρεδόθητε
450 1521 532 1550 τύπον
561 1522 689 1562 διδαχῆς·
707 1523 720 1550 ὁ
743 1522 796 1551 αὶπὸ
809 1524 856 1556 τῆς

54 1565 211 1602 πολιτείας,
235 1566 293 1594 καθ’
307 1565 335 1595 ὃν
350 1566 396 1594 καὶ
414 1567 515 1600 Μωσῆς
538 1566 660 1605 θεράπων
677 1568 758 1596 Θεοῦ.
779 1566 855 1596 Κατὰ

54 1611 159 1644 πάντας
175 1606 218 1640 οὖν
234 1610 338 1644 τούτους
358 1610 417 1644 τοὺς
431 1610 561 1651 τρόπους,
585 1611 673 1644 δοῦλος
689 1613 702 1640 ὁ
719 1612 836 1644 Παῦλος.

102 1758 116 1774 ιι
137 1746 228 1782 Ἰησοῦ
246 1747 374 1786 Χριστοῦ.
396 1758 411 1772 ι
429 1745 472 1775 Τὰ
495 1748 543 1781 τῆς
564 1746 716 1784 οἰκονομίας
737 1745 855 1783 ὀνόματα

54 1790 255 1830 προϐάλλεται,
271 1791 324 1819 ἀπὸ
345 1792 398 1819 τῶν
414 1791 531 1820 κάτωθεν
557 1791 600 1820 ἐπὶ
616 1791 650 1819 τὰ
667 1790 722 1819 ἄνω
742 1790 855 1829 ἀνατρέ-

53 1847 124 1875 χων.
140 1836 195 1866 Καὶ
211 1835 263 1874 γὰρ
278 1834 346 1873 μετᾶ
369 1834 416 1871 τὴν
437 1835 587 1873 σάρκωσιν,
603 1834 708 1869 Ἰησοῦς
727 1834 773 1864 καὶ
791 1836 856 1875 Χρι-

57 1881 129 1913 στός.
165 1880 296 1919 Ἐχρίσθη
324 1879 392 1918 γὰρ,
420 1880 502 1919 ἐλαίῳ
531 1879 579 1917 μὲν
611 1880 805 1919 οὖδαμῶς,τῷ
831 1879 858 1908 δὲ

57 1925 126 1965 ἁγίῳ
159 1925 318 1961 Πνεύματν
357 1924 372 1953 ὃ
400 1924 446 1953 καὶ
474 1924 632 1964 κυριώτερον
668 1925 775 1957 πάντως
812 1927 859 1953 τοῦ

58 1971 160 1999 ἐλαίου.
196 1968 263 1998 Ὀτι
281 1968 307 1999 δὲ
332 1971 377 1998 καὶ
397 1968 479 2008 χωρὶς
499 1972 546 1998 τοῦ
562 1969 652 1998 ἐλαίου
667 1969 753 2008 χρίσις
770 1968 857 2005 ἐστὶν,

58 2016 84 2044 ἐν
108 2014 181 2053 μόνῳ
195 2015 233 2053 τῷ
258 2013 408 2051 Πνεῦματι,
432 2013 553 2043 ἄκουσον·
573 2026 588 2042 ιι
606 2013 653 2048 Μὴ
676 2014 788 2042 ἅπτεσθε
805 2015 856 2042 τῶν

59 2060 176 2098 χριστῶν
197 2070 257 2096 μου-
281 2072 293 2084 ιο
308 2058 369 2097 περὶ
380 2060 432 2087 τῶν
446 2058 498 2097 πρὸ
510 2062 555 2088 τοῦ
569 2058 650 2096 νόμου
665 2057 716 2098 γὰρ
732 2059 746 2087 ὁ
762 2058 836 2097 λόγος
847 2080 856 2095 ,

57 2104 100 2132 ὅτι
115 2103 175 2132 οὐδὲ
194 2102 277 2141 ὄνομα
295 2104 340 2138 τῆς
353 2104 400 2132 τοῦ
414 2102 502 2132 ἐλαίου
522 2103 637 2143 χρίσεως
651 2098 694 2138 ἦν.

99 2204 113 2221 «
131 2192 245 2229 Κλητός.
272 2203 286 2220 ι)
307 2192 556 2233 Ταπεινοφροσιξνης
582 2192 612 2221 τὸ
631 2194 713 2233 ῥῆμα·
738 2193 858 2222 δείκνυσι

60 2238 110 2278 γὰρ
120 2261 128 2274 ,
146 2237 188 2267 ὅτι
204 2238 251 2266 οὐκ
265 2236 342 2270 αὐτὸς
357 2236 476 2272 ζητήσας
489 2232 573 2277 ιῧριν,
589 2236 665 2278 ἀλλὰ.
682 2237 786 2273 κληθεὶς
802 2249 857 2266 πα-

62 2274 191 2323 ρεγίνετο.
519 2274 525 2277 1
654 2274 665 2283 ’

103 2339 119 2354 ιι
140 2326 310 2359 Ἀπόστολος.
326 2337 340 2355 ιι
359 2327 446 2356 Τοῦτο
459 2325 559 2356 τέθεικε
579 2326 644 2367 πρὸς
658 2326 858 2362 ἃντιδιαστολὴν

62 2373 112 2400 τῶν
127 2371 224 2410 ἐτέρων
249 2373 364 2406 κλητῶν.
384 2370 438 2401 Καὶ
461 2371 558 2404 πάντες
581 2372 629 2406 μὲν
649 2371 700 2411 γὰρ
715 2373 739 2400 οἱ
756 2371 859 2406 πιστοὶ,

61 2416 162 2452 κλητοί-
179 2416 238 2444 ἀλλ’
265 2417 358 2444 ἐκεῖνοι
382 2415 449 2454 μὲν,
475 2417 554 2455 μέχρι
577 2418 623 2445 τοῦ
639 2419 790 2446 πιστεῦσαι·
807 2415 860 2454 ἐγὼ

62 2462 104 2497 δὲ,
119 2460 202 2502 φησὶ,
215 2460 260 2489 καὶ
275 2461 322 2496 τὴν
339 2461 489 2495 ἀποστολὴν
511 2460 689 2500 ὶνεχειρίσθην
702 2483 709 2497 ,
731 2461 764 2495 ἣν
786 2461 832 2490 καὶ
845 2462 858 2489 ὁ

63 2505 176 2545 Χριστὸς
207 2504 401 2545 ἐγκεχείριστο,
429 2505 505 2545 παρὰ
538 2508 583 2535 τοῦ
609 2505 714 2546 Πατρὸς
740 2506 859 2534 ἀποστα-

63 2550 124 2584 λείς.

105 2606 119 2623 ι
134 2594 328 2634 Ἁφωρισμένος
345 2597 381 2628 εἶς
396 2595 560 2634 Εὖαγγέλιον
576 2595 658 2626 Θεοῦ.
675 2607 691 2623 ι
707 2593 861 2632 Τουτέστιν,

65 2639 330 2679 Ἀποκειιληρωμένος
348 2641 384 2674 εἰς
400 2639 448 2676 τὴν
465 2643 511 2669 τοῦ
527 2639 692 2678 Εὖαγγελίου
707 2638 855 2669 διακονίαν.

69 2685 119 2715 Καὶ
144 2684 232 2717 ἄλλως
257 2684 302 2721 δὲ,
327 2684 374 2721 τὸ,
404 2696 418 2714 ιι
443 2684 653 2726 Ἀφωρισμένος,
678 2696 693 2712 ι
711 2683 769 2713 ἀντὶ
793 2686 857 2719 τοῦ,

68 2728 269 2770 Προωρισμένος
284 2730 319 2763 εἷς
334 2731 421 2759 τοῦτο·
443 2731 479 2762 ὡς
500 2729 546 2759 καὶ
568 2729 634 2769 πρὸς
656 2728 789 2769 Ἰερεμίαν
805 2740 858 2769 φη-

912 1304 1011 1337 bedzei,
1034 1303 1081 1338 qui
1096 1304 1259 1337 Boanerges,
1275 1301 1302 1329 id
1317 1305 1367 1334 est,
1386 1311 1398 1326 α
1415 1301 1475 1329 Filii
1488 1301 1612 1335 tonitrui,
1631 1311 1646 1328 ι
1661 1310 1710 1329 co—

912 1348 1065 1386 gnominati
1085 1346 1173 1375 fuere.

951 1404 964 1419 α
989 1395 1095 1420 Servus.
1123 1401 1137 1416 ι)
1165 1390 1306 1418 Servitutis
1330 1391 1408 1418 multi
1434 1394 1498 1418 sunt
1518 1390 1603 1419 modi.
1631 1391 1710 1419 Alius

911 1437 1023 1474 quidem
1037 1437 1071 1464 ab
1087 1435 1194 1471 opiﬁcio
1209 1440 1237 1463 et
1247 1436 1395 1468 creatione.
1411 1435 1561 1463 secundum
1574 1444 1655 1471 quem
1669 1436 1709 1464 di-

911 1484 983 1511 citur
999 1492 1005 1510 :
1024 1492 1037 1508 «
1053 1481 1153 1510 Omnia
1167 1480 1214 1508 tibi
1229 1481 1352 1508 serviunt
1363 1483 1408 1514 a';
1427 1491 1440 1506 ιι
1452 1482 1546 1509 aliusa
1557 1481 1620 1514 ﬁde,
1631 1481 1709 1517 juxta

910 1536 995 1565 quem
1010 1527 1117 1555 dictum
1142 1529 1184 1554 est
1207 1535 1214 1553 :
1233 1536 1246 1551 ιι
1261 1526 1398 1562 Quoniam
1414 1526 1565 1559 obediistis,
1589 1526 1614 1553 in
1628 1534 1709 1562 quam

911 1573 1002 1600 traditi
1027 1571 1103 1603 estis.
1120 1570 1239 1598 formam
1259 1570 1393 1598 doctrina:
1407 1570 1439 1604 h;
1453 1581 1466 1595 ι)
1482 1571 1550 1598 alius
1565 1579 1579 1598 a
1592 1571 1655 1598 vitae
1667 1571 1709 1598 in-

910 1618 1010 1645 stituto
1035 1624 1111 1652 :quo
1126 1615 1209 1643 modo
1228 1616 1318 1642 Moses
1338 1615 1426 1643 dictus
1441 1620 1482 1643 est
1504 1615 1623 1643 famulus
1649 1615 1707 1643 Dei.

910 1661 1029 1689 Proinde
1061 1660 1150 1688 modis
1189 1659 1232 1687 his
1258 1660 1388 1687 omnibus
1421 1660 1520 1687 Paulus
1554 1659 1710 1688 nominatur

908 1715 936 1734 se
939 1714 1001 1734 l'VllS
1005 1728 1012 1734 .

947 1761 961 1777 ei
973 1752 1036 1779 Jesu
1051 1750 1162 1778 Christi.
1180 1760 1194 1775 η
1209 1750 1390 1778 OEconomiie
1401 1754 1428 1777 et
1437 1749 1646 1785 dispensationis
1657 1758 1708 1778 no-

911 1796 985 1823 mina
1005 1795 1149 1831 praeponit,
1172 1795 1206 1822 ab
1221 1794 1396 1822 inferioribus
1415 1794 1449 1821 ad
1464 1794 1600 1829 superiora
1616 1803 1708 1822 rectir-

913 1848 983 1868 rens.
1010 1840 1120 1867 Etenim
1147 1843 1209 1874 post
1226 1838 1454 1871 incarnationem,
1476 1839 1563 1869 Jesus,
1579 1843 1606 1866 et
1627 1839 1707 1867 Chri-

913 1889 982 1917 stus,
1008 1884 1034 1912 id
1055 1889 1104 1917 est,
1124 1885 1241 1915 Unctus,
1261 1883 1349 1910 dictus
1363 1886 1404 1910 est
1427 1887 1548 1910 :unctus
1567 1883 1641 1910 enim
1656 1888 1708 1916 est,

915 1929 1127 1966 haudquaquam
1142 1928 1213 1962 oleo,
1231 1927 1278 1955 sed
1292 1927 1392 1963 Spiritu
1406 1931 1511 1960 sancto,
1527 1927 1573 1963 qui
1589 1927 1649 1954 oleo
1670 1933 1710 1955 est

906 1974 1028 2002 'omnino
1052 1972 1206 2009 pretiosior.
1230 1973 1317 2000 Porro
1337 1971 1408 2008 quod
1435 1972 1529 1999 unctio
1544 1972 1628 1999 etiam
1651 1973 1710 2000 sine

913 2018 974 2047 oleo
996 2019 1043 2052 sit,
1059 2026 1106 2054 per
1120 2017 1250 2053 Spiritum
1273 2017 1374 2051 solum,
1389 2017 1453 2044 audi
1472 2025 1478 2044 :
1506 2027 1519 2042 «
1535 2017 1576 2044 Ne
1593 2017 1711 2052 tangatis

911 2068 1010 2092 unctos
1026 2071 1102 2091 meos
1115 2089 1127 2103 ρ
1139 2084 1146 2091 .
1162 2072 1175 2088 ι)
1189 2061 1269 2097 Quod
1282 2062 1408 2095 verbum,
1427 2061 1460 2089 de
1473 2062 1515 2092 iis,
1529 2061 1577 2097 qui
1590 2065 1652 2088 ante
1670 2061 1710 2089 le-

862 2110 865 2111 ⁷
912 2117 974 2144 gem
986 2108 1073 2142 fuere,
1089 2107 1280 2143 accipiendum
1295 2111 1346 2140 est,
1361 2114 1415 2141 quo
1433 2111 1558 2141 tempore
1573 2106 1712 2134 unctionis

912 2162 960 2190 per
975 2153 1067 2182 oleum
1092 2161 1127 2180 ne
1141 2160 1242 2180 nomen
1256 2151 1366 2187 quidem
1383 2151 1515 2179 innotuit.

951 2208 965 2225 (ι
988 2199 1122 2226 Vocatus.
1141 2207 1155 2223 io
1173 2197 1292 2224 Humilis
1306 2201 1333 2224 et
1348 2196 1466 2224 modesti
1483 2196 1568 2224 animi
1584 2196 1636 2224 hoc
1651 2203 1711 2223 ver-

914 2243 979 2271 bum
993 2247 1044 2271 est.
1061 2242 1167 2270 Iudicat
1184 2241 1257 2269 enim
1275 2241 1349 2277 quod
1364 2249 1420 2268 nou
1436 2241 1493 2277 ipse
1507 2240 1656 2276 quaerendo
1669 2240 1711 2268 in-

913 2287 1028 2320 venerit,
1044 2286 1092 2315 sed
1108 2290 1220 2314 vocatus
1233 2286 1386 2313 accesserit.

952 2342 967 2358 (ι
989 2332 1147 2367 Apostolus.
1165 2341 1179 2357 ν
1197 2332 1257 2358 Hoc
1272 2331 1364 2366 posuit
1378 2329 1412 2358 ad
1434 2329 1549 2357 aliorum
1564 2330 1712 2358 discrimen

915 2377 961 2414 qui
976 2376 1065 2404 vocati
1089 2380 1162 2404 sunt.
1180 2375 1291 2403 Etenim
1315 2375 1408 2403 tidcles
1422 2383 1529 2407 omnes,
1547 2375 1634 2402 vocati
1652 2384 1659 2402 :
1685 2380 1714 2402 at

913 2421 996 2449 illiad
1011 2421 1182 2449 credendum
1197 2420 1331 2447 duntaxat
1349 2428 1355 2447 :
1370 2419 1438 2447 Mihi
1454 2428 1529 2453 vero,
1541 2419 1638 2456 inquit,
1649 2427 1713 2447 mu-

910 2466 984 2494 neris
1004 2465 1147 2501 apostolici
1169 2465 1282 2496 fuuctio,
1304 2472 1351 2492 seu
1374 2464 1472 2499 legatio
1499 2465 1646 2492 commissa
1661 2469 1712 2497 est,

914 2519 976 2548 qua:
989 2515 1018 2539 et
1031 2510 1150 2544 Christo,
1165 2518 1229 2538 cum
1244 2517 1259 2538 a
1271 2510 1350 2537 Patre
1371 2509 1536 2543 mitteretur,
1550 2509 1712 2537 concredita

915 2560 983 2584 erat.

959 2610 973 2627 α
987 2601 1150 2637 Segregatus
1165 2600 1193 2628 in
1210 2599 1389 2636 Evangelium
1402 2599 1469 2635 .Dci.
1489 2611 1501 2624 1
1516 2600 1576 2627 Hoc
1595 2601 1647 2632 est,
1666 2599 1714 2626 Se-

921 2646 1007 2674 lectus
1031 2645 1066 2674 ad
1092 2645 1231 2682 Evangelii
1255 2645 1445 2672 ministerium.
1469 2643 1557 2672 Aliter
1575 2646 1668 2670 autem
1689 2646 1716 2670 et

913 2702 928 2718 οι
951 2692 1126 2728 Segregatus,
1145 2700 1159 2716 η
1185 2698 1234 2726 pro
1248 2697 1291 2723 eo,
1306 2691 1334 2727 4
1349 2688 1423 2725 quod
1449 2692 1490 2716 est
1504 2687 1717 2728 Praedestinatus

913 2731 947 2760 ad
972 2727 1196 2767 hoc.'accipitur;
1219 2734 1250 2758 ut
1264 2738 1327 2758 cum
1351 2728 1388 2758 ad
1399 2728 1548 2757 Jeremiam
1564 2729 1639 2756 Deus
1653 2727 1692 2755 ait
1707 2735 1714 2753 :

99 2828 111 2841 ³
125 2826 136 2837 ·
162 2823 237 2852 Psal.
262 2830 371 2857 vatu.
398 2826 444 2852 9t.
466 2825 478 2842 δ
493 2824 577 2852 Rom.
594 2831 637 2858 vr,
653 2827 694 2851 17.
711 2825 722 2840 ε
738 2822 809 2851 Psal.
823 2830 855 2857 x,
873 2825 915 2850 15.
