1927 3076
224 168 274 196 339

731 164 989 192 THEOPHYLACTI
1007 164 1185 192 BUI.GARIZE
1203 165 1359 193 ARCHlEP.

1837 168 1885 195 340

225 240 239 256 ‹‹
255 230 418 266 Priusquam
433 229 520 257 exires
540 236 573 257 ex
587 228 702 257 matrice
722 227 889 256 sanctiﬁcavi
907 231 934 255 te
949 227 980 254 α.
1004 237 1017 253 »

1089 226 1116 256 "tv
1133 229 1147 256 6
1161 227 1236 260 Θεός·
1255 240 1270 255 ε(
1284 229 1340 268 Πρὸ
1354 232 1399 259 τοῦ
1415 241 1445 258 σε
1468 229 1578 263 ἐξελθεῖν
1594 230 1624 259 ἐκ
1639 229 1748 269 μήτρας
1761 251 1770 265 ,
1785 229 1887 268 ἠγίακά

224 275 384 310 Quinetiam
398 274 455 310 ipse
467 273 566 302 Paulus
576 273 640 301 alibi
654 273 692 301 ait
708 282 714 301 :
731 282 745 299 ι(
758 272 876 308 Quando
888 272 974 300 visum
987 276 1027 300 est

225 322 295 353 Deo,
310 319 357 356 qui
378 327 422 347 me
443 319 594 355 segregavit
608 326 639 346 ex
663 322 741 346 utero
757 318 854 346 matris
876 325 947 346 mea:
961 322 973 336 ε
987 339 993 345 .
1010 327 1024 343 ι)

225 366 312 393 Ροιτο
327 372 384 392 non
399 363 500 392 frustra
515 363 592 398 dicit,
622 373 635 389 «
650 365 772 392 Vocatus
787 371 860 398 sum,
883 367 912 391 et
934 370 1027 399 segre-

225 413 304 446 gatus
317 409 345 437 in
360 409 549 445 Evangelium.
577 420 590 434 ι)
607 408 747 444 Quoniam
771 416 834 436 vero
850 409 875 436 ei
893 407 927 435 ad
949 415 1025 435 arro-

226 458 320 490 gantes
334 461 427 482 sermo
442 457 510 487 erat,
526 453 604 481 illum
616 453 670 482 ﬁde
683 453 796 489 dignum
812 452 906 486 efﬁcit,
921 460 971 480 ceu
985 452 1026 480 di-

226 499 328 527 vinitus
353 499 480 527 missum.
511 498 691 534 Evangelium
716 502 808 526 autem
830 497 940 531 dicitur,
971 505 1026 525 non

226 543 314 572 solum
336 547 447 579 propter
460 543 531 571 bona
550 543 609 579 jam
636 546 757 578 peracta,
782 550 876 570 verum
891 542 974 570 etiam
991 542 1026 570 ob

227 588 328 616 futura.
351 588 514 616 Consolatur
536 587 647 623 insuper
671 586 826 615 auditorem
852 586 912 622 ipso
931 587 1026 614 statim

227 632 366 669 Evangelii
380 632 502 661 nomine.
516 633 579 660 Non
591 632 664 660 enim
677 631 768 660 tristia
781 631 923 667 quaedam,
937 631 1025 668 qualia

228 677 424 714 prophetarum
437 677 574 711 vaticinia,
598 677 646 705 sed
660 677 867 705 innumerorum
888 677 1026 704 bonorum

229 723 376 751 thesauros
394 722 570 759 Evangelium
585 721 785 757 complectitur.
802 721 918 754 Deinde,
934 722 1026 749 Evan-

230 768 330 804 gelium
347 767 399 795 hoc
422 767 474 795 Dei
489 771 539 799 est.
557 767 610 795 hoc
635 771 677 795 est
698 767 797 800 Patris,
821 770 881 794 tum
900 765 973 801 quod
993 765 1027 793 ab

229 813 290 848 ipso
314 811 449 840 donatum
474 812 520 847 sit,
548 816 608 840 tum
633 811 706 848 quod
731 811 821 847 ipsum
847 810 1026 838 manifestum

229 857 335 885 reddat.
362 857 420 885 Etsi
442 857 514 885 enim
540 857 566 884 in
586 855 677 884 Veteri
697 857 876 884 Testamento
901 855 1027 891 cognitus

230 906 299 935 erat,
319 902 385 930 solis
400 906 494 930 tamen
517 902 620 930 ludatis
638 905 699 929 erat
713 900 847 937 cognitus,
863 907 952 936 neque
974 900 1027 927 illis

1080 283 1120 302 σε.
1140 283 1154 301 ι)
1175 273 1230 302 Καὶ
1244 275 1258 302 6
1274 274 1379 308 Παῦλος
1393 273 1420 304 δὲ
1432 274 1508 308 αὐτὸς
1523 276 1642 314 ἀλλαχοῦ
1658 286 1742 315 φησιν
1758 287 1765 293 ·
1789 285 1806 303 α
1819 272 1886 304 Ὀτε

1079 316 1219 354 εὐδόκησεν
1242 319 1256 347 6
1273 318 1353 354 Θεὸς,
1371 321 1384 348 6
1407 319 1535 360 ἀφορίσας
1558 331 1590 358 με
1613 321 1643 349 ἐκ
1663 319 1773 353 κοιλίας
1791 320 1888 359 μητρός

1080 374 1141 400 μου.
1155 374 1168 392 ι)
1187 363 1228 392 Οὐ
1245 363 1331 401 μάτην
1345 363 1372 393 δὲ
1388 364 1477 403 λέγει,
1497 363 1538 393 ὅτι
1564 376 1578 393 (ι
1593 364 1697 401 Κλητός
1714 366 1798 403 εἶμι,
1814 376 1830 392 ιι
1845 364 1887 392 καὶ

1080 407 1119 436 ὅτι
1137 418 1151 436 α
1168 407 1360 448 Ἀφωρισμένος
1381 409 1417 442 εἷς
1432 409 1462 438 τὸ
1476 409 1651 448 Εὖαγγέλιον.
1671 420 1685 438 α
1697 408 1782 439 Ἀλλ’
1795 410 1888 444 ἐπειδῆ

1080 452 1145 492 πρὸς
1176 452 1305 487 ἀλαζόνας
1326 449 1357 489 ἦν
1375 456 1388 483 6
1411 453 1487 493 λόγος
1510 455 1599 494 αὐτῷ,
1625 453 1786 488 ἀξιόπιστον
1810 454 1888 483 αὐτὸν

1079 497 1168 536 ποιεῖ,
1189 500 1225 530 ὡς
1251 498 1335 527 θεόθεν
1355 498 1428 528 ὄντα.
1462 499 1624 538 Εὖαγγέλιον
1649 498 1677 528 δὲ
1704 499 1844 538 λέγεται,
1862 499 1888 527 οὖ

1080 541 1123 570 διὰ
1142 542 1176 572 τὰ
1192 542 1321 582 γενόμενα
1334 544 1420 582 ἀγαθὰ
1434 543 1513 582 μόνον
1524 566 1532 581 ,
1550 543 1619 573 ἀλλὰ
1634 543 1679 572 καὶ
1696 543 1744 572 διὰ
1763 543 1801 572 τὰ
1823 543 1888 582 μέλ-

1080 587 1171 617 λοντα.
1200 588 1404 628 Παραμυθεῖται
1427 587 1513 617 δὲκαὶ
1529 589 1573 617 τὸν
1591 587 1725 628 ἀκροατὴν
1748 587 1831 621 εὐθὺς
1847 587 1886 616 διὰ

1079 634 1124 660 τοῦ
1148 631 1286 670 ὀνόματος.
1315 633 1356 662 Οὖ
1377 632 1429 672 γὰρ
1446 632 1592 673 σκυθρωπά
1614 645 1693 670 τινα,
1711 628 1761 662 οἶα
1786 634 1822 662 τὰ
1837 635 1886 661 τῶν

1080 679 1241 717 προφητῶν,
1260 676 1328 706 ἀλλὰ
1348 677 1448 718 μυρίων
1476 678 1581 715 ἀγαθῶν
1607 678 1761 717 θησαυροὺς
1778 678 1790 694 ⁵
1808 689 1886 716 περι-

1081 719 1146 760 έχει.
1162 721 1203 752 Τὸ
1218 721 1245 751 δὲ
1261 722 1424 761 Εὖαγγέλιον
1444 726 1520 752 τοῦτο
1539 725 1586 752 τοῖί
1608 723 1679 752 Θεοῦ
1705 723 1786 761 ἐστι,
1809 734 1887 751 τουτ-

1081 765 1152 803 έστι,
1167 770 1212 796 τοῦ
1226 767 1345 807 Πατρὸς,
1360 767 1404 796 καὶ
1418 769 1453 800 ὡς
1468 767 1584 807 δωρηθὲν
1601 768 1664 806 παρ’
1676 768 1772 803 αὐτοῦ,
1789 766 1838 796 καὶ
1853 768 1886 798 ὡς

1080 810 1204 849 γνωρίζον
1219 812 1306 842 αὐτόν.
1332 813 1367 842 Εἰ
1380 811 1431 852 γὰρ
1453 811 1499 841 καὶ
1521 813 1548 841 ἐν
1569 814 1603 851 τῇ
1619 813 1731 850 Παλαιᾷ
1748 811 1884 851 ἔγνωστο,

1082 854 1140 883 ἀλλ’
1157 855 1290 889 Ἰουδαίοις
1313 856 1414 894 μόνοις·
1439 856 1484 885 καὶ
1500 856 1557 886 οὐδὲ
1579 856 1694 893 τούτοις,
1709 859 1747 890 ὣς
1774 856 1883 894 Πατήρ

1079 899 1186 939 ὕστερον
1212 900 1239 929 δὲ
1264 900 1305 930 διὰ
1328 903 1374 930 τοῦ
1400 900 1565 940 Εὖαγγελῖου
1588 900 1756 941 ἐξεκαλύφθη
1845 901 1882 928 οἷ-

229 947 304 983 ipsis,
320 951 350 974 ut
364 949 453 975 Pater.
473 948 570 975 Postea
584 954 647 974 vero
667 953 715 982 per
731 945 908 981 Evangelium
926 944 1026 973 revela-

1089 945 1197 985 ιουμένῃ
1213 945 1288 985 πάσῃ
1299 968 1307 984 ,
1323 945 1392 984 μετὰ
1413 948 1458 975 τοῦ
1478 947 1554 976 Υἳοῧ.

229 995 274 1020 tus
291 996 332 1020 est
346 991 472 1020 universo
491 995 627 1020 terrarum
641 991 711 1026 orbi,
728 999 782 1019 una
797 998 860 1018 cum
875 990 944 1019 Filio
964 997 1024 1018 suo.

268 1060 357 1088 Vsus.
373 1062 399 1087 2.
416 1070 430 1083 σι
446 1058 528 1095 Quod
544 1064 624 1087 antea
638 1058 804 1094 promiserat
817 1066 866 1094 per
881 1057 1028 1094 prophetas

229 1112 303 1133 suos.
319 1115 332 1131 »
349 1105 419 1132 Cum
432 1108 568 1140 tanquam
582 1111 693 1137 novam,
710 1103 933 1139 prazdicationem
952 1102 1025 1130 illam

229 1149 371 1186 Evangelii
380 1149 624 1183 calumniarentur,
634 1148 806 1177 demonstrat
818 1147 871 1175 hoc
883 1147 973 1183 ipsum
984 1147 1027 1175 vel

230 1194 333 1223 Graecis
348 1194 414 1229 (sive
437 1193 575 1230 gentibus)
593 1193 734 1229 antiquius
747 1201 816 1227 esse,
831 1193 898 1220 etin
913 1191 1028 1228 prophe-

229 1239 264 1267 tis
282 1239 341 1275 jam
365 1242 444 1267 antea
459 1238 650 1275 perscriptum.
666 1238 802 1265 Prmterea
825 1237 916 1273 ipsum
940 1238 1027 1264 Evan-

230 1284 291 1321 gelii
317 1283 481 1311 vocabulum
503 1283 531 1311 in
547 1282 651 1311 Davide
666 1282 812 1316 invenitur,
827 1282 895 1310 dum
916 1281 1003 1318 inquit
1020 1291 1026 1309 :

233 1338 247 1354 α
267 1329 406 1356 Dominus
419 1328 496 1356 dabit
513 1328 626 1356 verbum
653 1326 910 1363 evangelizantibus,
929 1327 1028 1354 virtute

230 1374 317 1402 multa
339 1369 357 1401 ί.
383 1383 397 1399 »
419 1374 454 1400 Et
478 1373 506 1400 in
529 1373 597 1400 lsaia
623 1381 629 1400 :
649 1382 663 1398 (ι
688 1373 777 1408 Quam
806 1371 920 1408 speciosi
945 1370 1028 1407 pedes

230 1418 473 1455 evangelizantium
486 1424 581 1454 pacem
597 1422 610 1440 Β
622 1438 629 1445 .
651 1427 664 1444 »

267 1496 282 1512 «
306 1488 339 1514 In
361 1485 508 1521 Scripturis
531 1484 644 1512 sanctis.
664 1494 678 1510 »
697 1485 758 1512 Non
772 1483 845 1512 enim
860 1483 939 1511 verba
954 1483 1026 1511 dun-

229 1535 306 1559 taxat
324 1530 464 1567 pr0phetae
478 1529 611 1563 fecerunt,
631 1529 679 1557 sed
704 1533 732 1557 et
746 1528 841 1556 litteris
862 1529 1028 1557 mandarunt

231 1582 292 1609 sua,
317 1583 350 1603 ac
369 1582 416 1611 per
430 1582 474 1602 res
487 1574 640 1610 ﬁgurarunt
661 1583 668 1601 :
684 1572 924 1610 quemadmodum
940 1573 1029 1601 Abra-

231 1619 297 1647 ham
321 1627 369 1655 per
389 1621 525 1652 lsaacum,
541 1623 569 1646 et
592 1619 685 1646 Moses
711 1626 759 1654 per
776 1622 943 1654 serpentem,
969 1627 1030 1646 ma-

230 1671 373 1700 nuumque
388 1663 586 1697 extensionem,
602 1664 721 1699 agnique
735 1663 942 1691 mactationem.
965 1664 1029 1691 Ete-

232 1709 288 1737 nim
303 1717 369 1737 cum
379 1707 464 1736 ardua
480 1707 617 1744 quapiam
629 1708 776 1736 moliturus
791 1712 831 1735 est
841 1709 928 1742 Deus,
943 1708 1029 1736 multo

231 1753 329 1782 eadem
337 1757 399 1781 ante
408 1757 535 1789 tempore
545 1753 714 1781 vaticinatur
724 1762 757 1782 ac
769 1753 899 1790 praedicit.
911 1753 1029 1788 Quando

232 1807 298 1835 ergo
313 1799 351 1826 ait
364 1797 438 1834 quod
455 1807 461 1826 :
481 1808 495 1825 «
519 1799 599 1827 Multi
622 1799 764 1834 prophetae
780 1799 926 1834 cupierunt
940 1798 1030 1826 videre

232 1851 294 1880 quae
309 1843 415 1877 videtis,
430 1847 457 1872 et
470 1851 527 1871 non
539 1843 666 1872 viderunt
679 1843 691 1861 ιι
705 1853 711 1871 :
730 1853 743 1870 ))
759 1843 812 1872 hoc
830 1843 904 1878 dicit,
918 1851 1028 1880 nempe,

231 1888 304 1925 quod
326 1896 438 1916 carnem
466 1888 541 1916 illam
563 1896 643 1916 suam
670 1896 727 1916 non
755 1888 882 1922 viderint,
905 1888 1030 1924 adeoque

230 1933 307 1970 signa
326 1933 394 1970 ipsa,
410 1941 471 1970 quae
483 1933 605 1969 ipsorum
620 1933 706 1961 oculis
718 1932 828 1961 fuerant
841 1933 973 1968 exposita.

266 2002 356 2030 Vnus.
371 2005 398 2030 3.
414 2011 427 2027 «
445 2003 487 2029 De
505 2001 576 2029 Filio
591 2008 652 2036 suo,
667 2001 713 2036 qui
729 2005 812 2028 natus
825 2004 867 2028 est
881 2008 913 2028 ex
926 2001 1030 2028 semine

231 2046 319 2074 David
333 2045 485 2074 secundum
505 2053 627 2073 carnem.
642 2056 656 2072 )›
674 2045 727 2072 Hic
742 2044 881 2080 perspicue
897 2045 964 2073 duas
984 2053 1030 2082 ge-

232 2092 389 2120 nerationes
403 2090 561 2119 manifestat
578 2099 584 2118 :
596 2098 645 2126 per
657 2089 710 2117 hoc
720 2089 795 2117 enim
810 2089 883 2125 quod
897 2090 943 2123 ait,
959 2100 972 2117 «
989 2092 1029 2118 De

234 2137 300 2165 Filio
315 2136 384 2173 ejus,
409 2147 422 2160 ››
440 2135 492 2164 hoc
504 2139 546 2163 est
557 2134 617 2166 Dei,
633 2142 781 2170 supernam
802 2135 1006 2170 generationem
1020 2145 1026 2163 :

232 2189 279 2218 per
294 2181 346 2209 hoc
358 2184 450 2208 autem
466 2179 539 2216 quod
554 2179 679 2215 apponit,
699 2188 712 2205 ‹‹
728 2180 769 2207 Ex
782 2179 886 2207 semine
900 2180 995 2213 David,
1012 2191 1024 2205 η

230 2226 387 2254 inferiorem
402 2225 483 2252 hanc.
500 2223 641 2260 Adjiciens
656 2231 749 2260 porro,
769 2225 950 2253 «Secundum
970 2233 1027 2253 car-

231 2279 306 2302 nem,
331 2281 344 2297 ››
366 2269 494 2298 indicavit
511 2268 586 2304 quod
606 2273 633 2296 et
646 2269 798 2297 secundum
819 2270 944 2306 spiritum
958 2270 1029 2306 cius-

230 2316 295 2344 dem
315 2316 351 2343 sit
373 2314 523 2350 generatio.
549 2314 682 2350 Quocirca
697 2322 752 2341 non
773 2314 807 2342 de
830 2315 905 2343 nudo
918 2319 946 2343 et
960 2315 1028 2343 sim-

233 2361 296 2397 plici
321 2360 435 2388 homine
460 2360 638 2396 Evangelium
659 2360 712 2388 hoc
731 2364 771 2388 est
795 2369 884 2389 :nam
900 2361 933 2390 de
960 2361 1030 2389 Filio

232 2405 283 2433 Dei
295 2409 351 2440 est;
374 2412 463 2440 neque
483 2404 516 2433 de
536 2404 612 2432 nudo
633 2409 661 2433 et
683 2405 798 2441 simplici
814 2407 874 2434 Deo
891 2415 897 2433 :
914 2414 978 2434 nam
997 2406 1031 2434 de

230 2453 298 2478 nato
320 2457 352 2477 ex
377 2449 481 2477 semine
504 2449 615 2477 Davidis
638 2450 790 2478 secundum
805 2458 927 2485 carnem;
944 2451 980 2478 ita
1003 2455 1032 2478 ut

231 2494 306 2522 idem
322 2494 358 2522 sit
374 2497 535 2530 utrumque,
546 2502 645 2530 nempe
655 2499 682 2522 et
694 2494 780 2522 Filius
790 2495 841 2522 Dei
852 2499 880 2522 et
890 2494 962 2523 ﬁlius
977 2497 1029 2523 Da-

231 2538 310 2567 vidis.
347 2541 378 2567 In
413 2543 557 2574 posterum
585 2539 678 2575 itaque
705 2539 849 2567 Nestorius
876 2539 1028 2568 erubescat.

230 2583 422 2613 Generationis
439 2587 531 2612 autem
545 2583 614 2620 ejus,
631 2591 692 2620 qua:
708 2583 733 2619 5
749 2588 791 2611 est
803 2584 954 2612 secundum
975 2592 1033 2613 car-

227 2637 303 2665 nem.
326 2628 455 2658 meminit
474 2629 558 2657 etiam
585 2628 647 2663 iste,
664 2628 774 2664 perinde
788 2637 819 2657 ac
835 2633 889 2657 tres
915 2638 1031 2667 evange-

264 2707 276 2725 τι
293 2707 395 2735 Jerem.
410 2713 434 2734 ι.
461 2709 488 2741 5,
505 2708 516 2722 θ
529 2705 618 2734 Galat.
657 2713 669 2733 1
694 2708 735 2734 15.
757 2705 766 2724 τ
783 2706 854 2734 Psal.
874 2715 970 2740 van,
990 2710 1032 2736 13.

1124 1059 1139 1074 (ι
1160 1046 1199 1077 ⁸0
1214 1046 1447 1087 προεπηγγείλατο
1463 1046 1505 1076 διὰ
1520 1047 1572 1076 τῶν
1588 1049 1734 1088 προφητῶν
1756 1048 1852 1076 αὑτοῦ.
1866 1057 1879 1074 ι)

1080 1091 1192 1127 Ἐπειδὴ
1209 1093 1244 1125 ὡς
1261 1091 1348 1121 καινὸν
1365 1091 1504 1121 διέϐαλλον
1521 1092 1552 1122 τὸ
1573 1091 1700 1132 κήρυγμα
1713 1114 1722 1130 ,
1752 1091 1883 1121 δείκνυσιν

1082 1135 1146 1165 αὐτὶ
1170 1136 1348 1176 πρεσϐύτερον
1370 1136 1399 1166 ὂν
1421 1137 1466 1166 καὶ
1488 1136 1645 1174 Ἑλλήνων,
1670 1137 1716 1166 καὶ
1739 1138 1768 1166 ἐν
1786 1135 1884 1176 προφήν

1081 1193 1140 1215 ταις
1172 1182 1442 1221 προδιαγραφόμενον·
1473 1182 1518 1211 καὶ
1543 1183 1630 1215 αὐτοῖς
1654 1182 1681 1211 δὲ
1702 1182 1811 1222 ῥήμασι
1842 1183 1882 1210 τοῦ

1081 1226 1244 1264 Εὖαγγελίου
1260 1226 1290 1255 τὸ
1317 1226 1401 1265 ὄνομα
1428 1226 1581 1266 εὓρίσκεται
1602 1228 1628 1256 ἐν
1653 1225 1762 1263 Δαυῒδ,
1780 1227 1817 1259 ὡς
1840 1225 1880 1260 τὸ,

1086 1283 1098 1299 ιι
1116 1270 1213 1311 Κύριος
1240 1271 1320 1300 δώσει
1342 1273 1415 1311 ῥῆμα
1438 1276 1492 1304 τοῖς
1517 1271 1780 1310 εὖαγγελιζομένοις,
1811 1270 1883 1299 δυνά-

1084 1327 1127 1354 μει
1144 1315 1156 1333 ⁸
1171 1317 1257 1356 πολλῇ
1272 1327 1277 1334 ·
1295 1316 1340 1345 καὶ
1365 1318 1391 1346 ἐν
1416 1314 1517 1356 ἹΙσαῖᾳ
1529 1339 1536 1352 ,
1565 1329 1580 1344 «
1594 1316 1642 1349 Ὡς
1655 1318 1751 1356 ὡραῖοι
1765 1317 1790 1346 οἱ
1807 1315 1880 1346 πόδες

1082 1363 1134 1390 τῶν
1147 1361 1389 1400 εὐαγγελιζομένων
1405 1361 1527 1401 εἰρήνηνέ
1542 1374 1555 1390 in

1126 1462 1139 1479 α
1155 1452 1200 1481 Ἐν
1218 1452 1337 1491 Γραφαῖς
1353 1451 1450 1490 ἁγίαις.
1470 1463 1484 1479 ι)
1503 1451 1543 1481 Οὖ
1559 1450 1609 1491 γὰρ
1632 1451 1723 1489 ἔλεγον
1740 1451 1765 1480 οἱ
1781 1452 1880 1489 προφῆ-

1083 1507 1126 1524 ται
1145 1495 1242 1534 μόνον,
1266 1495 1336 1524 ἀλλὰ
1363 1496 1408 1524 καὶ
1433 1495 1564 1536 ἔγραφον,
1587 1495 1632 1524 καὶ
1653 1494 1696 1524 διὰ
1715 1494 1879 1535 πραγμάτων

1085 1539 1196 1570 ἐτύπουν
1210 1553 1216 1559 ·
1231 1543 1264 1574 ὡς
1276 1540 1401 1581 Ἀϐραὰμ
1417 1540 1460 1569 διὰ
1474 1543 1519 1569 τοῦ
1535 1540 1644 1575 Ἰσαὰκ,
1662 1540 1709 1569 καὶ
1729 1542 1743 1569 6
1764 1541 1880 1574 Μωϋσῆς

1049 1579 1071 1610 C
1086 1584 1130 1614 διὰ
1153 1587 1198 1614 τοῖ’)
1222 1585 1325 1626 ὄφεως,
1353 1586 1461 1621 καὶτῆς
1485 1586 1536 1614 τῶν
1561 1587 1659 1625 χειρῶν
1675 1585 1826 1620 ἐκτάσεως⁵
1842 1582 1881 1612 καὶ

1085 1632 1131 1665 τῆς
1148 1632 1195 1659 τοῦ
1211 1631 1295 1667 ἀμνοῦ
1310 1632 1424 1670 σφαγῆς.
1451 1630 1504 1660 Καὶ
1518 1630 1570 1669 γὰρ
1588 1630 1651 1659 ὅταν
1667 1631 1754 1669 μέλλῃ
1777 1628 1879 1668 μεγάλα

1083 1674 1140 1704 τινὰ
1153 1675 1358 1709 κατασκευάζειν
1376 1680 1386 1699 7
1403 1678 1416 1704 6
1433 1676 1514 1710 Θεὸς,
1531 1675 1582 1714 πρὸ
1600 1676 1705 1704 πολλῶν
1730 1674 1801 1703 αὐτὰ
1817 1685 1880 1712 προ-

1086 1723 1216 1761 αναφωνεῖ
1231 1720 1343 1760 χρόνων.
1370 1722 1401 1750 Εἰ
1427 1715 1471 1749 οἷν
1487 1720 1500 1739 ⁸
1515 1720 1560 1749 καὶ
1579 1719 1672 1759 λέγει,
1689 1719 1730 1748 δτι
1749 1731 1763 1748 ε
1782 1717 1879 1749 Πολλοὶ

1085 1767 1218 1806 προῃῆται
1245 1765 1416 1803 ἐπεθύμησαν
1447 1766 1511 1795 ἰδεῖν
1549 1765 1566 1794 ἃ
1593 1765 1724 1804 βλέπετε,
1755 1763 1802 1794 καὶ
1837 1763 1879 1792 οὐκ

1084 1806 1167 1847 εἶδον,
1179 1824 1190 1837 ιο
1204 1810 1293 1846 Αὐτὴν
1305 1809 1351 1846 τὴν
1367 1809 1471 1849 σάρκα,
1488 1810 1566 1850 φησὶν
1576 1833 1583 1847 ,
1601 1811 1648 1840 οὐκ
1664 1804 1743 1846 εἶδον,
1757 1810 1804 1838 καὶ
1817 1806 1878 1837 αὖτᾶ

1085 1855 1129 1885 ἐπὶ
1143 1857 1195 1884 τῶν
1208 1855 1292 1896 ὄψεων
1303 1855 1337 1884 τὰ
1351 1859 1459 1893 σημεῖα.

1130 2009 1143 2027 (ι
1161 1999 1229 2038 Περὶ
1243 2001 1288 2028 τοῦ
1305 2000 1370 2029 Υἱοῖὶ
1389 2000 1471 2028 αὑτοῦ
1487 2002 1533 2028 τοῦ
1558 1998 1699 2038 γενομένου
1714 1999 1746 2027 ἐκ
1761 1997 1878 2037 σπέρμα-

1084 2056 1126 2077 τος
1154 2040 1239 2074 Δαυῒδ
1264 2044 1333 2073 κατὰ
1363 2043 1459 2083 σάρκα.
1487 2055 1502 2073 ›)
1533 2043 1669 2073 Ἐνταῦθα
1691 2043 1812 2083 φανερῶς
1837 2040 1878 2072 τὰς

1084 2090 1129 2118 δύο
1151 2089 1284 2127 γεννήσεις
1309 2090 1393 2124 δηλοῖ’
1421 2090 1447 2118 ἐν
1463 2088 1511 2127 μὲν
1531 2090 1569 2124 τῷ
1596 2089 1697 2126 εἰπεῖν,
1715 2098 1730 2116 (ι
1746 2087 1816 2126 Περὶ
1835 2088 1877 2114 τοῦ

1086 2134 1150 2163 Υἱοῢ
1166 2135 1259 2169 αὑτοῦ,
1277 2145 1290 2161 n
1312 2133 1431 2163 τουτέστι
1447 2136 1492 2163 τοῦ
1509 2134 1579 2163 Θεοῦ
1591 2154 1599 2169 ,
1611 2132 1659 2168 τὴν
1676 2132 1732 2161 ἄνω
1747 2132 1874 2171 γέννησιν·

1083 2180 1109 2208 ἐν
1125 2178 1151 2208 δὲ
1170 2180 1208 2219 τῷ
1222 2179 1390 2218 προσθεῖναι,
1408 2190 1423 2205 α
1443 2178 1494 2207 Ἐκ
1510 2178 1661 2216 σπέρματος
1680 2173 1785 2212 Δαυῖδ,
1800 2187 1814 2204 »
1833 2173 1876 2209 τὴν

1085 2223 1166 2252 κάτω·
1182 2222 1304 2262 προσθεὶς
1322 2223 1348 2252 δὲ
1366 2223 1411 2252 καὶ
1426 2224 1472 2260 τὸ,
1500 2234 1514 2252 (ι
1532 2222 1608 2252 Κατὰ
1631 2221 1732 2261 σάρκα,
1746 2232 1760 2249 ι)
1782 2219 1870 2253 ἔδειξεν

1084 2269 1123 2297 ὅτι
1139 2268 1206 2297 κατὰ
1220 2270 1323 2306 πνεῦμα
1343 2267 1461 2307 γέννησίς
1484 2269 1539 2296 ἔστι
1553 2269 1598 2296 τοῦ
1615 2267 1705 2296 αὐτοῦ.
1728 2267 1770 2296 Οὖ
1794 2263 1874 2293 τοίνυν

1084 2313 1144 2352 περὶ
1160 2314 1237 2353 ψιλοῦ
1254 2312 1393 2353 ἀνθρώπου
1411 2312 1466 2341 ἐστὶ
1492 2311 1521 2341 τὸ
1545 2309 1715 2351 Εὑαγγέλιον-
1743 2310 1803 2350 περὶ
1827 2308 1874 2346 γὰρ

1085 2360 1130 2386 τοῦ
1146 2359 1213 2388 Υῖοῦ
1228 2362 1274 2388 τοῦ
1293 2358 1364 2387 Θεοῦ
1377 2358 1458 2386 ἐστιν·
1475 2356 1533 2385 ἀλλ’
1550 2356 1608 2385 οὐδὲ
1631 2355 1692 2395 περὶ
1706 2356 1785 2395 ψιλοῦ
1800 2354 1875 2384 Θεοῦ

1085 2402 1145 2442 περὶ
1164 2402 1215 2442 γὰρ
1241 2405 1286 2432 τοῦ
1307 2402 1448 2442 γενομένου
1471 2402 1501 2430 ἐκ
1528 2401 1679 2440 σπέρματος
1704 2398 1789 2430 Δαυῒδ
1811 2396 1874 2428 κατὰ

1085 2447 1188 2487 σάρκα,
1210 2450 1256 2476 τοῦ
1284 2448 1364 2476 αὐτοῦ
1379 2446 1451 2480 ὄντος
1476 2445 1629 2487 ἀμφότερα,
1645 2446 1690 2474 καὶ
1704 2446 1771 2475 Υἱοῖἱ
1794 2444 1872 2476 Θεοῦ,

1085 2492 1130 2521 καὶ
1155 2495 1211 2522 υἱοῦ
1232 2489 1326 2523 Δαυΐδ.
1346 2491 1401 2522 Καὶ
1424 2491 1517 2521 λοιπὸν
1538 2490 1703 2530 αἰσχυνέσθω
1728 2489 1871 2528 Νεστόριος-

1084 2538 1142 2573 Τῆς
1157 2537 1183 2566 δὲ
1202 2537 1270 2566 κατὰ
1293 2537 1380 2576 σάρκα
1405 2536 1552 2575 γεννήσεως
1575 2536 1656 2565 αὐτοῦ
1682 2535 1814 2574 μέμνηται
1832 2530 1872 2576 xui

1088 2578 1176 2618 οἶτος,
1197 2584 1232 2615 ὡς
1257 2581 1302 2610 καὶ
1317 2583 1341 2611 οἱ
1367 2583 1436 2621 τρεῖς
1461 2580 1676 2620 Εὖαγγελισταὶ,
1706 2581 1740 2613 ὡς
1769 2579 1800 2608 ἂν
1825 2574 1872 2605 ἀπὸ

1087 2627 1184 2663 ταύτης
1198 2625 1388 2666 χειραγωγήσῃ
1408 2626 1467 2660 τοὺς
1489 2625 1621 2666 ἀκροατὰς
1639 2626 1674 2658 εἰς
1686 2624 1742 2648 ⁹ο¹⁰
1758 2623 1805 2660 τὴν
1823 2621 1871 2651 ἄνω

1074 2712 1087 2729 ιτ
1101 2708 1151 2735 lsa.
1173 2715 1227 2742 ιιι,
1240 2711 1267 2736 7.
1287 2704 1301 2723 ¹¹
1314 2707 1408 2735 Matth.
1422 2714 1496 2742 xm,
1512 2709 1555 2734 16.

920 2761 1014 2791 Variae
1035 2762 1186 2793 lectiones.
1207 2773 1210 2775 λ

263 2814 273 2831 ⁵
296 2815 418 2850 θησαυρόν
453 2821 479 2842 ο.
517 2814 528 2830 ⁸
555 2813 666 2848 εἷρήνηνᾼ
688 2823 714 2842 0.

754 2814 764 2830 ⁷
788 2816 1031 2850 προκατασκευάζειν
1047 2823 1074 2843 0.

1127 2815 1138 2833 ⁸
1155 2817 1216 2851 γοῦν
1231 2823 1257 2844 ο,
1297 2815 1343 2840 9-¹⁰
1357 2815 1396 2841 ἐπὶ
1411 2822 1439 2843 ο.
