1927 3076
73 157 118 186 3U
555 157 730 186 EXPOSITIO
751 157 782 185 IN
802 156 903 184 EPIST.
924 156 968 183 AD
989 156 1069 184 ROM.
1089 170 1124 175 —
1139 156 1214 183 CAP.
1238 156 1256 183 Ι.

1671 156 1722 183 342

73 220 207 259 γέννησιν.
236 221 290 252 Καὶ
310 221 360 261 γὰρ
377 222 423 251 καὶ
438 221 514 255 αὐτὸς
529 223 542 251 ὁ
561 220 657 260 Κύριος
672 222 775 261 πρῶτον
791 220 860 261 ὤφθτ

923 219 991 247 listae
1011 227 1018 246 :
1038 222 1069 246 ut
1081 217 1116 246 ab
1138 217 1189 246 hac
1210 217 1348 246 auditores
1366 217 1400 245 ad
1415 225 1563 254 supernam
1578 218 1653 246 illam
1676 226 1722 254 ge-

75 266 207 306 ἄνθρωπος
218 289 226 303 ,
245 261 301 296 εἶτα
319 268 436 306 ἐγνώσθη
451 267 528 300 Θεός.

114 403 201 432 (Τοῦ
231 401 377 442 ὁρισθέντος
399 403 464 432 Υἱοῧ
495 403 565 432 Θεοῦ
590 403 617 431 ἐν
646 402 772 440 δυνάμει,
799 401 868 432 κατὰ

77 447 184 485 Πνεῦμα
209 446 375 485 ἁγιωσύνης,
391 447 417 482 ἐξ
442 447 612 480 ἀναστάσεως
636 449 748 487 νεκρῶν,
775 447 866 483 Ἰησοῦ

75 492 186 530 Χριστοῦ
198 494 247 521 τοῦ
265 492 364 532 Κυρίου
378 493 463 530 ἡμῶν.
486 503 500 520 ι)
519 487 602 521 Εἶπεν
620 492 688 527 ἄνω,
711 492 751 522 ὅτι
768 504 782 520 ε
806 493 867 531 περὶ

75 538 117 565 τοῦ
132 537 197 566 Υἱοῧ
221 537 302 566 αὐτοῦ
321 549 332 562 ιι
350 538 405 566 ἐστι
425 536 455 566 τὸ
477 537 650 576 Εὖαγγέλιον·
666 539 711 566 νῦν
727 532 770 566 οὖν
784 549 867 566 κατα-

76 581 208 619 σκευάζει,
237 582 294 614 πῶς
315 581 433 620 ἐγνώσθη
460 582 523 614 Υἱὸς
546 584 592 612 ¹τοῦ
615 582 759 618 Θεοῧ,καί
780 594 864 622 φησι,

79 637 91 654 (ι
103 628 147 654 τοῦ
168 625 336 665 ὁρισθέντος,
353 641 364 652 ιι
381 626 517 656 τουτέστιν
527 649 535 662 ,
550 626 751 667 ἀποδειχθέντος
765 627 800 663 ⁸⁸,
818 629 865 666 βε-

75 670 244 706 ϐαιωθέντος,
270 671 413 709 κριθέντος.
440 671 521 710 Ὄρος
544 671 596 712 γὰρ
618 674 635 707 ἡ
652 671 754 710 κρίσις,
779 671 824 701 καὶ
848 674 864 707 ἡ

73 717 169 755 ψῆιρος,
194 716 275 752 κοιὶὴ
292 715 433 756 ἀπόφασις.
464 716 567 749 Πάντες
595 716 647 755 γὰρ
673 718 804 756 ὡρίσαντο
820 717 866 746 καὶ

74 728 169 755 ψηφος,
194 728 275 752 καιη
292 728 330 745 απ
365 728 433 750 οισις.
464 728 567 749 ιιαντες
595 728 647 755 γαρ
673 728 804 756 ωρισοιντο
820 728 865 746 και

74 760 232 800 ἐψηφίσαντο
248 728 406 790 αὐτονοέίναι
422 761 485 791 Υἱὸν
499 763 579 792 Θεοῦ.
597 761 698 798 Πόθεν;
717 761 764 792 Ἐν
784 762 865 791 δυνά-

74 817 127 842 μει,
141 805 277 835 τουτέστιν
289 827 297 844 ,
313 806 366 835 ἀπὸ
380 808 426 840 τῆς
438 806 574 844 δυνάμεως
588 808 641 836 τῶν
652 806 770 845 σημείων
786 802 823 836 ὗν
840 806 865 825 ⁴²

75 850 160 879 ἐποίει.
175 849 260 880 Ἀλλὰ
277 850 323 879 καὶ
340 863 352 876 ι
369 850 437 879 κατὰ
454 852 565 887 Πνεῦμα
582 851 744 890 ἁγιωσύνης,
763 865 775 877 ιι
789 863 864 881 τουτ-

77 896 141 923 έστιν
151 916 159 930 ,
176 895 206 924 ἐκ
217 897 265 924 τοῦ
277 894 434 933 Πνεύματος
443 917 450 931 ,
462 896 496 924 δι’
507 891 536 925 οἷ
547 895 640 935 ἡγίαζε
652 895 711 929 τοὺς
725 896 862 926 πιστεύον·
882 915 905 946 Β

74 940 200 972 rae-9503
217 939 270 979 γὰρ
288 940 316 969 τὸ
332 942 441 969 τοιαῦτα
459 941 625 980 χαρίζεσθαι.
649 940 728 970 Ἀλλὰ
749 940 793 970 καὶ
810 955 821 968 ι
837 941 863 976 ἐξ

75 984 237 1017 ἀναστάσεως
258 985 366 1024 νεκρῶν·
380 999 391 1011 ιι
407 986 510 1026 πρῶτος
525 986 577 1025 γὰρ
594 981 667 1020 οὗτος
680 1008 688 1022 ,
702 986 747 1015 καὶ
767 986 845 1023 μόνος
855 1009 863 1022 ,

74 1030 159 1058 ἑαυτὸν
184 1030 286 1069 ἤγειρε.
310 1030 363 1059 Καὶ
388 1031 417 1059 ἐκ
441 1032 488 1065 τῆς
509 1030 679 1064 ἀναστάσεως
703 1026 747 1060 οὖν
763 1030 864 1071 ὡρίσθη

72 1073 113 1103 καὶ
129 1074 267 1114 ἀπεφάνθη
289 1074 350 1108 Υἱὸς
370 1077 450 1105 Θεοῢο
479 1074 548 1114 μέγα
564 1074 616 1116 γὰρ
639 1076 685 1104 καὶ
712 1078 806 1112 τοῦτο,
830 1078 864 1110 ὡς

76 1119 116 1147 καὶ
129 1119 204 1153 αὐτὸς
228 1119 309 1158 λέγει’
334 1130 348 1148 (
359 1118 448 1150 ’Όταν
465 1119 590 1160 ὑψώσητέ
607 1132 639 1159 με
666 1121 719 1150 ἀπὸ
739 1123 785 1157 τῆς
799 1123 862 1160 γῆς,

74 1163 126 1193 τότε
140 1163 287 1203 γνώσεσθε,
309 1164 348 1194 ὅτι
364 1164 416 1204 ἐγώ
431 1166 496 1204 εἶμι.
516 1178 527 1191 υ

113 1265 126 1281 ι
150 1255 189 1284 Δι’
213 1249 243 1284 οδ
259 1253 390 1292 ἐλάϐομεν
411 1254 490 1294 χάριν
513 1254 559 1284 καὶ
580 1255 733 1291 ἀποστολὴν
759 1257 795 1289 εἷς
817 1257 863 1284 ὓπ-

77 1298 150 1335 ακοὴν
164 1298 287 1333 πίστεως.
304 1313 315 1326 ιι
327 1299 401 1339 αΟρα
416 1299 630 1339 εὐγνωμοσύνην.
652 1300 738 1330 Οὐδὲν
749 1323 756 1336 ,
771 1300 861 1339 φησιν,

79 1344 210 1383 ἡμέτερον,
224 1344 294 1374 ἀλλὰ
305 1344 393 1373 πάντα
406 1344 538 1383 ἐλάϐομεν
552 1344 595 1374 διὰ
611 1347 658 1374 τοῦ
674 1346 738 1376 Υἶοῦ
756 1345 790 1374 ⁴³.
808 1346 861 1375 Καὶ

79 1388 125 1425 μὴν
148 1389 189 1418 διὰ
213 1392 260 1418 τοῦ
277 1389 432 1427 Πνεύματος
455 1389 551 1419 ἔλαϐον
577 1389 625 1425 τὴν
640 1390 790 1426 ἀποστολὴν
817 1391 861 1420 καὶ

77 1434 119 1469 τὴν
131 1433 218 1474 χάριν.
243 1448 255 1460 ιι
269 1434 389 1468 Ἐκεῖνος
409 1434 460 1474 γὰρ
471 1457 479 1472 ,
499 1434 594 1475 φησὶν,
611 1435 737 1474 ὁδηγήσει
755 1437 831 1472 ὑμᾶς·
848 1450 860 1462 η

77 1478 116 1507 καὶ
135 1478 163 1507 τὸ
181 1479 293 1517 Πνεῦμά
309 1490 403 1520 φησιν,
419 1493 431 1505 ιι
448 1479 603 1520 Ἀφορίσατέ
623 1491 668 1518 μοι
682 1480 726 1509 τὸν
752 1481 860 1510 Παῦλον

77 1523 176 1552 καὶτὸν
200 1523 351 1564 Βαρνάϐαν·
374 1524 436 1561 καὶ,
463 1525 540 1554 «Διὰ
564 1527 612 1554 τοῦ
637 1524 792 1563 Πνεύματος
822 1525 860 1554 δί-

78 1567 142 1597 ὂοτσι
161 1568 237 1608 λόγος
253 1569 356 1608 σοφίας.
373 1582 385 1595 ι
407 1569 461 1600 Καὶ
483 1569 509 1598 τί
527 1571 620 1606 τοῦτο;
636 1569 680 1599 Τὰ
704 1572 750 1598 τοῦ
774 1569 859 1600 Πνεύ-

77 1624 149 1649 ματος
175 1616 219 1643 τοῦ
237 1615 305 1644 Υἱοῧ
325 1614 375 1643 εἶσι
388 1635 396 1650 ,
418 1614 465 1643 καὶ
481 1614 510 1644 τὸ
525 1614 653 1652 ἔμπαλιν.
671 1628 683 1640 «ι
702 1614 788 1654 Χάριν
812 1615 858 1652 δὲ,

78 1657 157 1696 φησὶν,
170 1659 303 1697 ἐλάϐομεν
314 1658 359 1688 καὶ
374 1659 536 1698 ἀποστολὴν,
553 1672 565 1685 ιι
581 1659 728 1698 τουτέστιν,
743 1660 802 1690 Οὐχ
814 1660 861 1688 αὖ·

78 1702 112 1731 τοὶ
133 1703 343 1745 κατωρθώσαμεν
368 1703 398 1733 τὸ
421 1705 543 1743 γενέσθαι
569 1703 727 1740 ἀπόστολοι,
751 1703 808 1734 ἀλλ’
831 1705 860 1733 ἐκ

78 1748 118 1782 τῆς
141 1747 233 1778 ἄνωθεν
263 1748 370 1789 χάριτος
395 1751 479 1778 τοῦτο.
506 1748 587 1778 Ἀλλὰ
611 1748 657 1778 καὶ
686 1748 717 1778 τὸ
743 1749 858 1788 πείθειν,

80 1793 117 1826 τῆς
140 1793 250 1833 χάριτος·
276 1793 306 1823 τὸ
331 1793 379 1831 μὲν
402 1792 453 1833 γὰρ
476 1794 604 1833 περιιέναι
634 1793 680 1824 καὶ
703 1793 859 1834 κηρύττειν,

78 1838 122 1865 τῶν
136 1838 298 1868 ἀποστόλων
314 1838 344 1868 τὸ
365 1839 393 1868 δὲ
415 1838 514 1868 πείθειν
535 1838 594 1872 τοὺς
614 1838 776 1877 ἀκούοντας,
800 1839 858 1868 ὅλον

78 1883 117 1910 τοῦ
131 1883 207 1914 Θεοῦ.
224 1895 239 1913 ι)
263 1884 310 1917 Εἰς
329 1883 448 1920 ὑπακοὴν
470 1883 593 1918 πίστεως.
610 1895 624 1913 ι)
644 1885 704 1914 Οὐχ
717 1885 752 1918 εἷς
766 1885 857 1924 ,λογο-

81 1926 167 1966 μαχίας
187 1928 232 1958 κειὶ
250 1929 371 1965 ζητήσεις
386 1951 394 1967 ,
409 1927 427 1964 ἢ
441 1929 626 1966 κατασκευὰς,
648 1929 838 1967 ἀπεστάλημεν
850 1951 857 1964 ,

80 1972 164 2010 φησιν,
176 1974 232 2003 ἀλλ’
250 1974 287 2007 εἷς
304 1973 426 2009 ὑπακοὴν
442 1973 563 2008 πίστεως·
584 1973 646 2013 ἵνα,
669 1974 764 2014 φησὶν,
779 1976 803 2004 οἱ
822 1975 858 2004 δι·

81 2015 221 2056 δασκόμενοι
241 2018 428 2058 ὑπακούωσιν,
445 2019 640 2059 ἄναντιρῤήτως
655 2018 834 2052 πιστεύοντες.

117 2164 129 2179 α
141 2154 185 2184 Ἓν
199 2158 266 2184 πᾶσι
280 2155 334 2187 τοῖς
350 2153 447 2184 ἔθνεσιν
460 2152 526 2195 ὑπὲρ
542 2156 588 2184 τοῦ
603 2154 729 2193 ὀνόματος
744 2156 833 2186 αὐτοῦ.
848 2172 858 2183 λι

84 2213 117 2219 —
131 2208 144 2225 ιι
156 2198 201 2228 Ἐν
220 2203 289 2228 πᾶσι
302 2198 329 2228 δὲ
346 2202 400 2232 τοῖς
413 2198 510 2228 ἔθνεσιν
523 2211 538 2226 ι)
555 2199 686 2237 ἐλάϐομεν
701 2200 796 2240 χάριν,
813 2203 859 2231 οὐχ

923 263 1094 292 nerationem
1122 263 1200 299 quasi
1226 270 1309 290 manu
1335 262 1427 290 ducat.
1443 263 1586 299 Siquidem
1608 266 1635 291 et
1664 263 1721 298 ipse

923 308 1058 336 Dominus
1073 308 1193 344 primum
1219 307 1292 336 visus
1307 311 1349 335 est
1366 307 1461 342 homo,
1476 307 1574 335 deinde
1592 308 1722 344 cognitus

924 358 965 382 est
978 355 1061 382 Deus.

959 399 1044 426 Vsus.
1062 401 1087 426 4.
1108 408 1121 424 ιι
1136 398 1187 433 Qui
1209 397 1340 426 deﬁnitus
1353 402 1395 425 est
1410 397 1494 425 l-‘ilius
1510 397 1560 425 Dei
1580 397 1607 424 in
1622 398 1721 425 virtute

920 444 1074 472 secundum
1089 443 1221 479 Spiritum
1230 442 1466 476 sanctiﬁcationis,
1478 450 1511 470 ex
1526 443 1722 470 resurrectione

923 493 1111 522 mortuorum,
1136 489 1202 516 Jesu
1227 487 1328 516 Christi
1355 487 1465 515 Domini
1492 487 1586 515 nostri.
1605 498 1618 513 »
1635 490 1720 523 Supra

922 533 1000 568 dixit,
1015 534 1191 569 Evangelium
1207 541 1266 561 esse
1282 542 1294 559 ιι
1307 532 1341 561 de
1356 532 1423 560 Filio
1439 540 1490 560 suo
1504 542 1510 560 :
1522 543 1535 559 ιι
1548 540 1622 560 nunc
1638 533 1721 568 igitur

923 579 1033 611 astruit,
1055 586 1173 614 quanam
1189 578 1293 606 ratione
1305 578 1431 614 cognitus
1445 578 1481 606 sit
1501 577 1584 606 Filius
1597 577 1658 611 Dei,
1678 577 1720 605 in-

922 624 1030 660 quiens,
1055 634 1069 649 ιι
1083 623 1220 658 deﬁnitus,
1249 633 1263 649 ιι
1279 623 1331 650 hoc
1350 627 1402 656 est,
1416 622 1633 657 demonstratus,
1657 631 1721 651 con-

922 669 1057 702 ﬁrmatus,
1065 668 1213 704 judicatus.
1225 667 1357 696 Deﬁnitio
1367 668 1444 696 enim
1454 672 1496 696 est
1508 668 1565 704 ipsa
1573 667 1719 704 judicatio,

921 713 1083 750 suffragium
1109 721 1157 741 seu
1180 713 1300 741 calculus
1325 717 1352 740 et
1374 713 1520 741 sententia.
1537 714 1607 740 Nam
1631 713 1721 741 cuncti

921 757 1088 786 deﬁnierunt
1096 758 1311 794 jndicaruntque
1335 758 1425 793 ipsum
1449 765 1508 786 esse
1535 758 1636 786 Filium
1656 758 1717 786 Dei.

920 802 1091 831 Undenam?
1111 813 1125 828 ι(
1148 805 1179 830 ln
1206 803 1314 835 virtute,
1333 813 1346 828 ιι
1367 801 1419 830 hoc
1433 806 1484 836 est,
1500 811 1533 830 ex
1554 802 1674 838 potentia
1693 807 1720 830 et

920 847 1041 875 efﬁcacia
1056 848 1198 883 signorum
1212 855 1272 883 qua:
1291 847 1416 874 faciebat.
1436 848 1570 875 Praeterea
1590 857 1604 873 ιι
1619 855 1720 875 secun—

919 894 987 920 dum
1001 893 1133 928 Spiritum
1147 892 1379 925 sanctiﬁcationis.
1395 903 1408 918 ιι
1432 892 1485 920 hoc
1498 896 1549 926 est,
1564 900 1595 920 ex
1617 893 1718 928 Spiritu

920 946 970 974 per
995 946 1078 974 quem
1101 938 1287 966 sanctiﬁcabat
1310 937 1461 965 credentes.
1489 938 1540 965 Dei
1565 937 1640 965 enim
1666 942 1717 971 est,

919 982 1022 1011 donare
1039 983 1114 1011 talia.
1130 983 1287 1018 Quinetiam
1306 993 1318 1008 ιι
1338 990 1369 1010 ex
1385 982 1583 1010 resurrectione
1597 987 1719 1011 monuo—

920 1035 981 1056 rum
997 1038 1028 1055 :»
1041 1036 1105 1056 nam
1121 1028 1240 1064 primum
1257 1027 1312 1060 ille,
1325 1031 1353 1054 et
1369 1027 1452 1060 solus,
1464 1035 1493 1055 se
1509 1027 1564 1063 ipse
1580 1027 1715 1055 excitavit.

920 1075 1016 1109 Itaque
1031 1081 1063 1100 ex
1085 1073 1287 1100 resurrectione
1301 1071 1431 1100 deﬁnitus
1453 1076 1494 1100 est
1513 1080 1544 1100 ac
1563 1071 1719 1101 declaratus

919 1118 1005 1145 Filius
1018 1117 1077 1145 Dei.
1098 1118 1232 1153 Magnum
1245 1116 1317 1144 enim
1333 1121 1360 1144 ct
1374 1116 1426 1144 hoc
1446 1121 1498 1150 est,
1515 1117 1625 1152 perinde
1637 1122 1718 1154 atque

918 1162 976 1198 ipse
1000 1162 1038 1190 ait
1060 1171 1066 1190 :
1094 1171 1109 1188 ιι
1138 1163 1208 1190 Cum
1231 1161 1415 1189 exaltaveritis
1439 1169 1483 1189 me
1510 1170 1525 1190 a
1551 1166 1631 1197 terra,
1657 1166 1716 1190 tum

918 1207 1091 1243 cognoscetis
1104 1207 1179 1243 quod
1192 1214 1242 1243 ego
1257 1215 1320 1234 sum
1333 1209 1338 1226 λ
1357 1228 1364 1234 .
1383 1216 1395 1232 ι)

954 1253 1043 1280 \‘nns.
1061 1254 1087 1279 5.
1112 1262 1126 1277 ιι
1143 1253 1195 1280 Per
1209 1259 1292 1288 quem
1312 1252 1470 1288 accepimus
1482 1252 1599 1288 gratiam
1613 1257 1641 1281 et
1653 1261 1717 1289 apo—

917 1297 1051 1325 stolatum
1071 1296 1104 1324 ad
1129 1295 1314 1324 obediendum
1341 1296 1414 1324 ﬁdei.
1433 1308 1445 1321 -
1465 1296 1534 1324 Vide
1556 1297 1716 1325 modestiam

917 1345 945 1369 et
960 1341 1043 1369 animi
1067 1341 1218 1369 candorem
1243 1350 1249 1368 :
1270 1340 1354 1375 Nihil,
1381 1342 1482 1377 inquit,
1508 1345 1643 1376 nostrum,
1667 1342 1716 1370 sed

917 1386 1008 1414 omnia
1036 1394 1085 1422 per
1110 1386 1213 1414 Filium
1236 1386 1401 1422 accepimus.
1421 1386 1502 1422 Atqui
1521 1394 1568 1423 per
1584 1387 1716 1422 Spiritum

916 1438 1044 1466 accepere
1053 1431 1236 1466 apostolatum
1248 1435 1275 1458 et
1287 1431 1413 1467 gratiam.
1431 1443 1443 1455 α
1456 1432 1502 1459 llle
1518 1432 1603 1464 enim,
1617 1431 1714 1468 inquit,

915 1476 1025 1504 docebit
1039 1484 1087 1504 vos
1103 1477 1128 1504 5.
1146 1486 1159 1502 ιι
1184 1477 1218 1504 Et
1234 1477 1350 1511 Spiritus
1364 1477 1403 1504 ait
1425 1485 1431 1504 :
1453 1488 1465 1501 ιι
1483 1478 1627 1513 Segregate
1645 1477 1713 1505 mihi

917 1521 1032 1549 Paulum
1048 1525 1074 1549 et
1087 1521 1242 1549 Barnabam
1258 1518 1286 1555 κς
1304 1532 1316 1547 ιι
1333 1530 1375 1555 ac,
1393 1533 1405 1545 ι
1422 1523 1475 1549 Per
1492 1522 1622 1558 Spiritum
1636 1521 1717 1550 datur

915 1574 1006 1594 sermo
1017 1566 1154 1602 sapientiae
1172 1563 1189 1594 ¹.
1206 1578 1217 1590 ιι
1230 1566 1335 1602 Ecquid
1346 1566 1416 1594 hoc?
1431 1567 1499 1602 Quae
1510 1567 1629 1602 Spiritus
1638 1571 1714 1600 sunt,

914 1611 973 1639 Filii
989 1611 1088 1647 pariter
1102 1615 1179 1646 sunt,
1194 1616 1220 1639 et
1234 1615 1340 1640 contra.
1358 1622 1371 1637 ιι
1386 1612 1510 1640 Gratiam
1526 1624 1538 1636 ιι
1555 1616 1658 1646 autem,
1675 1612 1714 1640 in-

911 1656 978 1692 quit,
1004 1669 1016 1680 -
1032 1657 1189 1692 accepimus
1211 1661 1238 1684 et
1251 1657 1450 1692 apostolaturn,
1472 1667 1485 1682 »
1510 1656 1562 1684 hoc
1584 1661 1635 1691 est,
1652 1659 1714 1685 Non

915 1701 968 1736 ipsi
993 1701 1093 1729 virtute
1117 1705 1224 1735 nostra,
1248 1705 1278 1729 ut
1291 1701 1408 1737 apostoli
1423 1701 1607 1736 eiﬁceremur,
1627 1702 1712 1738 impe-

914 1746 1056 1780 travimus,
1097 1745 1147 1774 sed
1181 1745 1234 1774 hoc
1262 1754 1276 1774 a
1320 1754 1440 1782 superna
1468 1747 1564 1782 gratia.
1598 1748 1658 1775 Imo
1688 1752 1715 1776 et

914 1790 1077 1826 persuadere
1096 1791 1190 1827 gratiae
1206 1795 1257 1818 est.
1285 1791 1406 1819 Circuire
1427 1791 1501 1819 enim
1517 1796 1545 1819 et
1564 1792 1713 1828 praedicare

912 1835 1101 1871 apostolorum
1119 1843 1220 1863 munus
1233 1839 1274 1863 est
1295 1845 1301 1863 :
1324 1835 1483 1871 persuadere
1500 1844 1564 1864 vero
1583 1836 1714 1864 auditori-

913 1880 964 1908 bus
980 1884 1070 1908 totum
1091 1884 1134 1908 est
1153 1881 1213 1908 Dei.
1235 1892 1247 1903 α
1269 1879 1314 1908 Ad
1333 1879 1515 1908 obediendum
1534 1881 1607 1909 ﬁdei.
1626 1893 1638 1905 ιι
1653 1883 1714 1910 Νοιι

913 1925 949 1954 ad
970 1925 1080 1953 inanem
1101 1925 1247 1953 verborum
1268 1933 1400 1961 pugnam,
1415 1933 1470 1953 non
1489 1924 1524 1953 ad
1538 1926 1714 1961 quaestiones,

913 1974 961 1999 aut
980 1970 1014 1998 ad
1036 1969 1209 1998 artiﬁciosam
1235 1970 1366 1998 orationis
1385 1973 1551 1998 structuram
1571 1971 1648 1998 missi
1668 1979 1713 1999 su-

914 2023 988 2049 mus,
1003 2015 1109 2052 inquit;
1123 2023 1220 2043 verum
1237 2024 1250 2040 ιι
1263 2014 1299 2042 ad
1311 2014 1499 2043 obediendum
1514 2015 1585 2049 ﬁdei,
1595 2028 1607 2040 «ι
1624 2020 1654 2044 ut
1668 2024 1703 2052 qu

914 2060 1029 2088 instituti
1049 2060 1162 2094 fuerint,
1185 2059 1340 2095 credentes,
1363 2060 1460 2097 inquit,
1481 2061 1549 2088 citra
1573 2061 1711 2090 contradi-

915 2106 1034 2134 ctionem
1057 2105 1195 2134 obediant.

954 2160 967 2176 ιι
984 2152 1016 2178 In
1030 2150 1158 2178 omnibus
1173 2150 1298 2186 gentibus
1309 2157 1358 2186 pro
1370 2150 1482 2179 nomine
1494 2151 1561 2187 ejus.
1576 2163 1589 2176 ι
1603 2167 1638 2172 -
1657 2163 1668 2176 ι
1683 2153 1714 2180 1η

917 2195 1046 2223 omnibus
1066 2203 1146 2230 porro
1161 2195 1288 2231 gentibus
1309 2207 1321 2219 ιι
1337 2196 1493 2232 accepimus
1515 2196 1640 2232 gratiam,
1657 2205 1713 2224 non

83 2241 126 2278 ἐγὼ
136 2243 219 2280 μόνος,
237 2243 307 2272 ἀλλὰ
324 2243 369 2273 καὶ
385 2245 408 2273 οἱ
424 2243 512 2274 λοιποὶ
532 2245 685 2274 ἀπόστολοι.
759 2245 809 2285 γὰρ
825 2246 856 2282 δὴ

921 2248 967 2277 ιιεο
985 2241 1070 2274 solus,
1086 2248 1180 2268 verum
1196 2240 1292 2276 reliqui
1308 2240 1390 2269 etiam
1405 2241 1520 2276 apostoli
1540 2252 1546 2270 :
1564 2250 1619 2269 non
1637 2242 1711 2270 enim

84 2286 174 2331 limo;
196 2289 283 2319 πάντα
301 2288 335 2318 τὰ
356 2288 417 2324 ἴθνη
441 2289 591 2331 περιῆλθεν
617 2290 639 2319 εἰ
662 2289 700 2328 μή
720 2302 758 2323 τις
783 2290 860 2331 εἴπῃ,

83 2329 115 2359 ὅτι
125 2332 145 2361 εἰ
159 2333 201 2362 καὶ
215 2332 253 2373 μὴ
269 2335 319 2367 ζῶν
331 2356 339 2370 ,
352 2334 411 2363 ἀλλ’
431 2329 475 2363 οὖν
491 2333 559 2371 μετὰ
569 2333 695 2370 τελευτὴν
716 2334 751 2369 εἷς
772 2329 861 2366 πάντα

84 2374 110 2404 τὰ
125 2376 178 2414 ἔθνη
196 2378 317 2419 περιίεισι
339 2378 381 2408 διὰ
400 2379 454 2408 τῶν
477 2378 653 2409 Ἐπιστολῶν.
671 2377 732 2409 Ἵνα
759 2378 787 2409 δὲ
811 2392 858 2410 πι-

85 2421 192 2452 στεύωσιν
207 2422 344 2457 ἀκούοντες
354 2422 379 2443 ⁴⁴
395 2423 456 2463 περὶ
472 2425 518 2453 τοῦ
529 2423 658 2459 ὀνόματος
670 2426 715 2453 τοῦ
729 2424 855 2464 Χριστοῦ,

83 2464 162 2504 οὖχὶ¹⁵
175 2468 231 2507 περὶ
245 2469 293 2504 τῆς
316 2468 405 2502 οὐσίας
428 2469 518 2498 αὐτοῦ.
560 2469 601 2499 Τὸ
627 2468 679 2508 γὰρ
705 2469 792 2508 ὄνομα
816 2473 860 2500 τοῦ

83 2508 182 2548 Χριστοῦ
201 2508 250 2550 ἦν,
267 2512 281 2542 ὃ
296 2513 341 2542 καὶ
357 2513 390 2543 τὰ
411 2514 508 2552 σημεῖα
531 2513 622 2543 ἐποίει.
648 2513 704 2544 Καὶ
740 2517 818 2545 τοῦτο
833 2515 858 2545 δὲ

84 2553 177 2599 πίστεως
198 2558 292 2587 δεῖται·
309 2558 368 2588 οὐδὲ
383 2558 444 2598 γὰρ,
466 2559 519 2588 οὔδ’
542 2558 606 2588 αὐτὸ
627 2560 748 2599 λογισμῷ
771 2571 858 2589 κατοι-

85 2598 177 2644 ληπτόν.
204 2601 278 2643 ’Ὅρα
302 2602 391 2640 δὲτὴν
416 2603 516 2644 δωρεὰν
540 2606 586 2633 τοῦ
607 2598 786 2644 Εὐάγγελίου,
809 2606 857 2634 οὐκ

85 2643 113 2672 ἑνὶ
126 2644 198 2685 ἔθνει,
211 2649 245 2682 ὡς
258 2650 275 2684 ἡ
290 2648 400 2678 Παλαιὰ
409 2671 418 2688 ,
433 2649 502 2678 ἀλλὰ
516 2653 583 2679 πᾶσι
595 2643 724 2679 δοθεῖσαν.

113 2728 281 2762 iJoan.vur.
299 2736 343 2761 28.
401 2733 502 2762 jJoan.
516 2740 581 2767 xw,
606 2736 647 2762 13.

696 2731 709 2750 ¹ί
723 2735 784 2762 Act.
805 2742 873 2769 xm,
893 2738 920 2762 2.

913 2286 971 2322 jam
996 2285 1096 2313 Paulus
1118 2293 1215 2313 omnes
1238 2289 1332 2321 gentes
1352 2286 1534 2314 circumierat.
1560 2286 1616 2314 Nisi
1639 2287 1713 2323 quis-

915 2330 990 2366 piam
1002 2330 1073 2358 dieat
1083 2330 1156 2366 quod
1167 2351 1174 2363 ,
1185 2330 1289 2358 etiamsi
1304 2338 1361 2358 non
1372 2331 1460 2365 vivus,
1473 2335 1533 2366 post
1543 2335 1661 2359 mortem
1673 2336 1714 2360 ta-

915 2383 979 2403 men
997 2374 1032 2403 ad
1051 2382 1146 2402 omnes
1158 2379 1255 2410 gentes
1269 2379 1389 2402 transeat
1401 2383 1449 2411 per
1460 2375 1604 2411 Epistolas.
1617 2378 1655 2405 Ut
1667 2385 1714 2404 au-

914 2424 971 2448 tem
989 2419 1111 2453 credant,
1137 2419 1275 2448 audientes
1289 2419 1324 2448 de
1342 2421 1453 2448 nomine
1470 2420 1582 2456 Christi,
1598 2429 1654 2449 non
1679 2421 1714 2450 de

915 2465 1031 2494 essentia
1051 2464 1144 2501 ipsius.
1161 2466 1271 2494 Nomen
1294 2465 1366 2492 enim
1391 2465 1493 2494 Christi
1507 2471 1575 2500 erat,
1599 2466 1671 2502 quod
1685 2471 1713 2494 et

913 2511 991 2546 signa
1009 2509 1132 2538 faciebat.
1157 2512 1247 2546 Atque
1266 2510 1335 2538 istnc
1354 2510 1407 2538 ﬁde
1421 2519 1489 2547 opus
1505 2511 1607 2540 habet:
1622 2519 1712 2547 neque

912 2555 985 2583 enim
1007 2555 1110 2583 ratione
1128 2555 1322 2591 comprehendi
1339 2560 1437 2592 potest.
1456 2556 1651 2584 Animadverte
1666 2555 1711 2583 hic

912 2600 1052 2636 Evangelii
1073 2599 1189 2634 donum,
1214 2608 1270 2628 non
1291 2601 1338 2629 uni
1362 2601 1490 2629 videlicet
1517 2601 1603 2637 genti,
1634 2601 1713 2627 Vete-

910 2645 947 2672 ris
959 2645 988 2680 6
1000 2645 1169 2672 Testamenti
1183 2645 1209 2672 in
1225 2653 1340 2680 morem,
1361 2646 1408 2674 sed
1422 2645 1550 2674 omnibus
1561 2644 1714 2673 communi-

914 2694 1017 2718 catum.

959 2734 964 2752 ¹
981 2735 1066 2762 lCor.
1081 2742 1138 2769 xu,
1153 2738 1180 2762 8.

759 2775 854 2804 Varia:
876 2775 1028 2805 lectiones.

115 2813 130 2830 "
147 2814 322 2854 ἀναδειχθέντος
343 2826 383 2846 m.
423 2818 443 2835 ¹²
471 2821 485 2845 ἃ
513 2826 539 2846 ο.
579 2819 600 2837 ¹³
620 2819 668 2847 ἀπὸ
683 2822 726 2847 τοῦ
740 2820 803 2847 Θεοῦ
817 2828 842 2849 0.
883 2820 903 2837 ¹⁴
913 2820 938 2846 οἱ
952 2819 1080 2851 ἀκούοντες
1093 2827 1130 2848 m.
1171 2820 1191 2836 ¹⁵
1201 2818 1230 2845 οὗ
1244 2819 1292 2854 γὰρ
1308 2827 1334 2847 0.
