1927 3076
214 164 265 191 343

248 226 329 254 Vens
368 228 396 254 6.
420 236 433 250 σι
462 226 495 253 In
514 224 612 261 quibus
632 225 698 252 estis
716 227 745 252 et
765 232 812 252 vos
834 223 923 252 vocati
944 225 1009 252 Jesu
1024 227 1050 258 Α

217 270 333 299 Christi.
344 282 357 294 ι»
372 270 426 298 Hic
437 270 509 298 tollit
520 269 628 298 illorum
643 268 745 297 t'astum
759 273 786 296 et
800 269 985 304 supercilium.
1001 281 1013 292 ν

215 317 280 344 Non
295 316 369 344 enim
384 315 446 351 plus
459 322 543 350 quam
559 318 668 342 caetera
680 318 774 350 gentes
788 313 953 347 obtinuistis,
969 313 1016 349 qui

218 359 352 388 videmini
376 359 521 395 imperare,
545 359 612 395 quin
625 359 704 386 vobis
725 358 837 395 perinde
857 366 890 386 ac
909 357 1015 386 caeteris

216 404 411 441 praedicamus.
425 403 517 432 Nolite
530 404 614 439 igitur
624 403 746 439 gloriari.
760 404 852 431 Potest
862 403 944 431 etiam
966 402 1014 429 ali-

216 454 260 477 ter
271 448 385 485 intelligi
402 458 408 476 :
425 448 518 477 Vocati
542 449 614 476 enim
629 448 695 476 estis
709 452 737 476 et
749 448 812 484 ipsi,
837 447 925 484 gratia
947 447 1016 475 anti-

214 493 308 530 cipati,
324 501 380 521 non
400 493 509 529 propria
520 493 619 521 virtute
632 492 800 521 accedentes.

249 540 339 567 VEBS.
353 541 379 566 7.
396 549 409 562 ιι
421 538 554 566 Omnibus
564 538 611 574 qui
622 539 722 566 Romae
740 538 814 570 estis,
829 536 937 565 dilectis
951 536 1013 569 Dei,

214 583 317 612 vocatis
337 584 449 611 sanctis.
468 594 480 607 ι
505 584 567 611 Non
592 582 718 611 omnibus
740 582 899 618 simpliciter
914 584 1012 610 Romae

214 628 370 665 agentibus,
385 627 434 656 sed
457 639 469 652 -
495 627 600 656 dilectis
623 627 683 655 Dei.
708 638 721 652 ι
737 627 821 656 Unde
837 634 902 655 vero
930 626 1014 662 liquet

215 672 292 709 quod
321 672 433 700 dilecti?
460 680 493 700 ex
531 672 759 700 sanctiﬁcatione.
784 672 898 700 Sanctos
924 675 1013 698 autem

215 717 312 745 ﬁdeles
324 721 404 745 vocat
416 724 523 745 omnes.
537 718 646 745 Rursus
660 720 761 749 autem,
780 727 792 740 α
806 716 928 750 Vocatis,
945 727 957 739 ιι
970 724 1013 751 ap

213 762 317 798 posuit,
331 761 496 790 beneﬁcium
509 761 563 789 illis
581 760 616 789 ad
636 761 800 789 memoriam
822 767 966 794 revocans,
982 768 1012 787 ac

214 806 296 834 simul
311 806 445 840 indicans,
461 805 537 842 quod
557 805 673 833 Etiamsi
687 813 721 833 ex
735 804 896 832 consulibus
914 808 941 831 et
955 803 1011 840 pri-

214 851 333 879 matibus
355 851 447 885 eratis,
473 852 547 878 Deus
561 854 653 878 tamen
676 849 771 878 eadem
796 857 845 877 vos
867 849 1009 877 vocatione

214 895 332 930 vocavit,
347 903 401 932 qua
413 883 544 932 privatos,
565 902 690 931 peraeque
702 902 751 922 vos
763 894 878 930 diligens
900 898 927 921 et
947 901 1010 921 san-
1027 883 1050 914 Β

213 940 347 968 ctiﬁcans.
364 940 502 976 Quoniam
517 940 601 976 igitur
614 939 738 967 similiter
752 943 780 967 et
793 938 882 967 dilecti
897 938 971 971 estis,
986 942 1014 965 et

216 985 316 1019 vocati,
335 990 362 1013 et
383 984 556 1018 sanctiﬁcati,
582 984 611 1012 in
632 984 771 1012 tenuiores
795 991 831 1011 ne
846 982 1011 1011 efferamiui.

253 1041 267 1054 α
282 1030 378 1059 Gratia
390 1029 467 1058 vobis
482 1034 509 1057 et
519 1037 580 1065 pax.
596 1040 608 1053 η
624 1029 695 1064 Quin
707 1032 733 1056 et
747 1028 883 1056 Dominus
896 1027 1012 1055 verbum

214 1075 268 1103 hoc
289 1074 412 1111 primum
441 1074 572 1111 apostolis
585 1074 658 1102 mdes
677 1073 841 1101 intrantibus
865 1072 1012 1100 dicendum

214 1120 352 1156 pracepit,
375 1119 500 1153 verbum,
518 1119 642 1154 inquam,
660 1118 742 1154 pacis.
764 1119 858 1154 Neque
873 1117 947 1145 enim
959 1117 1014 1144 exi-

214 1172 300 1201 guum
312 1164 415 1192 bellum
434 1163 555 1198 diremit,
569 1163 644 1199 quod
656 1163 736 1190 nobis
754 1166 898 1198 peccatum
917 1161 1013 1189 adver-

213 1216 261 1237 sus
275 1210 366 1237 Deum
377 1212 518 1245 pepererat
531 1218 540 1236 :
554 1216 604 1244 pax
622 1211 714 1235 autem
731 1207 777 1234 illa
788 1215 844 1234 nou
861 1214 894 1234 ex
909 1205 1013 1234 nostris

214 1253 364 1287 laboribus,
380 1253 430 1281 sed
447 1261 481 1281 ex
501 1252 593 1280 divina
608 1252 693 1288 gratia
708 1251 857 1288 proﬂuxit:
871 1251 945 1287 prius
965 1250 1013 1278 ita-

214 1306 267 1334 que
285 1298 372 1334 gratia
393 1301 446 1333 est,
467 1297 566 1326 deinde
589 1305 652 1333 pax.
675 1297 743 1325 Hac
757 1296 850 1332 itaque
863 1296 918 1324 duo
942 1296 1012 1324 bona

214 1347 346 1379 perpetua
364 1350 477 1371 manere
491 1346 567 1378 optat
583 1346 611 1370 et
630 1342 753 1376 immota,
769 1349 804 1369 ne
820 1341 912 1369 denuo
930 1340 1012 1368 nobis

213 1388 242 1415 in
257 1392 401 1424 peccatum
415 1387 599 1416 relabentibus
617 1387 690 1414 aliud
704 1386 806 1414 bellum
819 1385 1010 1413 exsuscitetur.

252 1444 265 1457 -
285 1434 346 1460 Deo
360 1434 441 1461 Patre
462 1436 569 1465 nostro,
591 1435 619 1459 et
638 1431 759 1459 Domino
779 1431 846 1458 Jesu
859 1429 978 1458 Christo.
997 1441 1010 1454 ιο

214 1478 310 1512 Papae!
336 1479 471 1512 quantum
497 1475 581 1503 valuit
600 1475 688 1511 gratia
703 1483 736 1502 ex
760 1473 851 1502 divina
871 1478 931 1502 orta
943 1473 1009 1502 dile-

213 1521 317 1549 ctione!
333 1522 405 1549 Nam
424 1520 472 1556 qui
489 1520 580 1548 hostes
597 1523 625 1547 et
638 1519 746 1555 inglorii
761 1526 882 1552 eramus,
904 1519 1011 1546 Patrem

212 1566 287 1593 nacti
305 1572 404 1593 sumus
422 1565 512 1600 ipsum
524 1566 626 1592 Deum.
651 1575 663 1588 α
685 1566 709 1591 Α
723 1565 782 1591 Deo
796 1564 879 1591 Patre
893 1563 974 1599 igitur
986 1566 1014 1591 et

212 1609 333 1638 Domino
345 1613 441 1637 nostro
451 1609 516 1637 Jesu
531 1609 650 1642 Christo,
666 1620 678 1632 ι
696 1608 731 1636 sit
745 1607 823 1635 vobis
836 1607 940 1636 stabilis
954 1615 1015 1644 gra-

213 1654 252 1681 tia
264 1657 291 1681 et
305 1661 357 1689 pax
375 1663 386 1681 ς
406 1653 440 1681 ab
459 1653 513 1688 his,
531 1653 656 1689 inquam.
678 1652 724 1688 qui
739 1653 798 1681 hac
818 1656 848 1680 ut
869 1652 1014 1687 dederunt,

213 1698 251 1726 ita
269 1702 297 1726 et
312 1705 476 1726 conservare
495 1701 621 1734 possunt.

247 1743 336 1771 Vns.
356 1746 384 1771 8.
401 1754 414 1767 α
430 1743 556 1771 Primum
568 1741 682 1778 quidem
700 1742 801 1779 gratias
814 1750 865 1779 ago
877 1744 938 1770 Deo
953 1750 1015 1771 meo

212 1795 261 1824 per
278 1789 375 1816 Jesum
392 1787 544 1822 Christum,
564 1795 613 1824 pro
626 1787 754 1816 omnibus
773 1787 864 1822 vobis,
881 1787 1014 1823 quoniam

212 1832 281 1861 ﬁdes
292 1836 380 1861 vestra
390 1832 568 1860 annuntiatur
577 1832 605 1860 in
620 1832 748 1861 universo
758 1831 874 1861 mundo.
889 1842 904 1858 )›
919 1833 1015 1860 Prooe-

212 1878 301 1906 mium
323 1877 416 1906 anima
438 1877 515 1906 Pauli
542 1877 668 1912 dignum,
684 1886 739 1913 quo
762 1877 894 1906 docemur
915 1880 942 1905 et
963 1877 1014 1913 ipsi

211 1923 313 1960 gratias
331 1930 423 1959 agere,
449 1930 500 1951 nec
521 1930 570 1959 pro
590 1923 692 1950 nostris
715 1926 834 1955 tantum,
856 1922 904 1950 sed
928 1922 1013 1950 etiam

211 1967 406 2004 proximorum
416 1967 494 1995 bonis
506 1977 514 1995 :
525 1967 578 1995 hoc
586 1975 704 2002 namque
714 1966 833 1995 charitas
843 1971 893 1994 est.
904 1966 1013 1996 Gratias

211 2017 305 2041 autem
321 2011 385 2048 agit,
407 2019 464 2039 non
482 2019 531 2047 pro
550 2011 727 2039 terrestribus
739 2010 903 2046 quibusdam
923 2015 950 2038 et
970 2019 1014 2047 pe—

211 2056 357 2085 reuntibus
366 2055 457 2089 bonis,
468 2063 564 2083 verum
575 2059 719 2091 propterea
731 2054 806 2091 quod
821 2055 942 2083 Romani
956 2064 1013 2084 cre-

211 2101 353 2129 diderunt.
372 2101 470 2134 Porro,
483 2099 556 2135 quod
567 2100 614 2134 ait,
632 2111 646 2124 α
668 2101 729 2127 Deo
744 2107 820 2135 meo,
843 2111 856 2124 ν
872 2099 1012 2133 affectum,

211 2153 295 2182 quem
313 2144 444 2177 habebat,
465 2143 623 2178 declaravit,
647 2145 739 2172 Deum
763 2152 941 2173 communem
962 2143 1014 2173 sibi

210 2189 339 2226 privatim
354 2188 518 2234 vindicando
535 2198 542 2216 :
556 2189 631 2234 quod
643 2193 671 2234 et
682 2187 841 2217 factitarunt
860 2190 1008 2226 prophetae.
1027 2202 1052 2234 ι)

212 2234 370 2271 Quinetiam
390 2235 465 2262 Deus
481 2233 534 2262 hoc
549 2235 607 2270 ipse
621 2233 694 2267 facit,
711 2234 803 2262 Deum
823 2234 971 2262 Abrahami
984 2241 1011 2263 et

210 2280 296 2308 Isaaci
309 2283 336 2308 et
346 2278 442 2308 Jacobi
452 2286 511 2307 sese
523 2278 673 2307 nominans
683 2283 714 2313 ιιι,
725 2282 756 2307 ut
770 2287 849 2307 suam
862 2287 925 2315 erga
937 2279 1013 2315 ipsos

211 2324 373 2353 charitatem
402 2324 613 2352 demonstraret.
637 2324 745 2352 Gratias
758 2331 838 2360 agere
852 2329 944 2352 autem
970 2325 1013 2352 in-

213 2369 281 2405 quit,
295 2380 308 2393 ι
328 2377 378 2405 per
393 2369 488 2397 Jesum
501 2368 653 2397 Christum.
667 2380 680 2394 ιι
701 2370 756 2397 Iste
773 2369 848 2397 enim
860 2369 942 2397 nobis
953 2377 1013 2406 gra-

211 2414 315 2442 tiarum
345 2413 460 2441 actionis
493 2413 530 2442 ad
565 2414 656 2441 Deum
679 2415 759 2442 Patre
793 2413 930 2442 mediator
961 2419 1012 2449 est,

211 2466 268 2486 non
283 2457 374 2486 solum
386 2466 438 2486 nos
451 2458 554 2486 docens
564 2458 665 2494 gratias
677 2466 768 2494 agere,
783 2458 833 2486 sed
845 2462 872 2486 et
889 2462 1013 2487 nostram

210 2502 362 2539 gratiarum
374 2502 509 2531 actionem
530 2502 605 2531 Patri
623 2501 752 2531 offerens.
773 2503 858 2539 Cujus
876 2510 959 2538 porro
973 2503 1012 2531 rei

210 2555 290 2576 causa
318 2548 423 2584 gratias
447 2547 521 2584 agit?
548 2548 629 2583 Quod
658 2558 669 2572 α
692 2547 759 2576 ﬁdes
785 2559 797 2572 ιι
819 2549 1012 2576 Romanorum

211 2604 225 2617 ι
244 2593 423 2621 annuntiatur
441 2592 470 2620 in
490 2592 621 2621 universo
639 2592 757 2620 mundo.
778 2604 791 2617 ι
811 2593 938 2621 Duarum
961 2592 1012 2620 illis

206 2646 302 2667 rerum
308 2637 499 2667 testimonium
507 2637 585 2673 dicit,
591 2641 619 2666 et
624 2636 700 2674 quod
708 2636 894 2672 crediderunt,
903 2642 931 2666 et
937 2637 1012 2674 quod

261 2712 283 2727 ¹¹³
297 2710 385 2739 Exod.
405 2717 456 2744 tu,
477 2712 522 2739 t5.

733 161 990 189 THEOPHYLACTI
1010 161 1187 189 BULGARlA-I
1208 161 1368 188 ARCHIEP.

1818 160 1866 188 344

1109 236 1122 251 α
1141 223 1188 254 Ἐν
1205 218 1243 256 οἷς
1260 224 1318 253 ἔστε
1331 222 1376 253 xui
1391 223 1466 261 ὑμεῖς
1480 222 1572 259 κλητοὶ
1587 222 1677 258 Ἰησοῦ
1699 223 1835 262 Χριστοῦ.
1852 234 1864 250 ιι

1069 269 1201 299 Ἐνταῦθα
1221 271 1343 307 καθαιρεῖ
1367 268 1453 297 αὐτῶν
1475 267 1523 303 τὴν
1539 268 1629 308 ὀφρύν.
1654 269 1696 297 Οὖ
1714 267 1771 308 γὰρ
1792 267 1868 296 πλέον

1068 314 1160 353 ἔσχετε
1176 313 1202 332 ⁴⁶
1226 315 1279 342 τῶν
1306 313 1393 343 ἄλλων
1418 314 1514 349 ἐθνῶν,
1543 313 1566 342 οἱ
1593 313 1736 345 δοκοῦντες
1768 311 1868 351 ἄρχειν·

1069 359 1128 387 ἀλλ’
1147 357 1237 398 ὥσπερ
1251 362 1304 391 τοῖς
1317 357 1405 390 ἄλλοις
1414 379 1422 392 ,
1442 357 1512 387 οὕτω
1526 357 1572 386 καὶ
1587 359 1648 395 ὖμῑν
1658 381 1666 396 ,
1682 356 1866 396 χηρύττομεν·

1069 403 1106 441 μὴ
1130 397 1173 432 οὖν
1199 397 1362 440 κομπάζετε.
1389 401 1471 431 Ἀλλὰ
1494 402 1540 431 καὶ
1564 402 1662 435 ἄλλως
1688 401 1800 437 Κλητοὶ
1823 401 1869 440 γάρ

1067 448 1125 476 ἔστε
1140 447 1185 477 καὶ
1202 446 1276 476 αὖτοί
1287 470 1295 485 ,
1309 446 1399 487 χάριτι
1413 446 1606 487 προληφθέντες
1616 468 1624 483 ,
1637 446 1686 476 οὐκ
1702 447 1753 486 ἀφ’
1770 447 1868 476 ἑαυτῶν

1067 492 1252 532 προσελθόντες
1263 491 1300 522 ⁴⁷.

1107 550 1118 563 ι
1135 538 1206 566 [ἰᾶσι
1216 539 1270 570 τοῖς
1282 531 1354 565 οὖσιν
1367 537 1394 565 ἐν
1407 535 1502 576 Ῥώμῃ
1519 536 1666 575 ἀγαπητοῖς
1684 538 1783 572 Θεοῦ,
1802 536 1868 571 κλη-

1067 585 1118 614 τοῖς
1140 581 1233 620 ἁγίοις.
1252 592 1266 610 ι)
1287 582 1328 612 Οὖ
1350 585 1432 610 πᾶσιν
1444 581 1534 614 ἁπλῶς
1549 585 1602 614 τοῖς
1624 582 1650 609 ἐν
1663 580 1767 620 ²Ρώμῃ
1778 602 1787 616 ,
1802 580 1868 608 ἀλλὰ

1067 640 1078 651 ‹ι
1092 626 1145 659 τοῖς
1160 628 1306 663 ἀγαπητοῖς
1320 626 1404 656 Θεοῦ.
1421 639 1431 652 ι
1448 626 1533 655 Πόθεν
1549 626 1628 661 δῆλον
1641 650 1647 659 ,
1664 625 1705 654 ὅτι
1718 625 1866 664 οἰγαπητοί;

1066 670 1115 700 Ἐκ
1128 673 1173 700 τοῦ
1183 671 1325 710 ἀγιασμοῢ·
1335 670 1423 709 ἁγίους
1434 670 1461 699 δὲ
1474 670 1534 703 τοὺς
1544 669 1653 703 πιστοὺς
1663 671 1746 699 καλεῖ
1756 669 1867 702 πάντας.

1065 715 1156 744 Πάλιν
1171 715 1198 744 δὲ
1214 715 1262 752 τὸ,
1283 726 1297 744 α
1320 715 1449 751 Κλητοῗς,
1470 726 1484 743 ))
1506 715 1668 754 προσέθηκε,
1692 716 1746 749 τῆς
1768 714 1869 753 εὐεργε-

1066 759 1124 793 σίας
1150 759 1244 793 αὐτοὺς
1264 759 1490 798 ἀναμιμνήσκων,
1512 758 1558 788 καὶ
1584 759 1730 794 δεικνύων,
1748 758 1790 787 ὅτι
1815 758 1867 787 Κᾶν

1066 804 1092 838 ἐξ
1116 803 1224 833 ὑπάτων
1240 804 1285 833 καὶ
1302 803 1429 843 ὑπάρχων
1452 799 1517 841 ἦτε,
1542 804 1601 833 ἀλλ’
1626 805 1640 832 ὁ
1664 803 1737 835 Θεὸς
1762 804 1831 840 ὑμᾶς
1844 803 1867 831 ἐν

1064 851 1097 889 τῇ
1113 850 1180 888 αὐτῇ
1196 848 1290 885 κλήσει
1303 849 1428 878 ἐκάλεσεν
1440 871 1448 884 ,
1492 848 1538 877 xui
1548 849 1608 881 τοὺς
1621 847 1732 881 ἰδιώτας
1745 871 1754 886 ,
1775 847 1867 886 ὁμοίως

1066 895 1134 931 ὑμᾶς
1149 893 1290 931 ἀγαπήσας
1311 893 1356 922 xui
1376 893 1500 932 ἁγιάσας.
1524 893 1601 922 Ἐπεὶ
1622 888 1667 922 οὖν
1690 893 1741 922 καὶ
1764 891 1867 931 ἠγαπή-

1068 941 1144 974 θητε,
1162 938 1207 967 xui
1231 937 1377 974 ἐκλήθητε,
1406 937 1452 967 καὶ
1481 937 1628 976 ἡγιάσθητε
1655 937 1778 976 ὁμοίως,
1802 935 1864 965 κατὰ

1067 985 1118 1012 τῶν
1132 983 1322 1023 εὐτελεστέρων
1338 983 1376 1021 μὴ
1394 983 1544 1022 ἐπαίρεσθε.

1107 1042 1119 1054 ιι
1135 1029 1220 1069 Χάρις
1242 1029 1304 1065 ὑμῖν
1327 1027 1372 1056 καὶ
1387 1027 1489 1067 εἰρήνη.
1509 1039 1525 1055 n
1551 1027 1605 1057 Kui
1630 1029 1644 1056 ὁ
1669 1026 1774 1067 Κύριος
1793 1029 1865 1055 τοῦτο

1066 1074 1171 1111 πρῶτον
1200 1075 1273 1112 ῥῆμα
1298 1073 1334 1105 εἷς
1361 1071 1407 1105 τὰς
1430 1072 1516 1105 οἰκίας
1541 1073 1651 1101 εἰσιοῦσι
1668 1075 1727 1104 τοῖς
1754 1070 1863 1100 ἀποστό-

1066 1117 1121 1150 λοις
1141 1116 1226 1155 λέγειν
1243 1116 1366 1152 ἐπέταξε,
1388 1116 1418 1145 τὸ
1441 1118 1487 1152 τῆς
1508 1115 1624 1155 εἰρήνης.
1653 1115 1728 1146 Οὐδὲ
1752 1115 1804 1155 γὰρ
1826 1127 1864 1153 μι-

1067 1162 1128 1200 κρὸν
1153 1162 1270 1200 πόλεμον
1292 1160 1453 1197 κατέλυσεν,
1479 1160 1507 1190 ὃν
1524 1164 1589 1199 ἡμῖν
1613 1163 1631 1196 ἡ
1657 1161 1783 1201 ἁμαρτία
1806 1159 1866 1199 πρὸς

1066 1206 1111 1234 τὸν
1126 1205 1195 1236 Θεὸν
1210 1206 1346 1235 ἀπέτεκεν·
1362 1207 1379 1241 ἡ
1397 1205 1424 1234 δὲ
1436 1206 1526 1246 εἰρήνη
1543 1205 1610 1242 αὕτη
1623 1206 1670 1234 οὐκ
1687 1205 1716 1240 ἐξ
1733 1204 1864 1246 ἡμετέρων

1066 1250 1167 1287 πόνων,
1190 1250 1250 1280 ἀλλ’
1265 1251 1294 1280 ἐκ
1315 1252 1361 1285 τῆς
1386 1252 1456 1284 θείας
1479 1250 1604 1290 χάριτος·
1629 1250 1762 1290 πρότερον
1784 1244 1829 1279 οὖν
1850 1251 1864 1283 ἡ

1066 1295 1159 1335 χάρις,
1174 1289 1231 1324 εἶτα
1253 1297 1270 1331 ἡ
1286 1295 1392 1334 εἰρήνη.
1409 1289 1503 1325 Ταῦτα
1518 1289 1562 1324 οὖν
1578 1294 1611 1324 τὰ
1627 1295 1672 1324 δύο
1688 1289 1781 1333 ἀγαθὰ
1795 1293 1864 1322 ἐπεύ-

1066 1351 1144 1379 χεται
1168 1339 1255 1377 μένειν
1279 1340 1386 1374 διηνεκῆ
1416 1339 1462 1369 καὶ
1481 1340 1610 1375 ἀκίνητα,
1634 1338 1704 1368 ὥστε
1725 1339 1764 1378 μὴ
1788 1339 1862 1368 πάλιν

1067 1384 1239 1424 ἁμαρτόντων
1264 1386 1339 1422 ἡμῶν
1352 1408 1360 1422 ,
1379 1384 1466 1424 ἕτερον
1488 1385 1714 1424 ἀναρῤιπισθῆναι
1737 1383 1860 1421 πόλεμον.

1109 1440 1123 1458 α
1141 1429 1204 1458 Ἀπὸ
1227 1430 1299 1459 Θεοῦ
1323 1429 1431 1469 Πατρὸς
1455 1431 1548 1467 ἡμῶν,
1570 1429 1616 1458 καὶ
1644 1428 1749 1467 Κυρίου
1777 1428 1861 1464 Ἰησοῦ

1066 1474 1194 1513 Χριστοῦ.
1206 1487 1218 1500 ιι
1237 1473 1335 1512 Βαϐαὶ,
1348 1473 1430 1503 πόσον
1447 1476 1462 1509 ἡ
1477 1474 1554 1514 χάρις
1565 1473 1675 1514 ἴσχυσεν
1691 1474 1729 1510 ¹⁸,
1744 1475 1761 1508 ἡ
1780 1474 1809 1502 ἐκ
1824 1474 1864 1507 τ’ἧς

1067 1518 1138 1551 θείας
1172 1519 1298 1558 ἀγάπηςῐ
1322 1519 1357 1549 Οἱ
1383 1518 1434 1559 γὰρ
1459 1518 1547 1559 ἐχθροὶ
1571 1519 1616 1547 xui
1639 1518 1733 1556 ἄτιμοι
1762 1519 1864 1555 Πατέρα

1073 1563 1186 1602 ἔσχομεν
1203 1563 1246 1592 τὸν
1264 1563 1344 1593 Θεόν.
1362 1563 1426 1592 Ἀπὸ
1438 1566 1500 1601 γοῦν
1514 1565 1559 1592 τοῦ
1583 1563 1654 1592 Θεοῦ
1678 1562 1810 1601 Πατρὸς,
1825 1561 1864 1590 καὶ

1069 1610 1115 1636 τοῦ
1132 1607 1231 1648 Κυρίου
1246 1609 1323 1647 ἡμῶν
1341 1607 1430 1644 Ἰησοῦ
1454 1609 1587 1646 Χριστοῦ,
1610 1607 1651 1643 εἴη
1678 1609 1745 1646 ὑμῖν
1773 1605 1862 1646 βεϐαία

1070 1654 1085 1688 ἡ
1102 1651 1192 1691 χάρις,
1207 1652 1254 1682 καὶ
1270 1655 1287 1688 ἡ
1311 1651 1412 1693 εἰρήνη·
1428 1654 1483 1682 τῶν
1500 1651 1545 1681 xui
1569 1652 1666 1682 δόντων
1691 1655 1798 1688 ταῦτα,
1822 1649 1863 1679 xui

1071 1696 1222 1734 δυναμένων
1236 1696 1358 1738 φυλάξαι.

1113 1755 1126 1768 α
1153 1743 1266 1782 Πρῶτον
1287 1741 1335 1780 μὲν
1355 1743 1507 1781 εὐχαριστῶ
1522 1743 1560 1782 τῷ
1581 1742 1644 1781 Θεῷ
1669 1753 1722 1777 μου
1739 1740 1783 1770 διὰ
1810 1740 1862 1775 Ἰη-

1069 1788 1117 1816 σοῦ
1134 1787 1251 1825 Χριστοῦ
1260 1809 1268 1823 ,
1294 1787 1360 1826 ὑπὲρ
1373 1787 1479 1816 πάντων
1495 1787 1567 1824 ὑμῶν
1579 1809 1588 1823 ,
1604 1786 1644 1816 ὅτι
1658 1788 1675 1822 ἡ
1689 1786 1781 1818 πίστις
1795 1786 1862 1823 ὑμῶν

1069 1831 1281 1870 καταγγέλλεται
1297 1832 1323 1861 ἓν
1342 1831 1395 1872 ὅλῳ
1409 1833 1447 1871 τῷ
1460 1831 1565 1872 κόσμῳ.
1584 1843 1598 1860 ››
1617 1831 1728 1870 Πρέπον
1745 1832 1778 1869 τῇ
1793 1828 1862 1859 Παύ-

1068 1876 1115 1905 λου
1128 1877 1203 1915 ψυχῇ
1219 1875 1249 1906 τὸ
1261 1875 1412 1916 προοίμιον,
1434 1875 1467 1905 δι’
1483 1871 1513 1904 οἷ
1535 1875 1714 1913 διδασκόμεθα
1731 1875 1778 1904 καὶ
1793 1873 1861 1903 αὐτοὶ

1069 1921 1244 1960 εὐχαριστεῖν·
1269 1921 1316 1950 καὶ
1340 1921 1389 1960 οὐχ
1416 1919 1482 1959 ὑπὲρ
1507 1920 1609 1950 οἰκείων
1635 1922 1744 1959 ἀγαθῶν
1768 1918 1858 1957 μόνον,

1069 1964 1138 1994 ἀλλὰ
1154 1965 1199 1994 καὶ
1215 1966 1268 1993 τῶν
1290 1965 1414 2000 πλησίον·
1439 1967 1515 1994 τοῦτο
1538 1964 1589 2004 γὰρ
1612 1965 1715 2003 ἀγάπη.
1746 1965 1860 2003 Εὖχαρι-

1068 2012 1126 2038 στεῖ
1139 2008 1184 2045 δὲ,
1201 2010 1249 2038 οὐκ
1269 2009 1313 2038 ἐπὶ
1329 2008 1427 2048 γηΐνοις
1439 2009 1492 2039 τισὶ
1514 2008 1560 2038 xui
1577 2009 1788 2047 ἀπολλυμένοις,
1806 2006 1860 2036 ἀλλ’

1068 2053 1108 2083 ὅτι
1124 2053 1284 2083 ἐπίστευσαν
1298 2053 1441 2092 Ῥωμαῖοι.
1457 2053 1549 2084 Εἰπὼν
1561 2053 1601 2089 δὲ,
1615 2067 1627 2079 ι
1640 2054 1689 2093 Τῷ
1701 2055 1765 2092 Θεῷ
1779 2064 1838 2090 μου,
1850 2063 1860 2075 ³

1069 2097 1148 2132 ἔδειξε
1169 2097 1218 2135 τὴν
1233 2098 1349 2128 διάθεσιν
1369 2098 1401 2134 ἣν
1428 2098 1501 2138 ἔχει,
1528 2098 1572 2127 τὸν
1596 2097 1681 2127 κοινὸν
1706 2098 1776 2128 Θεὸν
1801 2096 1859 2126 ἰδιο-

1069 2143 1238 2182 ποιούμενος,
1253 2144 1288 2176 ὥς
1305 2143 1350 2172 xui
1372 2145 1395 2172 οἱ
1416 2145 1560 2183 προφῆται.
1580 2142 1662 2172 Καὶὸ
1681 2142 1750 2175 Θεὸς
1768 2141 1794 2170 δὲ
1810 2140 1859 2168 αὖ-

1069 2187 1113 2221 τὸς
1135 2190 1212 2217 τοῦτο
1237 2192 1322 2224 ποιεῖ,
1346 2187 1415 2217 Θεὸν
1443 2187 1581 2227 Ἀϐραὰμ,
1608 2187 1655 2217 καὶ
1679 2186 1792 2222 Ἰσαὰκ,
1818 2183 1858 2213 καὶ

1071 2231 1169 2262 Ἰακὼϐ
1177 2255 1185 2268 ,
1199 2231 1277 2261 αὑτὸν
1298 2232 1432 2271 ὀνομάζων
1441 2255 1450 2269 ,
1467 2231 1511 2260 ἵνα
1535 2231 1583 2268 τὴν
1597 2232 1662 2272 πρὸς
1684 2230 1780 2264 αὐτοὺς
1793 2227 1858 2268 ἀγά-

1069 2289 1122 2313 πην
1150 2276 1307 2313 ἐνδείξηται.
1354 2278 1532 2316 Εὐχαριστεῖν
1561 2278 1590 2306 δέ
1617 2288 1683 2317 φησι
1706 2277 1750 2306 διὰ
1774 2274 1857 2309 Ἰησο’ὗ

1070 2323 1195 2359 Χριστοῦ·
1211 2317 1284 2354 οὗτος
1299 2321 1350 2361 γὰρ
1366 2321 1411 2350 καὶ
1436 2324 1484 2358 τῆς
1508 2321 1573 2361 πρὸς
1586 2321 1630 2350 τὸν
1647 2321 1759 2360 Πατέρα
1783 2319 1857 2357 εὔχα-

1070 2366 1171 2406 ριστίας
1188 2365 1212 2384 ⁴⁹
1227 2368 1292 2404 ἡμῖν
1316 2367 1330 2395 ὁ
1355 2366 1482 2404 μεσίτης,
1507 2366 1536 2395 οὖ
1562 2366 1640 2405 μόνον
1656 2365 1760 2399 διδάξας
1785 2364 1857 2401 εὐχα-

1070 2415 1180 2451 ριστεῖν,
1209 2410 1279 2440 ἀλλὰ
1308 2411 1355 2440 xui
1380 2411 1521 2450 προσάγων
1545 2412 1594 2446 τὴν
1620 2410 1751 2451 ἡμετέραν
1782 2408 1856 2451 nixa-

1069 2449 1171 2495 ριστίαν
1185 2457 1224 2496 τῷ
1240 2455 1338 2495 Πατρί.
1382 2455 1460 2489 Τίνος
1475 2449 1503 2484 δὲ
1518 2454 1597 2495 χάριν
1618 2449 1784 2495 εὐχαριστεῖ,
1794 2449 1854 2496 ’Ότι

1066 2503 1083 2537 ἡ
1109 2501 1196 2534 πίστις
1215 2502 1268 2530 τῶν
1294 2500 1440 2538 Ῥωμαίων
1465 2499 1677 2539 καταγγέλλεται
1701 2498 1727 2517 ²⁰
1752 2499 1778 2526 ἐν
1804 2495 1852 2533 ὅλῳ

1065 2546 1103 2585 τῷ
1124 2545 1228 2586 κόσμῳ.
1254 2543 1308 2575 Δύο
1321 2545 1408 2578 αὐτοῖς
1424 2548 1567 2585 μαρτυρεῖ,
1583 2544 1623 2573 ὅτι
1637 2556 1666 2574 τε
1691 2543 1852 2573 ἐπίστευσαν,

1067 2589 1113 2620 xui
1128 2589 1168 2619 ὅτι
1192 2589 1260 2628 μετὰ
1284 2589 1415 2626 τοσαύτης
1433 2588 1601 2630 παρῤησίας,
1617 2587 1687 2618 ὥστε
1702 2588 1750 2624 τὴν
1769 2585 1852 2630 ﬁat“:

1065 2635 1151 2664 αὐτῶν
1173 2634 1400 2674 καταγγέλλεσθαι
1429 2635 1457 2664 ἄν
1475 2625 1538 2675 ’ὅλῳ
1559 2636 1598 2674 τῷ
1626 2633 1735 2672 κόσμῳ,
1758 2630 1801 2660 καὶ
1819 2625 1851 2656 δι’

899 2746 993 2776 Variae
1014 2747 1165 2778 lectiones.

247 2810 268 2826 ιε
285 2809 355 2846 ἔχετε
370 2818 409 2838 ω,
448 2809 470 2826 ι⁷
484 2808 680 2845 προσληφθέντες
691 2817 730 2838 m.

777 2809 798 2827 ¹³
811 2809 915 2843 ηὔξησεν
927 2817 954 2838 o.
994 2809 1015 2826 ¹⁹
1028 2809 1164 2846 εὐεργεσίας
1175 2817 1203 2838 o.
1240 2808 1264 2826 ’°
1276 2808 1349 2846 ἡμεῖς
1359 2806 1406 2836 οὖν
1425 2817 1464 2837 m.
