1927 3076
60 172 106 199 337

311 326 860 384 THEOPHYLACTI

410 444 889 490 INIHHSTOLAM

513 170 689 199 EXPOSITIO
709 171 742 198 IN
762 171 867 198 EPIST.
888 171 934 199 AD
954 170 1036 198 ROM.
1060 186 1090 191 —
1111 171 1185 199 CAP.
1207 173 1227 199 1.

1650 175 1704 202 338

904 327 1448 386 COMMENTARIUS

930 446 1012 490 AD
1059 445 1355 492 ROMANO&

232 621 463 651 ΚΕΦΑΛΑΙΟΝ
494 621 661 651 ΠΡΩΤΟΝ.
864 624 889 654 Λ

96 705 108 721 ι
125 694 244 725 Παῦλος.
261 704 275 720 u
295 692 365 722 Οὔτε
381 694 395 721 ὁ
409 693 510 727 Μωσῆς
523 714 530 728 ,
547 692 605 722 οὔτε
621 695 714 724 πολλοὶ
728 696 779 725 τῶν
792 696 848 732 μετ’

60 739 140 772 αὐτὸν,
157 737 217 766 ἀλλ’
233 737 291 766 οὐδὲ
307 738 330 766 οἱ
350 736 535 774 εὖαγγελισταὶ
547 761 553 771 ,
568 738 601 766 τὰ
625 739 745 776 ὀνόματα
761 739 849 768 αὐτῶν

59 781 236 820 προτεθείκασι
264 783 316 810 τῶν
344 781 575 819 συγγραμμάτων.
606 781 641 812 ¢0
667 783 693 812 δὲ
721 783 849 820 μακάριος

60 823 140 862 οὗτος,
156 829 298 865 πανταχοῦ
325 827 377 854 τῶν
394 826 562 856 Ἐπιστολῶν
573 850 581 864 ,
605 827 634 856 τὸ
651 829 744 857 ἑαυτοῦ
765 827 849 865 ὄνομα

61 871 199 910 προτίθησι·
225 870 298 912 Ῠδιότι
328 871 423 900 ἐκεῖνοι
457 870 504 909 μὲν
536 872 601 910 πρὸς
633 872 692 905 τοὺς
718 873 851 912 παρόντας

60 916 182 957 ἔγραφον·
210 911 286 949 οὗτος
311 915 338 944 δὲ
367 915 411 944 διὰ
439 919 542 955 μακροῦ
572 916 606 945 τὰ
633 917 784 956 γράμματα
813 918 850 946 δι-

60 961 199 999 επέμπετο,
224 961 273 990 καὶ
306 959 413 993 εἰκότως
439 960 483 988 τὸν
509 960 588 998 νόμον
614 964 659 991 τοῦ
685 963 851 991 ἐπιστολικοῧ

61 1008 222 1046 χαρακτῆρος
239 1005 367 1044 ἐπλήρου.
393 1005 442 1035 Ἐν
473 1004 564 1043 μέντοι
585 1007 618 1045 τῇ
635 1006 699 1045 πρὸς
712 1005 854 1045 Ἑϐραίους

61 1052 86 1080 οὐ
111 1055 177 1079 ποιεῖ
204 1053 295 1079 τοῦτο.
319 1049 432 1085 Ἐπειδὴ
458 1049 511 1089 γὰρ
537 1053 661 1089 ἀπεχθῶς
688 1047 758 1090 εἶχον
787 1051 852 1089 πρὸς

62 1095 148 1132 αὐτὸν,
163 1094 207 1123 ἵνα
227 1094 267 1132 μὴ
285 1097 330 1124 τοῦ
346 1094 472 1131 ὀνόματος
496 1093 569 1127 εὐθὺς
594 1095 755 1128 ἀκούσαντες
781 1098 851 1125 ἀπο-

62 1140 206 1175 πηδήσωσι,
229 1138 342 1178 κρύπτει
366 1141 444 1168 τοῦτο
473 1141 498 1168 ἐν
521 1140 681 1177 προοιμίοις.
713 1140 792 1173 Τίνος
825 1140 851 1168 δὲ

63 1183 130 1212 ἕνεκα
146 1184 198 1212 ἀπὸ
215 1182 324 1213 Σαύλου
343 1184 451 1216 Παῦλος
477 1183 596 1222 ἕκλήθης
616 1182 679 1214 Ἵνα
702 1183 769 1221 μηδὲ
784 1185 852 1213 κατὰ

63 1231 130 1257 τοῦτο
143 1229 280 1267 ἐλαττωθῇ
294 1230 340 1257 τοῦ
364 1227 507 1268 χορυςραίου
529 1229 580 1256 τῶν
602 1229 759 1257 ἀποστόλων
770 1252 778 1265 ,
794 1230 852 1258 ἐπι-

63 1273 191 1308 κληθέντος
218 1274 321 1312 Κηφᾶ,
348 1272 362 1302 ὃ
387 1272 562 1311 ἑρμηνεύεται
593 1284 607 1301 ‹
627 1273 743 1312 Πέτρος,
763 1286 777 1300 ν
806 1273 852 1302 καὶ
870 1283 891 1314 Β

63 1319 108 1346 τῶν
121 1319 179 1347 υἱῶν
204 1317 354 1347 Ζεϐεδαίου
367 1340 375 1356 ,
400 1317 634 1355 ἐπονομασθέντων
659 1317 822 1357 Βοανεργὲς,
840 1318 854 1346 8

64 1363 126 1396 ἐστι,
139 1376 150 1388 ιι
165 1364 215 1391 υἱοὶ
232 1364 353 1402 βροντῆς.
369 1373 383 1390 »

100 1418 113 1433 ι
129 1408 234 1440 Δοῦλος.
255 1421 269 1432 ιι
289 1406 387 1436 Πολλοὶ
414 1407 532 1441 δουλείας
558 1407 662 1447 τρόποι.
687 1406 722 1436 ’0
738 1407 791 1436 ἀπὸ
806 1409 853 1442 τ’ῆς

64 1451 240 1492 δημιουργίας,
270 1453 328 1480 καθ’
347 1450 394 1486 ὃν,
426 1463 440 1479 ε
457 1451 500 1481 Τὰ
521 1451 609 1480 πάντα
633 1453 714 1480 δοῦλα
737 1451 780 1480 σά·
805 1464 819 1478 ν
839 1453 852 1480 ὁ

66 1496 111 1525 ἀπὸ
125 1499 169 1532 τῆς
191 1496 325 1532 πίστεως,
349 1495 408 1525 καθ’
434 1495 461 1524 ὃν
487 1495 599 1535 εἴρηται·
627 1495 720 1526 «UOH
735 1496 853 1532 ὑπηκού-

66 1552 121 1569 σατε
142 1543 176 1574 εἷς
203 1541 231 1570 ὃν
256 1540 422 1579 παρεδόθητε
446 1540 528 1570 τύπον
556 1541 716 1581 διδαχῆς-ὁ
739 1541 792 1570 ἀπὸ
805 1543 852 1575 τῆς

67 1585 203 1622 πολιτείας,
228 1586 289 1614 καθ’
303 1585 330 1614 ὃν
346 1586 392 1614 καὶ
410 1587 511 1620 Μωσῆς
533 1585 656 1625 θεράπων
673 1587 754 1615 Θεοῦ.
775 1585 852 1614 Κατὰ

67 1631 154 1664 πάντας
169 1626 211 1660 οὖν
226 1630 334 1664 τούτους
354 1629 412 1663 τοὺς
426 1630 557 1671 τρόπους,
581 1631 670 1664 δοῦλος
685 1632 698 1659 ὁ
716 1631 832 1663 Παῦλος.

105 1777 117 1793 α
135 1765 222 1801 Ἰησοῦ
239 1767 369 1805 Χριστοῦ.
392 1778 406 1793 ι
425 1764 468 1795 Τὰ
491 1767 539 1801 τῆς
560 1765 713 1803 οἰκονομίας
733 1764 851 1802 ὀνόματα

67 1809 249 1848 προϐάλλεται,
267 1810 320 1839 ἀπὸ
341 1812 393 1839 τῶν
410 1810 527 1839 κάτωθεν
554 1810 597 1840 ἐπὶ
612 1810 646 1839 τὰ
663 1809 718 1838 ἄνω
738 1809 851 1848 ἀνατρέ-

66 1865 124 1892 χων.
139 1856 189 1884 Καὶ
205 1855 258 1894 γὰρ
274 1854 342 1892 μετὰ
365 1854 413 1890 τὴν
433 1854 583 1893 σάρχωσιν,
599 1854 704 1889 Ἰησοῦς
723 1853 769 1883 καὶ
787 1855 852 1894 Χρι-

69 1899 129 1931 στός.
161 1899 292 1939 Ἐχρίσθη
321 1899 388 1938 γὰρ,
416 1900 499 1939 ἐλαίῳ
528 1899 575 1936 μὲν
607 1899 747 1936 οὐδαμῶς,
764 1901 801 1939 τῷ
827 1898 854 1927 δὲ

69 1944 126 1983 ἁγίῳ
156 1945 315 1981 Πνεύματι·
354 1943 368 1973 ὃ
397 1943 443 1973 καὶ
470 1943 629 1983 κυριώτερον
665 1944 771 1976 πάντως
809 1946 854 1972 τοῦ

69 1989 156 2019 ἐλαίου,
190 1988 258 2018 Ὀτι
277 1989 303 2018 δὲ
328 1991 373 2017 καὶ
393 1988 475 2028 χωρὶς
494 1991 542 2017 τοῦ
559 1988 648 2018 ἐλαίου
663 1988 750 2028 χρίσις
766 1987 853 2024 ἐστὶν,

70 2033 91 2061 ἓν
111 2033 176 2072 μόνῳ
252 2032 404 2070 Πνεύματι,
428 2033 549 2062 ἄκουσον·
570 2045 584 2061 u
602 2032 649 2068 Μὴ
672 2033 785 2062 ἅπτεσθε
801 2034 852 2061 τῶν

71 2079 172 2115 χριστῶν
192 2089 251 2115 μου·
277 2091 290 2104 υ
304 2078 429 2117 περὶτῶν
442 2078 494 2117 πρὸ
506 2081 551 2107 τοῦ
566 2077 646 2116 νόμου
661 2077 713 2117 γὰρ
729 2079 742 2106 δ
758 2077 833 2116 λόγος
843 2100 851 2114 ,

70 2120 105 2149 ὅτε
118 2122 171 2151 οὐδὲ
189 2122 273 2161 ὄνομα
291 2123 336 2157 τῆς
350 2124 396 2151 τοῦ
410 2121 498 2152 ἐλαίου
518 2122 633 2162 χρίσεως
648 2117 690 2158 ἧν.
859 2128 861 2131 ’

869 1975 892 2006 C

104 2221 117 2239 α
132 2211 239 2248 Κλητός.
268 2222 283 2240 ››
304 2211 552 2251 Ταπεινοφροσύνης
578 2211 609 2240 τὸ
628 2213 710 2252 ρῆμαν
735 2212 854 2242 δείκνυσι

72 2254 130 2302 γὰρ)
145 2255 184 2286 ὅτι
199 2257 245 2286 οὐχ
261 2255 338 2289 αὐτὸς
354 2255 472 2292 ζητήσας
485 2251 570 2296 εῧρεν,
586 2251 662 2302 ἀλλόε
678 2256 783 2292 κληθεὶς
798 2269 854 2285 πα-

73 2299 186 2338 ρεγίνετο.

109 2356 122 2372 ι
140 2345 307 2378 Ἀπόστολος.
323 2356 338 2374 ι)
356 2347 442 2376 Τοῦτο
455 2345 556 2375 τέθεικε
576 2346 641 2386 πρὸς
655 2345 855 2381 ἀντιδιαστολῆν

73 2389 116 2417 τῶν
130 2390 219 2429 ἑτέρων
243 2392 360 2426 κλητῶν.
380 2390 435 2420 Καὶ
458 2390 555 2424 πάντες
578 2391 625 2425 μὲν
646 2390 697 2430 γὰρ
712 2392 736 2419 οἱ
753 2390 855 2426 πιστοὶ,

73 2433 161 2469 κλητοί·
176 2435 233 2464 ἀλλ’
261 2436 355 2464 ἐκεῖνοι
378 2434 446 2474 μὲν,
472 2436 551 2475 μέχρι
574 2437 619 2464 τοῦ
636 2438 787 2465 πιστεῦσαν
803 2434 856 2474 ἐγὼ

74 2477 110 2513 δὲ,
122 2478 197 2518 φησὶ,
210 2479 256 2509 καὶ
271 2480 319 2515 τὴν
335 2479 486 2515 ἀποστολὴν
509 2479 686 2519 ἐνεχειρίσθην
699 2503 706 2516 ,
727 2480 760 2514 ἣν
782 2479 828 2508 καὶ
842 2481 856 2508 ὁ

75 2520 174 2561 Χριστὸς
203 2523 398 2565 ἐγκεχείριστο,
426 2524 501 2565 παρὰ
535 2527 580 2554 τοῦ
606 2524 712 2565 Πατρὸς
737 2525 855 2554 ἀποστα-

75 2566 128 2600 λείς.

111 2623 123 2640 ι
136 2612 324 2653 Ἀφωρισμένος
341 2615 377 2648 εἰς
393 2614 556 2654 Εὖαγγέλιον
573 2615 655 2645 Θεοῦ.
672 2626 688 2642 ι
704 2613 858 2650 Τουτέστιν,

77 2655 326 2698 Ἀποιιειιληρωμένος
345 2660 381 2693 εἷς
396 2658 444 2696 τὴν
461 2662 508 2688 τοῦ
524 2658 689 2698 Εὖαγγελίου
704 2657 852 2688 διακονίαν.

80 2700 124 2729 Καὶ
147 2701 229 2736 ἄλλως
254 2703 298 2740 δὲ,
323 2703 370 2741 τὸ,
400 2715 415 2733 «
440 2703 649 2745 ’Ᾱφωρισμένος,
675 2715 690 2731 n
707 2702 766 2732 ἀντὶ
790 2705 854 2738 τοῦ,

80 2745 266 2787 Προωρισμένος
281 2750 316 2782 εἷς
331 2751 417 2778 τοῦτο·
440 2750 476 2782 ὡς
497 2748 543 2778 χαὶ
565 2748 630 2788 πρὸς
653 2747 786 2788 Ἰερεμίαν
802 2759 855 2788 φη-

1139 628 1157 658 3
1173 628 1295 655 CAPUT
1312 629 1469 655 PRIMUM.

941 697 1028 723 Vens.
1041 699 1066 723 1.
1083 696 1218 723 «Paulus.
1234 707 1246 718 ι·
1262 696 1354 730 Neque
1372 697 1470 726 510595,
1482 703 1570 730 neque
1584 696 1703 732 plerique

904 740 960 773 alii,
982 740 1029 776 qui
1052 740 1129 768 illum
1156 744 1221 767 sunt
1240 740 1390 773 subsecuti.
1410 739 1466 767 imo
1481 748 1568 776 neque
1584 749 1704 775 evange-

903 785 973 813 lista;
988 785 1099 812 nomina
1114 792 1162 812 sua
1178 785 1286 819 scriptis
1301 784 1358 811 suis
1373 789 1591 820 praeposuerunt.
1617 785 1704 812 Divus

905 834 996 857 autem
1010 830 1072 863 iste,
1088 829 1189 865 ubique
1207 829 1336 864 Epistolis
1349 830 1405 856 suis
1421 837 1520 856 nomen
1533 837 1614 857 suum
1632 838 1704 864 prte-

907 874 984 909 ponit
1000 883 1007 902 :
1032 873 1107 910 quod
1121 873 1160 900 illi
1176 873 1290 909 quidem
1314 873 1349 901 ad
1369 878 1517 908 praesentes
1531 874 1704 907 scribebant.

905 919 950 946 hic
960 926 1023 946 vero
1038 926 1053 946 e
1075 918 1224 953 longinquo
1238 917 1342 945 litteras
1352 917 1487 949 mittebat.
1499 922 1526 945 et
1538 922 1567 945 ut
1578 926 1627 953 par
1637 923 1705 951 erat,

905 963 1070 991 characteris
1089 962 1243 998 epistolaris
1257 963 1342 998 legem
1357 963 1522 998 complebat.
1540 964 1571 989 In
1587 963 1705 998 Epistola

906 1012 1001 1036 tamen
1027 1007 1060 1035 ad
1075 1007 1207 1035 Hebraeos
1230 1007 1302 1034 istud
1316 1014 1372 1034 non
1397 1006 1470 1034 facit.
1487 1008 1558 1035 Nam
1573 1007 1704 1042 quoniam

907 1052 1008 1080 infesto
1021 1060 1084 1087 erga
1107 1051 1196 1087 ipsum
1222 1055 1301 1079 erant
1315 1051 1419 1084 animo,
1434 1059 1469 1079 ne
1491 1051 1597 1084 statim.
1613 1052 1705 1080 audito

906 1098 966 1134 ejus
987 1098 1110 1129 nomine,
1132 1097 1254 1132 protinus
1272 1096 1415 1127 resilire-ut.
1432 1096 1502 1124 istud
1524 1097 1550 1124 in
1567 1097 1705 1132 prommio

907 1143 1036 1170 occultat.
1064 1142 1148 1177 Cujus
1169 1145 1262 1168 autem
1289 1141 1329 1168 rei
1345 1141 1430 1176 gratia
1455 1149 1486 1168 cx
1510 1141 1590 1168 Saulo
1608 1142 1706 1169 Paulus

907 1188 998 1216 dictus
1022 1189 1080 1215 est?
1096 1188 1135 1214 Ut
1157 1193 1247 1222 neque
1263 1185 1291 1212 in
1315 1185 1379 1218 hoc,
1399 1185 1586 1221 apostolorum
1601 1187 1704 1214 antesi—

909 1241 1011 1269 gnano,
1026 1232 1073 1268 qui
1087 1231 1195 1266 Ceplias
1209 1230 1360 1266 appellatus
1374 1235 1425 1262 est,
1441 1230 1513 1266 quod
1530 1231 1608 1263 valet.
1625 1231 1646 1258 si
1664 1231 1704 1258 in-

906 1277 1073 1314 terpreteris,
1092 1286 1105 1301 (ι
1120 1277 1217 1303 Petrus
1231 1284 1245 1300 η
1265 1295 1272 1308 ,
1288 1274 1380 1302 minor
1395 1279 1466 1302 esset
1491 1283 1497 1302 :
1515 1279 1562 1302 aut
1577 1275 1639 1302 liliis
1655 1277 1704 1303 Ze-

907 1323 1006 1355 bedaai,
1029 1321 1076 1357 qui
1091 1323 1254 1356 Boanerges,
1271 1319 1298 1347 id
1312 1324 1362 1353 est,
1381 1329 1394 1344 ι(
1410 1319 1470 1347 Filii
1484 1320 1607 1353 tonitrui,
1627 1330 1641 1346 ι)
1657 1328 1705 1348 co-

907 1367 1061 1405 gnominati
1080 1365 1168 1393 fuere.

947 1423 960 1438 α
984 1414 1090 1439 Servus.
1118 1420 1132 1435 ν
1160 1409 1302 1437 Servitutis
1325 1409 1403 1436 multi
1430 1413 1493 1436 sunt
1514 1409 1599 1437 modi.
1626 1409 1706 1437 Alius

907 1457 1019 1493 quidem
1032 1456 1066 1483 ab
1082 1454 1190 1490 opificio
1205 1459 1233 1481 et
1242 1454 1391 1486 creatione,
1406 1453 1556 1481 secundum
1570 1462 1651 1489 quem
1665 1454 1704 1482 di-

907 1503 979 1530 citur
994 1511 1001 1529 :
1020 1511 1032 1527 ί(
1048 1501 1149 1529 Omnia
1162 1499 1210 1527 tibi
1224 1499 1348 1527 serviunt
1358 1501 1404 1532 a';
1423 1509 1436 1525 η
1448 1500 1517 1527 alius
1527 1507 1541 1527 a
1552 1499 1615 1532 ﬁde,
1627 1500 1704 1535 juxta

907 1555 991 1583 quem
1005 1546 1113 1574 dictum
1137 1548 1179 1572 est
1202 1553 1209 1572 :
1229 1554 1242 1570 ‹(
1257 1545 1394 1580 Quoniam
1409 1545 1560 1578 obediistis,
1584 1545 1609 1572 in
1624 1553 1704 1580 quam

907 1591 998 1619 traditi
1023 1590 1098 1623 estis,
1116 1589 1235 1617 formam
1255 1588 1389 1617 doctrinae
1403 1588 1434 1622 lt;
1448 1599 1461 1614 »
1478 1589 1546 1616 alius
1560 1597 1575 1616 a
1588 1589 1650 1617 vitae
1663 1589 1704 1616 in-

906 1637 1005 1664 stituto
1031 1643 1107 1671 :quo
1122 1634 1204 1662 modo
1223 1635 1313 1661 Moses
1333 1633 1422 1661 dictus
1436 1639 1478 1661 est
1500 1633 1618 1662 famulus
1645 1633 1703 1661 Dei.

907 1680 1025 1708 Proinde
1056 1678 1146 1707 modis
1185 1678 1228 1706 his
1254 1678 1384 1706 omnibus
1416 1677 1515 1706 Paulus
1549 1678 1706 1706 nominatur

904 1733 1007 1753 servus.

943 1780 957 1796 ιι
969 1771 1032 1797 Jesu
1047 1769 1159 1797 Christi.
1176 1779 1190 1794 ι)
1205 1768 1386 1796 OEconomiae
1397 1772 1424 1795 et
1433 1768 1642 1803 dispensationis
1652 1777 1703 1796 n0-

907 1815 981 1842 mina
1002 1814 1144 1850 praeponit.
1168 1813 1202 1841 ab
1218 1812 1392 1840 inferioribus
1411 1813 1445 1840 ad
1460 1813 1596 1847 superiora
1612 1821 1704 1840 recur-

909 1867 979 1887 rens.
1006 1859 1116 1886 Etenim
1144 1862 1205 1892 post
1223 1857 1450 1889 incarnationem,
1472 1857 1559 1887 Jesus.
1575 1861 1602 1884 et
1623 1857 1703 1885 Chri-

909 1908 978 1936 stus.
1004 1903 1030 1931 id
1051 1908 1100 1937 est,
1119 1904 1237 1935 Unctus,
1257 1901 1345 1929 dictus
1359 1905 1400 1929 est
1423 1906 1544 1929 :uuctus
1563 1902 1637 1929 enim
1652 1906 1704 1935 est,

911 1948 1123 1984 haudquaquam
1138 1947 1209 1980 oleo,
1227 1946 1273 1974 sed
1288 1946 1388 1982 Spiritu
1402 1950 1507 1979 sancto,
1523 1946 1569 1982 qui
1586 1946 1645 1973 oleo
1666 1951 1707 1974 est

902 1993 1023 2021 'omnino
1049 1991 1202 2028 pretiosior.
1226 1993 1313 2019 Porro
1333 1991 1405 2026 quod
1431 1991 1525 2018 unctio
1541 1991 1624 2018 etiam
1648 1991 1706 2018 sine

909 2037 970 2066 oleo
992 2038 1039 2072 sit,
1055 2045 1102 2073 per
1116 2037 1247 2072 Spiritum
1269 2036 1371 2070 solum,
1386 2035 1449 2063 audi
1468 2044 1474 2062 :
1502 2046 1515 2060 (ι
1532 2036 1572 2063 Ne
1590 2035 1707 2071 tangatis

908 2087 1007 2111 unctos
1022 2090 1098 2110 meos
1111 2109 1123 2121 ρ
1135 2103 1142 2110 .
1157 2092 1170 2107 ι)
1185 2080 1266 2116 Quod
1278 2081 1404 2114 verbum,
1424 2080 1457 2108 de
1470 2080 1511 2111 iis,
1526 2080 1572 2116 qui
1586 2083 1648 2107 ante
1667 2080 1706 2107 le—

909 2136 970 2163 gem
982 2127 1070 2161 fuere,
1085 2126 1276 2162 accipiendum
1292 2129 1343 2159 est,
1358 2133 1412 2160 quo
1429 2130 1554 2160 tempore
1569 2124 1708 2152 unctionis

909 2181 957 2209 per
971 2173 1063 2201 oleum
1088 2179 1123 2199 ne
1137 2179 1238 2199 nomen
1253 2170 1364 2206 quidem
1379 2170 1511 2198 innotuit.

947 2227 961 2244 ‹‹
984 2218 1118 2245 Vocatus.
1138 2226 1152 2242 ι)
1169 2216 1289 2244 Humilis
1303 2219 1329 2243 et
1344 2215 1463 2243 modesti
1479 2215 1564 2243 animi
1581 2215 1632 2242 hoc
1647 2222 1707 2242 ver-

910 2262 976 2290 bum
990 2266 1041 2290 est.
1058 2261 1163 2289 indicat
1180 2260 1254 2288 enim
1272 2260 1346 2296 quod
1361 2267 1417 2287 non
1433 2259 1490 2296 ipse
1504 2259 1652 2295 quaerendo
1665 2258 1707 2286 in-

909 2307 1024 2340 venerit.
1041 2305 1089 2334 sed
1105 2309 1217 2333 vocatus
1230 2305 1383 2332 accesserit.

949 2361 963 2377 (ι
986 2351 1143 2386 Apostolus.
1161 2359 1175 2375 η
1193 2351 1254 2377 Hoc
1269 2349 1361 2384 posuit
1375 2348 1408 2377 ad
1431 2348 1546 2376 aliorum
1561 2348 1708 2377 discrimen

911 2397 959 2433 qui
973 2395 1061 2423 vocati
1086 2399 1159 2422 sunt.
1177 2394 1288 2422 Etenim
1311 2393 1404 2422 ﬁdeles
1419 2402 1526 2426 omnes,
1544 2394 1631 2421 vocati
1648 2402 1655 2421 :
1682 2398 1710 2421 at

909 2441 949 2469 illi
959 2441 993 2468 ad
1007 2440 1179 2468 credendum
1194 2439 1328 2466 duntaxat
1346 2447 1352 2465 :
1367 2438 1435 2465 Mihi
1451 2446 1526 2472 vero,
1538 2438 1635 2474 inquit,
1645 2446 1710 2466 mu-

907 2486 980 2514 ueris
1000 2484 1143 2520 apostolici
1166 2483 1279 2515 functio.
1301 2491 1348 2510 seu
1371 2483 1469 2518 legatio
1496 2484 1643 2511 commissa
1657 2488 1709 2515 est,

911 2538 972 2566 qua:
986 2535 1014 2558 et
1028 2529 1147 2563 Christo,
1162 2537 1226 2557 cum
1241 2537 1256 2556 a
1267 2529 1347 2556 Patre
1367 2528 1532 2562 mitteretur,
1547 2527 1710 2556 concredita

911 2579 980 2603 erat.

955 2629 970 2646 «
983 2621 1146 2656 Segregatus
1162 2619 1191 2646 in
1206 2618 1385 2654 Evangelium
1399 2618 1466 2653 .Dei.
1486 2629 1497 2642 ι
1513 2619 1573 2645 Hoc
1593 2620 1643 2650 est,
1663 2618 1711 2644 Se-

918 2665 1004 2693 lectus
1027 2664 1063 2693 ad
1088 2663 1228 2700 Evangelii
1252 2663 1441 2691 ministerium.
1465 2662 1554 2690 Aliter
1572 2665 1665 2689 autem
1685 2665 1713 2689 et

910 2720 925 2737 α
948 2711 1124 2746 Segregatus,
1142 2719 1156 2735 ι)
1183 2717 1231 2745 pro
1245 2716 1288 2742 eo,
1303 2710 1331 2746 4
1345 2707 1420 2743 quod
1445 2711 1486 2735 est
1500 2706 1714 2734 Praedestinatus

910 2750 945 2779 ad
969 2750 1033 2783 hoc,
1048 2750 1193 2786 accipitur;
1216 2753 1247 2777 ut
1261 2756 1325 2777 cum
1349 2747 1384 2776 ad
1396 2747 1545 2776 Jeremiam
1561 2748 1635 2774 Deus
1650 2746 1689 2774 ait
1704 2753 1711 2772 :

108 2843 119 2856 ⁵
131 2842 142 2852 '
164 2841 235 2870 Psal.
260 2849 368 2877 cxvul,
395 2845 440 2871 91.
462 2844 475 2860 υ
490 2844 574 2871 Rom.
591 2850 634 2877 Vi,
651 2846 692 2870 17.
708 2843 719 2858 ε
735 2841 806 2870 Psal.
821 2849 851 2877 x,
869 2844 912 2868 15.
