1927 3076
235 177 286 204 339

743 172 942 201 THEOPHYLA
948 172 1000 200 CT]
1019 172 1197 200 BULGARIJE
1215 173 1370 201 ARCHIEP.

1824 177 1866 204 340

237 249 251 265 ‹‹
266 238 430 274 Priusquam
445 237 532 265 exires
551 244 584 265 ex
599 237 714 265 matrice
733 236 900 264 sanctiﬁcavi
918 240 945 263 te
960 235 972 253 α
985 257 991 263 .
1015 246 1029 261 ››

1096 235 1127 264 τὶν
1145 237 1158 264 ὁ
1172 236 1247 269 Θεός·
1267 248 1281 264 α
1296 237 1351 277 Πρὸ
1365 240 1410 268 τοῦ
1426 249 1456 267 σε
1479 238 1589 271 ἐξελθεῖν
1604 239 1635 267 ἐκ
1650 237 1750 277 μήτρας
1761 260 1768 274 ,
1780 238 1868 278 ἠγίακπί

235 283 395 319 Quinetiam
410 283 466 318 ipse
478 282 578 310 Paulus
588 281 651 310 alibi
665 281 703 309 ait
718 290 725 309 :
742 291 756 307 (ι
770 280 888 316 Quando
900 281 986 308 visum
999 285 1039 308 est

236 330 306 362 Deo,
322 328 368 365 qui
389 335 433 356 me
455 327 606 364 segregavit
619 335 650 354 ex
674 331 753 355 utero
768 326 865 354 matris
887 333 958 354 meae
973 330 1004 353 ε.
1022 336 1036 352 »

237 374 324 401 Porro
339 381 395 401 non
410 372 512 400 frustra
527 372 604 406 dicit,
633 381 646 397 ‹‹
662 373 783 400 Vocatus
799 379 871 406 sum,
895 375 923 399 et
945 379 1038 407 segre-

237 422 316 454 gatus
328 417 356 446 in
371 417 561 453 Evangelium.
588 428 602 442 η
618 417 759 452 Quoniam
782 424 846 444 vero
861 417 886 444 ei
905 415 939 444 ad
960 423 1037 444 arro-

237 466 332 499 gantes
345 470 438 490 sermo
453 466 521 496 erat,
537 461 614 490 illum
627 461 680 490 ﬁde
694 461 808 497 dignum
823 460 917 494 efﬁcit,
932 468 983 488 ceu
996 460 1037 489 di-

238 508 340 536 vinitus
364 507 491 535 missum.
522 506 702 543 Evangelium
726 510 819 534 autem
841 505 951 539 dicitur,
982 513 1038 533 non

237 552 325 580 solum
348 556 458 588 propter
471 551 542 579 bona
561 551 620 587 jam
647 555 768 587 peracta,
793 558 888 578 verum
903 551 986 578 etiam
1002 550 1038 578 ob

238 597 339 625 futura.
362 596 525 625 Consolatur
549 596 658 631 insuper
683 595 837 623 auditorem
864 595 923 630 ipso
942 595 1037 623 statim

239 641 377 678 Evangelii
391 641 513 669 nomine.
527 641 589 669 Non
602 641 675 668 enim
689 640 779 668 tristia
793 639 934 676 quaedam,
948 639 1036 676 qualia

239 685 435 723 prophetarum
448 685 585 719 vaticinia,
609 685 657 714 sed
672 685 878 713 innumerorum
901 685 1037 712 bonorum

240 731 387 759 thesauros
405 731 582 767 Evangelium
596 730 796 766 complectitur.
812 729 929 762 Deinde.
946 731 1037 757 Evan-

241 776 341 812 gelium
359 775 410 804 hoc
433 775 485 804 Dei
500 779 550 807 est.
567 775 620 803 hoc
646 779 688 803 est
709 775 808 808 Patris,
833 779 892 802 tum
911 773 984 810 quod
1004 773 1038 801 ab

241 821 300 857 ipso
325 820 459 849 donatum
485 820 531 855 sit,
559 825 619 848 tum
644 819 717 856 quod
742 819 832 855 ipsum
858 818 1038 846 manifestum

241 865 346 893 reddat.
373 865 432 893 Etsi
453 865 525 893 enim
550 865 577 892 in
598 864 688 893 Veteri
708 866 888 892 Testamento
912 863 1038 900 cognitus

241 914 310 944 erat,
330 910 396 938 solis
411 914 505 938 tamen
528 909 631 938 Judaeis
649 913 709 938 erat
724 909 858 945 cognitus,
874 916 963 945 neque
986 908 1038 936 illis

1091 292 1131 311 σε.
1151 291 1166 309 n
1187 282 1241 310 Καὶ
1255 283 1269 310 ὁ
1286 283 1390 316 Παῦλος
1404 282 1431 312 δὲ
1443 282 1518 316 αὐτὸς
1534 284 1652 322 ἀλλαχοῦ
1669 294 1746 324 φησιν
1759 295 1764 302 ·
1783 294 1798 312 ιι
1809 282 1867 313 Ὀτε

1090 325 1230 362 εὐδόκησεν
1254 328 1267 355 ὁ
1284 327 1364 362 Θεὸς,
1382 329 1395 357 ὃ
1417 327 1546 368 ἀφορίσας
1568 339 1600 366 με
1624 329 1654 357 ἐκ
1674 327 1771 361 κοιλίας
1785 328 1869 367 μητρός

1091 382 1152 408 μου.
1166 382 1180 400 ››
1198 371 1239 401 Οὐ
1256 371 1342 410 μάτην
1357 372 1383 402 δὲ
1398 372 1469 412 λέγει
1480 395 1488 409 ,
1508 372 1548 401 ὅτι
1574 384 1588 401 a
1604 372 1708 409 Κλητός
1724 375 1792 411 εἶμι,
1805 385 1819 401 ι
1831 373 1869 401 καὶ

1091 415 1130 444 ὅτι
1149 427 1163 444 α
1179 415 1371 456 Ἀφωρισμένος
1392 418 1428 450 εἷς
1443 417 1472 446 τὸ
1487 417 1662 456 Εὖαγγέλιον.
1681 429 1696 446 ιι
1709 417 1779 447 Ἀλλ’
1790 418 1870 453 ἐπειδὴ

1091 461 1156 501 πρὸς
1187 460 1316 495 ἀλαζόνας
1337 457 1368 498 ἧν
1385 464 1399 491 ὁ
1422 462 1497 502 λόγος
1521 463 1609 502 αὐτῷ,
1636 462 1782 497 ἀξιόπιστον
1803 463 1871 491 αὐτὸν

1090 505 1179 544 ποιεῖ,
1201 508 1236 539 ὡς
1261 506 1346 536 θεόθεν
1366 507 1439 536 ὄντα.
1472 507 1635 546 Εὖαγγέλιον
1660 506 1688 536 δὲ
1715 507 1830 546 λέγεται,
1846 507 1871 535 οὐ

1091 549 1134 579 διὰ
1154 551 1187 580 τὰ
1203 551 1332 590 γενόμενα
1345 552 1431 591 ἀγαθὰ
1445 552 1524 590 μόνον
1535 574 1543 590 ,
1560 551 1630 582 ἀλλὰ
1645 551 1690 580 καὶ
1707 551 1749 581 διὰ
1764 551 1795 580 τὰ
1814 552 1872 589 μέλ-

1091 595 1182 625 λοντα.
1210 597 1415 636 Παραμυθεῖται
1438 596 1524 626 δὲκαὶ
1540 597 1584 625 τὸν
1602 595 1734 636 ἀκροατὴν
1752 595 1820 629 εὐθὺς
1835 595 1870 624 διὰ

1091 643 1136 668 τοῦ
1159 640 1297 678 ὀνόματος.
1325 641 1366 670 Οὖ
1389 641 1440 681 γὰρ
1457 640 1603 681 σκυθρωπά
1625 653 1703 677 τινα,
1722 636 1762 670 οἶα
1783 641 1814 669 τὰ
1826 642 1871 668 τῶν

1091 687 1252 725 προφητῶν,
1271 685 1339 715 ἀλλὰ
1359 685 1460 726 μυρίων
1487 687 1592 724 ἀγαθῶν
1618 686 1763 725 θησαυροὺς
1777 686 1788 702 ⁵
1802 696 1871 723 περι-

1092 728 1157 768 ἔχει.
1174 730 1214 760 Τὸ
1229 730 1256 759 δὲ
1273 730 1434 769 Εὖαγγέλιον
1455 734 1531 760 τοῦτο
1550 733 1597 761 τοῦ
1620 731 1690 761 Θεοῦ
1715 731 1784 768 ἐστι⁷
1803 741 1872 758 τουτ-

1092 773 1163 811 έστι,
1178 779 1223 804 τοῦ
1237 775 1356 815 Πατρὸς,
1371 775 1415 805 καὶ
1429 778 1464 809 ὡς
1479 775 1596 815 δωρηθὲν
1612 777 1675 815 παρ’
1687 776 1773 810 αὐτοῦ,
1787 774 1828 803 καὶ
1842 775 1872 806 ὡς

1091 818 1215 858 γνωρίζον
1230 820 1317 850 αὐτόν.
1343 821 1378 850 Εἰ
1391 820 1442 860 γὰρ
1464 819 1510 849 καὶ
1533 821 1558 849 ἐν
1580 822 1614 860 τῇ
1631 821 1739 858 Παλαιᾷ
1753 819 1871 858 ἔγνωστο,

1093 863 1151 892 ἀλλ’
1167 864 1302 898 Ἰουδαίοις
1324 864 1425 903 μόνοις·
1450 864 1495 894 καὶ
1511 864 1569 895 οὐδὲ
1590 864 1706 900 τούτοις,
1719 866 1753 897 ὡς
1775 862 1870 901 Πατήρ·

1090 907 1197 948 ὕστερον
1223 909 1249 938 δὲ
1275 908 1316 938 διὰ
1339 911 1386 938 τοῦ
1411 909 1576 948 Εὖαγγελίου
1599 909 1760 948 ἐξεκαλύφθη
1781 909 1811 947 τῇ
1835 907 1869 935 0i-

240 955 315 991 ipsis,
330 959 361 982 ut
375 957 463 983 Pater.
484 956 580 983 Postea
595 962 658 982 vero
678 962 726 990 per
741 953 919 989 Evangelium
937 953 1037 981 revela-

1096 953 1208 993 κουμένῃ
1224 953 1317 994 πάσῃ,
1334 953 1403 993 μετὰ
1424 957 1469 983 τοῦ
1489 955 1566 984 Υῖοῦ.

240 1003 286 1028 tus
302 1004 343 1028 est
357 1000 484 1028 universo
502 1003 638 1028 terrarum
651 999 723 1034 orbi,
739 1007 793 1027 una
808 1007 871 1027 cum
886 998 956 1027 Filio
975 1006 1036 1026 suo.

279 1069 368 1096 Vsus.
384 1070 410 1095 2.
427 1079 441 1092 ι
457 1066 538 1104 Quod
555 1071 634 1095 antea
649 1067 815 1103 promiserat
827 1074 878 1102 per
892 1066 1039 1102 prophetas

240 1121 314 1141 suos.
330 1123 343 1139 ι)
359 1114 430 1141 Cum
443 1117 578 1149 tanquam
592 1120 704 1145 novam,
721 1111 944 1147 praedicationem
963 1111 1037 1139 illam

240 1157 382 1195 Evangelii
391 1157 635 1191 calumniarentur,
645 1157 817 1185 demonstrat
829 1156 882 1184 hoc
894 1156 984 1192 ipsum
994 1156 1038 1183 vel

241 1203 344 1231 Graecis
359 1203 425 1237 (sive
447 1201 586 1239 gentibus)
604 1201 745 1238 antiquius
758 1209 827 1235 esse,
842 1205 870 1229 et
881 1201 908 1228 in
923 1200 1039 1237 prophe-

240 1248 275 1276 tis
293 1247 352 1284 jam
376 1251 455 1275 antea
470 1246 660 1283 perscriptum.
677 1247 812 1274 Praeterea
835 1246 926 1281 ipsum
950 1246 1038 1273 Evan-

241 1292 302 1329 gelii
328 1291 492 1320 vocabulum
514 1292 542 1319 in
558 1291 662 1319 Davide
677 1291 822 1325 invenitur,
838 1290 906 1318 dum
926 1290 1014 1326 inquit
1031 1299 1037 1317 :

245 1347 258 1363 ι(
278 1337 416 1365 Dominus
430 1336 507 1364 dabit
524 1336 637 1365 verbum
663 1335 921 1372 evangelizantibus,
940 1335 1038 1363 virtute

241 1382 328 1410 multa
350 1378 368 1409 ί.
394 1392 408 1408 ››
430 1383 465 1409 Et
489 1382 516 1409 in
540 1381 607 1409 lsaia
633 1390 640 1408 :
660 1390 673 1407 (ι
699 1382 788 1416 Quam
817 1379 930 1416 speciosi
956 1379 1039 1416 pedes

241 1426 483 1463 evangelizantium
497 1433 593 1462 pacem
607 1431 620 1449 ε
632 1446 639 1454 .
661 1437 674 1452 υ

278 1504 293 1521 ι(
317 1496 349 1522 ιη
371 1493 519 1530 Scripturis
542 1493 654 1521 sanctis.
675 1503 688 1519 ι)
707 1494 769 1520 Non
783 1492 855 1521 enim
870 1492 949 1520 verba
964 1492 1037 1520 dun-

240 1544 317 1568 taxat
335 1538 474 1575 prophetae
488 1538 622 1571 fecerunt,
641 1537 689 1565 sed
714 1542 742 1565 et
756 1537 851 1564 litteris
872 1537 1038 1565 mandarunt

241 1591 302 1618 sua,
327 1591 360 1612 ac
379 1591 427 1620 per
441 1590 484 1610 res
498 1582 651 1619 ﬁgurarum
672 1591 678 1609 ε
695 1581 935 1618 quemadmodum
950 1582 1037 1610 Abra-

1097 1592 1140 1622 διὰ
1163 1595 1209 1622 τοῦ
1233 1593 1336 1634 ὄφεως,

242 1629 308 1656 ham
331 1635 379 1664 per
399 1629 535 1660 Isaacum,
551 1631 579 1655 et
602 1628 695 1655 Moses
722 1634 769 1662 per
786 1630 954 1662 serpentem,
980 1634 1040 1655 ma-

240 1680 383 1709 nuumque
398 1671 596 1705 extensionem,
613 1672 731 1708 agnique
745 1671 952 1699 mactationem.
975 1673 1040 1700 Ete-

242 1717 299 1745 nim
314 1725 379 1745 cum
389 1715 475 1744 ardua
490 1716 628 1752 quapiam
640 1716 786 1744 moliturus
801 1720 842 1744 est
851 1717 938 1750 Deus,
953 1717 1040 1744 multo

242 1761 340 1790 eadem
347 1765 409 1789 ante
419 1765 545 1797 tempore
555 1761 724 1790 vaticinatur
735 1769 767 1790 ac
779 1761 910 1798 praedicit.
922 1761 1039 1796 Quando

243 1814 309 1843 ergo
323 1807 362 1834 ait
375 1806 449 1843 quod
465 1815 472 1834 :
492 1816 505 1832 α
529 1807 610 1835 Multi
633 1806 774 1843 prophetae
791 1807 937 1843 cupierunt
950 1806 1041 1835 videre

243 1860 304 1889 qua:
320 1851 426 1886 videtis,
441 1855 468 1880 et
480 1859 538 1879 non
549 1851 677 1880 viderunt
690 1851 702 1870 ¹¹
715 1861 721 1879 ;
740 1862 754 1878 ››
769 1852 822 1880 hoc
841 1851 915 1886 dicit,
929 1859 1039 1888 nempe,

242 1896 316 1934 quod
337 1904 449 1925 carnem
476 1896 552 1924 illam
574 1904 654 1925 suam
681 1904 739 1924 non
765 1896 893 1930 viderint,
916 1896 1041 1933 adeoque

241 1942 318 1979 signa
337 1941 405 1978 ipsa,
421 1949 482 1978 quae
494 1941 617 1977 ipsorum
631 1941 718 1969 oculis
729 1940 839 1969 fuerant
852 1941 984 1977 exposita.

277 2011 367 2038 Vnus.
382 2013 409 2038 3.
425 2020 438 2036 «
456 2011 498 2037 De
516 2009 586 2037 Filio
602 2017 663 2044 suo,
678 2009 724 2045 qui
739 2013 822 2036 natus
836 2013 878 2036 est
891 2016 924 2036 ex
937 2010 1041 2037 semine

243 2054 330 2083 David
343 2053 496 2083 secundum
516 2062 638 2082 carnem.
654 2064 667 2080 ››
685 2053 738 2081 Hic
752 2053 892 2089 perspicue
908 2053 975 2081 duas
995 2062 1040 2090 ge-

243 2100 401 2128 nerationes
414 2098 573 2127 manifestat
589 2108 595 2126 :
608 2106 656 2134 per
668 2097 720 2126 hoc
730 2098 806 2126 enim
821 2097 893 2133 quod
908 2098 954 2131 ait,
971 2108 983 2124 (ι
1000 2100 1040 2126 De

245 2145 310 2173 Filio
326 2145 395 2181 ejus.
420 2155 433 2169 »
451 2144 503 2172 hoc
515 2148 557 2172 est
569 2143 628 2175 Dei,
645 2151 792 2178 supernam
813 2143 1016 2178 generationem
1031 2153 1037 2170 :

243 2197 290 2226 per
305 2189 358 2218 hoc
369 2193 461 2217 autem
477 2187 550 2224 quod
565 2187 691 2224 apponit,
710 2197 724 2213 ι(
739 2189 780 2215 Ex
793 2187 897 2215 semine
911 2187 1007 2221 David,
1024 2198 1036 2213 ι)

242 2234 398 2262 inferiorem
413 2233 494 2261 hanc.
512 2232 652 2269 Adjiciens
667 2240 761 2268 porro,
779 2232 961 2261 «Secundum
981 2241 1038 2261 car-

242 2287 318 2311 nem,
342 2289 356 2305 »
377 2278 505 2306 indicavit
523 2277 597 2313 quod
618 2281 644 2304 et
656 2277 809 2305 secundum
830 2277 956 2313 spiritum
969 2278 1040 2313 cius-

241 2324 306 2352 dem
327 2324 362 2352 sit
384 2323 534 2359 generatio.
560 2322 693 2358 Quocirca
708 2330 763 2350 non
784 2322 818 2350 de
840 2322 916 2350 nudo
930 2327 957 2350 et
971 2323 1039 2350 sim-

244 2370 307 2405 plici
332 2368 446 2397 homine
471 2369 649 2405 Evangelium
670 2368 723 2396 hoc
742 2373 782 2396 est
806 2378 812 2396 :
830 2377 895 2396 nam
911 2369 944 2397 de
971 2369 1041 2397 Filio

243 2414 294 2442 Dei
306 2418 362 2448 est;
385 2421 474 2449 neque
493 2413 528 2441 de
547 2413 622 2441 nudo
644 2417 672 2441 et
695 2413 809 2448 simplici
825 2415 885 2442 Deo
902 2423 909 2441 ι
925 2421 989 2442 nam
1008 2414 1042 2442 de

242 2462 309 2486 nato
332 2466 363 2486 ex
388 2457 492 2486 semine
515 2457 626 2485 Davidis
649 2457 801 2485 secundum
816 2466 938 2493 carnem;
955 2459 991 2486 ita
1014 2463 1043 2486 ut

242 2503 317 2531 idem
334 2503 369 2531 sit
385 2507 546 2538 utrumque,
558 2510 656 2538 nempe
666 2506 693 2530 et
705 2502 791 2530 Filius
801 2503 851 2530 Dei
863 2507 891 2531 et
901 2503 973 2531 ﬁlius
988 2505 1040 2531 Da-

243 2547 322 2576 vidis.
358 2549 389 2575 In
425 2551 568 2583 posterum
596 2547 689 2583 itaque
716 2547 860 2575 Nestorius
886 2548 1039 2576 erubescat.

241 2591 433 2621 Generationis
450 2595 542 2620 autem
556 2591 626 2628 ejus,
642 2599 703 2628 quae
719 2591 744 2628 5
760 2596 801 2620 est
813 2592 965 2621 secundum
986 2600 1044 2621 car-

239 2645 315 2673 nem,
337 2637 466 2666 meminit
486 2637 569 2665 etiam
597 2637 658 2672 iste,
675 2636 785 2673 perinde
799 2645 830 2666 ac
845 2642 900 2666 tres
926 2646 1043 2675 evange-

275 2715 288 2733 δ
304 2716 407 2743 Jerem.
422 2722 445 2742 1.
473 2717 500 2749 5,
516 2716 528 2730 °
541 2713 630 2743 Galat.
669 2721 679 2742 ι
704 2717 746 2742 15.
768 2714 777 2732 τ
795 2714 865 2742 Psal.
886 2722 981 2747 van,
1001 2718 1044 2743 13.

1135 1067 1150 1083 (ι
1171 1055 1210 1086 ⁸0
1225 1055 1457 1095 προεπηγγείλατο
1473 1055 1516 1085 διὰ
1530 1056 1584 1084 τῶν
1599 1056 1743 1096 προφητῶν
1761 1055 1844 1082 αὑτοῦ.
1857 1062 1869 1080 ν

1092 1100 1204 1136 Ἐπειδὴ
1220 1102 1255 1134 ὡς
1271 1100 1360 1130 καινὸν
1376 1100 1516 1130 διέϐαλλον
1532 1101 1563 1130 τὸ
1584 1099 1711 1140 κήρυγμα
1724 1122 1732 1138 ,
1758 1098 1872 1128 δείκνυσιν

1093 1144 1158 1174 αὖτό
1181 1145 1359 1185 πρεσϐύτερον
1381 1145 1410 1174 ὃν
1432 1145 1476 1175 καὶ
1499 1145 1658 1183 Ἑλλήνιον,
1682 1144 1727 1174 καὶ
1747 1145 1772 1173 ἓν
1787 1141 1874 1182 προφή-

1093 1201 1151 1223 ταις
1183 1190 1452 1230 προδιαγραφόμενον·
1483 1190 1530 1220 καὶ
1554 1191 1643 1224 αὐτοῖς
1667 1189 1694 1219 δὲ
1714 1189 1809 1230 ῥήμασι
1835 1188 1873 1215 τοῦ

1092 1234 1254 1273 Εὖαγγελίου
1271 1235 1301 1264 τὸ
1328 1235 1412 1273 ὄνομα
1439 1234 1591 1275 εὑρίσκεται
1613 1236 1641 1264 ἐν
1667 1232 1767 1270 Δαυῒδ,
1782 1234 1814 1265 ὡς
1835 1230 1872 1264 τὸν

1097 1291 1109 1308 α
1127 1279 1224 1320 Κύριος
1251 1279 1330 1309 δώσει
1353 1281 1426 1320 ῥῆμα
1449 1285 1503 1313 τοῖς
1527 1279 1783 1319 εὖαγγελιζομένοις,
1810 1275 1874 1305 δυνά-

1095 1336 1138 1363 μει
1155 1324 1167 1341 ⁶
1181 1325 1268 1365 πολλῇ
1283 1336 1288 1342 ·
1306 1325 1351 1354 καὶ
1376 1326 1402 1354 ἐν
1427 1323 1528 1365 Ἡσαΐᾳ
1539 1347 1546 1360 ,
1576 1337 1591 1352 (ι
1605 1325 1655 1358 Ὡς
1668 1326 1758 1364 ὡραῖοι
1770 1323 1792 1352 οἱ
1807 1321 1873 1350 πόδες

1093 1371 1145 1398 τῶν
1159 1369 1400 1409 εὐαγγελιζομένων
1416 1369 1538 1409 εἷρήνηνῐ
1552 1382 1566 1398 ι)

1137 1470 1150 1487 α
1165 1460 1212 1489 Ἐν
1230 1461 1348 1499 Ι¹ραφαῖς
1364 1459 1461 1498 ἁγίαις.
1480 1471 1495 1486 »
1514 1459 1554 1489 Οὐ
1569 1458 1619 1499 γὰρ
1645 1460 1734 1498 ἔλεγον
1749 1457 1771 1487 οἱ
1785 1456 1874 1494 προφῆ-

1093 1515 1137 1532 ται
1156 1503 1252 1542 μόνον,
1277 1503 1346 1532 ἀλλὰ
1373 1504 1418 1533 καὶ
1443 1503 1574 1544 ἔγραφον,
1598 1503 1645 1533 καὶ
1667 1503 1709 1533 διὰ
1726 1499 1874 1541 πραγμάτων

1097 1547 1207 1577 ἐτύπουν
1220 1560 1226 1567 ·
1241 1550 1275 1582 ὡς
1287 1548 1411 1589 Ἀϐραὰμ
1427 1548 1471 1578 διὰ
1485 1551 1530 1578 τοῦ
1546 1548 1641 1578 Ἰσαὰκ
1652 1574 1658 1584 ,
1676 1547 1722 1578 καὶ
1739 1549 1752 1576 ὁ
1771 1545 1875 1589 Μωῦσῆς

1364 1594 1410 1623 καὶ
1424 1595 1472 1629 τ’ῆς
1495 1595 1547 1622 τῶν
1572 1595 1672 1634 χειρῶν
1688 1591 1827 1625 ἐκτάσεως,
1840 1586 1878 1617 καὶ

1096 1640 1141 1673 τῆς
1159 1640 1205 1667 τοῦ
1222 1632 1305 1675 ἀμνοῦ
1320 1640 1435 1678 σφαγῆς.
1462 1638 1515 1669 Καὶ
1529 1638 1580 1678 γὰρ
1599 1632 1664 1667 ὅταν
1680 1639 1762 1676 μέλλῃ
1783 1632 1875 1673 μεγάλα

1094 1682 1151 1712 τινὰ
1164 1683 1369 1717 κατασκευάζειν
1387 1688 1397 1707 7
1413 1686 1427 1712 ὁ
1443 1684 1525 1718 θεὸς,
1541 1683 1593 1722 πρὸ
1611 1684 1718 1712 πολλῶν
1741 1679 1804 1709 αὐτὰ
1819 1688 1877 1722 προξ

1097 1732 1227 1769 αναφωνεί
1241 1728 1354 1768 χρόνων,
1380 1729 1412 1758 Εἰ
1438 1723 1481 1758 οὖν
1498 1728 1510 1747 ⁸
1525 1720 1571 1757 xui
1590 1727 1684 1766 λέγει,
1701 1727 1740 1756 ὅτι
1757 1737 1770 1753 α
1787 1720 1876 1769 Πολλοῖ

1095 1775 1229 1814 προφῆται
1255 1773 1426 1811 ἐπεθύμησαν
1459 1774 1521 1803 ἰδεῖν
1559 1773 1576 1802 ἃ
1603 1773 1735 1812 βλέπετε,
1762 1768 1806 1799 καὶ
1837 1766 1877 1814 ρῦξι

1096 1814 1177 1855 εἶδον,
1190 1832 1201 1845 ι»
1214 1818 1304 1854 Αὐτὴν
1315 1817 1362 1854 τὴν
1378 1818 1482 1858 σάρκα,
1499 1818 1594 1858 φησὶν,
1611 1819 1660 1847 οὐκ
1677 1812 1752 1852 εἶδον,
1764 1814 1807 1844 καὶ
1819 1808 1878 1840 αὖτᾶ

1096 1863 1139 1892 ἐπὶ
1154 1865 1206 1893 τῶν
1218 1863 1302 1904 ὄψεων
1314 1863 1348 1893 τὰ
1361 1867 1470 1901 σημεῖα.

1141 2017 1154 2035 (ι
1172 2007 1240 2046 Περὶ
1254 2009 1299 2036 τοῦ
1317 2007 1381 2036 Υἷοῦ
1400 2008 1482 2036 αξιτοῦ
1498 2009 1544 2036 τοῦ
1568 2006 1711 2046 γενομένου
1725 2005 1755 2033 ἐκ
1769 2000 1879 2046 σπέρμξι·

1095 2064 1137 2085 τος
1165 2042 1249 2082 amita
1275 2052 1344 2082 κατὰ
1373 2051 1470 2091 σάρκα.
1498 2062 1513 2080 ))
1544 2042 1680 2081 Ἐ’νταῐλιθα
1702 2047 1816 2091 φανερῶς
1839 2042 1879 2091 τάξ

1095 2097 1140 2126 δύο
1162 2097 1295 2135 γεννήσεις
1319 2097 1404 2132 δηλοῖ·
1432 2098 1457 2125 ἐν
1474 2096 1522 2135 μὲν
1541 2097 1580 2132 τῷ
1607 2096 1707 2133 εἰπεῖν,
1726 2104 1740 2122 (ί
1754 2089 1820 2130 Περῖ
1838 2089 1879 2115 τοῦ

1096 2142 1161 2171 Υἱοῦ
1177 2143 1269 2177 αὑτοῦ,
1288 2153 1301 2169 n
1322 2141 1442 2171 τουτέστι
1457 2144 1503 2170 τοῦ
1520 2142 1590 2170 Θεοῦ
1602 2162 1610 2176 ,
1622 2140 1670 2176 τὴν
1688 2139 1741 2168 ἄνω
1755 2136 1876 2177 γέννησιν·

1095 2187 1120 2215 ἐν
1136 2186 1162 2215 δὲ
1181 2188 1218 2227 τῷ
1233 2187 1401 2226 προσθεῖναι,
1419 2197 1434 2213 α
1454 2185 1505 2215 Ἐκ
1521 2185 1672 2224 σπέρματος
1691 2179 1818 2227 Δαυῒδςι
1837 2174 1879 2227 fil“

1096 2231 1177 2260 κάτω·
1193 2231 1315 2270 προσθεὶς
1333 2231 1358 2260 δὲ
1376 2231 1422 2259 καὶ
1436 2231 1482 2268 τὸ,
1511 2242 1525 2260 α
1542 2229 1619 2260 Κατὰ
1643 2230 1742 2269 σάρκα,
1755 2236 1768 2254 ›)
1789 2221 1874 2270 ἔδειξεν

1095 2277 1134 2305 ὅτι
1150 2276 1217 2305 κατὰ
1231 2278 1334 2314 πνεῦμα
1353 2275 1472 2314 γέννησίς
1495 2276 1550 2304 ἐστι
1564 2277 1608 2304 τοῦ
1626 2275 1716 2304 αὐτοῦ.
1738 2271 1778 2301 Οὐ
1801 2265 1878 2314 τοίνιιν

1095 2321 1156 2360 περὶ
1170 2322 1248 2360 ψιλοῦ
1265 2310 1404 2360 ἀνθρώπου
1421 2310 1477 2349 ἔστι
1502 2320 1532 2349 τὸ
1555 2318 1725 2359 Εὐαγγέλιον·
1752 2310 1878 2361 πξρῖᾹγὰνρ

1096 2368 1141 2394 τοῦ
1157 2366 1224 2395 Υἱοῢ
1240 2369 1285 2395 τοῦ
1304 2366 1375 2395 Θεοῦ
1388 2366 1469 2394 ἐστιν’
1485 2364 1544 2393 ἄλλ’
1561 2364 1619 2393 οὐδὲ
1642 2363 1702 2403 περὶ
1717 2360 1792 2403 ψιλοῦ
1806 2357 1880 2403 Θεοῗ

1096 2410 1156 2450 περὶ
1175 2410 1226 2450 γὰρ
1252 2412 1297 2439 τοῦ
1319 2409 1459 2450 γενομένου
1482 2410 1512 2438 ἐκ
1539 2396 1690 2448 σπέρματος
1714 2396 1797 2436 Ᾰαυῗδ
1806 2396 1880 2450 Axn?

1096 2455 1199 2495 σάρκα,
1221 2457 1268 2484 τοῦ
1295 2455 1375 2484 αὐτοῦ
1390 2454 1462 2487 ὄντος
1487 2453 1640 2494 ἀμφότερα,
1656 2453 1701 2482 καὶ
1715 2451 1779 2481 Υἶοῧ
1801 2446 1879 2495 θεοῦ,

1096 2490 1142 2529 xui.
1166 2490 1222 2530 υἱοῦ
1243 2497 1338 2530 Δαυΐδ.
1357 2499 1412 2530 Καὶ
1436 2490 1713 2538 λοιπον-αἰσχυνέσθω
1738 2490 1878 2540 Νεστόριοςς

1095 2546 1153 2580 Τῆς
1168 2545 1194 2574 δὲ
1213 2544 1281 2574 κατὰ
1304 2544 1391 2583 σάρκα
1416 2544 1562 2582 γεννήσεως
1587 2544 1666 2573 αὐτοῦ
1692 2540 1821 2587 μέμνηξαι
1838 2541 1879 2587 ξακι

1098 2585 1187 2626 οἶτος,
1208 2591 1243 2622 ὡς
1268 2588 1313 2617 καὶ
1328 2590 1352 2618 οἱ
1378 2590 1447 2628 τρεῖς
1472 2587 1686 2628 Εὖαγγελισταὶ,
1715 2587 1749 2617 ὡς
1777 2580 1807 2632 δέν
1832 2580 1879 2632 ξπο

1098 2624 1196 2670 ταύτης
1209 2624 1400 2674 χειραγωγήσῄ
1419 2633 1479 2667 τοὺς
1500 2624 1632 2674 ἀκροατὰς
1649 2634 1684 2666 εἷς
1696 2628 1751 2654 ⁹σ¹⁰
1767 2624 1812 2661 τὴν
1830 2624 1878 2650 ἄνω

1085 2719 1098 2736 ε
1112 2715 1163 2742 Isa.
1184 2723 1238 2749 ιιι,
1251 2718 1278 2742 7.
1298 2711 1312 2730 ¹¹
1325 2714 1419 2742 Matth.
1433 2721 1507 2749 xm,
1523 2716 1566 2741 16.

932 2768 1025 2798 Variae
1046 2769 1197 2800 lectiones.

275 2822 285 2840 ⁵
308 2823 429 2858 θησαυρόν
463 2830 490 2850 0.
529 2822 540 2839 ⁸
566 2821 677 2856 εἰρήνην’
700 2830 726 2849 ο.

765 2821 775 2837 ⁷
799 2831 861 2856 προκ
866 2822 1043 2852 ατασκευάζειν
1059 2830 1085 2850 0.

1139 2823 1149 2841 ⁸
1166 2825 1227 2858 γοῦν
1242 2830 1268 2851 ο.
1308 2822 1354 2848 9ι¹⁰
1368 2822 1407 2849 εἷπὶ
1421 2830 1450 2850 o.
