1927 3076
81 144 134 172 341

579 146 754 175 EXPOSlTlO
774 146 806 174 IN
825 146 927 174 EPIST.
948 146 992 173 AD
1013 146 1093 174 “OM.
1113 161 1148 165 —
1163 147 1239 174 CAP.
1262 147 1280 174 Ι.

1695 148 1746 175 342

82 207 231 246 γέννησιν.
258 209 314 251 καὶ
333 209 385 249 γὰρ
402 210 446 240 καὶ
462 210 538 244 αὐτὸς
552 212 566 240 ὁ
585 209 680 249 Κύριος
696 211 798 250 πρῶτον
815 210 878 251 diem

946 209 1014 237 lists:
1035 217 1042 236 :
1061 212 1093 237 ut
1105 207 1140 236 ab
1163 207 1213 237 hac
1233 207 1371 237 auditores
1389 208 1424 237 ad
1439 217 1586 246 supernam
1602 209 1676 238 illam
1700 218 1745 246 ge-

84 253 230 293 ἄνθρωπος
241 277 249 291 ,
267 250 324 284 εἶτα
342 256 460 294 ἐγνώσθη
475 256 552 289 Θεός.

132 399 148 419 σ
166 391 225 419 Τοῦ
254 389 401 430 ὁρισθέντος
423 391 488 420 Υἷοῦ
518 391 588 421 Θεοῦ
614 392 640 420 ἐν
669 391 794 429 δυνάμει,
822 391 891 422 κατὰ

89 434 208 472 Πνεῦμα
233 434 398 473 ἁγιωσύνης,
415 435 440 470 ἐξ
465 435 635 470 ἀναστάσεως
659 438 771 476 νεκρῶν,
798 437 890 472 Ἰησοῦ

86 479 210 517 Χριστοῦ
223 482 270 509 τοῦ
289 480 387 520 Κυρίου
401 482 486 519 ἡμῶν.
509 491 523 508 ››
542 476 625 510 Εἶπεν
643 481 711 517 ἄνω,
734 481 774 511 ὅτι
791 493 805 510 α
829 483 890 521 περὶ

85 526 136 552 τοῦ
153 524 222 553 Υἱοῦ
245 525 325 554 αὐτοῦ
343 537 355 550 ι
372 526 428 554 ἐστι
448 524 478 554 τὸ
500 526 672 565 Εὗαγγίλιον·
689 528 734 555 νῦν
749 522 793 556 οὖν
806 538 889 556 κατα-

86 568 233 606 σκευάζει,
261 570 317 602 πῶς
338 570 455 608 ἐγνώσθη
483 571 545 603 Υἱὸς
569 573 615 600 τοῦ
637 572 722 607 Θεοῦ,
735 571 781 600 κα(
802 583 887 612 φησι,

90 625 105 641 u
120 616 171 642 τοῦ
193 613 341 653 ὁρισθέντος
351 637 358 650 ,
376 629 387 640 ι
403 614 540 644 τουτέστιν
550 638 557 651 ,
573 615 773 655 ἀποδειχθέντος
787 617 822 653 ⁴¹,
841 619 887 655 βε-

85 657 268 694 ϐαιωθέντος,
293 659 436 697 κριθέντος.
462 659 543 699 Ὄρος
567 659 618 700 γὰρ
640 663 657 696 ἡ
674 660 777 699 κρίσις,
801 661 847 690 καὶ
870 663 887 696 ἡ

84 705 194 743 ψῆφος,
219 704 265 733 καὶ
280 707 297 740 ἡ
314 704 455 746 ἆπόιρασις.
486 705 589 737 Πάντες
618 705 670 744 γὰρ
695 707 826 746 ὡρίσαντο
842 707 888 735 καὶ

84 716 194 743 “apag,
219 716 265 733 και
280 716 297 740 η
314 716 352 733 απ
387 716 455 738 ασις.
486 716 589 737 ιιαντες
618 716 670 744 γαρ
695 717 826 746 ωρισαντο
842 718 887 735 και

84 748 256 788 ἐψηφίσαντο
271 716 428 778 αὖτὸνοᾶναι
445 750 508 779 Υἱὸν
521 752 602 780 θεοῦ.
619 750 720 787 Πόθιν;
739 750 786 780 Ἐν
806 751 887 780 δυνά-

85 804 147 830 μει,
163 793 299 823 τουτέστιν
311 815 319 831 ,
335 794 388 823 ἀπὸ
401 796 448 828 τῆς
460 794 596 833 δυνάμεως
610 797 662 824 τῶν
674 795 792 833 σημείων
808 791 844 825 ὧν
862 796 887 814 ⁴²

86 837 183 867 ἐποίει.
200 837 282 868 Ἀλλὰ
299 838 345 867 καὶ
362 852 374 864 ιι
391 838 459 867 κατὰ
475 841 587 875 Πνεῦμα
603 841 766 879 ἁγιωσύνης,
786 854 797 865 »ι
811 853 886 870 τουτ-

88 884 164 911 έστιν
175 904 183 918 ,
200 883 231 912 ἐκ
241 885 288 912 τοῦ
300 882 456 921 Πνεύματος
465 906 472 920 ,
484 884 518 913 δι’
528 880 558 914 οἶ
569 883 661 924 ἡγίαζε
673 884 733 918 τοὺς
747 885 884 915 πιστεύον-

85 928 225 960 τας-Θεοῦ
241 927 292 967 γὰρ
309 928 337 957 τὸ
353 930 462 957 τοιαῦτα
481 930 647 968 χαρίζεσθαι,
671 929 750 959 Ἀλλὰ
770 930 814 959 καὶ
832 944 843 957 ι
859 930 885 965 ἐξ

85 972 260 1005 ἀναστάσεως
281 974 387 1012 νεκρῶν·
402 987 413 999 υ
429 975 532 1014 πρῶτος
547 974 599 1013 γὰρ
615 969 689 1009 οὗτος
702 997 709 1011 ,
723 975 769 1004 χαὶ
789 975 866 1013 μόνος
876 998 884 1012 ,

85 1018 182 1046 ἑαυτὸν
207 1018 307 1057 ἤγειρε.
331 1018 384 1047 Καὶ
409 1019 439 1047 ἐκ
463 1020 509 1054 τῆς
530 1018 700 1053 ἀναστάσεως
724 1015 768 1050 οὖν
784 1019 885 1060 ὡρίσθη

82 1062 130 1091 καὶ
148 1062 289 1102 ἀπεφάνθη
310 1062 372 1096 Υἱὸς
391 1065 470 1093 Θεοῦ·
500 1063 569 1102 μέγα
586 1063 637 1104 γὰρ
660 1065 706 1093 καὶ
733 1067 827 1101 τοῦτο,
851 1067 886 1100 ὡς

86 1107 132 1136 καὶ
147 1107 228 1140 αὐτὸς
251 1107 330 1146 λέγει·
355 1118 369 1136 ε
381 1106 469 1138 Ὅταν
486 1108 611 1148 ὕψώσητί
628 1121 660 1148 με
686 1110 740 1139 ἀπὸ
760 1111 806 1146 τῆς
820 1112 883 1149 γῆς,

83 1151 143 1181 τότε
160 1151 308 1191 γνώσεσθε,
329 1152 369 1181 ὅτι
385 1153 437 1192 ἐγώ
451 1154 517 1192 εἶμι.
536 1167 548 1179 ιι

128 1253 143 1270 ι
170 1242 213 1272 Δι’
236 1237 266 1271 οὗ
281 1242 411 1280 ἐλάϐομεν
432 1243 511 1282 χάριν
534 1243 579 1272 καὶ
600 1244 754 1280 ἀποστολὴν
780 1246 816 1278 εἷς
837 1247 884 1274 ὓπ-

85 1287 170 1324 ακοὴν
184 1286 307 1321 πίστεως.
324 1301 336 1314 ι
348 1286 422 1327 ιὈριι
437 1288 651 1327 εὐγνωμοσύνην.
673 1289 759 1319 Οὐδὲν
769 1312 777 1325 ,
791 1290 882 1329 φησὶν,

87 1332 234 1371 ἡμέτερον,
248 1332 314 1361 ἀλλὰ
325 1332 413 1361 πάντα
427 1332 558 1371 ἐλάϐομεν
573 1333 615 1363 διὰ
631 1336 678 1363 τοῦ
694 1335 759 1364 Υἱοῦ
776 1335 810 1363 ⁴³.
828 1335 881 1364 Καὶ

87 1376 141 1414 μὴν
167 1376 211 1406 διὰ
235 1380 282 1406 τοῦ
297 1377 452 1415 Πνεύματος
475 1378 572 1407 ἔλαϐον
597 1377 645 1414 τὴν
660 1379 810 1414 ἀποστολὴν
837 1380 881 1410 χαὶ

85 1422 133 1458 τὴν
148 1421 240 1461 χάριν.
265 1436 277 1448 ι
289 1421 408 1456 Ἐκεῖνος
429 1423 499 1462 γὰρ,
518 1423 614 1464 φησὶν,
631 1423 758 1463 ὁδηγήσει
776 1427 851 1462 ὑμᾶς·
869 1439 880 1451 1

84 1467 130 1496 καὶ
152 1466 183 1496 τὸ
203 1467 314 1505 Πνεῦμά
329 1478 423 1507 φησιν,
439 1481 451 1493 α
468 1467 623 1509 Ἄψορίσατέ
643 1481 688 1507 μοι
702 1469 746 1498 τὸν
772 1471 880 1500 Παῦλον

84 1511 130 1540 καὶ
151 1511 197 1541 τὸν
222 1511 372 1551 Βαρνάϐαν
394 1512 456 1549 καὶ,
483 1527 495 1539 οι
510 1513 560 1543 Διὰ
584 1515 631 1542 τοῦ
657 1513 812 1552 Πνεύματος
841 1515 880 1544 δί-

84 1557 158 1586 δοται
181 1556 260 1595 λόγος
274 1558 376 1596 σοφίας.
393 1570 404 1583 ι
427 1557 480 1588 Καὶ
503 1558 528 1587 τί
547 1561 640 1594 10610;
656 1558 700 1588 Τὰ
723 1561 770 1588 τοῦ
794 1558 879 1590 Πνεύ-

83 1613 166 1639 ματος
195 1603 242 1630 τοῦ
259 1602 325 1631 Υἷοῦ
345 1603 415 1638 εἶσι,
438 1602 484 1632 καὶ
500 1603 530 1632 τὸ
545 1602 672 1641 ἔμπαλιν.
691 1617 702 1630 ιι
723 1603 808 1643 Χάριν
832 1605 857 1633 δὲ
870 1627 878 1642 ,

84 1646 175 1686 φησιν,
190 1645 322 1685 ἐλάϐομεν
334 1646 379 1676 καὶ
393 1647 556 1686 ἀποστολὴν,
573 1661 584 1674 ιι
600 1647 747 1687 τουτέστιν,
763 1649 822 1679 Οὐκ
834 1649 880 1677 αὐ-

83 1691 122 1720 τοὶ
148 1691 363 1732 κατωρθώσαμεν
387 1692 418 1721 τὸ
441 1693 562 1731 γενέσθαι
589 1692 747 1729 ἀπόστολοι,
770 1693 827 1723 ἀλλ’
851 1695 879 1723 ἐκ

84 1738 130 1772 τῆς
156 1735 255 1765 ἄνωθεν
283 1735 390 1776 χάριτος
414 1739 499 1766 τοῦτο.
526 1737 606 1766 Ἀλλὰ
630 1738 676 1767 καὶ
706 1737 736 1768 τὸ
762 1739 877 1777 πείθειν,

85 1783 128 1816 τῆς
154 1781 270 1821 χάριτος·
295 1781 325 1810 τὸ
351 1781 399 1819 μὲν
421 1781 472 1821 γὰρ
496 1783 624 1822 περιιέναι
653 1783 698 1812 καὶ
722 1783 878 1823 κηρύττειν,

82 1828 133 1855 τῶν
150 1827 316 1856 ἀποστόλων-
333 1826 362 1856 τὸ
385 1827 412 1856 δὲ
434 1827 533 1857 πείθειν
554 1827 613 1861 τοὺς
633 1827 795 1867 ἀκούοντας,
819 1829 877 1858 ὅλον

82 1873 127 1900 τοῦ
144 1873 228 1901 Θεοῦ.
245 1882 260 1899 ι)
284 1872 329 1905 Εἰς
349 1871 468 1908 ὑπακοὴν
489 1872 612 1906 πίστεως.
629 1884 643 1902 ι)
663 1874 722 1903 Οὐχ
736 1874 771 1907 εἷς
785 1875 875 1913 λογο-

85 1915 184 1956 μαχίας
207 1915 253 1945 καὶ
270 1916 390 1953 ζητήσεις
405 1939 413 1955 ,
429 1916 446 1952 ἢ
461 1917 644 1954 κατασκευὰς,
667 1918 857 1956 ἀπεστάλημεν
868 1940 876 1954 ,

83 1961 161 2002 φησὶν
171 1983 179 1997 ,
194 1961 254 1990 ἀλλ’
270 1962 306 1995 εἷς
323 1960 445 1997 ὑπακοὴν
461 1962 582 1996 πίστεως
603 1962 665 2002 ἵνα,
687 1962 765 2003 φησὶν
775 1986 783 2002 ,
797 1965 821 1993 οἱ
840 1965 877 1992 δι·

84 2005 241 2044 δασκόμενοι
261 2006 448 2046 ὑπακούωσιν,
463 2007 659 2048 ἄναντιῤῥήτως
674 2006 853 2041 πιστεύοντες.

124 2155 137 2169 ιι
153 2143 201 2172 Ἐν
217 2145 285 2171 πᾶσι
299 2143 353 2175 τοῖς
368 2141 465 2172 ἔθνεσιν
478 2140 544 2183 ὑπὲρ
560 2145 606 2172 τοῦ
621 2143 747 2181 ὀνόματος
762 2145 851 2175 αὐτοῦ.
867 2161 876 2172 ιι

85 2205 123 2210 —
141 2198 155 2215 α
169 2187 219 2216 Ἐν
239 2191 308 2215 πᾶσι
321 2186 347 2216 δὲ
363 2190 418 2219 τοῖς
431 2186 528 2216 ἔθνεσιν
541 2199 555 2214 ιι
573 2187 704 2225 ἐλάϐομεν
719 2189 814 2228 χάριν,
830 2192 876 2220 οὐκ

947 254 1118 282 nerationem
1146 253 1224 289 quasi
1249 261 1332 281 manu
1358 253 1450 281 ducat.
1467 254 1610 290 Siquidem
1631 258 1659 282 et
1687 255 1745 291 ipse

948 299 1082 326 Dominus
1096 298 1217 335 primum
1243 298 1316 326 visus
1331 302 1373 326 est
1389 298 1484 333 homo,
1499 299 1597 326 deinde
1616 301 1745 335 cognitus

947 347 989 372 est
1001 345 1084 372 Deus.

983 389 1068 416 Vsus.
1085 392 1111 416 4.
1131 399 1144 414 ‹ι
1159 388 1210 424 Qui
1233 388 1362 417 deﬁnitus
1377 393 1417 416 est
1433 389 1518 416 Filius
1534 388 1584 416 Dei
1603 389 1630 416 in
1645 389 1744 417 virtute

943 434 1098 462 secundum
1112 434 1244 469 Spiritum
1253 433 1489 467 sanctiﬁcationis,
1501 441 1534 461 ex
1550 435 1745 462 resurrectione

946 483 1134 513 mortuorum,
1159 480 1225 506 Jesu
1249 478 1351 506 Christi
1378 478 1488 506 Domini
1515 479 1610 506 nostri.
1628 489 1641 505 υ
1658 481 1743 514 Supra

945 523 1023 557 dixit,
1037 524 1214 560 Evangelium
1230 531 1289 552 esse
1304 534 1317 549 α
1329 523 1363 552 de
1379 523 1446 552 Filio
1461 532 1512 552 suo
1527 533 1558 552 τ»
1571 532 1645 552 nunc
1660 525 1744 560 igitur

945 568 1056 602 astruit,
1077 577 1196 604 quanam
1212 569 1315 597 ratione
1329 569 1453 604 cognitus
1467 570 1503 597 sit
1523 569 1606 598 Filius
1619 569 1680 603 Dei,
1701 569 1742 597 in-

944 614 1052 650 quiens,
1078 624 1091 640 α
1106 613 1242 648 deﬁnitus,
1271 624 1285 639 ν
1301 613 1353 641 hoc
1373 618 1424 648 est,
1439 613 1656 648 demonstratus,
1679 623 1743 642 con—

944 659 1079 693 ﬁrmatus,
1088 659 1235 695 judicatus.
1247 658 1379 686 Deﬁnitio
1389 659 1466 687 enim
1476 663 1518 687 est
1531 659 1587 696 ipsa
1595 659 1742 696 judicatio,

944 703 1105 739 suffragium
1131 711 1179 732 seu
1202 704 1323 732 calculus
1347 707 1374 732 et
1396 704 1542 732 sententia.
1559 706 1629 732 Nam
1653 705 1742 732 cuncti

943 747 1109 776 deﬁnierunt
1119 748 1333 784 judicaruntque
1357 749 1448 784 ipsum
1471 757 1531 777 esse
1558 749 1658 778 Filium
1679 751 1739 778 Dei.

942 792 1113 820 Undenami‘
1133 804 1147 819 ιι
1171 795 1201 821 ιιι
1228 794 1336 827 virtute,
1355 804 1369 819 ι)
1389 793 1441 821 hoc
1456 798 1506 827 est,
1522 802 1555 822 ex
1576 794 1696 830 potentia
1715 800 1741 822 et

942 836 1063 865 efficacia
1078 838 1220 873 signorum
1234 846 1294 873 qua:
1313 837 1438 866 faciebat.
1458 839 1592 866 Praeterea
1612 848 1625 864 (ι
1641 847 1741 867 secun-

941 884 1008 910 dum
1023 883 1154 918 Spiritum
1169 882 1400 916 sanctiﬁcationis,
1416 894 1429 909 ιι
1453 883 1506 911 hoc
1520 887 1571 918 est,
1585 892 1617 911 ex
1639 884 1740 920 Spiritu

941 935 992 963 per
1017 936 1100 964 quem
1122 927 1309 956 sanctiﬁcabat
1332 928 1483 956 credentes.
1511 929 1562 956 Dei
1587 929 1661 957 enim
1688 934 1739 963 est,

941 972 1043 1000 donare
1060 973 1136 1001 talia.
1151 973 1308 1008 Quinetiam
1327 984 1339 998 ιι
1360 981 1391 1001 ex
1407 974 1605 1001 resurrectione
1619 978 1740 1002 mortuo-

941 1026 1002 1045 rum
1018 1028 1050 1045 ιιι
1063 1026 1127 1046 nam
1142 1018 1261 1054 primum
1279 1018 1333 1051 ille,
1346 1022 1374 1045 et
1390 1018 1473 1052 solus,
1485 1026 1514 1046 se
1530 1019 1586 1054 ipse
1602 1019 1736 1047 excitavit.

941 1064 1038 1099 Itaque
1052 1071 1084 1090 ex
1107 1063 1308 1091 resurrectione
1322 1062 1452 1091 deﬁnitus
1475 1067 1515 1091 est
1534 1072 1565 1091 ac
1584 1063 1740 1092 declaratus

940 1107 1027 1135 Filius
1039 1107 1098 1136 Dei.
1119 1109 1253 1144 Magnum
1266 1107 1338 1135 enim
1354 1112 1381 1135 ct
1395 1107 1447 1135 hoc
1467 1112 1519 1141 est,
1537 1109 1646 1143 perinde
1658 1114 1739 1145 atque

939 1152 996 1188 ipse
1021 1151 1059 1180 ait
1081 1161 1088 1180 :
1116 1162 1130 1178 ιι
1159 1153 1229 1180 Cum
1252 1152 1436 1180 exaltaveritis
1460 1161 1504 1180 me
1531 1162 1546 1181 a
1572 1157 1652 1189 terra,
1678 1158 1737 1182 tum

939 1198 1112 1232 cognoscetis
1125 1197 1200 1234 quod
1213 1205 1263 1233 ego
1279 1205 1340 1225 sum
1354 1200 1359 1217 ί
1378 1219 1385 1225 .
1403 1207 1416 1223 ι)

974 1243 1063 1270 Vens.
1082 1244 1108 1269 5.
1132 1252 1146 1268 α
1164 1243 1216 1270 Per
1230 1250 1313 1278 quem
1333 1243 1490 1278 accepimus
1503 1243 1620 1279 gratiam
1634 1249 1661 1272 et
1674 1252 1737 1280 apo—

937 1287 1071 1315 stolatum
1091 1286 1125 1315 ad
1149 1286 1335 1315 obediendum
1362 1287 1434 1316 ﬁdei.
1454 1299 1465 1312 -
1486 1287 1554 1316 Vide
1576 1289 1736 1317 modestiam

938 1335 965 1359 et
981 1331 1063 1359 animi
1087 1331 1238 1359 candorem
1263 1340 1270 1359 :
1290 1331 1374 1366 Nihil,
1401 1333 1502 1368 inquit,
1527 1337 1664 1367 nostrum,
1687 1334 1736 1362 sed

937 1376 1028 1404 omnia
1057 1384 1105 1412 per
1131 1376 1233 1404 Filium
1256 1377 1421 1412 accepimus.
1440 1377 1522 1414 Atqui
1541 1386 1588 1414 per
1604 1378 1735 1414 Spiritum

936 1429 1064 1456 accepere
1074 1422 1256 1456 apostolatum
1268 1426 1295 1449 et
1308 1422 1434 1457 gratiam.
1451 1434 1462 1446 ι
1476 1423 1522 1450 Ille
1538 1423 1623 1455 enim,
1638 1423 1734 1459 inquit,

935 1466 1045 1494 docebit
1059 1475 1108 1494 vos
1123 1468 1147 1494 ³.
1166 1476 1179 1492 ι)
1206 1468 1238 1494 Et
1254 1467 1370 1501 Spiritus
1384 1468 1422 1495 ait
1444 1477 1450 1495 :
1472 1478 1485 1492 α
1503 1469 1647 1504 Segregate
1665 1469 1733 1497 mihi

938 1511 1052 1539 Paulum
1068 1515 1095 1539 et
1108 1511 1262 1539 Barnabam
1278 1509 1305 1546 l‘;
1324 1522 1336 1538 ιι
1353 1520 1395 1545 ac,
1412 1524 1424 1536 ι
1442 1514 1495 1540 Per
1511 1513 1641 1549 Spiritum
1656 1513 1737 1542 datur

899 1545 922 1577 (ἶ
934 1564 1026 1584 sermo
1037 1556 1174 1592 sapientiae
1191 1553 1208 1584 ¹.
1225 1569 1237 1581 η
1251 1557 1355 1593 Ecquid
1366 1557 1435 1586 hoc?
1451 1559 1518 1593 Quae
1530 1545 1649 1594 Spiritus
1658 1563 1734 1592 sunt,

934 1601 992 1629 Filii
1008 1601 1108 1637 pariter
1122 1606 1199 1636 sunt,
1213 1606 1239 1630 et
1254 1605 1359 1630 contra.
1377 1613 1390 1627 ιι
1405 1603 1529 1631 Gratiam
1546 1615 1558 1627 ιι
1574 1608 1678 1637 autem,
1695 1604 1733 1632 in-

930 1646 998 1682 quit,
1024 1659 1036 1670 ι
1051 1647 1209 1682 accepimus
1230 1651 1257 1675 et
1271 1647 1469 1683 apostolatum,
1491 1658 1504 1673 ι)
1529 1648 1581 1676 hoc
1603 1653 1655 1683 est,
1672 1651 1733 1677 Non

934 1691 986 1726 ipsi
1012 1690 1112 1719 virtute
1137 1695 1243 1725 nostra,
1268 1695 1297 1719 ut
1311 1692 1427 1728 apostoli
1443 1692 1626 1727 efﬁceremur,
1647 1693 1732 1730 impe-

933 1737 1075 1770 travimus,
1116 1735 1166 1764 sed
1201 1736 1253 1764 hoc
1281 1745 1296 1764 a
1339 1745 1458 1772 superna
1487 1738 1583 1773 gratia.
1617 1739 1678 1766 lmo
1707 1744 1734 1767 et

933 1780 1096 1816 persuadere
1115 1781 1209 1817 gratiae
1225 1785 1276 1809 est.
1304 1781 1425 1810 Circuire
1446 1783 1520 1810 enim
1537 1787 1564 1810 et
1583 1783 1732 1819 prmdicare

931 1825 1120 1860 apostolorum
1138 1833 1239 1854 munus
1251 1830 1293 1854 est
1314 1836 1320 1854 :
1343 1826 1502 1862 persuadere
1519 1836 1582 1855 vero
1601 1828 1733 1856 auditori-

932 1870 983 1898 bus
999 1874 1089 1898 totum
1110 1874 1153 1898 est
1171 1871 1232 1898 Dei.
1254 1882 1266 1894 «ι
1288 1870 1333 1899 Ad
1351 1870 1534 1899 obediendum
1552 1872 1626 1900 ﬁdei.
1645 1884 1657 1896 ι
1672 1875 1733 1901 Non

932 1915 967 1943 ad
988 1915 1098 1943 inanem
1120 1915 1266 1943 verborum
1286 1923 1419 1952 pugnam,
1434 1924 1489 1944 non
1508 1915 1542 1944 ad
1556 1918 1733 1953 quaestiones,

932 1965 979 1988 aut
998 1959 1032 1988 ad
1054 1960 1228 1988 artiﬁciosam
1254 1960 1384 1988 orationis
1404 1965 1570 1989 structuram
1590 1962 1666 1990 missi
1686 1971 1731 1990 su-

933 2013 1006 2039 mus,
1022 2004 1128 2042 inquit;
1142 2013 1238 2033 verum
1255 2015 1269 2031 ιι
1282 2005 1317 2033 ad
1329 2005 1517 2034 obediendum
1532 2007 1604 2040 ﬁdei,
1614 2019 1626 2031 α
1643 2011 1673 2035 ut
1686 2016 1721 2044 qu

932 2049 1047 2078 instituti
1066 2050 1180 2084 fuerint,
1203 2050 1359 2086 credente,
1382 2050 1478 2088 inquit,
1500 2052 1568 2080 citra
1591 2053 1729 2081 contradi-

932 2095 1052 2123 ctionem
1075 2095 1213 2123 ohediant.

972 2150 985 2166 ιι
1002 2142 1034 2168 in
1047 2140 1176 2168 omnibus
1191 2141 1316 2177 gentibus
1328 2148 1376 2177 pro
1388 2142 1500 2170 nomine
1512 2142 1578 2178 ejus.
1594 2154 1607 2167 ν
1621 2158 1657 2164 —
1675 2155 1686 2167 -
1701 2145 1732 2172 In

934 2185 1065 2213 omnibus
1084 2194 1164 2220 porro
1179 2186 1306 2222 gentibus
1327 2198 1339 2210 υ
1355 2186 1511 2222 accepimus
1533 2188 1658 2223 gratiam,
1675 2197 1730 2216 non

82 2232 132 2270 ἐγὼ
145 2231 237 2270 μόνος,
256 2230 325 2260 ἀλλὰ
341 2231 387 2261 καὶ
402 2233 426 2261 οἱ
442 2231 530 2262 λοιποὶ
549 2233 703 2262 ἀπόστολοι.
776 2234 827 2274 γὰρ
842 2236 874 2271 δὴ

941 2238 985 2266 igo
1003 2231 1087 2263 solus,
1103 2239 1198 2258 verum
1213 2230 1309 2267 reliqui
1325 2231 1408 2260 etiam
1423 2232 1539 2268 apostoli
1558 2243 1564 2262 :
1581 2241 1637 2260 non
1655 2234 1729 2262 enim

83 2278 189 2310 Παῦλος
212 2276 301 2306 πάντα
319 2275 352 2305 τὰ
374 2276 434 2312 ἔθνη
459 2277 608 2320 περιῆλθεν·
635 2278 658 2306 εἰ
680 2278 718 2316 μή
737 2290 776 2312 τις
800 2279 878 2320 εἴπῃ,

81 2322 120 2352 ὅτι
131 2322 155 2351 εἶ
171 2321 217 2350 καὶ
233 2320 270 2360 μὴ
286 2322 336 2355 ζῶν
348 2343 356 2358 ,
369 2322 430 2350 ἀλλ’
449 2316 493 2351 οὖν
509 2321 577 2359 μετὰ
587 2322 712 2359 τελευτὴν
733 2323 769 2358 εἷς
790 2316 878 2355 πάντα

83 2367 114 2397 τὰ
132 2367 191 2403 ἔθνη
213 2365 335 2406 περιίεισι
356 2366 398 2396 διὰ
418 2367 472 2395 τῶν
494 2366 670 2397 Ἐπιστολῶν.
689 2366 750 2398 Ἵνα
777 2367 804 2398 δὲ
828 2381 875 2398 πι-

84 2411 208 2441 στεύωσιν
224 2409 361 2444 ἀκούοντες
371 2410 396 2431 ⁴⁴
412 2411 474 2451 περὶ
489 2413 535 2441 τοῦ
546 2412 676 2447 ὀνόματος
688 2415 733 2442 τοῦ
746 2413 872 2453 Χριστοῦ,

82 2456 173 2497 ouili“
187 2455 310 2497 περὶτῆς
332 2455 422 2490 οὐσίας
445 2457 535 2486 αὐτοῦ.
577 2457 617 2487 Τὸ
644 2456 696 2497 γὰρ
722 2457 809 2497 ὄνομα
833 2462 878 2489 τοῦ

82 2503 195 2541 Χριστοῦ
216 2496 267 2537 ἦν,
283 2500 297 2530 ὃ
313 2500 357 2530 καὶ
374 2500 407 2530 τὰ
427 2501 525 2540 σημεῖα
548 2501 639 2532 ἐποίει.
665 2501 721 2532 Καὶ
757 2506 834 2534 τοῦτο
849 2505 875 2534 δὲ

82 2546 189 2580 πίστεως
213 2546 309 2575 δεῖται·
326 2546 384 2576 οὐδὲ
400 2546 461 2586 γὰρ,
483 2547 537 2576 οὐδ’
559 2547 623 2576 αὐτὸ
644 2549 765 2588 λογισμῷ
788 2560 874 2578 κατα-

83 2590 189 2628 ληπτόν.
219 2589 294 2631 αὈρα
318 2590 346 2620 δὲ
360 2590 408 2628 τὴν
433 2591 533 2632 δωρεὰν
557 2594 603 2621 τοῦ
623 2593 803 2633 Εὖαγγελίου,
826 2595 873 2624 οὐκ

82 2637 114 2666 ἑνὶ
129 2636 194 2666 ιθνει
203 2658 211 2674 ,
226 2637 261 2669 ὡς
274 2637 290 2672 ἡ
306 2635 434 2676 Παλαιὰ,
450 2637 519 2666 ἀλλὰ
532 2641 599 2668 πᾶσι
612 2638 741 2667 δοθεῖσαν.

115 2722 212 2750 lJoan.
228 2728 297 2750 vm.
314 2723 359 2749 28.
417 2721 424 2742 1
439 2721 519 2750 Joan.
532 2729 598 2756 xvr,
623 2725 664 2751 l3.

930 2275 989 2311 jam
1014 2275 1113 2303 Paulus
1135 2283 1232 2303 omnes
1255 2280 1349 2311 gentes
1370 2277 1552 2305 circumierat.
1578 2278 1633 2306 Nisi
1657 2279 1731 2314 quis~

933 2320 1008 2356 piam
1019 2320 1091 2348 dicat
1100 2320 1174 2356 quod
1184 2342 1191 2353 ,
1202 2321 1306 2348 etiamsi
1322 2329 1378 2349 non
1389 2322 1477 2356 vivus,
1491 2326 1551 2358 post
1561 2327 1678 2351 mortem
1691 2328 1731 2352 ta-

933 2372 997 2392 men
1014 2365 1049 2392 ad
1068 2373 1163 2393 omnes
1176 2369 1272 2401 gentes
1285 2369 1407 2394 transeat
1418 2374 1466 2402 per
1478 2367 1622 2402 Epistolas.
1635 2369 1673 2396 Ut
1684 2377 1731 2396 au-

931 2413 988 2437 tem
1006 2409 1128 2443 credant,
1154 2410 1293 2438 audientes
1307 2410 1341 2438 de
1358 2412 1470 2440 nomine
1487 2412 1599 2447 Christi,
1615 2421 1670 2441 non
1696 2413 1731 2442 de

932 2455 1049 2483 essentia
1068 2455 1161 2491 ipsius.
1179 2457 1287 2484 Nomen
1311 2455 1383 2484 enim
1408 2457 1510 2485 Christi
1524 2462 1592 2492 erat,
1616 2458 1688 2494 quod
1703 2463 1730 2486 et

930 2500 1008 2536 signa
1026 2499 1149 2528 faciebat.
1173 2502 1263 2536 Atque
1283 2500 1352 2529 istuc
1371 2501 1424 2530 ﬁde
1438 2510 1506 2538 opus
1522 2502 1604 2531 habet
1617 2511 1624 2531 ι
1639 2511 1729 2539 neque

929 2545 1003 2573 enim
1024 2545 1127 2573 ratione
1144 2545 1339 2582 comprehendi
1355 2551 1454 2583 potest.
1473 2547 1669 2576 Animadverte
1682 2547 1729 2575 hic

928 2590 1069 2626 Evangelii
1090 2589 1206 2624 donum,
1231 2598 1287 2619 non
1308 2592 1354 2619 uni
1379 2592 1506 2620 videlicet
1534 2593 1619 2628 genti,
1651 2593 1730 2620 Vete-

927 2634 964 2662 ris
975 2635 1004 2670 6
1017 2636 1185 2663 Testamenti
1200 2635 1225 2663 in
1241 2644 1357 2671 morem,
1377 2637 1424 2665 sed
1439 2636 1567 2665 omnibus
1578 2636 1730 2664 communi-

930 2684 1033 2707 catum.

713 2720 726 2739 “
740 2725 800 2752 Act.
822 2732 890 2759 xm,
910 2727 936 2752 2.
975 2724 981 2742 '
998 2725 1083 2753 ICor.
1097 2732 1154 2759 xu,
1169 2729 1196 2753 8.

775 2764 871 2794 Varia:
892 2765 1044 2795 lectiones.

115 2807 132 2824 ”
150 2807 338 2842 ἀναδειχθέντος
359 2814 399 2834 m.
439 2806 460 2823 ¹²
487 2809 502 2833 ἃ
529 2814 555 2835 ο.
596 2808 616 2826 ¹³
637 2807 685 2835 ἀπὸ
700 2811 742 2836 τοῦ
756 2809 819 2836 Θεοῦ
833 2817 859 2838 o.
900 2810 920 2827 “
929 2809 954 2836 οἱ
968 2809 1096 2841 ἀκούοντες
1109 2818 1146 2838 ιιι.
1187 2810 1207 2827 ³⁵
1217 2809 1246 2836 οὗ
1260 2810 1307 2845 γὰρ
1324 2818 1350 2838 0.
