1927 3076
216 167 267 194 343

220 274 335 302 Christi.
346 285 360 298 ιο
374 274 428 301 Hic
439 273 512 301 tollit
522 273 630 301 illorum
645 272 747 300 fastum
761 276 789 300 et
802 272 987 308 supercilium.
1004 284 1015 296 υ

218 321 282 348 Non
298 319 371 347 enim
386 318 448 355 plus
461 325 545 354 quam
562 321 670 346 cetera:
682 321 777 353 gentes
791 317 955 350 obtinuistis,
971 317 1018 353 qui

220 363 354 392 videmini
378 362 523 398 imperare,
547 362 614 398 quin
627 362 706 390 vobis
727 361 840 398 perinde
860 370 892 390 ac
912 361 1017 390 caeteris

219 408 413 444 praedicamus.
427 407 519 435 Nolite
532 407 615 442 igitur
627 406 748 442 gloriari.
763 407 854 434 Potest
865 406 946 434 etiam
968 406 1016 433 ali-

218 457 262 481 ter
273 451 387 488 intelligi
403 461 410 480 :
427 452 520 480 Vocati
544 452 616 479 enim
631 451 696 479 estis
710 455 738 480 et
751 451 813 487 ipsi,
839 451 927 487 gratia
948 450 1018 479 anti-

216 497 310 533 cipati,
325 504 382 524 non
402 496 510 532 propria
522 495 622 524 virtute
634 496 802 524 accedentes.

250 543 340 570 VRBS.
355 543 381 569 7.
398 552 411 565 «ι
423 541 556 570 Omnibus
566 541 613 577 qui
624 542 724 569 Romae
741 541 815 574 estis,
831 540 938 569 dilectis
953 540 1014 573 Dei,

216 586 318 615 vocatis
338 587 452 614 sanctis.
469 598 482 610 -
507 587 569 614 Non
593 586 720 614 omnibus
742 586 900 621 simpliciter
915 588 1014 614 Romae

217 631 372 668 agentibus,
386 630 436 659 sed
458 642 470 655 -
497 630 602 659 dilectis
624 630 684 658 Dei.
709 642 723 655 -
739 630 822 659 Unde
839 638 904 658 vero
931 630 1015 666 liquet

218 675 293 712 quod
322 675 434 703 dilecti?
461 683 495 704 ex
532 675 760 703 sanctiﬁcatione.
785 675 899 703 Sanctos
925 678 1015 702 autem

217 720 313 748 ﬁdeles
325 724 406 748 vocat
417 727 524 748 omnes.
538 721 648 748 Rursus
661 724 762 753 autem,
781 731 793 743 α
808 719 930 754 Vocatis,
946 731 958 743 ι-
971 727 1014 755 ap-

215 765 318 801 posuit,
333 764 497 793 beneﬁcium
509 764 564 792 illis
582 763 618 792 ad
636 764 801 792 memoriam
823 771 967 798 revocans,
983 772 1014 791 ac

215 809 298 837 simul
312 809 446 843 indicans,
462 809 538 846 quod
558 809 674 837 Etiamsi
689 817 722 837 ex
737 808 897 836 consulibus
915 812 943 835 et
956 807 1012 844 pri-

215 854 335 882 matibus
356 854 448 888 eratis,
474 856 548 882 Deus
562 858 654 881 tamen
677 853 772 882 eadem
797 861 846 881 vos
869 853 1010 880 vocatione

215 899 333 933 vocavit,
348 907 402 935 qua
414 899 545 935 privatos,
566 906 691 934 peraeque
703 906 751 926 vos
765 898 880 934 diligens
901 902 928 925 et
949 905 1012 925 san-
1027 887 1052 918 Β

215 943 348 971 ctiﬁcans.
365 943 503 980 Quoniam
518 943 602 980 igitur
615 943 740 971 similiter
753 947 781 970 et
794 942 883 970 dilecti
898 942 973 975 estis,
987 945 1015 969 et

217 988 318 1021 vocati.
336 992 363 1016 et
384 987 557 1021 sanctiﬁcati,
583 987 613 1015 in
634 987 773 1015 tenuiores
796 995 832 1015 ne
847 986 1012 1015 efferamini.

254 1044 268 1057 ι
283 1033 379 1062 Gratia
392 1033 469 1061 vobis
482 1037 510 1060 et
521 1040 581 1068 pax.
597 1044 609 1056 ι
625 1032 696 1067 Quin
708 1036 735 1060 et
749 1031 884 1060 Dominus
897 1031 1013 1059 verbum

215 1078 269 1105 hoc
291 1077 413 1114 primum
442 1077 573 1114 apostolis
587 1077 659 1105 mdes
678 1077 842 1105 intrantibus
866 1075 1014 1104 dicendum

215 1123 353 1159 praecepit,
376 1122 501 1156 verbum,
519 1122 643 1158 inquam,
661 1121 743 1157 pacis.
765 1122 860 1157 Neque
874 1121 948 1149 enim
960 1121 1015 1148 exi-

215 1175 301 1203 guum
312 1166 416 1195 bellum
434 1166 556 1201 diremit,
571 1166 645 1202 quod
656 1166 736 1194 nobis
755 1170 899 1202 peccatum
918 1165 1014 1193 adver-

214 1219 261 1240 sus
275 1213 366 1240 Deum
378 1215 519 1248 pepererat
532 1222 540 1239 :
554 1219 605 1247 pax
623 1215 715 1239 autem
732 1210 777 1238 illa
789 1218 845 1238 non
861 1218 894 1238 ex
911 1209 1014 1238 nostris

215 1256 365 1290 laboribus,
380 1256 430 1285 sed
448 1264 482 1284 ex
501 1256 593 1284 divina
608 1256 694 1291 gratia
708 1255 858 1291 proﬂuxit:
872 1255 945 1291 prius
966 1254 1014 1282 ita-

215 1309 268 1338 que
286 1301 372 1337 gratia
394 1305 446 1335 est,
467 1300 566 1329 deinde
590 1309 652 1336 pax.
676 1301 744 1328 Haec
758 1300 851 1336 itaque
864 1299 919 1328 duo
942 1299 1014 1327 bona

215 1350 346 1382 perpetua
365 1353 477 1374 manere
492 1349 568 1382 Optat
584 1349 612 1373 et
630 1345 754 1379 immota,
770 1353 805 1373 ne
821 1344 913 1373 denuo
931 1343 1013 1372 nobis

213 1391 242 1418 in
257 1395 401 1427 peccatum
415 1390 600 1419 relabentibus
618 1390 690 1418 aliud
705 1389 807 1418 bellum
820 1389 1010 1417 exsuscitetur.

252 1447 266 1460 -
286 1437 346 1464 Deo
360 1437 441 1464 Patre
462 1439 570 1469 nostro,
591 1439 619 1462 et
638 1435 759 1462 Domino
780 1435 846 1462 Jesu
859 1433 979 1462 Christo.
998 1445 1010 1458 -

215 1481 310 1515 Papae!
337 1483 471 1515 quantum
497 1479 581 1507 valuit
601 1478 689 1515 gratia
703 1486 737 1506 ex
760 1477 852 1505 divina
871 1481 931 1505 orta
943 1477 1009 1506 dile-

214 1525 317 1553 ctione!
333 1525 406 1552 Nam
423 1523 471 1560 qui
489 1523 580 1551 hostes
597 1527 624 1551 et
638 1522 746 1558 inglorii
761 1530 882 1556 eramus,
904 1523 1012 1550 Patrem
1027 1535 1049 1566 ρ

212 1569 287 1597 nacti
305 1576 404 1596 sumus
421 1568 511 1604 ipsum
524 1569 627 1596 Deum.
650 1579 663 1591 α
685 1569 710 1595 Α
724 1568 782 1594 Deo
797 1567 879 1595 Patre
893 1567 974 1603 igitur
986 1570 1015 1595 et

212 1613 333 1642 Domino
345 1616 441 1640 nostro
451 1613 516 1641 Jesu
530 1612 650 1645 Christo,
665 1623 678 1636 ι
696 1612 731 1640 sit
744 1610 823 1639 vobis
837 1611 940 1639 stabilis
954 1619 1016 1647 gra-

213 1658 251 1685 tia
264 1661 291 1685 et
304 1664 357 1693 pax
375 1666 385 1685 ι
405 1657 440 1685 ab
458 1656 513 1691 his,
530 1656 655 1692 inquam,
678 1655 724 1692 qui
739 1656 797 1684 haec
818 1659 848 1684 ut
869 1655 1014 1691 dederunt,

213 1702 251 1730 ita
269 1706 296 1729 et
312 1708 475 1730 conservare
495 1705 621 1738 possunt.

246 1747 336 1774 Vens.
356 1749 384 1774 8.
401 1758 414 1770 α
430 1746 555 1774 Primum
567 1745 682 1782 quidem
700 1745 801 1782 gratias
814 1754 866 1783 ago
878 1747 938 1774 Deo
953 1754 1015 1774 meo

213 1799 261 1827 per
278 1792 375 1819 Jesum
391 1790 544 1825 Christum,
563 1799 613 1827 pro
626 1790 754 1819 omnibus
774 1791 864 1826 vobis,
881 1791 1014 1827 quoniam

212 1835 281 1864 ﬁdes
292 1839 380 1864 vestra
390 1835 568 1864 annuntiatur
577 1835 605 1863 in
620 1836 748 1864 universo
759 1835 874 1864 mundo.
889 1845 904 1862 ››
920 1836 1015 1863 Prooe-

213 1881 302 1909 mium
323 1881 416 1909 anima
438 1880 515 1909 Pauli
543 1880 668 1915 dignum,
685 1889 740 1917 quo
762 1880 895 1909 docemur
915 1884 943 1908 et
964 1880 1014 1917 ipsi

212 1926 314 1962 gratias
331 1933 423 1962 agere,
449 1933 500 1954 nec
521 1934 570 1962 pro
591 1926 693 1954 nostris
715 1929 834 1958 tantum,
856 1925 904 1953 sed
928 1925 1013 1953 etiam

212 1971 406 2007 proximorum
416 1970 495 1998 bonis
506 1980 514 1998 :
525 1970 578 1998 hoc
585 1978 704 2006 namque
714 1970 833 1998 cbaritas
843 1974 894 1998 est.
905 1970 1013 1999 Gratias

212 2020 305 2044 autem
320 2015 385 2051 agit,
406 2022 464 2043 non
482 2022 532 2050 pro
550 2014 728 2043 terrestribus
739 2014 903 2049 quibusdam
923 2019 951 2042 et
971 2023 1014 2051 pe-

212 2059 357 2088 reuntibus
366 2059 457 2093 bonis,
468 2066 564 2086 verum
575 2063 719 2094 propterea
731 2057 807 2094 quod
821 2059 942 2086 Romani
956 2067 1013 2087 cre-

212 2104 352 2132 diderunt.
372 2104 470 2138 Porro,
483 2103 556 2139 quod
566 2103 614 2137 ait,
632 2114 646 2128 ι
668 2104 730 2131 Deo
744 2110 820 2138 meo,
843 2114 856 2127 ιι
872 2103 1012 2136 allectum,

211 2156 295 2185 quem
313 2147 444 2181 habebat,
464 2147 623 2181 declaravit,
647 2149 739 2176 Deum
763 2155 942 2176 communem
962 2146 1013 2176 sibi

211 2193 339 2230 privatim
353 2191 518 2221 vindicando
535 2201 542 2220 :
556 2192 631 2237 quod
643 2196 671 2220 et
682 2191 842 2220 factitarunt
860 2193 1008 2228 prophetae.
1028 2205 1052 2237 ι)

212 2238 370 2274 Quinetiam
390 2239 465 2266 Deus
480 2236 534 2265 hoc
549 2238 607 2273 ipse
621 2236 694 2271 facit,
712 2238 803 2265 Deum
823 2237 971 2266 Abrahami
984 2243 1012 2266 et

210 2283 295 2311 Isaaci
308 2287 336 2311 et
346 2281 442 2311 Jacobi
452 2289 512 2310 sese
523 2281 673 2310 nominans
683 2286 713 2316 ιιι,
725 2286 755 2310 ut
770 2290 849 2310 suam
861 2290 925 2318 erga
937 2282 1013 2318 ipsos

211 2327 374 2356 charitatem
402 2327 613 2355 demonstraret.
638 2327 744 2355 Gratias
758 2335 838 2363 agere
852 2332 944 2356 autem
970 2328 1013 2356 in-

213 2372 281 2409 quit,
294 2384 308 2396 ι
328 2380 377 2409 per
393 2373 488 2400 Jesum
501 2371 652 2401 Christum.
667 2383 680 2398 ιι
700 2374 755 2401 lste
773 2372 847 2400 enim
860 2373 942 2401 nobis
953 2381 1013 2410 gra-

211 2417 314 2446 tiarum
345 2416 460 2445 actionis
493 2416 530 2445 ad
565 2417 655 2445 Deum
678 2418 759 2445 Patre
792 2417 930 2445 mediator
960 2422 1012 2452 est,

211 2469 267 2490 non
283 2461 374 2490 solum
386 2469 438 2490 nos
452 2461 554 2490 docens
564 2462 664 2497 gratias
677 2469 768 2498 agere,
783 2461 832 2490 sed
844 2466 872 2490 et
888 2465 1012 2490 nostram

210 2506 361 2542 gratiarum
374 2506 509 2534 actionem
531 2506 604 2534 Patri
622 2505 752 2535 offerens.
772 2506 858 2542 Cujus
876 2514 958 2542 porro
973 2506 1012 2534 rei

209 2558 290 2579 causa
318 2551 422 2587 gratias
447 2551 521 2587 agit?
547 2551 628 2586 Quod
657 2562 668 2575 σ
691 2551 759 2579 ﬁdes
785 2562 797 2575 ν
819 2552 1012 2579 Romanorum

211 2607 224 2620 ι
244 2595 423 2624 annuntiatur
441 2595 470 2624 in
490 2595 620 2624 universo
639 2595 757 2624 mundo.
778 2607 791 2619 -
810 2596 938 2624 Duarum
961 2595 1012 2624 illis

206 2649 302 2670 rerum
308 2640 498 2670 testimonium
506 2640 585 2676 dicit,
590 2645 618 2670 et
623 2640 700 2677 quod
708 2639 893 2675 crediderunt,
903 2645 931 2668 et
937 2640 1012 2677 quod

261 2715 283 2730 ⁵³
297 2713 384 2742 Exod.
405 2721 456 2748 xu,
477 2715 521 2742 l5.

736 164 992 193 THEOPHYLACTI
1013 164 1190 193 BULGARl/E
1211 165 1369 192 ARCHIEP.
1805 166 1851 194 344

251 230 332 258 Vsus
371 232 399 257 6.
422 240 436 253 σι
465 230 498 257 In
517 228 614 264 quibus
634 228 700 256 estis
719 231 748 255 et
767 235 816 256 vos
837 227 926 255 vocati
946 229 1012 255 Jesu
1026 230 1052 262 Α

1111 240 1125 255 (ι
1143 227 1190 258 Ἐν
1208 223 1245 261 οῖς
1262 228 1320 257 ἐστε
1332 226 1378 257 καὶ
1393 228 1468 265 ὑμεῖς
1481 227 1574 263 κλητοὶ
1588 226 1680 262 Ἰησοῦ
1699 228 1819 267 Χριστοῦ.
1835 240 1847 256 ι)

1072 273 1204 303 Ἐνταῦθα
1223 275 1345 312 καθαιρεῖ
1369 273 1454 301 αὐτῶν
1476 271 1524 308 τὴν
1541 272 1631 312 ὀφρύν.
1655 273 1696 302 Οὖ
1711 272 1762 313 γὰρ
1780 272 1851 302 πλέον

1071 317 1162 357 ἔσχετε
1179 317 1204 336 ⁴⁶
1228 319 1281 346 τῶν
1307 317 1395 347 ἄλλων
1419 318 1516 354 ἐθνῶν,
1544 318 1568 346 οἷ
1594 318 1731 350 δοκοῦντες
1759 316 1851 356 ἄρχεινι

1071 363 1130 391 ἀλλ’
1149 361 1239 402 ὥσπερ
1254 365 1306 395 τοῖς
1319 361 1423 397 ἄλλοις,
1443 361 1513 391 οὕτω
1527 361 1573 391 καὶ
1588 363 1668 401 ὑμῖν,
1684 361 1850 401 κηρύττομεν·

1070 406 1108 445 μὴ
1132 402 1175 436 οὖν
1201 406 1363 445 κομπάζετε.
1391 406 1473 436 Ἀλλὰ
1495 406 1541 435 καὶ
1565 406 1664 439 ἄλλως·
1690 405 1787 442 Κλητοὶ
1809 406 1852 445 γάρ

1069 452 1127 481 ἔστε
1141 452 1187 481 καὶ
1204 451 1278 481 αὐτοὶ
1289 474 1297 490 ,
1310 451 1401 491 χάριτι
1415 450 1607 491 προληφθέντες
1616 473 1625 488 ,
1639 451 1687 481 οὖκ
1702 451 1746 491 ἀφ’
1761 452 1852 480 ἑαυτῶν

1069 496 1254 536 προσελθόντες
1265 496 1301 527 ⁴⁷.

1109 554 1120 567 ι
1136 542 1208 570 Πᾶσι
1218 543 1272 574 τοῖς
1283 535 1355 570 οἷσιν
1368 541 1395 569 ἐν
1408 539 1503 580 Ῥώμῃ
1519 540 1668 579 ἀγαπητοῖς
1685 542 1757 571 Θεοῦ
1766 562 1773 576 ,
1790 540 1853 576 κλη-

1069 589 1120 618 τοῖς
1142 585 1235 624 ἁγίοις.
1253 597 1268 614 ι)
1289 587 1329 616 Οὐ
1351 590 1433 614 πᾶσιν
1446 585 1535 619 ἁπλῶς
1551 589 1602 618 τοῖς
1625 586 1651 614 ἐν
1665 584 1777 625 Ῥώμῃ,
1790 584 1853 613 ἄλλᾶ

1069 643 1080 655 τι
1094 630 1146 663 τοῖς
1162 632 1307 668 ἀγαπητοῖς
1322 630 1405 660 Θεοῦ.
1422 643 1433 656 ι
1450 630 1534 659 Πόθεν
1551 630 1629 665 δῆλον
1642 654 1648 664 ,
1665 629 1704 658 ὃτι
1715 629 1852 668 ἇγαπητοίς

1067 674 1116 703 Ἐκ
1129 677 1174 703 τοῦ
1184 675 1326 713 ἁγιασμοῢ·
1336 674 1424 713 ἁγίους
1435 674 1463 703 δὲ
1475 674 1535 708 τοὺς
1545 673 1655 707 πιστοὺς
1665 675 1740 704 καλεῖ
1749 674 1852 706 πάντας.

1067 719 1158 748 Πάλιν
1172 719 1199 748 δὲ
1215 719 1263 756 τὸ,
1284 731 1298 748 α
1321 719 1450 756 Κλητοῗς,
1471 730 1486 747 ι)
1507 719 1670 758 προσέθηκε,
1692 721 1740 754 τῆς
1760 719 1854 757 εὐεργε-

1067 763 1126 797 σίας
1151 763 1245 797 αὐτοὺς
1265 763 1491 801 ἀναμιμνήσκων,
1513 763 1559 792 καὶ
1585 763 1727 799 δεικνύων,
1742 762 1780 792 ὅτι
1804 762 1853 792 Κᾶν

1067 808 1093 842 ἐξ
1117 807 1225 837 ὑπάτων
1241 808 1286 837 καὶ
1303 807 1430 848 ὖπάρχων
1453 804 1518 845 ἦτε,
1544 809 1602 837 ἀλλ’
1628 809 1642 836 ὁ
1666 807 1733 840 Θεὸς
1754 809 1818 845 ὑμᾶς
1831 807 1853 835 ἐν

1066 856 1098 893 τῇ
1114 854 1181 892 αὐτῇ
1197 852 1292 888 κλήσει
1305 853 1430 883 ἐκάλεσεν
1441 875 1449 889 ,
1493 852 1609 886 καὶτοὺς
1623 852 1728 885 ἰδιώτας
1740 875 1748 891 ,
1767 851 1854 889 ὁμοίως

1067 899 1136 936 ὑμᾶς
1151 897 1292 936 ἀγαπήσας
1312 897 1358 926 καὶ
1378 897 1501 936 ἁγιάσας.
1525 897 1602 926 Ἐπεὶ
1624 893 1669 926 οὖν
1691 898 1736 926 καὶ
1757 895 1854 935 ἠγαπή-

1069 945 1145 978 Οητε,
1163 943 1208 972 καὶ
1232 942 1378 978 ἐκλήθητε,
1407 942 1452 972 καὶ
1483 942 1631 981 ἡγιάσθητε
1657 942 1770 981 ὁμοίως,
1792 940 1852 970 κατὰ

1068 989 1120 1016 τῶν
1134 987 1323 1027 εὐτελεστέρων
1339 987 1376 1025 μὴ
1395 987 1544 1027 ἐπαίρεσθε.

1108 1046 1120 1058 ι
1136 1033 1221 1073 Χάρις
1244 1034 1304 1069 ὑμῖν
1328 1031 1373 1061 καὶ
1388 1031 1490 1071 εἰρήνη.
1510 1043 1525 1059 in
1552 1031 1606 1061 Καὶ
1632 1034 1646 1061 ὃ
1671 1030 1767 1071 Κύριος
1785 1033 1854 1059 τοῦτο

1067 1078 1172 1115 πρῶτον
1201 1079 1274 1117 ῥῆμα
1299 1077 1335 1110 εἷς
1362 1075 1408 1109 τὰς
1431 1077 1516 1109 οἰκίας
1542 1077 1654 1106 εἰσιοῦσι
1672 1080 1725 1108 τοῖς
1748 1074 1852 1104 ἀποστό-

1067 1122 1122 1154 λοις
1142 1120 1227 1159 λέγειν
1244 1120 1368 1156 ἐπέταξε,
1389 1120 1419 1150 τὸ
1442 1123 1488 1156 τῆς
1509 1120 1626 1159 εἰρήνης.
1656 1119 1726 1150 Οὐδὲ
1747 1120 1796 1160 γὰρ
1816 1131 1854 1158 μιι

1067 1166 1129 1204 κρὸν
1154 1166 1271 1204 πόλεμον
1293 1164 1454 1201 κατέλυσεν,
1479 1165 1507 1195 ὃν
1524 1168 1590 1203 ἡμῖν
1614 1168 1633 1201 ἡ
1660 1165 1776 1206 ἁμαρτία
1797 1164 1855 1203 πρὸς

1067 1210 1112 1238 τὸν
1126 1209 1196 1240 Θεὸν
1211 1210 1347 1240 ἀπέτεκεν·
1363 1212 1380 1245 ἡ
1398 1209 1424 1238 δὲ
1437 1210 1527 1250 εἰρήνη
1544 1209 1610 1246 αὕτη
1625 1210 1674 1239 οὐκ
1690 1210 1715 1244 ἐξ
1730 1208 1854 1250 ἡμετέρων

1067 1254 1168 1291 πόνων,
1186 1254 1250 1295 ῖᾷλλ¹
1266 1256 1295 1284 ἐκ
1316 1256 1362 1289 τῆς
1387 1249 1466 1288 θείας
1479 1255 1604 1294 χάριτοςο
1631 1255 1756 1295 πρότερον
1777 1249 1820 1283 οὖν
1840 1255 1854 1287 ἡ

1067 1299 1160 1338 χάρις,
1175 1294 1232 1328 εἶτα
1253 1301 1271 1335 ἡ
1287 1298 1393 1338 εἰρήνη.
1410 1300 1503 1329 Ταῦτα
1519 1295 1563 1328 οὖν
1578 1298 1611 1328 τὰ
1628 1299 1676 1328 δύο
1691 1299 1775 1338 ἀγαθὰ
1787 1297 1855 1327 ἐπεύ-

1067 1355 1145 1383 χεται
1169 1343 1256 1381 μένειν
1280 1345 1387 1378 διηνεκῆ
1417 1343 1462 1373 καὶ
1482 1345 1611 1380 ἀκίνητα,
1637 1343 1705 1373 ὥστε
1723 1343 1760 1382 μὴ
1781 1343 1853 1372 πάλιν

1067 1388 1240 1428 ἁμαρτόντων
1265 1390 1339 1426 ἡμῶν
1353 1412 1361 1426 ,
1379 1388 1466 1428 ἕτερον
1489 1389 1714 1429 ἀναῤῥιπισθῆναι
1735 1387 1851 1425 πόλεμον.

1109 1444 1124 1461 «
1141 1433 1204 1462 Ἀπὸ
1228 1434 1299 1463 Θεοῦ
1324 1433 1432 1472 Πατρὸς
1455 1435 1548 1471 ἡμῶν,
1570 1433 1616 1462 καὶ
1646 1433 1746 1472 Κυρίου
1771 1432 1853 1468 Ἰησοῦ

1066 1478 1194 1517 Χριστοῦ,
1207 1491 1219 1504 ιο
1237 1477 1336 1516 Βαϐαὶ,
1348 1477 1430 1507 πόσον
1448 1479 1463 1513 ἧ
1477 1477 1553 1518 χάρις
1565 1477 1678 1518 ἴσχυσεν
1695 1478 1728 1514 ’⁸,
1741 1480 1757 1512 ἡ
1774 1478 1801 1506 ἐκ
1815 1478 1856 1512 τῆς

1067 1521 1138 1556 θείας
1172 1522 1298 1562 ἀγάπηςῐ
1322 1523 1357 1552 Οἱ
1383 1521 1434 1562 γὰρ
1460 1522 1547 1562 ἐχθροὶ
1571 1523 1616 1551 καὶ
1641 1523 1731 1561 ἄτιμοι
1758 1523 1856 1560 Πατέρα

1073 1567 1187 1606 ἔσχομεν
1203 1566 1246 1596 τὸν
1264 1566 1344 1597 Θεόν.
1363 1566 1426 1596 Ἀπὸ
1439 1569 1501 1605 γοῦν
1514 1569 1559 1596 τοῦ
1583 1568 1657 1597 Θεοῦ
1681 1566 1803 1606 Πατρὸς,
1817 1565 1856 1595 καὶ

1070 1614 1116 1640 τοῦ
1133 1611 1230 1652 Κυρίου
1246 1613 1323 1650 ἡμῶν
1341 1611 1430 1648 Ἰησοῦ
1454 1612 1587 1650 Χριστοῦ,
1610 1612 1654 1648 εἴη
1680 1614 1742 1650 ὗμῖν
1769 1609 1856 1651 βεϐαία

1071 1658 1086 1691 ἡ
1102 1655 1192 1695 χάρις,
1208 1656 1254 1685 καὶ
1270 1658 1287 1692 ἡ
1311 1655 1412 1697 εἰρήνη·
1428 1657 1483 1686 τῶν
1500 1655 1545 1685 καὶ
1570 1655 1669 1686 δόντων
1693 1659 1792 1692 ταῦτα,
1815 1653 1856 1684 καὶ

1070 1700 1221 1738 δυναμένων
1236 1700 1358 1742 φυλάξαι.

1113 1759 1126 1771 α
1153 1747 1266 1786 Πρῶτον
1287 1745 1334 1784 μὲν
1355 1747 1507 1785 εὐχαριστῶ
1522 1747 1560 1786 τῷ
1581 1746 1646 1785 Θεῷ
1672 1758 1721 1782 μοι)
1737 1745 1778 1774 διὰ
1804 1744 1856 1780 Ἰη-

1070 1792 1116 1819 σοῦ
1135 1791 1268 1829 Χριστοῦ,
1294 1791 1360 1830 ὓπὲρ
1373 1792 1479 1820 πάντων
1495 1792 1568 1828 ὑμῶν
1579 1812 1588 1827 ,
1604 1790 1645 1820 ὅτι
1660 1793 1677 1827 ἡ
1691 1790 1776 1823 πίστις
1790 1791 1857 1827 ὑμῶν

1069 1835 1281 1874 καταγγέλλεται
1297 1837 1323 1865 ἐν
1342 1835 1395 1876 ὅλῳ
1409 1837 1447 1875 τῷ
1459 1835 1564 1876 κόσμῳ.
1584 1847 1598 1864 υ
1617 1836 1726 1874 Πρέπον
1743 1837 1774 1874 τῇ
1788 1833 1857 1864 Παύ-

1068 1880 1115 1908 λου
1128 1880 1203 1919 ψυχῇ
1219 1879 1250 1910 τὸ
1261 1875 1412 1920 προοίμιον,
1434 1879 1467 1909 δι’
1483 1875 1513 1908 οὗ
1534 1879 1714 1918 διδασκόμεθα
1730 1879 1774 1908 καὶ
1789 1877 1856 1907 αὐτοὶ

1069 1925 1244 1964 εὐχαριστεῖν·
1269 1925 1316 1954 καὶ
1339 1925 1389 1964 οὖχ
1416 1923 1481 1963 ὑπὲρ
1506 1924 1609 1954 οἰκείων
1635 1926 1742 1964 ἀγαθῶν
1765 1923 1853 1961 μόνον,

1069 1968 1138 1997 ἀλλὰ
1154 1969 1199 1998 καὶ
1215 1970 1268 1997 τῶν
1290 1968 1414 2004 πλησίον
1439 1972 1515 1998 τοῦτο
1537 1968 1589 2008 γὰρ
1611 1969 1716 2007 ἀγάπη.
1745 1969 1857 2007 Εὖχαρι-

1069 2016 1125 2042 στεῖ
1140 2012 1166 2042 δὲ
1177 2035 1184 2048 ,
1201 2014 1248 2042 οὐκ
1269 2013 1313 2042 ἐπὶ
1329 2012 1427 2052 γηΐνοις
1439 2013 1492 2042 τισὶ
1513 2013 1560 2042 καὶ
1577 2014 1767 2051 ἀπολλυμένοις
1776 2035 1784 2049 ,
1802 2010 1856 2040 ἀλλ’

1068 2057 1108 2086 ὅτι
1124 2057 1284 2086 ἐπίστευσαν
1299 2057 1441 2095 Ῥωμαῖοι.
1457 2057 1548 2088 Εἰπὼν
1561 2057 1601 2093 δὲ,
1615 2071 1627 2084 ι
1640 2058 1689 2098 Τῷ
1701 2059 1763 2096 Θεῷ
1776 2068 1834 2094 μου,
1846 2068 1857 2079 ι

1070 2101 1148 2136 ἔδειξε
1168 2101 1218 2138 τὴν
1233 2102 1349 2132 διάθεσιν
1369 2102 1401 2138 ἢν
1427 2102 1500 2142 ἔχει,
1527 2102 1572 2131 τὸν
1596 2102 1682 2132 κοινὸν
1706 2101 1773 2131 Θεὸν
1797 2100 1856 2130 ἰδιο-

1070 2146 1238 2185 ποιούμενος,
1253 2147 1288 2179 ὡς
1304 2147 1350 2176 καὶ
1371 2148 1395 2176 οἱ
1416 2149 1560 2187 προφῆται.
1579 2146 1634 2176 Καὶ
1648 2149 1663 2176 ὁ
1682 2146 1748 2179 Θεὸς
1766 2145 1791 2174 δὲ
1807 2144 1856 2173 αὖ-

1069 2191 1112 2224 τὸς
1135 2193 1212 2221 τοῦτο
1236 2195 1322 2227 ποιεῖ,
1345 2191 1415 2221 Θεὸν
1442 2190 1581 2231 Ἀϐραὰμ,
1608 2191 1655 2221 καὶ
1679 2190 1789 2226 Ἰσαὰκ,
1815 2188 1856 2218 καὶ

1071 2234 1184 2272 Ἰακὼϐ,
1199 2235 1277 2264 αὑτὸν
1297 2236 1449 2274 ὀνομάζων,
1467 2235 1511 2264 ἵνα
1535 2235 1583 2272 τὴν
1597 2236 1662 2276 πρὸς
1684 2234 1777 2267 αὖτοὺς
1791 2232 1855 2271 ἀγά-

1069 2293 1123 2317 πην
1150 2279 1307 2321 ἐνδείξηται.
1354 2282 1532 2320 Εὐχαριστεῖν
1560 2281 1590 2310 δέ
1617 2292 1683 2321 φησι
1705 2280 1748 2309 διὰ
1773 2278 1856 2313 Ἰησοῦ

1070 2326 1195 2363 Χριστοῦ·
1211 2320 1284 2358 οὗτος
1299 2325 1350 2365 γὰρ
1365 2325 1411 2354 καὶ
1435 2328 1483 2362 τῆς
1507 2325 1572 2365 πρὸς
1586 2325 1629 2354 τὸν
1646 2325 1757 2363 Πατέρα
1781 2323 1856 2361 εὔχα-

1070 2370 1171 2409 ριστίας
1188 2369 1212 2387 ⁶⁰
1227 2371 1292 2408 ἡμῖν
1316 2371 1330 2399 ὁ
1354 2370 1481 2408 μεσίτης,
1506 2370 1536 2399 οὗ
1561 2370 1640 2409 μόνον
1655 2368 1759 2403 διδάξας
1783 2368 1856 2405 εὖχαι

1070 2418 1180 2455 ριστεῐν,
1209 2414 1278 2444 ἀλλὰ
1308 2414 1354 2444 καὶ
1379 2416 1521 2454 προσάγων
1545 2416 1594 2450 τὴν
1619 2413 1750 2454 ἡμετέραν
1780 2412 1856 2455 s97}-

1069 2454 1171 2498 ριστίαν
1185 2461 1224 2499 τῷ
1240 2459 1338 2499 Πατρί.
1382 2459 1459 2492 Τίνος
1476 2459 1502 2488 δὲ
1517 2459 1596 2499 χάριν
1617 2454 1855 2499 εὖχαριστεῖ;’οῐι

1066 2506 1083 2540 ἡ
1109 2504 1196 2537 πίστις
1215 2505 1268 2533 τῶν
1294 2503 1440 2542 Ῥωμαίων
1464 2503 1676 2543 καταγγέλλεται
1700 2502 1726 2520 ²⁰
1751 2503 1777 2530 ἐν
1803 2499 1853 2538 ἅλῳ

1065 2549 1102 2589 τῷ
1123 2549 1228 2589 κόσμῳ.
1253 2547 1308 2578 Δύο
1320 2548 1407 2582 αὐτοῖς
1424 2552 1566 2588 μαρτυρεῖ,
1582 2548 1622 2577 ὅτι
1636 2560 1665 2577 τε
1689 2546 1853 2577 ἐπίστευσαν.

1066 2593 1112 2623 καὶ
1127 2592 1168 2622 ὅτι
1192 2593 1260 2632 μετὰ
1284 2593 1414 2629 τοσαύτης
1433 2592 1600 2634 παῤῥησίας,
1616 2591 1685 2622 ὥστε
1701 2591 1750 2628 τὴν
1768 2589 1853 2634 πίστιν

1065 2639 1151 2668 αὐτῶν
1173 2630 1400 2677 καταγγέλλεσθαι
1429 2639 1456 2668 ιν
1475 2630 1538 2679 ’ὅλῳ
1558 2640 1597 2678 τῷ
1625 2637 1734 2676 κόσμῳ,
1757 2634 1802 2664 καὶ
1820 2630 1852 2661 δι’

899 2748 992 2779 Variae
1014 2750 1164 2781 lectiones.

247 2813 268 2829 is
285 2813 356 2848 ἔχετε
370 2821 410 2840 ιη,
448 2811 470 2828 ιτ
484 2810 680 2846 προσληφθέντες
691 2819 729 2840 m.

776 2811 798 2829 ³⁸
811 2811 914 2846 ηὔξησεν
927 2820 954 2841 0.
993 2812 1014 2829 "
1027 2812 1164 2849 εὐεργεσίας
1175 2821 1202 2842 ο.
1239 2812 1264 2830 ²⁰
1275 2812 1348 2850 ἡμεῖς
1359 2810 1406 2840 οὖν
1424 2821 1463 2841 m.
