1927 3076
73 156 128 183 345

558 155 732 183 EXPOSITIO
750 155 783 183 IN
804 155 906 183 EPIST.
927 156 973 183 AD
993 156 1074 184 R031.
1095 171 1130 176 —
1152 157 1226 184 CAP.
1248 158 1268 185 1.

1683 162 1734 189 346

75 219 169 247 αὐτῶν
196 218 356 258 ὠφελεῖσθαι
383 217 503 255 πάντας,
526 219 563 252 εἷς
587 219 665 254 ζῆλον
692 218 738 247 καὶ
768 217 881 256 μίμησιν

941 222 1017 246 tanta
1038 218 1164 247 libertate
1179 223 1205 247 et
1220 219 1321 248 ﬁducia
1339 220 1526 256 crediderunt,
1541 226 1572 250 ut
1591 222 1659 251 ﬁdes
1673 223 1735 252 illo-

74 265 126 298 τῆς
150 263 289 302 βασιλίδος
315 263 416 296 πόλεως
440 263 636 301 ἐκκαιομένους.
669 263 763 293 Καίτοι
788 263 814 292 δὲ
835 265 881 291 τοῦ

77 307 190 347 Πέτρου
214 307 377 348 κηρύξαντος
392 309 420 336 ἐν
442 307 556 348 Ῥώμῃ,
580 308 652 346 ὅμως
671 308 704 337 τὰ
725 308 825 337 ἐκείνου
846 309 884 336 οἶ·-

79 352 144 381 κεῖα
170 352 335 391 ἡγούμενος,
359 353 512 393 εὐχαριστεῖ
537 352 603 393 ὑπὲρ
626 355 673 388 τ’ῆς
696 353 809 385 πίστεως
829 353 882 381 τῶν

76 399 126 426 τοῦ
160 397 265 437 Πέτρου
288 398 430 435 μαθητῶν·
452 396 522 426 οὕτω
550 397 696 437 βασκανίας
711 397 879 432 ἀπήλλακτο.

938 271 1001 291 rum
1021 263 1048 291 in
1063 264 1195 292 universo
1217 265 1324 293 mundo
1346 265 1519 300 praedicetur,
1545 266 1670 304 adeoque
1688 277 1737 304 per

940 309 1012 343 ipsos
1038 309 1084 336 alii
1111 316 1208 337 omnes
1233 309 1380 338 utilitatem
1406 311 1569 346 percipiant,
1597 312 1631 340 ad
1655 314 1736 348 regiae

938 353 1043 381 scilicet
1054 353 1130 382 urbis
1143 355 1350 382 mmulationem
1371 359 1399 383 et
1413 355 1596 384 imitationem
1615 358 1734 385 accensi.

939 400 1000 426 Imo
1026 406 1090 426 cum
1112 400 1210 427 Petrus
1233 400 1331 428 Romae
1355 401 1532 436 Evangelium
1548 401 1734 436 praedicasset,

75 453 142 482 quae
156 446 231 474 illius
242 450 338 480 erant,
356 453 406 474 sua
426 450 570 482 reputans,
593 455 642 483 pro
663 446 718 475 ﬁde
739 446 810 474 Petri
830 443 1028 480 discipulomm
1046 443 1150 479 gratias
1170 444 1225 479 agit
1247 453 1254 472 :
1271 443 1341 472 adeo
1363 445 1398 473 ab
1418 445 1520 474 invidia
1534 445 1647 482 quidem
1670 447 1734 475 alie-

75 498 133 518 nus
150 495 223 518 erat.

124 547 140 565 α
158 535 272 575 Μάρτυς
287 535 338 576 γάρ
356 536 408 574 μού
420 537 492 566 ἐστιν
508 539 522 566 ὁ
537 536 617 572 Θεὸς,
633 532 656 577 ᾧ
670 536 791 575 λατρεύω
804 537 830 566 ἐν
845 536 884 574 τῷ

77 580 218 618 πνεύματί
235 593 304 618 μου,
325 581 350 610 ἐν
375 583 413 620 τῷ
442 582 596 621 Εὖαγγελίῳ
620 584 666 610 τοῦ
692 582 759 611 Υἱοῦ
782 583 882 619 αὐτοῦ,

77 626 114 658 ὥς
148 625 328 659 ἀδιαλείπτως
359 625 452 663 μνείαν
481 627 555 664 ὑμῶν
592 629 721 663 ποιοῦμαι
751 625 882 660 πάντοτε,

77 669 124 698 ἐπὶ
155 671 211 698 τῶν
246 671 402 710 προσευχῶν
438 681 500 708 μου.
527 681 541 699 n
567 670 680 706 Ἐπειδὴ
712 670 817 700 οὐδέπω
851 665 883 705 ἦν

79 714 180 746 αὐτοὺς
193 714 318 753 ἑωρακὼς
329 737 336 750 ,
358 714 454 752 ἔμελλε
470 715 497 743 δὲ
513 715 595 744 εἰπεῖν
605 737 613 750 ,
633 715 673 744 ὅτι
692 729 704 741 α
719 715 771 745 Ἀεὶ
783 715 884 752 μέμνη-

81 771 134 797 μαι
151 760 248 796 ὑμῶν,
264 770 279 787 n
296 759 419 798 μάρτυρα
440 760 517 789 καλεῖ
534 759 578 789 τὸν
594 760 641 793 τὰς
656 759 765 799 καρδίας
783 760 880 788 εἰδότα.

974 535 1062 562 Vens.
1079 537 1108 562 9.
1125 544 1139 560 ι(
1153 535 1244 563 Testis
1258 534 1331 562 enim
1353 535 1420 563 mihi
1435 539 1477 564 est
1489 538 1575 570 Deus,
1589 536 1632 565 cui
1647 537 1735 565 servio

938 578 964 606 in
980 579 1076 615 spiritu
1092 587 1166 613 meo,
1184 579 1211 607 in
1231 579 1377 615 Evangelio
1393 580 1453 608 Filii
1481 580 1550 616 ejus,
1575 581 1648 617 quod
1673 581 1733 610 sine

938 624 1141 652 intermissione
1163 624 1333 652 mentionem
1354 625 1435 652 vestri
1456 624 1554 653 faciam
1576 634 1685 662 semper
1707 627 1734 654 in

938 669 1112 696 orationibus
1135 669 1213 697 meis.
1241 681 1259 697 ι.
1278 669 1349 703 Quia
1374 677 1516 706 nunquam
1546 678 1594 698 eos
1616 671 1732 704 viderat,

939 713 1062 741 dicturus
1085 718 1177 741 autem
1200 719 1268 746 erat,
1293 726 1306 738 ι
1331 714 1445 750 Semper
1460 715 1630 743 mentionem
1652 717 1734 744 vestri

939 757 1020 791 facio,
1036 768 1050 783 ιι
1065 762 1163 786 testem
1178 759 1285 786 invocat
1299 767 1362 787 eum
1376 760 1423 795 qui
1434 759 1524 787 cordis
1536 759 1630 788 abdita
1645 761 1732 788 nnvit.

77 795 159 843 ἐὈρα
171 795 203 833 δὲ
220 795 374 843 σπλάγχνα,
387 795 412 832 εἴ
422 815 452 843 γε
464 804 577 834 πάντοτε
593 795 726 842 ἐμέμνητο
738 804 881 843 ἀνθρώπων

941 804 1050 830 intuere
1077 811 1140 830 vero
1170 803 1215 830 hic
1241 803 1388 839 apostolica
1414 804 1527 838 viscera,
1552 803 1735 840 effectumque

81 849 154 886 μηδὲ
181 849 330 888 ὁραθέντων
345 849 429 888 αὐτῷ.
455 850 509 878 Καὶ
533 852 603 885 ποῦ;
629 849 675 880 Ἐν
695 853 752 883 ταῖς
768 860 883 888 προσευ-

81 894 146 933 χαῖς
156 916 166 931 ,
185 893 231 922 καὶ
246 893 305 922 τότε
327 893 515 926 ἀδιαλείπτως.
538 894 667 934 Δατρεύω
681 894 709 923 δὲ
728 896 764 933 τῷ
779 895 858 934 Θεῷ,
871 894 887 922 8

81 939 157 974 ἐστι,
171 938 296 967 δουλεύω
316 950 331 965 ι
342 939 368 966 ἐν
389 939 428 977 τῷ
443 939 576 976 πνεύματί
593 951 659 978 μου,
671 950 686 967 ι
703 940 774 968 τοῦτ’
792 939 863 968 ἔστιν
876 963 881 973 ,

80 983 112 1012 οὗ
128 982 262 1022 σαρκικὴν
276 982 400 1022 λατρείαν
409 1007 415 1017 ,
429 983 498 1012 ἀλλὰ
512 984 707 1021 πνευματικήν.
723 983 758 1013 Ἠ
774 984 821 1021 μὲν
833 984 884 1024 γὰρ

80 1026 233 1063 Ἑλληνικὴ
254 1027 380 1066 λατρεία,
403 1028 448 1056 καὶ
475 1028 587 1067 σαρκικὴ
612 1029 657 1057 καὶ
679 1029 883 1067 πεπλανημένη

80 1074 98 1107 ἡ
115 1072 144 1101 δὲ
161 1071 315 1107 Ἰουδαῖκὴ,
342 1072 463 1107 ἀπλανὴς
486 1072 554 1111 μὲν,
580 1072 648 1102 ἀλλὰ
669 1073 810 1110 σωματικὴ
839 1073 884 1102 καὶ

81 1116 162 1152 αὕτη·
178 1119 196 1153 ἡ
212 1116 240 1145 δὲ
256 1116 326 1145 κατὰ
342 1117 456 1156 Χριστὸν
471 1117 580 1157 λατρεία
593 1141 599 1151 ,
624 1117 669 1146 καὶ
690 1117 818 1154 ἀληθινὴ,
838 1118 884 1147 καὶ

81 1160 264 1199 πνευματική·
290 1160 304 1189 ὃ
325 1161 370 1190 καὶ
387 1163 400 1190 ὁ
415 1162 512 1200 Κύριος
589 1162 765 1201 Σαμαρείτιδί
782 1173 860 1202 φησιν
873 1186 882 1199 ,

81 1205 123 1234 ὅτι
140 1220 152 1231 ι
170 1206 207 1236 Οἱ
223 1205 340 1240 ἀληθινοὶ
355 1205 536 1246 προσκυνηταὶ
555 1207 582 1235 ἐν
596 1206 728 1244 πνεύματι
750 1207 796 1236 καὶ
817 1208 883 1242 ἀλη-

83 1250 142 1290 θείᾳ
149 1250 390 1290 προσκυνήσουσιν.
405 1265 417 1277 ι
431 1251 509 1280 Ἐπεὶ
517 1250 544 1280 δὲ
557 1251 651 1280 πολλοὶ
661 1254 708 1287 τῆς
720 1251 844 1290 λατρείας
856 1252 878 1270 ²¹

81 1297 106 1324 οἱ
121 1295 219 1334 τρόποι
237 1295 266 1333 (ὁ
282 1294 330 1333 μὲν
354 1294 405 1335 γὰρ
426 1295 548 1335 λατρεύει
568 1296 613 1325 καὶ
632 1296 750 1325 δουλεύει
767 1297 832 1336 Θεῷ
856 1298 882 1326 ἐν

81 1342 122 1379 τῷ
144 1340 180 1368 τὰ
195 1340 256 1369 καό⁹
277 1339 370 1369 ἑαυτὸν
394 1340 462 1378 μόνα
479 1341 636 1379 οἰκονομεῖν·
655 1342 669 1370 ὁ
687 1341 713 1371 δὲ
729 1342 756 1370 ἐν
779 1342 816 1380 τῷ
838 1342 883 1370 καὶ

81 1384 164 1419 ξένων
189 1385 384 1422 ἐπιμελεῖσθαι,
406 1386 452 1414 καὶ
477 1387 568 1425 χηρῶν
595 1384 784 1424 προίστασθαι,
800 1387 834 1420 ὡς
857 1388 881 1415 οἱ

939 846 1112 882 singularem,
1141 847 1275 883 siquidem
1304 848 1404 883 passim
1429 848 1557 876 meminit
1581 849 1735 883 hominum,

939 899 1009 928 quos
1032 893 1114 920 etiam
1133 900 1189 920 non
1212 897 1399 929 conspexerat.
1421 893 1475 923 Ubi
1496 894 1564 922 hoc?
1587 896 1618 922 ln
1637 903 1733 930 preca-

939 937 1070 970 tionibus,
1086 937 1165 973 idque
1180 938 1355 965 incessanter.
1371 938 1439 966 Colo
1453 942 1545 966 autem
1559 940 1659 971 Deum,
1683 939 1735 966 hoc

939 985 992 1014 est,
1015 981 1103 1009 servio
1119 983 1190 1015 Deo;
1209 992 1223 1007 α
1247 982 1276 1009 in
1299 983 1398 1018 spiritu
1420 990 1493 1015 meo,
1516 994 1529 1009 »
1557 983 1583 1011 id
1604 987 1655 1018 est,
1679 992 1734 1012 non

939 1026 1043 1053 carnali
1065 1025 1157 1059 cultu;
1181 1025 1229 1054 sed
1249 1026 1392 1062 spirituali.
1416 1027 1535 1055 Gentilis
1549 1027 1624 1055 enim
1647 1028 1737 1056 cultus

939 1075 966 1098 et
978 1070 1096 1098 carnalis
1109 1074 1138 1098 et
1156 1078 1288 1098 erroneus
1308 1075 1351 1098 est
1366 1081 1373 1098 :
1389 1071 1523 1099 Judaicus
1536 1075 1639 1105 autem,
1660 1080 1735 1100 erro-

939 1115 977 1142 ris
991 1114 1107 1151 quidem
1122 1123 1228 1151 expers,
1243 1119 1366 1143 attamen
1386 1120 1415 1143 et
1438 1116 1496 1152 ipse
1514 1116 1664 1152 corporalis
1684 1121 1735 1145 est.

938 1159 1111 1188 Christianus
1131 1164 1226 1188 autem
1241 1162 1342 1194 cultus,
1355 1164 1383 1188 et
1398 1169 1477 1188 Verus
1498 1165 1540 1188 est
1560 1165 1587 1189 et
1608 1162 1735 1198 spiritua-

939 1204 973 1232 lis
995 1213 1001 1231 :
1026 1204 1101 1240 quod
1124 1209 1152 1232 et
1176 1205 1312 1233 Dominus
1335 1206 1517 1234 Samaritana:
1531 1206 1584 1234 dici
1610 1217 1616 1234 :
1643 1218 1655 1230 α
1674 1207 1734 1234 Veri

938 1249 1096 1277 adoratores
1122 1250 1148 1277 in
1172 1250 1269 1286 spiritu
1300 1253 1328 1277 et
1357 1250 1470 1278 veritate
1492 1250 1646 1278 adorabunt
1671 1256 1695 1278 ι.
1720 1262 1733 1277 ιι

937 1294 1074 1328 Quoniam
1119 1302 1183 1322 vero
1221 1294 1300 1322 multi
1339 1295 1392 1322 sint
1426 1295 1517 1323 cultus
1550 1296 1627 1323 modi
1655 1296 1736 1329 (alius

937 1339 1012 1366 enim
1026 1340 1114 1367 Deum
1127 1339 1204 1372 colit,
1218 1339 1310 1375 illique
1326 1339 1439 1367 inservit
1450 1340 1476 1367 in
1489 1348 1600 1368 suarum
1614 1345 1735 1369 tantum-

938 1384 1021 1411 modo
1049 1392 1140 1412 rerum
1167 1384 1371 1420 dispensatione
1397 1393 1404 1412 :
1431 1385 1501 1412 alius
1526 1385 1679 1421 hospitibus
1705 1390 1733 1413 ct

83 1429 146 1468 περὶ
162 1429 309 1468 Στέφανον
323 1431 338 1459 δ
356 1429 384 1458 δὲ
401 1430 427 1458 ἐν
451 1432 484 1469 τῇ
503 1432 554 1470 τοῦ,
568 1430 647 1468 λόγου
662 1431 813 1470 διακονία),
837 1431 881 1460 διὰ

941 1428 1085 1464 peregrinis
1106 1428 1262 1457 adhibendo
1283 1437 1388 1462 curam.
1410 1438 1443 1457 ac
1468 1430 1611 1458 viduarum
1638 1430 1736 1466 praefe-

81 1474 162 1503 τοῦτό
177 1485 258 1514 φησιν
281 1475 296 1502 δ
313 1474 419 1508 Παῦλος
429 1495 437 1509 ,
454 1475 494 1503 ὅτι
519 1485 535 1503 α
547 1469 584 1517 τῼ
599 1474 653 1514 ἐγὼ
667 1469 786 1514 λατρεύὼ
800 1477 826 1505 ἐν
844 1477 882 1516 τῷ

81 1518 245 1558 Εὖαγγελίῳ
257 1521 307 1547 τοῦ
321 1519 385 1550 rio?»
392 1518 429 1549 ²².
441 1533 453 1544 ιο
464 1518 560 1548 Καίτοι
574 1521 620 1549 τοῦ
632 1519 736 1560 Πατρὸς
747 1519 844 1560 ἔφησεν
856 1521 882 1539 ²³

81 1559 151 1592 εἶναι
168 1563 200 1592 τὸ
221 1563 382 1602 Εὐαγγίλιον
405 1563 469 1592 οἶνον
490 1564 551 1592 ἀλλ’
566 1563 640 1593 οὐδὲν
662 1559 815 1594 καινόν-γτὰ
831 1564 881 1605 γὰρ

81 1609 128 1637 τοῦ
144 1607 253 1645 Πατρὸς
263 1628 272 1643 ,
290 1609 336 1637 τοῦ
348 1608 423 1637 Υῖοῧ’
435 1607 481 1637 καὶ
496 1608 530 1637 τὰ
545 1610 592 1637 τοῦ
609 1609 685 1644 Υἶοῧ,
704 1611 748 1638 τοῦ
765 1609 880 1648 Πατρός.

83 1652 165 1690 Λέγει
206 1652 233 1681 δὲ
270 1654 370 1688 τοῦτο,
399 1652 524 1682 δεικνύων
553 1653 703 1691 ἀναγκαίαν
734 1654 806 1694 αὖτῷ
834 1654 883 1689 τὴν

82 1696 209 1731 τοιαύτην
225 1695 290 1736 ὑπὲρ
305 1697 392 1726 αὐτῶν
407 1698 542 1737 φροντίδα.
586 1697 622 1728 Ὀ
638 1697 690 1738 γὰρ
702 1697 750 1732 τὴν
763 1698 881 1727 δουλείαν

85 1744 131 1771 τοῦ
158 1740 325 1780 Εὖαγγελίου
350 1742 575 1782 ἐγκεχειρισμένος
598 1744 714 1781 ἀνάγκην
736 1743 791 1782 ἔχει
814 1743 882 1772 πάν-

83 1798 136 1815 των
154 1786 300 1826 φροντίζειν
316 1787 369 1816 τῶν
383 1787 428 1816 τὸν
439 1787 517 1825 λόγον
532 1787 768 1826 παραδεχομένων.

126 1927 141 1943 α
157 1916 288 1954 Δεόμενος
312 1916 336 1945 εἴ
349 1928 404 1950 πως
427 1916 480 1953 ἤδη
495 1917 558 1947 ποτὲ
574 1917 775 1956 εὐοδωθήσομαι
803 1919 829 1947 ἐν
845 1919 882 1959 τῷ

84 1961 216 2000 Θελήματι
231 1964 277 1991 τοῦ
291 1963 361 1991 Θεοῦ
371 1984 380 1998 ,
394 1963 477 1991 ἐλθεῖν
499 1963 564 2002 πρὸς
583 1965 662 2001 ὑμᾶς.
678 1974 692 1992 ι)
716 1962 778 1994 Νῦν
791 1975 882 2004 προσ-

83 2006 173 2042 τίθησι
195 2006 242 2035 καὶ
265 2005 332 2046 ὑπὲρ
353 2007 421 2039 τίνος
447 2008 534 2036 αὐτῶν
560 2008 703 2046 μέμνηται”
729 2007 815 2048 Ὑπὲρ
836 2011 882 2038 τοῦ

84 2065 94 2076 ι
106 2052 203 2088 ἐλθεῖν,
214 2065 224 2076 -
240 2050 316 2090 φησὶ,
332 2065 342 2077 ι
351 2050 414 2091 πρὸς
425 2053 503 2090 ὑμᾶς.
515 2065 526 2077 ι-
537 2051 610 2091 "Ope
628 2051 654 2081 δὲ
665 2054 722 2086 πῶς
735 2052 817 2092 ἐφίλει
835 2053 882 2092 μὲν

85 2095 195 2133 αὐτοὺς,
225 2096 271 2125 καὶ
300 2095 426 2125 ἔσπευδεν
452 2097 531 2125 ἰδεῖνι
561 2098 590 2126 οὐ
616 2097 668 2135 μὴν
693 2098 767 2137 παρὰ
793 2098 824 2128 τὸ
844 2100 882 2138 τῷ

85 2141 147 2180 Θεῷ
170 2141 275 2170 δοκοῦν.
321 2140 389 2170 Ἀλλ’
407 2143 506 2180 ἡμεῖς,
537 2141 554 2177 ἢ
573 2141 667 2171 οὐδένα
690 2143 836 2181 φιλοῦμεν,
865 2143 882 2178 ἢ

86 2184 192 2215 ἐπειδὰν
208 2185 364 2225 φιλήσωμὲν
389 2197 470 2222 ποτε,
498 2186 572 2226 παρὰ
593 2186 624 2215 τὸ
652 2187 744 2216 δοκοῦν
766 2188 805 2227 τῷ
821 2188 883 2227 Θεῷ

86 2233 162 2260 τῶτο
182 2231 322 2267 ποιοῦμεν.
377 2229 411 2259 ⁶0
438 2231 465 2259 δὲ
491 2232 614 2269 Παῦλος,
641 2231 672 2260 τὸ
697 2231 744 2269 μὲν
760 2230 883 2272 εὔχεσθαι

86 2275 210 2310 διηνεκῶς
231 2277 266 2307 ὡς
291 2274 322 2303 ἂν
345 2274 437 2309 αὖτοὺς
467 2276 525 2313 ἴδῃ,
553 2275 606 2304 ἀπὸ
634 2275 742 2314 ἀγάπης
768 2277 884 2316 σφοδρᾶς

86 2319 210 2348 ἐποιεῖτο¹
236 2319 267 2348 τὸ
283 2319 310 2348 δὲ
333 2319 450 2350 ὑπείκειν
471 2322 511 2361 τῷ
534 2323 579 2349 τοῦ
597 2322 669 2350 Θεοῦ
684 2320 812 2359 νεύματι,
831 2322 884 2351 ἀπὸ

87 2362 224 2396 εὐλαϐείας
245 2364 346 2400 πολλῆς
361 2364 474 2396 ἐδείκνυ.
521 2365 575 2394 Καὶ
599 2365 673 2403 ἡμεῖς
695 2366 722 2394 ἐν
743 2367 781 2404 τῷ
801 2366 882 2395 αἰτεῖν

88 2407 330 2447 ἀποτυγχάνοντες,
359 2408 397 2446 μὴ
423 2409 613 2448 ἀσχάλλωμεν.
664 2410 705 2439 Οὐ
727 2410 776 2449 γάρ
803 2412 882 2448 ἐσμεν

88 2453 196 2483 Παύλου
214 2453 348 2489 ϐελτίους,
367 2452 396 2487 ὃς
411 2453 458 2483 καὶ
481 2453 546 2493 ὑπὲρ
563 2457 607 2483 τοῦ
624 2455 752 2487 σκῶιοπος
767 2454 822 2493 τρὶς
839 2456 882 2484 τὸν

89 2497 182 2537 Κύριον
214 2498 382 2537 παρεκάλεσε
407 2498 453 2528 καὶ
483 2499 530 2528 οὐκ
552 2498 639 2538 ἔτυχε·
671 2501 748 2528 τοῦτο
775 2499 827 2539 γὰρ
854 2500 884 2530 τὸ

89 2542 228 2583 συμφέρον.

127 2638 141 2656 α
166 2627 306 2658 Ἐπιποθῶ
326 2627 377 2669 γὰρ
399 2629 462 2658 ἰδεῖν
484 2630 570 2668 ὑμᾶς,
595 2628 639 2658 ἴνα
655 2641 681 2659 τι
701 2630 812 2669 μεταδῶ
830 2631 883 2671 χά-

122 2709 135 2722 "
151 2704 232 2732 Joan.
250 2711 293 2739 ιν,
309 2707 355 2732 23.

938 1478 1045 1502 cturam
1068 1481 1156 1509 neque
1179 1482 1236 1502 non
1258 1474 1470 1502 sollicitudinem
1492 1475 1621 1510 gerendo,
1638 1474 1735 1503 itidem

938 1523 967 1546 ut
981 1518 1138 1554 Stephanus
1163 1529 1169 1546 :
1192 1519 1261 1547 alius
1282 1519 1313 1547 in
1327 1519 1402 1546 verbi
1430 1520 1604 1553 ministerio),
1627 1525 1738 1556 propter

940 1563 992 1591 hoc
1007 1563 1096 1599 ipsum
1109 1563 1209 1591 Paulus
1224 1563 1312 1599 inquit
1325 1574 1331 1592 :
1351 1574 1365 1589 α
1379 1564 1427 1591 Cui
1440 1572 1491 1599 ego
1501 1564 1591 1592 servio
1603 1565 1631 1592 in
1646 1566 1736 1592 Evan-

938 1609 1010 1643 gelio
1034 1608 1104 1636 Filii.
1128 1618 1142 1634 ιν
1168 1609 1252 1644 Atqui
1276 1616 1358 1644 supra
1382 1608 1458 1641 dixit,
1475 1609 1652 1645 Evangelium
1677 1617 1737 1638 esse

938 1653 1041 1686 Patris;
1065 1653 1116 1681 sed
1137 1652 1206 1681 nihil
1226 1653 1340 1681 mirum.
1365 1654 1434 1688 Quae
1453 1654 1529 1682 enim
1554 1655 1641 1682 Patris
1660 1659 1737 1689 sunt,

940 1697 1000 1726 Filii
1015 1698 1099 1725 etiam
1120 1702 1198 1731 sunt;
1221 1702 1249 1726 et
1271 1706 1333 1734 quae
1353 1698 1424 1731 Filii.
1443 1699 1540 1726 Patris.
1562 1699 1629 1727 Haec
1643 1704 1738 1728 autem

942 1750 1175 1776 commemorans,
1189 1743 1369 1770 necessariam
1384 1751 1464 1770 suam
1477 1751 1559 1778 super
1571 1743 1623 1771 illis
1637 1752 1735 1772 curam

941 1786 1122 1815 demonstrat.
1135 1787 1185 1815 Cui
1200 1787 1275 1814 enim
1295 1787 1431 1823 Evangelii
1451 1788 1627 1815 annuntiandi
1653 1789 1735 1815 servi-

941 1835 985 1860 tus
1007 1836 1049 1859 est
1063 1832 1222 1865 commissa,
1238 1831 1274 1859 illi
1288 1839 1397 1859 necesse
1416 1836 1467 1865 est,
1492 1836 1523 1860 ut
1547 1833 1675 1860 omnium
1689 1834 1736 1868 qui

941 1876 1055 1904 verbum
1077 1880 1251 1912 exceperunt,
1272 1884 1367 1904 curam
1382 1881 1466 1912 gerat.

977 1923 1068 1949 Vens.
1086 1924 1129 1949 10.
1145 1931 1159 1947 α
1180 1921 1334 1949 Obsecrans
1348 1921 1372 1949 si
1389 1929 1443 1957 quo
1464 1921 1549 1949 modo
1563 1921 1673 1949 tandem
1687 1922 1739 1950 ali-

940 1966 1052 2002 quando
1068 1974 1231 2002 prosperum
1258 1966 1311 1994 iter
1326 1965 1441 1994 habeam
1465 1967 1494 1994 in
1517 1967 1656 1995 voluntate
1674 1967 1738 2001 Dei,

939 2015 971 2039 ut
994 2012 1100 2039 veniam
1118 2011 1153 2039 ad
1171 2019 1229 2039 vos.
1255 2021 1270 2037 ι»
1289 2011 1369 2039 Nunc
1392 2011 1498 2047 adjicit,
1519 2019 1574 2048 qua
1597 2010 1632 2039 de
1656 2019 1736 2040 causa

939 2056 1052 2084 illorum
1072 2056 1239 2089 meminerit.
1254 2063 1367 2091 nempe,
1385 2066 1400 2082 α
1415 2057 1454 2084 Ut
1469 2056 1589 2090 veniam,
1603 2065 1618 2084 ιο
1635 2057 1734 2092 inquit,

900 2085 924 2117 D
942 2110 956 2127 ι(
970 2101 1005 2129 ad
1018 2109 1079 2129 vos.
1101 2111 1114 2126 ι)
1131 2101 1198 2129 Vide
1213 2085 1306 2128 autem
1320 2085 1401 2137 quam
1416 2101 1541 2137 impense
1555 2085 1736 2137 quidem-eos

937 2146 1049 2174 amabat
1061 2154 1092 2174 ac
1107 2146 1201 2174 videre
1215 2145 1380 2179 festinabat;
1396 2154 1452 2174 non
1468 2150 1561 2174 tamen
1573 2152 1672 2183 preter
1685 2155 1734 2175 vo-

939 2191 1072 2218 luntatem
1088 2191 1148 2218 Dei.
1163 2192 1219 2218 Nos
1238 2198 1312 2224 vero,
1332 2195 1381 2218 aut
1398 2191 1538 2219 neminem
1554 2199 1649 2219 amore
1661 2200 1736 2220 com-

939 2235 1094 2272 plectimur,
1109 2239 1155 2264 aut
1170 2236 1191 2263 si
1205 2243 1287 2271 quem
1304 2243 1424 2271 unquam
1437 2236 1577 2271 complexi
1592 2235 1737 2269 fuerimus,

938 2280 990 2308 hoc
1002 2285 1102 2316 praeter
1120 2281 1290 2308 voluntatem
1303 2281 1354 2307 Dei
1375 2280 1491 2315 agimus.
1512 2280 1649 2308 Caeterum
1665 2281 1738 2316 quod

938 2321 1040 2348 Paulus
1052 2321 1081 2356 8
1091 2320 1191 2356 iugiter
1201 2321 1297 2348 orabat
1307 2324 1337 2348 ut
1346 2320 1453 2349 videret
1464 2328 1523 2354 eos,
1537 2328 1574 2349 ex
1581 2320 1740 2349 vehementi

940 2366 992 2394 hoc
1005 2365 1140 2393 charitate
1153 2365 1272 2393 faciebat
1287 2376 1293 2393 :
1310 2365 1386 2400 quod
1396 2373 1462 2393 vero
1478 2365 1528 2393 Dei
1542 2365 1618 2393 nutui
1632 2365 1739 2394 obtem-

939 2414 1026 2446 perat,
1038 2410 1178 2445 religionis
1190 2415 1249 2438 erat
1260 2410 1405 2438 indicium.
1417 2411 1475 2438 Nos
1485 2410 1588 2446 itaque,
1596 2410 1617 2438 si
1628 2411 1738 2447 quando

939 2463 1053 2491 precum
1079 2459 1237 2482 nostrarum
1272 2462 1327 2482 non
1352 2453 1505 2482 efﬁciamur
1525 2459 1677 2491 compotes,
1702 2463 1737 2483 ne

939 2508 1011 2537 aegre
1024 2499 1157 2528 feramus.
1181 2501 1277 2536 Neque
1292 2499 1367 2527 enim
1384 2499 1469 2527 Paulo
1481 2507 1578 2528 sumus
1599 2500 1738 2533 meliores,

938 2545 986 2581 qui
1001 2553 1051 2581 pro
1073 2544 1185 2572 stimulo
1205 2548 1248 2572 ter
1261 2545 1350 2572 Deum
1372 2548 1499 2581 precatus
1513 2548 1564 2578 est,
1580 2551 1632 2572 nec
1645 2547 1735 2571 tamen

939 2589 1013 2626 quod
1025 2589 1113 2617 voluit
1127 2593 1169 2616 est
1182 2593 1323 2617 assecutus
1338 2598 1344 2615 :
1360 2588 1413 2616 hoc
1429 2588 1502 2616 enim
1517 2588 1554 2616 illi
1570 2586 1684 2623 profuit.

973 2635 1065 2662 Vens.
1083 2636 1126 2662 ll.
1144 2644 1158 2659 α
1171 2633 1301 2662 Desidero
1315 2633 1387 2661 enim
1401 2631 1493 2660 videre
1505 2640 1562 2667 vos,
1580 2636 1611 2660 ut
1624 2631 1736 2667 aliquod

775 2742 869 2773 Variae
890 2743 1043 2773 lectiones.

117 2805 136 2822 ²¹
148 2805 262 2836 δουλείας
275 2813 304 2834 o.
340 2805 363 2823 ³⁸
378 2806 438 2841 φησὶ
451 2806 628 2842 παρακλήσεως
642 2815 678 2835 m.
716 2807 739 2824 "
753 2807 822 2834 εἶπεν
837 2816 864 2836 ο.
