1927 3076
217 167 268 193 347

723 167 976 196 THEOPHYLACTI
996 168 1173 196 BULGARLE
1192 167 1348 195 ARCHlEP.
1821 169 1866 197 348

216 228 295 257 vobis
309 228 414 257 donum
428 229 572 266 impertiar
597 229 746 266 spirituale.
766 240 780 257 »
807 230 861 258 Alii
877 239 927 267 pro
950 231 1010 259 aliis

1068 242 1150 271 ρισμα
1166 231 1227 269 ὑμῖν
1248 229 1436 268 πνευματικόν.
1455 240 1471 260 ιδ
1495 228 1590 260 Ἄλλοι
1616 230 1667 269 μὲν
1692 229 1762 271 ὑπὲρ
1786 230 1866 260 ἄλλων

215 273 328 310 quidem
345 273 427 302 rebus
442 274 554 311 longam
566 275 761 311 profectionem
776 276 929 312 suscipiunt
943 284 1011 313 :ego

216 326 290 355 vero,
310 319 409 354 inquit,
427 331 439 343 α
462 323 491 347 ut
513 320 591 348 vobis
611 320 716 356 aliquid
739 321 889 356 impertiar.
913 331 926 347 ω
952 322 1012 349 Hoc

216 367 309 391 autem
328 363 404 398 dicit,
426 363 590 392 modestiam
605 364 719 400 spirans.
742 365 803 393 Non
818 365 892 393 enim
908 365 955 397 ait,
972 367 1012 394 Ut

215 408 359 437 instituam
372 416 430 443 vos,
444 409 505 443 sed,
525 410 564 438 Ut
584 410 658 446 quod
672 411 773 446 accepi,
795 411 1009 439 communicem.

217 455 250 482 Et
261 453 313 482 hoc
322 461 431 490 quoque
442 453 568 490 exiguum
582 459 608 482 et
618 455 786 483 modestum.
800 456 895 488 Porro,
909 455 1011 484 donum

216 498 272 526 sive
286 499 383 534 gratia,
400 507 483 526 omne
500 499 528 526 id
541 503 592 533 est,
608 499 682 535 quod
697 499 731 527 ad
747 499 915 527 audientium
931 508 1012 528 com-

217 543 377 571 moditatem
392 543 519 572 doctores
534 543 659 572 indicant
673 554 678 571 :
693 552 760 572 nam
778 544 885 572 etiamsi
902 548 1011 573 rectum

214 587 348 621 ofﬁcium,
365 592 392 615 et
401 596 433 616 ex
445 588 545 616 virtute
559 588 659 616 factum
672 597 731 617 esse
744 588 875 623 videatur,
891 593 1012 618 attamen

1066 275 1217 315 ὁδοιπορίας
1237 274 1261 294 ²⁴
1289 274 1394 315 μακρὰς
1418 274 1594 311 στέλλονται,
1621 274 1680 315 ἐγὼ
1706 275 1752 312 δὲ,
1775 276 1866 316 φησὶν,

1066 334 1078 346 ιι
1088 319 1132 350 ἵνα
1149 332 1172 350 τι
1186 321 1293 358 μεταδῶ
1310 321 1381 357 ὑμῖν.
1396 334 1408 346 ιι
1429 322 1640 361 Μετριοφρονῶν
1652 321 1681 350 δὲ
1697 323 1778 350 τοῦτο
1791 320 1865 359 λέγει·

1065 366 1094 395 οὖ
1114 365 1166 405 γὰρ
1189 365 1260 394 εἴπεν
1273 387 1281 401 ,
1297 364 1357 394 Ἵνα
1373 364 1488 402 διδάξω,
1509 365 1578 400 ἀλλ’,
1594 363 1660 395 Ἵνα
1678 365 1745 405 ὅπερ
1762 365 1869 402 ἔλαϐον,

1067 411 1186 448 μεταδῶ.
1205 410 1260 440 Καὶ
1275 412 1351 439 τοῦτο
1369 411 1462 449 μικρὸν
1478 410 1523 439 καὶ
1543 410 1718 450 σύμμετρον.
1741 410 1867 450 Χάρισμα

1066 454 1095 484 δέ
1110 455 1136 474 ²⁵
1153 456 1208 484 ἐστι
1225 459 1292 491 πᾶν,
1313 454 1378 494 ὅπερ
1398 456 1422 484 οἳ
1446 454 1605 484 διδάσκαλοι
1621 456 1660 489 εἷς
1688 455 1715 473 ²⁶
1739 455 1865 494 ὠφέλειαν

1066 501 1117 528 τῶν
1140 501 1288 529 ἀκουόντων
1304 499 1490 529 ἐνδείκνυνται.
1512 500 1548 530 Εἰ
1564 499 1620 539 γὰρ
1643 499 1691 529 καὶ
1709 500 1868 539 κατόρθωμα

1066 545 1150 581 δοκεῖ,
1164 545 1221 574 ἀλλ’
1236 540 1280 574 οὖν
1296 544 1342 573 καὶ
1355 544 1388 573 τὰ
1400 543 1598 584 κατορθώματα
1614 546 1696 582 ἡμῶν
1714 545 1867 585 χαρίσματεί

1066 590 1117 619 εἶσι
1127 613 1135 628 ,
1154 589 1197 619 διὰ
1212 589 1242 618 τὸ
1254 592 1301 625 τῆς
1313 589 1410 618 ἄνωθεν
1427 590 1529 619 δεῖσθαι
1546 591 1646 630 ῥοπῆς.

214 637 289 661 ι’θθῐθ
302 640 334 660 ac
349 633 477 669 ρτωειειῐθ
491 641 506 661 a
518 634 596 661 nobis
611 633 690 667 facta,
705 639 849 670 Propterea
869 634 942 671 quod
957 643 1076 671 superno
1089 647 1158 675 opus
1169 638 1285 666 habeant
1294 638 1404 672 auxilio,
1418 638 1488 666 dona
1500 643 1564 666 sunt
1577 642 1607 666 et
1619 638 1800 667 charismata.

250 684 340 711 Vens.
365 686 405 711 t2.
431 694 444 708 κ
472 682 515 711 Ad
535 683 741 711 conﬁrmandos
757 691 806 712 vos
826 693 833 711 :
850 684 903 712 hoc
916 689 1009 713 autem

214 731 267 762 est,
283 732 314 756 ut
333 735 511 756 communem
524 729 631 764 capiam
647 729 866 757 consolationem
888 729 917 757 in
934 730 1011 758 vobis

1108 695 1121 712 α
1151 685 1196 717 Εἷς
1209 683 1238 713 τὸ
1254 685 1429 724 στηριχθῆναι
1456 685 1534 720 ὑμᾶς·
1554 686 1637 713 τοῦτο
1662 683 1692 713 δέ
1709 686 1782 721 ἐστι,
1800 697 1866 723 συμ-

1065 729 1270 769 παρακληθῆναι
1298 730 1326 758 ἐν
1350 730 1431 767 ὑμῖν,
1466 728 1509 757 διὰ
1537 730 1587 764 τῆς
1612 729 1641 757 ἐν
1673 729 1801 764 ἀλλήλοις
1824 729 1865 758 πί-

215 781 264 809 per
278 777 406 801 mutuam
420 773 500 801 ﬁdem
515 777 632 801 vestram
645 774 725 801 simul
740 778 768 801 et
782 781 885 801 meam.
901 786 913 798 υ
930 775 1011 802 Clan—

1068 785 1146 807 στεως
1175 775 1249 812 ὑμῶν
1276 784 1305 802 τε
1335 773 1382 802 καὶ
1412 774 1487 811 ἐμοῦ.
1517 784 1533 802 n
1564 773 1765 807 Λανθανόντως
1792 774 1866 808 ἔδειξε

216 818 310 846 culum
332 818 460 846 indicavit
481 819 567 846 multa
588 818 652 854 ipsis
671 827 740 854 opus
755 827 815 847 esse
829 820 1009 848 correctione.

215 864 367 899 Postquam
377 867 469 891 autem
479 868 506 891 et
519 863 571 891 hoc
586 863 665 892 valde
679 863 825 892 molestum
839 870 897 892 erat
909 864 1010 897 (dicere

215 915 336 944 namque
363 908 515 944 potuissent
539 908 634 943 :Quid
657 909 713 937 ais?
735 909 936 938 Concutimur?
954 910 1011 937 Cir-

214 953 413 981 cumferimur?
427 958 530 990 tuaque
549 958 578 981 ut
594 954 794 982 conﬁrmemur
807 962 890 990 opera
907 955 1011 991 indige-

215 1001 306 1032 mus?)
329 998 422 1033 infert,
441 1010 453 1022 ιι
475 1000 537 1026 Hoc
560 1003 650 1027 autem
671 1003 723 1032 est,
743 1003 774 1027 ut
795 999 1010 1028 consolationem

215 1043 297 1071 simul
321 1044 435 1079 capiam.
466 1055 478 1068 1
502 1043 582 1079 Quod
602 1051 668 1072 vero
687 1043 735 1077 ait,
759 1043 916 1080 hujusmodi
939 1049 980 1073 est
1003 1054 1009 1072 :

215 1089 315 1117 Multas
330 1088 498 1116 sustinuistis
510 1088 675 1116 afﬁictiones
690 1098 696 1116 :
715 1100 728 1113 α
750 1088 909 1116 Desideravi
925 1089 1010 1126 igitur

214 1142 262 1162 vos
280 1133 382 1168 videre,
400 1145 412 1158 ο
435 1138 465 1161 ut
485 1134 676 1169 quadantenus
698 1142 747 1162 vos
768 1134 936 1168 consolarer,
956 1134 1011 1162 imo

215 1179 317 1216 potius,
333 1183 364 1207 ut
387 1183 414 1207 et
428 1179 484 1215 ipse
503 1179 722 1207 consolationem
736 1179 887 1215 acciperem
911 1189 917 1206 :
933 1187 1010 1207 com-

215 1232 301 1252 mune
324 1224 397 1252 enim
419 1223 471 1252 hoc
489 1224 598 1252 lucrum
618 1228 667 1252 est.
688 1224 770 1259 Quasi
793 1224 865 1252 enim
879 1224 907 1252 in
922 1225 1012 1260 capti-

215 1270 298 1298 vitate
321 1269 462 1305 degentes,
479 1269 525 1305 qui
549 1273 608 1297 tum
623 1268 718 1297 ﬁdeles
740 1273 827 1302 erant,
842 1277 912 1305 opus
931 1269 1012 1297 habe-

214 1315 280 1343 bant
294 1318 394 1342 mutuo
415 1318 563 1347 conventu,
579 1322 634 1350 quo
658 1314 783 1350 impense
805 1314 874 1342 alter
893 1314 1011 1342 alterum

214 1359 431 1388 consolarentur.
455 1359 525 1394 Quid
541 1358 623 1387 inde?
644 1360 717 1387 Num
739 1363 767 1386 et
789 1358 886 1387 Paulus
902 1359 1011 1386 illorum

1065 819 1166 854 πολλῆς
1192 817 1329 856 δεομένους
1357 817 1529 857 διορθώσεως.
1576 818 1663 848 Ἐπεὶ
1684 819 1712 847 δὲ
1732 818 1778 848 καὶ
1794 821 1866 848 τοῦτο

1066 863 1167 903 σφόδρα
1196 862 1319 903 φορτικὸν
1349 858 1381 897 ἦν
1411 857 1503 901 (εἶπον
1532 861 1586 902 γὰρ
1621 863 1672 892 ἄν·
1703 863 1741 893 Τί
1768 863 1864 901 λέγειςς

1067 908 1260 946 Σαλευόμεθα;
1288 907 1499 947 περιφερόμεθας
1528 907 1576 936 καὶ
1617 910 1666 937 σοῦ
1697 907 1811 947 δεόμεθα
1834 909 1865 941 εἷς

1067 951 1097 982 τὸ
1112 954 1302 993 στηριχθῆναι;
1317 953 1326 990 )
1340 951 1433 992 ἐπάγει
1444 961 1452 969 ⁸
1474 963 1489 981 (ι
1511 952 1603 982 Τοῦτο
1625 953 1655 982 δέ
1672 953 1748 991 ἐστι,
1765 964 1865 990 συμπα-

1068 998 1244 1037 ρακληθῆναι.
1270 1009 1284 1026 ›)
1314 996 1353 1027 ⁶Ο
1376 996 1403 1027 δὲ
1427 997 1499 1036 λέγει
1524 997 1646 1027 τοιοῦτόν
1674 998 1746 1027 ἐστι·
1768 997 1866 1031 Πολλὰς

1066 1041 1224 1082 ὑπεμείνατε
1253 1041 1371 1082 θλίψεις·
1398 1041 1555 1081 ἐπεθύμησα
1581 1041 1674 1072 τοίνυν
1700 1044 1765 1072 ἰδεῖν
1789 1045 1864 1082 ὑμᾶς,

1065 1086 1108 1116 ἵνα
1124 1100 1150 1117 τι
1172 1087 1364 1128 παρακαλέσω·
1388 1088 1491 1126 μᾶλλον
1518 1086 1562 1123 δὲ,
1582 1086 1629 1116 ἵνα
1652 1087 1701 1117 καὶ
1716 1088 1793 1121 αὖτὸς
1814 1099 1863 1117 πα-

1068 1132 1196 1172 ράκλησιν
1227 1132 1353 1170 δέξωμαι·
1388 1132 1474 1162 κοινὸν
1511 1130 1562 1172 γάρ
1594 1134 1653 1162 ἐστι
1694 1133 1726 1162 τὸ
1763 1132 1861 1172 κέρδος,

1067 1176 1176 1216 ⁰¹Ωσπερ
1203 1176 1254 1216 γὰρ
1277 1178 1304 1206 ἐν
1327 1175 1502 1217 αἰχμαλωσίᾳ
1526 1177 1623 1213 ὄντες,
1648 1178 1673 1207 oi
1698 1177 1759 1206 τότε
1784 1177 1864 1206 πιστοὶ

1067 1222 1169 1252 ἐδέοντο
1183 1224 1230 1256 τῆς
1244 1221 1308 1262 πρὸς
1333 1221 1464 1257 ἀλλήλους
1483 1224 1644 1262 συναγωγῆς
1656 1247 1663 1257 ,
1685 1222 1732 1252 καὶ
1748 1222 1862 1261 μεγάλως

1065 1269 1277 1308 παρεμυθοῦντο.
1298 1267 1334 1297 Τί
1352 1262 1414 1306 οὖν,
1440 1266 1494 1297 Καὶ
1512 1268 1623 1301 Παῦλος
1646 1267 1733 1297 ἐδεῖτο
1747 1270 1794 1303 τῆς
1807 1266 1864 1306 παρ’

1066 1312 1174 1342 ἐκείνων
1217 1312 1394 1351 συμμαχίαςς
1423 1311 1543 1350 Ἄπαγε,
1573 1314 1589 1341 ὁ
1618 1314 1668 1348 τῆς
1707 1311 1862 1348 Ἐκκλησίας

1067 1358 1173 1390 στ’ὗλοςι
1202 1356 1272 1386 Ἀλλ’
1296 1355 1341 1385 ἵνα
1368 1356 1404 1396 μὴ
1434 1356 1617 1397 καταφορικὸν
1644 1356 1672 1376 ²⁷
1697 1357 1795 1396 ποιήσῃ
1822 1356 1861 1385 τὸν

215 1405 316 1433 auxilio
332 1403 488 1440 indigebat?
507 1403 586 1431 Absit
599 1411 613 1432 a
635 1408 661 1431 te
676 1403 759 1435 istud,
785 1412 801 1431 ο
821 1403 949 1431 Ecclesiae
964 1411 1011 1431 co-

1068 1401 1162 1441 λόγον,
1192 1401 1237 1430 καὶ
1267 1401 1372 1440 πλήξῃ,
1399 1402 1435 1433 ὡς
1464 1401 1590 1439 εἴπομεν,
1631 1401 1743 1438 αὐτοὺς,
1775 1401 1861 1430 τούτου

215 1449 321 1477 lumnal
349 1450 452 1476 Verum
473 1456 507 1476 ne
529 1448 715 1484 impetuosum
738 1455 895 1476 sermonem
920 1447 1009 1482 faciat,

214 1502 282 1522 neve
313 1493 376 1522 illos
400 1493 481 1521 feriat
509 1501 556 1521 seu
585 1492 723 1528 percellat,
751 1493 791 1520 liti
817 1492 948 1526 diximus,
980 1502 1010 1521 ea

215 1543 328 1575 propter
349 1543 378 1566 et
398 1545 457 1566 sese
481 1545 577 1566 eorum
600 1537 796 1565 consolationis
819 1537 941 1573 indigere
963 1538 1009 1566 ait.

215 1583 261 1611 Sin
272 1587 365 1611 autem
377 1583 515 1619 quispiam
536 1582 753 1610 consolationem
774 1582 818 1610 hic
833 1582 931 1610 dixerit
951 1590 1012 1611 esse

215 1627 350 1662 laetitiam,
366 1635 449 1664 quam
469 1627 504 1655 ob
519 1627 585 1655 ﬁdei
606 1628 794 1655 Romanorum
810 1627 1010 1656 incrementum

215 1672 352 1707 habuerit,
385 1675 468 1708 atque
490 1680 520 1700 ea
545 1671 667 1707 indigere
691 1672 819 1706 Paulum,
851 1676 926 1700 recte
950 1680 1011 1700 mea

216 1717 328 1754 quidem
343 1717 476 1745 sententia
498 1717 596 1745 dixerit
619 1716 715 1752 :quod
730 1721 758 1744 et
777 1717 951 1753 perspicuum
972 1721 1013 1746 est

217 1771 249 1791 ex
263 1770 296 1790 eo
309 1761 381 1798 quod
399 1762 448 1796 ait,
464 1773 476 1787 α
491 1763 543 1790 Per
559 1766 685 1790 mutuam
699 1762 783 1790 ﬁdem
799 1766 917 1790 vestram
931 1762 1011 1790 simul

216 1812 244 1837 et
255 1815 363 1841 meam;
380 1819 392 1832 ι
407 1812 438 1836 ut
450 1807 486 1836 sit
497 1807 556 1836 haec
572 1807 724 1835 sententia:
744 1809 802 1844 Ego
815 1807 924 1844 quidem
948 1815 1013 1835 con-

215 1857 306 1889 specta
327 1852 381 1881 ﬁde
402 1857 492 1881 vestra
515 1853 638 1881 solamen
661 1853 778 1888 capiam,
800 1857 880 1888 atque
902 1852 1014 1881 laetabor

218 1906 250 1926 ex
270 1898 363 1926 animo
383 1908 390 1926 :
411 1906 459 1927 vos
482 1906 549 1928 vero
570 1906 619 1934 per
633 1906 723 1926 meam
738 1897 823 1926 ﬁdem
837 1897 1013 1926 conﬁrmabi-

215 1944 294 1979 mini,
321 1944 510 1972 consolatione
541 1949 652 1980 accepta
675 1943 710 1971 de
735 1943 767 1971 iis
798 1943 890 1975 rebus,
915 1942 1014 1978 quibus

1066 1445 1154 1476 ἕνεκεν
1169 1446 1215 1476 καὶ
1232 1446 1308 1479 αὐτὸς
1324 1446 1350 1465 ³⁸
1366 1447 1468 1476 δεῖσθαι
1489 1448 1536 1482 τῆς
1556 1446 1623 1487 παρ’
1647 1446 1753 1478 ἐκείνων
1778 1458 1861 1485 παρα-

1064 1491 1184 1526 κλήσεως
1211 1491 1273 1530 ἔφη.
1291 1491 1325 1520 Ei
1341 1490 1369 1520 δέ
1391 1503 1431 1524 τις
1457 1491 1568 1520 ἐνταῦθα
1599 1486 1774 1531 παράκλησιν
1798 1486 1859 1519 εἶναι

1065 1535 1140 1575 λέγει
1175 1535 1223 1571 τὴν
1257 1535 1435 1576 εὐφροσύνην,
1460 1536 1509 1571 τὴν
1540 1536 1586 1565 ἐπὶ
1675 1539 1723 1572 τῆς
1756 1536 1860 1568 πίστεως

1066 1582 1118 1609 τῶν
1147 1579 1291 1619 Ῥωμαίων
1324 1580 1456 1618 ἐπιδόσει,
1489 1580 1533 1609 καὶ
1563 1581 1668 1617 ταύτης
1692 1581 1791 1610 δεῖσθαι
1819 1579 1859 1609 τὸν

1067 1626 1175 1655 Παῦλον
1186 1649 1193 1661 ,
1209 1626 1296 1658 καλῶς
1317 1624 1349 1654 ἂν
1367 1624 1450 1654 εἴποι·
1468 1624 1482 1654 ὃ
1498 1625 1576 1660 δῆλον
1598 1626 1646 1655 καὶ
1662 1627 1692 1654 ἐκ
1708 1628 1753 1654 τοῦ
1768 1625 1858 1664 λέγειν·

1071 1681 1086 1699 (ι
1098 1669 1150 1699 Διὰ
1165 1672 1212 1706 τῆς
1227 1671 1253 1698 ἐν
1270 1670 1393 1706 ἀλλήλοις
1415 1669 1529 1703 πίστεως
1550 1671 1627 1708 ὑμῶν
1651 1682 1680 1700 τε
1695 1671 1739 1700 καὶ
1757 1671 1830 1708 ἐμοῦ¹
1845 1681 1858 1696 ι

1066 1716 1101 1748 ὡς
1120 1709 1186 1744 εἶναι
1202 1714 1246 1744 τὸν
1260 1714 1337 1754 λόγον
1353 1717 1480 1744 τοιοῦτον·
1505 1714 1559 1744 Καὶ
1581 1715 1636 1754 ἐγὼ
1651 1715 1715 1754 μὲν,
1738 1714 1799 1744 ἰδὼν
1815 1713 1858 1749 τὴν

1066 1760 1155 1789 πίστιν
1170 1761 1259 1798 ὑμῶν,
1286 1758 1533 1799 παρακληθήσομαι
1554 1760 1600 1789 καὶ
1624 1760 1855 1800 εὖφρανθήσομαι¹

1067 1803 1113 1833 καὶ
1139 1804 1214 1844 ὑμεῖς
1239 1803 1266 1833 δὲ
1293 1804 1344 1834 ὑπὸ
1370 1806 1415 1840 τῆς
1438 1805 1464 1833 ἐν
1491 1805 1551 1842 ἐμοὶ
1573 1804 1691 1838 πίστεως
1720 1805 1857 1843 στηριχθῆ-

1069 1851 1162 1888 σεσθε,
1187 1848 1420 1889 παραμυθηθέντες
1447 1849 1487 1889 ἐφ’
1514 1844 1551 1882 οἶς
1574 1848 1640 1882 ἴσως
1666 1848 1710 1878 διὰ
1733 1849 1859 1888 μικροψυ-

1068 1894 1130 1934 χίαν
1145 1893 1297 1924 σαλεύεσθε.
1314 1893 1384 1923 Ἀλλ’
1400 1894 1429 1923 οὔ
1445 1895 1530 1923 ταῦτα
1545 1893 1619 1932 λέγει
1644 1895 1779 1935 φανερῶς,
1796 1890 1859 1922 ἀλλὰ

1069 1938 1202 1977 μεθοδεύει
1214 1938 1258 1968 τὸν
1272 1938 1364 1978 λόγον,
1381 1939 1416 1972 ὡς
1430 1938 1543 1979 εἴρηται.

213 1988 330 2017 fortasse
351 1997 407 2025 prae
427 1989 653 2025 pusillanimitate
673 1987 860 2016 concutimini.
879 1989 982 2016 Verum
997 1987 1056 2016 hinc
1073 1995 1129 2015 non
1149 1991 1243 2024 aperte
1266 1987 1341 2021 dicit,
1366 1986 1415 2016 sed
1439 1988 1595 2016 orationem
1607 1987 1772 2024 fartificiose
1802 1992 1861 2014 cou-

213 2034 292 2068 texit,
308 2034 347 2062 uti
363 2034 466 2062 dictum
485 2038 534 2062 est.

250 2085 340 2112 Vens.
369 2087 411 2112 13.
435 2095 447 2107 α
471 2083 541 2111 Nolo
560 2086 654 2111 autem
677 2089 725 2110 vos
745 2081 879 2118 ignorare,
899 2081 1010 2114 fratres.
1028 2083 1053 2115 D

215 2128 290 2164 quod
311 2136 383 2164 saepe
406 2128 534 2164 proposui
558 2127 650 2155 venire
669 2126 705 2154 ad
727 2134 785 2160 vos,
812 2130 839 2154 et
862 2125 1016 2162 prohibitus

213 2182 276 2202 sum
304 2173 455 2209 hucusque.
485 2185 497 2197 ι
525 2173 675 2208 Potsquam
698 2179 781 2208 supra
802 2171 918 2205 dixerat,
942 2172 1011 2208 Opto

216 2219 309 2247 venire
330 2218 366 2247 ad
389 2226 449 2253 vos,
473 2226 504 2246 ac
528 2217 676 2245 verisimile
699 2221 758 2245 erat
776 2216 910 2253 quosdam
934 2217 1012 2253 cogi-

216 2270 274 2292 tare
294 2272 397 2298 secum,
421 2264 447 2291 Si
465 2268 543 2300 optas
559 2268 585 2291 et
600 2262 771 2298 concupiscis
783 2263 812 2298 9
824 2262 969 2296 consolari,
985 2267 1013 2291 et

217 2310 435 2338 consolationem
455 2316 549 2336 rursus
565 2308 694 2343 accipere,
716 2307 784 2344 quid
811 2307 937 2344 estquod
951 2316 1013 2344 pro-

215 2355 316 2386 hibeat,
351 2361 405 2390 quo
436 2353 526 2381 minus
555 2353 666 2381 venias?
698 2353 853 2387 subintulit,
881 2353 1012 2389 quoniam

217 2412 229 2424 «ι
252 2398 408 2426 Prohibitus
423 2406 485 2426 sum
504 2410 515 2422 ιι
531 2406 546 2426 a
561 2399 629 2426 Deo.
649 2398 845 2426 Animadverte
860 2406 934 2431 vero,
949 2406 1014 2434 quo-

216 2443 300 2472 modo
314 2452 371 2471 non
386 2443 492 2471 curiose
508 2444 625 2479 inquirat
638 2451 687 2471 cur
707 2443 742 2471 sit
757 2443 918 2479 prohibitus.
940 2443 1011 2471 Nam

215 2488 369 2518 Dominicis
385 2488 522 2517 mandatis
545 2488 623 2525 plane
643 2488 814 2524 obsequitur,
839 2487 966 2516 erudiens
986 2491 1014 2515 et

213 2543 276 2571 nos,
291 2542 325 2563 ne
345 2533 452 2562 curiose
473 2533 632 2570 indagemus
644 2542 673 2561 ea
690 2541 751 2569 qua
774 2534 849 2561 Deus
868 2532 942 2560 facit.
959 2534 1013 2560 De-

215 2580 325 2608 nuntiat
346 2579 440 2616 itaque
455 2579 602 2613 Romanis,
616 2579 689 2615 quod
711 2587 767 2607 nou
783 2586 832 2614 per
854 2577 1012 2606 socordiam

215 2629 263 2654 aut
281 2629 475 2661 contemptum
494 2632 550 2652 non
565 2624 679 2652 venerit.
695 2623 773 2652 Adeo
796 2624 869 2651 enim
885 2622 1012 2651 ardenter

214 2679 262 2700 vos
272 2670 473 2708 diligo,inquit,
486 2674 516 2698 ut
527 2677 614 2706 neque
626 2668 780 2705 prohibitus
791 2668 954 2702 destiterim,
962 2666 1011 2696 sed

1112 2089 1126 2106 α
1142 2078 1181 2107 Οὐ
1196 2076 1263 2107 θέλω
1278 2077 1305 2106 δὲ
1319 2079 1389 2116 ὑμᾶς
1403 2078 1520 2117 ἀγνοεῖν,
1538 2078 1662 2118 ἀδελφοὶ,
1678 2077 1719 2106 ὅτι
1737 2074 1860 2107 πολλάκις

1069 2123 1219 2163 προεθέμην
1234 2123 1298 2162 πρὸς
1314 2124 1382 2161 ὑμᾶς
1397 2123 1479 2152 ἐλθεῖν
1489 2145 1497 2158 ,
1519 2123 1564 2152 καὶ
1585 2123 1721 2159 ἐκωλύθην
1737 2121 1799 2162 ἄχρι
1817 2121 1859 2148 τοῦ

1067 2169 1153 2207 δεῦρο.
1170 2179 1184 2196 )›
1202 2167 1313 2202 Ἐπειδὴ
1326 2167 1447 2207 ἀνωτέρω
1467 2162 1553 2205 εἶπεν,
1570 2167 1611 2196 ὅτι
1635 2167 1760 2207 Εὔχομαι
1780 2165 1857 2194 ἐλθεῖν

1067 2213 1132 2253 πρὸς
1155 2215 1240 2251 ὑμᾶς,
1266 2212 1333 2245 εἰκὸς
1359 2212 1385 2242 δὲ
1413 2209 1444 2248 ἦν
1474 2225 1546 2246 τινας
1572 2214 1734 2248 ὑπονοῆσαι,
1764 2209 1803 2239 ὅτι
1829 2208 1859 2236 Εἰ

1067 2258 1133 2298 εὔχῃ
1156 2258 1201 2287 καὶ
1226 2259 1362 2294 ἐπιθυμεῖς
1389 2257 1597 2297 παρακαλέσαι,
1622 2257 1667 2287 καὶ
1690 2255 1857 2296 παρακληθῆ-

1067 2315 1122 2340 ναι,
1133 2302 1160 2332 τί
1174 2303 1202 2332 τὸ
1216 2302 1317 2332 κωλύον
1333 2303 1429 2338 ἐλθεῖν,
1444 2302 1588 2342 ἐπήγαγεν,
1605 2302 1646 2332 δτι
1661 2316 1672 2327 ιι
1685 2299 1835 2334 Ἐκωλύθην
1845 2311 1855 2322 ιι

1067 2348 1150 2377 ἐλθεῖν
1173 2348 1225 2378 ὑπὸ
1243 2348 1314 2377 Θεοῦ
1330 2347 1367 2378 29.
1383 2345 1459 2388 Ὅρα
1482 2347 1526 2386 δὲ,
1543 2349 1600 2380 πῶς
1616 2348 1645 2377 οὗ
1660 2344 1854 2387 περιεργάζεται

1067 2392 1110 2422 διὰ
1133 2393 1159 2422 τί
1184 2392 1318 2429 ἐκωλύθη,
1340 2393 1398 2422 ἀλλ’
1422 2392 1524 2422 ὑπείκει
1550 2392 1576 2411 ³ο
1601 2394 1655 2426 τοῖς
1687 2388 1854 2421 Δεσποτικοῖς

1067 2437 1272 2478 προστάγμασι,
1288 2437 1420 2467 παιδεύων
1442 2437 1487 2466 καὶ
1503 2439 1587 2476 ἡμᾶς,
1603 2437 1646 2467 ἵνα
1663 2436 1700 2475 μὴ
1716 2443 1852 2472 περιεργα-

1066 2483 1171 2520 ζώμεθα
1187 2483 1204 2512 ἃ
1215 2485 1229 2512 ὁ
1243 2482 1311 2516 Θεὸς
1326 2483 1403 2512 ποιεῖ,
1420 2482 1558 2512 Δείκνυσιν
1570 2477 1613 2512 οὖν
1627 2482 1679 2515 τοῖς
1699 2477 1851 2517 Ῥωμαίοις,

1066 2528 1107 2556 ὅτι
1123 2528 1152 2557 οὖ
1170 2527 1212 2557 διὰ
1232 2527 1380 2568 ρᾳθυμίαν,
1404 2527 1420 2562 ἢ
1446 2526 1660 2567 καταφρόνησιν,
1684 2526 1730 2555 οὖκ
1748 2524 1849 2563 ἤρχετο-

1067 2574 1199 2603 Τοσοῦτον
1212 2567 1263 2612 γᾶρ
1279 2571 1452 2612 περικαίομαι
1467 2573 1558 2610 ὑμῶν,
1583 2571 1624 2602 ὅτι
1646 2570 1704 2601 οὐδὲ
1721 2567 1852 2604 κωλυόμε-

1066 2629 1108 2651 νος
1138 2611 1307 2658 ἆφιστάμην,
1338 2617 1406 2646 ἀλλὰ
1427 2616 1507 2647 πάλιν
1535 2617 1581 2647 καὶ
1604 2617 1684 2648 πάλιν
1709 2611 1852 2653 ἐπεχείρουν

1067 2663 1163 2700 ἐλθεῖν,
1181 2661 1223 2691 διὰ
1238 2661 1286 2697 τὴν
1305 2662 1420 2702 σφοδρὰν
1437 2662 1498 2703 περὶ
1514 2663 1583 2702 ὑμᾶς
1599 2661 1717 2702 ἀγάπην.

224 2722 316 2746 terum
329 2720 411 2753 atque
428 2715 529 2744 iterum
542 2718 656 2743 conatus
673 2722 734 2742 sum
755 2713 859 2748 venire,
875 2713 911 2742 ob
930 2713 1121 2741 vehementem
1135 2719 1199 2748 erga
1215 2719 1264 2739 vos
1279 2710 1464 2740 dilectionem.

912 2775 1008 2805 Variae
1030 2775 1179 2804 lectiones.

249 2835 270 2852 ³⁵
284 2834 422 2871 ἀποδημίας
436 2841 462 2862 0.
501 2833 523 2851 ²⁵
538 2833 585 2869 γὰρ
600 2841 625 2861 0.
666 2833 687 2849 ²⁶
702 2832 760 2869 πρὸς
775 2841 799 2860 ο.

841 2832 863 2849 ³⁷
878 2831 1017 2867 κατάφωρον
1032 2838 1059 2858 0.
1097 2830 1120 2847 ³⁸
1137 2829 1171 2858 ἴσ.
1186 2828 1270 2857 αὑτόν.
1309 2829 1320 2846 ³
1345 2829 1409 2864 παρὰ
1423 2828 1487 2856 Θεοῦ
1498 2836 1524 2857 o.

1564 2827 1586 2846 ⁸⁰
1599 2827 1706 2855 ὑπέκειτο
1721 2832 1747 2852 ο.
