  <div class='ocr_page' id='page_1' title='image "/cluster/home/n/w/nwhite01/storage/ocr_20150623/124/njp.32101010942728/264.png"; bbox 0 0 1927 3076; ppageno 0'>
   <div class='ocr_carea' id='block_1_1' title="bbox 91 177 144 205">
    <p class='ocr_par' dir='ltr' id='par_1_1' title="bbox 91 177 144 205">
     <span class='ocr_line' id='line_1_1' title="bbox 91 177 144 205; baseline -0.019 0"><span class='ocrx_word' id='word_1_1' title='bbox 91 177 144 205; x_wconf 72' lang='grc'><strong>349</strong></span> 
     </span>
    </p>
   </div>
   <div class='ocr_carea' id='block_1_2' title="bbox 569 178 1279 208">
    <p class='ocr_par' dir='ltr' id='par_1_2' title="bbox 569 178 1279 208">
     <span class='ocr_line' id='line_1_2' title="bbox 569 178 1279 208; baseline 0.003 -2"><span class='ocrx_word' id='word_1_2' title='bbox 569 178 743 206; x_wconf 77' lang='lat' dir='ltr'><strong>EXPOSITIO</strong></span> <span class='ocrx_word' id='word_1_3' title='bbox 764 179 796 206; x_wconf 86' lang='lat' dir='ltr'><strong>IN</strong></span> <span class='ocrx_word' id='word_1_4' title='bbox 817 179 923 207; x_wconf 85' lang='lat' dir='ltr'><strong>EPIST.</strong></span> <span class='ocrx_word' id='word_1_5' title='bbox 943 180 988 208; x_wconf 82' lang='lat' dir='ltr'><strong>AD</strong></span> <span class='ocrx_word' id='word_1_6' title='bbox 1007 180 1089 208; x_wconf 81' lang='lat' dir='ltr'><strong>ROM.</strong></span> <span class='ocrx_word' id='word_1_7' title='bbox 1110 195 1143 200; x_wconf 92' lang='lat'><strong>-—</strong></span> <span class='ocrx_word' id='word_1_8' title='bbox 1163 181 1238 208; x_wconf 76' lang='lat' dir='ltr'><strong>CAP.</strong></span> <span class='ocrx_word' id='word_1_9' title='bbox 1260 181 1279 208; x_wconf 90' lang='lat' dir='ltr'><strong>l.</strong></span> 
     </span>
    </p>
   </div>
   <div class='ocr_carea' id='block_1_3' title="bbox 1695 183 1748 210">
    <p class='ocr_par' dir='ltr' id='par_1_3' title="bbox 1695 183 1748 210">
     <span class='ocr_line' id='line_1_3' title="bbox 1695 183 1748 210; baseline -0.019 0"><span class='ocrx_word' id='word_1_10' title='bbox 1695 183 1748 210; x_wconf 83' lang='lat'><strong>350</strong></span> 
     </span>
    </p>
   </div>
   <div class='ocr_carea' id='block_1_4' title="bbox 132 239 885 292">
    <p class='ocr_par' dir='ltr' id='par_1_4' title="bbox 132 239 885 281">
     <span class='ocr_line' id='line_1_4' title="bbox 132 239 885 281; baseline -0.001 -11"><span class='ocrx_word' id='word_1_11' title='bbox 132 251 148 269; x_wconf 73' lang='grc' dir='ltr'><strong>α</strong></span> <span class='ocrx_word' id='word_1_12' title='bbox 167 239 230 270; x_wconf 83' lang='grc' dir='ltr'>Ἵνα</span> <span class='ocrx_word' id='word_1_13' title='bbox 258 240 319 271; x_wconf 78' lang='grc' dir='ltr'>τινὰ</span> <span class='ocrx_word' id='word_1_14' title='bbox 339 241 440 281; x_wconf 82' lang='grc' dir='ltr'>καρπὸν</span> <span class='ocrx_word' id='word_1_15' title='bbox 456 243 514 281; x_wconf 82' lang='grc' dir='ltr'>σχῶ</span> <span class='ocrx_word' id='word_1_16' title='bbox 536 241 582 270; x_wconf 75' lang='grc' dir='ltr'><strong>καὶ</strong></span> <span class='ocrx_word' id='word_1_17' title='bbox 599 243 624 271; x_wconf 77' lang='grc' dir='ltr'>ἐν</span> <span class='ocrx_word' id='word_1_18' title='bbox 648 243 725 280; x_wconf 73' lang='grc' dir='ltr'>ὑμῖν,</span> <span class='ocrx_word' id='word_1_19' title='bbox 743 241 830 275; x_wconf 86' lang='grc' dir='ltr'>καθὼς</span> <span class='ocrx_word' id='word_1_20' title='bbox 845 244 885 272; x_wconf 64' lang='grc' dir='ltr'><strong>καῖ</strong></span> 
     </span>
    </p>
   </div>
   <div class='ocr_carea' id='block_1_5' title="bbox 957 239 1748 292">
    <p class='ocr_par' dir='ltr' id='par_1_5' title="bbox 986 242 1748 280">
     <span class='ocr_line' id='line_1_5' title="bbox 986 242 1748 280; baseline 0.004 -10"><span class='ocrx_word' id='word_1_21' title='bbox 986 252 1000 269; x_wconf 76' lang='grc' dir='ltr'>ι(</span> <span class='ocrx_word' id='word_1_22' title='bbox 1020 243 1060 271; x_wconf 92' lang='lat' dir='ltr'><strong>Ut</strong></span> <span class='ocrx_word' id='word_1_23' title='bbox 1072 242 1195 271; x_wconf 79' lang='lat' dir='ltr'><strong>fructum</strong></span> <span class='ocrx_word' id='word_1_24' title='bbox 1207 243 1325 279; x_wconf 82' lang='lat' dir='ltr'><strong>aliquem</strong></span> <span class='ocrx_word' id='word_1_25' title='bbox 1341 242 1459 271; x_wconf 83' lang='lat' dir='ltr'><strong>habeam</strong></span> <span class='ocrx_word' id='word_1_26' title='bbox 1469 243 1495 270; x_wconf 95' lang='lat' dir='ltr'><strong>in</strong></span> <span class='ocrx_word' id='word_1_27' title='bbox 1511 243 1600 278; x_wconf 85' lang='lat' dir='ltr'><strong>vobis,</strong></span> <span class='ocrx_word' id='word_1_28' title='bbox 1614 244 1748 280; x_wconf 87' lang='lat' dir='ltr'><strong>quemad-</strong></span> 
     </span>
    </p>
   </div>
   <div class='ocr_carea' id='block_1_6' title="bbox 89 283 889 326">
    <p class='ocr_par' dir='ltr' id='par_1_6' title="bbox 89 283 889 326">
     <span class='ocr_line' id='line_1_6' title="bbox 89 283 889 326; baseline 0.004 -13"><span class='ocrx_word' id='word_1_29' title='bbox 89 285 116 314; x_wconf 72' lang='grc' dir='ltr'>ἐν</span> <span class='ocrx_word' id='word_1_30' title='bbox 131 287 186 319; x_wconf 82' lang='grc' dir='ltr'>τοῖς</span> <span class='ocrx_word' id='word_1_31' title='bbox 206 286 310 320; x_wconf 81' lang='grc' dir='ltr'><strong>λοιποῖς</strong></span> <span class='ocrx_word' id='word_1_32' title='bbox 334 287 441 317; x_wconf 78' lang='grc' dir='ltr'>ἔθνεσιν.</span> <span class='ocrx_word' id='word_1_33' title='bbox 461 297 475 315; x_wconf 75' lang='grc' dir='ltr'>ι)</span> <span class='ocrx_word' id='word_1_34' title='bbox 494 285 607 321; x_wconf 82' lang='grc' dir='ltr'><strong>Ἐπειδὴ</strong></span> <span class='ocrx_word' id='word_1_35' title='bbox 628 286 804 326; x_wconf 75' lang='grc' dir='ltr'>περίϐλεπτος</span> <span class='ocrx_word' id='word_1_36' title='bbox 818 283 851 323; x_wconf 78' lang='grc' dir='ltr'><strong>ἧν</strong></span> <span class='ocrx_word' id='word_1_37' title='bbox 873 291 889 323; x_wconf 87' lang='grc' dir='ltr'><strong>ἡ</strong></span> 
     </span>
    </p>
   </div>
   <div class='ocr_carea' id='block_1_7' title="bbox 87 330 890 372">
    <p class='ocr_par' dir='ltr' id='par_1_7' title="bbox 87 330 890 372">
     <span class='ocr_line' id='line_1_7' title="bbox 87 330 890 372; baseline 0.004 -13"><span class='ocrx_word' id='word_1_38' title='bbox 87 330 184 366; x_wconf 81' lang='grc' dir='ltr'><strong>πόλις,</strong></span> <span class='ocrx_word' id='word_1_39' title='bbox 212 331 258 360; x_wconf 80' lang='grc' dir='ltr'>καὶ</span> <span class='ocrx_word' id='word_1_40' title='bbox 283 331 381 364; x_wconf 80' lang='grc' dir='ltr'>πάντες</span> <span class='ocrx_word' id='word_1_41' title='bbox 404 331 468 371; x_wconf 77' lang='grc' dir='ltr'>πρὸς</span> <span class='ocrx_word' id='word_1_42' title='bbox 496 331 578 367; x_wconf 83' lang='grc' dir='ltr'>αὐτὴν</span> <span class='ocrx_word' id='word_1_43' title='bbox 603 332 759 372; x_wconf 73' lang='grc' dir='ltr'>συνέδριον,</span> <span class='ocrx_word' id='word_1_44' title='bbox 785 331 828 361; x_wconf 75' lang='grc' dir='ltr'><strong>διὰ</strong></span> <span class='ocrx_word' id='word_1_45' title='bbox 856 332 890 362; x_wconf 76' lang='grc' dir='ltr'><strong>τὰ</strong></span> 
     </span>
    </p>
   </div>
   <div class='ocr_carea' id='block_1_8' title="bbox 90 375 891 415">
    <p class='ocr_par' dir='ltr' id='par_1_8' title="bbox 90 375 891 415">
     <span class='ocr_line' id='line_1_8' title="bbox 90 375 891 415; baseline 0.004 -12"><span class='ocrx_word' id='word_1_46' title='bbox 90 375 116 403; x_wconf 71' lang='grc' dir='ltr'>ἕν</span> <span class='ocrx_word' id='word_1_47' title='bbox 132 376 202 414; x_wconf 79' lang='grc' dir='ltr'>αὖτῇ</span> <span class='ocrx_word' id='word_1_48' title='bbox 218 375 241 394; x_wconf 78' lang='grc'><strong>³⁸</strong></span> <span class='ocrx_word' id='word_1_49' title='bbox 260 375 400 414; x_wconf 83' lang='grc' dir='ltr'>θαύματα,</span> <span class='ocrx_word' id='word_1_50' title='bbox 413 376 458 405; x_wconf 72' lang='grc' dir='ltr'>καὶ</span> <span class='ocrx_word' id='word_1_51' title='bbox 473 376 521 412; x_wconf 85' lang='grc' dir='ltr'><strong>τὴν</strong></span> <span class='ocrx_word' id='word_1_52' title='bbox 533 375 609 410; x_wconf 76' lang='grc' dir='ltr'>δόξαν</span> <span class='ocrx_word' id='word_1_53' title='bbox 626 377 707 412; x_wconf 75' lang='grc' dir='ltr'>αὐτῆς</span> <span class='ocrx_word' id='word_1_54' title='bbox 718 398 726 413; x_wconf 88' lang='lat'><strong>,</strong></span> <span class='ocrx_word' id='word_1_55' title='bbox 742 376 787 405; x_wconf 73' lang='grc' dir='ltr'><strong>ἵνα</strong></span> <span class='ocrx_word' id='word_1_56' title='bbox 801 376 839 415; x_wconf 73' lang='grc' dir='ltr'>μή</span> <span class='ocrx_word' id='word_1_57' title='bbox 853 389 891 410; x_wconf 85' lang='grc' dir='ltr'><strong>τις</strong></span> 
     </span>
    </p>
   </div>
   <div class='ocr_carea' id='block_1_9' title="bbox 88 420 890 460">
    <p class='ocr_par' dir='ltr' id='par_1_9' title="bbox 88 420 890 460">
     <span class='ocr_line' id='line_1_9' title="bbox 88 420 890 460; baseline 0.001 -11"><span class='ocrx_word' id='word_1_58' title='bbox 88 420 188 460; x_wconf 83' lang='grc' dir='ltr'><strong>νομίσῃ</strong></span> <span class='ocrx_word' id='word_1_59' title='bbox 206 420 252 449; x_wconf 78' lang='grc' dir='ltr'><strong>τὸν</strong></span> <span class='ocrx_word' id='word_1_60' title='bbox 270 421 377 451; x_wconf 76' lang='grc' dir='ltr'>Παῦλον</span> <span class='ocrx_word' id='word_1_61' title='bbox 394 421 436 451; x_wconf 63' lang='grc' dir='ltr'><strong>διὰ</strong></span> <span class='ocrx_word' id='word_1_62' title='bbox 458 421 507 457; x_wconf 80' lang='grc' dir='ltr'><strong>τὴν</strong></span> <span class='ocrx_word' id='word_1_63' title='bbox 532 421 615 456; x_wconf 74' lang='grc' dir='ltr'>αὐτὴν</span> <span class='ocrx_word' id='word_1_64' title='bbox 640 421 729 450; x_wconf 78' lang='grc' dir='ltr'>αἰτίαν</span> <span class='ocrx_word' id='word_1_65' title='bbox 755 423 890 460; x_wconf 77' lang='grc' dir='ltr'><strong>ἐπιθυμεῖν</strong></span> 
     </span>
    </p>
   </div>
   <div class='ocr_carea' id='block_1_10' title="bbox 88 465 890 506">
    <p class='ocr_par' dir='ltr' id='par_1_10' title="bbox 88 465 890 506">
     <span class='ocr_line' id='line_1_10' title="bbox 88 465 890 506; baseline 0.002 -12"><span class='ocrx_word' id='word_1_66' title='bbox 88 467 138 500; x_wconf 67' lang='grc' dir='ltr'><strong>τῆς</strong></span> <span class='ocrx_word' id='word_1_67' title='bbox 153 465 217 499; x_wconf 83' lang='grc' dir='ltr'>θέας</span> <span class='ocrx_word' id='word_1_68' title='bbox 233 467 318 494; x_wconf 81' lang='grc' dir='ltr'>αὐτῶν</span> <span class='ocrx_word' id='word_1_69' title='bbox 329 489 337 502; x_wconf 84' lang='lat'><strong>,</strong></span> <span class='ocrx_word' id='word_1_70' title='bbox 355 466 434 506; x_wconf 85' lang='grc' dir='ltr'>φησί·</span> <span class='ocrx_word' id='word_1_71' title='bbox 451 466 502 496; x_wconf 82' lang='grc' dir='ltr'>Διὰ</span> <span class='ocrx_word' id='word_1_72' title='bbox 524 468 601 495; x_wconf 74' lang='grc' dir='ltr'>τοῦτο</span> <span class='ocrx_word' id='word_1_73' title='bbox 623 466 769 504; x_wconf 67' lang='grc' dir='ltr'>ἐπεθύμουν</span> <span class='ocrx_word' id='word_1_74' title='bbox 786 468 869 496; x_wconf 83' lang='grc' dir='ltr'>ἐλθεῖν</span> <span class='ocrx_word' id='word_1_75' title='bbox 881 490 890 505; x_wconf 77' lang='lat'><strong>,</strong></span> 
     </span>
    </p>
   </div>
   <div class='ocr_carea' id='block_1_11' title="bbox 91 509 891 550">
    <p class='ocr_par' dir='ltr' id='par_1_11' title="bbox 91 509 891 550">
     <span class='ocr_line' id='line_1_11' title="bbox 91 509 891 550; baseline 0.004 -13"><span class='ocrx_word' id='word_1_76' title='bbox 91 522 106 537; x_wconf 85' lang='grc' dir='ltr'><strong>α</strong></span> <span class='ocrx_word' id='word_1_77' title='bbox 124 509 169 539; x_wconf 78' lang='grc' dir='ltr'>ἵνα</span> <span class='ocrx_word' id='word_1_78' title='bbox 181 510 242 540; x_wconf 77' lang='grc' dir='ltr'>τινὰ</span> <span class='ocrx_word' id='word_1_79' title='bbox 257 510 359 550; x_wconf 74' lang='grc' dir='ltr'>καρπὸν</span> <span class='ocrx_word' id='word_1_80' title='bbox 375 512 442 550; x_wconf 68' lang='grc' dir='ltr'>σχῶ.</span> <span class='ocrx_word' id='word_1_81' title='bbox 455 522 471 539; x_wconf 83' lang='grc' dir='ltr'>ι)</span> <span class='ocrx_word' id='word_1_82' title='bbox 488 509 563 549; x_wconf 76' lang='grc' dir='ltr'><strong>Ἅμα</strong></span> <span class='ocrx_word' id='word_1_83' title='bbox 574 511 602 540; x_wconf 84' lang='grc' dir='ltr'>δὲ</span> <span class='ocrx_word' id='word_1_84' title='bbox 615 511 660 540; x_wconf 76' lang='grc' dir='ltr'><strong>καὶ</strong></span> <span class='ocrx_word' id='word_1_85' title='bbox 676 511 722 547; x_wconf 84' lang='grc' dir='ltr'><strong>τὴν</strong></span> <span class='ocrx_word' id='word_1_86' title='bbox 733 512 816 547; x_wconf 82' lang='grc' dir='ltr'>ἄλλην</span> <span class='ocrx_word' id='word_1_87' title='bbox 830 511 891 541; x_wconf 76' lang='grc' dir='ltr'>ὑπό-</span> 
     </span>
    </p>
   </div>
   <div class='ocr_carea' id='block_1_12' title="bbox 88 551 891 596">
    <p class='ocr_par' dir='ltr' id='par_1_12' title="bbox 88 551 891 596">
     <span class='ocr_line' id='line_1_12' title="bbox 88 551 891 596; baseline 0.002 -13"><span class='ocrx_word' id='word_1_88' title='bbox 88 566 162 584; x_wconf 84' lang='grc' dir='ltr'>νοιαν</span> <span class='ocrx_word' id='word_1_89' title='bbox 185 555 258 584; x_wconf 86' lang='grc' dir='ltr'>λύει“</span> <span class='ocrx_word' id='word_1_90' title='bbox 276 555 339 588; x_wconf 72' lang='grc' dir='ltr'>ἴσως</span> <span class='ocrx_word' id='word_1_91' title='bbox 364 555 414 596; x_wconf 85' lang='grc' dir='ltr'>γὰρ</span> <span class='ocrx_word' id='word_1_92' title='bbox 442 551 515 585; x_wconf 77' lang='grc' dir='ltr'>εἶπεν</span> <span class='ocrx_word' id='word_1_93' title='bbox 542 555 574 584; x_wconf 79' lang='grc' dir='ltr'><strong>ἄν</strong></span> <span class='ocrx_word' id='word_1_94' title='bbox 589 568 642 592; x_wconf 86' lang='grc' dir='ltr'>τις,</span> <span class='ocrx_word' id='word_1_95' title='bbox 671 556 710 586; x_wconf 73' lang='grc' dir='ltr'><strong>ὅτι</strong></span> <span class='ocrx_word' id='word_1_96' title='bbox 738 556 788 587; x_wconf 83' lang='grc' dir='ltr'><strong>Διᾶ</strong></span> <span class='ocrx_word' id='word_1_97' title='bbox 814 559 891 585; x_wconf 73' lang='grc' dir='ltr'>τοῦτο</span> 
     </span>
    </p>
   </div>
   <div class='ocr_carea' id='block_1_13' title="bbox 89 599 890 636">
    <p class='ocr_par' dir='ltr' id='par_1_13' title="bbox 89 599 890 636">
     <span class='ocr_line' id='line_1_13' title="bbox 89 599 890 636; baseline 0.001 -8"><span class='ocrx_word' id='word_1_98' title='bbox 89 599 213 630; x_wconf 76' lang='grc' dir='ltr'>ἐκωλύου</span> <span class='ocrx_word' id='word_1_99' title='bbox 224 623 233 635; x_wconf 86' lang='lat'><strong>,</strong></span> <span class='ocrx_word' id='word_1_100' title='bbox 255 600 321 630; x_wconf 79' lang='grc' dir='ltr'>διότι</span> <span class='ocrx_word' id='word_1_101' title='bbox 335 601 363 630; x_wconf 82' lang='grc' dir='ltr'><strong>οὐ</strong></span> <span class='ocrx_word' id='word_1_102' title='bbox 379 600 448 630; x_wconf 78' lang='grc' dir='ltr'>κατὰ</span> <span class='ocrx_word' id='word_1_103' title='bbox 466 601 536 630; x_wconf 72' lang='grc' dir='ltr'>Θεὸν</span> <span class='ocrx_word' id='word_1_104' title='bbox 553 602 636 630; x_wconf 78' lang='grc' dir='ltr'>ἐλθεῖν</span> <span class='ocrx_word' id='word_1_105' title='bbox 653 601 772 630; x_wconf 71' lang='grc' dir='ltr'>ἐϐούλου.</span> <span class='ocrx_word' id='word_1_106' title='bbox 801 600 890 636; x_wconf 80' lang='grc' dir='ltr'>Φησὶν</span> 
     </span>
    </p>
   </div>
   <div class='ocr_carea' id='block_1_14' title="bbox 88 639 888 684">
    <p class='ocr_par' dir='ltr' id='par_1_14' title="bbox 88 639 888 684">
     <span class='ocr_line' id='line_1_14' title="bbox 88 639 888 684; baseline 0.004 -12"><span class='ocrx_word' id='word_1_107' title='bbox 88 639 150 681; x_wconf 66' lang='grc' dir='ltr'>οὖν,</span> <span class='ocrx_word' id='word_1_108' title='bbox 166 645 209 674; x_wconf 76' lang='grc' dir='ltr'>ὅτι</span> <span class='ocrx_word' id='word_1_109' title='bbox 225 645 336 684; x_wconf 84' lang='grc' dir='ltr'>Καρπὸν</span> <span class='ocrx_word' id='word_1_110' title='bbox 351 649 424 684; x_wconf 76' lang='grc' dir='ltr'>σχεῖν</span> <span class='ocrx_word' id='word_1_111' title='bbox 437 645 596 683; x_wconf 75' lang='grc' dir='ltr'>ἐϐουλόμην.</span> <span class='ocrx_word' id='word_1_112' title='bbox 616 647 676 676; x_wconf 78' lang='grc' dir='ltr'><strong>Οὖκ</strong></span> <span class='ocrx_word' id='word_1_113' title='bbox 695 641 753 675; x_wconf 68' lang='grc' dir='ltr'>εἷπε</span> <span class='ocrx_word' id='word_1_114' title='bbox 769 645 808 683; x_wconf 72' lang='grc' dir='ltr'><strong>δὲ,</strong></span> <span class='ocrx_word' id='word_1_115' title='bbox 826 645 888 675; x_wconf 84' lang='grc' dir='ltr'>Ἵνα</span> 
     </span>
    </p>
   </div>
   <div class='ocr_carea' id='block_1_15' title="bbox 87 689 888 731">
    <p class='ocr_par' dir='ltr' id='par_1_15' title="bbox 87 689 888 731">
     <span class='ocr_line' id='line_1_15' title="bbox 87 689 888 731; baseline 0.004 -14"><span class='ocrx_word' id='word_1_116' title='bbox 87 689 245 729; x_wconf 75' lang='grc' dir='ltr'><strong>κατηχήσω</strong></span> <span class='ocrx_word' id='word_1_117' title='bbox 256 714 262 725; x_wconf 84' lang='grc'>,</span> <span class='ocrx_word' id='word_1_118' title='bbox 287 689 330 719; x_wconf 80' lang='grc' dir='ltr'><strong>ἵνα</strong></span> <span class='ocrx_word' id='word_1_119' title='bbox 346 690 457 724; x_wconf 80' lang='grc' dir='ltr'>διδάξωο</span> <span class='ocrx_word' id='word_1_120' title='bbox 476 690 545 719; x_wconf 75' lang='grc' dir='ltr'>ἀλλὰ</span> <span class='ocrx_word' id='word_1_121' title='bbox 561 692 774 731; x_wconf 76' lang='grc' dir='ltr'>μετριοφρονῶν,</span> <span class='ocrx_word' id='word_1_122' title='bbox 797 703 812 718; x_wconf 79' lang='grc' dir='ltr'><strong>α</strong></span> <span class='ocrx_word' id='word_1_123' title='bbox 828 689 888 720; x_wconf 81' lang='grc' dir='ltr'>Ἵνα</span> 
     </span>
    </p>
   </div>
   <div class='ocr_carea' id='block_1_16' title="bbox 88 734 889 775">
    <p class='ocr_par' dir='ltr' id='par_1_16' title="bbox 88 734 889 775">
     <span class='ocr_line' id='line_1_16' title="bbox 88 734 889 775; baseline 0.004 -14"><span class='ocrx_word' id='word_1_124' title='bbox 88 734 150 762; x_wconf 78' lang='grc' dir='ltr'>τινὰ</span> <span class='ocrx_word' id='word_1_125' title='bbox 174 734 278 774; x_wconf 75' lang='grc' dir='ltr'>καρπὸν</span> <span class='ocrx_word' id='word_1_126' title='bbox 300 736 390 774; x_wconf 74' lang='grc' dir='ltr'>σχῶ»-</span> <span class='ocrx_word' id='word_1_127' title='bbox 407 735 499 775; x_wconf 84' lang='grc' dir='ltr'>ὥσπερ</span> <span class='ocrx_word' id='word_1_128' title='bbox 515 734 559 764; x_wconf 78' lang='grc' dir='ltr'>καὶ</span> <span class='ocrx_word' id='word_1_129' title='bbox 583 736 726 774; x_wconf 79' lang='grc' dir='ltr'>ἀνωτέρω,</span> <span class='ocrx_word' id='word_1_130' title='bbox 752 747 765 764; x_wconf 74' lang='grc' dir='ltr'>ι</span> <span class='ocrx_word' id='word_1_131' title='bbox 782 735 842 766; x_wconf 91' lang='grc' dir='ltr'>Ἵνα</span> <span class='ocrx_word' id='word_1_132' title='bbox 864 747 889 764; x_wconf 89' lang='grc' dir='ltr'><strong>τι</strong></span> 
     </span>
    </p>
   </div>
   <div class='ocr_carea' id='block_1_17' title="bbox 90 779 887 820">
    <p class='ocr_par' dir='ltr' id='par_1_17' title="bbox 90 779 887 820">
     <span class='ocr_line' id='line_1_17' title="bbox 90 779 887 820; baseline 0.003 -13"><span class='ocrx_word' id='word_1_133' title='bbox 90 779 202 816; x_wconf 80' lang='grc' dir='ltr'>μεταδῶ</span> <span class='ocrx_word' id='word_1_134' title='bbox 215 779 349 819; x_wconf 77' lang='grc' dir='ltr'>χάρισμα.</span> <span class='ocrx_word' id='word_1_135' title='bbox 366 791 380 808; x_wconf 76' lang='grc' dir='ltr'>ι)</span> <span class='ocrx_word' id='word_1_136' title='bbox 401 779 558 810; x_wconf 86' lang='grc' dir='ltr'>Συστέλλων</span> <span class='ocrx_word' id='word_1_137' title='bbox 576 779 604 808; x_wconf 82' lang='grc' dir='ltr'>δὲ</span> <span class='ocrx_word' id='word_1_138' title='bbox 620 779 664 808; x_wconf 73' lang='grc' dir='ltr'>καὶ</span> <span class='ocrx_word' id='word_1_139' title='bbox 680 779 787 817; x_wconf 81' lang='grc' dir='ltr'>αὐτοὺς,</span> <span class='ocrx_word' id='word_1_140' title='bbox 806 780 887 820; x_wconf 79' lang='grc' dir='ltr'>φησί·</span> 
     </span>
    </p>
   </div>
   <div class='ocr_carea' id='block_1_18' title="bbox 95 823 888 865">
    <p class='ocr_par' dir='ltr' id='par_1_18' title="bbox 95 823 888 865">
     <span class='ocr_line' id='line_1_18' title="bbox 95 823 888 865; baseline 0.004 -14"><span class='ocrx_word' id='word_1_141' title='bbox 95 834 110 851; x_wconf 79' lang='grc' dir='ltr'><strong>ιι</strong></span> <span class='ocrx_word' id='word_1_142' title='bbox 124 823 225 857; x_wconf 81' lang='grc' dir='ltr'><strong>Καθὼς</strong></span> <span class='ocrx_word' id='word_1_143' title='bbox 239 824 283 853; x_wconf 79' lang='grc' dir='ltr'><strong>καὶ</strong></span> <span class='ocrx_word' id='word_1_144' title='bbox 298 825 324 853; x_wconf 78' lang='grc' dir='ltr'>ἐν</span> <span class='ocrx_word' id='word_1_145' title='bbox 339 829 391 858; x_wconf 82' lang='grc' dir='ltr'>τοῖς</span> <span class='ocrx_word' id='word_1_146' title='bbox 406 825 507 858; x_wconf 78' lang='grc' dir='ltr'>λοιποῖς</span> <span class='ocrx_word' id='word_1_147' title='bbox 522 824 617 854; x_wconf 67' lang='lat' dir='ltr'><strong>(Ovem.</strong></span> <span class='ocrx_word' id='word_1_148' title='bbox 630 834 644 865; x_wconf 64' lang='grc' dir='ltr'><strong>υ</strong></span> <span class='ocrx_word' id='word_1_149' title='bbox 665 824 712 861; x_wconf 78' lang='grc' dir='ltr'><strong>Μὴ</strong></span> <span class='ocrx_word' id='word_1_150' title='bbox 729 824 780 865; x_wconf 76' lang='grc' dir='ltr'><strong>γὰρ</strong></span> <span class='ocrx_word' id='word_1_151' title='bbox 797 824 888 860; x_wconf 79' lang='grc' dir='ltr'>ἐπειδὴ</span> 
     </span>
    </p>
   </div>
   <div class='ocr_carea' id='block_1_19' title="bbox 91 864 888 909">
    <p class='ocr_par' dir='ltr' id='par_1_19' title="bbox 91 864 888 909">
     <span class='ocr_line' id='line_1_19' title="bbox 91 864 888 909; baseline 0.001 -12"><span class='ocrx_word' id='word_1_152' title='bbox 91 869 268 907; x_wconf 79' lang='grc' dir='ltr'>βασιλεύετε,</span> <span class='ocrx_word' id='word_1_153' title='bbox 303 868 428 908; x_wconf 72' lang='grc' dir='ltr'><strong>νομίσητε</strong></span> <span class='ocrx_word' id='word_1_154' title='bbox 458 869 592 909; x_wconf 75' lang='grc' dir='ltr'>κρείττους</span> <span class='ocrx_word' id='word_1_155' title='bbox 621 864 688 898; x_wconf 72' lang='grc' dir='ltr'>εἶναι</span> <span class='ocrx_word' id='word_1_156' title='bbox 711 864 772 898; x_wconf 72' lang='grc' dir='ltr'><strong>τῶν</strong></span> <span class='ocrx_word' id='word_1_157' title='bbox 788 870 888 899; x_wconf 81' lang='grc' dir='ltr'>λοιπῶν</span> 
     </span>
    </p>
   </div>
   <div class='ocr_carea' id='block_1_20' title="bbox 89 913 568 954">
    <p class='ocr_par' dir='ltr' id='par_1_20' title="bbox 89 913 568 954">
     <span class='ocr_line' id='line_1_20' title="bbox 89 913 568 954; baseline 0.004 -12"><span class='ocrx_word' id='word_1_158' title='bbox 89 914 187 942; x_wconf 69' lang='grc' dir='ltr'>ἐθνῶν·</span> <span class='ocrx_word' id='word_1_159' title='bbox 203 915 231 943; x_wconf 84' lang='grc' dir='ltr'><strong>ἐν</strong></span> <span class='ocrx_word' id='word_1_160' title='bbox 243 914 288 954; x_wconf 84' lang='grc' dir='ltr'>’ίσῃ</span> <span class='ocrx_word' id='word_1_161' title='bbox 303 914 354 954; x_wconf 78' lang='grc' dir='ltr'><strong>γὰρ</strong></span> <span class='ocrx_word' id='word_1_162' title='bbox 368 913 438 949; x_wconf 81' lang='grc' dir='ltr'>τάξει</span> <span class='ocrx_word' id='word_1_163' title='bbox 450 913 568 944; x_wconf 80' lang='grc' dir='ltr'>ἴστασθε.</span> 
     </span>
    </p>
   </div>
   <div class='ocr_carea' id='block_1_21' title="bbox 947 287 1745 324">
    <p class='ocr_par' dir='ltr' id='par_1_21' title="bbox 947 287 1745 324">
     <span class='ocr_line' id='line_1_21' title="bbox 947 287 1745 324; baseline 0.003 -8"><span class='ocrx_word' id='word_1_164' title='bbox 947 287 1061 316; x_wconf 92' lang='lat' dir='ltr'><strong>modum</strong></span> <span class='ocrx_word' id='word_1_165' title='bbox 1077 292 1105 316; x_wconf 89' lang='lat' dir='ltr'><strong>et</strong></span> <span class='ocrx_word' id='word_1_166' title='bbox 1120 287 1147 316; x_wconf 92' lang='lat' dir='ltr'><strong>in</strong></span> <span class='ocrx_word' id='word_1_167' title='bbox 1162 287 1274 324; x_wconf 85' lang='lat' dir='ltr'><strong>reliquis</strong></span> <span class='ocrx_word' id='word_1_168' title='bbox 1286 287 1423 323; x_wconf 75' lang='lat' dir='ltr'><strong>gentibus.</strong></span> <span class='ocrx_word' id='word_1_169' title='bbox 1446 299 1458 311; x_wconf 82' lang='grc' dir='ltr'>ι-</span> <span class='ocrx_word' id='word_1_170' title='bbox 1475 288 1545 322; x_wconf 85' lang='lat' dir='ltr'><strong>Quia</strong></span> <span class='ocrx_word' id='word_1_171' title='bbox 1569 289 1745 318; x_wconf 87' lang='lat' dir='ltr'><strong>celeberrima</strong></span> 
     </span>
    </p>
   </div>
   <div class='ocr_carea' id='block_1_22' title="bbox 945 332 1749 370">
    <p class='ocr_par' dir='ltr' id='par_1_22' title="bbox 945 332 1749 370">
     <span class='ocr_line' id='line_1_22' title="bbox 945 332 1749 370; baseline 0.002 -10"><span class='ocrx_word' id='word_1_172' title='bbox 945 338 1004 361; x_wconf 86' lang='lat' dir='ltr'><strong>erat</strong></span> <span class='ocrx_word' id='word_1_173' title='bbox 1020 333 1097 366; x_wconf 84' lang='lat' dir='ltr'><strong>urbs,</strong></span> <span class='ocrx_word' id='word_1_174' title='bbox 1116 337 1144 360; x_wconf 87' lang='lat' dir='ltr'><strong>et</strong></span> <span class='ocrx_word' id='word_1_175' title='bbox 1169 340 1266 360; x_wconf 81' lang='lat' dir='ltr'><strong>omnes</strong></span> <span class='ocrx_word' id='word_1_176' title='bbox 1286 332 1322 360; x_wconf 91' lang='lat' dir='ltr'><strong>ad</strong></span> <span class='ocrx_word' id='word_1_177' title='bbox 1350 340 1412 360; x_wconf 87' lang='lat' dir='ltr'><strong>eam</strong></span> <span class='ocrx_word' id='word_1_178' title='bbox 1440 333 1619 362; x_wconf 83' lang='lat' dir='ltr'><strong>conﬂuebant</strong></span> <span class='ocrx_word' id='word_1_179' title='bbox 1639 339 1749 370; x_wconf 76' lang='lat' dir='ltr'><strong>propter</strong></span> 
     </span>
    </p>
   </div>
   <div class='ocr_carea' id='block_1_23' title="bbox 945 377 1748 414">
    <p class='ocr_par' dir='ltr' id='par_1_23' title="bbox 945 377 1748 414">
     <span class='ocr_line' id='line_1_23' title="bbox 945 377 1748 414; baseline 0 -8"><span class='ocrx_word' id='word_1_180' title='bbox 945 378 1068 406; x_wconf 83' lang='lat' dir='ltr'><strong>miranda</strong></span> <span class='ocrx_word' id='word_1_181' title='bbox 1079 385 1141 414; x_wconf 70' lang='lat' dir='ltr'><strong>quae</strong></span> <span class='ocrx_word' id='word_1_182' title='bbox 1153 378 1180 406; x_wconf 91' lang='lat' dir='ltr'><strong>in</strong></span> <span class='ocrx_word' id='word_1_183' title='bbox 1193 378 1250 414; x_wconf 86' lang='lat' dir='ltr'><strong>ipsa</strong></span> <span class='ocrx_word' id='word_1_184' title='bbox 1264 378 1463 413; x_wconf 75' lang='lat' dir='ltr'><strong>spectabantur,</strong></span> <span class='ocrx_word' id='word_1_185' title='bbox 1477 382 1504 406; x_wconf 89' lang='lat' dir='ltr'><strong>et</strong></span> <span class='ocrx_word' id='word_1_186' title='bbox 1518 377 1748 414; x_wconf 80' lang='lat' dir='ltr'><strong>magnificentiam</strong></span> 
     </span>
    </p>
   </div>
   <div class='ocr_carea' id='block_1_24' title="bbox 945 421 1747 460">
    <p class='ocr_par' dir='ltr' id='par_1_24' title="bbox 945 421 1747 460">
     <span class='ocr_line' id='line_1_24' title="bbox 945 421 1747 460; baseline 0.002 -10"><span class='ocrx_word' id='word_1_187' title='bbox 945 424 1016 460; x_wconf 85' lang='lat' dir='ltr'><strong>ejus,</strong></span> <span class='ocrx_word' id='word_1_188' title='bbox 1043 431 1078 451; x_wconf 93' lang='lat' dir='ltr'><strong>ne</strong></span> <span class='ocrx_word' id='word_1_189' title='bbox 1099 423 1161 458; x_wconf 90' lang='lat' dir='ltr'><strong>quis</strong></span> <span class='ocrx_word' id='word_1_190' title='bbox 1182 422 1328 452; x_wconf 80' lang='lat' dir='ltr'><strong>existimet.</strong></span> <span class='ocrx_word' id='word_1_191' title='bbox 1353 421 1429 458; x_wconf 90' lang='lat' dir='ltr'><strong>quod</strong></span> <span class='ocrx_word' id='word_1_192' title='bbox 1450 423 1552 450; x_wconf 86' lang='lat' dir='ltr'><strong>Paulus</strong></span> <span class='ocrx_word' id='word_1_193' title='bbox 1566 423 1602 450; x_wconf 91' lang='lat' dir='ltr'><strong>ob</strong></span> <span class='ocrx_word' id='word_1_194' title='bbox 1620 423 1747 452; x_wconf 86' lang='lat' dir='ltr'><strong>eamdem</strong></span> 
     </span>
    </p>
   </div>
   <div class='ocr_carea' id='block_1_25' title="bbox 945 467 1748 503">
    <p class='ocr_par' dir='ltr' id='par_1_25' title="bbox 945 467 1748 503">
     <span class='ocr_line' id='line_1_25' title="bbox 945 467 1748 503; baseline -0.001 -7"><span class='ocrx_word' id='word_1_195' title='bbox 945 476 1056 496; x_wconf 82' lang='lat' dir='ltr'><strong>causam</strong></span> <span class='ocrx_word' id='word_1_196' title='bbox 1081 475 1128 496; x_wconf 85' lang='lat' dir='ltr'><strong>eos</strong></span> <span class='ocrx_word' id='word_1_197' title='bbox 1147 467 1239 496; x_wconf 87' lang='lat' dir='ltr'><strong>videre</strong></span> <span class='ocrx_word' id='word_1_198' title='bbox 1265 467 1414 500; x_wconf 73' lang='lat' dir='ltr'><strong>desideret,</strong></span> <span class='ocrx_word' id='word_1_199' title='bbox 1436 468 1552 503; x_wconf 81' lang='lat' dir='ltr'><strong>Propter</strong></span> <span class='ocrx_word' id='word_1_200' title='bbox 1565 467 1629 501; x_wconf 89' lang='lat' dir='ltr'><strong>hoc,</strong></span> <span class='ocrx_word' id='word_1_201' title='bbox 1649 468 1748 503; x_wconf 81' lang='lat' dir='ltr'><strong>inquit,</strong></span> 
     </span>
    </p>
   </div>
   <div class='ocr_carea' id='block_1_26' title="bbox 945 511 1746 548">
    <p class='ocr_par' dir='ltr' id='par_1_26' title="bbox 945 511 1746 548">
     <span class='ocr_line' id='line_1_26' title="bbox 945 511 1746 548; baseline 0 -8"><span class='ocrx_word' id='word_1_202' title='bbox 945 512 1136 541; x_wconf 81' lang='lat' dir='ltr'><strong>desiderabam</strong></span> <span class='ocrx_word' id='word_1_203' title='bbox 1145 512 1244 546; x_wconf 85' lang='lat' dir='ltr'><strong>venire,</strong></span> <span class='ocrx_word' id='word_1_204' title='bbox 1258 523 1270 536; x_wconf 89' lang='lat'><strong>-</strong></span> <span class='ocrx_word' id='word_1_205' title='bbox 1281 516 1310 540; x_wconf 91' lang='lat' dir='ltr'><strong>ut</strong></span> <span class='ocrx_word' id='word_1_206' title='bbox 1319 511 1442 540; x_wconf 82' lang='lat' dir='ltr'><strong>fructum</strong></span> <span class='ocrx_word' id='word_1_207' title='bbox 1455 512 1578 548; x_wconf 90' lang='lat' dir='ltr'><strong>aliquem</strong></span> <span class='ocrx_word' id='word_1_208' title='bbox 1590 512 1718 540; x_wconf 83' lang='lat' dir='ltr'><strong>habeam.</strong></span> <span class='ocrx_word' id='word_1_209' title='bbox 1733 524 1746 536; x_wconf 77' lang='grc' dir='ltr'>ιο</span> 
     </span>
    </p>
   </div>
   <div class='ocr_carea' id='block_1_27' title="bbox 946 557 1747 593">
    <p class='ocr_par' dir='ltr' id='par_1_27' title="bbox 946 557 1747 593">
     <span class='ocr_line' id='line_1_27' title="bbox 946 557 1747 593; baseline -0.001 -7"><span class='ocrx_word' id='word_1_210' title='bbox 946 558 1036 586; x_wconf 90' lang='lat' dir='ltr'><strong>Simul</strong></span> <span class='ocrx_word' id='word_1_211' title='bbox 1056 562 1149 585; x_wconf 87' lang='lat' dir='ltr'><strong>autem</strong></span> <span class='ocrx_word' id='word_1_212' title='bbox 1169 561 1195 585; x_wconf 79' lang='lat' dir='ltr'><strong>et</strong></span> <span class='ocrx_word' id='word_1_213' title='bbox 1219 557 1301 585; x_wconf 88' lang='lat' dir='ltr'><strong>aliam</strong></span> <span class='ocrx_word' id='word_1_214' title='bbox 1330 557 1513 593; x_wconf 84' lang='lat' dir='ltr'><strong>suspicionem</strong></span> <span class='ocrx_word' id='word_1_215' title='bbox 1533 557 1621 586; x_wconf 84' lang='lat' dir='ltr'><strong>diluit.</strong></span> <span class='ocrx_word' id='word_1_216' title='bbox 1641 558 1747 586; x_wconf 82' lang='lat' dir='ltr'><strong>Forsan</strong></span> 
     </span>
    </p>
   </div>
   <div class='ocr_carea' id='block_1_28' title="bbox 946 601 1748 638">
    <p class='ocr_par' dir='ltr' id='par_1_28' title="bbox 946 601 1748 638">
     <span class='ocr_line' id='line_1_28' title="bbox 946 601 1748 638; baseline -0.001 -7"><span class='ocrx_word' id='word_1_217' title='bbox 946 603 1021 631; x_wconf 92' lang='lat' dir='ltr'><strong>enim</strong></span> <span class='ocrx_word' id='word_1_218' title='bbox 1031 602 1147 631; x_wconf 80' lang='lat' dir='ltr'><strong>dixisset</strong></span> <span class='ocrx_word' id='word_1_219' title='bbox 1156 602 1306 638; x_wconf 82' lang='lat' dir='ltr'><strong>quispiam,</strong></span> <span class='ocrx_word' id='word_1_220' title='bbox 1322 602 1389 630; x_wconf 82' lang='lat' dir='ltr'><strong>Eam</strong></span> <span class='ocrx_word' id='word_1_221' title='bbox 1404 603 1438 630; x_wconf 90' lang='lat' dir='ltr'><strong>ob</strong></span> <span class='ocrx_word' id='word_1_222' title='bbox 1450 609 1565 630; x_wconf 87' lang='lat' dir='ltr'><strong>causam</strong></span> <span class='ocrx_word' id='word_1_223' title='bbox 1581 601 1748 638; x_wconf 87' lang='lat' dir='ltr'><strong>prohibeba-</strong></span> 
     </span>
    </p>
   </div>
   <div class='ocr_carea' id='block_1_29' title="bbox 945 646 1749 683">
    <p class='ocr_par' dir='ltr' id='par_1_29' title="bbox 945 646 1749 683">
     <span class='ocr_line' id='line_1_29' title="bbox 945 646 1749 683; baseline 0 -8"><span class='ocrx_word' id='word_1_224' title='bbox 945 648 995 681; x_wconf 87' lang='lat' dir='ltr'><strong>ris,</strong></span> <span class='ocrx_word' id='word_1_225' title='bbox 1014 647 1090 683; x_wconf 90' lang='lat' dir='ltr'><strong>quod</strong></span> <span class='ocrx_word' id='word_1_226' title='bbox 1105 655 1162 675; x_wconf 90' lang='lat' dir='ltr'><strong>non</strong></span> <span class='ocrx_word' id='word_1_227' title='bbox 1174 646 1326 675; x_wconf 83' lang='lat' dir='ltr'><strong>secundum</strong></span> <span class='ocrx_word' id='word_1_228' title='bbox 1343 647 1393 674; x_wconf 89' lang='lat' dir='ltr'><strong>Dei</strong></span> <span class='ocrx_word' id='word_1_229' title='bbox 1414 647 1583 675; x_wconf 92' lang='lat' dir='ltr'><strong>voluntatem</strong></span> <span class='ocrx_word' id='word_1_230' title='bbox 1600 647 1692 675; x_wconf 90' lang='lat' dir='ltr'><strong>venire</strong></span> <span class='ocrx_word' id='word_1_231' title='bbox 1703 655 1749 675; x_wconf 91' lang='lat' dir='ltr'><strong>vo-</strong></span> 
     </span>
    </p>
   </div>
   <div class='ocr_carea' id='block_1_30' title="bbox 946 691 1745 728">
    <p class='ocr_par' dir='ltr' id='par_1_30' title="bbox 946 691 1745 728">
     <span class='ocr_line' id='line_1_30' title="bbox 946 691 1745 728; baseline 0 -8"><span class='ocrx_word' id='word_1_232' title='bbox 946 692 1046 720; x_wconf 85' lang='lat' dir='ltr'><strong>lueris:</strong></span> <span class='ocrx_word' id='word_1_233' title='bbox 1061 691 1127 720; x_wconf 89' lang='lat' dir='ltr'><strong>dicit</strong></span> <span class='ocrx_word' id='word_1_234' title='bbox 1141 692 1234 728; x_wconf 79' lang='lat' dir='ltr'><strong>igitur.</strong></span> <span class='ocrx_word' id='word_1_235' title='bbox 1251 692 1382 719; x_wconf 84' lang='lat' dir='ltr'><strong>Fructum</strong></span> <span class='ocrx_word' id='word_1_236' title='bbox 1406 691 1507 719; x_wconf 89' lang='lat' dir='ltr'><strong>habere</strong></span> <span class='ocrx_word' id='word_1_237' title='bbox 1522 691 1658 720; x_wconf 89' lang='lat' dir='ltr'><strong>volebam.</strong></span> <span class='ocrx_word' id='word_1_238' title='bbox 1675 693 1745 723; x_wconf 84' lang='lat' dir='ltr'><strong>Non.</strong></span> 
     </span>
    </p>
   </div>
   <div class='ocr_carea' id='block_1_31' title="bbox 951 735 1745 770">
    <p class='ocr_par' dir='ltr' id='par_1_31' title="bbox 951 735 1745 770">
     <span class='ocr_line' id='line_1_31' title="bbox 951 735 1745 770; baseline 0.001 -6"><span class='ocrx_word' id='word_1_239' title='bbox 951 741 1044 765; x_wconf 85' lang='lat' dir='ltr'><strong>autem</strong></span> <span class='ocrx_word' id='word_1_240' title='bbox 1056 736 1149 770; x_wconf 90' lang='lat' dir='ltr'><strong>ait,Ut</strong></span> <span class='ocrx_word' id='word_1_241' title='bbox 1159 735 1482 770; x_wconf 84' lang='lat' dir='ltr'><strong>instituam,utdoceam,</strong></span> <span class='ocrx_word' id='word_1_242' title='bbox 1494 744 1590 764; x_wconf 91' lang='lat' dir='ltr'><strong>verum</strong></span> <span class='ocrx_word' id='word_1_243' title='bbox 1603 736 1745 765; x_wconf 85' lang='lat' dir='ltr'><strong>moderate</strong></span> 
     </span>
    </p>
   </div>
   <div class='ocr_carea' id='block_1_32' title="bbox 946 780 1747 818">
    <p class='ocr_par' dir='ltr' id='par_1_32' title="bbox 946 780 1747 818">
     <span class='ocr_line' id='line_1_32' title="bbox 946 780 1747 818; baseline 0.001 -9"><span class='ocrx_word' id='word_1_244' title='bbox 946 781 1074 818; x_wconf 80' lang='lat' dir='ltr'><strong>loquens.</strong></span> <span class='ocrx_word' id='word_1_245' title='bbox 1092 793 1104 805; x_wconf 81' lang='grc' dir='ltr'><strong>ιι</strong></span> <span class='ocrx_word' id='word_1_246' title='bbox 1124 782 1166 809; x_wconf 90' lang='lat' dir='ltr'><strong>Ut</strong></span> <span class='ocrx_word' id='word_1_247' title='bbox 1191 781 1311 817; x_wconf 80' lang='lat' dir='ltr'><strong>aliquem</strong></span> <span class='ocrx_word' id='word_1_248' title='bbox 1327 780 1445 809; x_wconf 76' lang='lat' dir='ltr'><strong>fructum</strong></span> <span class='ocrx_word' id='word_1_249' title='bbox 1460 780 1586 809; x_wconf 89' lang='lat' dir='ltr'><strong>habeam.</strong></span> <span class='ocrx_word' id='word_1_250' title='bbox 1605 793 1617 806; x_wconf 81' lang='grc' dir='ltr'><strong>ιι</strong></span> <span class='ocrx_word' id='word_1_251' title='bbox 1633 782 1747 810; x_wconf 86' lang='lat' dir='ltr'><strong>Perinde</strong></span> 
     </span>
    </p>
   </div>
   <div class='ocr_carea' id='block_1_33' title="bbox 945 825 1746 862">
    <p class='ocr_par' dir='ltr' id='par_1_33' title="bbox 945 825 1746 862">
     <span class='ocr_line' id='line_1_33' title="bbox 945 825 1746 862; baseline 0 -8"><span class='ocrx_word' id='word_1_252' title='bbox 945 835 977 855; x_wconf 89' lang='lat' dir='ltr'><strong>ac</strong></span> <span class='ocrx_word' id='word_1_253' title='bbox 989 834 1082 862; x_wconf 85' lang='lat' dir='ltr'><strong>supra,</strong></span> <span class='ocrx_word' id='word_1_254' title='bbox 1103 837 1116 850; x_wconf 76' lang='grc' dir='ltr'>αι</span> <span class='ocrx_word' id='word_1_255' title='bbox 1132 827 1172 854; x_wconf 85' lang='lat' dir='ltr'><strong>Ut</strong></span> <span class='ocrx_word' id='word_1_256' title='bbox 1180 825 1290 862; x_wconf 89' lang='lat' dir='ltr'><strong>aliquod</strong></span> <span class='ocrx_word' id='word_1_257' title='bbox 1301 826 1405 854; x_wconf 87' lang='lat' dir='ltr'><strong>donum</strong></span> <span class='ocrx_word' id='word_1_258' title='bbox 1419 826 1588 862; x_wconf 78' lang='lat' dir='ltr'><strong>impertiam.</strong></span> <span class='ocrx_word' id='word_1_259' title='bbox 1604 838 1616 851; x_wconf 80' lang='grc' dir='ltr'>ι</span> <span class='ocrx_word' id='word_1_260' title='bbox 1632 827 1746 854; x_wconf 81' lang='lat' dir='ltr'><strong>illorum</strong></span> 
     </span>
    </p>
   </div>
   <div class='ocr_carea' id='block_1_34' title="bbox 945 870 1747 907">
    <p class='ocr_par' dir='ltr' id='par_1_34' title="bbox 945 870 1747 907">
     <span class='ocr_line' id='line_1_34' title="bbox 945 870 1747 907; baseline -0.001 -7"><span class='ocrx_word' id='word_1_261' title='bbox 945 875 1038 900; x_wconf 87' lang='lat' dir='ltr'><strong>autem</strong></span> <span class='ocrx_word' id='word_1_262' title='bbox 1048 871 1152 898; x_wconf 79' lang='lat' dir='ltr'><strong>factum</strong></span> <span class='ocrx_word' id='word_1_263' title='bbox 1170 878 1359 906; x_wconf 79' lang='lat' dir='ltr'><strong>compescens,</strong></span> <span class='ocrx_word' id='word_1_264' title='bbox 1371 871 1470 907; x_wconf 79' lang='lat' dir='ltr'><strong>inquit,</strong></span> <span class='ocrx_word' id='word_1_265' title='bbox 1487 870 1747 906; x_wconf 72' lang='lat' dir='ltr'><strong>«Quemadmodum</strong></span> 
     </span>
    </p>
   </div>
   <div class='ocr_carea' id='block_1_35' title="bbox 908 911 1745 952">
    <p class='ocr_par' dir='ltr' id='par_1_35' title="bbox 908 911 1745 952">
     <span class='ocr_line' id='line_1_35' title="bbox 908 911 1745 952; baseline 0 -8"><span class='ocrx_word' id='word_1_266' title='bbox 908 911 931 942; x_wconf 86' lang='grc' dir='ltr'>Β</span> <span class='ocrx_word' id='word_1_267' title='bbox 947 921 975 945; x_wconf 92' lang='lat' dir='ltr'><strong>et</strong></span> <span class='ocrx_word' id='word_1_268' title='bbox 989 917 1017 944; x_wconf 94' lang='lat' dir='ltr'><strong>in</strong></span> <span class='ocrx_word' id='word_1_269' title='bbox 1031 915 1141 952; x_wconf 80' lang='lat' dir='ltr'><strong>reliquis</strong></span> <span class='ocrx_word' id='word_1_270' title='bbox 1161 915 1299 951; x_wconf 77' lang='lat' dir='ltr'><strong>gentibus.</strong></span> <span class='ocrx_word' id='word_1_271' title='bbox 1316 927 1328 939; x_wconf 80' lang='grc' dir='ltr'><strong>ι</strong></span> <span class='ocrx_word' id='word_1_272' title='bbox 1351 917 1414 944; x_wconf 82' lang='lat' dir='ltr'><strong>Non</strong></span> <span class='ocrx_word' id='word_1_273' title='bbox 1431 916 1504 944; x_wconf 89' lang='lat' dir='ltr'><strong>enim</strong></span> <span class='ocrx_word' id='word_1_274' title='bbox 1518 916 1583 952; x_wconf 84' lang='lat' dir='ltr'><strong>quia</strong></span> <span class='ocrx_word' id='word_1_275' title='bbox 1597 916 1745 952; x_wconf 85' lang='lat' dir='ltr'><strong>imperium</strong></span> 
     </span>
    </p>
   </div>
   <div class='ocr_carea' id='block_1_36' title="bbox 89 960 1744 1001">
    <p class='ocr_par' dir='ltr' id='par_1_36' title="bbox 89 960 1744 1001">
     <span class='ocr_line' id='line_1_36' title="bbox 89 960 1744 1001; baseline -0.001 -11"><span class='ocrx_word' id='word_1_276' title='bbox 89 962 168 991; x_wconf 90' lang='lat' dir='ltr'><strong>orbis</strong></span> <span class='ocrx_word' id='word_1_277' title='bbox 183 971 268 999; x_wconf 85' lang='lat' dir='ltr'><strong>penes</strong></span> <span class='ocrx_word' id='word_1_278' title='bbox 287 971 336 991; x_wconf 91' lang='lat' dir='ltr'><strong>vos</strong></span> <span class='ocrx_word' id='word_1_279' title='bbox 351 967 402 998; x_wconf 84' lang='lat' dir='ltr'><strong>est,</strong></span> <span class='ocrx_word' id='word_1_280' title='bbox 428 963 599 992; x_wconf 88' lang='lat' dir='ltr'><strong>arbitremini</strong></span> <span class='ocrx_word' id='word_1_281' title='bbox 624 971 672 992; x_wconf 89' lang='lat' dir='ltr'><strong>vos</strong></span> <span class='ocrx_word' id='word_1_282' title='bbox 693 964 805 1000; x_wconf 85' lang='lat' dir='ltr'><strong>reliquis</strong></span> <span class='ocrx_word' id='word_1_283' title='bbox 825 963 954 1001; x_wconf 79' lang='lat' dir='ltr'><strong>gentibus</strong></span> <span class='ocrx_word' id='word_1_284' title='bbox 975 961 1182 998; x_wconf 52' lang='lat' dir='ltr'><strong>praestantiores</strong></span> <span class='ocrx_word' id='word_1_285' title='bbox 1203 968 1264 989; x_wconf 86' lang='lat' dir='ltr'><strong>esse</strong></span> <span class='ocrx_word' id='word_1_286' title='bbox 1287 970 1294 989; x_wconf 86' lang='lat'>:</span> <span class='ocrx_word' id='word_1_287' title='bbox 1314 961 1413 997; x_wconf 61' lang='lat' dir='ltr'><strong>aequali</strong></span> <span class='ocrx_word' id='word_1_288' title='bbox 1440 961 1513 989; x_wconf 87' lang='lat' dir='ltr'><strong>enim</strong></span> <span class='ocrx_word' id='word_1_289' title='bbox 1531 960 1628 989; x_wconf 90' lang='lat' dir='ltr'><strong>ordine</strong></span> <span class='ocrx_word' id='word_1_290' title='bbox 1659 961 1744 989; x_wconf 91' lang='lat' dir='ltr'><strong>collo-</strong></span> 
     </span>
    </p>
   </div>
   <div class='ocr_carea' id='block_1_37' title="bbox 89 1015 208 1036">
    <p class='ocr_par' dir='ltr' id='par_1_37' title="bbox 89 1015 208 1036">
     <span class='ocr_line' id='line_1_37' title="bbox 89 1015 208 1036; baseline 0 -1"><span class='ocrx_word' id='word_1_291' title='bbox 89 1015 208 1036; x_wconf 84' lang='lat' dir='ltr'><strong>camini.</strong></span> 
     </span>
    </p>
   </div>
   <div class='ocr_carea' id='block_1_38' title="bbox 132 1052 887 1095">
    <p class='ocr_par' dir='ltr' id='par_1_38' title="bbox 132 1052 887 1095">
     <span class='ocr_line' id='line_1_38' title="bbox 132 1052 887 1095; baseline 0.001 -13"><span class='ocrx_word' id='word_1_292' title='bbox 132 1067 144 1079; x_wconf 78' lang='grc' dir='ltr'>ι</span> <span class='ocrx_word' id='word_1_293' title='bbox 162 1052 281 1088; x_wconf 79' lang='grc' dir='ltr'>Ἕλλησί</span> <span class='ocrx_word' id='word_1_294' title='bbox 301 1065 328 1082; x_wconf 88' lang='grc' dir='ltr'><strong>τε</strong></span> <span class='ocrx_word' id='word_1_295' title='bbox 344 1053 389 1082; x_wconf 76' lang='grc' dir='ltr'>καὶ</span> <span class='ocrx_word' id='word_1_296' title='bbox 405 1053 554 1094; x_wconf 72' lang='grc' dir='ltr'>Βαρϐάροις</span> <span class='ocrx_word' id='word_1_297' title='bbox 565 1076 572 1088; x_wconf 82' lang='lat'><strong>,</strong></span> <span class='ocrx_word' id='word_1_298' title='bbox 587 1058 676 1095; x_wconf 73' lang='grc' dir='ltr'>σοφοῖς</span> <span class='ocrx_word' id='word_1_299' title='bbox 694 1066 722 1084; x_wconf 83' lang='grc' dir='ltr'><strong>τε</strong></span> <span class='ocrx_word' id='word_1_300' title='bbox 738 1054 783 1084; x_wconf 82' lang='grc' dir='ltr'>καὶ</span> <span class='ocrx_word' id='word_1_301' title='bbox 808 1054 887 1090; x_wconf 71' lang='grc' dir='ltr'>ἀνοή-</span> 
     </span>
    </p>
   </div>
   <div class='ocr_carea' id='block_1_39' title="bbox 88 1098 889 1139">
    <p class='ocr_par' dir='ltr' id='par_1_39' title="bbox 88 1098 889 1139">
     <span class='ocr_line' id='line_1_39' title="bbox 88 1098 889 1139; baseline 0.002 -13"><span class='ocrx_word' id='word_1_302' title='bbox 88 1109 143 1131; x_wconf 83' lang='grc' dir='ltr'>τοις</span> <span class='ocrx_word' id='word_1_303' title='bbox 157 1098 293 1138; x_wconf 59' lang='grc' dir='ltr'>ὀφειλέτ-ης</span> <span class='ocrx_word' id='word_1_304' title='bbox 317 1098 381 1137; x_wconf 85' lang='grc' dir='ltr'>εἶμί.</span> <span class='ocrx_word' id='word_1_305' title='bbox 405 1098 485 1128; x_wconf 76' lang='grc' dir='ltr'>Οῧτω</span> <span class='ocrx_word' id='word_1_306' title='bbox 499 1099 529 1128; x_wconf 84' lang='grc' dir='ltr'><strong>τὸ</strong></span> <span class='ocrx_word' id='word_1_307' title='bbox 548 1100 608 1128; x_wconf 81' lang='grc' dir='ltr'>κατ’</span> <span class='ocrx_word' id='word_1_308' title='bbox 625 1098 671 1138; x_wconf 76' lang='grc' dir='ltr'><strong>ἐμὲ</strong></span> <span class='ocrx_word' id='word_1_309' title='bbox 690 1099 824 1139; x_wconf 78' lang='grc' dir='ltr'>πρόθυμον</span> <span class='ocrx_word' id='word_1_310' title='bbox 843 1099 889 1128; x_wconf 81' lang='grc' dir='ltr'><strong>καὶ</strong></span> 
     </span>
    </p>
   </div>
   <div class='ocr_carea' id='block_1_40' title="bbox 90 1143 888 1183">
    <p class='ocr_par' dir='ltr' id='par_1_40' title="bbox 90 1143 888 1183">
     <span class='ocr_line' id='line_1_40' title="bbox 90 1143 888 1183; baseline 0.004 -12"><span class='ocrx_word' id='word_1_311' title='bbox 90 1143 155 1181; x_wconf 76' lang='grc' dir='ltr'>ὖμῖν</span> <span class='ocrx_word' id='word_1_312' title='bbox 176 1144 230 1175; x_wconf 81' lang='grc' dir='ltr'>τοῖς</span> <span class='ocrx_word' id='word_1_313' title='bbox 245 1144 271 1172; x_wconf 72' lang='grc' dir='ltr'>ἐν</span> <span class='ocrx_word' id='word_1_314' title='bbox 283 1143 380 1183; x_wconf 83' lang='grc' dir='ltr'>Ῥώμῃ</span> <span class='ocrx_word' id='word_1_315' title='bbox 397 1143 630 1182; x_wconf 79' lang='grc' dir='ltr'>εὐαγγελίσασθαι.</span> <span class='ocrx_word' id='word_1_316' title='bbox 649 1155 663 1172; x_wconf 78' lang='grc' dir='ltr'><strong>α</strong></span> <span class='ocrx_word' id='word_1_317' title='bbox 679 1145 733 1174; x_wconf 80' lang='grc' dir='ltr'><strong>Καὶ</strong></span> <span class='ocrx_word' id='word_1_318' title='bbox 748 1147 826 1174; x_wconf 69' lang='grc' dir='ltr'>τοῦτο</span> <span class='ocrx_word' id='word_1_319' title='bbox 839 1156 888 1182; x_wconf 78' lang='grc' dir='ltr'>με·</span> 
     </span>
    </p>
   </div>
   <div class='ocr_carea' id='block_1_41' title="bbox 88 1187 888 1228">
    <p class='ocr_par' dir='ltr' id='par_1_41' title="bbox 88 1187 888 1228">
     <span class='ocr_line' id='line_1_41' title="bbox 88 1187 888 1228; baseline 0.001 -11"><span class='ocrx_word' id='word_1_320' title='bbox 88 1187 294 1227; x_wconf 61' lang='grc' dir='ltr'>τριοφροσύνης.</span> <span class='ocrx_word' id='word_1_321' title='bbox 337 1188 440 1225; x_wconf 80' lang='grc' dir='ltr'>Οὐδὲν,</span> <span class='ocrx_word' id='word_1_322' title='bbox 457 1188 521 1227; x_wconf 79' lang='grc' dir='ltr'>γὰρ,</span> <span class='ocrx_word' id='word_1_323' title='bbox 543 1187 621 1228; x_wconf 75' lang='grc' dir='ltr'>φησὶν</span> <span class='ocrx_word' id='word_1_324' title='bbox 632 1211 641 1226; x_wconf 88' lang='lat'><strong>,</strong></span> <span class='ocrx_word' id='word_1_325' title='bbox 659 1188 711 1228; x_wconf 80' lang='grc' dir='ltr'><strong>ἐγὼ</strong></span> <span class='ocrx_word' id='word_1_326' title='bbox 725 1188 888 1228; x_wconf 80' lang='grc' dir='ltr'>χαρίζομαι,</span> 
     </span>
    </p>
   </div>
   <div class='ocr_carea' id='block_1_42' title="bbox 89 1233 888 1274">
    <p class='ocr_par' dir='ltr' id='par_1_42' title="bbox 89 1233 888 1274">
     <span class='ocr_line' id='line_1_42' title="bbox 89 1233 888 1274; baseline 0.003 -13"><span class='ocrx_word' id='word_1_327' title='bbox 89 1233 151 1261; x_wconf 81' lang='grc' dir='ltr'>ἄλλ’</span> <span class='ocrx_word' id='word_1_328' title='bbox 179 1233 317 1271; x_wconf 74' lang='grc' dir='ltr'>ἐπίταγμα</span> <span class='ocrx_word' id='word_1_329' title='bbox 349 1233 444 1272; x_wconf 82' lang='grc' dir='ltr'>πληρῶ</span> <span class='ocrx_word' id='word_1_330' title='bbox 469 1233 648 1270; x_wconf 71' lang='grc' dir='ltr'>Δεσποτικὸν,</span> <span class='ocrx_word' id='word_1_331' title='bbox 681 1234 726 1263; x_wconf 81' lang='grc' dir='ltr'>καὶ</span> <span class='ocrx_word' id='word_1_332' title='bbox 758 1235 796 1274; x_wconf 83' lang='grc' dir='ltr'><strong>τῷ</strong></span> <span class='ocrx_word' id='word_1_333' title='bbox 825 1235 888 1273; x_wconf 80' lang='grc' dir='ltr'><strong>Θεῷ</strong></span> 
     </span>
    </p>
   </div>
   <div class='ocr_carea' id='block_1_43' title="bbox 88 1278 886 1318">
    <p class='ocr_par' dir='ltr' id='par_1_43' title="bbox 88 1278 886 1318">
     <span class='ocr_line' id='line_1_43' title="bbox 88 1278 886 1318; baseline 0 -11"><span class='ocrx_word' id='word_1_334' title='bbox 88 1278 256 1317; x_wconf 73' lang='grc' dir='ltr'>εὐχαριστεῖν</span> <span class='ocrx_word' id='word_1_335' title='bbox 292 1278 332 1307; x_wconf 80' lang='grc' dir='ltr'><strong>δεῖ</strong></span> <span class='ocrx_word' id='word_1_336' title='bbox 367 1280 446 1316; x_wconf 67' lang='grc' dir='ltr'>ὑμᾶς·</span> <span class='ocrx_word' id='word_1_337' title='bbox 483 1279 581 1312; x_wconf 73' lang='grc' dir='ltr'>ἐκεῖνος</span> <span class='ocrx_word' id='word_1_338' title='bbox 610 1279 660 1318; x_wconf 83' lang='grc' dir='ltr'>γὰρ</span> <span class='ocrx_word' id='word_1_339' title='bbox 688 1280 701 1307; x_wconf 80' lang='grc' dir='ltr'>ὁ</span> <span class='ocrx_word' id='word_1_340' title='bbox 726 1279 886 1318; x_wconf 71' lang='grc' dir='ltr'>εὐεργετῶν,</span> 
     </span>
    </p>
   </div>
   <div class='ocr_carea' id='block_1_44' title="bbox 89 1321 888 1363">
    <p class='ocr_par' dir='ltr' id='par_1_44' title="bbox 89 1321 888 1363">
     <span class='ocr_line' id='line_1_44' title="bbox 89 1321 888 1363; baseline 0.001 -12"><span class='ocrx_word' id='word_1_341' title='bbox 89 1321 142 1361; x_wconf 73' lang='grc' dir='ltr'><strong>ἐγὼ</strong></span> <span class='ocrx_word' id='word_1_342' title='bbox 154 1323 181 1352; x_wconf 85' lang='grc' dir='ltr'>δὲ</span> <span class='ocrx_word' id='word_1_343' title='bbox 200 1323 337 1360; x_wconf 69' lang='grc' dir='ltr'>ὀφειλέτης</span> <span class='ocrx_word' id='word_1_344' title='bbox 349 1323 420 1361; x_wconf 75' lang='grc' dir='ltr'>εἰμὶ,</span> <span class='ocrx_word' id='word_1_345' title='bbox 437 1323 483 1352; x_wconf 79' lang='grc' dir='ltr'><strong>καὶ</strong></span> <span class='ocrx_word' id='word_1_346' title='bbox 499 1323 682 1362; x_wconf 79' lang='grc' dir='ltr'>ἀπαραίτητον</span> <span class='ocrx_word' id='word_1_347' title='bbox 697 1323 774 1363; x_wconf 78' lang='grc' dir='ltr'>χρέος</span> <span class='ocrx_word' id='word_1_348' title='bbox 790 1323 844 1363; x_wconf 77' lang='grc' dir='ltr'>ἔχω</span> <span class='ocrx_word' id='word_1_349' title='bbox 859 1323 888 1352; x_wconf 79' lang='grc' dir='ltr'><strong>τὸ</strong></span> 
     </span>
    </p>
   </div>
   <div class='ocr_carea' id='block_1_45' title="bbox 87 1367 887 1408">
    <p class='ocr_par' dir='ltr' id='par_1_45' title="bbox 87 1367 887 1408">
     <span class='ocr_line' id='line_1_45' title="bbox 87 1367 887 1408; baseline 0 -12"><span class='ocrx_word' id='word_1_350' title='bbox 87 1367 239 1407; x_wconf 75' lang='grc' dir='ltr'>κηρύττειν·</span> <span class='ocrx_word' id='word_1_351' title='bbox 257 1367 271 1396; x_wconf 86' lang='grc'><strong>8</strong></span> <span class='ocrx_word' id='word_1_352' title='bbox 293 1367 406 1401; x_wconf 87' lang='grc' dir='ltr'>καὶτοῖς</span> <span class='ocrx_word' id='word_1_353' title='bbox 432 1367 579 1407; x_wconf 73' lang='grc' dir='ltr'>Κορινθίοις</span> <span class='ocrx_word' id='word_1_354' title='bbox 602 1367 663 1408; x_wconf 75' lang='grc' dir='ltr'>ἔφη·</span> <span class='ocrx_word' id='word_1_355' title='bbox 692 1381 703 1394; x_wconf 74' lang='grc' dir='ltr'>ι</span> <span class='ocrx_word' id='word_1_356' title='bbox 734 1368 805 1398; x_wconf 84' lang='grc' dir='ltr'>Οὐαί</span> <span class='ocrx_word' id='word_1_357' title='bbox 832 1380 887 1408; x_wconf 76' lang='grc' dir='ltr'>μοι,</span> 
     </span>
    </p>
   </div>
   <div class='ocr_carea' id='block_1_46' title="bbox 88 1408 888 1452">
    <p class='ocr_par' dir='ltr' id='par_1_46' title="bbox 88 1408 888 1452">
     <span class='ocr_line' id='line_1_46' title="bbox 88 1408 888 1452; baseline 0.001 -11"><span class='ocrx_word' id='word_1_358' title='bbox 88 1412 134 1442; x_wconf 74' lang='grc' dir='ltr'>ἐὰν</span> <span class='ocrx_word' id='word_1_359' title='bbox 164 1412 202 1449; x_wconf 84' lang='grc' dir='ltr'><strong>μὴ</strong></span> <span class='ocrx_word' id='word_1_360' title='bbox 232 1412 454 1451; x_wconf 60' lang='grc' dir='ltr'>εὖαγγελίᾷυμαι.</span> <span class='ocrx_word' id='word_1_361' title='bbox 478 1423 492 1440; x_wconf 78' lang='lat' dir='ltr'><strong>n</strong></span> <span class='ocrx_word' id='word_1_362' title='bbox 522 1413 662 1452; x_wconf 84' lang='grc' dir='ltr'>Πρόθυμος</span> <span class='ocrx_word' id='word_1_363' title='bbox 689 1408 734 1442; x_wconf 62' lang='grc' dir='ltr'><strong>οὖν</strong></span> <span class='ocrx_word' id='word_1_364' title='bbox 759 1415 814 1452; x_wconf 84' lang='grc' dir='ltr'>εἶμι</span> <span class='ocrx_word' id='word_1_365' title='bbox 843 1413 888 1443; x_wconf 79' lang='grc' dir='ltr'><strong>καὶ</strong></span> 
     </span>
    </p>
   </div>
   <div class='ocr_carea' id='block_1_47' title="bbox 88 1456 887 1498">
    <p class='ocr_par' dir='ltr' id='par_1_47' title="bbox 88 1456 887 1498">
     <span class='ocr_line' id='line_1_47' title="bbox 88 1456 887 1498; baseline 0.004 -13"><span class='ocrx_word' id='word_1_366' title='bbox 88 1457 150 1494; x_wconf 78' lang='grc' dir='ltr'>ὑμῖν</span> <span class='ocrx_word' id='word_1_367' title='bbox 168 1456 299 1495; x_wconf 78' lang='grc' dir='ltr'>κηρύξαι,</span> <span class='ocrx_word' id='word_1_368' title='bbox 319 1457 367 1486; x_wconf 87' lang='grc' dir='ltr'><strong>κᾶν</strong></span> <span class='ocrx_word' id='word_1_369' title='bbox 391 1457 504 1486; x_wconf 75' lang='grc' dir='ltr'>κίνδυνοι</span> <span class='ocrx_word' id='word_1_370' title='bbox 527 1459 710 1498; x_wconf 77' lang='grc' dir='ltr'>προορῶνταιο</span> <span class='ocrx_word' id='word_1_371' title='bbox 735 1458 818 1492; x_wconf 76' lang='grc' dir='ltr'>οὕτως</span> <span class='ocrx_word' id='word_1_372' title='bbox 834 1459 887 1493; x_wconf 79' lang='grc' dir='ltr'>ἔζεε</span> 
     </span>
    </p>
   </div>
   <div class='ocr_carea' id='block_1_48' title="bbox 89 1501 535 1542">
    <p class='ocr_par' dir='ltr' id='par_1_48' title="bbox 89 1501 535 1542">
     <span class='ocr_line' id='line_1_48' title="bbox 89 1501 535 1542; baseline 0.004 -12"><span class='ocrx_word' id='word_1_373' title='bbox 89 1503 121 1542; x_wconf 85' lang='grc' dir='ltr'><strong>τῇ</strong></span> <span class='ocrx_word' id='word_1_374' title='bbox 137 1501 206 1542; x_wconf 80' lang='grc' dir='ltr'>ὑπὲρ</span> <span class='ocrx_word' id='word_1_375' title='bbox 224 1504 271 1531; x_wconf 71' lang='grc' dir='ltr'><strong>τοῦ</strong></span> <span class='ocrx_word' id='word_1_376' title='bbox 291 1502 407 1542; x_wconf 79' lang='grc' dir='ltr'>Χριστοῦ</span> <span class='ocrx_word' id='word_1_377' title='bbox 423 1503 535 1541; x_wconf 83' lang='grc' dir='ltr'>σπουδῇ.</span> 
     </span>
    </p>
   </div>
   <div class='ocr_carea' id='block_1_49' title="bbox 135 1618 887 1660">
    <p class='ocr_par' dir='ltr' id='par_1_49' title="bbox 135 1618 887 1660">
     <span class='ocr_line' id='line_1_49' title="bbox 135 1618 887 1660; baseline 0.003 -13"><span class='ocrx_word' id='word_1_378' title='bbox 135 1630 150 1647; x_wconf 79' lang='grc' dir='ltr'><strong>ιι</strong></span> <span class='ocrx_word' id='word_1_379' title='bbox 167 1620 210 1649; x_wconf 86' lang='grc' dir='ltr'>Οὐ</span> <span class='ocrx_word' id='word_1_380' title='bbox 225 1618 276 1659; x_wconf 80' lang='grc' dir='ltr'>γὰρ</span> <span class='ocrx_word' id='word_1_381' title='bbox 301 1619 498 1659; x_wconf 57' lang='grc' dir='ltr'>ἐπαισχύνομαι</span> <span class='ocrx_word' id='word_1_382' title='bbox 517 1619 546 1649; x_wconf 83' lang='grc' dir='ltr'><strong>τὸ</strong></span> <span class='ocrx_word' id='word_1_383' title='bbox 572 1619 734 1659; x_wconf 78' lang='grc' dir='ltr'>Εὖαγγίλιον</span> <span class='ocrx_word' id='word_1_384' title='bbox 758 1622 802 1649; x_wconf 81' lang='grc' dir='ltr'>τοῦ</span> <span class='ocrx_word' id='word_1_385' title='bbox 819 1621 887 1660; x_wconf 90' lang='grc' dir='ltr'>Χρι-</span> 
     </span>
    </p>
   </div>
   <div class='ocr_carea' id='block_1_50' title="bbox 88 1663 887 1704">
    <p class='ocr_par' dir='ltr' id='par_1_50' title="bbox 88 1663 887 1704">
     <span class='ocr_line' id='line_1_50' title="bbox 88 1663 887 1704; baseline 0 -11"><span class='ocrx_word' id='word_1_386' title='bbox 88 1667 168 1694; x_wconf 73' lang='grc' dir='ltr'>στοῦ·</span> <span class='ocrx_word' id='word_1_387' title='bbox 195 1663 306 1702; x_wconf 75' lang='grc' dir='ltr'>δύναμις</span> <span class='ocrx_word' id='word_1_388' title='bbox 331 1666 382 1704; x_wconf 76' lang='grc' dir='ltr'>γὰρ</span> <span class='ocrx_word' id='word_1_389' title='bbox 407 1665 477 1694; x_wconf 74' lang='grc' dir='ltr'>Θεοῦ</span> <span class='ocrx_word' id='word_1_390' title='bbox 501 1665 573 1694; x_wconf 73' lang='grc' dir='ltr'>ἔστιν</span> <span class='ocrx_word' id='word_1_391' title='bbox 595 1665 631 1697; x_wconf 79' lang='grc' dir='ltr'>εἰς</span> <span class='ocrx_word' id='word_1_392' title='bbox 656 1667 790 1704; x_wconf 84' lang='grc' dir='ltr'>σωτηρίαν</span> <span class='ocrx_word' id='word_1_393' title='bbox 807 1665 887 1694; x_wconf 82' lang='grc' dir='ltr'>παντὶ</span> 
     </span>
    </p>
   </div>
   <div class='ocr_carea' id='block_1_51' title="bbox 88 1705 886 1750">
    <p class='ocr_par' dir='ltr' id='par_1_51' title="bbox 88 1705 886 1750">
     <span class='ocr_line' id='line_1_51' title="bbox 88 1705 886 1750; baseline 0 -12"><span class='ocrx_word' id='word_1_394' title='bbox 88 1711 125 1749; x_wconf 78' lang='grc' dir='ltr'><strong>τῷ</strong></span> <span class='ocrx_word' id='word_1_395' title='bbox 141 1709 302 1739; x_wconf 81' lang='grc' dir='ltr'>πιστεύοντι.</span> <span class='ocrx_word' id='word_1_396' title='bbox 318 1720 332 1737; x_wconf 81' lang='grc' dir='ltr'>ι)</span> <span class='ocrx_word' id='word_1_397' title='bbox 362 1709 473 1745; x_wconf 78' lang='grc' dir='ltr'>Ἐπειδὴ</span> <span class='ocrx_word' id='word_1_398' title='bbox 499 1711 522 1739; x_wconf 78' lang='grc' dir='ltr'>οἱ</span> <span class='ocrx_word' id='word_1_399' title='bbox 541 1709 674 1749; x_wconf 82' lang='grc' dir='ltr'>Ῥωμαῖοι</span> <span class='ocrx_word' id='word_1_400' title='bbox 698 1709 798 1750; x_wconf 76' lang='grc' dir='ltr'>σφόδρα</span> <span class='ocrx_word' id='word_1_401' title='bbox 819 1705 886 1745; x_wconf 76' lang='grc' dir='ltr'>ἦσαν</span> 
     </span>
    </p>
   </div>
   <div class='ocr_carea' id='block_1_52' title="bbox 89 1753 885 1794">
    <p class='ocr_par' dir='ltr' id='par_1_52' title="bbox 89 1753 885 1794">
     <span class='ocr_line' id='line_1_52' title="bbox 89 1753 885 1794; baseline 0.001 -12"><span class='ocrx_word' id='word_1_402' title='bbox 89 1754 251 1792; x_wconf 77' lang='grc' dir='ltr'>ἐπτοημένοι</span> <span class='ocrx_word' id='word_1_403' title='bbox 273 1753 333 1794; x_wconf 71' lang='grc' dir='ltr'>περὶ</span> <span class='ocrx_word' id='word_1_404' title='bbox 359 1753 406 1789; x_wconf 83' lang='grc' dir='ltr'><strong>τὴν</strong></span> <span class='ocrx_word' id='word_1_405' title='bbox 435 1756 480 1783; x_wconf 78' lang='grc' dir='ltr'>τοῦ</span> <span class='ocrx_word' id='word_1_406' title='bbox 509 1754 610 1793; x_wconf 83' lang='grc' dir='ltr'>κόσμου</span> <span class='ocrx_word' id='word_1_407' title='bbox 632 1753 728 1790; x_wconf 80' lang='grc' dir='ltr'>δόξαν,</span> <span class='ocrx_word' id='word_1_408' title='bbox 757 1754 835 1787; x_wconf 78' lang='grc' dir='ltr'>αὐτὸς</span> <span class='ocrx_word' id='word_1_409' title='bbox 859 1754 885 1783; x_wconf 79' lang='grc' dir='ltr'>δὲ</span> 
     </span>
    </p>
   </div>
   <div class='ocr_carea' id='block_1_53' title="bbox 88 1798 886 1838">
    <p class='ocr_par' dir='ltr' id='par_1_53' title="bbox 88 1798 886 1838">
     <span class='ocr_line' id='line_1_53' title="bbox 88 1798 886 1838; baseline 0 -10"><span class='ocrx_word' id='word_1_410' title='bbox 88 1799 184 1837; x_wconf 74' lang='grc' dir='ltr'>ἔμελλε</span> <span class='ocrx_word' id='word_1_411' title='bbox 202 1799 340 1838; x_wconf 78' lang='grc' dir='ltr'>κηρύττειν</span> <span class='ocrx_word' id='word_1_412' title='bbox 358 1798 403 1828; x_wconf 85' lang='grc' dir='ltr'><strong>τὸν</strong></span> <span class='ocrx_word' id='word_1_413' title='bbox 419 1798 506 1828; x_wconf 79' lang='grc' dir='ltr'>πάντα</span> <span class='ocrx_word' id='word_1_414' title='bbox 530 1798 563 1828; x_wconf 81' lang='grc' dir='ltr'><strong>τὰ</strong></span> <span class='ocrx_word' id='word_1_415' title='bbox 586 1801 634 1835; x_wconf 75' lang='grc' dir='ltr'><strong>τῆς</strong></span> <span class='ocrx_word' id='word_1_416' title='bbox 653 1799 761 1837; x_wconf 77' lang='grc' dir='ltr'>ἀτιμίας</span> <span class='ocrx_word' id='word_1_417' title='bbox 776 1798 802 1816; x_wconf 77' lang='grc'><strong>³²</strong></span> <span class='ocrx_word' id='word_1_418' title='bbox 818 1800 886 1828; x_wconf 82' lang='grc' dir='ltr'>ὑπο-</span> 
     </span>
    </p>
   </div>
   <div class='ocr_carea' id='block_1_54' title="bbox 89 1839 887 1884">
    <p class='ocr_par' dir='ltr' id='par_1_54' title="bbox 89 1839 887 1884">
     <span class='ocr_line' id='line_1_54' title="bbox 89 1839 887 1884; baseline 0.001 -12"><span class='ocrx_word' id='word_1_419' title='bbox 89 1843 218 1882; x_wconf 81' lang='grc' dir='ltr'>μείναντα</span> <span class='ocrx_word' id='word_1_420' title='bbox 245 1843 367 1882; x_wconf 69' lang='grc' dir='ltr'>Ἰησοῠν,</span> <span class='ocrx_word' id='word_1_421' title='bbox 383 1844 429 1873; x_wconf 76' lang='grc' dir='ltr'>καὶ</span> <span class='ocrx_word' id='word_1_422' title='bbox 453 1843 522 1876; x_wconf 82' lang='grc' dir='ltr'>εἰκὸς</span> <span class='ocrx_word' id='word_1_423' title='bbox 546 1839 579 1880; x_wconf 70' lang='grc' dir='ltr'>ἦν</span> <span class='ocrx_word' id='word_1_424' title='bbox 606 1843 700 1877; x_wconf 83' lang='grc' dir='ltr'>αὐτοὺς</span> <span class='ocrx_word' id='word_1_425' title='bbox 725 1843 887 1884; x_wconf 73' lang='grc' dir='ltr'>ἐπαισχύνε-</span> 
     </span>
    </p>
   </div>
   <div class='ocr_carea' id='block_1_55' title="bbox 88 1888 885 1929">
    <p class='ocr_par' dir='ltr' id='par_1_55' title="bbox 88 1888 885 1929">
     <span class='ocr_line' id='line_1_55' title="bbox 88 1888 885 1929; baseline 0 -11"><span class='ocrx_word' id='word_1_426' title='bbox 88 1892 149 1918; x_wconf 82' lang='grc' dir='ltr'>σθαι</span> <span class='ocrx_word' id='word_1_427' title='bbox 174 1888 284 1929; x_wconf 76' lang='grc' dir='ltr'>τοιούτῳ</span> <span class='ocrx_word' id='word_1_428' title='bbox 312 1889 430 1918; x_wconf 73' lang='grc' dir='ltr'>δοκοῦντι</span> <span class='ocrx_word' id='word_1_429' title='bbox 459 1889 581 1928; x_wconf 77' lang='grc' dir='ltr'>Σωτῆρι·</span> <span class='ocrx_word' id='word_1_430' title='bbox 609 1888 652 1917; x_wconf 81' lang='grc' dir='ltr'><strong>διὰ</strong></span> <span class='ocrx_word' id='word_1_431' title='bbox 676 1889 753 1918; x_wconf 78' lang='grc' dir='ltr'>τοῦτό</span> <span class='ocrx_word' id='word_1_432' title='bbox 788 1900 885 1929; x_wconf 82' lang='grc' dir='ltr'>φησιν·</span> 
     </span>
    </p>
   </div>
   <div class='ocr_carea' id='block_1_56' title="bbox 51 1932 886 1973">
    <p class='ocr_par' dir='ltr' id='par_1_56' title="bbox 51 1932 886 1973">
     <span class='ocr_line' id='line_1_56' title="bbox 51 1932 886 1973; baseline -0.001 -10"><span class='ocrx_word' id='word_1_433' title='bbox 51 1951 57 1955; x_wconf 98' lang='grc'><strong><em>-</em></strong></span> <span class='ocrx_word' id='word_1_434' title='bbox 92 1947 104 1959; x_wconf 83' lang='grc' dir='ltr'>ι</span> <span class='ocrx_word' id='word_1_435' title='bbox 131 1935 191 1963; x_wconf 86' lang='grc' dir='ltr'><strong>Οὖκ</strong></span> <span class='ocrx_word' id='word_1_436' title='bbox 217 1932 426 1973; x_wconf 55' lang='grc' dir='ltr'>ἔπαιογύνομαν</span> <span class='ocrx_word' id='word_1_437' title='bbox 451 1933 564 1966; x_wconf 78' lang='grc' dir='ltr'>ἐκείνους</span> <span class='ocrx_word' id='word_1_438' title='bbox 594 1933 658 1967; x_wconf 80' lang='grc' dir='ltr'>τέως</span> <span class='ocrx_word' id='word_1_439' title='bbox 686 1932 817 1963; x_wconf 76' lang='grc' dir='ltr'>διδάσκων</span> <span class='ocrx_word' id='word_1_440' title='bbox 848 1934 886 1971; x_wconf 76' lang='grc' dir='ltr'>μή</span> 
     </span>
    </p>
   </div>
   <div class='ocr_carea' id='block_1_57' title="bbox 89 1977 885 2018">
    <p class='ocr_par' dir='ltr' id='par_1_57' title="bbox 89 1977 885 2018">
     <span class='ocr_line' id='line_1_57' title="bbox 89 1977 885 2018; baseline -0.001 -10"><span class='ocrx_word' id='word_1_441' title='bbox 89 1978 314 2018; x_wconf 73' lang='grc' dir='ltr'>ἐπαισχύνεσθαι,</span> <span class='ocrx_word' id='word_1_442' title='bbox 340 1977 440 2007; x_wconf 84' lang='grc' dir='ltr'>ἐπείτοι</span> <span class='ocrx_word' id='word_1_443' title='bbox 461 1989 490 2016; x_wconf 87' lang='grc' dir='ltr'>γε</span> <span class='ocrx_word' id='word_1_444' title='bbox 516 1977 593 2011; x_wconf 77' lang='grc' dir='ltr'>αὐτὸς</span> <span class='ocrx_word' id='word_1_445' title='bbox 616 1979 645 2008; x_wconf 86' lang='grc' dir='ltr'>οὖ</span> <span class='ocrx_word' id='word_1_446' title='bbox 670 1977 749 2016; x_wconf 88' lang='grc' dir='ltr'>μόνον</span> <span class='ocrx_word' id='word_1_447' title='bbox 769 1980 817 2007; x_wconf 89' lang='grc' dir='ltr'>οὐκ</span> <span class='ocrx_word' id='word_1_448' title='bbox 838 1980 885 2008; x_wconf 80' lang='grc' dir='ltr'><strong>ἐπ-</strong></span> 
     </span>
    </p>
   </div>
   <div class='ocr_carea' id='block_1_58' title="bbox 89 2021 886 2063">
    <p class='ocr_par' dir='ltr' id='par_1_58' title="bbox 89 2021 886 2063">
     <span class='ocr_line' id='line_1_58' title="bbox 89 2021 886 2063; baseline 0 -12"><span class='ocrx_word' id='word_1_449' title='bbox 89 2023 230 2063; x_wconf 78' lang='grc' dir='ltr'>ῃσχύνιτο,</span> <span class='ocrx_word' id='word_1_450' title='bbox 247 2022 315 2052; x_wconf 80' lang='grc' dir='ltr'>ἀλλὰ</span> <span class='ocrx_word' id='word_1_451' title='bbox 330 2022 374 2051; x_wconf 83' lang='grc' dir='ltr'><strong>καὶ</strong></span> <span class='ocrx_word' id='word_1_452' title='bbox 397 2021 620 2057; x_wconf 75' lang='grc' dir='ltr'>ἐνεκαλλωπίζετο</span> <span class='ocrx_word' id='word_1_453' title='bbox 634 2024 672 2063; x_wconf 82' lang='grc' dir='ltr'><strong>τῷ</strong></span> <span class='ocrx_word' id='word_1_454' title='bbox 693 2023 886 2063; x_wconf 78' lang='grc' dir='ltr'>ἐσταυρωμένῳ</span> 
     </span>
    </p>
   </div>
   <div class='ocr_carea' id='block_1_59' title="bbox 88 2067 885 2108">
    <p class='ocr_par' dir='ltr' id='par_1_59' title="bbox 88 2067 885 2108">
     <span class='ocr_line' id='line_1_59' title="bbox 88 2067 885 2108; baseline -0.001 -11"><span class='ocrx_word' id='word_1_455' title='bbox 88 2069 133 2098; x_wconf 84' lang='grc' dir='ltr'>καὶ</span> <span class='ocrx_word' id='word_1_456' title='bbox 148 2069 321 2108; x_wconf 75' lang='grc' dir='ltr'>ἐνεκαυχᾶτο.</span> <span class='ocrx_word' id='word_1_457' title='bbox 358 2067 431 2106; x_wconf 75' lang='grc' dir='ltr'><strong>Ἅμα</strong></span> <span class='ocrx_word' id='word_1_458' title='bbox 447 2067 474 2096; x_wconf 78' lang='grc' dir='ltr'>δὲ</span> <span class='ocrx_word' id='word_1_459' title='bbox 491 2068 535 2097; x_wconf 77' lang='grc' dir='ltr'>καὶ</span> <span class='ocrx_word' id='word_1_460' title='bbox 548 2067 639 2104; x_wconf 76' lang='grc' dir='ltr'>ἐπειδὴ</span> <span class='ocrx_word' id='word_1_461' title='bbox 659 2068 734 2097; x_wconf 80' lang='grc' dir='ltr'>αὐτοὶ</span> <span class='ocrx_word' id='word_1_462' title='bbox 749 2068 793 2097; x_wconf 82' lang='grc' dir='ltr'>ἐπὶ</span> <span class='ocrx_word' id='word_1_463' title='bbox 808 2068 885 2108; x_wconf 68' lang='grc' dir='ltr'>σοφίᾳ</span> 
     </span>
    </p>
   </div>
   <div class='ocr_carea' id='block_1_60' title="bbox 89 2111 882 2152">
    <p class='ocr_par' dir='ltr' id='par_1_60' title="bbox 89 2111 882 2152">
     <span class='ocr_line' id='line_1_60' title="bbox 89 2111 882 2152; baseline -0.001 -10"><span class='ocrx_word' id='word_1_464' title='bbox 89 2113 253 2151; x_wconf 76' lang='grc' dir='ltr'>ἐκόμπαζον,</span> <span class='ocrx_word' id='word_1_465' title='bbox 270 2111 342 2151; x_wconf 81' lang='grc' dir='ltr'>Ἐγὼ</span> <span class='ocrx_word' id='word_1_466' title='bbox 354 2135 362 2148; x_wconf 85' lang='grc'>,</span> <span class='ocrx_word' id='word_1_467' title='bbox 377 2113 458 2152; x_wconf 75' lang='grc' dir='ltr'>φησὶ,</span> <span class='ocrx_word' id='word_1_468' title='bbox 476 2112 588 2152; x_wconf 74' lang='grc' dir='ltr'>σταυρὸν</span> <span class='ocrx_word' id='word_1_469' title='bbox 604 2112 718 2152; x_wconf 73' lang='grc' dir='ltr'>ἶρχομαι</span> <span class='ocrx_word' id='word_1_470' title='bbox 733 2111 882 2152; x_wconf 81' lang='grc' dir='ltr'>κηρύττων·</span> 
     </span>
    </p>
   </div>
   <div class='ocr_carea' id='block_1_61' title="bbox 88 2157 885 2197">
    <p class='ocr_par' dir='ltr' id='par_1_61' title="bbox 88 2157 885 2197">
     <span class='ocr_line' id='line_1_61' title="bbox 88 2157 885 2197; baseline -0.001 -10"><span class='ocrx_word' id='word_1_471' title='bbox 88 2158 133 2187; x_wconf 77' lang='grc' dir='ltr'>καὶ</span> <span class='ocrx_word' id='word_1_472' title='bbox 141 2159 171 2187; x_wconf 73' lang='grc' dir='ltr'><strong>οὐ</strong></span> <span class='ocrx_word' id='word_1_473' title='bbox 182 2157 225 2187; x_wconf 76' lang='grc' dir='ltr'><strong>διὰ</strong></span> <span class='ocrx_word' id='word_1_474' title='bbox 240 2160 317 2186; x_wconf 77' lang='grc' dir='ltr'>τοῦτο</span> <span class='ocrx_word' id='word_1_475' title='bbox 330 2158 502 2197; x_wconf 65' lang='grc' dir='ltr'>αἰσχύνομαν</span> <span class='ocrx_word' id='word_1_476' title='bbox 519 2171 530 2183; x_wconf 77' lang='grc' dir='ltr'><strong>α</strong></span> <span class='ocrx_word' id='word_1_477' title='bbox 542 2157 662 2195; x_wconf 84' lang='grc' dir='ltr'>Δύναμις</span> <span class='ocrx_word' id='word_1_478' title='bbox 673 2157 724 2197; x_wconf 77' lang='grc' dir='ltr'>γὰρ</span> <span class='ocrx_word' id='word_1_479' title='bbox 732 2159 803 2188; x_wconf 73' lang='grc' dir='ltr'>Θεοῦ</span> <span class='ocrx_word' id='word_1_480' title='bbox 815 2159 885 2187; x_wconf 84' lang='grc' dir='ltr'>ἐστιν</span> 
     </span>
    </p>
   </div>
   <div class='ocr_carea' id='block_1_62' title="bbox 89 2201 886 2242">
    <p class='ocr_par' dir='ltr' id='par_1_62' title="bbox 89 2201 886 2242">
     <span class='ocr_line' id='line_1_62' title="bbox 89 2201 886 2242; baseline 0 -10"><span class='ocrx_word' id='word_1_481' title='bbox 89 2205 123 2236; x_wconf 83' lang='grc' dir='ltr'>εἷς</span> <span class='ocrx_word' id='word_1_482' title='bbox 138 2202 272 2242; x_wconf 81' lang='grc' dir='ltr'>σωτηρίαν</span> <span class='ocrx_word' id='word_1_483' title='bbox 285 2202 322 2230; x_wconf 83' lang='grc'><strong>³³.</strong></span> <span class='ocrx_word' id='word_1_484' title='bbox 338 2216 349 2228; x_wconf 72' lang='grc' dir='ltr'><strong>ι</strong></span> <span class='ocrx_word' id='word_1_485' title='bbox 363 2201 444 2232; x_wconf 81' lang='grc' dir='ltr'>Ἐστι</span> <span class='ocrx_word' id='word_1_486' title='bbox 463 2202 509 2231; x_wconf 86' lang='grc' dir='ltr'><strong>καὶ</strong></span> <span class='ocrx_word' id='word_1_487' title='bbox 525 2203 634 2240; x_wconf 84' lang='grc' dir='ltr'>δύναμις</span> <span class='ocrx_word' id='word_1_488' title='bbox 648 2204 685 2236; x_wconf 80' lang='grc' dir='ltr'><strong>εἰς</strong></span> <span class='ocrx_word' id='word_1_489' title='bbox 709 2202 834 2238; x_wconf 80' lang='grc' dir='ltr'>κόλασιν,</span> <span class='ocrx_word' id='word_1_490' title='bbox 850 2205 886 2236; x_wconf 82' lang='grc' dir='ltr'>ὡς</span> 
     </span>
    </p>
   </div>
   <div class='ocr_carea' id='block_1_63' title="bbox 89 2246 886 2287">
    <p class='ocr_par' dir='ltr' id='par_1_63' title="bbox 89 2246 886 2287">
     <span class='ocr_line' id='line_1_63' title="bbox 89 2246 886 2287; baseline 0 -11"><span class='ocrx_word' id='word_1_491' title='bbox 89 2251 140 2281; x_wconf 79' lang='grc' dir='ltr'>τοῖς</span> <span class='ocrx_word' id='word_1_492' title='bbox 157 2247 310 2287; x_wconf 78' lang='grc' dir='ltr'>Αἰγυπτίοις</span> <span class='ocrx_word' id='word_1_493' title='bbox 335 2246 496 2276; x_wconf 80' lang='grc' dir='ltr'>ἐνεδείκνυτο</span> <span class='ocrx_word' id='word_1_494' title='bbox 520 2249 533 2276; x_wconf 83' lang='grc' dir='ltr'>ὁ</span> <span class='ocrx_word' id='word_1_495' title='bbox 557 2247 625 2280; x_wconf 76' lang='grc' dir='ltr'>Θεὸς</span> <span class='ocrx_word' id='word_1_496' title='bbox 641 2247 689 2282; x_wconf 86' lang='grc' dir='ltr'><strong>τὴν</strong></span> <span class='ocrx_word' id='word_1_497' title='bbox 710 2249 792 2277; x_wconf 72' lang='grc' dir='ltr'>αὑτοῦ</span> <span class='ocrx_word' id='word_1_498' title='bbox 808 2247 886 2276; x_wconf 82' lang='grc' dir='ltr'>δύνα-</span> 
     </span>
    </p>
   </div>
   <div class='ocr_carea' id='block_1_64' title="bbox 90 2291 884 2330">
    <p class='ocr_par' dir='ltr' id='par_1_64' title="bbox 90 2291 884 2330">
     <span class='ocr_line' id='line_1_64' title="bbox 90 2291 884 2330; baseline 0 -9"><span class='ocrx_word' id='word_1_499' title='bbox 90 2305 148 2330; x_wconf 80' lang='grc' dir='ltr'>μιν,</span> <span class='ocrx_word' id='word_1_500' title='bbox 169 2292 288 2326; x_wconf 78' lang='grc' dir='ltr'>κολάζων</span> <span class='ocrx_word' id='word_1_501' title='bbox 307 2292 410 2326; x_wconf 76' lang='grc' dir='ltr'>αὐτούς.</span> <span class='ocrx_word' id='word_1_502' title='bbox 426 2291 505 2322; x_wconf 82' lang='grc' dir='ltr'>Ἐστι</span> <span class='ocrx_word' id='word_1_503' title='bbox 519 2291 563 2321; x_wconf 80' lang='grc' dir='ltr'><strong>καὶ</strong></span> <span class='ocrx_word' id='word_1_504' title='bbox 581 2294 615 2326; x_wconf 82' lang='grc' dir='ltr'>εἷς</span> <span class='ocrx_word' id='word_1_505' title='bbox 629 2291 778 2329; x_wconf 77' lang='grc' dir='ltr'>ἀπώλειαν,</span> <span class='ocrx_word' id='word_1_506' title='bbox 796 2293 830 2325; x_wconf 85' lang='grc' dir='ltr'>ὥς</span> <span class='ocrx_word' id='word_1_507' title='bbox 846 2292 884 2328; x_wconf 81' lang='grc' dir='ltr'><strong>τὸ,</strong></span> 
     </span>
    </p>
   </div>
   <div class='ocr_carea' id='block_1_65' title="bbox 980 1050 1746 1087">
    <p class='ocr_par' dir='ltr' id='par_1_65' title="bbox 980 1050 1746 1087">
     <span class='ocr_line' id='line_1_65' title="bbox 980 1050 1746 1087; baseline -0.001 -7"><span class='ocrx_word' id='word_1_508' title='bbox 980 1053 1071 1080; x_wconf 73' lang='lat' dir='ltr'><strong>Vsus.</strong></span> <span class='ocrx_word' id='word_1_509' title='bbox 1096 1054 1140 1087; x_wconf 84' lang='grc'><strong>14,</strong></span> <span class='ocrx_word' id='word_1_510' title='bbox 1160 1053 1222 1085; x_wconf 77' lang='grc' dir='ltr'><strong>15,α</strong></span> <span class='ocrx_word' id='word_1_511' title='bbox 1250 1051 1360 1078; x_wconf 62' lang='lat' dir='ltr'><strong>Graecis</strong></span> <span class='ocrx_word' id='word_1_512' title='bbox 1373 1054 1399 1078; x_wconf 84' lang='lat' dir='ltr'><strong>et</strong></span> <span class='ocrx_word' id='word_1_513' title='bbox 1413 1050 1552 1085; x_wconf 73' lang='lat' dir='ltr'><strong>Barbarie,</strong></span> <span class='ocrx_word' id='word_1_514' title='bbox 1575 1050 1746 1086; x_wconf 83' lang='lat' dir='ltr'><strong>sapientibus</strong></span> 
     </span>
    </p>
   </div>
   <div class='ocr_carea' id='block_1_66' title="bbox 941 1095 1745 1132">
    <p class='ocr_par' dir='ltr' id='par_1_66' title="bbox 941 1095 1745 1132">
     <span class='ocr_line' id='line_1_66' title="bbox 941 1095 1745 1132; baseline 0 -8"><span class='ocrx_word' id='word_1_515' title='bbox 941 1100 969 1124; x_wconf 91' lang='lat' dir='ltr'><strong>et</strong></span> <span class='ocrx_word' id='word_1_516' title='bbox 984 1095 1176 1132; x_wconf 86' lang='lat' dir='ltr'><strong>insipientibus</strong></span> <span class='ocrx_word' id='word_1_517' title='bbox 1201 1095 1314 1123; x_wconf 84' lang='lat' dir='ltr'><strong>debitor</strong></span> <span class='ocrx_word' id='word_1_518' title='bbox 1333 1103 1405 1123; x_wconf 89' lang='lat' dir='ltr'><strong>sum.</strong></span> <span class='ocrx_word' id='word_1_519' title='bbox 1434 1096 1473 1123; x_wconf 85' lang='lat' dir='ltr'><strong>ita</strong></span> <span class='ocrx_word' id='word_1_520' title='bbox 1487 1099 1623 1131; x_wconf 87' lang='lat' dir='ltr'><strong>quantum</strong></span> <span class='ocrx_word' id='word_1_521' title='bbox 1653 1095 1681 1123; x_wconf 93' lang='lat' dir='ltr'><strong>in</strong></span> <span class='ocrx_word' id='word_1_522' title='bbox 1699 1104 1745 1124; x_wconf 90' lang='lat' dir='ltr'><strong>me</strong></span> 
     </span>
    </p>
   </div>
   <div class='ocr_carea' id='block_1_67' title="bbox 943 1140 1746 1178">
    <p class='ocr_par' dir='ltr' id='par_1_67' title="bbox 943 1140 1746 1178">
     <span class='ocr_line' id='line_1_67' title="bbox 943 1140 1746 1178; baseline -0.001 -9"><span class='ocrx_word' id='word_1_523' title='bbox 943 1146 995 1173; x_wconf 89' lang='lat' dir='ltr'><strong>est,</strong></span> <span class='ocrx_word' id='word_1_524' title='bbox 1006 1145 1116 1177; x_wconf 84' lang='lat' dir='ltr'><strong>paratus</strong></span> <span class='ocrx_word' id='word_1_525' title='bbox 1129 1148 1192 1168; x_wconf 90' lang='lat' dir='ltr'><strong>sum</strong></span> <span class='ocrx_word' id='word_1_526' title='bbox 1213 1145 1241 1168; x_wconf 91' lang='lat' dir='ltr'><strong>et</strong></span> <span class='ocrx_word' id='word_1_527' title='bbox 1255 1140 1343 1175; x_wconf 81' lang='lat' dir='ltr'><strong>vobis,</strong></span> <span class='ocrx_word' id='word_1_528' title='bbox 1363 1141 1410 1176; x_wconf 92' lang='lat' dir='ltr'><strong>qui</strong></span> <span class='ocrx_word' id='word_1_529' title='bbox 1425 1141 1522 1168; x_wconf 64' lang='lat' dir='ltr'><strong>Romae</strong></span> <span class='ocrx_word' id='word_1_530' title='bbox 1541 1140 1617 1174; x_wconf 84' lang='lat' dir='ltr'><strong>estis,</strong></span> <span class='ocrx_word' id='word_1_531' title='bbox 1635 1149 1746 1178; x_wconf 86' lang='lat' dir='ltr'><strong>evange-</strong></span> 
     </span>
    </p>
   </div>
   <div class='ocr_carea' id='block_1_68' title="bbox 944 1185 1746 1219">
    <p class='ocr_par' dir='ltr' id='par_1_68' title="bbox 944 1185 1746 1219">
     <span class='ocr_line' id='line_1_68' title="bbox 944 1185 1746 1219; baseline -0.001 -5"><span class='ocrx_word' id='word_1_532' title='bbox 944 1186 1035 1214; x_wconf 86' lang='lat' dir='ltr'><strong>lizare.</strong></span> <span class='ocrx_word' id='word_1_533' title='bbox 1062 1195 1075 1211; x_wconf 84' lang='grc'><strong>››</strong></span> <span class='ocrx_word' id='word_1_534' title='bbox 1090 1186 1151 1213; x_wconf 80' lang='lat' dir='ltr'><strong>Hoc</strong></span> <span class='ocrx_word' id='word_1_535' title='bbox 1164 1185 1248 1213; x_wconf 86' lang='lat' dir='ltr'><strong>etiam</strong></span> <span class='ocrx_word' id='word_1_536' title='bbox 1257 1193 1289 1213; x_wconf 90' lang='lat' dir='ltr'><strong>ex</strong></span> <span class='ocrx_word' id='word_1_537' title='bbox 1306 1185 1438 1213; x_wconf 82' lang='lat' dir='ltr'><strong>modestia</strong></span> <span class='ocrx_word' id='word_1_538' title='bbox 1452 1189 1555 1213; x_wconf 88' lang='lat' dir='ltr'><strong>manat.</strong></span> <span class='ocrx_word' id='word_1_539' title='bbox 1568 1185 1639 1213; x_wconf 81' lang='lat' dir='ltr'><strong>Nihil</strong></span> <span class='ocrx_word' id='word_1_540' title='bbox 1657 1186 1746 1219; x_wconf 90' lang='lat' dir='ltr'><strong>enim,</strong></span> 
     </span>
    </p>
   </div>
   <div class='ocr_carea' id='block_1_69' title="bbox 943 1229 1745 1267">
    <p class='ocr_par' dir='ltr' id='par_1_69' title="bbox 943 1229 1745 1267">
     <span class='ocr_line' id='line_1_69' title="bbox 943 1229 1745 1267; baseline -0.001 -8"><span class='ocrx_word' id='word_1_541' title='bbox 943 1231 1043 1267; x_wconf 78' lang='lat' dir='ltr'><strong>inquit,</strong></span> <span class='ocrx_word' id='word_1_542' title='bbox 1067 1238 1118 1267; x_wconf 87' lang='lat' dir='ltr'><strong>ego</strong></span> <span class='ocrx_word' id='word_1_543' title='bbox 1139 1229 1226 1263; x_wconf 86' lang='lat' dir='ltr'><strong>dono,</strong></span> <span class='ocrx_word' id='word_1_544' title='bbox 1252 1238 1346 1258; x_wconf 83' lang='lat' dir='ltr'><strong>venim</strong></span> <span class='ocrx_word' id='word_1_545' title='bbox 1368 1230 1481 1258; x_wconf 90' lang='lat' dir='ltr'><strong>Domini</strong></span> <span class='ocrx_word' id='word_1_546' title='bbox 1508 1230 1562 1258; x_wconf 89' lang='lat' dir='ltr'><strong>mei</strong></span> <span class='ocrx_word' id='word_1_547' title='bbox 1587 1230 1745 1258; x_wconf 90' lang='lat' dir='ltr'><strong>mandatum</strong></span> 
     </span>
    </p>
   </div>
   <div class='ocr_carea' id='block_1_70' title="bbox 943 1275 1746 1312">
    <p class='ocr_par' dir='ltr' id='par_1_70' title="bbox 943 1275 1746 1312">
     <span class='ocr_line' id='line_1_70' title="bbox 943 1275 1746 1312; baseline 0 -9"><span class='ocrx_word' id='word_1_548' title='bbox 943 1275 1090 1311; x_wconf 85' lang='lat' dir='ltr'><strong>adimpleo,</strong></span> <span class='ocrx_word' id='word_1_549' title='bbox 1105 1277 1217 1311; x_wconf 86' lang='lat' dir='ltr'><strong>Deoque</strong></span> <span class='ocrx_word' id='word_1_550' title='bbox 1236 1283 1283 1303; x_wconf 91' lang='lat' dir='ltr'><strong>vos</strong></span> <span class='ocrx_word' id='word_1_551' title='bbox 1302 1275 1402 1311; x_wconf 82' lang='lat' dir='ltr'><strong>gratias</strong></span> <span class='ocrx_word' id='word_1_552' title='bbox 1415 1283 1497 1311; x_wconf 86' lang='lat' dir='ltr'><strong>agere</strong></span> <span class='ocrx_word' id='word_1_553' title='bbox 1512 1275 1647 1303; x_wconf 86' lang='lat' dir='ltr'><strong>convenit:</strong></span> <span class='ocrx_word' id='word_1_554' title='bbox 1664 1275 1746 1312; x_wconf 92' lang='lat' dir='ltr'><strong>siqui-</strong></span> 
     </span>
    </p>
   </div>
   <div class='ocr_carea' id='block_1_71' title="bbox 943 1319 1743 1355">
    <p class='ocr_par' dir='ltr' id='par_1_71' title="bbox 943 1319 1743 1355">
     <span class='ocr_line' id='line_1_71' title="bbox 943 1319 1743 1355; baseline -0.001 -6"><span class='ocrx_word' id='word_1_555' title='bbox 943 1320 1008 1349; x_wconf 86' lang='lat' dir='ltr'><strong>dem</strong></span> <span class='ocrx_word' id='word_1_556' title='bbox 1023 1320 1065 1348; x_wconf 93' lang='lat' dir='ltr'><strong>ille</strong></span> <span class='ocrx_word' id='word_1_557' title='bbox 1078 1320 1238 1348; x_wconf 82' lang='lat' dir='ltr'><strong>benefactor</strong></span> <span class='ocrx_word' id='word_1_558' title='bbox 1259 1323 1310 1353; x_wconf 80' lang='lat' dir='ltr'><strong>est,</strong></span> <span class='ocrx_word' id='word_1_559' title='bbox 1333 1327 1384 1355; x_wconf 85' lang='lat' dir='ltr'><strong>ego</strong></span> <span class='ocrx_word' id='word_1_560' title='bbox 1397 1327 1462 1347; x_wconf 86' lang='lat' dir='ltr'><strong>vero</strong></span> <span class='ocrx_word' id='word_1_561' title='bbox 1480 1331 1492 1344; x_wconf 79' lang='grc' dir='ltr'><strong>ι</strong></span> <span class='ocrx_word' id='word_1_562' title='bbox 1514 1319 1627 1348; x_wconf 83' lang='lat' dir='ltr'><strong>debitor</strong></span> <span class='ocrx_word' id='word_1_563' title='bbox 1640 1327 1713 1353; x_wconf 87' lang='lat' dir='ltr'><strong>sum,</strong></span> <span class='ocrx_word' id='word_1_564' title='bbox 1731 1332 1743 1344; x_wconf 80' lang='grc' dir='ltr'><strong>ι</strong></span> 
     </span>
    </p>
   </div>
   <div class='ocr_carea' id='block_1_72' title="bbox 943 1364 1746 1401">
    <p class='ocr_par' dir='ltr' id='par_1_72' title="bbox 943 1364 1746 1401">
     <span class='ocr_line' id='line_1_72' title="bbox 943 1364 1746 1401; baseline -0.001 -8"><span class='ocrx_word' id='word_1_565' title='bbox 943 1370 970 1393; x_wconf 91' lang='lat' dir='ltr'><strong>et</strong></span> <span class='ocrx_word' id='word_1_566' title='bbox 977 1365 1153 1393; x_wconf 87' lang='lat' dir='ltr'><strong>irrecusabile</strong></span> <span class='ocrx_word' id='word_1_567' title='bbox 1163 1364 1290 1393; x_wconf 88' lang='lat' dir='ltr'><strong>debitum</strong></span> <span class='ocrx_word' id='word_1_568' title='bbox 1300 1364 1388 1392; x_wconf 89' lang='lat' dir='ltr'><strong>habeo</strong></span> <span class='ocrx_word' id='word_1_569' title='bbox 1398 1364 1577 1400; x_wconf 59' lang='lat' dir='ltr'><strong>praedicandi,</strong></span> <span class='ocrx_word' id='word_1_570' title='bbox 1592 1365 1681 1401; x_wconf 90' lang='lat' dir='ltr'><strong>ipsum</strong></span> <span class='ocrx_word' id='word_1_571' title='bbox 1696 1365 1746 1392; x_wconf 89' lang='lat' dir='ltr'><strong>sci-</strong></span> 
     </span>
    </p>
   </div>
   <div class='ocr_carea' id='block_1_73' title="bbox 943 1408 1743 1445">
    <p class='ocr_par' dir='ltr' id='par_1_73' title="bbox 943 1408 1743 1445">
     <span class='ocr_line' id='line_1_73' title="bbox 943 1408 1743 1445; baseline -0.001 -7"><span class='ocrx_word' id='word_1_572' title='bbox 943 1410 1006 1438; x_wconf 87' lang='lat' dir='ltr'><strong>licet</strong></span> <span class='ocrx_word' id='word_1_573' title='bbox 1019 1417 1121 1438; x_wconf 88' lang='lat' dir='ltr'><strong>munus</strong></span> <span class='ocrx_word' id='word_1_574' title='bbox 1145 1419 1152 1437; x_wconf 93' lang='lat'><strong>:</strong></span> <span class='ocrx_word' id='word_1_575' title='bbox 1175 1408 1249 1445; x_wconf 90' lang='lat' dir='ltr'><strong>quod</strong></span> <span class='ocrx_word' id='word_1_576' title='bbox 1272 1413 1301 1436; x_wconf 88' lang='lat' dir='ltr'><strong>et</strong></span> <span class='ocrx_word' id='word_1_577' title='bbox 1319 1408 1468 1437; x_wconf 85' lang='lat' dir='ltr'><strong>Corinthiis</strong></span> <span class='ocrx_word' id='word_1_578' title='bbox 1490 1409 1599 1437; x_wconf 87' lang='lat' dir='ltr'><strong>dicebat</strong></span> <span class='ocrx_word' id='word_1_579' title='bbox 1618 1420 1623 1437; x_wconf 92' lang='lat'>:</span> <span class='ocrx_word' id='word_1_580' title='bbox 1655 1420 1668 1434; x_wconf 78' lang='grc' dir='ltr'><strong>ι</strong></span> <span class='ocrx_word' id='word_1_581' title='bbox 1694 1410 1743 1437; x_wconf 68' lang='lat' dir='ltr'><strong>Va:</strong></span> 
     </span>
    </p>
   </div>
   <div class='ocr_carea' id='block_1_74' title="bbox 943 1453 1745 1490">
    <p class='ocr_par' dir='ltr' id='par_1_74' title="bbox 943 1453 1745 1490">
     <span class='ocr_line' id='line_1_74' title="bbox 943 1453 1745 1490; baseline -0.001 -7"><span class='ocrx_word' id='word_1_582' title='bbox 943 1455 1024 1489; x_wconf 90' lang='lat' dir='ltr'><strong>mihi,</strong></span> <span class='ocrx_word' id='word_1_583' title='bbox 1039 1455 1061 1482; x_wconf 86' lang='lat' dir='ltr'><strong>si</strong></span> <span class='ocrx_word' id='word_1_584' title='bbox 1069 1462 1123 1482; x_wconf 94' lang='lat' dir='ltr'><strong>non</strong></span> <span class='ocrx_word' id='word_1_585' title='bbox 1133 1454 1351 1490; x_wconf 84' lang='lat' dir='ltr'><strong>evangelizavero</strong></span> <span class='ocrx_word' id='word_1_586' title='bbox 1361 1453 1382 1482; x_wconf 85' lang='lat'><strong>°.</strong></span> <span class='ocrx_word' id='word_1_587' title='bbox 1397 1465 1410 1478; x_wconf 77' lang='grc' dir='ltr'><strong>ιι</strong></span> <span class='ocrx_word' id='word_1_588' title='bbox 1427 1453 1546 1482; x_wconf 86' lang='lat' dir='ltr'><strong>Proinde</strong></span> <span class='ocrx_word' id='word_1_589' title='bbox 1557 1462 1622 1482; x_wconf 87' lang='lat' dir='ltr'><strong>sane</strong></span> <span class='ocrx_word' id='word_1_590' title='bbox 1633 1458 1745 1490; x_wconf 90' lang='lat' dir='ltr'><strong>paratus</strong></span> 
     </span>
    </p>
   </div>
   <div class='ocr_carea' id='block_1_75' title="bbox 941 1499 1741 1535">
    <p class='ocr_par' dir='ltr' id='par_1_75' title="bbox 941 1499 1741 1535">
     <span class='ocr_line' id='line_1_75' title="bbox 941 1499 1741 1535; baseline -0.001 -7"><span class='ocrx_word' id='word_1_591' title='bbox 941 1508 1004 1528; x_wconf 89' lang='lat' dir='ltr'><strong>sum</strong></span> <span class='ocrx_word' id='word_1_592' title='bbox 1020 1504 1047 1528; x_wconf 87' lang='lat' dir='ltr'><strong>et</strong></span> <span class='ocrx_word' id='word_1_593' title='bbox 1061 1499 1137 1527; x_wconf 82' lang='lat' dir='ltr'><strong>vobis</strong></span> <span class='ocrx_word' id='word_1_594' title='bbox 1153 1499 1329 1535; x_wconf 83' lang='lat' dir='ltr'><strong>Evangelium</strong></span> <span class='ocrx_word' id='word_1_595' title='bbox 1345 1499 1522 1533; x_wconf 87' lang='lat' dir='ltr'><strong>annuntiare,</strong></span> <span class='ocrx_word' id='word_1_596' title='bbox 1540 1499 1649 1527; x_wconf 84' lang='lat' dir='ltr'><strong>etiamsi</strong></span> <span class='ocrx_word' id='word_1_597' title='bbox 1671 1499 1741 1535; x_wconf 89' lang='lat' dir='ltr'><strong>peri-</strong></span> 
     </span>
    </p>
   </div>
   <div class='ocr_carea' id='block_1_76' title="bbox 942 1543 1745 1581">
    <p class='ocr_par' dir='ltr' id='par_1_76' title="bbox 942 1543 1745 1581">
     <span class='ocr_line' id='line_1_76' title="bbox 942 1543 1745 1581; baseline -0.001 -8"><span class='ocrx_word' id='word_1_598' title='bbox 942 1545 1004 1573; x_wconf 93' lang='lat' dir='ltr'><strong>cula</strong></span> <span class='ocrx_word' id='word_1_599' title='bbox 1019 1545 1104 1573; x_wconf 88' lang='lat' dir='ltr'><strong>oculis</strong></span> <span class='ocrx_word' id='word_1_600' title='bbox 1117 1544 1307 1572; x_wconf 88' lang='lat' dir='ltr'><strong>observentur.</strong></span> <span class='ocrx_word' id='word_1_601' title='bbox 1322 1545 1410 1572; x_wconf 86' lang='lat' dir='ltr'><strong>Tanto</strong></span> <span class='ocrx_word' id='word_1_602' title='bbox 1439 1543 1469 1572; x_wconf 89' lang='lat' dir='ltr'><strong>in</strong></span> <span class='ocrx_word' id='word_1_603' title='bbox 1483 1543 1628 1572; x_wconf 85' lang='lat' dir='ltr'><strong>Christum</strong></span> <span class='ocrx_word' id='word_1_604' title='bbox 1649 1544 1745 1581; x_wconf 83' lang='lat' dir='ltr'><strong>ﬂagra-</strong></span> 
     </span>
    </p>
   </div>
   <div class='ocr_carea' id='block_1_77' title="bbox 944 1589 1115 1618">
    <p class='ocr_par' dir='ltr' id='par_1_77' title="bbox 944 1589 1115 1618">
     <span class='ocr_line' id='line_1_77' title="bbox 944 1589 1115 1618; baseline -0.006 0"><span class='ocrx_word' id='word_1_605' title='bbox 944 1590 991 1618; x_wconf 86' lang='lat' dir='ltr'><strong>bat</strong></span> <span class='ocrx_word' id='word_1_606' title='bbox 1013 1589 1115 1618; x_wconf 89' lang='lat' dir='ltr'><strong>studio.</strong></span> 
     </span>
    </p>
   </div>
   <div class='ocr_carea' id='block_1_78' title="bbox 977 1634 1742 1671">
    <p class='ocr_par' dir='ltr' id='par_1_78' title="bbox 977 1634 1742 1671">
     <span class='ocr_line' id='line_1_78' title="bbox 977 1634 1742 1671; baseline -0.001 -8"><span class='ocrx_word' id='word_1_607' title='bbox 977 1637 1068 1663; x_wconf 74' lang='lat' dir='ltr'><strong>Vitas.</strong></span> <span class='ocrx_word' id='word_1_608' title='bbox 1083 1637 1124 1662; x_wconf 80' lang='grc'><strong>18.</strong></span> <span class='ocrx_word' id='word_1_609' title='bbox 1143 1644 1157 1661; x_wconf 84' lang='grc'><strong>‹‹</strong></span> <span class='ocrx_word' id='word_1_610' title='bbox 1168 1635 1229 1663; x_wconf 79' lang='lat' dir='ltr'><strong>Non</strong></span> <span class='ocrx_word' id='word_1_611' title='bbox 1245 1635 1319 1663; x_wconf 91' lang='lat' dir='ltr'><strong>enim</strong></span> <span class='ocrx_word' id='word_1_612' title='bbox 1329 1634 1413 1670; x_wconf 88' lang='lat' dir='ltr'><strong>pudet</strong></span> <span class='ocrx_word' id='word_1_613' title='bbox 1427 1642 1471 1663; x_wconf 90' lang='lat' dir='ltr'><strong>me</strong></span> <span class='ocrx_word' id='word_1_614' title='bbox 1482 1635 1621 1671; x_wconf 86' lang='lat' dir='ltr'><strong>Evangelii</strong></span> <span class='ocrx_word' id='word_1_615' title='bbox 1631 1634 1742 1664; x_wconf 85' lang='lat' dir='ltr'><strong>Christi.</strong></span> 
     </span>
    </p>
   </div>
   <div class='ocr_carea' id='block_1_79' title="bbox 941 1679 1739 1708">
    <p class='ocr_par' dir='ltr' id='par_1_79' title="bbox 941 1679 1739 1708">
     <span class='ocr_line' id='line_1_79' title="bbox 941 1679 1739 1708; baseline 0 0"><span class='ocrx_word' id='word_1_616' title='bbox 941 1679 1037 1708; x_wconf 82' lang='lat' dir='ltr'><strong>Virtus</strong></span> <span class='ocrx_word' id='word_1_617' title='bbox 1051 1680 1124 1708; x_wconf 89' lang='lat' dir='ltr'><strong>enim</strong></span> <span class='ocrx_word' id='word_1_618' title='bbox 1139 1680 1189 1708; x_wconf 89' lang='lat' dir='ltr'><strong>Dei</strong></span> <span class='ocrx_word' id='word_1_619' title='bbox 1212 1683 1254 1708; x_wconf 88' lang='lat' dir='ltr'><strong>est</strong></span> <span class='ocrx_word' id='word_1_620' title='bbox 1266 1679 1302 1708; x_wconf 82' lang='lat' dir='ltr'><strong>ad</strong></span> <span class='ocrx_word' id='word_1_621' title='bbox 1326 1680 1443 1708; x_wconf 86' lang='lat' dir='ltr'><strong>salutem</strong></span> <span class='ocrx_word' id='word_1_622' title='bbox 1467 1680 1541 1708; x_wconf 92' lang='lat' dir='ltr'><strong>omni</strong></span> <span class='ocrx_word' id='word_1_623' title='bbox 1562 1680 1696 1708; x_wconf 86' lang='lat' dir='ltr'><strong>credenti.</strong></span> <span class='ocrx_word' id='word_1_624' title='bbox 1727 1691 1739 1704; x_wconf 83' lang='grc' dir='ltr'><strong>ιι</strong></span> 
     </span>
    </p>
   </div>
   <div class='ocr_carea' id='block_1_80' title="bbox 942 1724 1744 1761">
    <p class='ocr_par' dir='ltr' id='par_1_80' title="bbox 942 1724 1744 1761">
     <span class='ocr_line' id='line_1_80' title="bbox 942 1724 1744 1761; baseline 0.001 -8"><span class='ocrx_word' id='word_1_625' title='bbox 942 1726 1012 1753; x_wconf 88' lang='lat' dir='ltr'><strong>Cum</strong></span> <span class='ocrx_word' id='word_1_626' title='bbox 1025 1725 1145 1753; x_wconf 79' lang='lat' dir='ltr'><strong>Romani</strong></span> <span class='ocrx_word' id='word_1_627' title='bbox 1159 1725 1192 1753; x_wconf 88' lang='lat' dir='ltr'><strong>ad</strong></span> <span class='ocrx_word' id='word_1_628' title='bbox 1201 1724 1298 1752; x_wconf 87' lang='lat' dir='ltr'><strong>mundi</strong></span> <span class='ocrx_word' id='word_1_629' title='bbox 1307 1724 1512 1761; x_wconf 87' lang='lat' dir='ltr'><strong>hujusgloriam</strong></span> <span class='ocrx_word' id='word_1_630' title='bbox 1527 1724 1744 1754; x_wconf 80' lang='lat' dir='ltr'><strong>miriﬁceobstu—</strong></span> 
     </span>
    </p>
   </div>
   <div class='ocr_carea' id='block_1_81' title="bbox 942 1769 1742 1806">
    <p class='ocr_par' dir='ltr' id='par_1_81' title="bbox 942 1769 1742 1806">
     <span class='ocr_line' id='line_1_81' title="bbox 942 1769 1742 1806; baseline 0.001 -9"><span class='ocrx_word' id='word_1_631' title='bbox 942 1769 1041 1805; x_wconf 82' lang='lat' dir='ltr'><strong>pefacti</strong></span> <span class='ocrx_word' id='word_1_632' title='bbox 1061 1774 1162 1803; x_wconf 82' lang='lat' dir='ltr'><strong>essent,</strong></span> <span class='ocrx_word' id='word_1_633' title='bbox 1179 1770 1236 1805; x_wconf 87' lang='lat' dir='ltr'><strong>ipse</strong></span> <span class='ocrx_word' id='word_1_634' title='bbox 1260 1777 1326 1798; x_wconf 87' lang='lat' dir='ltr'><strong>vero</strong></span> <span class='ocrx_word' id='word_1_635' title='bbox 1342 1769 1539 1806; x_wconf 64' lang='lat' dir='ltr'><strong>pradicaturus</strong></span> <span class='ocrx_word' id='word_1_636' title='bbox 1553 1774 1622 1804; x_wconf 89' lang='lat' dir='ltr'><strong>erat,</strong></span> <span class='ocrx_word' id='word_1_637' title='bbox 1638 1770 1684 1806; x_wconf 91' lang='lat' dir='ltr'><strong>qui</strong></span> <span class='ocrx_word' id='word_1_638' title='bbox 1699 1771 1742 1798; x_wconf 93' lang='lat' dir='ltr'><strong>ni-</strong></span> 
     </span>
    </p>
   </div>
   <div class='ocr_carea' id='block_1_82' title="bbox 942 1814 1743 1850">
    <p class='ocr_par' dir='ltr' id='par_1_82' title="bbox 942 1814 1743 1850">
     <span class='ocr_line' id='line_1_82' title="bbox 942 1814 1743 1850; baseline 0.001 -8"><span class='ocrx_word' id='word_1_639' title='bbox 942 1814 978 1842; x_wconf 94' lang='lat' dir='ltr'><strong>hil</strong></span> <span class='ocrx_word' id='word_1_640' title='bbox 992 1823 1048 1842; x_wconf 93' lang='lat' dir='ltr'><strong>non</strong></span> <span class='ocrx_word' id='word_1_641' title='bbox 1066 1815 1228 1850; x_wconf 68' lang='lat' dir='ltr'><strong>ignominiaa</strong></span> <span class='ocrx_word' id='word_1_642' title='bbox 1243 1815 1404 1850; x_wconf 84' lang='lat' dir='ltr'><strong>pertulerat,</strong></span> <span class='ocrx_word' id='word_1_643' title='bbox 1419 1816 1529 1846; x_wconf 85' lang='lat' dir='ltr'><strong>Jesum;</strong></span> <span class='ocrx_word' id='word_1_644' title='bbox 1548 1823 1580 1842; x_wconf 89' lang='lat' dir='ltr'><strong>ac</strong></span> <span class='ocrx_word' id='word_1_645' title='bbox 1593 1815 1743 1843; x_wconf 86' lang='lat' dir='ltr'><strong>verisimile</strong></span> 
     </span>
    </p>
   </div>
   <div class='ocr_carea' id='block_1_83' title="bbox 942 1858 1742 1895">
    <p class='ocr_par' dir='ltr' id='par_1_83' title="bbox 942 1858 1742 1895">
     <span class='ocr_line' id='line_1_83' title="bbox 942 1858 1742 1895; baseline 0 -8"><span class='ocrx_word' id='word_1_646' title='bbox 942 1863 1002 1887; x_wconf 84' lang='lat' dir='ltr'><strong>erat</strong></span> <span class='ocrx_word' id='word_1_647' title='bbox 1017 1859 1083 1895; x_wconf 87' lang='lat' dir='ltr'><strong>ipsis</strong></span> <span class='ocrx_word' id='word_1_648' title='bbox 1096 1858 1196 1895; x_wconf 89' lang='lat' dir='ltr'><strong>pudori</strong></span> <span class='ocrx_word' id='word_1_649' title='bbox 1225 1859 1279 1887; x_wconf 87' lang='lat' dir='ltr'><strong>hoc</strong></span> <span class='ocrx_word' id='word_1_650' title='bbox 1300 1858 1372 1892; x_wconf 82' lang='lat' dir='ltr'><strong>fore,</strong></span> <span class='ocrx_word' id='word_1_651' title='bbox 1401 1859 1423 1886; x_wconf 91' lang='lat' dir='ltr'><strong>si</strong></span> <span class='ocrx_word' id='word_1_652' title='bbox 1451 1859 1514 1886; x_wconf 87' lang='lat' dir='ltr'><strong>talis</strong></span> <span class='ocrx_word' id='word_1_653' title='bbox 1538 1859 1742 1887; x_wconf 85' lang='lat' dir='ltr'><strong>existimaretur</strong></span> 
     </span>
    </p>
   </div>
   <div class='ocr_carea' id='block_1_84' title="bbox 941 1903 1739 1940">
    <p class='ocr_par' dir='ltr' id='par_1_84' title="bbox 941 1903 1739 1940">
     <span class='ocr_line' id='line_1_84' title="bbox 941 1903 1739 1940; baseline 0 -8"><span class='ocrx_word' id='word_1_654' title='bbox 941 1905 1069 1932; x_wconf 86' lang='lat' dir='ltr'><strong>Servator</strong></span> <span class='ocrx_word' id='word_1_655' title='bbox 1086 1907 1261 1940; x_wconf 87' lang='lat' dir='ltr'><strong>:propterea,</strong></span> <span class='ocrx_word' id='word_1_656' title='bbox 1290 1914 1302 1928; x_wconf 74' lang='grc' dir='ltr'><strong><em>κ</em></strong></span> <span class='ocrx_word' id='word_1_657' title='bbox 1325 1905 1386 1931; x_wconf 81' lang='lat' dir='ltr'><strong>Non</strong></span> <span class='ocrx_word' id='word_1_658' title='bbox 1410 1911 1455 1931; x_wconf 90' lang='lat' dir='ltr'><strong>me</strong></span> <span class='ocrx_word' id='word_1_659' title='bbox 1477 1903 1574 1940; x_wconf 88' lang='lat' dir='ltr'><strong>pudet,</strong></span> <span class='ocrx_word' id='word_1_660' title='bbox 1591 1915 1604 1927; x_wconf 81' lang='grc' dir='ltr'><strong>ι</strong></span> <span class='ocrx_word' id='word_1_661' title='bbox 1619 1903 1710 1939; x_wconf 87' lang='lat' dir='ltr'><strong>inquit</strong></span> <span class='ocrx_word' id='word_1_662' title='bbox 1733 1913 1739 1932; x_wconf 94' lang='lat'>:</span> 
     </span>
    </p>
   </div>
   <div class='ocr_carea' id='block_1_85' title="bbox 942 1947 1742 1985">
    <p class='ocr_par' dir='ltr' id='par_1_85' title="bbox 942 1947 1742 1985">
     <span class='ocr_line' id='line_1_85' title="bbox 942 1947 1742 1985; baseline 0 -9"><span class='ocrx_word' id='word_1_663' title='bbox 942 1949 1003 1977; x_wconf 90' lang='lat' dir='ltr'><strong>illos</strong></span> <span class='ocrx_word' id='word_1_664' title='bbox 1020 1949 1097 1985; x_wconf 82' lang='lat' dir='ltr'><strong>juxta</strong></span> <span class='ocrx_word' id='word_1_665' title='bbox 1112 1948 1225 1984; x_wconf 86' lang='lat' dir='ltr'><strong>docens,</strong></span> <span class='ocrx_word' id='word_1_666' title='bbox 1247 1956 1282 1976; x_wconf 89' lang='lat' dir='ltr'><strong>ne</strong></span> <span class='ocrx_word' id='word_1_667' title='bbox 1298 1947 1458 1984; x_wconf 88' lang='lat' dir='ltr'><strong>pudeliant:</strong></span> <span class='ocrx_word' id='word_1_668' title='bbox 1477 1947 1699 1984; x_wconf 87' lang='lat' dir='ltr'><strong>quandoquidem</strong></span> <span class='ocrx_word' id='word_1_669' title='bbox 1713 1952 1742 1976; x_wconf 91' lang='lat' dir='ltr'><strong>et</strong></span> 
     </span>
    </p>
   </div>
   <div class='ocr_carea' id='block_1_86' title="bbox 941 1993 1741 2030">
    <p class='ocr_par' dir='ltr' id='par_1_86' title="bbox 941 1993 1741 2030">
     <span class='ocr_line' id='line_1_86' title="bbox 941 1993 1741 2030; baseline 0 -8"><span class='ocrx_word' id='word_1_670' title='bbox 941 1994 998 2030; x_wconf 90' lang='lat' dir='ltr'><strong>ipse</strong></span> <span class='ocrx_word' id='word_1_671' title='bbox 1011 1993 1115 2022; x_wconf 89' lang='lat' dir='ltr'><strong>nedum</strong></span> <span class='ocrx_word' id='word_1_672' title='bbox 1142 2001 1200 2022; x_wconf 92' lang='lat' dir='ltr'><strong>non</strong></span> <span class='ocrx_word' id='word_1_673' title='bbox 1224 1993 1391 2030; x_wconf 79' lang='lat' dir='ltr'><strong>pudeiiebat,</strong></span> <span class='ocrx_word' id='word_1_674' title='bbox 1408 1993 1474 2029; x_wconf 90' lang='lat' dir='ltr'><strong>quin</strong></span> <span class='ocrx_word' id='word_1_675' title='bbox 1490 1993 1582 2029; x_wconf 86' lang='lat' dir='ltr'><strong>potius</strong></span> <span class='ocrx_word' id='word_1_676' title='bbox 1595 1993 1741 2029; x_wconf 89' lang='lat' dir='ltr'><strong>pulchrum</strong></span> 
     </span>
    </p>
   </div>
   <div class='ocr_carea' id='block_1_87' title="bbox 940 2034 1745 2070">
    <p class='ocr_par' dir='ltr' id='par_1_87' title="bbox 940 2034 1745 2070">
     <span class='ocr_line' id='line_1_87' title="bbox 940 2034 1745 2070; baseline 0 -8"><span class='ocrx_word' id='word_1_677' title='bbox 940 2035 991 2063; x_wconf 86' lang='lat' dir='ltr'><strong>sibi</strong></span> <span class='ocrx_word' id='word_1_678' title='bbox 1008 2034 1131 2070; x_wconf 87' lang='lat' dir='ltr'><strong>putabat,</strong></span> <span class='ocrx_word' id='word_1_679' title='bbox 1145 2038 1172 2063; x_wconf 90' lang='lat' dir='ltr'><strong>et</strong></span> <span class='ocrx_word' id='word_1_680' title='bbox 1181 2034 1355 2070; x_wconf 84' lang='lat' dir='ltr'><strong>gloriabatur</strong></span> <span class='ocrx_word' id='word_1_681' title='bbox 1370 2042 1404 2063; x_wconf 91' lang='lat' dir='ltr'><strong>eo</strong></span> <span class='ocrx_word' id='word_1_682' title='bbox 1417 2034 1541 2062; x_wconf 88' lang='lat' dir='ltr'><strong>nomine.</strong></span> <span class='ocrx_word' id='word_1_683' title='bbox 1557 2034 1630 2069; x_wconf 88' lang='lat' dir='ltr'><strong>Quia</strong></span> <span class='ocrx_word' id='word_1_684' title='bbox 1641 2042 1705 2063; x_wconf 86' lang='lat' dir='ltr'><strong>vero</strong></span> <span class='ocrx_word' id='word_1_685' title='bbox 1717 2039 1745 2063; x_wconf 89' lang='lat' dir='ltr'><strong>et</strong></span> 
     </span>
    </p>
   </div>
   <div class='ocr_carea' id='block_1_88' title="bbox 941 2074 1743 2111">
    <p class='ocr_par' dir='ltr' id='par_1_88' title="bbox 941 2074 1743 2111">
     <span class='ocr_line' id='line_1_88' title="bbox 941 2074 1743 2111; baseline -0.001 -8"><span class='ocrx_word' id='word_1_686' title='bbox 941 2075 991 2111; x_wconf 86' lang='lat' dir='ltr'><strong>ipsi</strong></span> <span class='ocrx_word' id='word_1_687' title='bbox 1011 2075 1154 2110; x_wconf 61' lang='lat' dir='ltr'><strong>sapientia:</strong></span> <span class='ocrx_word' id='word_1_688' title='bbox 1177 2075 1287 2102; x_wconf 87' lang='lat' dir='ltr'><strong>nomine</strong></span> <span class='ocrx_word' id='word_1_689' title='bbox 1315 2074 1417 2111; x_wconf 83' lang='lat' dir='ltr'><strong>turgidi</strong></span> <span class='ocrx_word' id='word_1_690' title='bbox 1436 2078 1527 2108; x_wconf 86' lang='lat' dir='ltr'><strong>erant,</strong></span> <span class='ocrx_word' id='word_1_691' title='bbox 1550 2076 1617 2111; x_wconf 83' lang='lat' dir='ltr'><strong>Ego,</strong></span> <span class='ocrx_word' id='word_1_692' title='bbox 1642 2075 1743 2111; x_wconf 82' lang='lat' dir='ltr'><strong>inquit,</strong></span> 
     </span>
    </p>
   </div>
   <div class='ocr_carea' id='block_1_89' title="bbox 941 2115 1743 2152">
    <p class='ocr_par' dir='ltr' id='par_1_89' title="bbox 941 2115 1743 2152">
     <span class='ocr_line' id='line_1_89' title="bbox 941 2115 1743 2152; baseline 0 -8"><span class='ocrx_word' id='word_1_693' title='bbox 941 2124 1050 2144; x_wconf 86' lang='lat' dir='ltr'><strong>crucem</strong></span> <span class='ocrx_word' id='word_1_694' title='bbox 1069 2116 1122 2151; x_wconf 84' lang='grc' dir='ltr'><strong>ιο</strong></span> <span class='ocrx_word' id='word_1_695' title='bbox 1137 2115 1216 2144; x_wconf 82' lang='lat' dir='ltr'><strong>venio</strong></span> <span class='ocrx_word' id='word_1_696' title='bbox 1231 2115 1440 2151; x_wconf 63' lang='lat' dir='ltr'><strong>pradicaturus,</strong></span> <span class='ocrx_word' id='word_1_697' title='bbox 1461 2123 1513 2143; x_wconf 87' lang='lat' dir='ltr'><strong>nec</strong></span> <span class='ocrx_word' id='word_1_698' title='bbox 1533 2120 1675 2152; x_wconf 85' lang='lat' dir='ltr'><strong>propterea</strong></span> <span class='ocrx_word' id='word_1_699' title='bbox 1691 2124 1743 2152; x_wconf 89' lang='lat' dir='ltr'><strong>pu-</strong></span> 
     </span>
    </p>
   </div>
   <div class='ocr_carea' id='block_1_90' title="bbox 940 2160 1742 2193">
    <p class='ocr_par' dir='ltr' id='par_1_90' title="bbox 940 2160 1742 2193">
     <span class='ocr_line' id='line_1_90' title="bbox 940 2160 1742 2193; baseline 0 -5"><span class='ocrx_word' id='word_1_700' title='bbox 940 2161 1008 2189; x_wconf 90' lang='lat' dir='ltr'><strong>dore</strong></span> <span class='ocrx_word' id='word_1_701' title='bbox 1020 2160 1165 2189; x_wconf 75' lang='lat' dir='ltr'><strong>suffundor</strong></span> <span class='ocrx_word' id='word_1_702' title='bbox 1181 2169 1189 2188; x_wconf 86' lang='lat'><strong>:</strong></span> <span class='ocrx_word' id='word_1_703' title='bbox 1205 2168 1282 2193; x_wconf 88' lang='lat' dir='ltr'><strong>nam,</strong></span> <span class='ocrx_word' id='word_1_704' title='bbox 1300 2172 1313 2185; x_wconf 70' lang='grc' dir='ltr'><strong>ν</strong></span> <span class='ocrx_word' id='word_1_705' title='bbox 1325 2161 1417 2189; x_wconf 77' lang='lat' dir='ltr'><strong>Virtus</strong></span> <span class='ocrx_word' id='word_1_706' title='bbox 1430 2161 1477 2188; x_wconf 90' lang='lat' dir='ltr'><strong>Dei</strong></span> <span class='ocrx_word' id='word_1_707' title='bbox 1491 2165 1533 2188; x_wconf 90' lang='lat' dir='ltr'><strong>est</strong></span> <span class='ocrx_word' id='word_1_708' title='bbox 1546 2161 1576 2188; x_wconf 91' lang='lat' dir='ltr'><strong>in</strong></span> <span class='ocrx_word' id='word_1_709' title='bbox 1587 2161 1716 2189; x_wconf 87' lang='lat' dir='ltr'><strong>salutem.</strong></span> <span class='ocrx_word' id='word_1_710' title='bbox 1730 2173 1742 2184; x_wconf 78' lang='grc' dir='ltr'><strong>ιι</strong></span> 
     </span>
    </p>
   </div>
   <div class='ocr_carea' id='block_1_91' title="bbox 940 2205 1742 2242">
    <p class='ocr_par' dir='ltr' id='par_1_91' title="bbox 940 2205 1742 2242">
     <span class='ocr_line' id='line_1_91' title="bbox 940 2205 1742 2242; baseline -0.001 -8"><span class='ocrx_word' id='word_1_711' title='bbox 940 2207 990 2234; x_wconf 86' lang='lat' dir='ltr'><strong>Est</strong></span> <span class='ocrx_word' id='word_1_712' title='bbox 1004 2206 1086 2234; x_wconf 85' lang='lat' dir='ltr'><strong>etiam</strong></span> <span class='ocrx_word' id='word_1_713' title='bbox 1098 2206 1183 2233; x_wconf 88' lang='lat' dir='ltr'><strong>virtus</strong></span> <span class='ocrx_word' id='word_1_714' title='bbox 1195 2206 1261 2238; x_wconf 87' lang='lat' dir='ltr'><strong>(sive</strong></span> <span class='ocrx_word' id='word_1_715' title='bbox 1275 2206 1405 2242; x_wconf 85' lang='lat' dir='ltr'><strong>potentia,</strong></span> <span class='ocrx_word' id='word_1_716' title='bbox 1414 2206 1447 2233; x_wconf 87' lang='lat' dir='ltr'><strong>ad</strong></span> <span class='ocrx_word' id='word_1_717' title='bbox 1460 2205 1742 2242; x_wconf 81' lang='lat' dir='ltr'><strong>punitionem,quem-</strong></span> 
     </span>
    </p>
   </div>
   <div class='ocr_carea' id='block_1_92' title="bbox 940 2250 1743 2287">
    <p class='ocr_par' dir='ltr' id='par_1_92' title="bbox 940 2250 1743 2287">
     <span class='ocr_line' id='line_1_92' title="bbox 940 2250 1743 2287; baseline -0.001 -8"><span class='ocrx_word' id='word_1_718' title='bbox 940 2251 1089 2279; x_wconf 91' lang='lat' dir='ltr'><strong>admodum</strong></span> <span class='ocrx_word' id='word_1_719' title='bbox 1102 2250 1237 2287; x_wconf 70' lang='lat' dir='ltr'><strong>Egyptiis</strong></span> <span class='ocrx_word' id='word_1_720' title='bbox 1256 2258 1335 2278; x_wconf 91' lang='lat' dir='ltr'><strong>suam</strong></span> <span class='ocrx_word' id='word_1_721' title='bbox 1359 2251 1435 2278; x_wconf 86' lang='lat' dir='ltr'><strong>Deus</strong></span> <span class='ocrx_word' id='word_1_722' title='bbox 1451 2251 1607 2286; x_wconf 82' lang='lat' dir='ltr'><strong>potentiam</strong></span> <span class='ocrx_word' id='word_1_723' title='bbox 1627 2250 1743 2278; x_wconf 87' lang='lat' dir='ltr'><strong>demon—</strong></span> 
     </span>
    </p>
   </div>
   <div class='ocr_carea' id='block_1_93' title="bbox 939 2294 1742 2332">
    <p class='ocr_par' dir='ltr' id='par_1_93' title="bbox 939 2294 1742 2332">
     <span class='ocr_line' id='line_1_93' title="bbox 939 2294 1742 2332; baseline -0.001 -9"><span class='ocrx_word' id='word_1_724' title='bbox 939 2296 1054 2328; x_wconf 87' lang='lat' dir='ltr'><strong>strabat,</strong></span> <span class='ocrx_word' id='word_1_725' title='bbox 1068 2296 1142 2331; x_wconf 87' lang='lat' dir='ltr'><strong>ipsos</strong></span> <span class='ocrx_word' id='word_1_726' title='bbox 1158 2303 1238 2332; x_wconf 88' lang='lat' dir='ltr'><strong>pcena</strong></span> <span class='ocrx_word' id='word_1_727' title='bbox 1252 2294 1385 2323; x_wconf 76' lang='lat' dir='ltr'><strong>alliciens.</strong></span> <span class='ocrx_word' id='word_1_728' title='bbox 1401 2296 1450 2323; x_wconf 85' lang='lat' dir='ltr'><strong>Est</strong></span> <span class='ocrx_word' id='word_1_729' title='bbox 1463 2299 1594 2331; x_wconf 78' lang='lat' dir='ltr'><strong>praeterea</strong></span> <span class='ocrx_word' id='word_1_730' title='bbox 1607 2299 1635 2323; x_wconf 86' lang='lat' dir='ltr'><strong>et</strong></span> <span class='ocrx_word' id='word_1_731' title='bbox 1648 2295 1681 2323; x_wconf 91' lang='lat' dir='ltr'><strong>ad</strong></span> <span class='ocrx_word' id='word_1_732' title='bbox 1696 2295 1742 2323; x_wconf 92' lang='lat' dir='ltr'><strong>in-</strong></span> 
     </span>
    </p>
   </div>
   <div class='ocr_carea' id='block_1_94' title="bbox 92 2331 885 2377">
    <p class='ocr_par' dir='ltr' id='par_1_94' title="bbox 92 2336 880 2377">
     <span class='ocr_line' id='line_1_94' title="bbox 92 2336 880 2377; baseline 0 -11"><span class='ocrx_word' id='word_1_733' title='bbox 92 2349 106 2364; x_wconf 77' lang='lat' dir='ltr'><strong>u</strong></span> <span class='ocrx_word' id='word_1_734' title='bbox 119 2336 265 2373; x_wconf 82' lang='grc' dir='ltr'>Φοϐήθητε</span> <span class='ocrx_word' id='word_1_735' title='bbox 280 2336 324 2365; x_wconf 83' lang='grc' dir='ltr'><strong>τὸν</strong></span> <span class='ocrx_word' id='word_1_736' title='bbox 341 2337 484 2375; x_wconf 74' lang='grc' dir='ltr'>δυνάμενον</span> <span class='ocrx_word' id='word_1_737' title='bbox 500 2337 630 2366; x_wconf 82' lang='grc' dir='ltr'>ἀπολέσαι</span> <span class='ocrx_word' id='word_1_738' title='bbox 652 2338 678 2366; x_wconf 83' lang='grc' dir='ltr'><strong>ἐν</strong></span> <span class='ocrx_word' id='word_1_739' title='bbox 695 2337 797 2377; x_wconf 86' lang='grc' dir='ltr'>γεέννῃ.</span> <span class='ocrx_word' id='word_1_740' title='bbox 812 2351 824 2363; x_wconf 73' lang='grc' dir='ltr'><strong><em>ι</em></strong></span> <span class='ocrx_word' id='word_1_741' title='bbox 851 2336 880 2366; x_wconf 73' lang='grc' dir='ltr'>Ἃ</span> 
     </span>
    </p>
   </div>
   <div class='ocr_carea' id='block_1_95' title="bbox 957 2331 1743 2377">
    <p class='ocr_par' dir='ltr' id='par_1_95' title="bbox 957 2340 1743 2376">
     <span class='ocr_line' id='line_1_95' title="bbox 957 2340 1743 2376; baseline 0 -8"><span class='ocrx_word' id='word_1_742' title='bbox 957 2341 1065 2374; x_wconf 83' lang='lat' dir='ltr'><strong>eritum,</strong></span> <span class='ocrx_word' id='word_1_743' title='bbox 1084 2345 1114 2368; x_wconf 90' lang='lat' dir='ltr'><strong>ut</strong></span> <span class='ocrx_word' id='word_1_744' title='bbox 1127 2348 1191 2368; x_wconf 89' lang='lat' dir='ltr'><strong>cum</strong></span> <span class='ocrx_word' id='word_1_745' title='bbox 1206 2340 1245 2368; x_wconf 91' lang='lat' dir='ltr'><strong>ait</strong></span> <span class='ocrx_word' id='word_1_746' title='bbox 1261 2350 1267 2367; x_wconf 86' lang='lat'><strong><em>:</em></strong></span> <span class='ocrx_word' id='word_1_747' title='bbox 1281 2350 1295 2366; x_wconf 84' lang='grc'><strong>‹‹</strong></span> <span class='ocrx_word' id='word_1_748' title='bbox 1310 2341 1418 2368; x_wconf 87' lang='lat' dir='ltr'><strong>Timete</strong></span> <span class='ocrx_word' id='word_1_749' title='bbox 1434 2347 1508 2373; x_wconf 88' lang='lat' dir='ltr'><strong>eum,</strong></span> <span class='ocrx_word' id='word_1_750' title='bbox 1519 2340 1565 2376; x_wconf 88' lang='lat' dir='ltr'><strong>qui</strong></span> <span class='ocrx_word' id='word_1_751' title='bbox 1581 2344 1671 2376; x_wconf 81' lang='lat' dir='ltr'><strong>potest</strong></span> <span class='ocrx_word' id='word_1_752' title='bbox 1683 2348 1743 2376; x_wconf 87' lang='lat' dir='ltr'><strong>per-</strong></span> 
     </span>
    </p>
   </div>
   <div class='ocr_carea' id='block_1_96' title="bbox 88 2381 884 2421">
    <p class='ocr_par' dir='ltr' id='par_1_96' title="bbox 88 2381 884 2421">
     <span class='ocr_line' id='line_1_96' title="bbox 88 2381 884 2421; baseline 0.001 -11"><span class='ocrx_word' id='word_1_753' title='bbox 88 2381 171 2411; x_wconf 84' lang='grc' dir='ltr'>τοίνυν</span> <span class='ocrx_word' id='word_1_754' title='bbox 187 2381 240 2420; x_wconf 81' lang='grc' dir='ltr'><strong>ἐγὼ</strong></span> <span class='ocrx_word' id='word_1_755' title='bbox 259 2383 272 2410; x_wconf 79' lang='grc' dir='ltr'><strong>ὁ</strong></span> <span class='ocrx_word' id='word_1_756' title='bbox 289 2382 396 2414; x_wconf 72' lang='grc' dir='ltr'>Παῦλος</span> <span class='ocrx_word' id='word_1_757' title='bbox 419 2381 557 2421; x_wconf 80' lang='grc' dir='ltr'>κηρύττω,</span> <span class='ocrx_word' id='word_1_758' title='bbox 574 2383 603 2411; x_wconf 84' lang='grc' dir='ltr'><strong>οὐ</strong></span> <span class='ocrx_word' id='word_1_759' title='bbox 629 2381 738 2410; x_wconf 81' lang='grc' dir='ltr'>κόλασιν</span> <span class='ocrx_word' id='word_1_760' title='bbox 763 2381 808 2410; x_wconf 77' lang='grc' dir='ltr'>καὶ</span> <span class='ocrx_word' id='word_1_761' title='bbox 832 2382 884 2411; x_wconf 82' lang='grc' dir='ltr'>οἷπ-</span> 
     </span>
    </p>
   </div>
   <div class='ocr_carea' id='block_1_97' title="bbox 89 2426 883 2466">
    <p class='ocr_par' dir='ltr' id='par_1_97' title="bbox 89 2426 883 2466">
     <span class='ocr_line' id='line_1_97' title="bbox 89 2426 883 2466; baseline 0 -11"><span class='ocrx_word' id='word_1_762' title='bbox 89 2426 182 2456; x_wconf 87' lang='grc' dir='ltr'>ώλειαν</span> <span class='ocrx_word' id='word_1_763' title='bbox 195 2428 322 2466; x_wconf 78' lang='grc' dir='ltr'>περιέχει,</span> <span class='ocrx_word' id='word_1_764' title='bbox 339 2426 407 2455; x_wconf 75' lang='grc' dir='ltr'>ἀλλὰ</span> <span class='ocrx_word' id='word_1_765' title='bbox 420 2426 564 2466; x_wconf 81' lang='grc' dir='ltr'>σωτηρίαν.</span> <span class='ocrx_word' id='word_1_766' title='bbox 580 2426 640 2456; x_wconf 85' lang='grc' dir='ltr'>Τίνι</span> <span class='ocrx_word' id='word_1_767' title='bbox 654 2426 698 2462; x_wconf 67' lang='lat' dir='ltr'><strong>Si;</strong></span> <span class='ocrx_word' id='word_1_768' title='bbox 715 2438 728 2454; x_wconf 78' lang='grc' dir='ltr'><strong>α</strong></span> <span class='ocrx_word' id='word_1_769' title='bbox 744 2426 831 2456; x_wconf 83' lang='grc' dir='ltr'>Παντὶ</span> <span class='ocrx_word' id='word_1_770' title='bbox 846 2427 883 2466; x_wconf 83' lang='grc' dir='ltr'><strong>τῷ</strong></span> 
     </span>
    </p>
   </div>
   <div class='ocr_carea' id='block_1_98' title="bbox 89 2470 883 2511">
    <p class='ocr_par' dir='ltr' id='par_1_98' title="bbox 89 2470 883 2511">
     <span class='ocr_line' id='line_1_98' title="bbox 89 2470 883 2511; baseline 0 -11"><span class='ocrx_word' id='word_1_771' title='bbox 89 2471 246 2501; x_wconf 86' lang='grc' dir='ltr'>πιστεύοντι.</span> <span class='ocrx_word' id='word_1_772' title='bbox 261 2485 272 2497; x_wconf 78' lang='grc' dir='ltr'><strong><em>ι</em></strong></span> <span class='ocrx_word' id='word_1_773' title='bbox 286 2473 327 2501; x_wconf 77' lang='grc' dir='ltr'><strong>Οὐ</strong></span> <span class='ocrx_word' id='word_1_774' title='bbox 339 2470 390 2510; x_wconf 71' lang='grc' dir='ltr'>γὰρ</span> <span class='ocrx_word' id='word_1_775' title='bbox 406 2471 498 2504; x_wconf 77' lang='grc' dir='ltr'>ἁπλῶς</span> <span class='ocrx_word' id='word_1_776' title='bbox 510 2471 590 2501; x_wconf 79' lang='grc' dir='ltr'>πᾶσίν</span> <span class='ocrx_word' id='word_1_777' title='bbox 604 2472 675 2500; x_wconf 83' lang='grc' dir='ltr'>ἐστιν</span> <span class='ocrx_word' id='word_1_778' title='bbox 697 2471 732 2505; x_wconf 79' lang='grc' dir='ltr'><strong>εἰς</strong></span> <span class='ocrx_word' id='word_1_779' title='bbox 748 2470 883 2511; x_wconf 73' lang='grc' dir='ltr'>σωτηρίαν</span> 
     </span>
    </p>
   </div>
   <div class='ocr_carea' id='block_1_99' title="bbox 89 2516 726 2556">
    <p class='ocr_par' dir='ltr' id='par_1_99' title="bbox 89 2516 726 2556">
     <span class='ocr_line' id='line_1_99' title="bbox 89 2516 726 2556; baseline 0.002 -11"><span class='ocrx_word' id='word_1_780' title='bbox 89 2516 117 2545; x_wconf 72' lang='grc' dir='ltr'>τὸ</span> <span class='ocrx_word' id='word_1_781' title='bbox 132 2516 295 2556; x_wconf 84' lang='grc' dir='ltr'>Εὖαγγέλιον</span> <span class='ocrx_word' id='word_1_782' title='bbox 306 2539 314 2553; x_wconf 87' lang='lat'><strong>,</strong></span> <span class='ocrx_word' id='word_1_783' title='bbox 331 2516 400 2546; x_wconf 74' lang='grc' dir='ltr'>ἀλλὰ</span> <span class='ocrx_word' id='word_1_784' title='bbox 419 2520 472 2549; x_wconf 86' lang='grc' dir='ltr'>τοῖς</span> <span class='ocrx_word' id='word_1_785' title='bbox 488 2516 726 2556; x_wconf 80' lang='grc' dir='ltr'>παραδεχομένοις.</span> 
     </span>
    </p>
   </div>
   <div class='ocr_carea' id='block_1_100' title="bbox 127 2605 881 2646">
    <p class='ocr_par' dir='ltr' id='par_1_100' title="bbox 127 2605 881 2646">
     <span class='ocr_line' id='line_1_100' title="bbox 127 2605 881 2646; baseline -0.003 -10"><span class='ocrx_word' id='word_1_786' title='bbox 127 2620 138 2633; x_wconf 77' lang='grc' dir='ltr'>ι</span> <span class='ocrx_word' id='word_1_787' title='bbox 152 2606 273 2646; x_wconf 85' lang='grc' dir='ltr'>Ἰουδαίῳ</span> <span class='ocrx_word' id='word_1_788' title='bbox 282 2617 312 2635; x_wconf 85' lang='grc' dir='ltr'><strong>τι</strong></span> <span class='ocrx_word' id='word_1_789' title='bbox 319 2607 422 2646; x_wconf 81' lang='grc' dir='ltr'>πρῶτον</span> <span class='ocrx_word' id='word_1_790' title='bbox 434 2607 481 2636; x_wconf 86' lang='grc' dir='ltr'>καὶ</span> <span class='ocrx_word' id='word_1_791' title='bbox 491 2605 617 2642; x_wconf 62' lang='lat' dir='ltr'><strong>&quot;sum...</strong></span> <span class='ocrx_word' id='word_1_792' title='bbox 632 2619 645 2633; x_wconf 66' lang='grc' dir='ltr'><strong>η</strong></span> <span class='ocrx_word' id='word_1_793' title='bbox 655 2606 704 2643; x_wconf 84' lang='grc' dir='ltr'><strong>Τὸ,</strong></span> <span class='ocrx_word' id='word_1_794' title='bbox 715 2619 727 2633; x_wconf 71' lang='grc' dir='ltr'><strong>α</strong></span> <span class='ocrx_word' id='word_1_795' title='bbox 742 2607 861 2645; x_wconf 79' lang='grc' dir='ltr'>Πρῶτον,</span> <span class='ocrx_word' id='word_1_796' title='bbox 869 2619 881 2631; x_wconf 75' lang='grc' dir='ltr'>ιν</span> 
     </span>
    </p>
   </div>
   <div class='ocr_carea' id='block_1_101' title="bbox 92 2650 878 2692">
    <p class='ocr_par' dir='ltr' id='par_1_101' title="bbox 92 2650 878 2692">
     <span class='ocr_line' id='line_1_101' title="bbox 92 2650 878 2692; baseline -0.001 -12"><span class='ocrx_word' id='word_1_797' title='bbox 92 2653 198 2682; x_wconf 76' lang='grc' dir='ltr'>ἐνταῦθα</span> <span class='ocrx_word' id='word_1_798' title='bbox 210 2674 218 2688; x_wconf 88' lang='grc'><strong><em>,</em></strong></span> <span class='ocrx_word' id='word_1_799' title='bbox 241 2650 339 2686; x_wconf 79' lang='grc' dir='ltr'>τάξεώς</span> <span class='ocrx_word' id='word_1_800' title='bbox 353 2652 409 2681; x_wconf 78' lang='grc' dir='ltr'>ἐστι</span> <span class='ocrx_word' id='word_1_801' title='bbox 423 2651 505 2690; x_wconf 87' lang='grc' dir='ltr'>τιμὴ,</span> <span class='ocrx_word' id='word_1_802' title='bbox 525 2653 553 2681; x_wconf 83' lang='grc' dir='ltr'>οὔ</span> <span class='ocrx_word' id='word_1_803' title='bbox 574 2651 681 2692; x_wconf 75' lang='grc' dir='ltr'>χάριτος</span> <span class='ocrx_word' id='word_1_804' title='bbox 702 2651 878 2690; x_wconf 85' lang='grc' dir='ltr'>πλεονασμός.</span> 
     </span>
    </p>
   </div>
   <div class='ocr_carea' id='block_1_102' title="bbox 123 2731 652 2766">
    <p class='ocr_par' dir='ltr' id='par_1_102' title="bbox 123 2731 652 2766">
     <span class='ocr_line' id='line_1_102' title="bbox 123 2731 652 2766; baseline 0 -6"><span class='ocrx_word' id='word_1_805' title='bbox 123 2733 134 2747; x_wconf 85' lang='grc'>⁰</span> <span class='ocrx_word' id='word_1_806' title='bbox 147 2733 158 2760; x_wconf 91' lang='lat' dir='ltr'><strong>I</strong></span> <span class='ocrx_word' id='word_1_807' title='bbox 173 2732 238 2760; x_wconf 90' lang='lat' dir='ltr'><strong>Cor.</strong></span> <span class='ocrx_word' id='word_1_808' title='bbox 258 2739 303 2766; x_wconf 68' lang='grc' dir='ltr'><strong>ιχ,</strong></span> <span class='ocrx_word' id='word_1_809' title='bbox 327 2735 369 2760; x_wconf 83' lang='grc'><strong>16.</strong></span> <span class='ocrx_word' id='word_1_810' title='bbox 421 2736 434 2753; x_wconf 78' lang='grc' dir='ltr'><strong>ν</strong></span> <span class='ocrx_word' id='word_1_811' title='bbox 447 2731 545 2760; x_wconf 82' lang='lat' dir='ltr'><strong>Matth.</strong></span> <span class='ocrx_word' id='word_1_812' title='bbox 560 2739 592 2766; x_wconf 70' lang='grc' dir='ltr'><strong>ι,</strong></span> <span class='ocrx_word' id='word_1_813' title='bbox 608 2734 652 2760; x_wconf 82' lang='grc'><strong>28.</strong></span> 
     </span>
    </p>
   </div>
   <div class='ocr_carea' id='block_1_103' title="bbox 941 2385 1742 2422">
    <p class='ocr_par' dir='ltr' id='par_1_103' title="bbox 941 2385 1742 2422">
     <span class='ocr_line' id='line_1_103' title="bbox 941 2385 1742 2422; baseline -0.001 -8"><span class='ocrx_word' id='word_1_814' title='bbox 941 2385 1007 2414; x_wconf 90' lang='lat' dir='ltr'><strong>dere</strong></span> <span class='ocrx_word' id='word_1_815' title='bbox 1017 2385 1043 2413; x_wconf 93' lang='lat' dir='ltr'><strong>in</strong></span> <span class='ocrx_word' id='word_1_816' title='bbox 1050 2385 1172 2422; x_wconf 84' lang='lat' dir='ltr'><strong>gehenna</strong></span> <span class='ocrx_word' id='word_1_817' title='bbox 1192 2390 1213 2412; x_wconf 69' lang='grc' dir='ltr'><strong>Ρ.</strong></span> <span class='ocrx_word' id='word_1_818' title='bbox 1230 2395 1244 2411; x_wconf 85' lang='grc'><strong>)›</strong></span> <span class='ocrx_word' id='word_1_819' title='bbox 1262 2385 1330 2420; x_wconf 58' lang='lat' dir='ltr'><strong>Quae</strong></span> <span class='ocrx_word' id='word_1_820' title='bbox 1341 2385 1424 2421; x_wconf 84' lang='lat' dir='ltr'><strong>igitur</strong></span> <span class='ocrx_word' id='word_1_821' title='bbox 1435 2392 1486 2421; x_wconf 87' lang='lat' dir='ltr'><strong>ego</strong></span> <span class='ocrx_word' id='word_1_822' title='bbox 1498 2385 1600 2413; x_wconf 88' lang='lat' dir='ltr'><strong>Paulus</strong></span> <span class='ocrx_word' id='word_1_823' title='bbox 1613 2385 1742 2420; x_wconf 70' lang='lat' dir='ltr'><strong>praedico,</strong></span> 
     </span>
    </p>
   </div>
   <div class='ocr_carea' id='block_1_104' title="bbox 937 2429 1740 2466">
    <p class='ocr_par' dir='ltr' id='par_1_104' title="bbox 937 2429 1740 2466">
     <span class='ocr_line' id='line_1_104' title="bbox 937 2429 1740 2466; baseline 0 -8"><span class='ocrx_word' id='word_1_824' title='bbox 937 2439 993 2458; x_wconf 91' lang='lat' dir='ltr'><strong>non</strong></span> <span class='ocrx_word' id='word_1_825' title='bbox 1003 2438 1112 2466; x_wconf 73' lang='lat' dir='ltr'><strong>poenam</strong></span> <span class='ocrx_word' id='word_1_826' title='bbox 1123 2437 1211 2466; x_wconf 87' lang='lat' dir='ltr'><strong>neque</strong></span> <span class='ocrx_word' id='word_1_827' title='bbox 1219 2430 1364 2458; x_wconf 89' lang='lat' dir='ltr'><strong>interitum</strong></span> <span class='ocrx_word' id='word_1_828' title='bbox 1375 2430 1529 2464; x_wconf 89' lang='lat' dir='ltr'><strong>continent,</strong></span> <span class='ocrx_word' id='word_1_829' title='bbox 1549 2429 1598 2458; x_wconf 89' lang='lat' dir='ltr'><strong>sed</strong></span> <span class='ocrx_word' id='word_1_830' title='bbox 1611 2430 1740 2458; x_wconf 78' lang='lat' dir='ltr'><strong>salutem.</strong></span> 
     </span>
    </p>
   </div>
   <div class='ocr_carea' id='block_1_105' title="bbox 938 2474 1746 2511">
    <p class='ocr_par' dir='ltr' id='par_1_105' title="bbox 938 2474 1746 2511">
     <span class='ocr_line' id='line_1_105' title="bbox 938 2474 1746 2511; baseline -0.001 -8"><span class='ocrx_word' id='word_1_831' title='bbox 938 2476 986 2504; x_wconf 91' lang='lat' dir='ltr'><strong>Cui</strong></span> <span class='ocrx_word' id='word_1_832' title='bbox 996 2476 1110 2504; x_wconf 86' lang='lat' dir='ltr'><strong>autem?</strong></span> <span class='ocrx_word' id='word_1_833' title='bbox 1127 2487 1140 2499; x_wconf 79' lang='grc' dir='ltr'>οι</span> <span class='ocrx_word' id='word_1_834' title='bbox 1151 2475 1236 2503; x_wconf 92' lang='lat' dir='ltr'><strong>Omni</strong></span> <span class='ocrx_word' id='word_1_835' title='bbox 1251 2474 1386 2504; x_wconf 88' lang='lat' dir='ltr'><strong>credenti.</strong></span> <span class='ocrx_word' id='word_1_836' title='bbox 1404 2485 1417 2499; x_wconf 68' lang='grc' dir='ltr'><strong>ν</strong></span> <span class='ocrx_word' id='word_1_837' title='bbox 1430 2475 1492 2502; x_wconf 82' lang='grc' dir='ltr'>Νοι]</span> <span class='ocrx_word' id='word_1_838' title='bbox 1499 2475 1573 2502; x_wconf 91' lang='lat' dir='ltr'><strong>enim</strong></span> <span class='ocrx_word' id='word_1_839' title='bbox 1586 2475 1746 2511; x_wconf 78' lang='lat' dir='ltr'><strong>simpliciter</strong></span> 
     </span>
    </p>
   </div>
   <div class='ocr_carea' id='block_1_106' title="bbox 943 2519 1744 2557">
    <p class='ocr_par' dir='ltr' id='par_1_106' title="bbox 943 2519 1744 2557">
     <span class='ocr_line' id='line_1_106' title="bbox 943 2519 1744 2557; baseline -0.001 -9"><span class='ocrx_word' id='word_1_840' title='bbox 943 2521 1050 2549; x_wconf 89' lang='lat' dir='ltr'><strong>cunctis</strong></span> <span class='ocrx_word' id='word_1_841' title='bbox 1071 2520 1257 2557; x_wconf 78' lang='lat' dir='ltr'><strong>Evangelium</strong></span> <span class='ocrx_word' id='word_1_842' title='bbox 1273 2519 1346 2548; x_wconf 85' lang='lat' dir='ltr'><strong>cedit</strong></span> <span class='ocrx_word' id='word_1_843' title='bbox 1357 2519 1391 2549; x_wconf 88' lang='lat' dir='ltr'><strong>ad</strong></span> <span class='ocrx_word' id='word_1_844' title='bbox 1405 2519 1532 2554; x_wconf 82' lang='lat' dir='ltr'><strong>salutem,</strong></span> <span class='ocrx_word' id='word_1_845' title='bbox 1547 2519 1595 2548; x_wconf 89' lang='lat' dir='ltr'><strong>sed</strong></span> <span class='ocrx_word' id='word_1_846' title='bbox 1609 2519 1744 2556; x_wconf 84' lang='lat' dir='ltr'><strong>accipien-</strong></span> 
     </span>
    </p>
   </div>
   <div class='ocr_carea' id='block_1_107' title="bbox 942 2565 1105 2594">
    <p class='ocr_par' dir='ltr' id='par_1_107' title="bbox 942 2565 1105 2594">
     <span class='ocr_line' id='line_1_107' title="bbox 942 2565 1105 2594; baseline -0.012 0"><span class='ocrx_word' id='word_1_847' title='bbox 942 2565 1015 2594; x_wconf 86' lang='lat' dir='ltr'><strong>tibus</strong></span> <span class='ocrx_word' id='word_1_848' title='bbox 1030 2565 1105 2594; x_wconf 87' lang='lat' dir='ltr'><strong>illud.</strong></span> 
     </span>
    </p>
   </div>
   <div class='ocr_carea' id='block_1_108' title="bbox 975 2608 1742 2646">
    <p class='ocr_par' dir='ltr' id='par_1_108' title="bbox 975 2608 1742 2646">
     <span class='ocr_line' id='line_1_108' title="bbox 975 2608 1742 2646; baseline -0.005 -7"><span class='ocrx_word' id='word_1_849' title='bbox 975 2622 987 2635; x_wconf 78' lang='grc' dir='ltr'><strong>ιι</strong></span> <span class='ocrx_word' id='word_1_850' title='bbox 1011 2611 1108 2639; x_wconf 70' lang='lat' dir='ltr'><strong>Judmo</strong></span> <span class='ocrx_word' id='word_1_851' title='bbox 1121 2610 1253 2646; x_wconf 87' lang='lat' dir='ltr'><strong>primum,</strong></span> <span class='ocrx_word' id='word_1_852' title='bbox 1279 2614 1306 2638; x_wconf 91' lang='lat' dir='ltr'><strong>et</strong></span> <span class='ocrx_word' id='word_1_853' title='bbox 1325 2611 1433 2639; x_wconf 64' lang='lat' dir='ltr'><strong>Graeco.</strong></span> <span class='ocrx_word' id='word_1_854' title='bbox 1459 2621 1472 2634; x_wconf 71' lang='grc' dir='ltr'>ιο</span> <span class='ocrx_word' id='word_1_855' title='bbox 1493 2611 1613 2638; x_wconf 76' lang='lat' dir='ltr'><strong>Primum</strong></span> <span class='ocrx_word' id='word_1_856' title='bbox 1638 2608 1683 2636; x_wconf 87' lang='lat' dir='ltr'><strong>hic</strong></span> <span class='ocrx_word' id='word_1_857' title='bbox 1701 2612 1742 2636; x_wconf 89' lang='lat' dir='ltr'><strong>est</strong></span> 
     </span>
    </p>
   </div>
   <div class='ocr_carea' id='block_1_109' title="bbox 937 2652 1739 2692">
    <p class='ocr_par' dir='ltr' id='par_1_109' title="bbox 937 2652 1739 2692">
     <span class='ocr_line' id='line_1_109' title="bbox 937 2652 1739 2692; baseline -0.004 -9"><span class='ocrx_word' id='word_1_858' title='bbox 937 2655 1042 2684; x_wconf 90' lang='lat' dir='ltr'><strong>ordinis</strong></span> <span class='ocrx_word' id='word_1_859' title='bbox 1054 2655 1153 2690; x_wconf 89' lang='lat' dir='ltr'><strong>honos,</strong></span> <span class='ocrx_word' id='word_1_860' title='bbox 1168 2663 1226 2684; x_wconf 89' lang='lat' dir='ltr'><strong>non</strong></span> <span class='ocrx_word' id='word_1_861' title='bbox 1251 2655 1349 2692; x_wconf 66' lang='lat' dir='ltr'><strong>gratia:</strong></span> <span class='ocrx_word' id='word_1_862' title='bbox 1361 2653 1552 2683; x_wconf 83' lang='lat' dir='ltr'><strong>exuberantia.</strong></span> <span class='ocrx_word' id='word_1_863' title='bbox 1578 2654 1642 2681; x_wconf 89' lang='lat' dir='ltr'><strong>Non</strong></span> <span class='ocrx_word' id='word_1_864' title='bbox 1664 2652 1739 2680; x_wconf 89' lang='lat' dir='ltr'><strong>enim</strong></span> 
     </span>
    </p>
   </div>
   <div class='ocr_carea' id='block_1_110' title="bbox 775 2772 1043 2802">
    <p class='ocr_par' dir='ltr' id='par_1_110' title="bbox 775 2772 1043 2802">
     <span class='ocr_line' id='line_1_110' title="bbox 775 2772 1043 2802; baseline 0 -2"><span class='ocrx_word' id='word_1_865' title='bbox 775 2772 871 2802; x_wconf 62' lang='lat' dir='ltr'><strong>Varia</strong></span> <span class='ocrx_word' id='word_1_866' title='bbox 893 2772 1043 2802; x_wconf 82' lang='lat' dir='ltr'><strong>lectiones.</strong></span> 
     </span>
    </p>
   </div>
   <div class='ocr_carea' id='block_1_111' title="bbox 122 2839 771 2874">
    <p class='ocr_par' dir='ltr' id='par_1_111' title="bbox 122 2839 771 2874">
     <span class='ocr_line' id='line_1_111' title="bbox 122 2839 771 2874; baseline 0.002 -8"><span class='ocrx_word' id='word_1_867' title='bbox 122 2840 140 2857; x_wconf 86' lang='grc'><strong>²¹</strong></span> <span class='ocrx_word' id='word_1_868' title='bbox 155 2839 262 2867; x_wconf 79' lang='grc' dir='ltr'>ἐνταῦθα</span> <span class='ocrx_word' id='word_1_869' title='bbox 277 2847 304 2868; x_wconf 91' lang='lat' dir='ltr'><strong>o.</strong></span> <span class='ocrx_word' id='word_1_870' title='bbox 342 2840 364 2857; x_wconf 83' lang='grc'><strong>³²</strong></span> <span class='ocrx_word' id='word_1_871' title='bbox 378 2839 472 2871; x_wconf 75' lang='grc' dir='ltr'>ἀδοξίας</span> <span class='ocrx_word' id='word_1_872' title='bbox 484 2848 510 2868; x_wconf 91' lang='grc' dir='ltr'>ο.</span> <span class='ocrx_word' id='word_1_873' title='bbox 548 2840 570 2857; x_wconf 78' lang='grc'><strong>³³</strong></span> <span class='ocrx_word' id='word_1_874' title='bbox 585 2839 600 2873; x_wconf 85' lang='grc' dir='ltr'>ἣ</span> <span class='ocrx_word' id='word_1_875' title='bbox 613 2840 720 2874; x_wconf 76' lang='grc' dir='ltr'>σωτηρία</span> <span class='ocrx_word' id='word_1_876' title='bbox 732 2847 771 2867; x_wconf 94' lang='lat' dir='ltr'><strong>m.</strong></span> 
     </span>
    </p>
   </div>
  </div>
