1927 3076
177 163 224 190 351
677 163 936 192 THEOPHYLACTI
955 165 1133 192 BULGARIA‘I
1151 164 1307 192 ARCHIEP.

1775 157 1825 185 352

174 225 236 261 plus
250 225 333 254 habet
345 225 458 254 Judmus
486 227 547 261 (aut
569 225 757 262 praeferendus
772 229 823 260 est)
845 234 877 255 eo
898 227 972 263 quod

1037 229 1070 257 δῦ
1091 226 1142 266 γὰρ
1157 226 1237 257 πλέον
1251 228 1306 267 ἔχει
1320 230 1334 257 ὁ
1350 227 1489 263 Ἰουδαῖος,
1513 228 1538 256 ἓν
1553 229 1590 267 τῷ
1607 228 1714 265 μείζονα
1734 225 1826 255 λαϐεῖν

179 270 313 306 majorem
325 270 467 307 justitiam
481 271 617 307 acceperit
639 281 646 299 ι
661 279 756 299 verum
773 271 849 308 quod
868 273 970 307 primus

176 323 238 343 eam
253 316 398 352 acceperit,
423 316 574 344 honoratus
588 321 628 344 est
644 326 650 344 :
677 317 761 345 solius
782 317 882 345 idcirco
896 317 969 345 verbi

176 364 218 388 est
231 360 328 388 honor.

213 407 304 434 Vens.
324 409 368 434 17.
391 417 404 430 α
419 406 529 434 Iustitia
547 405 622 434 enim
644 406 690 435 Dei
705 407 734 434 in
756 406 815 442 ipso
836 407 971 435 revelatur

179 457 211 478 ex
226 450 280 478 ﬁde
300 451 328 478 in
343 450 436 484 ﬁdem,
457 451 527 478 sicut
539 451 670 487 scriptum
685 455 726 479 est
748 461 754 479 :
769 452 864 479 Justus
878 456 972 480 autem

178 502 210 523 ex
225 495 278 523 ﬁde
292 495 386 523 vivetq
397 516 404 522 .
420 507 433 520 ν
449 497 518 524 Cum
531 495 630 523 dixerit
643 496 716 532 quod
724 496 758 524 ad
771 496 886 524 salutem
901 500 973 524 esset

191 540 381 576 Evangelium,
408 540 528 576 exponit,
556 541 601 576 qui
618 540 670 568 hec
702 541 742 568 ﬁt:
768 549 866 577 nempe
898 541 974 577 quod

176 589 267 612 servet
281 593 331 613 nos
347 597 359 609 ιι
369 585 473 621 justitia
489 585 552 619 Dei,
570 597 582 610 ιι
594 593 650 614 non
662 593 727 614 sane
741 590 845 614 nostra.
857 586 973 621 Qualem

179 629 252 657 enim
260 629 395 666 justitiam
406 638 458 658 nos
470 630 636 658 haberemus
651 631 782 658 exsecrati
805 631 933 667 operibus
947 635 974 658 et

177 675 320 711 corrupti?
332 678 368 702 At
382 683 446 703 vero
455 676 530 703 Deus
542 675 702 711 justiﬁcavit
719 683 780 709 nos,
793 684 851 704 non
865 684 898 704 ex
910 684 974 711 ope-

175 720 261 753 ribus,
274 720 323 748 sed
336 728 368 748 ex
379 720 444 754 ﬁde,
470 728 531 756 quae
546 721 580 748 ad
593 720 675 748 ﬁdem
697 721 853 749 uberiorem
868 725 895 748 et
916 729 973 748 ma-

173 765 265 800 jorem
280 764 427 800 procedere
439 765 529 793 debet.
545 767 601 793 Nec
624 766 696 793 enim
717 765 782 793 satis
795 770 837 793 est
854 765 972 802 primum

177 809 334 843 credidisse.
369 809 418 838 sed
457 818 491 838 ex
527 810 724 838 introductoria
763 811 817 838 ﬁde
866 815 975 847 oportet

179 862 231 882 nos
243 854 390 883 ascendere
406 854 440 882 ad
454 855 830 890 consummatiorem‘ﬁdem,
849 855 976 883 immobi-

180 900 234 927 lem
255 907 355 935 nempe
367 903 394 927 et
417 899 527 928 ﬁrmam
549 900 655 933 sedem,
675 908 722 928 seu
736 900 951 928 stabilimentum
968 909 975 928 :
992 889 1015 920 Β

179 943 251 971 sicut
281 949 309 972 et
322 945 436 979 apostoli
449 944 577 972 dixerunt
595 945 628 973 ad
643 945 793 973 Dominum
810 955 816 972 :
834 957 847 969 α
864 945 977 982 Adauge

181 989 261 1017 nobis
275 988 361 1017 ﬁdem
380 993 400 1021 τ,
413 1001 426 1013 ν
446 989 600 1017 Conﬁrmat
609 994 703 1018 autem
721 990 795 1026 quod
809 991 855 1021 ait,
866 998 975 1026 nempe,

179 1033 254 1070 quod
279 1041 312 1062 ex
329 1034 381 1062 ﬁde
398 1034 537 1070 justificati
558 1042 699 1068 sumus,ex
724 1035 867 1070 prophetia
882 1035 975 1062 Haba-

178 1086 228 1106 cuc
244 1087 252 1106 :
273 1090 286 1103 α
302 1080 397 1107 Justus
418 1079 501 1113 enim,
517 1079 618 1115 inquit,
640 1088 673 1107 ex
689 1079 741 1107 ﬁde
767 1080 849 1108 vivet.
867 1091 880 1104 ω
905 1080 974 1107 Cum

179 1123 253 1151 enim
268 1131 299 1151 ea
314 1131 376 1159 quae
384 1123 462 1152 nobis
482 1132 528 1159 per
542 1125 661 1159 gratiam
678 1133 757 1152 suam
776 1127 850 1152 Deus
871 1124 975 1159 imper-

178 1168 232 1201 tiit,
253 1168 389 1196 humanas
410 1169 590 1205 cogitationes
615 1169 758 1203 excedant,
782 1169 880 1197 merito
896 1169 977 1197 nobis

184 1213 238 1241 ﬁde
249 1221 318 1248 opus
333 1217 384 1242 est.
404 1215 477 1242 Nam
490 1214 513 1242 si
526 1215 694 1249 cmperimus
708 1214 807 1242 curiosi
821 1214 977 1242 divinarum

184 1268 276 1288 rerum
291 1265 459 1289 scrutatores
470 1269 539 1293 esse,
553 1261 710 1290 universum
744 1261 922 1297 perdidimus.

216 1353 307 1380 Vnus.
323 1354 366 1379 18.
385 1362 395 1376 ι
409 1351 557 1379 Revelatur
570 1352 641 1379 enim
655 1351 693 1378 ira
705 1351 754 1379 Dei
767 1351 800 1379 de
810 1351 880 1379 coelo
895 1359 978 1387 super

183 1404 296 1424 omnem
308 1396 477 1431 impietatem
489 1400 518 1423 et
542 1395 719 1431 injustititam
735 1395 891 1429 hominum,
907 1396 978 1423 veri-

182 1445 269 1469 tatem
280 1441 310 1468 in
332 1441 459 1476 injustitia
474 1440 665 1468 detinentium.
686 1451 699 1465 ιι
719 1441 789 1468 Cum
810 1448 826 1468 a
849 1448 980 1468 commo-

183 1485 307 1514 dioribus
331 1493 410 1513 orsus
431 1489 512 1518 esset,
528 1484 692 1520 dixissetque
709 1484 848 1520 justitiam
865 1485 914 1512 Dei
932 1493 980 1520 per

185 1531 364 1566 Evangelium
386 1529 513 1564 revelari,
534 1537 609 1557 nunc
634 1537 664 1557 ea
682 1529 787 1565 profert
806 1537 867 1565 quae
880 1534 981 1557 terrere

184 1579 284 1610 queant
301 1583 308 1602 :
325 1575 402 1602 novit
418 1574 492 1602 enim
512 1574 587 1609 quod
602 1575 695 1610 plures
712 1578 788 1602 metu
804 1573 839 1602 ad
851 1574 979 1602 virtutem

183 1619 340 1646 trahuntur.
357 1620 439 1647 Hunc
454 1618 481 1646 in
492 1618 607 1646 modum
626 1620 700 1646 Deus
711 1619 788 1655 regni
810 1619 978 1646 mentionem

185 1663 299 1697 faciens,
312 1663 394 1691 simul
415 1663 549 1699 gehennae
569 1663 698 1691 meminit
720 1673 726 1691 :
751 1663 895 1699 Prophetas
915 1663 980 1691 item

187 1708 307 1744 primum
330 1708 401 1736 bona
417 1712 593 1744 praeponunt,
616 1707 717 1736 deinde
729 1708 800 1736 mala
819 1708 978 1745 subjiciunt.

187 1755 259 1781 Nam
278 1753 324 1781 illa
338 1752 451 1788 quidem
463 1757 527 1781 sunt
540 1753 719 1788 praecedentis
733 1757 761 1781 et
779 1754 923 1789 praecipua:
935 1761 982 1781 vo-

186 1798 299 1826 luntatis
312 1798 374 1832 Dei,
387 1797 447 1826 haec
463 1802 557 1826 autem
574 1803 677 1826 nostra:
693 1798 822 1834 ignaviae.
833 1799 982 1826 Considera

185 1847 282 1871 autem
303 1843 349 1871 hic
359 1843 489 1871 orationis
508 1843 732 1871 consecutionem
754 1853 762 1873 ς
779 1843 869 1878 Venit,
879 1843 980 1879 inquit,

188 1889 472 1924 Dominusjustitiam
483 1888 533 1916 tibi
549 1888 680 1922 afferens.
693 1896 828 1924 noxasque
840 1888 980 1916 dimissio—

185 1941 251 1962 nem
269 1944 275 1962 :
291 1933 387 1970 quaesi
402 1941 458 1962 non
477 1933 632 1967 admiseris,
645 1938 705 1961 tum
721 1933 856 1961 revelatur
874 1933 914 1961 ira
930 1933 982 1960 Dei

184 1978 219 2007 de
234 1979 315 2012 caalo,
329 1986 390 2015 quas
402 1979 530 2007 videlicet
543 1979 570 2006 in
599 1978 721 2006 secundo
737 1982 915 2013 exprometur
930 1977 982 2006 ad-

186 2028 277 2052 ventu.
290 2026 332 2051 Ac
349 2023 431 2052 hodie
452 2023 564 2059 quidem
589 2023 750 2059 experimur
762 2022 831 2049 iram
846 2023 914 2058 ejus,
929 2023 979 2057 11

185 2076 281 2096 verum
302 2068 336 2096 ad
357 2068 555 2096 correctionem
573 2077 580 2095 -.
597 2071 658 2095 tum
681 2075 745 2094 vero
759 2066 793 2095 ad
818 2067 982 2103 supplicium

186 2113 361 2141 tantumodo.
378 2115 411 2141 Et
429 2121 504 2141 nunc
526 2112 638 2148 quidem
665 2112 700 2139 ab
723 2111 883 2139 hominibus
908 2111 981 2139 vide-

186 2167 250 2186 mur
270 2159 299 2186 in
312 2158 405 2186 multis
419 2158 482 2186 lmdi
497 2162 524 2185 et
538 2157 622 2192 afﬂigi
646 2165 652 2183 :
675 2161 742 2184 tunc
758 2164 822 2184 vero
838 2156 983 2183 manifesta

186 2203 237 2231 erit
249 2211 331 2239 poena
344 2203 436 2231 divina
452 2213 465 2226 ‹ι
480 2209 563 2237 super
577 2209 686 2229 omnem
709 2201 891 2237 impietatem.
904 2212 916 2224 ι
933 2202 985 2229 Ve-

188 2255 235 2276 rus
254 2256 319 2275 sane
332 2248 422 2275 cultus
445 2250 473 2274 et
498 2246 584 2282 pietas
602 2254 658 2274 uua
674 2250 732 2274 est:
753 2245 882 2281 impietas
907 2253 982 2280 vero,

188 2292 338 2320 multiﬁda:
350 2299 412 2319 eam
422 2291 457 2319 ob
464 2299 523 2319 rem
530 2291 608 2325 dixit,
625 2291 769 2319 «Omnem
781 2290 961 2326 impietatem,
971 2301 983 2314 ι

187 2345 239 2364 ceu
263 2337 357 2364 multas
377 2336 433 2363 sint
460 2336 518 2372 eius
536 2335 610 2364 viae:
631 2347 644 2360 ιι
659 2340 687 2364 et
713 2335 876 2372 injustitiam
890 2335 985 2362 homi-

187 2381 385 2409 num.»A|iud
408 2385 450 2408 est
463 2381 600 2417 impietas,
630 2385 658 2408 et
670 2380 743 2409 aliud
771 2380 916 2416 iujustitia.
936 2380 985 2407 llla

187 2426 260 2453 enim
281 2426 310 2453 in
336 2427 438 2459 Deum,
460 2426 593 2462 injustitia
608 2433 672 2454 vero
685 2426 714 2453 in
729 2425 867 2454 homines.
888 2425 985 2453 Acilia

186 2470 297 2506 quidem
319 2471 421 2499 mentis
437 2471 464 2498 in
484 2471 668 2507 speculatione
692 2470 825 2498 versantia
847 2473 985 2506 peccatum

190 2520 242 2550 est,
259 2515 319 2544 hac
340 2524 405 2544 vero
425 2515 453 2544 id
476 2524 558 2552 opere
584 2516 774 2544 consistentis.
798 2516 888 2551 Hujus
904 2522 986 2550 porro

191 2566 259 2589 sunt
287 2561 382 2590 multa;
408 2561 524 2589 semitm.
549 2562 622 2589 Nam
649 2561 765 2597 injurius
783 2565 826 2588 est
852 2560 987 2596 quispiam

189 2607 324 2642 proximo,
344 2615 410 2635 cum
431 2607 459 2634 in
476 2606 589 2642 pecunia
619 2610 647 2634 et
667 2605 852 2640 facultatibus,
873 2609 933 2633 tum
960 2605 987 2632 in

193 2660 280 2680 uxore
303 2657 332 2680 et
347 2652 440 2689 gloria.
457 2652 574 2687 Quidam
589 2659 652 2680 vero
669 2655 804 2686 asserunt,
820 2651 905 2680 etiam
919 2652 988 2687 iniu-

239 2694 365 2722 qHabac.
379 2701 416 2728 ιι,
432 2696 458 2721 4.
499 2695 510 2709 τ
524 2694 592 2721 Luc.
609 2700 691 2727 xvn,
707 2695 733 2720 5.

1030 271 1215 308 δικαιοσύνην,
1233 273 1291 301 ἀλλ’
1309 273 1334 301 ἐν
1354 273 1392 313 τῷ
1407 275 1511 313 πρῶτον
1530 272 1612 308 αὐτὴν
1627 271 1720 300 λαϐεῖν
1732 296 1739 307 ,
1750 269 1826 299 τετί-

1029 329 1122 356 μηται·
1138 317 1256 357 ῥήματος
1271 313 1314 347 οῦν
1329 319 1386 346 ἐστι
1400 317 1464 356 τιμὴ
1477 318 1566 356 μόνον.

1070 420 1082 432 ι
1103 407 1262 444 Δικαιοσύνη
1290 407 1342 448 γὰρ
1362 408 1432 437 Θεοῦ
1455 409 1481 436 ἐν
1507 408 1578 446 αὐτῷ
1605 405 1829 435 ἀποκαλύπτεται

1029 453 1059 481 ἐκ
1074 451 1188 485 πίστεως
1205 453 1241 485 εἷς
1260 452 1365 488 πίστιν,
1388 452 1474 485 καθὼς
1497 451 1661 491 γέγραπται·
1684 449 1717 480 Ὁ
1741 449 1768 478 δὲ
1785 449 1830 478 δί’

1029 507 1104 530 καιος
1127 497 1157 525 ἐκ
1180 496 1292 530 πίστεως
1316 496 1433 532 ζήσεται.
1452 509 1468 524 ι)
1487 495 1593 532 Εἰπὼν,
1617 496 1656 525 ὅτι
1677 495 1712 527 εἷς
1731 505 1829 528 σωτη-

1030 540 1088 578 ρίαν
1113 541 1170 570 ἐστὶ
1184 541 1214 570 τὸ
1229 541 1391 580 Εὖαγγέλιον
1401 564 1409 577 ,
1434 541 1505 580 λέγει
1525 541 1571 570 καὶ
1587 542 1643 573 πῶς
1658 541 1713 568 ἐστι
1735 541 1826 569 τοῦτο.

1028 583 1094 615 ’Ότι
1120 587 1137 621 ἡ
1154 586 1305 622 δικαιοσύνη
1326 589 1373 615 τοῦ
1402 587 1473 616 Θεοῦ
1496 585 1574 620 σώζει
1603 588 1691 623 ἡμᾶς·
1720 585 1750 613 οὖ
1774 583 1830 622 γὰρ

1029 630 1156 670 ἡμετέρα.
1203 631 1287 660 Ποίαν
1309 631 1360 671 γὰρ
1383 630 1488 670 εἴχομεν
1512 631 1537 651 ³⁵
1559 629 1725 663 δικαιοσύνην
1750 630 1831 664 ἡμεῖς

1030 674 1216 714 ἐϐδελυγμένοι
1238 676 1290 710 τοῖς
1314 675 1397 715 ἔργοις
1421 676 1465 704 καὶ
1491 675 1694 716 διεφθαρμένοη
1719 674 1790 703 Ἀλλ’
1813 674 1830 700 ὁ

1029 720 1097 753 Θεὸς
1119 720 1272 750 ἐδικαίωσεν
1294 723 1378 758 ἡμᾶς,
1403 721 1450 749 οὔκ
1475 720 1503 754 ἐξ
1526 721 1622 759 ἔργων,
1647 720 1706 748 ἀλλ’
1731 719 1762 747 ἐκ
1777 717 1828 746 πί-

1030 776 1124 800 στεως,
1152 765 1210 801 ἥτις
1234 766 1269 798 εἷς
1284 765 1373 795 πίστιν
1399 765 1483 794 πλείω
1498 765 1543 794 καὶ
1568 765 1649 804 μείζω
1664 762 1827 803 προκόπτειν

1030 810 1138 848 ὀφείλει.
1165 811 1204 840 Οὖ
1227 809 1278 850 γὰρ
1299 811 1374 849 ἀρκεῖ
1398 809 1427 839 τὸ
1453 810 1564 849 πρώτως
1586 813 1745 843 πιστεῦσαι,
1765 808 1827 836 ἀλλ’

1031 856 1059 883 ἐκ
1083 856 1130 890 τῆς
1164 856 1339 894 εἷσαγωγικῆς
1362 855 1476 888 πίστεως
1507 855 1545 883 δεῖ
1573 856 1646 892 ἡμᾶς
1671 852 1828 882 ἀναϐαίνειν

1030 899 1066 932 εἷς
1105 899 1152 935 τὴν
1192 899 1352 939 τελεωτέραν
1393 900 1500 936 πίστιν,
1550 899 1597 934 τὴν
1633 899 1829 937 ἀμετάσειστον

1030 944 1132 979 δηλαδὴ
1157 944 1214 984 ,καὶ
1249 944 1359 984 βεϐαίαν
1387 944 1504 984 ἵδρυσιν,
1533 945 1598 973 καθὸ
1626 943 1672 973 καὶ
1701 945 1724 971 οἱ
1758 941 1826 971 ἀπό-

1030 990 1119 1018 στολοι
1146 983 1218 1018 εἷπον
1243 990 1307 1029 πρὸς
1331 989 1374 1018 τὸν
1403 983 1507 1028 Κύριον·
1541 1002 1555 1018 ιι
1578 989 1695 1028 Πρόσθες
1710 987 1735 1006 ³⁵
1761 989 1828 1024 ἡμῖν

1030 1033 1131 1063 πίστιν.
1150 1045 1164 1062 ι
1190 1034 1299 1063 Βεϐαιοῖ
1321 1033 1347 1063 δὲ
1367 1034 1484 1072 ὃλέγει,
1502 1034 1571 1072 φημὶ
1597 1034 1644 1070 δὲ,
1671 1033 1712 1061 ὅτι
1733 1033 1763 1060 ἐκ
1778 1030 1828 1059 πί-

1031 1089 1113 1111 στεως
1130 1078 1339 1117 ἐδικαιώθημεν,
1363 1078 1415 1107 ἀπὸ
1439 1081 1486 1114 τῆς
1505 1082 1551 1108 τοῦ
1573 1077 1729 1115 ’Λεϐαχούμ
1741 1088 1747 1093 ·
1766 1086 1781 1104 (ι
1796 1075 1830 1105 Ὀ

1031 1122 1130 1156 δίκαιος
1144 1123 1204 1163 γὰρ,
1219 1123 1312 1163 φησὶν,
1323 1125 1352 1152 ἐκ
1365 1123 1477 1157 πίστεως
1489 1124 1608 1159 ζήσεται.
1620 1133 1634 1151 n
1650 1122 1762 1155 Ἐπειδὴ
1775 1119 1830 1159 γὰρ

1031 1167 1100 1207 ἅπερ
1114 1170 1179 1203 ἡμῖν
1192 1171 1205 1198 ὁ
1222 1169 1289 1202 Θεὸς
1304 1168 1448 1208 ἐχαρίσατο
1459 1191 1467 1204 ,
1485 1168 1637 1207 ὑπερϐαίνει
1652 1167 1710 1200 τοὺς
1725 1167 1834 1206 ἀνθρω-

1031 1212 1120 1246 πίνους
1135 1212 1294 1251 λογισμοὺς,
1317 1213 1425 1246 εἰκότως
1443 1216 1490 1249 τῆς
1513 1213 1626 1245 πίστεως
1648 1213 1687 1241 δεῖ
1702 1214 1776 1249 ἡμῖν·
1794 1215 1831 1246 ὡς

1031 1258 1076 1287 ἐάν
1104 1270 1134 1296 γε
1154 1257 1293 1298 ἀρξώμεθα
1320 1259 1551 1298 περιεργάζεσθαι,
1577 1257 1607 1287 τὸ
1634 1262 1688 1286 πᾶν
1705 1257 1829 1296 *ἀπωλέ-

1031 1313 1125 1341 σαμεν.

1075 1358 1089 1375 ¢
1109 1347 1335 1377 Ἀποκαλύπτεται
1352 1348 1404 1387 γὰρ
1432 1348 1496 1389 ὀργὴ
1523 1350 1594 1379 Θεοῦ
1616 1348 1642 1366 ³⁶
1670 1347 1713 1376 ἐπὶ
1737 1351 1832 1377 πᾶσαν

1033 1391 1156 1421 ἀσέϐειαν
1185 1392 1230 1421 καὶ
1255 1392 1357 1421 ἀδικίαν
1385 1393 1528 1432 ἀνθρώπων
1558 1395 1609 1422 τῶν
1631 1393 1679 1427 τὴν
1702 1393 1833 1427 ἀλήθειαν

1032 1438 1058 1466 ἐν
1074 1437 1162 1476 ἀδικίᾳ
1178 1438 1354 1476 κατεχόντων.
1371 1451 1383 1463 ι»
1399 1437 1463 1468 Ἀπὸ
1477 1440 1529 1468 τῶν
1543 1437 1728 1478 χρῃστοτέρων
1742 1437 1768 1456 ³⁷
1781 1439 1834 1477 ἆρ-

1034 1481 1142 1520 ξοίμενος
1154 1504 1162 1518 ,
1183 1482 1228 1510 καὶ
1240 1481 1337 1520 εἰπὼν,
1350 1481 1390 1512 ὅτι
1403 1483 1554 1519 δικαιοσύνη
1569 1484 1639 1514 Θεοῦ
1651 1483 1677 1511 ἐν
1690 1484 1727 1522 τῷ
1742 1483 1835 1521 Εὔαγ-

1033 1526 1113 1566 γελίῳ
1140 1525 1375 1566 ἀποκαλύπτεται,
1404 1531 1449 1556 νῦν
1476 1527 1548 1564 λέγει
1577 1527 1622 1556 καὶ
1648 1526 1682 1556 τὰ
1714 1526 1833 1567 φοϐῆσαι

1035 1570 1178 1608 δυνάμενα·
1195 1566 1248 1600 οἶδε
1260 1571 1322 1611 γὰρ,
1334 1572 1373 1600 ὅτι
1390 1574 1413 1601 οἱ
1431 1572 1535 1605 πλείους
1550 1574 1587 1612 τῷ
1612 1571 1685 1611 φόϐῳ
1705 1566 1768 1610 πρὸς
1784 1571 1834 1606 τὴν

1035 1615 1131 1654 ἀρετὴν
1142 1615 1276 1646 ἕλκονται.
1291 1615 1372 1646 Οὕτω
1387 1616 1433 1646 καὶ
1447 1619 1460 1646 ὁ
1470 1616 1537 1649 Θεὸς
1548 1616 1616 1654 μετὰ
1631 1616 1678 1651 τὴν
1696 1615 1835 1656 βασιλείαν

1036 1660 1083 1689 καὶ
1098 1660 1125 1678 ³⁸
1138 1659 1198 1699 περὶ
1214 1660 1318 1701 γεέννης
1333 1660 1415 1701 λέγει.
1435 1661 1489 1690 Καὶ
1511 1663 1535 1690 οἱ
1549 1663 1684 1701 προφῆται
1697 1661 1731 1690 τὰ
1745 1660 1835 1699 ἀγαθὰ

1040 1704 1224 1744 προτιθέασιν,
1252 1700 1309 1734 εἶτα
1333 1706 1368 1734 τὰ
1396 1706 1487 1735 κακά’
1515 1705 1555 1734 ὅτι
1585 1707 1671 1734 ἐκεῖνα
1696 1704 1758 1744 μὲν,
1784 1707 1836 1741 τῆς

1036 1750 1237 1789 προηγουμένης
1262 1753 1307 1780 τοῦ
1333 1752 1404 1781 θεοῦ
1427 1750 1555 1790 γνώμης,
1581 1753 1664 1779 ταῦτα
1689 1750 1716 1779 δὲ
1733 1749 1771 1788 ³³,
1787 1752 1837 1785 τῆς

1037 1794 1169 1835 ἡμετέροις
1192 1794 1333 1834 ῥᾳθυμίας.
1379 1796 1481 1826 Σκόπει
1500 1796 1528 1824 δὲ
1549 1794 1597 1830 τὴν
1615 1794 1774 1824 ἀκολουθίαν
1787 1797 1837 1823 τοῦ

1036 1840 1125 1878 λόγου·
1153 1835 1259 1875 Ἶιλθε,
1288 1840 1386 1880 φησὶν,
1419 1844 1433 1869 ὸ
1460 1840 1568 1879 Κύριος,
1599 1838 1766 1875 δικαιοσύνην
1793 1851 1837 1868 σοι

1037 1884 1124 1925 φέρων
1144 1885 1189 1914 καὶ
1206 1885 1312 1924 ἄφεσιν·
1328 1884 1373 1914 ἐὰν
1397 1885 1435 1922 μὴ
1461 1884 1543 1924 δέξῃ,
1563 1885 1621 1914 τότε
1648 1883 1834 1913 ἀποκαλύπτε

1037 1941 1082 1958 ται
1097 1931 1114 1964 ἡ
1127 1929 1192 1969 ὀργὴ
1209 1932 1256 1958 τοῦ
1272 1930 1343 1959 Θεοῦ
1359 1929 1412 1958 ἀπὸ
1426 1932 1555 1970 οὐρανοῦ,
1571 1932 1588 1965 ἡ
1603 1929 1672 1959 κατὰ
1687 1928 1734 1960 τῆν
1749 1929 1838 1958 deust

1041 1985 1089 2012 ραν
1107 1974 1209 2010 δηλαδὴ
1227 1974 1385 2014 παρουσίαν.
1402 1974 1458 2004 Καὶ
1472 1977 1518 2003 νῦν
1534 1974 1581 2013 μὲν
1596 1975 1647 2013 γὰρ
1663 1973 1838 2011 ἀπολάϐομεν

1095 2036 1135 2040 —
1147 2018 1246 2057 λαύομ.
1259 2018 1270 2058 J
1285 2021 1331 2054 τῆς
1344 2020 1422 2058 ὀργῆς
1437 2020 1518 2048 αὐτοῦ
1528 2042 1536 2055 ,
1558 2019 1627 2048 ἀλλὰ
1643 2018 1707 2058 πρὸς
1722 2018 1837 2058 διόρθω-

1037 2074 1088 2092 σιν·
1107 2063 1166 2093 τότε
1183 2063 1228 2098 δὲ,
1245 2064 1308 2103 πρὸς
1332 2063 1440 2093 κόλασιν
1469 2064 1556 2100 μόνον.
1577 2064 1630 2094 Καὶ
1655 2067 1698 2092 νῦν
1718 2064 1766 2102 μὲν
1783 2063 1836 2092 ὑπὸ

1038 2108 1182 2147 ἀνθρώπων
1198 2109 1323 2146 δοκοῦμεν
1338 2109 1529 2148 ἐπηρεάζεσθαι
1555 2109 1589 2138 τὰ
1603 2109 1699 2138 πολλά·
1715 2109 1773 2137 τότε
1789 2109 1817 2137 δὲ
1827 2131 1835 2144 ,

1038 2153 1137 2192 φανερὰ
1151 2154 1168 2188 ἡ
1183 2153 1256 2192 παρὰ
1278 2155 1324 2182 τοῦ
1340 2154 1410 2183 Θεοῦ
1436 2155 1545 2186 κόλασις
1567 2167 1578 2179 α
1604 2153 1647 2183 ἐπὶ
1661 2157 1752 2182 πᾶσαν
1769 2152 1835 2182 ἆσέ-

999 2192 1024 2223 D
1039 2198 1124 2227 ϐειαν.
1141 2209 1156 2225 ι)
1174 2196 1207 2226 Ἣ
1225 2197 1272 2235 μὲν
1283 2197 1310 2218 ⁴⁰
1323 2198 1423 2234 ἀληθὴς
1444 2198 1571 2238 λατρεία,
1594 2198 1640 2228 καὶ
1657 2201 1673 2234 ἠ
1695 2197 1834 2235 εὐσέϐεια,

1040 2242 1107 2281 μία·
1127 2244 1144 2278 ἡ
1170 2242 1197 2271 δὲ
1222 2241 1347 2279 ἀσέϐεια,
1373 2244 1546 2282 πολυσχιδής·
1578 2243 1621 2272 διὰ
1652 2245 1728 2272 τοῦτο
1757 2239 1835 2279 εἷπε,

1043 2297 1058 2315 (ι
1072 2288 1168 2317 Πᾶσαν
1185 2286 1326 2323 ἀσέϐειαν,
1345 2301 1359 2315 ι)
1381 2289 1416 2320 ὡς
1431 2289 1537 2318 πολλῶν
1558 2290 1642 2317 οὐσῶν
1659 2288 1736 2317 ὁδῶν.
1753 2301 1765 2314 α
1782 2289 1836 2318 Καὶ

1039 2332 1142 2361 ἀδικίαν
1159 2331 1314 2372 ἀνθρώπων.
1340 2344 1354 2361 ››
1373 2331 1453 2362 Ἄλλο
1469 2333 1594 2368 ἀσέϐεια,
1619 2333 1664 2361 καὶ
1688 2332 1754 2362 ἄλλο
1770 2334 1837 2362 ἀδι-

1038 2376 1092 2405 κία·
1109 2380 1126 2412 ἡ
1148 2377 1195 2415 μὲν
1212 2377 1278 2417 γὰρ,
1300 2378 1335 2411 εἷς
1351 2377 1429 2407 Θεόν·
1454 2380 1471 2414 ἡ
1497 2377 1524 2406 δὲ
1541 2377 1648 2415 ἀδικία,
1671 2379 1706 2411 εἷς
1730 2377 1837 2418 ἀνθρώ-

1038 2433 1117 2455 πους·
1145 2422 1191 2451 καὶ
1219 2424 1236 2457 ἡ
1264 2422 1328 2460 μὲν,
1355 2425 1399 2451 τοῦ
1428 2425 1588 2461 θεωρητικοῦ
1617 2422 1788 2462 ἁμάρτημα*
1818 2425 1835 2458 ἡ

1039 2466 1084 2501 δὲ,
1100 2469 1145 2496 τοῦ
1171 2469 1327 2506 πρακτικοῦ.
1354 2466 1457 2495 Πολλαὶ
1477 2466 1504 2495 δὲ
1529 2466 1574 2496 καὶ
1595 2468 1622 2495 αἱ
1644 2466 1742 2502 ταύτης
1765 2467 1836 2496 ὁδοί·

1040 2511 1124 2539 ἀδικεῖ
1136 2511 1188 2550 γάρ
1213 2523 1252 2545 τις
1281 2511 1325 2540 τὸν
1353 2511 1466 2546 πλησίον
1492 2511 1537 2540 καὶ
1567 2513 1592 2540 ἐν
1621 2510 1760 2551 χρήμασι,
1789 2512 1836 2541 καὶ

1041 2556 1067 2584 ἐν
1089 2555 1210 2595 γυναικὶ,
1233 2555 1278 2584 καὶ
1300 2557 1326 2584 ἐν
1351 2556 1424 2596 δόξῃ.
1469 2555 1546 2590 Τινὲς
1574 2555 1602 2585 δέ
1625 2568 1705 2596 φασιν
1723 2555 1764 2585 ὅτι
1790 2556 1837 2585 καὶ

1041 2602 1089 2637 τὴν
1110 2600 1213 2630 ἀδικίαν
1242 2601 1303 2640 περὶ
1332 2601 1472 2640 δογμάτων
1498 2601 1584 2637 ἔθηκε.
1638 2601 1675 2631 Τί
1701 2600 1729 2630 δέ
1759 2602 1836 2637 ἐστι,

1046 2658 1060 2675 (ι
1073 2648 1135 2676 Τῶν
1149 2644 1197 2681 τὴν
1213 2645 1336 2681 ἀλήθειαν
1351 2647 1378 2675 ἐν
1394 2645 1483 2687 ἀδικίᾳ
1496 2646 1662 2686 κατεχόντων
1672 2669 1681 2684 ,
1697 2656 1712 2674 ο
1732 2646 1814 2675 ἄκουε
1825 2657 1833 2664 ·

884 2730 978 2759 Varias
1000 2729 1153 2758 lectiones.

224 2779 245 2796 ³⁸
260 2779 354 2815 ἔχομεν
368 2787 406 2807 m.

188 2820 233 2856 μὲν
244 2820 293 2856 γὰρ
307 2829 344 2848 m.

447 2779 469 2797 ³⁵
482 2779 571 2815 πρόθες
585 2786 624 2807 m.

663 2778 685 2796 ³⁸
698 2777 764 2805 Θεοῦ
781 2778 824 2806 ἀπ’
839 2778 944 2814 οὐρανοῦ
961 2786 1000 2806 m.

1037 2777 1060 2794 ³⁷
1073 2777 1130 2812 γάρ.
1169 2777 1193 2795 ³⁸
1215 2779 1258 2810 τῆς
1274 2777 1401 2812 βασιλείας
1419 2785 1446 2805 ο.
1484 2776 1507 2794 ⁸⁸
1521 2777 1551 2802 τὰ
1564 2776 1689 2803 ἀκόλουθα
1711 2784 1748 2804 m.
1788 2776 1809 2792 ⁸⁰
1824 2777 1839 2810 ἢ
