1927 3076
93 176 150 202 3'53

576 174 748 202 EXPOSITIO
768 173 799 201 ΙΝ
819 172 925 201 EPIST.
951 173 996 201 Al)
1015 173 1098 202 ROM.
1119 189 1154 194 —
1174 174 1250 202 CAP.
1271 174 1291 201 l.

1700 175 1752 203 354

91 236 129 267 Ἦ
144 236 272 273 ἀλήθεια,
300 237 359 273 ἤτοι
374 239 391 272 ἡ
406 237 466 276 περὶ
487 239 558 268 Θεοῦ
582 237 703 275 γνῶσις,’
716 237 769 270 τοῖς
791 235 894 275 ἀνθρώ-

962 235 1051 263 titiam
1070 235 1104 264 de
1121 235 1296 272 dogmatibus
1312 236 1357 264 hic
1377 237 1506 272 positam.
1525 237 1600 272 Quid
1622 245 1687 266 vero
1714 238 1752 266 sit

93 293 153 314 ποις
168 281 276 316 ἔνετέθη
291 281 318 315 ἐξ
339 284 434 321 ἀρχῆς.
450 281 559 317 Ταύτην
571 282 620 317 τὴν
643 280 768 316 ἀλήθειαν
785 280 830 310 καὶ
847 280 895 316 τὴν

91 329 192 363 γνῶσιν
208 327 233 355 οἳ
249 325 383 362 Ἕλληνες
408 327 435 355 ἐν
451 327 542 366 ἀδικίᾳ
572 326 718 366 κατέσχον,
742 325 895 360 τουτέστιν,

91 371 229 406 ἠδίκησαν
255 371 288 400 τὸ
311 371 371 401 ὅσον
399 371 441 400 ἐπ’
466 371 571 407 αὐτοῖς,
598 370 716 403 εἰδώλοις
748 369 897 409 περιθέντες

93 416 142 450 τὴν
158 415 237 449 δόξαν
249 418 294 444 τοῦ
311 416 392 446 Θεοῦ.
432 414 542 456 Ὠσπερ
557 416 602 445 καὶ
617 417 632 444 δ
644 415 775 456 χρήματα
791 413 894 450 λαϐὼν’

91 460 163 490 ὥστε
182 463 219 493 εἰς
234 460 281 496 τὴν
298 463 343 490 τοῦ
368 460 499 499 βασιλέως
521 460 598 494 δόξαν
624 461 764 489 ἀναλῶσαι
776 483 784 496 ,
803 458 836 488 ἂν
861 460 898 491 εἰς

94 506 200 545 λῃστὰς
221 505 363 546 δαπανήσῃ
375 508 461 534 ταῦτα
476 506 521 534 καὶ
536 505 651 544 πόρνας,
669 504 776 545 λεχθείη
793 503 824 532 ἂν
842 504 898 546 ἃδέ-

93 543 179 585 κῆσαι
197 551 247 586 τὴν
263 553 309 580 τοῦ
326 543 457 590 βασιλέως
480 543 577 584 δόξανξ
591 550 643 580 Καὶ
664 551 687 579 οἱ
700 543 841 584 ἺθΕλληνες
854 543 899 577 οὖν

95 596 122 623 ἔν
150 595 244 635 ἀδικίᾳ
273 595 419 635 κατέσχον,
450 595 589 631 τουτέστι,
612 595 822 635 κατεκάλυψαν,
852 593 898 622 καὶ

93 640 238 669 ἐσκότισαν
250 640 346 673 ἀδίκως
363 641 411 676 τὴν
425 640 501 674 δόξαν
516 643 560 670 τοῦ
577 641 649 670 Θεοῦ
663 640 685 658 ³⁸
705 639 752 668 καὶ
767 638 814 674 τὴν
831 639 899 677 γνῶο

92 686 153 720 σιν,
169 686 217 714 οὐκ
234 685 270 719 εἷς
288 685 317 713 τὸ
335 687 471 725 προσῆκον
488 686 555 725 αὐτῇ
572 683 756 725 χρησάμενοι.

948 292 961 305 ιι
978 281 1131 308 Veritatem
1142 280 1169 308 in
1193 280 1330 316 injustitia
1342 280 1534 315 detinentium,
1553 293 1566 306 ι
1581 282 1646 310 audi
1668 292 1676 310 :
1696 283 1751 310 Ve-

947 325 1021 357 ritas,
1036 325 1092 353 sive
1106 333 1169 360 quae
1182 325 1216 353 de
1241 327 1299 353 Deo
1325 329 1366 353 est
1388 326 1520 361 cognitio,
1535 327 1701 354 mortalibus
1717 327 1752 355 ab

952 370 1028 398 initio
1052 374 1094 398 est
1118 370 1211 398 insita.
1238 372 1317 398 Hanc
1335 371 1483 399 veritatem
1511 375 1594 407 atque
1639 371 1749 400 otitiam

952 415 1040 444 Graeci
1063 415 1091 442 in
1105 415 1236 451 injustitia
1251 415 1437 449 detinuerunt,
1454 415 1508 443 hoc
1531 419 1585 449 est,
1613 421 1750 452 quantum

952 460 980 488 in
1003 460 1070 495 ipsis
1093 464 1161 493 erat,
1187 460 1284 496 iniuria
1304 459 1467 494 affecerunt,
1494 460 1572 488 idolis
1594 460 1752 490 deterentes

952 505 1068 541 gloriam
1084 505 1142 533 Dei.
1161 505 1275 533 Perinde
1289 513 1321 533 ac
1339 505 1362 533 si
1377 506 1439 541 quis
1454 505 1583 541 pecunias
1604 505 1752 542 accipiens,

953 550 989 578 ad
1007 549 1077 586 regis
1097 550 1213 586 gloriam
1235 550 1422 584 insumendas,
1440 550 1500 578 illas
1516 551 1543 578 in
1562 551 1708 586 praedones
1725 555 1756 580 et

950 599 1040 623 scorta
1053 595 1188 631 prodigat,
1204 599 1278 623 recte
1292 595 1398 624 dicetur
1415 595 1532 631 injurius
1545 603 1605 623 esse
1619 596 1750 626 adversus

950 640 1023 676 regis
1047 640 1163 676 gloriam
1184 644 1212 668 et
1232 640 1473 676 magniﬁcentiam.
1502 640 1590 669 Graeci
1613 641 1706 678 itaque
1726 642 1755 670 in

951 684 1082 720 injustitia
1095 683 1282 719 detinuerunt,
1303 684 1356 713 hoc
1370 689 1422 719 est,
1436 690 1652 721 cooperuerunt,
1667 690 1695 714 et
1710 687 1753 714 in-

86 734 167 769 juste
185 734 268 762 veluti
286 734 404 762 tenebris
422 734 601 762 obfuscarunt
624 734 742 770 gloriam
762 732 811 760 Dei
832 735 859 759 et
882 729 1088 766 cognitionem,
1107 737 1181 765 cum,
1197 738 1251 758 non
1271 729 1402 758 decenter
1420 738 1510 766 neque
1525 731 1678 759 commode
1704 731 1751 760 illa

97 782 260 807 uterentur.

140 838 154 851 ε
172 824 247 854 Διότι
260 826 289 854 τὸ
301 824 416 864 γνωστὸν
431 827 477 854 τοῦ
497 825 567 854 Θεοῦ
580 824 690 865 φανερόν
707 824 778 853 ἐστιν
795 824 820 852 ἐν
849 821 899 850 αὐ-

99 870 172 902 τοῖς·
186 871 200 898 ὁ
216 869 268 907 γὰρ
282 870 350 902 Θεὸς
375 870 462 902 αὐτοῖς
483 870 640 909 ἓφανέρωσε.
661 869 704 899 Τὰ
727 868 778 909 γὰρ
799 867 901 906 ἀόρατα

102 915 187 944 αὐτοῦ
206 914 258 942 ἀπὸ
287 915 397 947 κτίσεως
420 914 522 952 κόσμου
549 919 603 948 τοῖς
620 914 753 952 ποιήμασι
772 911 901 951 νοούμενα

103 961 252 998 καθορᾶται
266 982 272 991 ,
291 958 308 994 ἥ
331 971 359 988 τε
379 956 460 992 ἀίδιος
485 960 565 988 αὐτοῦ
589 959 697 998 δύναμις
718 957 763 988 καὶ
785 956 902 993 θειότης,

102 1005 141 1036 εἷς
169 1004 199 1033 τὸ
225 999 290 1032 εἶναι
315 1003 408 1036 αὖτοὺς
435 1003 668 1042 ἀναπολογήτους·
697 1002 764 1033 διότι
796 1002 900 1041 γνόντες

105 1049 150 1078 τὸν
168 1048 238 1078 Θεὸν
249 1072 257 1087 ,
273 1049 321 1088 οὐχ
337 1051 371 1082 ὡς
392 1048 461 1078 Θεὸν
477 1048 615 1085 ἐδόξασαν,
640 1049 657 1084 ἢ
671 1048 881 1088 ηὐχαρίστησαν.
892 1061 903 1073 υ

106 1088 189 1122 Εἶπεν
212 1093 284 1129 ἄνω,
302 1092 342 1122 ὅτι
366 1093 413 1128 τὴν
437 1096 483 1122 τοῦ
506 1096 576 1124 Θεοῦ
602 1094 698 1132 γνῶσιν
725 1093 857 1128 ἠδίκησαν
879 1093 903 1120 οἱ

103 1137 253 1174 ⁷Ελληνες,
274 1139 363 1172 κακῶς
376 1139 443 1177 αὐτῇ
457 1138 632 1178 χρησάμενοι.
649 1138 732 1167 Πόθεν
748 1132 792 1166 οὖν
812 1138 902 1172 δῆλον,

104 1182 144 1211 ὅτι
159 1185 255 1222 γνῶσιν
270 1178 356 1222 εἶχον,
377 1185 422 1211 νῦν
443 1193 532 1223 φησιν’
557 1197 569 1208 ιι
589 1182 656 1213 Ὅτι
675 1182 705 1211 τὸ
722 1181 839 1220 γνωστὸν
856 1184 901 1211 τοῦ

105 1228 177 1257 Θεοῖῖ
190 1227 300 1267 φανερόν
317 1229 386 1256 ἐστιν
401 1228 427 1256 ἐν
443 1228 539 1260 αὐτοῖς.
556 1241 567 1253 ιι
588 1223 652 1258 Εἶτα
668 1227 713 1256 καὶ
726 1229 804 1256 τοῦτο
820 1239 901 1255 κατα-

106 1272 241 1308 σκευάζει,
255 1272 349 1311 λέγων,
361 1271 401 1301 ὅτι
414 1271 478 1302 Ἀπὸ
490 1274 536 1308 τῆς
549 1272 671 1306 εὐταξίας
686 1274 738 1301 τῶν
749 1272 902 1309 κτισμάτων

107 1318 266 1356 κηρύττεται
281 1317 307 1334 ⁴²
329 1318 343 1346 ὁ
361 1317 542 1357 Δημιουργός’
567 1319 602 1348 ὥς
624 1317 669 1346 καὶ
689 1318 702 1346 ὁ
720 1313 802 1346 Δαυῒδ
823 1317 901 1355 λέγει·

112 1373 126 1390 ιι
144 1363 178 1391 Οἱ
195 1361 300 1401 οὐρανοὶ
321 1362 471 1400 διηγοῦνται
497 1361 574 1395 δόξαν
598 1363 680 1391 Θεοῦ.
698 1375 709 1387 ι
732 1361 770 1391 Τὸ
786 1360 902 1399 γνωστὸν

108 1405 135 1435 δὲ
149 1409 195 1436 τοῦ
212 1408 284 1436 Θεοῦ
297 1406 321 1435 τί
339 1407 408 1435 ἐστιν
418 1429 425 1441 ,
443 1406 524 1439 οὕτως
540 1406 570 1435 ἂν
587 1406 689 1444 μάθοις’
704 1407 759 1436 Τοῦ
775 1407 859 1444 Θεοῦ,
874 1405 904 1435 τὸ

110 1451 156 1489 μέν
169 1451 240 1480 ἐστιν
256 1451 388 1489 ἄγνωστον
399 1474 407 1487 ,
427 1446 480 1480 οἷον
500 1453 517 1486 ἡ
537 1451 613 1480 οὐσία
630 1452 720 1480 αὐτοῦ·
738 1450 768 1479 τὸ
788 1450 815 1480 δὲ
829 1463 900 1489 γνω-

110 1496 188 1532 στὸν,
209 1491 262 1525 οἶον
280 1495 366 1524 πάντα
383 1497 415 1525 τὰ
434 1495 493 1534 περὶ
514 1495 560 1531 τὴν
577 1496 668 1525 οὐσίαν
681 1517 689 1531 ,
716 1495 867 1531 τουτέστιν,
884 1498 901 1531 ἡ

110 1541 256 1580 ἆγαθότης,
266 1542 283 1575 ἡ
295 1540 417 1580 copim-i1
434 1540 558 1578 δύναμις,
574 1543 590 1576 ἡ
607 1541 725 1576 θειότης,
740 1540 799 1576 ἤτοι
818 1552 902 1579 μεγα-

110 1586 222 1621 ).ειότης’
239 1585 256 1614 ἃ
276 1586 320 1614 καὶ
339 1585 438 1624 ἀόρατα
454 1587 538 1614 αὐτοῦ
561 1587 574 1614 ὁ
599 1586 703 1619 Παῦλος
717 1585 803 1624 λέγει,
827 1585 902 1614 νοού-

109 1643 174 1669 μενα
189 1630 236 1667 μὲν
250 1630 274 1648 ³³
289 1634 342 1663 τοῖς
361 1630 502 1668 ποιήμασι.
530 1631 594 1662 Τοῖς
609 1625 655 1658 οὖν
667 1629 802 1667 Ἕλλησιν
819 1630 902 1664 ἔδειξε

109 1676 138 1705 τὸ
156 1674 273 1714 γνωστὸν
292 1676 372 1704 αὐτοῦ
396 1679 465 1709 πᾶν,
494 1675 573 1714 ἤγουν
600 1674 634 1704 τὰ
661 1675 722 1714 περὶ
739 1674 787 1710 τὴν
811 1675 903 1705 οὐσίαν

110 1721 189 1749 αὐτοῦ
214 1721 317 1756 πάντα,
347 1720 364 1748 ἃ
393 1721 535 1759 ὀφθαλμοῖς
565 1719 612 1759 μὲν
640 1721 774 1755 αἰσθητοῖς
803 1720 904 1759 ἆόρατά

109 1765 180 1802 εἶσι,
197 1767 233 1804 νῷ
259 1765 285 1793 δὲ
302 1764 479 1801 καταληπτὰ,
499 1765 542 1794 διὰ
567 1767 613 1799 τῆς
636 1765 663 1793 ἓν
678 1769 734 1797 τοῖς
757 1765 904 1802 ποιήμασιν

111 1810 238 1843 εὐταξίας.
279 1809 407 1850 Τινὲς
441 1809 542 1850 ἀόρατα
575 1809 634 1843 τοὺς
659 1809 784 1848 ἀγγέλους
815 1810 904 1850 φασίν·

110 1855 155 1883 οὐκ
171 1854 303 1894 εὐστόχως
322 1854 362 1890 Η,
379 1849 464 1890 οἶμαι.
491 1849 558 1883 Εἶπε
577 1854 605 1882 δέ
625 1866 664 1887 τις
686 1856 738 1883 τῶν
764 1849 905 1894 Πατὲρων,

110 1897 190 1928 ἀίδιον
209 1899 387 1937 δύναμιν,τὸν
402 1899 475 1929 Υἱόν·
490 1898 612 1934 θειότητα
629 1899 655 1928 δὲ
667 1921 675 1936 ,
692 1899 721 1928 τὸ
740 1900 863 1937 Πνεῦμα.

109 1956 173 1976 nam
191 1949 221 1976 in
249 1949 376 1983 operibus
397 1948 609 1976 ordinationem.
634 1948 686 1983 12
709 1948 826 1983 Quidam
844 1957 906 1977 vero

109 1994 218 2030 Opinor.
244 1993 365 2030 Quidam
387 1996 482 2021 autem
506 2001 522 2021 e
545 1993 684 2027 Patribus,
714 1993 906 2030 sempiternam

110 2043 168 2066 tum
182 2043 321 2067 sanctum.

152 2096 166 2111 α
183 2085 228 2117 Εἰς
253 2083 282 2113 τὸ
305 2078 371 2113 εἶναι
388 2083 479 2117 αὖτοὺς
495 2083 720 2122 ἀναπολογήτους.
741 2098 751 2111 ιι
769 2085 857 2115 Τοῦτο
878 2085 904 2120 ἐξ
920 2090 944 2122 D

111 2128 326 2166 ἀποτελέσματος
337 2128 452 2168 γέγονεν.
471 2130 511 2159 Οὗ
532 2129 582 2168 γὰρ
598 2129 640 2158 διὰ
661 2132 737 2158 τοῦτο
754 2133 838 2160 ταῦτα
853 2142 903 2160 πε-

111 2173 218 2209 ποίηκεν
234 2176 248 2203 ὁ
260 2174 344 2210 Θεὸς,
359 2174 402 2202 ἵνα
417 2175 511 2203 ἐκεῖνοι
532 2168 596 2203 ὦσιν
613 2173 825 2213 ἄναπολόγητοι,
843 2175 903 2204 ἀλλ’

111 2217 136 2252 ἐξ
159 2217 373 2254 ἀποτελέσματος
397 2218 494 2254 συνέϐη
519 2220 606 2247 τοῦτο.
651 2218 774 2258 Πρόσεχε
790 2221 851 2258 γοῦν
867 2222 904 2259 τῷ

110 2262 220 2303 τοιούτῳ
245 2263 369 2301 ἰδιώματι
391 2265 436 2298 τῆς
461 2265 585 2304 Γραφῆς,
608 2262 654 2292 καὶ
678 2264 706 2292 οὔ
722 2263 880 2304 προσκόψας
895 2273 902 2280 '

111 2307 198 2337 πολλὰ
222 2307 274 2347 γὰρ
297 2310 407 2337 τοιαῦτα
433 2311 572 2348 πανταχοῦ
587 2308 722 2346 λέγονται,
738 2308 755 2337 ἃ
780 2309 818 2338 δεῖ
834 2310 904 2338 λύειν

111 2352 206 2388 οὕτως,
230 2353 266 2385 ὡς
295 2355 324 2382 ἐκ
353 2356 397 2382 τοῦ
426 2353 641 2390 ἀποτελέσματος
665 2353 900 2392 αἰτιολογούμενα¹

110 2392 161 2427 οἷον
183 2397 255 2436 λέγει
271 2395 374 2427 Δαυίδ·
400 2410 414 2425 ιι
433 2395 500 2428 Ὀτι
526 2397 556 2426 τὸ
582 2397 699 2437 πονηρὸν
727 2398 836 2428 ἐνώπιόν
858 2411 904 2428 σου

112 2442 240 2480 ἐποίησα,
256 2441 326 2476 ὅπως
350 2442 379 2472 ἂν
396 2442 427 2473 σὺ
452 2443 593 2482 δικαιωθῇς
614 2444 640 2472 ἐν
665 2443 718 2476 τοῖς
741 2443 827 2482 λόγοις
841 2455 905 2481 σου,

112 2487 154 2516 καὶ
169 2488 290 2527 νικήσῃς,
308 2501 320 2513 ι
344 2487 398 2517 Καὶ
420 2487 542 2528 φαίνεται
567 2487 664 2516 ἄτοπον
675 2509 683 2523 ,
701 2489 760 2517 ἀλλ’
777 2489 824 2517 οὖκ
839 2488 904 2518 ἔστι.

113 2533 185 2568 Φησὶ
201 2531 261 2571 γὰρ,
276 2532 317 2560 ὅτι
329 2531 517 2572 Εὖεργει-ηθεὶς
533 2532 608 2572 παρὰ
625 2535 687 2569 σοῦ,
713 2532 796 2573 Κύριε
809 2554 817 2569 ,
837 2532 904 2572 ὑπὲρ

112 2581 198 2606 πᾶσαν
214 2576 307 2606 ἐλπίδα
317 2600 324 2613 ,
339 2576 459 2618 ἥμαρτόν
475 2589 534 2614 σοι,
549 2577 593 2606 καὶ
610 2577 640 2606 ἐκ
654 2576 747 2607 τούτου
761 2577 904 2616 συμϐαίνει

112 2632 139 2650 σε
163 2621 406 2662 δικαιολογούμενον
421 2623 486 2663 πρός
503 2634 553 2661 με,
568 2627 655 2663 νικᾷν.
703 2622 751 2657 Ἐξ
772 2623 904 2652 ἀποτελέ-

147 2712 156 2726 ¹
170 2708 241 2737 Psal.
259 2716 350 2743 xvm,
368 2712 392 2737 ι.
431 2711 439 2726 ί
454 2708 527 2737 Psal.
543 2716 564 2742 ῐ,
579 2711 605 2737 6.

812 2753 906 2785 Variae

146 2836 165 2854 “
183 2835 232 2871 τὴν
243 2840 336 2873 γνῶσιν
351 2840 395 2865 τοῦ
413 2837 477 2865 Θεοῦ
491 2846 518 2868 o.
557 2837 578 2856 ¹ι¹
593 2838 740 2874 ἔκηρύττετο
754 2847 780 2867 ο.

820 2838 842 2856 ³³
861 2839 946 2875 μέντοι
966 2847 993 2868 0.

994 825 1082 853 Vens.
1094 827 1187 853 l9~2l.
1200 835 1212 849 ι
1222 825 1294 860 Quia
1309 825 1384 862 quod
1397 824 1432 853 de
1442 826 1502 853 Deo
1511 826 1638 862 cognosci
1654 830 1756 862 potest,

956 869 1135 898 manifestum
1148 870 1230 898 estin
1244 870 1296 898 illis
1312 879 1318 898 :
1337 872 1409 898 Deus
1425 870 1498 898 enim
1512 870 1578 907 ipsis
1592 871 1755 900 manifesta-

955 915 1004 942 vit.
1014 914 1164 942 Invisibilis
1186 914 1261 943 enim
1277 915 1362 950 ipsius
1381 923 1396 942 a
1411 919 1534 943 creatura
1550 916 1647 943 mundi
1664 924 1711 951 per
1725 924 1756 944 ea

955 967 1017 996 quae
1026 958 1098 987 facta
1111 964 1186 992 sunt,
1201 959 1338 988 intellecta
1349 960 1566 996 conspiciuntur,
1588 961 1756 996 sempiterna

958 1012 1067 1041 quoque
1081 1005 1139 1041 ejus
1160 1004 1282 1040 potentia
1297 1009 1325 1032 et
1336 1004 1464 1032 divinitas
1486 1014 1492 1032 :
1515 1005 1554 1033 ita
1582 1010 1612 1033 ut
1631 1006 1691 1033 sint
1713 1005 1754 1033 in-

958 1049 1126 1078 excusabiles
1140 1058 1147 1076 :
1164 1049 1227 1085 quia
1239 1057 1302 1077 cum
1318 1051 1409 1077 Deum
1425 1050 1625 1086 cognovissent,
1650 1058 1705 1078 non
1725 1054 1758 1078 ut

960 1097 1050 1123 Deum
1065 1093 1294 1131 gloriﬁcaverunt,
1311 1099 1358 1122 aut
1378 1095 1478 1130 gratias
1495 1098 1619 1130 egemnt.
1637 1107 1650 1120 ιι
1669 1097 1757 1131 Supra

957 1139 1035 1173 dixit,
1065 1139 1138 1175 quod
1168 1139 1353 1175 cognitionem
1386 1139 1435 1167 Dei
1467 1139 1568 1175 injuria
1604 1139 1757 1168 affecerunt

957 1185 1057 1218 Graeci,
1070 1193 1101 1212 ea
1117 1185 1250 1212 nimirum
1269 1184 1425 1212 abutentes.
1449 1184 1533 1213 Unde
1558 1185 1640 1220 igitur
1658 1187 1755 1221 perspi-

957 1237 1040 1257 cuum
1055 1229 1100 1261 sit,
1115 1229 1187 1265 quod
1203 1229 1252 1257 Dei
1268 1229 1398 1257 notitiam
1414 1228 1570 1263 habuerint,
1584 1238 1657 1258 nunc
1670 1231 1758 1266 expli-

957 1278 1000 1302 cat
1016 1284 1022 1302 :
1041 1285 1053 1297 α
1066 1274 1204 1309 Quoniam
1222 1273 1296 1310 quod
1311 1273 1344 1301 de
1360 1276 1417 1302 Deo
1431 1275 1559 1310 cognosci
1575 1279 1673 1311 potest,
1698 1283 1756 1303 ma-

958 1318 1089 1347 nifestum
1099 1323 1140 1346 est
1155 1319 1182 1346 in
1195 1318 1258 1346 illis.
1270 1328 1283 1344 »
1295 1318 1401 1347 Deinde
1412 1318 1464 1346 hoc
1477 1319 1564 1355 ipsum
1583 1320 1756 1353 corroborat,

957 1363 1092 1400 inquiens,
1108 1364 1238 1399 quoniam
1260 1371 1293 1391 ex
1316 1363 1387 1391 bona
1408 1368 1604 1392 creaturarum
1627 1365 1758 1393 constitu-

956 1408 1030 1435 tione
1043 1408 1207 1444 prmdicatur
1221 1407 1318 1444 Opifex
1343 1418 1349 1436 :
1366 1408 1601 1444 quemadmodum
1625 1413 1653 1437 et
1670 1409 1756 1437 David

955 1453 1009 1480 ait:
1027 1465 1039 1477 «ι
1057 1453 1127 1480 Coeli
1145 1456 1274 1480 enarrant
1295 1452 1412 1488 gloriam
1428 1453 1479 1481 Dei
1495 1458 1514 1478 '.
1535 1464 1547 1476 ι
1561 1453 1636 1488 Quid
1654 1459 1755 1483 autem

956 1498 1002 1535 sit,
1022 1497 1097 1534 quod
1109 1497 1143 1525 de
1161 1498 1215 1525 Deo
1233 1498 1363 1532 cognosci
1377 1498 1476 1533 possit,
1490 1498 1527 1526 ita
1539 1498 1647 1527 discere
1662 1506 1756 1535 queas.

957 1533 997 1570 De
1011 1544 1078 1574 Deo,
1098 1542 1171 1570 aliud
1187 1542 1298 1578 quidem
1315 1543 1445 1578 cognosci
1459 1550 1517 1570 non
1535 1547 1635 1578 potest,
1651 1533 1682 1571 ut
1696 1543 1755 1579 ipsa

957 1588 1074 1615 essentia
1090 1586 1183 1615 :aliud
1198 1595 1262 1615 vero
1277 1587 1404 1623 cognosci
1417 1591 1516 1623 potest,
1533 1592 1564 1615 ut
1582 1588 1676 1616 omnia
1694 1596 1756 1624 quas

923 1626 946 1658 Ο
959 1637 1023 1660 sunt
1033 1632 1104 1660 circa
1116 1632 1274 1665 essentiam,
1287 1640 1386 1667 nempe
1402 1632 1522 1665 bonitas.
1541 1632 1687 1668 sapientia,
1706 1641 1754 1668 po-

959 1677 1053 1710 tentia,
1068 1676 1205 1710 divinitas,
1222 1677 1278 1705 sive
1299 1677 1425 1713 majestas
1449 1687 1455 1705 :
1480 1685 1543 1713 qua:
1564 1682 1591 1705 et
1611 1678 1757 1706 invisibilia

959 1721 1017 1756 eius
1038 1721 1117 1749 divus
1141 1722 1243 1749 Paulus
1267 1721 1404 1754 nominat,
1428 1722 1566 1750 intellecta
1587 1722 1698 1758 quidem
1721 1730 1753 1750 ex

960 1766 1097 1801 operibus.
1120 1766 1226 1794 Graecis
1254 1766 1346 1801 itaque
1374 1767 1539 1794 monstravit
1561 1767 1695 1803 quidquid
1722 1767 1757 1795 de

959 1819 1018 1838 sese
1032 1811 1162 1846 cognosci
1177 1814 1278 1846 posset,
1300 1811 1356 1838 sive
1370 1811 1465 1838 omnia
1487 1811 1521 1838 ad
1537 1812 1682 1839 essentiam
1696 1811 1758 1847 ejus

959 1855 1123 1891 spectantia:
1135 1863 1197 1891 quae
1206 1855 1294 1882 oculis
1307 1854 1421 1890 quidem
1432 1854 1606 1883 sensibilibus
1615 1856 1758 1884 invisibilia

959 1904 1034 1934 sunt,
1052 1903 1144 1928 mente
1158 1907 1222 1928 vero
1237 1899 1511 1935 comprehensibilia,
1527 1904 1637 1935 propter
1651 1901 1759 1928 concin-

930 1949 1087 1983 invisibilia,
1107 1949 1217 1985 angelos
1235 1948 1338 1982 dicunt,
1359 1947 1451 1976 minus
1463 1952 1556 1976 tamen
1577 1950 1714 1985 apposite,
1730 1954 1761 1978 ut

930 1994 1094 2032 potentiam,
1121 1994 1218 2022 Filium
1243 1994 1329 2022 dixit:
1352 1995 1520 2024 divinitatem
1539 1999 1649 2030 autem,
1672 1995 1759 2032 Spiri-

997 2102 1009 2115 ιι
1019 2091 1059 2118 Ut
1072 2090 1127 2118 sint
1142 2090 1191 2126 ipsi
1204 2089 1413 2118 inexcusabiles.
1431 2102 1443 2115 ι
1460 2091 1520 2119 Hoc
1531 2097 1564 2119 ex
1578 2094 1680 2119 eventu
1694 2098 1759 2119 con-

958 2135 1031 2171 tigit.
1055 2136 1117 2162 Non
1131 2135 1206 2163 enim
1227 2139 1374 2171 propterea
1395 2138 1467 2164 Deus
1487 2135 1546 2164 haec
1570 2135 1644 2167 fecit,
1666 2140 1697 2164 ut
1718 2135 1758 2164 illi

958 2180 1012 2207 sint
1034 2179 1240 2214 inexcusabiles,
1265 2187 1361 2208 verum
1385 2188 1417 2208 ex
1445 2184 1544 2208 eventu
1571 2180 1623 2208 hoc
1648 2180 1759 2209 accidit.

960 2224 1156 2253 Animadverte
1174 2225 1268 2260 itaque
1283 2224 1366 2252 talem
1383 2225 1531 2261 Scriptura:
1550 2225 1755 2261 proprietatem,

959 2273 986 2296 et
1000 2277 1054 2297 non
1067 2269 1193 2297 offendes
1210 2278 1216 2296 :
1234 2269 1362 2305 pleraque
1380 2277 1498 2306 namque
1519 2270 1677 2306 hujusmodi
1699 2270 1758 2306 ple-

959 2314 1050 2350 risque
1075 2314 1100 2341 in
1117 2314 1181 2342 locis
1199 2313 1346 2346 dicuntur.
1371 2322 1435 2350 qua:
1459 2314 1498 2343 sic
1523 2314 1654 2343 diluenda
1681 2319 1756 2350 unt,

960 2363 994 2387 ut
1014 2367 1063 2394 per
1087 2363 1217 2387 eventum
1243 2359 1354 2386 illorum
1381 2359 1514 2388 reddatur
1540 2360 1610 2388 ratio
1640 2370 1646 2388 :
1674 2360 1760 2389 veluti

960 2404 1047 2431 David
1065 2404 1154 2440 inquit
1177 2405 1185 2422 ‘
1207 2413 1215 2432 :
1235 2415 1248 2428 α
1263 2404 1404 2439 Quoniam
1418 2405 1522 2432 malum
1537 2413 1631 2433 coram
1653 2409 1681 2433 te
1696 2405 1759 2440 feci,

960 2453 992 2476 ut
1009 2449 1168 2486 justiﬁceris
1199 2449 1228 2476 in
1252 2449 1426 2478 sermonibus
1455 2450 1522 2485 tuis,
1552 2454 1583 2478 ut
1610 2451 1713 2479 vincas.
1745 2462 1758 2476 »

959 2493 1039 2529 Quod
1064 2493 1171 2522 etiamsi
1194 2493 1345 2522 absurdum
1367 2499 1496 2531 apparet,
1529 2494 1642 2522 minime
1664 2499 1759 2522 tamen

958 2543 1001 2566 est
1016 2538 1178 2566 absurdum.
1194 2538 1242 2566 Ait
1256 2538 1329 2567 enim
1346 2548 1353 2567 :
1370 2539 1516 2568 Beneﬁciis
1537 2548 1553 2567 a
1575 2539 1612 2568 tei
1627 2539 1759 2573 Domine,

957 2591 1039 2619 supra
1064 2591 1175 2612 omnem
1198 2591 1276 2619 spem
1300 2583 1426 2618 affectus,
1460 2586 1580 2620 peccavit
1605 2583 1754 2611 adversum

959 2631 985 2656 te
1001 2631 1105 2665 :atque
1133 2636 1167 2657 ex
1186 2627 1238 2658 hoc
1260 2628 1404 2666 contingit,
1424 2633 1452 2658 te
1480 2636 1591 2657 mecum
1613 2628 1642 2656 in
1657 2626 1760 2664 judicio

929 2754 1082 2788 lectiones.

1032 2838 1052 2856 “
1064 2839 1177 2875 ἀστόχως
1191 2848 1218 2868 0.
