1927 3076
168 160 218 186 355

685 158 943 187 THEOPHYLACTI
963 159 1140 187 BULGARLE
1159 159 1316 187 ARCHIEP.

1765 162 1827 187 356

164 220 372 255 disceptantem,
404 221 521 249 vincere.
542 223 580 249 Ex
614 221 717 249 effectu
727 221 817 258 itaque
837 222 958 257 abeoquc

1019 233 1117 260 σματος
1140 219 1184 251 οὖν
1209 223 1356 251 δικαιοῦται
1379 221 1465 261 Θεὸς,
1490 224 1567 260 ἡμῶν
1592 222 1826 261 ἀγνωμονούντων

163 265 237 293 exitu
247 265 416 301 justiﬁcatur
430 267 506 294 Deus
515 266 582 294 dum
598 274 649 294 nos
670 266 769 303 ingrati
782 274 879 294 sumus
912 274 961 302 pro

163 310 249 346 ipsius
269 310 297 338 in
318 318 369 338 nos
386 310 491 339 collatis
509 311 658 344 beneﬁciis,
679 319 730 339 nec
745 311 895 348 quidquam
907 319 961 348 quo

164 363 216 384 nos
243 354 434 390 defendamus,
457 355 602 384 habemus.
629 357 735 385 Grecis
762 357 855 392 itaque
882 356 962 391 nihil,

164 407 219 435 quo
231 408 290 428 sese
313 399 472 434 defendant,
496 401 663 437 relinquitur
679 411 684 430 :
700 401 921 437 quandoquidem
931 410 964 429 ex

161 445 293 473 creaturis
308 446 396 473 Deum
407 450 619 482 cognoscentes,
630 454 693 474 eum
717 454 765 482 pro
783 446 882 474 merito
907 454 965 474 non

1017 266 1060 295 ἐπὶ
1079 271 1131 300 τοῖς
1144 268 1208 306 παρ’
1225 267 1304 296 αὐτοῦ
1320 267 1415 297 δοθεῖσι
1426 289 1434 305 ,
1451 266 1497 296 καὶ
1518 266 1554 304 μὴ
1571 267 1687 306 ἐχόντων
1702 267 1729 296 τί
1744 268 1816 296 ἀπο-

1016 312 1196 351 λογησόμεθα.
1243 312 1297 342 Καὶ
1315 313 1339 340 οἱ
1360 309 1492 346 ’Ἕλληνες
1508 312 1534 342 δὲ
1551 312 1748 351 ἀναπολόγητοι
1763 323 1815 351 γε-

1017 356 1110 394 γόνασι
1120 379 1127 393 ,
1145 356 1208 386 διότι
1223 356 1325 395 γνόντες
1347 356 1389 385 διὰ
1402 359 1449 392 τ’ἤς
1466 356 1576 390 κτίσεως
1591 357 1635 385 τὸν
1657 357 1744 392 Θεὸν,
1766 357 1822 385 οὐκ

1019 401 1096 436 ἀξίως
1120 401 1198 431 αὐτὸν
1225 401 1367 439 ἐδόξασαν,
1390 400 1407 436 ἢ
1432 401 1631 441 ηὐχαρίστησαν
1649 403 1685 435 ὡς
1707 401 1822 441 Κτίστῃ

1020 446 1064 475 καὶ
1084 448 1204 486 "amri;
1220 445 1278 474 ἀλλ’
1295 446 1411 479 εἰδώλοις
1421 446 1467 482 τὴν
1480 447 1559 475 αὐτοῦ
1572 446 1652 485 τιμὴν
1664 447 1803 486 περιῆψαν
1812 468 1820 474 .

163 489 392 526 gloriﬁcaverunt,
414 497 505 527 neque
537 495 651 526 egerunt
677 491 777 527 gratias
812 495 943 527 tanquam
963 494 1084 523 Creatori
1112 499 1140 523 et
1159 495 1280 530 Factori,
1307 503 1405 523 verum
1423 495 1506 523 idolis
1531 495 1665 523 honorem
1690 495 1740 531 ipsi
1766 494 1819 523 de-

164 536 243 564 litum
257 535 424 564 detulerunt.

198 587 280 614 Vens.
298 588 342 620 21,
353 589 398 613 22.
412 597 425 609 τι
442 585 494 614 Sed
513 589 684 614 evanuerunt
703 585 733 613 in
751 586 962 623 cogitationibus

161 631 228 665 suis,
243 634 271 659 et
280 630 457 659 obscuratum
474 634 517 658 est
530 630 662 666 insipiens
675 639 723 659 cor
733 639 840 659 eorum.
857 633 962 660 Dicen-

162 681 205 705 tes
223 683 253 704 se
275 683 335 704 esse
365 675 510 711 sapientes,
536 675 614 703 stulti
631 675 695 704 facti
717 680 788 704 sunt.
810 686 824 703 »
844 678 960 705 Causam

160 721 250 749 reddit
263 721 298 749 ob
312 728 395 757 quam
408 720 443 748 ad
455 720 615 756 huiusmodi
628 720 778 749 amentiam
794 722 955 749 exciderint.

160 765 435 799 Ratiocinationibus,
451 765 547 802 inquit,
571 765 628 794 suis
643 765 734 794 omnia
750 766 934 802 permiserunt
947 777 953 794 :

161 811 337 847 volentesque
352 810 381 838 in
392 810 480 839 forma
496 810 633 846 quapiam,
649 810 770 838 formam
784 819 840 839 non
849 811 954 839 haben-

1058 599 1070 610 σι
1088 585 1158 616 Ἀλλ’
1170 585 1376 622 ἐματαιώθησαν
1391 586 1418 615 ἐν
1431 590 1484 620 τοῖς
1504 586 1686 625 διαλογισμοῖς
1703 586 1793 615 αὐτῶν
1807 608 1818 620 ,

1017 630 1061 659 καὶ
1078 631 1216 666 ἐσκοτίσθη
1235 633 1252 667 ἡ
1273 630 1396 664 ἀσύνετος
1419 632 1506 660 αὐτῶν
1531 631 1639 669 καρδία.
1656 630 1819 663 Φάσκοντες

1016 670 1082 704 εἶναι
1107 676 1201 716 σοφοὶ,
1227 675 1430 716 ἐμωράνθησαν.
1448 689 1460 702 ι
1479 676 1536 712 Τὴν
1560 675 1648 705 αἰτίαν
1663 676 1751 711 τίθησι
1777 675 1817 704 δι’

1013 719 1046 755 ἣν
1065 721 1101 753 εἰς
1116 721 1241 756 τοιαύτην
1257 720 1347 750 ἄνοιαν
1366 720 1498 755 ἐξέπεσον.
1515 721 1577 754 Τοῖς
1592 721 1730 758 λογισμοῖς
1744 719 1814 759 γὰρ,

1011 764 1092 804 φησὶ,
1104 765 1134 794 τὸ
1147 770 1199 794 πᾶν
1224 765 1379 805 ἐπέτρεψαν·
1394 765 1439 794 καὶ
1462 765 1618 805 βουλόμενοι
1639 766 1664 794 ἐν
1681 764 1808 804 σχήματι

1011 809 1054 837 τὸν
1070 810 1273 849 ἀσχημάτιστον
1285 833 1293 846 ,
1307 810 1352 839 καὶ
1369 811 1396 839 ἐν
1417 809 1523 848 σώματι
1537 809 1582 839 τὸν
1603 809 1747 848 ἀσώματον
1762 821 1815 838 ια-

159 861 228 890 tem,
242 856 363 892 adeoque
380 855 407 883 in
423 863 547 891 corpore,
568 855 761 891 incorporeum
776 856 957 892 comprehen-

1019 853 1158 893 ταλαϐεῖν,
1186 855 1295 893 μάταιοι
1318 854 1508 895 ἠλέγχθησαν,
1529 856 1558 884 οὐ
1579 854 1742 890 δυνηθέντων
1757 855 1813 883 τῶν

161 901 236 935 dere,
247 901 311 929 vani
324 900 486 936 deprehensi
502 904 582 935 sunt;
592 900 807 936 cogitationibus
822 901 958 929 nimirum

161 947 218 975 sive
232 945 489 974 ratiocinationibus
512 945 596 974 ﬁnem
621 954 703 974 suum
725 954 782 974 non
805 946 958 982 pertingen-

161 991 244 1020 tibus.
277 991 411 1027 [nsipiens
435 995 540 1026 autem,
571 999 621 1019 seu
642 990 781 1019 intellectu
805 999 899 1019 carens
912 999 960 1020 cor

161 1038 285 1073 ipsorum
311 1035 388 1070 dicit,
417 1036 490 1072 quod
520 1035 572 1064 [ide
597 1036 668 1064 nolit
696 1036 788 1064 omnia
812 1036 958 1072 percipere.

161 1081 243 1110 Unde
263 1085 356 1108 autem
379 1088 411 1108 eo
427 1080 529 1108 erroris
542 1079 643 1116 delapsi
661 1084 736 1114 sunt,
761 1085 792 1108 ut
811 1081 959 1109 ratiocina-

160 1126 282 1154 tionibus
296 1125 354 1153 suis
368 1129 468 1153 cuncta
483 1125 696 1161 permitterent?
716 1126 755 1154 Ex
769 1133 801 1154 eo
817 1126 891 1162 quod
907 1133 957 1161 pu-

1013 899 1147 938 λογισμῶν
1164 899 1228 939 πρὸς
1243 900 1273 928 τὸ
1286 899 1369 939 πέρας
1384 899 1523 933 ἐξικέσθαι.
1566 899 1703 929 ⁷Ᾱσιξινετον
1721 899 1747 928 δὲ
1761 898 1814 934 τὴν

1014 944 1126 983 καρδίαν
1154 945 1240 973 αὐτῶν
1261 956 1339 984 φησι,
1365 944 1408 973 διὰ
1430 944 1460 974 τὸ
1478 944 1515 982 μὴ
1538 945 1647 979 θελῆσαι
1669 943 1758 973 πίστει
1783 943 1814 972 τὸ

1014 992 1067 1017 πᾶν
1084 988 1248 1028 περιλαϐεῖν.
1267 989 1303 1018 ⁸⁵.
1319 989 1404 1019 Πόθεν
1420 989 1447 1018 δὲ
1463 988 1650 1024 ἐπλανήθησαν
1663 989 1699 1021 εἷς
1714 988 1745 1018 τὸ
1759 991 1815 1021 τοῖς

1014 1034 1151 1072 λογισμοῖς
1166 1034 1321 1074 ἐπιστρέψαι
1338 1034 1367 1063 τὸ
1389 1039 1459 1071 trav;
1483 1034 1534 1064 Ἐκ
1557 1037 1601 1064 τοῦ
1618 1033 1722 1063 οἴεσθαι
1743 1028 1813 1062 εἶναι

1015 1079 1101 1116 σοφοί·
1126 1078 1165 1108 διὸ
1191 1079 1236 1108 καὶ
1265 1078 1467 1119 ἐμωράνθησαν.
1497 1078 1534 1109 Τί
1557 1078 1609 1118 γὰρ
1637 1077 1814 1118 ἀνοητότερον

1013 1125 1058 1152 τοῦ
1073 1123 1153 1157 λίθοις
1168 1125 1325 1164 προσκυνεῖν
1342 1123 1388 1153 καὶ
1404 1123 1506 1161 ξύλοις;

160 1175 250 1200 tarent
269 1182 282 1195 α
308 1178 337 1200 se
355 1178 415 1199 esse
436 1170 572 1207 sapientes
588 1181 602 1196 ι
631 1170 749 1207 ideoque
770 1182 783 1195 ι
808 1170 883 1199 stulti
903 1170 971 1199 facti
986 1175 1061 1200 sunt.
1081 1184 1093 1197 ν
1119 1172 1191 1207 Quid
1215 1173 1291 1201 enim
1313 1172 1439 1201 stolidius
1460 1181 1543 1209 quam
1566 1172 1670 1208 lapides
1688 1175 1717 1200 et
1740 1172 1815 1208 ligna

161 1216 294 1245 adorare?

195 1267 284 1294 Vens.
301 1268 346 1294 23.
357 1276 370 1289 ι
387 1265 420 1293 Et
431 1268 607 1293 mutaverunt
613 1264 959 1301 gloriamincorruptibilis

159 1310 221 1345 Dei,
237 1311 264 1338 in
283 1310 494 1338 similitudinem
515 1310 644 1346 imaginis
660 1310 846 1346 corruptibilis
865 1310 958 1338 homi-

159 1356 212 1391 nis,
227 1360 255 1384 et
268 1356 421 1389 volucrum,
438 1359 465 1382 et
479 1354 699 1391 quadrupedum,
712 1358 740 1382 et
755 1359 925 1390 serpentum.
946 1367 958 1379 υ

158 1401 211 1436 Qui
219 1404 363 1436 permutat,
375 1400 403 1427 id
411 1399 487 1436 quod
500 1399 595 1433 habet,
607 1399 637 1427 in
650 1399 726 1427 aliud
734 1403 884 1435 permutat.
899 1401 958 1428 Ha-

160 1445 262 1474 bebant
276 1453 340 1481 ergo
359 1449 386 1473 et
404 1444 457 1480 ipsi
479 1444 616 1478 notitiam,
631 1443 678 1472 sed
691 1451 751 1471 eam
768 1444 958 1480 perdiderunt,

161 1494 188 1518 et
198 1488 272 1518 aliud
286 1489 421 1526 quiddam
440 1488 543 1516 habere
561 1489 692 1516 volurunt
716 1493 817 1524 praeter
843 1489 869 1517 id
885 1490 958 1525 quod

159 1535 308 1568 habebant,
328 1535 535 1569 amiseruntque
554 1533 583 1561 id
605 1533 680 1570 quod
701 1533 847 1562 habebant.
870 1534 958 1562 Attri-

160 1579 281 1607 buerunt
294 1582 386 1607 autem
401 1578 519 1614 gloriam
538 1577 750 1613 incormpiibilis
765 1578 827 1613 Dei,
843 1587 899 1607 non
912 1579 960 1607 ho-

164 1623 229 1652 mini
245 1623 369 1660 quidem,
388 1623 436 1651 sed
451 1623 563 1658 imagini
579 1622 765 1658 corruptibilis
781 1623 912 1652 hominis.
926 1626 961 1652 Et

161 1669 235 1704 quod
247 1669 301 1697 hoc
326 1667 543 1704 longedeterius,
557 1672 609 1702 est,
625 1667 660 1696 ad
670 1668 775 1704 reptilia
787 1669 869 1696 etiam
877 1668 959 1696 delati

160 1717 234 1748 sunt,
249 1713 307 1741 imo
327 1721 390 1741 vero
405 1717 433 1741 et
447 1712 483 1741 ad
507 1712 608 1741 horum
623 1713 768 1749 imagines,
784 1712 853 1741 adeo
878 1713 957 1741 lucu-

159 1759 247 1787 lenter
260 1758 440 1786 insanierunt.
470 1758 541 1786 Nam
565 1758 766 1795 cognitionem,
782 1766 866 1793 quam
882 1766 959 1794 opor-

160 1803 237 1832 tebat
253 1803 353 1832 habere
362 1803 396 1832 de
411 1811 455 1838 eo,
466 1803 513 1840 qui
529 1803 623 1831 omnia
638 1803 689 1839 13
706 1803 960 1839 incomparabiliter

1057 1275 1068 1288 ιι
1088 1262 1142 1293 Καὶ
1155 1262 1304 1298 ἠλλάξαντο
1327 1262 1372 1299 τὴν
1389 1262 1464 1297 δόξαν
1477 1265 1522 1293 τοῦ
1539 1262 1676 1304 ἀφθάρτου
1693 1263 1764 1292 Θεοῦ
1775 1262 1814 1291 ’ἐν

1015 1306 1166 1346 ὁμοιώματι
1182 1308 1280 1341 εἰκόνος
1299 1310 1414 1348 ψθαρτοῖὶ
1436 1307 1583 1349 ἀνθρώπου,
1604 1308 1649 1337 καὶ
1664 1308 1794 1336 πετεινῶν
1806 1329 1814 1342 ,

1016 1352 1060 1380 καὶ
1085 1352 1268 1391 τετραπόδων,
1292 1353 1338 1381 καὶ
1361 1354 1487 1392 ἑρπετῶν.
1508 1364 1522 1381 ›)
1553 1352 1586 1382 Ὁ
1609 1352 1770 1389 οἷλλοίσσων⁷
1800 1351 1815 1380 8

1015 1395 1086 1435 ἔχει,
1108 1397 1235 1426 ἀλλάσσει
1258 1397 1322 1436 πρὸς
1345 1397 1419 1427 ἄλλο.
1440 1393 1522 1437 Εἶχον
1536 1397 1588 1438 ἄρα
1610 1397 1655 1426 καὶ
1673 1396 1748 1425 αὐτοὶ
1763 1395 1813 1432 τὴν

1016 1443 1130 1480 γνῶσιν,
1148 1441 1217 1471 ἀλλὰ
1240 1442 1397 1482 προῦδωκαν
1426 1442 1507 1478 αὐτὴν
1532 1440 1575 1479 ⁴⁵,
1601 1441 1646 1471 καὶ
1675 1442 1813 1477 ἠθέλησαν

1014 1486 1080 1527 άλλο
1095 1498 1119 1515 τι
1142 1491 1230 1527 σχεῖν,
1250 1489 1316 1526 παρ’
1341 1486 1354 1516 ὃ
1379 1482 1465 1527 εἶχον,
1490 1487 1536 1517 καὶ
1561 1486 1684 1521 ἐξέπεσον
1712 1485 1758 1514 καὶ
1781 1481 1812 1515 οὗ

1014 1525 1097 1571 εἶχον.
1113 1525 1278 1570 Περιέθηκαν
1295 1525 1322 1560 δὲ
1341 1531 1388 1566 τὴν
1404 1525 1479 1566 δόξαν
1502 1535 1547 1561 τοῦ
1570 1532 1703 1572 ἀφθάρτου
1719 1532 1794 1561 Θεοῦ
1805 1555 1813 1567 ,

1014 1575 1076 1604 οὐδὲ
1088 1575 1234 1616 ἀνθρώπῳ,
1253 1577 1312 1605 ἄλλ’
1327 1575 1406 1605 εἶκόνι
1421 1576 1561 1616 ἀνθρώπου
1577 1576 1602 1600 "7
1624 1578 1748 1617 φθαρτοῦ,
1765 1576 1814 1604 καὶ

1015 1619 1044 1648 τὸ
1072 1619 1164 1649 τούτου
1192 1625 1295 1660 χεῖρον,
1324 1621 1368 1649 καὶ
1394 1621 1430 1654 εἷς
1457 1621 1555 1659 ἑρπετὰ
1583 1620 1813 1659 ξκατηνέχθησαν,

1017 1665 1118 1701 μᾶλλον
1149 1664 1175 1693 δὲ
1191 1667 1228 1699 εἰς
1248 1665 1296 1699 τὰς
1320 1665 1419 1694 τούτων
1445 1665 1563 1699 εἰκόνας·
1586 1666 1656 1695 οὕτω
1680 1666 1815 1706 λαμπρῶς

1015 1709 1161 1748 ἐμάνησαν.
1178 1710 1235 1746 Τὴν
1247 1709 1298 1750 γὰρ
1311 1712 1422 1749 γνῶσιν,
1442 1710 1474 1747 ἣν
1489 1711 1541 1740 ἔδει
1561 1710 1621 1750 περὶ
1640 1713 1688 1739 τοῦ
1703 1710 1814 1739 πάντων

1014 1755 1177 1795 ἀσυγκρίτως
1195 1755 1368 1795 ὑπερέχοντος
1395 1755 1481 1795 ἔχειν,
1509 1755 1609 1792 ταύτην
1638 1757 1676 1795 τῷ
1701 1754 1813 1784 πάντων

1014 1799 1179 1839 ἀσυγκρίτως
1192 1800 1368 1840 εὖτελεστέρῳ
1381 1801 1556 1840 περιέθηκαν.
1599 1799 1670 1834 Δόξα
1685 1799 1711 1828 δὲ
1728 1801 1812 1836 Θεοῦ,

160 1849 279 1884 excellit,
292 1849 363 1877 hanc
377 1849 411 1881 ei,
427 1848 502 1885 quod
516 1849 641 1877 omnium
654 1853 696 1877 est
710 1848 958 1885 incomparabiliter

1019 1844 1062 1881 τὸ,
1086 1846 1121 1879 ὡς
1146 1845 1284 1882 Ποιητὴν,
1310 1846 1344 1879 ὥς
1373 1845 1521 1886 προνοητὴν
1545 1845 1738 1884 γινώσκεσθαι,
1763 1845 1814 1874 καὶ

159 1895 334 1929 vilissimum,
345 1894 541 1922 attribuerunt.
555 1895 642 1922 Porro
657 1894 742 1930 gloria
750 1894 799 1922 Dei
821 1898 862 1921 est
872 1894 962 1930 ipsum

159 1948 210 1968 ceu
224 1941 396 1974 Creatorem,
421 1947 471 1968 ceu
491 1939 685 1975 providentem
706 1938 788 1967 rebus
804 1939 963 1966 mortalium

160 1985 371 2021 gubernatorem
394 1984 532 2020 cognosci,
559 1983 643 2019 idque
663 1991 749 2020 genus
772 1983 835 2017 alia,
855 1991 916 2019 quae
940 1983 963 2010 ei

1017 1885 1103 1919 τᾶλλα
1119 1890 1150 1918 τὰ
1172 1892 1243 1930 αὐτῷ
1259 1891 1405 1930 πρέποντα.
1420 1891 1498 1923 Τίνες
1518 1888 1544 1919 δὲ
1559 1893 1646 1919 ταῦτα
1669 1889 1812 1928 ἥμαρτον,

1017 1936 1053 1965 Οἱ
1071 1935 1282 1975 φιλοσοφώτατοι
1301 1935 1338 1973 «³⁸,
1366 1938 1390 1965 οἱ
1415 1935 1574 1974 Αἰγύπτιοι·
1599 1931 1669 1965 οὗτοι
1684 1935 1736 1976 γὰρ
1758 1935 1810 1968 τὰς

1018 1980 1070 2008 τῶν
1087 1980 1204 2019 ἑρπετῶν
1220 1979 1320 2013 εἰκόνας
1334 1985 1483 2020 περιεῖπον.

160 2030 336 2058 conveniunt.
351 2032 389 2057 At
402 2029 475 2056 enim
494 2028 540 2064 qui
565 2033 641 2062 sunt,
663 2027 709 2063 qui
733 2027 802 2056 adeo
824 2035 909 2063 usque
930 2027 1114 2064 deliquierunt
1129 2030 1140 2056 ?
1158 2029 1367 2065 Sapientissimi,
1394 2029 1517 2066 Egyptii.
1534 2031 1603 2057 Nam
1624 2034 1650 2058 et
1672 2029 1813 2066 reptilium

161 2075 290 2110 imagines
303 2073 342 2101 illi
355 2073 509 2102 coluerunt.

196 2124 285 2152 Vens.
301 2125 347 2157 24,
366 2125 411 2150 25.
430 2133 443 2148 ι(
457 2123 572 2157 Propter
595 2121 669 2158 quod
695 2120 810 2166 tradidit
821 2128 868 2150 eos
882 2123 958 2150 Deus
973 2134 997 2166 Ι)

160 2168 188 2196 in
202 2167 335 2196 desideria
347 2167 438 2196 cordis
457 2175 554 2195 eorum
569 2166 598 2194 in
617 2165 829 2202 immunditiam,
845 2171 877 2195 ut
891 2175 959 2195 con-

161 2213 274 2242 tumelia
297 2211 418 2241 afﬁciant
444 2219 559 2248 corpora
585 2220 635 2240 sua
660 2212 691 2239 in
717 2211 880 2248 semetipsis.
910 2212 960 2246 Qui

160 2262 402 2287 commutaverunt
416 2257 560 2285 veritatem
572 2257 618 2285 Dci
631 2257 658 2285 in
673 2256 860 2291 mendacium,
875 2261 903 2285 et
916 2265 961 2285 co-

162 2304 273 2332 luerunt
285 2307 313 2332 et
327 2302 480 2330 servierunt
493 2306 630 2330 creatura;
643 2301 734 2338 potius
752 2309 835 2338 quam
850 2302 960 2330 Creato-

162 2348 196 2383 ri,
208 2349 255 2385 qui
275 2352 317 2376 est
331 2347 492 2376 benedictus
507 2347 534 2375 in
548 2347 658 2376 saecula.
676 2348 773 2376 Amen.
794 2358 807 2372 ν
817 2362 852 2367 —
870 2356 884 2372 «
896 2347 963 2374 Tra-

162 2393 242 2428 didit,
266 2400 326 2429 pro,
341 2392 479 2427 Permisit,
501 2392 629 2421 dimisit:
645 2391 879 2429 quemadmodum
902 2399 960 2420 me-

161 2437 238 2466 dicus
243 2445 406 2467 succurrens
418 2437 566 2471 laboranti,
573 2437 672 2466 deinde
679 2436 776 2465 videns
786 2437 878 2473 ipsum
887 2436 961 2464 inor-

162 2483 255 2512 dinate
267 2491 297 2512 se
304 2487 457 2519 gerentem,
478 2491 528 2511 nec
541 2482 630 2511 diaetae
640 2481 844 2516 observantem,
858 2481 962 2518 sibique

160 2528 378 2565 immorigerum,
384 2527 470 2557 tradit
477 2535 543 2556 eum
550 2532 580 2556 ut
588 2527 774 2556 vehementius
781 2531 905 2564 aegrotet,
914 2534 962 2563 pro

161 2581 193 2602 eo
201 2573 275 2610 quod
284 2577 335 2608 est,
347 2572 449 2602 deserit
456 2581 534 2608 eum,
546 2577 574 2601 et
581 2572 716 2609 permittit
722 2577 754 2600 ut
760 2579 817 2600 suae
828 2571 961 2600 voluntati

161 2619 302 2656 indulgens
309 2627 324 2648 a
334 2619 431 2647 morbo
441 2626 498 2647 non
508 2618 764 2647 convalescat.Sunt
777 2617 835 2654 qui,
849 2617 960 2646 uTradi-

161 2665 200 2693 dit
209 2672 256 2693 eos
265 2666 369 2699 Deus,»
386 2663 424 2692 sic
433 2663 638 2698 intellexerunt,
654 2670 754 2699 nempe
766 2670 827 2699 pro,
839 2661 965 2691 Tradidit

161 2718 208 2739 eos
220 2710 318 2747 iniuria
329 2717 382 2746 qua
395 2710 487 2738 Deum
500 2708 667 2744 affecerunt,
680 2712 708 2737 et
720 2707 886 2745 petulantia:
900 2715 965 2744 per-

1057 2129 1071 2148 (ι
1086 2118 1132 2149 Διὸ
1147 2118 1192 2148 καὶ
1208 2118 1360 2159 παρέδωκεν
1383 2119 1478 2154 αὖτοὺς
1499 2119 1593 2154 ὁΘεὸς
1620 2121 1646 2150 ἐν
1671 2122 1728 2154 ταῖς
1749 2121 1813 2150 ἐπι-

1014 2163 1120 2202 θυμίαις
1146 2165 1198 2193 τῶν
1225 2164 1341 2203 καρδιῶν
1370 2165 1455 2194 αὐτῶν
1485 2166 1522 2198 εἷς
1550 2165 1736 2206 ἀκαθαρσίαν,
1765 2169 1813 2195 τοῦ

1014 2208 1186 2247 ἀτιμάζεσθαι
1215 2209 1249 2237 τὰ
1274 2209 1387 2246 σώματα
1413 2211 1500 2239 αὐτῶν
1522 2211 1548 2239 ἐν
1567 2211 1685 2244 ἑαυτοῖς·
1713 2209 1812 2244 οἵτινες

1015 2252 1183 2292 μετήλλαξαν
1194 2254 1220 2272 "9
1234 2253 1281 2290 τὴν
1295 2253 1419 2290 ἀλήθειαν
1441 2257 1485 2283 τοῦ
1508 2255 1579 2284 Θεοῦ
1595 2256 1621 2284 ἐν
1642 2257 1679 2295 τῷ
1700 2254 1813 2295 ψεύδει,

1015 2298 1060 2327 καὶ
1084 2297 1269 2334 ἐσεϐάσθησαν
1304 2299 1348 2328 καὶ
1379 2299 1542 2337 ἐλάτρευσαν
1569 2301 1601 2339 τῇ
1628 2299 1712 2329 κτίσει
1736 2300 1813 2340 παρὰ

1015 2342 1059 2372 τὸν
1076 2343 1229 2380 Κτίσαντα,
1254 2342 1280 2377 ὁ¹ς
1299 2345 1370 2373 ἐστιν
1395 2344 1533 2384 εὐλογητὸς
1559 2345 1595 2377 εἰς
1616 2343 1676 2376 τοὺς
1701 2345 1812 2378 αἷίἶινας.

1016 2387 1107 2426 Ἀμήν.
1123 2400 1137 2417 ι)
1151 2388 1208 2425 Τὸ,
1227 2399 1241 2416 ((
1256 2388 1416 2428 Παρέδωκεν
1428 2413 1435 2424 ,
1453 2402 1465 2415 ι»
1484 2388 1543 2418 ἀντὶ
1555 2392 1602 2418 τοῦ
1613 2412 1620 2426 ,
1638 2388 1747 2425 Εἴασεν,
1764 2390 1815 2418 ἄπ-

1017 2433 1117 2462 έλυσεν·
1129 2433 1218 2474 ὥσπερ
1234 2433 1321 2474 ἰατρὸς
1339 2435 1441 2473 βοηθῶν
1458 2436 1497 2474 τῷ
1515 2433 1643 2472 κάμνοντι
1654 2456 1662 2470 ,
1675 2428 1732 2463 εἶτα
1744 2436 1814 2473 ὁρῶν

1016 2479 1178 2508 ἀτακτοῦντα
1202 2478 1262 2518 περὶ
1280 2479 1329 2514 τὴν
1344 2478 1465 2516 δίαιταν,
1483 2479 1529 2508 καὶ
1545 2480 1704 2508 ἀπειθοῦντα
1723 2481 1813 2520 αὐτῷ,

1016 2523 1201 2563 παραδίδωσιν
1227 2523 1305 2553 αὐτὸν
1323 2525 1361 2563 τῷ
1380 2523 1424 2553 ἐπὶ
1439 2524 1519 2554 πλέον
1543 2524 1627 2554 νοσεῖν
1639 2545 1647 2560 ,
1663 2523 1721 2553 ἀντὶ
1744 2527 1790 2554 τοῦ
1802 2547 1810 2562 ,

1017 2568 1128 2598 ἀπολύει
1143 2568 1221 2598 αὐτὸν
1232 2568 1278 2598 καὶ
1293 2569 1324 2608 ἐᾷ
1336 2590 1343 2604 ,
1355 2568 1424 2598 ὥστε
1438 2570 1476 2608 τῷ
1489 2568 1578 2608 οἰκείῳ
1594 2568 1723 2606 θελήματι
1735 2569 1815 2609 χρώ-

1017 2624 1095 2652 μενον
1111 2612 1148 2651 μὴ
1175 2614 1384 2650 ἀνακομισθῆναι
1409 2615 1456 2648 τῆς
1482 2613 1571 2643 νόσου.
1615 2613 1693 2647 Τινὲς
1718 2614 1813 2650 δὲτὸ,

1020 2670 1035 2686 α
1054 2658 1215 2698 Παρέδωκεν
1231 2660 1245 2687 ὁ
1260 2657 1346 2697 Θεὸς,
1362 2669 1377 2687 ι)
1393 2657 1474 2692 οὕτως
1489 2658 1601 2695 ἐνόησαν
1612 2681 1620 2695 ,
1638 2657 1696 2687 ἀντὶ
1712 2661 1758 2687 τοῦ
1768 2681 1776 2697 ,
1794 2661 1812 2694 ἡ

1018 2704 1053 2737 εἷς
1067 2703 1110 2732 τὸν
1126 2703 1195 2734 Θεὸν
1211 2702 1300 2743 ὕϐρις,
1324 2703 1370 2732 καὶ
1392 2702 1517 2743 παροινία
1532 2712 1539 2720 ⁸
1564 2702 1655 2743 ὥσπερ
1678 2702 1792 2743 λέγομεν
1805 2727 1814 2743 ,

861 2768 955 2799 Variae
977 2768 1118 2799 lectiones

196 2826 218 2844 ⁴⁵
232 2825 386 2863 παραλαϐεῖν
402 2833 441 2854 m.
479 2824 502 2844 ⁴⁶
515 2823 606 2860 ταύτην
621 2833 647 2854 o.
687 2822 709 2842 ‘7
722 2826 774 2854 τοῦ.
815 2823 836 2841 ⁸⁸
851 2823 1046 2860 φιλοσοφώτεροι
1059 2831 1085 2851 ο.
1125 2822 1146 2839 ⁵³
1160 2822 1348 2858 μετηλλάξαντο
1362 2831 1398 2851 m.
