1927 3076
52 168 94 193 357

53 229 88 258 ὅτι
111 229 161 259 Τὸν
181 229 253 258 δεῖνα
275 227 398 258 ἀπώλεσε
421 229 451 258 τὸ
475 228 616 268 ἀργύριον·
634 229 722 259 καίτοι
748 230 778 259 οὐ
801 228 831 258 τὸ
845 231 872 262 Α

53 273 161 312 ἀργύριον
175 272 329 309 ἀπώλεσεν,
346 272 404 302 ἀλλ’
430 275 448 308 ἡ
474 273 646 314 παράχρησις
660 285 666 292 ·
687 274 748 309 καὶ,
772 273 828 303 Τὸν

53 318 130 348 Σαοὺλ
153 320 169 353 ἡ
203 318 326 357 βασιλεία
351 318 508 358 διέφθειρεν,
531 318 548 354 ἢ
575 319 620 348 τὸν
647 320 827 356 Σολομῶντα,

53 362 101 392 ἀντὶ
114 365 172 403 τοῦ,
188 361 223 393 ⁴Η
240 364 285 398 τῆς
304 362 440 402 βασιλείας
465 362 646 403 παράχρησις.
669 362 828 403 Παρεδόθη-

52 419 93 436 σαν
107 402 145 436 οὖν
160 407 202 436 διὰ
226 407 274 442 τὴν
300 407 399 436 οἰκείαν
415 407 563 448 μοχθηρίαν
583 409 618 441 είς
643 407 828 446 ἀκαθαρσίαν,

52 451 110 481 ὥστε
124 451 158 490 μὴ
172 453 275 482 δεῖσθαι
289 451 386 492 ἑτέρων
408 454 460 481 τῶν
486 452 660 492 ὑϐριζόντων,
679 453 738 482 ἀλλ’
755 452 829 481 αὐτοὶ

53 497 145 530 ἑαυτοὺς
158 497 263 536 ὕϐριζον
278 496 319 516 ⁵ο·
335 500 443 526 τοιαῦτα
458 497 509 537 γὰρ
524 497 558 526 τὰ
579 498 719 538 ἀκάθαρτα
739 497 826 533 πάθη.

53 541 124 572 Πόθεν
139 542 166 571 δὲ
182 543 219 575 εἰς
234 541 401 580 ἀκαθαρσίαν
424 541 595 580 ἔξεδόθησαν;
621 543 674 572 Ἐκ
693 544 739 578 τῆς
765 542 830 580 πρὸς

51 586 86 615 τὸν
99 586 163 616 Θεὸν
177 586 289 625 ὕϐρεως.
307 586 343 616 ⁸0
358 586 409 626 γὰρ
432 587 476 616 τὸν
492 587 562 616 Θεὸν
590 586 628 625 μὴ
651 585 733 615 θέλων
760 586 829 616 εἰδέ-

51 643 103 669 ναι,
117 630 187 664 εὐθὺς
202 632 248 660 καὶ
264 631 335 660 κατὰ
353 630 396 660 τὸν
423 631 478 670 βίον
506 631 700 671 διαφθείρεται·
726 632 761 664 ὥς
785 631 829 660 καὶ

51 677 61 703 ὁ
73 674 147 705 Δαυῒδ
161 676 231 714 λέγει
245 689 251 695 ·
269 691 280 702 ι
295 671 380 706 Εἶπεν
391 675 492 716 ἔρρων
505 677 565 706 Οὖκ
578 676 633 706 ἔστι
649 676 728 710 Θεός’
739 691 750 702 ι
764 671 831 712 εἶτα,

55 732 66 749 ιι
78 721 257 760 Διεφθάρησαν
280 721 325 751 καὶ
340 720 539 760 ἕϐδελύχθησαν
557 722 584 750 ἐν
600 721 802 758 ἐπιτηδεύμασι.
817 732 831 750 ιο

55 765 218 800 Μετήλλαξαν
234 761 279 795 οὖν
303 765 337 794 τὰ
355 767 459 802 ἀληθῶς
481 765 613 805 προσόντα
629 767 666 806 τῷ
682 766 760 805 Θεῷ,
787 765 832 794 καὶ

54 809 195 849 περιέθηκαν
208 810 277 839 αὐτὰ
290 814 342 844 τοῖς
356 810 465 850 ψευδέσι
478 811 555 844 θεοῖς,
571 811 627 847 Τὸ,
646 824 657 836 ι
669 809 835 846 Ἐσεὸάσθη-

53 865 94 882 σαν
107 867 118 881 ι
132 854 178 892 μὲν
193 851 254 891 οὖν’,
265 855 324 884 ἀντὶ
341 858 398 892 τοῦ,
417 854 546 893 ἐτίμησαν
559 864 566 871 ‘
579 855 609 884 τὸ
622 855 648 885 δὲ
660 877 667 891 ,
679 869 691 882 σι
705 855 759 886 Καὶ
771 855 835 884 ἐλά-

53 909 167 938 τρευσαν,
185 913 197 926 ι
212 900 272 929 ἀντὶ
287 902 346 937 τοῦ,
362 900 408 931 καὶ
423 900 472 936 τὴν
488 899 531 929 διὰ
548 902 601 930 τῶν
617 899 704 941 ἔργων
715 899 836 929 δουλείαν
851 921 875 953 Β

121 944 127 953 ι
232 945 343 953 .......
410 944 416 953 ι
467 946 501 953 ,.
576 944 583 953 ι
621 945 690 953 ...ι
762 944 782 953 ι.

54 944 220 983 προσήνεγκαν
232 945 269 974 ⁵¹.
287 946 375 975 Τοῦτο
390 944 441 985 γὰρ
463 947 479 980 ἡ
492 944 601 985 λατρεία
616 947 633 980 ἡ
655 945 696 974 διὰ
713 944 834 983 πράξεως

54 988 119 1026 τιμή.
139 989 191 1019 Καὶ
205 990 252 1019 ὠκ
268 984 340 1019 εἶπεν
358 984 466 1027 ἅπλῶς,
481 990 567 1026 ἀλλὰ,
583 1003 595 1015 ι
611 989 692 1030 Παρὰ
708 990 751 1019 τὸν
767 989 835 1020 Κτί-

54 1044 141 1072 σαντα,
154 1046 166 1063 ι)
198 1035 228 1063 ἐκ
245 1037 293 1070 τῆς
313 1035 477 1075 συγκρίσεως
501 1035 532 1064 τὸ
553 1034 677 1074 ἔγκλημα
705 1034 833 1075 ἐπαίρων.

54 1077 112 1108 Ἀλλ’
125 1079 228 1115 ἐκεῖνος,
244 1079 338 1119 φησὶν,
363 1093 374 1106 ι
391 1079 531 1118 εὖλογητός
557 1080 626 1109 ἔστιν
643 1081 679 1113 εἰς
696 1079 756 1113 τοὺς
769 1080 837 1108 αἰῶ-

54 1135 108 1162 νας,
119 1137 131 1149 ι
142 1123 287 1162 τουτέστιν,
301 1125 330 1154 οὗ
340 1123 500 1164 παρεϐλάϐη
515 1136 539 1154 τι
552 1125 583 1154 ἐκ
593 1127 639 1154 τοῦ
654 1124 716 1165 παρ’
730 1124 836 1154 ἐκείνων

53 1167 204 1208 ὕϐρισθῆναι·
233 1170 295 1199 ἀλλ’
321 1169 392 1200 ἔστιν
417 1170 559 1209 εὐλογητὸς
576 1170 612 1203 εἷς
638 1169 699 1204 τοὺς
720 1170 836 1209 αἰῶνας,

57 1213 171 1255 βεϐαίως,
185 1215 231 1245 καὶ
247 1216 375 1256 ἀσφαλῶς
385 1225 392 1232 ⁸
406 1217 484 1245 τοῖτο
499 1215 550 1255 γὰρ
566 1213 611 1251 τὸ,
634 1227 649 1242 α
667 1214 762 1253 Ἀμήν.
779 1226 793 1243 ν

92 1316 104 1333 ε
121 1304 168 1335 Διὰ
188 1307 265 1335 τοῦτο
288 1304 441 1344 παρέδωκεν
462 1305 557 1339 αὐτοὺς
577 1307 591 1335 ὃ
614 1304 682 1339 Θεὸς
707 1306 744 1339 εἰς
763 1304 836 1341 πάθη

56 1350 160 1388 ἀτιμίας,
176 1349 215 1382 Αἵ
235 1362 264 1380 τε
288 1351 339 1390 γὰρ
354 1351 458 1387 θήλειαι
483 1351 570 1380 αὐτῶν
593 1349 763 1389 μετήλλαξαν
789 1349 836 1385 τὴν

56 1395 155 1435 φυσικὴν
171 1397 267 1436 χρῆσιν
283 1397 320 1430 εἷς
333 1395 382 1432 τὴν
398 1395 472 1436 παρὰ
492 1394 580 1436 φύσιν.
606 1394 727 1434 Ὁμοίως
747 1394 773 1424 δὲ
791 1394 837 1424 καὶ

56 1440 75 1468 οἱ
91 1440 197 1480 ἄρρενες,
215 1440 324 1482 ἀφέντες
342 1440 390 1477 τὴν
403 1440 516 1482 φυσικὴν
539 1442 636 1481 χρῆσιν
651 1441 697 1475 τῆς
714 1439 836 1476 θηλείας,

58 1483 218 1522 ίξεκαύθησαν
242 1488 269 1515 ἐν
355 1485 438 1525 ὀρέξει
458 1487 546 1514 αὑτῶν
569 1487 604 1518 είς
632 1485 762 1520 ἀλλήλους
789 1485 837 1525 ἅρ-

58 1540 118 1562 σενες
139 1531 163 1559 ἐν
187 1531 282 1571 ἄρσεσι
305 1530 353 1566 τὴν
378 1529 570 1570 ἀσχημοσύνην
602 1530 838 1571 κατεργαζόμενοι,

59 1574 151 1610 καὶ-τὴν
174 1574 344 1614 ἀντιμισθίαν
368 1575 400 1611 ἣν
423 1575 476 1605 ἔδει
497 1577 545 1611 τῆς
568 1575 670 1611 πλάνης
686 1576 786 1612 αὓτῶν,
811 1576 837 1604 ἐν
853 1581 875 1612 C

59 1619 144 1653 ἕαυτοῖς
160 1620 406 1659 ἀπολαμϐάνοντες.
424 1634 436 1646 ν
450 1620 537 1650 Πάλιν
550 1619 597 1656 τὴν
613 1623 659 1650 τοῦ
669 1620 741 1649 Θεοῦ
757 1620 837 1659 ἔγκα-

59 1664 163 1705 τάλειψιν
185 1665 335 1705 παράδοσιν
358 1665 496 1704 ὀνομάζει,
515 1665 557 1694 διὰ
580 1666 656 1694 τοῦτο
673 1664 835 1705 γενομένην,

59 1708 114 1737 διότι
127 1709 287 1750 ἐλάτρευσαν
352 1710 446 1740 κτίσει.
461 1708 571 1750 Ὥσπερ
587 1705 632 1739 οὖν
654 1711 680 1739 ἐν
699 1714 752 1743 τοῖς
777 1710 838 1750 περὶ

60 1753 119 1782 Θεοῦ
141 1754 268 1794 δόγμασιν
280 1777 289 1791 ,
306 1754 414 1795 ἀφέντες
431 1754 479 1791 τὴν
497 1754 550 1784 ἀπὸ
565 1757 611 1790 τῆς
634 1754 743 1787 κτίσεως
762 1766 839 1794 χειρ-

60 1800 177 1838 αγωγίαν,
187 1799 368 1839 διεφθάρησαν
378 1811 385 1818 θ
401 1799 471 1830 οὕτω
484 1799 530 1829 καὶ
541 1801 566 1829 ἐν
581 1801 619 1839 τῷ
635 1799 685 1840 βίῳ
701 1799 839 1839 βδελυκτοὶ

60 1842 177 1880 ίγένοντο,
200 1844 310 1885 ἀφέντες
331 1843 378 1881 τὴν
402 1843 472 1874 κατὰ
487 1844 563 1885 φύσιν
583 1844 679 1880 ἡδονὴν
697 1843 773 1882 (ἥτις
794 1844 839 1873 καὶ

60 1887 207 1929 εὖκολωτέρα
231 1889 280 1919 καὶ
306 1888 418 1929 ἡδίων),
446 1888 492 1919 καὶ
516 1889 560 1919 ἐπὶ
588 1889 636 1925 τὴν
662 1889 737 1929 παρὰ
762 1888 839 1929 φύσιν

59 1931 226 1969 ὄλισθήσαντες
243 1934 319 1975 (ἥτις
334 1938 380 1963 καὶ
393 1934 580 1973 δυσκολωτέρα
597 1933 803 1975 καὶλάηδεστέρα
813 1935 834 1971 ).

61 1977 94 2006 Τὸ
109 1977 155 2017 γὰρ
169 1973 334 2017 μεταλλάξαι
348 1981 426 2009 τοῦτο
441 1979 526 2019 δηλοῖ,
543 1978 583 2008 δτι
598 1978 615 2007 ἃ
632 1973 704 2018 εἶχον
725 1979 840 2019 ἀφῆκαν,

61 2021 174 2052 καὶέλλα
188 2023 300 2054 εἴλοντο.
328 2023 422 2063 Μέγαν
446 2017 489 2053 οὖν
512 2017 841 2064 κατήγοροιέάμφοτέροις

60 2067 104 2100 τοῖς
126 2068 206 2106 γένεσι
226 2073 346 2109 παριστᾷ
360 2071 406 2098 καὶ
427 2067 476 2105 τὴν
498 2069 590 2110 φύσιν,
617 2069 649 2105 ἢν
671 2068 838 2108 παρέϐησαν.

62 2111 140 2141 Εἰπὼν
162 2113 210 2153 γὰρ
226 2113 357 2153 περὶτῶν
383 2114 492 2149 θηλειῶν
520 2112 761 2153 ἱπικεκρυμμένως
782 2115 842 2143 αἰσ-

62 2155 115 2195 χρόν
129 2169 167 2194 τι,
192 2158 237 2188 καὶ
253 2158 314 2188 οὐδὲ
339 2160 452 2198 ῥηθῆναι
474 2158 593 2198 πρέπον,
617 2158 689 2196 λέγει
712 2158 758 2188 καὶ
781 2158 841 2196 περὶ

62 2202 104 2229 τῖον
117 2202 212 2242 ἀνδρῶν
222 2225 230 2239 ,
249 2204 292 2233 ὅτι
306 2217 318 2229 ι
333 2202 532 2239 Ἐξεκαύθησαν
549 2204 585 2236 εἰς
605 2202 737 2238 ἀλλήλους
747 2226 754 2240 ,
773 2217 785 2228 κ
802 2198 841 2232 οἶ-

64 2255 128 2284 στρον
137 2247 180 2276 καὶ
191 2247 290 2286 μανίαν
301 2247 399 2283 δηλῶν.
418 2249 478 2278 Οὐκ
492 2242 550 2278 εἷπε
566 2247 608 2286 δὲ,
619 2247 676 2284 Τὴν
700 2247 840 2287 ἐπιθυμίαν

62 2292 283 2331 κατεργαζόμενοι,
307 2291 394 2331 ἀλλὰ,
421 2306 433 2320 ι
449 2292 507 2329 Τὴν
533 2292 738 2333 ἀσχημοσύνην,
757 2306 769 2319 ν
783 2293 843 2333 ,διι-

62 2333 113 2369 κνὺς
126 2335 162 2366 ὅτι
184 2337 231 2373 τὴν
258 2337 337 2378 φύσιν
359 2337 543 2378 κατῄσχυναν.
568 2332 700 2375 νἚττειδὴ
717 2337 745 2367 δὲ
769 2332 842 2367 εἶπεν

63 2378 96 2408 δτι
108 2395 118 2407 ι
133 2380 177 2412 Ἐν
192 2385 225 2422 τῇ
241 2381 324 2422 ὀρέξει
344 2381 539 2422 ἐξεκαύθησαν,
561 2396 573 2409 ι
595 2380 638 2412 ἵνα
654 2382 692 2421 μὴ
713 2381 842 2423 νομίσῃς,

64 2423 96 2453 ὅτι
121 2427 164 2462 τῆς
192 2427 333 2466 ἐπιθυμίας
362 2423 395 2463 ἧν
428 2426 458 2457 τὸ
483 2426 589 2466 νόσημα
617 2427 712 2466 μόνης,
745 2427 841 2464 Αὐτοὶ,

65 2470 132 2508 φησι,
150 2472 368 2512 κατειργάζοντο,
402 2471 540 2511 τουτέστι,
565 2472 682 2508 σπουδὴν
719 2473 842 2502 ἐποιοῦν-

64 2524 88 2542 το
109 2516 165 2555 περὶ
185 2516 232 2553 τὴν
257 2516 439 2557 ἀκαθαρσίαν,
470 2516 545 2558 ἔργον
567 2517 668 2555 ταύτην
692 2516 843 2558 τιθέμενοι,

64 2559 102 2588 καὶ
121 2560 160 2591 τὸν
181 2563 273 2599 μισθὸν
298 2563 346 2599 τῆς
371 2563 401 2592 ἐκ
425 2564 471 2592 τοῦ
491 2565 561 2594 Θεοῦ
588 2562 775 2600 ἀποστασίας,
797 2562 843 2592 καὶ

65 2603 119 2643 πρὸς
143 2608 174 2635 τὰ
204 2606 300 2637 εἴδωλα
333 2607 448 2644 πλάνης,
476 2607 712 2646 ἀπολαμϐάνοντες
741 2608 768 2637 ἐν
807 2610 840 2648 τῇ

66 2650 158 2691 τοιαύτῃ
173 2651 363 2693 ἀσχημοσύνῃ,
379 2652 425 2683 καὶ
440 2653 468 2682 ἐν
490 2653 558 2693 αὐτῇ
628 2653 709 2693 ἡδονῇ
728 2651 777 2689 τὴν
796 2652 840 2682 κό-

96 2725 108 2739 ¹
118 2723 186 2752 Psal.
201 2731 269 2760 xm,
282 2728 295 2753 1
305 2745 314 2760 ,
329 2727 358 2754 2.

501 166 677 194 EXPOSITIO
697 167 727 193 ΙΝ
750 166 851 194 EPIST.
873 167 917 193 AD
942 166 1023 194 [(UM.
1044 181 1079 186 —
1099 167 1174 194 CAP.
1195 167 1214 194 l.

1632 170 1684 196 358

887 228 950 256 inde
975 237 1009 256 ac
1032 228 1153 256 dicimus
1180 228 1254 264 quod
1277 238 1284 256 :
1310 230 1390 257 Hunc
1410 231 1528 265 pecunia
1555 231 1682 267 perdide-

884 273 918 300 rit
934 273 1026 309 :atqui
1041 278 1186 309 argentum
1201 281 1256 301 non
1274 273 1400 310 perdidit,
1418 274 1465 302 sed
1484 275 1583 303 abusus
1598 285 1604 303 :
1619 277 1684 303 Sau-

885 318 938 346 lem
959 318 1054 346 itidem
1074 326 1190 353 regnum
1213 318 1346 354 corrupit,
1360 323 1407 346 aut
1420 319 1609 352 Solomonem,
1631 328 1680 356 pro

884 371 916 391 co
930 362 1004 399 quod
1027 366 1076 397 est,
1103 363 1190 398 Regni
1214 363 1314 391 abusus
1338 363 1466 399 perdidit.
1491 364 1594 391 Traditi
1615 370 1680 392 sunt

884 415 949 443 ergo
963 415 1010 443 per
1021 407 1161 443 propriam
1173 407 1323 443 nequitiam
1338 416 1417 435 suam
1433 408 1466 436 ad
1478 408 1678 443 impuritatem,

886 457 916 480 ut
930 460 984 480 non
1000 460 1070 487 opus
1093 451 1239 480 habuerint
1263 452 1323 480 aliis
1339 452 1469 488 injuriam
1485 452 1681 487 inferentibus,

885 497 932 525 sed
951 496 1002 532 ipsi
1018 504 1048 524 se
1066 497 1234 524 contumelia
1247 496 1399 525 affecerunt
1416 507 1422 524 :
1439 497 1599 533 hujusmodi
1620 502 1684 526 sunt

887 542 960 570 enim
974 541 1073 577 impuri
1086 541 1122 569 illi
1144 541 1270 569 affectus.
1287 541 1369 570 Unde
1382 545 1474 570 autem
1489 541 1524 570 ad
1539 543 1684 578 impurita-

887 591 943 615 tcm
955 586 1048 614 traditi
1063 587 1147 614 sunt?
1166 587 1206 614 Ex
1229 586 1326 622 injuria
1344 587 1439 623 quain
1454 589 1542 615 Deum
1560 588 1684 624 impegi--

888 635 960 659 runt.
979 632 1051 659 Nam
1066 631 1112 667 qui
1131 632 1218 659 Deum
1232 640 1288 659 non
1304 632 1360 660 vult
1375 639 1466 665 nosse,
1482 632 1576 660 statim
1590 633 1685 661 invitae

888 677 972 704 etiam
1001 676 1126 704 moribus
1153 676 1340 712 corrumpitur
1362 687 1368 704 :
1398 677 1632 713 quemadmodum
1659 683 1689 706 et

889 720 974 749 David
990 721 1078 757 inquit
1095 730 1100 748 :
1122 732 1134 745 α
1152 721 1227 749 Dixit
1241 721 1384 757 insipiens,
1400 723 1462 750 Non
1472 726 1514 750 est
1529 724 1603 750 Deus
1618 727 1631 740 ³
1645 733 1651 750 :
1672 734 1684 747 ιι

889 767 961 794 illico
975 767 1106 800 subdens,
1125 778 1138 790 ι
1153 766 1281 802 Corrupti
1296 771 1361 794 sunt
1371 770 1398 794 et
1413 767 1613 796 abominabiles
1621 767 1686 797 facti

890 816 954 840 sunt
983 812 1011 839 in
1035 811 1134 839 studiis
1153 812 1220 840 suis.
1246 823 1259 836 ι»
1286 812 1499 840 Commutarunt
1520 813 1601 849 igitur
1625 821 1687 850 quae

891 864 952 884 vere
967 856 1000 884 ad
1016 857 1106 884 Deum
1130 856 1312 892 pertinebant,
1333 864 1417 892 eaque
1432 857 1486 885 diis
1509 858 1580 886 ﬁctis
1599 867 1686 894 appo-

890 905 1011 929 suerunt.
1026 902 1123 934 Porro,
1137 910 1151 927 «ι
1163 902 1315 935 coluerunt,
1327 911 1341 927 η
1359 902 1450 938 posuit
1465 910 1525 938 pro,
1537 902 1688 932 bonorave-

891 951 964 974 runt.
977 947 1012 974 Et
1036 958 1048 970 α
1074 946 1238 974 servierunt.
1256 957 1268 970 π
1286 954 1346 982 pro,
1371 947 1501 982 operibus
1528 948 1686 977 servitutem

892 991 1091 1019 exhibuerunt:
1114 991 1141 1019 id
1157 991 1231 1018 cuitu
1256 996 1297 1019 est
1325 991 1436 1026 λατρεία,
1462 991 1551 1020 honos
1572 994 1617 1028 qui
1639 1001 1688 1029 per

892 1043 960 1072 opus
971 1036 1124 1064 exhibetur.
1142 1037 1197 1064 Nec
1211 1036 1372 1072 simpllciter
1393 1036 1473 1069 dixit,
1498 1037 1547 1065 sed
1562 1049 1574 1062 ι
1591 1038 1688 1067 Potius

891 1088 973 1118 quam
985 1081 1116 1114 Creatori,
1134 1092 1146 1105 υ
1164 1089 1197 1108 ex
1220 1081 1425 1116 comparatione
1443 1081 1575 1111 delictum
1588 1090 1687 1120 aggra-

891 1127 1077 1154 vans.Verum
1086 1125 1139 1159 ille,
1153 1125 1250 1162 inquit,
1261 1137 1273 1149 ιι
1285 1126 1444 1154 benedictus
1458 1131 1500 1155 est
1512 1127 1539 1155 in
1551 1128 1662 1162 saecula,
1672 1138 1686 1154 ν

891 1170 943 1198 hoc
962 1174 1013 1204 est,
1035 1170 1102 1198 nihil
1125 1171 1275 1206 quidquam
1299 1171 1379 1199 lmsus
1402 1175 1444 1199 est
1456 1179 1491 1200 ex
1502 1172 1627 1208 ipsorum
1642 1173 1688 1201 in-

886 1215 970 1250 juria,
983 1215 1030 1243 sed
1042 1219 1083 1242 est
1100 1214 1259 1243 benedictus
1273 1215 1299 1243 in
1308 1223 1406 1251 aevum,
1426 1216 1560 1245 stabiliter
1574 1225 1606 1245 ac
1623 1225 1687 1246 cer-

892 1264 921 1288 to
938 1268 944 1287 :
959 1259 1013 1288 hoc
1021 1259 1093 1288 enim
1111 1261 1198 1287 :1an
1213 1260 1358 1296 signiﬁcat.

926 1306 1014 1333 Vens.
1038 1308 1082 1336 26.
1097 1307 1140 1332 27.
1164 1317 1176 1328 α
1197 1306 1343 1341 Propterea
1369 1305 1484 1335 tradidit
1507 1315 1554 1335 eos
1572 1309 1646 1336 Deus
1659 1308 1688 1336 in

891 1350 1030 1386 passiones
1047 1350 1214 1386 ignominiaa.
1227 1351 1350 1379 Feminm
1359 1352 1431 1379 enim
1443 1352 1567 1388 ipsorum
1583 1353 1685 1381 immu-

889 1399 982 1423 tarunt
998 1395 1152 1423 naturalem
1176 1403 1257 1423 usum
1278 1395 1306 1423 in
1322 1404 1396 1429 eum,
1414 1397 1460 1433 qui
1475 1401 1516 1425 est
1528 1401 1624 1426 contra
1637 1406 1689 1426 na-

891 1444 992 1468 turam.
1019 1439 1148 1468 Similiter
1167 1444 1193 1467 et
1215 1440 1340 1473 masculi,
1376 1441 1468 1469 relicto
1498 1443 1615 1471 naturali
1638 1451 1689 1471 usu

891 1484 1013 1517 feminis,
1025 1488 1186 1512 exarserunt
1201 1484 1227 1512 in
1235 1484 1379 1513 desideriis
1392 1486 1450 1514 suis
1464 1486 1536 1514 inter
1547 1495 1576 1515 se
1589 1491 1688 1516 mutuo

891 1529 1004 1558 masculi
1022 1530 1049 1557 in
1063 1530 1200 1558 masculos
1219 1530 1420 1566 turpitudinem
1434 1539 1512 1560 suam
1527 1537 1682 1568 operantes.

891 1579 919 1603 et
943 1574 1112 1608 mercedem,
1132 1582 1215 1610 quam
1238 1576 1370 1611 oportuit,
1387 1577 1488 1605 erroris
1515 1576 1568 1614 14
1587 1577 1629 1606 sui
1655 1578 1682 1605 in

895 1620 991 1656 seipsis
1002 1620 1171 1656 recipientes.
1191 1632 1202 1644 ν
1219 1621 1324 1649 Rursus
1340 1621 1389 1649 Dei
1402 1621 1609 1650 derelictionem
1633 1626 1691 1651 tra-

893 1665 1027 1694 ditionem
1040 1664 1175 1699 nominat,
1185 1670 1328 1702 propterea
1343 1666 1456 1701 factam,
1468 1667 1540 1703 quod
1555 1668 1692 1696 inservie-

893 1714 957 1738 runt
969 1713 1113 1738 creatum.
1134 1711 1209 1739 Sicut
1226 1718 1290 1746 ergo
1309 1711 1336 1739 in
1358 1711 1389 1739 iis
1403 1719 1465 1748 quae
1484 1712 1518 1740 de
1534 1714 1592 1740 Deo
1613 1716 1690 1741 erant

893 1755 1078 1792 dogmatibus,
1099 1761 1203 1785 natura:
1223 1756 1468 1785 manuductionem
1497 1757 1691 1793 relinquentes,

894 1802 1014 1837 corrupti
1039 1807 1128 1836 erant;
1145 1801 1182 1829 ita
1196 1806 1224 1829 et
1238 1801 1319 1829 invita
1343 1801 1520 1829 exsccrabiles
1536 1801 1599 1830 facti
1615 1807 1690 1836 sunt,

895 1845 1076 1881 dimittentes,
1089 1853 1152 1882 qua
1165 1845 1316 1874 secundum
1339 1850 1468 1874 naturam
1488 1850 1541 1880 est,
1568 1847 1692 1882 volupta-

895 1895 951 1919 tem
969 1891 1039 1928 (quae
1058 1896 1085 1919 et
1102 1890 1207 1919 facilior
1228 1895 1300 1919 esset
1320 1894 1347 1918 et
1367 1891 1500 1925 suavior),
1521 1895 1550 1919 et
1569 1891 1603 1920 ad
1629 1899 1690 1920 eam

895 1944 957 1973 qua:
968 1940 1200 1972 praternaturam
1221 1939 1263 1964 est
1278 1937 1350 1972 (qua:
1371 1940 1399 1963 et
1413 1935 1545 1964 difﬁcilior
1571 1940 1598 1964 et
1620 1935 1693 1973 iniu-

896 1981 1021 2016 cundior)
1042 1981 1168 2018 prolapsi.
1193 1981 1342 2009 lmmutare
1373 1979 1448 2008 enim
1469 1980 1523 2009 hoc
1544 1981 1690 2017 signiﬁcat,

896 2026 972 2063 quod
989 2034 1051 2063 quae
1074 2026 1214 2054 habebant
1232 2025 1402 2059 dimiserunt,
1425 2030 1451 2054 et
1464 2026 1516 2053 alia
1541 2025 1690 2062 elegerunt.

896 2073 1027 2108 Magnum
1038 2071 1122 2107 igitur
1136 2074 1325 2099 accusatorem
1337 2070 1444 2107 utrique
1454 2070 1542 2104 sexui,
1564 2074 1690 2099 naturam

896 2124 978 2153 quam
998 2116 1157 2152 transgressi
1172 2120 1246 2148 sunt,
1261 2115 1413 2144 constituit.
1429 2117 1500 2144 Cum
1515 2116 1590 2144 enim
1604 2115 1638 2144 de
1653 2115 1694 2144 fe-

896 2161 976 2189 minis
991 2165 1077 2197 turpe
1089 2160 1219 2197 quiddam
1242 2160 1353 2189 dixisset
1375 2169 1407 2189 ac
1431 2160 1590 2189 indecorum
1614 2161 1694 2197 plane

896 2206 979 2240 dictu,
1001 2205 1034 2234 de
1057 2205 1180 2234 maribus
1199 2205 1281 2234 etiam
1297 2205 1344 2239 ait,
1359 2205 1433 2242 quod
1447 2206 1598 2234 exarserint
1620 2206 1694 2234 inter

897 2259 955 2280 sese
967 2254 1075 2285 mutuo,
1094 2255 1209 2279 (nstrum
1228 2254 1257 2279 et
1269 2250 1395 2279 furorem
1407 2250 1541 2279 indicans.
1561 2252 1623 2279 Non
1641 2258 1693 2279 au-

896 2301 955 2326 tem
967 2296 1049 2330 dixit,
1063 2295 1321 2332 Concupiscentiam
1335 2300 1487 2332 operantes,
1503 2295 1552 2324 sed
1567 2307 1578 2319 -ι
1594 2296 1693 2332 Turpi-

896 2341 1032 2377 tudinem,
1062 2353 1075 2366 ι
1100 2341 1229 2376 innuens,
1246 2340 1322 2378 quod
1344 2344 1471 2369 naturam
1491 2340 1694 2377 pudefecerint.

895 2387 1032 2424 Quoniam
1045 2393 1110 2414 vero
1120 2385 1200 2419 dixit,
1211 2397 1224 2410 α
1235 2387 1266 2414 In
1277 2385 1427 2422 cupiditate
1438 2390 1612 2420 exarserunt,
1631 2398 1644 2412 η
1659 2394 1695 2415 ne

895 2432 955 2469 quis
971 2431 1141 2460 existimaret
1155 2430 1313 2467 cupiditatis
1332 2431 1527 2460 tantummodo
1542 2439 1601 2460 esse
1618 2439 1692 2460 mor-

896 2477 974 2512 bum,
995 2476 1060 2513 Ipsi,
1093 2475 1192 2513 inquit,
1217 2476 1410 2512 operabantnr,
1427 2476 1480 2505 hoc
1507 2480 1560 2511 est,
1580 2476 1695 2505 studiosi

897 2530 928 2550 ac
946 2522 1093 2558 diligentes
1115 2525 1194 2549 erant
1217 2521 1288 2549 circa
1301 2520 1502 2557 impuritatem,
1521 2529 1589 2558 opus
1604 2521 1693 2558 ipsam

897 2566 1038 2602 facientes,
1063 2571 1091 2594 et
1105 2565 1262 2594 mercedem
1282 2565 1442 2594 defectionis
1456 2574 1470 2594 a
1487 2568 1558 2601 Deo,
1574 2570 1602 2594 et
1617 2574 1694 2594 erro-

894 2612 932 2640 ris
947 2611 1117 2640 idololatrici
1146 2611 1307 2648 recipientes
1328 2611 1356 2640 in
1383 2611 1433 2640 tali
1466 2610 1636 2648 turpitudine
1673 2615 1699 2639 et

894 2657 923 2685 in
935 2657 992 2693 ipsa
1019 2657 1169 2694 voluptate,
1190 2661 1221 2685 ut
1239 2664 1301 2693 quae
1328 2661 1429 2693 prazter
1445 2660 1585 2684 naturam
1610 2656 1652 2684 sit
1670 2660 1698 2683 et

745 2779 840 2810 Variae
859 2779 1008 2811 lectiones.

97 2824 117 2841 '°
128 2825 229 2863 ὕϐριζειν
244 2836 283 2857 tn.
319 2828 341 2846 “
355 2829 509 2864 προσέθηκαν
523 2837 550 2858 o.
