1927 3076
239 162 290 189 359

719 164 975 194 THEOPHYLACTI
994 166 1173 196 BULGARIIE
1191 168 1348 198 ARCHIEP.

1830 171 1873 199 360

237 223 404 259 impuritatis
428 224 517 260 plena,
545 233 654 261 pcenam
677 225 821 256 habentes.
847 228 923 256 Dicit
943 233 1031 258 autem

1093 231 1169 260 λασιν
1185 231 1305 272 ἔχοντες,
1320 233 1355 265 ὡς
1371 231 1445 271 παρὰ
1464 231 1541 272 φύσιν
1561 231 1626 271 οὔσῃ
1643 231 1690 278 καὶ
1704 232 1800 278 πλήρει
1816 235 1872 261 dna-

237 268 290 295 hoc
310 268 422 303 Paulus,
436 269 512 305 quasi
535 270 659 299 nondum
676 273 798 307 potuerit
817 273 857 301 eis
871 274 1035 309 persuadere

237 320 295 340 esse
307 312 475 348 gehennam.
490 315 592 350 Ipsam,
602 315 704 352 inquit,
717 317 890 346 immundam
900 319 1036 354 operatio-

237 365 315 391 nem,
339 359 504 394 supplicium
519 359 563 388 ilis
575 368 637 388 esse
655 361 746 395 crede,
772 362 795 390 si
809 363 932 391 nondum
947 364 1035 392 credis

237 401 270 430 de
283 402 406 437 gehenna
421 404 607 433 sermonibus.

274 447 363 476 Vsus.
379 450 425 475 28'
443 459 456 472 α
473 450 513 476 Ac
528 449 600 477 sicut
615 457 671 478 non
686 450 870 486 probaverunt
884 455 974 481 Deum
990 454 1036 482 ha-

238 491 300 519 bere
317 492 345 520 in
359 493 467 528 notitia,
482 494 594 522 tradidit
616 502 663 523 eos
677 496 751 523 Deus
766 497 794 524 in
807 498 956 533 reprobum
970 507 1034 526 sen-

236 544 308 570 sum,
324 541 355 564 ut
368 536 472 565 faciant
485 546 527 570 ea,
541 546 603 574 qua:
618 547 674 567 non
698 542 872 570 conveniunt.
889 554 902 567 η
920 545 962 571 En
974 543 1034 579 jam

236 581 317 609 tertio
327 581 450 618 ejusdem
465 583 609 612 sententiae
624 585 762 620 meminit,
772 586 925 623 eademque
940 588 1034 617 dictio-

236 633 272 654 ne
284 630 326 655 est
338 635 412 658 usus,
429 639 441 651 α
461 627 595 663 Tradidit,
625 641 639 653 τι
655 630 788 665 inquiens.
806 632 917 668 Ubique
940 638 1034 662 autem

237 670 418 699 derelictionis
447 672 497 700 Dei
529 680 652 707 causam,
682 675 839 704 mortalium
866 676 1034 713 impietatem

236 722 296 743 esse
306 714 383 749 dicit,
399 716 439 744 uti
454 721 481 744 et
501 725 574 745 nunc
592 717 715 754 quidem.
741 731 754 743 «
769 720 843 748 Sicut
864 729 919 748 non
935 722 1033 757 proba-

237 764 337 787 verunt
362 761 451 788 Deum
471 761 573 790 habere
596 762 626 790 in
653 764 818 800 cognitione,
850 766 961 794 tradidit
985 775 1033 795 eos

236 805 332 838 (Deus)
345 816 356 828 ια
371 805 399 832 in
406 806 554 841 passiones.
568 807 681 842 Injuria,
692 808 790 845 inquit,
798 817 852 845 qua
866 812 955 839 Deum
969 811 1033 840 affe-

235 853 342 883 cerunt,
363 857 420 877 non
440 858 473 878 ex
499 851 654 887 ignorantia
668 854 810 888 processit,
825 855 873 883 sed
886 863 901 883 ει
915 855 1032 884 medita-

236 894 308 922 tione
317 898 343 922 et
355 894 457 923 studio.
465 896 527 923 Non
536 896 610 924 enim
620 897 700 929 dixit,
715 898 956 933 Quemadmodum
977 909 1034 929 non

236 943 370 966 noverunt
388 941 491 974 Deum,
506 940 555 969 sed
569 954 579 965 ιι
598 942 841 977 Quemadmodum
856 953 912 973 non
932 946 1032 981 proba-

235 988 342 1018 verunt,
356 996 368 1008 ν
389 983 441 1012 hoc
456 989 507 1019 est,
523 990 682 1015 statuerunt
704 989 796 1017 Deum
822 989 847 1017 in
865 990 958 1018 notitia
974 999 1031 1019 non

235 1032 336 1062 tenere,
352 1037 383 1056 ac
391 1034 487 1065 suapte
504 1035 601 1066 sponte
618 1032 789 1068 impietatem
803 1034 956 1070 elegerunt.
972 1037 1033 1064 Non

235 1071 317 1108 igitur
330 1074 418 1101 carnis
434 1079 500 1102 sunt
519 1080 639 1111 peccata,
661 1081 691 1104 ut
705 1078 816 1113 quidam
839 1079 1033 1108 hazreticorum

235 1121 340 1152 putant,
364 1125 458 1146 verum
474 1120 594 1155 corrupti
613 1120 722 1156 judicii.
745 1122 872 1151 Primum
895 1124 1030 1159 igiturilli

235 1162 449 1197 reprobaverunt
462 1171 543 1192 nosse
557 1166 658 1199 Deum,
673 1166 792 1202 ideoque
811 1169 887 1196 Deus
910 1169 1033 1204 permisit

234 1206 295 1234 illos
307 1206 341 1235 ad
354 1208 500 1243 reprobam
512 1214 632 1237 mentem
647 1210 757 1238 deferri.
781 1212 896 1240 Aversio
913 1221 1034 1250 namque

234 1251 285 1278 Dei
304 1256 332 1279 et
343 1252 492 1286 derelictio,
513 1254 622 1282 traditio
646 1256 804 1284 nominatur
827 1257 855 1285 in
880 1258 1031 1294 Scriptura.

235 1295 354 1330 Quidam
379 1304 443 1325 vero
457 1305 472 1325 e
494 1298 594 1326 sanctis
617 1301 741 1328 Patribus
768 1302 881 1337 eleganti
908 1304 1033 1339 exemplo

235 1340 276 1368 usi
292 1345 367 1375 sunt,
383 1349 436 1377 quo
449 1342 617 1378 explanatur.
636 1355 648 1368 α
660 1345 783 1373 Tradidit
794 1354 841 1374 eos
856 1347 907 1382 15
918 1349 1001 1376 Deus.
1018 1360 1031 1372 ι»

235 1385 358 1419 Perinde,
373 1386 510 1422 inquiunt,
530 1395 563 1415 ac
575 1389 598 1415 si
615 1389 677 1424 quis
698 1390 851 1424 conuiveat,
867 1392 965 1420 nolens
990 1392 1032 1420 vi—

235 1429 300 1457 dere
317 1430 414 1464 solem,
430 1430 530 1459 deinde
544 1432 624 1460 cadat
637 1433 665 1460 in
679 1434 816 1469 scrobem,
832 1435 961 1470 dicimus,
987 1438 1032 1465 Sol

233 1482 290 1501 non
312 1475 386 1503 visus
406 1475 480 1503 hunc
495 1476 523 1503 in
543 1476 644 1504 fossam
661 1477 762 1513 dejecit
787 1489 793 1507 :
821 1487 876 1507 non
900 1480 975 1516 quod
995 1482 1033 1510 ira

232 1519 350 1554 percitus
364 1520 405 1548 sol
422 1520 565 1549 hominem
587 1521 728 1558 dejeeerit,
748 1531 845 1552 verum
867 1525 940 1559 quod
966 1534 1033 1554 ocu-

233 1563 274 1591 los
288 1563 347 1600 ejus
370 1564 625 1593 nouillustraverit.
647 1568 712 1595 Jam
731 1567 807 1604 quod
829 1577 886 1597 non
911 1570 1032 1600 illuxerit

232 1608 328 1642 oculis,
344 1610 415 1636 unde
429 1611 489 1638 est?
512 1613 536 1638 Α
554 1611 708 1646 claudente,
732 1613 867 1648 videlicet,
883 1616 989 1651 oculos,
1004 1621 1032 1644 et

232 1653 402 1681 connivente.
425 1654 469 1682 Sic
491 1660 518 1683 et
540 1657 616 1685 Deus
640 1657 752 1686 tradidit
773 1667 820 1688 eos
841 1659 869 1687 in
893 1662 1032 1697 passiones

233 1697 404 1734 ignominiae,
425 1707 543 1734 quanam
559 1702 683 1729 ratione?
705 1705 766 1731 Non
790 1705 901 1740 agnitus
916 1706 1031 1734 homini-

233 1742 293 1770 bus.
308 1743 388 1777 Quod
402 1752 466 1772 vero
478 1753 534 1773 non
548 1745 581 1773 sit
601 1748 720 1782 agnitus,
746 1749 836 1777 unde?
857 1751 900 1778 Ab
914 1751 976 1785 illis,
991 1752 1030 1779 ni-

233 1787 346 1820 mirum,
375 1789 422 1824 qui
449 1797 505 1818 non
528 1792 722 1827 probaverunt,
749 1802 799 1822 nec
825 1800 980 1825 statuerunt
1001 1801 1032 1825 ut

231 1838 410 1869 agnoscerent
420 1834 522 1870 ipsum.

267 1878 356 1906 Vens.
382 1881 427 1906 29.
452 1892 464 1904 ιι
487 1881 619 1917 Repletos
640 1883 717 1911 omni
742 1884 884 1921 injustitia.
912 1898 923 1910 α
948 1887 1032 1922 Vide,

230 1923 334 1961 singula
347 1933 411 1953 cum
432 1927 645 1962 ampliﬁcatione
666 1930 801 1960 dicuntur.
832 1944 844 1957 ιι
862 1934 994 1969 Repletos
1015 1947 1028 1959 υ

234 1969 319 2003 enim,
336 1970 444 2006 inquit,
460 1976 488 1999 et
514 1985 526 1997 ι
544 1975 620 2002 omni
641 1975 667 2002 in
687 1976 795 2012 justitia
820 1988 827 2006 :
845 1989 857 2002 υ
881 1979 1028 2015 universae,

231 2014 345 2048 scilicet,
367 2015 480 2045 malitiae
499 2025 658 2048 mensuram
673 2021 848 2057 attingentes.
873 2024 955 2058 Dein,
969 2014 1030 2061 spe?

231 2061 284 2087 cies
298 2059 410 2088 malitiae
423 2067 560 2090 recenset.

266 2116 277 2128 α
286 2105 486 2135 Fomicatione.
501 2119 513 2131 ιι
526 2109 645 2137 Omnem
657 2109 815 2146 simpliciter
824 2112 1026 2149 impuritatem,

232 2148 420 2178 fornicationis
434 2152 548 2180 nomine
563 2154 727 2190 complexus
741 2159 795 2184 est.

266 2205 280 2221 ι(
299 2196 435 2223 Versutia.
453 2207 465 2218 ιι
480 2197 586 2226 lusidiis
601 2206 664 2235 erga
685 2201 853 2236 proximum.

266 2252 279 2264 ‹ι
308 2240 438 2268 Avaritia.
466 2252 479 2265 ν)
505 2242 685 2272 Pecuniarum
711 2249 738 2274 et
761 2246 923 2276 facultatum
945 2249 1025 2285 cupi-

229 2285 326 2313 ditate.

267 2343 280 2356 α
296 2333 432 2369 Nequitia.
446 2344 459 2360 »
476 2334 612 2362 Vindicta:
625 2333 736 2364 affectu.

266 2388 279 2401 α
308 2378 408 2406 Plenos
423 2378 534 2412 invidia,
561 2379 720 2408 homicidio.
759 2392 772 2405 ν
798 2383 948 2419 Nunquam
968 2391 1024 2412 non

230 2420 408 2451 homicidium
434 2427 520 2452 estex
539 2423 652 2452 invidia.
672 2425 718 2453 Sic
730 2425 799 2454 Abel
815 2426 919 2456 invisus
939 2428 1025 2457 Caino

229 2465 367 2501 redditus,
390 2469 495 2497 occisus
520 2473 562 2497 est
578 2473 602 2504 ',
635 2473 664 2498 et
691 2471 794 2507 Joseph
826 2472 1026 2503 interimendus

230 2516 298 2540 erat.

266 2568 278 2582 ιι
303 2558 492 2594 Contentione,
512 2558 586 2588 dolo.
610 2571 623 2585 υ
640 2561 678 2588 Ex
692 2560 790 2590 invidia
810 2566 838 2590 et
851 2562 924 2600 liset
944 2563 1025 2593 dolus

228 2602 375 2639 prodeunt,
391 2604 425 2633 ad
442 2604 588 2640 perniciem
604 2605 661 2641 ejus
676 2606 718 2634 cui
734 2607 881 2636 invidetur.

261 2660 275 2673 α
293 2649 472 2685 Malignitate.
491 2661 504 2674 ιι
528 2649 666 2679 Profunde
678 2651 813 2681 occultata
834 2653 949 2690 malitia,
962 2663 1025 2692 qua:

227 2692 349 2722 bonitate
361 2694 480 2731 quadam
495 2695 531 2723 sit
545 2694 641 2724 oblita.

263 2747 275 2759 '
293 2742 363 2770 Gen.
378 2751 419 2777 rv,
435 2744 480 2771 37.

1051 1554 1074 1584 C

1039 2210 1064 2241 Ι)

1091 277 1212 316 θαρσίας.
1231 277 1311 316 Λέγει
1333 277 1360 305 δὲ
1376 280 1452 306 τοῦτο
1476 279 1490 306 6
1504 278 1627 313 Παῦλος,
1650 276 1693 306 οἶα
1709 276 1791 315 μήπω
1807 277 1873 306 δυνά-

1090 332 1166 358 μενος
1181 321 1276 355 αὖτοὺς
1296 326 1387 352 πεῖσαι
1398 321 1433 359 ⁵²,
1448 321 1487 351 ὅτι
1503 323 1559 351 ἔστι
1580 321 1683 360 γέεννα.
1701 322 1791 357 Αὐτὴν
1815 322 1874 361 γὰρ,

1090 366 1170 406 φησὶ,
1196 366 1244 402 τὴν
1270 368 1420 406 ἀκάθαρτον
1443 367 1556 406 πρᾶξιν,
1581 366 1691 396 κόλασιν
1709 367 1795 400 αὐτοῖς
1816 362 1874 396 εἶναι

1090 410 1214 447 πίστευε,
1231 411 1305 452 εἴπερ
1319 412 1439 445 ἀπιστεῖς
1452 412 1504 445 τοῖς
1522 411 1581 452 περὶ
1598 411 1704 451 γεέννης
1716 411 1811 451 λόγοις.

1131 467 1145 484 α
1163 456 1217 486 Καὶ
1245 457 1331 490 καθὼς
1347 457 1395 486 οὐκ
1422 456 1586 495 ἐδοκίμασαν
1615 455 1659 486 τὸν
1687 456 1745 486 θεὸν
1769 456 1836 495 ἔχειν
1851 459 1874 486 ἐν

1090 501 1246 540 ἐπιγνώσει,
1269 501 1423 539 παρέδωκεν
1449 501 1545 535 αὖτοὺς
1569 503 1583 530 6
1609 501 1677 534 Θεὸς
1700 502 1735 534 εἷς
1758 501 1873 539 ἀδόκιμον

1090 548 1148 574 νοῦν
1158 569 1165 582 ,
1184 550 1269 575 ποιεῖν
1284 545 1317 576 τὰ
1341 546 1379 583 μὴ
1394 545 1556 582 καθήκοντα.
1576 559 1588 572 ι
1604 544 1671 576 Ἰδοὺ
1689 546 1718 574 ἐκ
1732 548 1819 585 τρίτου
1835 548 1875 581 τῆς

1090 590 1170 626 αὐτῆς
1194 590 1293 624 ἐννοίας
1303 591 1329 610 ⁵³
1346 590 1481 629 ἐμνήσθη,
1506 591 1551 620 καὶ
1631 592 1700 630 αὖτῇ
1718 589 1786 624 λέξει
1806 590 1876 630 ἐχρή-

1088 646 1165 672 σατο,
1181 645 1195 664 »
1218 635 1394 675 Παρέδωκεν,
1407 649 1418 662 ιι
1431 636 1521 666 εἰπών.
1540 637 1685 675 Πανταχοῖὶ
1705 635 1733 664 δὲ
1748 637 1794 670 τῆς
1807 636 1876 674 ἐγκα-

1089 679 1233 720 ταλείψεως
1247 683 1292 710 τοῦ
1308 681 1379 711 Θεοῦ
1402 680 1489 710 αἰτίαν
1499 703 1506 716 ,
1528 681 1576 717 τὴν
1593 682 1646 710 τῶν
1663 679 1807 720 ἀνθρώπων
1822 680 1876 708 ἄσε-

1089 719 1246 753 ϐειανεῖναι
1269 725 1355 764 λέγει,
1377 724 1468 764 ὥσπερ
1490 720 1533 754 οὖν
1552 724 1598 754 καὶ
1615 728 1670 755 νῦν.
1698 737 1710 750 ι
1727 723 1821 757 Καθὼς
1834 724 1876 753 οὖκ

1089 769 1253 808 ἐδοκίμασαν
1276 769 1320 799 τὸν
1337 769 1408 800 Θεὸν
1423 769 1494 810 ἔχειν
1517 771 1544 799 ἐν
1558 769 1716 808 ἐπιγνώσει,
1732 769 1874 809 παρέδωκεν

1089 813 1182 848 αὐτοὺς
1195 816 1231 847 εἷς
1242 814 1276 843 τὰ
1288 814 1373 851 πάθη.
1386 827 1398 841 ν
1411 816 1470 845 Οὐκ
1483 815 1588 855 ἀγνοίας
1596 837 1604 851 ,
1622 814 1703 855 φησὶν
1711 837 1720 852 ,
1732 813 1800 842 ἀλλὰ
1811 812 1876 851 μελέ-

1088 870 1149 895 της,
1165 861 1181 894 ἡ
1199 859 1235 892 εἰς
1249 859 1319 889 Θεὸν
1333 859 1415 898 ὕϐρις.
1428 860 1470 890 Οὐ
1481 859 1532 899 γὰρ
1544 854 1615 895 εἶπε,
1628 854 1724 892 Καθὼς
1739 859 1786 887 οὖκ
1800 857 1874 895 ἔγνω·

1091 915 1138 932 σαν
1154 903 1197 933 τὸν
1216 903 1302 944 Θεὸν,
1329 903 1417 941 ἀλλὰ,
1445 917 1457 931 κ
1483 903 1579 938 Καθὼς
1599 905 1647 933 οὖχ
1672 903 1846 941 ἐδοκίμασαν,
1865 915 1875 927 ι

1088 947 1146 977 ἀντὶ
1164 951 1225 986 τοῦ,
1244 948 1350 988 ἔκριναν
1366 948 1403 987 μὴ
1426 949 1497 989 ἔχειν
1519 949 1563 979 τὸν
1581 949 1649 980 Θεὸν
1675 949 1703 977 ἐν
1731 946 1875 986 ἐπιγνώσει.

1088 993 1133 1021 καὶ
1158 992 1259 1027 ἑκόντες
1287 992 1387 1023 εἴλοντο
1416 993 1465 1029 τὴν
1492 994 1628 1023 ἀσέϐειαν.
1658 994 1720 1023 Οὖκ
1745 992 1796 1032 ἄρα
1823 991 1874 1020 οὐδὲ

1087 1039 1134 1072 τῆς
1152 1037 1249 1078 σαρκός
1265 1038 1316 1067 εἰσι
1330 1037 1363 1067 τὰ
1378 1038 1538 1077 πταίσματα
1549 1062 1556 1076 ,
1574 1039 1610 1072 ὥς
1624 1050 1693 1072 τινες
1715 1039 1768 1067 τῶν
1788 1038 1875 1076 αἱρετι-

1087 1083 1139 1111 χῶν
1159 1094 1254 1122 φασιν,
1272 1083 1340 1112 ἀλλὰ
1359 1085 1405 1118 τῆς
1425 1083 1616 1124 διεφθαρμένης
1637 1082 1758 1123 κρίσεως.
1778 1082 1874 1121 Πρῶτοι

1087 1129 1150 1166 γοῦν
1171 1128 1265 1157 ἐκεῖνοι
1288 1127 1490 1166 ἀπεδοκίμασαν
1505 1128 1536 1157 τὸ
1561 1128 1657 1158 εἰδέναι
1672 1127 1719 1157 τὸν
1737 1125 1818 1162 Θεὸν,
1835 1125 1872 1154 καὶ

1087 1171 1146 1201 τότε
1164 1173 1178 1200 6
1192 1172 1259 1205 Θεὸς
1282 1172 1370 1202 εἴασεν
1396 1171 1492 1206 αὐτοὺς
1507 1174 1541 1206 εἷς
1564 1173 1692 1212 ἀδόκιμον
1715 1174 1774 1201 νοῦν
1790 1182 1874 1200 κατεν-

1088 1218 1207 1256 εχθῆναι.
1219 1216 1255 1246 Ἣ
1266 1216 1317 1256 γὰρ
1329 1218 1484 1258 ἀποστροφὴ
1498 1220 1544 1247 τοῦ
1553 1220 1636 1256 Θεοῦ,
1647 1218 1720 1253 καὶὴ
1733 1215 1874 1256 ἐγκατάλει-

1087 1262 1145 1300 ψις,
1157 1261 1305 1301 παράδοσις
1324 1262 1484 1298 ὀνομάζεται
1502 1264 1528 1292 ἐν
1540 1265 1574 1303 τῇ
1590 1264 1695 1303 Γραφῇ.
1714 1260 1837 1306 Χαρίενει
1849 1258 1873 1306 δὲ

1089 1305 1262 1344 ὑποδείγματι
1287 1306 1435 1346 ἐχρήσαντό
1459 1318 1526 1340 τινες
1540 1309 1592 1337 τῶν
1614 1306 1719 1347 ἁγίων,
1743 1306 1776 1335 δι’
1798 1303 1826 1334 οὖ
1840 1303 1874 1337 ἔξ·
1909 1323 1910 1336 ι

1088 1350 1243 1388 ομαλίζεται
1255 1350 1294 1387 τὸ,
1313 1365 1323 1377 ιι
1338 1351 1498 1391 Παρέδωκεν
1514 1351 1608 1385 αὐτοὺς
1622 1352 1724 1385 ὁΘεός.
1742 1364 1754 1376 ι
1767 1350 1873 1388 Ὥσπερ,

1088 1394 1182 1434 φασὶν,
1197 1395 1243 1424 ἐάν
1258 1407 1296 1430 τις
1311 1396 1439 1435 καμμύσῃ
1452 1397 1475 1415 ⁵⁸
1491 1419 1500 1432 ,
1516 1396 1554 1434 μὴ
1567 1397 1649 1426 θέλων
1666 1397 1731 1426 ἰδεῖν
1746 1395 1787 1424 τὸν
1798 1393 1872 1429 ἥλιον,

1088 1434 1144 1468 εἶτα
1160 1439 1228 1479 πέσῃ
1250 1442 1287 1473 εἷς
1310 1441 1402 1480 βόθρον
1413 1434 1567 1480 ,νλέγομεν,
1594 1441 1641 1476 Μὴ
1655 1440 1761 1481 ὀφθεὶς,
1778 1441 1791 1468 δ
1808 1438 1874 1474 ἥλιος

1087 1483 1131 1513 τὸν
1161 1484 1233 1513 δεῖνα
1259 1486 1295 1518 εἷς
1324 1486 1416 1525 βόθρον
1447 1485 1551 1527 ἔρριψεν
1565 1496 1571 1503 “
1601 1487 1652 1526 οὐχ
1687 1484 1729 1515 ὅτι
1758 1482 1874 1524 ὀργισθεὶς

1088 1530 1102 1557 ὁ
1127 1527 1199 1563 ἥλιος
1224 1530 1258 1563 εἷς
1277 1529 1370 1570 βόθρον
1404 1530 1493 1571 ἔῤῥιψε
1515 1531 1560 1560 τὸν
1587 1531 1744 1570 ἄνθρωπον,
1769 1529 1825 1559 ἀλλ’
1840 1527 1873 1555 ὅτι

1088 1573 1126 1611 μὴ
1143 1573 1260 1613 φωτίσας
1284 1573 1343 1608 τοὺς
1368 1575 1520 1615 ὀφθαλμοὺς
1535 1576 1614 1605 αὐτοῦ
1632 1575 1681 1615 (τὸ
1704 1575 1732 1606 δὲ
1748 1574 1785 1612 μὴ
1800 1571 1872 1613 φωτί·

1087 1630 1149 1654 σαι,
1173 1618 1268 1653 πόθεν;
1296 1619 1361 1648 Ἀπὸ
1383 1623 1430 1649 τοῦ
1450 1620 1678 1658 καμμύσαντος⁶)
1705 1619 1773 1650 οὕτω
1797 1617 1839 1647 καὶ
1862 1616 1873 1644 6

1087 1663 1154 1697 Θεὸς
1177 1664 1330 1704 παρέδωκεν
1353 1665 1389 1698 εἰς
1415 1664 1488 1700 πάθη
1506 1666 1628 1703 ἀτιμίας,
1653 1667 1732 1701 7:63;;
1755 1663 1797 1699 Μὴ
1821 1664 1872 1692 ἐπι-

1086 1707 1210 1747 γνωσθεὶς
1230 1713 1283 1742 τοῖς
1307 1709 1463 1749 ἀνθρώποις.
1492 1710 1532 1739 Τὸ
1550 1710 1577 1739 δὲ
1603 1710 1641 1749 μὴ
1665 1710 1872 1759 ἐπιγνωσθῆναι,

1085 1752 1183 1788 πόθεν;
1214 1752 1273 1783 Ἀπ’
1303 1753 1409 1783 ἐκείνων
1433 1755 1486 1783 τῶν
1512 1754 1550 1792 μὴ
1579 1754 1782 1793 δοκιμασάντων
1812 1749 1871 1791 μηδὲ

1086 1797 1230 1837 κρινάντων
1248 1800 1391 1838 ἐπιγνῶναι
1406 1798 1496 1829 αὐτόν.

1129 1898 1144 1916 (ι
1167 1888 1392 1928 Πεπληρωμένοις
1418 1889 1490 1928 πάσῃ
1518 1889 1618 1930 ἀδικία.
1636 1900 1651 1918 ι)
1679 1888 1768 1931 Ὅρα,
1791 1886 1870 1917 πάντα

1086 1932 1152 1970 μετὰ
1168 1934 1322 1968 ἐπιτάσεως.
1341 1945 1356 1963 (ι
1374 1934 1427 1964 Καὶ
1443 1934 1494 1973 γὰρ
1508 1930 1754 1975 πεπληρωμένους,
1773 1947 1785 1960 ἰ
1801 1930 1868 1971 φησὶν

1084 1978 1146 2014 καὶ,
1164 1989 1179 2004 ιι
1191 1978 1265 2017 πάσῃ
1282 1979 1388 2018 ἀδικίᾳ,
1401 1993 1411 2004 ο
1428 1979 1492 2008 αὐτὸ
1510 1978 1540 2008 τὸ
1557 1979 1671 2019 ἔσχατον
1683 1981 1779 2019 μέτρον
1791 1976 1870 2008 πάσης

1084 2023 1130 2057 τῆς
1144 2023 1239 2056 κακίας
1261 2023 1423 2063 φθάσαντας.
1451 2019 1519 2054 Ε’ἷτα
1540 2023 1611 2062 λέγει
1635 2024 1681 2054 καὶ
1701 2024 1735 2054 τὰ
1759 2022 1813 2057 εἴδη
1827 2021 1869 2055 τῆε

1083 2066 1188 2099 κακίας.
1779 2112 1784 2116 _
1851 2108 1866 2116 ~

1129 2123 1143 2140 ((
1162 2112 1288 2153 Πορνεία.
1304 2123 1319 2141 1)
1340 2114 1436 2143 “iam
1464 2114 1554 2148 ἁπλῶς
1579 2113 1627 2150 τὴν
1652 2112 1814 2154 ἀκαθαρσίαν
1835 2112 1868 2147 τῷ

1082 2157 1129 2192 τῆς
1142 2157 1263 2196 πορνείας
1277 2158 1388 2196 ὀνόματι
1403 2158 1555 2198 περιέλαϐε.

1126 2211 1140 2229 ι(
1154 2201 1285 2242 Πονηρία.
1302 2214 1315 2231 ιι
1335 2204 1378 2242 Τῇ
1395 2203 1465 2233 κατὰ
1480 2207 1525 2234 τοῦ
1542 2204 1654 2240 πλησίον
1667 2201 1814 2241 ἐπιϐουλίᾳ.

1123 2258 1138 2273 α
1156 2246 1309 2288 Πλεονεξία.
1329 2259 1342 2276 »
1356 2249 1398 2287 Τῇ
1414 2249 1464 2277 τῶν
1481 2249 1628 2288 χρημάτων
1644 2247 1783 2288 ἐπιθυμίᾳ.

1125 2336 1257 2377 «Κακία.
1274 2348 1288 2366 ι)
1309 2339 1350 2378 Τῇ
1367 2338 1545 2378 μνησικακίᾳ.
1600 2383 1608 2386 _
1642 2383 1647 2386 _
1722 2383 1726 2386 _
1785 2382 1792 2386 _
1848 2379 1862 2386 η

1123 2393 1138 2409 ιι
1154 2381 1273 2416 Μία-τοὺς
1288 2383 1381 2422 φθόνου
1391 2406 1399 2421 ,
1417 2383 1495 2424 φόνου
1514 2383 1548 2413 ⁵⁵.
1569 2394 1582 2412 ι
1600 2383 1652 2413 Ἀεὶ
1665 2385 1678 2413 ὁ
1693 2383 1767 2423 φόνος
1781 2381 1862 2424 ἐκ·κοῦ

1081 2426 1186 2466 φθόνου.
1209 2427 1264 2458 Καὶ
1283 2427 1364 2458 Ἅϐελ
1384 2423 1435 2469 γὰρ
1451 2428 1586 2469 φθονηθεὶς
1606 2429 1735 2469 ἀνῃρέθη,
1751 2425 1795 2457 καὶ
1810 2423 1863 2454 Ἰω-

1081 2471 1135 2512 σὴφ
1149 2472 1176 2502 δὲ
1190 2471 1312 2511 ἔμελλεν.

1125 2574 1139 2592 ι(
1151 2560 1274 2603 Ἔριδος,
1289 2562 1376 2595 δόλου.
1398 2575 1412 2592 )›
1432 2563 1482 2594 Ἐκ
1496 2566 1543 2594 τοῦ
1558 2564 1652 2604 φθόνου
1665 2564 1710 2595 καὶ
1727 2567 1744 2602 ἦ
1758 2562 1809 2603 ἔρις
1823 2554 1864 2588 καὶ

1080 2609 1094 2637 6
1111 2608 1197 2644 δόλος,
1216 2607 1281 2647 πρὸς
1296 2607 1414 2638 κάκωσιν
1426 2611 1471 2639 τοῦ
1486 2609 1673 2650 φθονουμὲνου.

1122 2664 1138 2681 α
1164 2652 1338 2690 Κακοηθείας.
1363 2665 1377 2682 ››
1396 2655 1451 2690 Τῆς
1474 2655 1500 2684 ἐν
1520 2655 1595 2694 βάθει
1616 2653 1798 2697 κεκρυμμένης
1818 2658 1865 2678 κα·

1078 2697 1151 2738 χίας,
1163 2697 1210 2728 καὶ
1223 2698 1453 2739 ἐπιπλαττομὲνης
1467 2699 1643 2740 χρηστότητι.

924 2783 1018 2814 Variae
1040 2785 1191 2816 lectiones.

263 2827 285 2844 ⁸³
300 2827 429 2860 ἀποδεῖξαι
443 2836 470 2857 ο.
507 2827 530 2846 ⁵³
544 2828 670 2861 criticism.
709 2830 731 2848 ⁵³
746 2832 886 2870 καταμύσῃ.
925 2833 947 2851 ⁵⁵
959 2834 1001 2861 καὶ
1014 2835 1089 2870 φόνου
1103 2843 1142 2864 n1.
