1927 3076
23 134 78 161 361

72 208 90 224 ι
111 196 291 236 Ψιθυριστάς.
309 207 324 226 ν
340 197 409 231 Τοὺς
428 198 619 233 διαϐάλλοντας
633 198 728 239 λάθρα.

76 298 93 316 ιι
110 288 296 321 Καταλέλους.
318 299 333 317 ι
351 288 421 322 Τοὺς
443 289 606 330 ἀναφανδόν.

74 342 91 360 (ι
106 333 279 372 Θεοστυγείς.
296 344 311 361 ι)
329 333 397 366 Τοὺς
411 334 481 364 Θιὸν
502 337 659 373 μισοῦντας,
682 334 700 370 ἢ
715 333 760 364 καὶ
776 333 829 364 ὑπὸ

24 379 103 407 Θεοῦ
120 377 305 416 μισουμένους.

77 433 93 450 (ι
109 421 257 462 Ὑϐριστᾶς
269 446 278 462 ,
293 423 477 464 θπερηφάνους
487 447 495 463 ,
509 424 650 459 ἀλαζόνας.
663 435 677 453 ι)
701 423 766 455 Ἐπὶ
781 423 830 460 τὴν

25 466 178 505 ἀκρόπολιν
193 469 246 496 τῶν
261 469 352 497 κακῶν
366 467 465 505 ἀνέϐη,
482 469 531 505 τὴν
544 469 751 509 ὑπερηφάνειαν.
774 469 829 499 Καὶ

24 512 113 541 καλὸν
127 511 181 552 γὰρ
195 513 278 541 ποιῶν
293 524 347 548 τις,
372 512 503 543 ἀπόλλυσι
517 518 594 544 τοῦτο
613 514 828 554 ὑπεραιρόμενος·

23 557 106 597 πόσῳ
123 569 154 596 γε
178 559 280 595 μᾶλλον
306 557 368 586 ὅταν
392 558 436 588 καὶ
459 559 493 588 τὰ
519 559 588 589 κακὰ
611 561 694 599 ποιῇς
715 560 756 590 Οὐ
778 558 830 599 γὰρ

24 602 140 630 δύναται
156 603 334 641 μεταγνῶναι.
353 602 430 639 Πλὴν
445 602 515 640 ἴσθι,
533 604 714 643 ὑπερηφάνεια
725 604 748 623 ⁵⁵
760 604 808 642 μὲν
819 626 828 641 ,

24 647 102 688 Θεοῦ
125 647 183 676 ἐστι
198 646 392 687 καταφρόνησις
409 658 416 665 θ
441 648 581 682 ἀλαζονεία
602 647 646 687 δὲ,
662 648 809 688 ἀνθρώπων
819 672 828 687 ,

25 690 52 724 ἐξ
68 686 103 726 ἧς
120 690 247 730 γεννᾶται
268 686 382 731 ἡνῦερις.
408 690 446 722 Ὀ
461 691 512 731 γὰρ
535 686 830 733 καταρρονῶνίἀνθρώ-

25 747 87 764 πων
132 735 234 769 πάντας
259 736 358 775 ὑϐρίζει
391 736 437 766 καὶ
466 739 634 768 καταπατεῖ·
662 737 679 773 ἢ
708 738 779 778 τάχα
807 739 830 767 sl

24 780 73 822 καὶ
91 779 160 803 ⁵⁷ι⁵⁸
176 782 192 816 ἡ
209 780 347 814 ἀλαζονεία
357 781 472 820 προτέρα
486 780 562 822 φύσει
576 784 622 819 τῆς
643 782 752 822 ὕϐριως.
771 782 829 812 ἀλλ’

26 820 72 853 οὖν
90 827 161 863 ἡμῖν
178 828 194 860 ἡ
218 824 292 865 ὕϐρις
307 825 424 864 προτέρα
440 820 578 866 φαίνεται,
595 822 652 857 εἶτα
675 820 830 868 γνωρίζεται

27 869 123 908 μήτηρ
147 870 230 905 αὐτῆς
244 871 262 905 ἡ
278 870 425 904 ἀλαζονεία.

73 926 89 943 α
120 913 285 954 Ἐφευριτὰς
312 916 413 944 κακῶν.
436 927 450 944 ι)
481 917 524 946 Οὐ
538 916 590 956 γὰρ
616 918 745 956 ἠρκοῦντο
776 917 830 950 τοῖς

27 959 192 1000 προτέροις·
217 961 294 988 τοῦτο
309 959 336 988 δὲ
359 960 389 989 οὖ
415 963 606 1001 συναρπαγῆς,
630 961 700 992 ἀλλὰ
718 961 831 1000 μιλέτης

26 1004 85 1033 ἐστὶ
103 1004 151 1033 καὶ
167 1005 293 1039 σπουδῆς.

72 1060 89 1078 ιι
107 1050 131 1079 Γ
131 1051 235 1078 ονεῖσσιν
250 1051 374 1083 ἀπειθεῖς.
390 1061 404 1079 ι
424 1052 478 1082 Καὶ
490 1051 556 1090 πρὸς
574 1050 656 1087 αὐτὴν
671 1049 720 1087 τὴν
736 1051 829 1092 φύσιν,

25 1094 94 1134 φησὶ
103 1116 114 1131 ,
129 1093 308 1133 μαχομένους.

71 1150 89 1167 α
103 1138 269 1172 Ἇσυνίτους.
294 1150 309 1168 u
335 1139 462 1174 Εἰκότως.
485 1141 518 1170 Οἱ
537 1140 588 1180 γὰρ
611 1142 730 1181 γονεῦσιν
753 1141 828 1170 ἀπει-

26 1185 136 1217 θοῦντες
152 1183 223 1218 τίνος
238 1183 321 1213 ἄλλον
336 1184 459 1214 συνίεσαν
473 1185 524 1222 div;

73 1285 89 1302 ιι
105 1273 283 1307 Ἀσυνθέτους.
299 1285 314 1303 ι)
336 1274 484 1311 Τουτέστι,
501 1275 555 1308 τοῖς
575 1276 832 1316 συμπιφωνημένοις

27 1319 65 1358 μὴ
86 1318 270 1356 ἐμμένοντας·
286 1318 302 1348 ὅ
317 1319 404 1356 ἔστιν,
420 1319 560 1353 ἀπίστους.

72 1374 90 1392 α
105 1362 283 1399 Ἀσπόνδους,
297 1363 458 1404 ἀστόργους,
478 1363 670 1403 ἆνιλιήμονας.
687 1375 702 1394 ι)
719 1364 756 1395 Ἣ
771 1365 830 1405 ῥίζα

29 1409 85 1437 τῶν
105 1409 197 1437 κακῶν
211 1408 336 1445 πάντων,
358 1408 427 1445 αὐτή
439 1409 510 1438 ἐστιν
523 1411 540 1445 ἡ
560 1408 688 1449 ἀπόψνξις
702 1411 749 1446 τῆς
765 1411 832 1449 ἀγά-

29 1464 97 1489 πης,
115 1452 254 1482 Ἐντεῦθεν
269 1452 320 1492 γὰρ
332 1451 361 1482 τὸ
377 1452 415 1491 μὴ
433 1452 591 1483 σπίνδεσθαί
607 1465 675 1494 τινι,
694 1453 733 1492 μὴ
751 1455 830 1494 στέρ-

27 1509 85 1535 γιιν
108 1497 185 1533 τινὰ,
208 1497 245 1534 μὴ
261 1498 351 1527 ﬂuim-
366 1497 381 1527 8
396 1497 441 1528 καὶ
463 1500 478 1528 ὁ
493 1498 607 1539 Χριστὸς
622 1493 694 1528 εἶπεν
707 1510 714 1518 ⁸
738 1493 827 1530 ὀταν

28 1543 201 1582 πληθυνθῇὴ
223 1541 338 1581 ἀνομία,
357 1542 506 1583 ψυγήσιται
530 1545 546 1579 ἡ
571 1543 676 1583 ἀγάπη.
697 1544 828 1581 Καίτοιὴ

893 1552 934 1572 ur.
956 1544 1037 1580 Quod
1051 1548 1078 1573 et
1100 1544 1225 1573 Christus
1241 1544 1311 1573 dixit

29 1587 108 1627 φύσις
123 1587 261 1626 συγκολλᾷ
286 1589 357 1626 ἡμᾶς
379 1587 523 1626 ἀλλήλοις,
543 1588 579 1622 ὥς
592 1587 628 1618 τὰ
642 1589 707 1624 ζῶα*
725 1589 785 1618 ἀλλ’
800 1590 830 1619 οὒ

30 1643 163 1668 συνηκαν.

72 1735 84 1749 ι
101 1721 207 1755 Οἴτινις
228 1721 258 1751 τὸ
273 1721 407 1759 δικαίωμα
423 1725 469 1752 τοῦ
485 1723 557 1754 Θεοῦ
578 1722 732 1763 viewed”,
747 1722 788 1753 ὅτι
807 1724 832 1754 οἱ

31 1767 64 1797 τὰ
78 1769 193 1797 τοιαῦτα
209 1766 373 1807 πράσσοντις
388 1767 457 1802 ἄξιοι
471 1767 584 1798 θανάτου
605 1768 671 1798 ιίσὶν
681 1790 690 1805 ,
706 1769 736 1798 οὗ
752 1768 832 1807 μόνον

31 1812 103 1841 αὐτὰ
116 1814 253 1848 ποιοῦσιν,
271 1811 340 1841 ἀλλὰ
354 1811 400 1842 καὶ
420 1814 612 1843 συνευδοκοῢσι
627 1814 681 1847 τοῖς
696 1813 832 1854 πράσσου-

31 1868 84 1886 σιν.
109 1867 124 1885 u
150 1854 273 1891 Ἔδειξεν
288 1856 328 1886 ὅτι
343 1858 396 1887 ἀπὸ
411 1859 456 1887 τοῦ
473 1857 512 1896 μὴ
531 1856 614 1887 θέλιιν
636 1859 736 1897 γνῶναι
760 1857 829 1890 Θιδν

32 1901 230 1941 ἐπληρώθησαν
257 1901 346 1938 πάσης
373 1902 479 1937 κακίας
507 1901 624 1932 δείκνυσι
649 1905 696 1932 ν’ὗν
721 1903 759 1939 ⁸ο,
790 1903 831 1932 δτι

32 1946 92 1976 οὐδὲ
109 1945 267 1985 συγγνώμης
291 1946 356 1977 εἰσὶν
380 1946 458 1981 ἄξιοι.
476 1947 517 1977 Οὖ
536 1947 588 1987 γὰρ
610 1946 714 1987 ἔχουσιν
731 1948 828 1985 ιίπιῖν,

31 1990 72 2019 ὅτι
96 1990 261 2030 Ἢγνοοῢμεν
284 1991 314 2020 τὸ
338 1990 428 2021 καλόν·
452 1991 539 2021 οἴδασι
562 1991 613 2031 γὰρ
641 1992 672 2021 τὸ
695 1993 830 2030 δικαίωμα

32 2037 77 2064 τοῦ
93 2036 178 2066 Θεοῦ.
203 2034 327 2069 Ἑιιόντις
352 2035 404 2076 ἄρα
428 2039 547 2072 ποιοῦσι,
569 2035 643 2066 καὶό
661 2037 749 2077 χεῖρον
770 2036 831 2067 τού-

32 2091 95 2115 του,
112 2081 299 2111 συνευδοχοῧσι
313 2080 336 2100 ⁶¹
353 2083 407 2114 τοῖς
431 2082 596 2121 πράττουσι,
615 2081 751 2120 τουτέστι,
770 2093 831 2111 συν-

33 2127 160 2165 ηγορῶσι
177 2126 216 2165 τῷ
232 2127 321 2166 κακῷ·
336 2123 400 2165 επιρ
415 2125 513 2155 ἀνίατα
528 2127 612 2156 νοσεῖν
631 2126 701 2156 ἐστι.

331 2222 476 2253 ΚΕΦΑΔ.
502 2221 545 2254 Β’.

79 2293 97 2327 ς
104 2283 154 2314 Διὸ
170 2283 369 2325 ἀναπολόγητος
383 2280 422 2322 ιῖ,
443 2279 466 2314 ὦ
481 2286 601 2326 ἄνθρωπε
618 2289 668 2320 πᾶς
689 2287 704 2315 ὁ
725 2285 831 2327 κρίνων·

37 2329 61 2357 ἐν
76 2323 99 2369 ᾧ
115 2328 168 2368 γὰρ
192 2323 300 2369 κρίνεις.
313 2328 358 2359 τὸν
384 2329 471 2370 ἓτερον
483 2354 491 2370 ,
517 2323 627 2360 σεαυτὸν
646 2323 788 2372 κατακρίνει
795 2343 832 2366 ις’

36 2374 67 2402 τὰ
80 2373 132 2413 γὰρ
150 2374 221 2404 αὐτὰ
235 2374 378 2414 πράσσοις,
394 2376 408 2404 ὁ
428 2375 536 2416 κρίνων,
560 2386 576 2405 ιι
588 2375 700 2412 Ἐπιιδὴ
723 2377 833 2415 ἀνωμά-

36 2418 92 2452 λους
105 2418 133 2437 ⁸³
150 2418 249 2459 ἔχομεν
275 2419 322 2453 τὰς
346 2419 454 2459 γνώμας
478 2420 502 2450 οἱ
525 2420 672 2460 ἄνθρωποι,
699 2421 743 2450 καὶ
767 2421 831 2451 ποτὶ

37 2463 82 2500 μὲν
96 2466 296 2503 συνηγοροῢμεν
317 2466 356 2504 τῷ
371 2467 464 2504 κακῷ,
480 2464 544 2495 ποτὶ
561 2464 588 2495 δὲ
604 2465 692 2505 κριταὶ
713 2467 765 2495 τῶν
783 2467 831 2495 ἆλ-

502 135 678 164 EXPOSITIO
698 136 731 164 IN
749 135 854 164 EPIST.
873 135 920 164 AD
939 135 1022 165 ROK.
1041 149 1076 157 -—
1093 136 1168 164 CAP.
1189 136 1221 164 ll.

1628 138 1680 166 362

845 201 872 232 Α
920 199 1006 227 Vens.
1031 201 1075 227 80.
1100 208 1115 224 ιι
1136 199 1317 227 Susurrones.
1344 208 1357 222 -
1384 198 1548 228 Clanculum
1570 199 1675 229 calum-

885 243 1005 272 niantes.

921 299 935 313 α
947 290 1132 317 Detractores.
1147 299 1160 313 ιι
1176 287 1270 317 Palam
1282 287 1466 317 detrahentes.

921 345 934 358 ι
943 335 1003 362 Deo
1008 333 1135 363 odibiles.
1149 345 1162 360 ιι
1173 335 1264 362 Deum
1273 333 1338 362 odio
1351 337 1559 370 prosequentes,
1567 332 1610 362 vel
1618 334 1676 364 Deo

883 377 995 407 invisos.

921 434 934 447 ι
954 423 1185 456 Contumeliosos.
1200 422 1342 460 superbos,
1353 423 1447 452 elatos.
1464 434 1477 449 ι
1492 423 1535 452 Ad
1550 424 1675 452 omnium

885 467 1013 496 vitiorum
1036 476 1138 501 arcem,
1166 469 1335 505 superbiam,
1363 468 1532 497 conscendit.
1558 469 1680 502 Etenim.

883 513 906 541 si
919 513 980 549 quis
990 514 1055 542 boni
1068 513 1216 550 quidquam
1228 513 1321 548 faciat,
1333 513 1386 542 hoc
1397 514 1486 551 perdit
1494 514 1655 551 superbiens
1673 525 1680 543 :

882 562 985 594 quanto
1010 560 1107 595 magis,
1129 567 1195 587 eum
1221 559 1291 587 mala
1316 561 1473 595 perpetrat?
1492 567 1580 596 neque
1603 560 1678 588 enim

884 603 1042 639 resipiscere
1063 607 1161 640 potest.
1186 604 1302 632 Noveris
1324 607 1421 632 tamen
1447 603 1523 640 quod
1550 604 1680 641 superbia

884 647 994 684 quidem
1016 648 1066 676 Dei
1089 652 1131 676 est
1157 653 1340 685 contemptus.
1365 650 1522 685 arrogantia
1548 657 1612 678 vero
1640 654 1681 678 est

885 692 1042 727 hominum,
1064 701 1080 722 e
1099 701 1153 730 qua
1177 694 1297 722 nascitur
1324 694 1432 730 injuria.
1463 696 1535 722 Nam
1559 695 1606 730 qui
1628 694 1680 722 ho-

885 735 974 765 mines
995 742 1165 774 aspernatur,
1183 746 1281 766 omnes
1300 738 1401 775 injuria
1420 738 1508 767 afﬁcit
1518 743 1547 767 et
1569 739 1681 768 concul.

884 787 936 810 eat.
954 783 1086 818 Quamvis
1106 788 1200 812 autem
1228 783 1385 820 arrogantia
1406 788 1506 812 natura
1539 785 1617 820 prior
1639 789 1683 813 est

884 835 969 863 quam
997 827 1112 864 injuria,
1139 828 1220 856 nobis
1247 833 1338 857 tamen
1364 828 1459 865 injuria
1483 828 1680 859 manifestatur

847 879 871 911 Β
886 872 961 908 prior
984 880 990 898 :
1009 872 1110 901 deinde
1135 873 1283 901 innotescit
1307 878 1397 902 mater
1421 874 1480 910 ejus
1506 875 1676 911 arrogantia.

924 926 938 943 α
948 919 1108 946 inventores
1120 918 1268 946 malorum.
1280 930 1292 943 -
1306 919 1368 946 Non
1380 918 1455 946 enim
1466 919 1589 947 contenti
1601 924 1680 947 erant

884 962 1030 998 prioribus.
1046 963 1108 990 Hoc
1121 967 1215 991 autem
1238 971 1296 990 non
1310 963 1394 991 subiti
1403 967 1507 998 motus,
1519 967 1567 992 aut
1577 964 1680 992 violen-

883 1006 903 1034 ti
922 1011 1027 1043 raptus,
1041 1006 1090 1035 sed
1108 1007 1293 1035 meditationis
1309 1012 1352 1036 est
1364 1012 1392 1036 et
1405 1007 1500 1036 studii.

921 1063 934 1076 ι
961 1052 1124 1080 Parentibus
1149 1051 1350 1089 immorigeros.
1379 1063 1393 1078 »
1431 1053 1570 1082 Adversus
1594 1052 1680 1090 ipsam

883 1096 967 1124 etiam
980 1100 1119 1130 naturam,
1134 1097 1233 1133 inquit,
1247 1101 1407 1134 pugnantes.

918 1142 1005 1170 Vens.
1022 1145 1067 1170 3|.
1081 1152 1095 1166 α
1114 1141 1287 1177 insipientes.
1312 1154 1325 1167 n
1354 1143 1412 1170 Nec
1439 1142 1588 1171 immerito.
1607 1143 1678 1178 Quid

883 1186 958 1214 enim
967 1185 1041 1214 aliud
1053 1186 1245 1223 intelligerent,
1261 1187 1311 1223 qui
1323 1186 1484 1223 parentibus
1499 1195 1556 1217 non
1570 1188 1679 1216 obtem-

884 1235 978 1266 perant
985 1232 997 1258 Ρ

921 1287 934 1299 σι
953 1275 1006 1312 16
1020 1276 1168 1304 Pactorum
1181 1275 1335 1305 violatores.
1351 1287 1365 1301 ν
1380 1277 1442 1305 Hoc
1456 1281 1508 1310 est,
1521 1277 1549 1305 in
1563 1285 1681 1305 conven-

882 1319 1000 1348 tionibus
1016 1324 1045 1349 et
1056 1321 1143 1356 pactis
1162 1329 1218 1349 non
1233 1325 1438 1357 permanentes,
1454 1321 1482 1350 id
1499 1326 1553 1356 est.
1567 1322 1680 1350 inﬁdos.

918 1376 932 1390 σι
954 1365 1153 1401 implacabiles,
1180 1367 1238 1394 sine
1254 1366 1414 1400 affectione,
1436 1366 1496 1395 sine
1518 1367 1678 1395 misericor-

880 1409 934 1438 dia.
959 1421 972 1434 ι
989 1409 1077 1438 Radix
1091 1410 1218 1438 omnium
1232 1410 1372 1439 malorum
1391 1415 1434 1440 est
1454 1411 1513 1447 ipsa
1535 1411 1680 1440 charitatis

879 1453 1016 1483 refrixio:
1038 1454 1102 1483 hinc
1116 1455 1190 1484 enim
1205 1459 1247 1484 est
1260 1455 1335 1492 quod
1361 1455 1431 1484 alter
1450 1455 1528 1484 alteri
1552 1463 1610 1484 non
1632 1464 1679 1484 re-

882 1499 1054 1532 concilietur,
1069 1500 1138 1528 alter
1157 1500 1277 1529 alterum
1291 1508 1346 1528 non
1357 1499 1453 1536 diligat
1469 1508 1527 1528 non
1544 1500 1679 1529 miserea-

1339 1553 1346 1572 :
1362 1556 1375 1570 ι
1398 1545 1514 1580 Quando
1529 1544 1681 1574 abundabit

885 1589 1026 1625 iniquitas,
1047 1588 1204 1626 refrigescet
1225 1590 1354 1619 charitas.
1379 1602 1392 1615 ι
1408 1591 1495 1618 Porro
1518 1594 1616 1619 natura
1631 1597 1682 1618 nos

885 1633 958 1662 inter
977 1642 1028 1662 nos
1045 1634 1227 1671 conglutinet,
1248 1639 1330 1671 atque
1346 1643 1378 1663 ac
1396 1634 1498 1672 reliqua
1517 1635 1647 1664 animalia
1673 1644 1680 1663 :

884 1685 981 1707 verum
994 1678 1121 1708 homines
1136 1687 1233 1716 parum
1248 1679 1456 1708 intellexerunt.

920 1725 1005 1752 Vsus.
1020 1726 1065 1752 s2.
1080 1735 1093 1748 σι
1110 1724 1163 1759 Qui
1182 1732 1246 1753 cum
1256 1724 1395 1761 justitiam
1406 1725 1458 1753 Dei
1473 1726 1679 1762 cognovissent,

882 1769 957 1805 quod
977 1768 1024 1805 qui
1037 1769 1102 1797 talia
1122 1769 1234 1802 faciunt,
1249 1769 1326 1806 digni
1347 1770 1403 1798 sint
1422 1774 1512 1799 morte
1528 1780 1535 1798 :
1561 1778 1620 1799 non
1633 1778 1679 1799 so-

883 1813 941 1841 lum
955 1821 987 1841 ea
1006 1812 1120 1847 faciunt,
1143 1821 1242 1842 verum
1265 1814 1348 1842 etiam
1363 1813 1551 1842 assentiuntur
1571 1814 1606 1843 iis
1631 1814 1680 1850 qui

883 1856 1014 1886 faciunta
1029 1858 1232 1886 Demonstravit
1246 1858 1321 1894 quod
1342 1858 1405 1894 quia
1427 1858 1576 1887 noluerunt
1593 1866 1681 1895 agno-

881 1909 958 1931 scere
982 1904 1083 1936 Deum,
1105 1902 1201 1938 repleti
1222 1902 1277 1931 sint
1298 1903 1375 1931 omni
1396 1902 1522 1931 malitia:
1540 1911 1616 1931 nunc
1633 1902 1680 1931 de-

882 1951 1018 1975 monstrat
1041 1955 1131 1984 neque
1156 1947 1235 1975 venia
1250 1955 1298 1976 eos
1318 1955 1377 1976 esse
1396 1947 1502 1984 dignos.
1527 1948 1590 1976 Non
1604 1947 1681 1976 enim

881 1991 970 2021 dicere
977 1997 1101 2029 possunt,
1112 1993 1220 2021 Bonum
1229 1992 1418 2029 ignoravimus
1429 2001 1435 2019 :
1444 1996 1549 2021 norunt
1557 2000 1676 2028 namque

878 2037 1016 2073 justitiam
1036 2037 1100 2066 Dei.
1124 2038 1179 2066 Sua
1192 2041 1291 2074 sponte
1306 2037 1400 2074 itaque
1417 2037 1535 2072 faciunt,
1555 2045 1588 2066 ac
1600 2037 1676 2074 quod

881 2082 1001 2111 deterius
1011 2086 1063 2117 est,
1088 2082 1201 2119 insuper
1213 2086 1242 2111 et
1256 2082 1410 2118 approbant
1431 2090 1478 2111 eos
1490 2083 1538 2119 qui
1563 2081 1679 2117 faciunt,

844 2144 870 2176 Β
883 2126 937 2156 hoc
959 2131 1017 2176 est.
1040 2127 1249 2164 patrocinentur
1279 2127 1405 2162 malitia,
1429 2127 1477 2164 qui
1494 2126 1609 2156 morbus
1640 2130 1682 2156 est

885 2171 1104 2201 immedicabilis.

1196 2231 1317 2260 CAPUT
1327 2231 1364 2259 ΙΙ.

920 2289 1009 2317 Vens.
1024 2291 1051 2317 1.
1065 2299 1078 2313 ι
1087 2289 1203 2325 Propter
1216 2288 1293 2326 quod
1308 2288 1500 2318 inexcusabilis
1517 2295 1556 2323 es,
1566 2295 1584 2316 ο
1594 2288 1680 2317 homo

885 2333 986 2368 omnis,
1012 2333 1060 2370 qui
1085 2333 1204 2370 judicas.
1231 2335 1262 2362 In
1278 2341 1333 2370 quo
1358 2334 1434 2362 enim
1459 2332 1570 2369 judicas
1587 2333 1682 2368 alium,

884 2378 1005 2414 teipsum
1014 2378 1196 2407 condemnas:
1209 2377 1308 2407 eadem
1315 2378 1391 2407 enim
1401 2378 1468 2415 agis,
1479 2378 1526 2415 qui
1534 2377 1658 2414 judicas.
1666 2387 1680 2405 ι

884 2422 1114 2460 Quandoquidem
1126 2423 1298 2452 diversarum
1312 2423 1400 2452 simus
1417 2422 1621 2452 sententiarum
1630 2430 1682 2451 nos

886 2467 1023 2502 homines,
1037 2467 1103 2496 alias
1117 2468 1190 2497 malo
1216 2468 1429 2505 patrocinantes,
1445 2468 1512 2496 alias
1529 2467 1683 2496 alienorum

37 2508 144 2547 λοτρίων
168 2508 326 2547 καθήμεθα,
352 2509 412 2543 τοὺς
436 2509 543 2548 ὁμοίους
564 2510 769 2551 χαταιιρίναντις
783 2510 830 2551 [ί.

895 2512 986 2541 udices
996 2513 1135 2541 malorum
1147 2512 1285 2547 sedentes,
1308 2513 1409 2541 similes
1425 2513 1504 2541 nobis
1515 2513 1684 2541 condemne-

38 2568 74 2576 —
86 2565 159 2584 νοντ.
212 2555 278 2594 ἔφθη
296 2555 345 2592 μὲν
363 2554 446 2585 εἰπὼν
461 2554 522 2594 πιρὶ
535 2556 588 2585 τῶν
606 2556 832 2586 συνευδοκούντων

39 2601 88 2632 τοῖς
101 2602 244 2639 πονηροῖς·
264 2601 310 2629 νῦν
324 2598 385 2640 περὶ
409 2602 455 2629 τοῦ
479 2599 575 2640 κρίνειν
595 2602 710 2631 ποιεῖται
724 2601 768 2631 τὸν
783 2600 832 2631 λό-

5 2686 9 2691 -
70 2679 82 2691 ³
97 2674 202 2704 Matth.
219 2682 307 2710 xxrv,
325 2677 367 2704 12.

883 2565 946 2586 mus
965 2568 972 2586 :
989 2558 1064 2594 prius
1078 2557 1191 2594 quidem
1204 2558 1274 2586 dixit
1290 2558 1324 2587 de
1340 2558 1577 2587 consentientibus
1593 2563 1683 2593 pravas

882 2602 1036 2639 operationi
1051 2612 1058 2632 :
1073 2610 1146 2632 nunc
1161 2611 1226 2633 vero
1241 2603 1275 2633 de
1295 2602 1442 2640 iudicando
1456 2609 1619 2632 sermonem
1640 2600 1684 2629 ia-

730 2711 825 2744 Varia
844 2712 992 2745 lectiones.

71 2759 92 2776 ⁸⁸
117 2761 157 2787 ὅτι
183 2760 350 2797 δπερηφᾶνιια
374 2769 413 2790 m.
452 2760 512 2780 '7'"
538 2761 554 2796 ἢ
583 2762 649 2798 τάχα
671 2763 712 2789 καὶ
730 2769 757 2791 0.
795 2762 817 2780 ³⁹
837 2762 978 2799 ἐπιγνόντες
998 2771 1025 2792 0.
1063 2762 1087 2781 ⁸³
1109 2759 1154 2791 οὖν
1169 2772 1210 2792 m.
1257 2764 1278 2781 ⁶¹
1308 2761 1472 2791 ἔπευδοκοῦσι
1500 2771 1528 2792 0.
1566 2761 1588 2780 ⁸³
1615 2760 1688 2788 ἀνω·

42 2799 121 2834 μάλως
133 2809 173 2829 m.

176 2846 300 2876 Panos.
317 2847 367 2876 Ge.
386 2848 495 2876 CXXIV.

1493 2851 1527 2878 i2
