1927 3076
257 154 313 181 363

261 215 297 243 cit
313 224 319 244 :
341 219 495 252 propterea,
514 215 640 251 inquiens
662 226 675 239 σι

258 268 317 295 mo,
334 271 348 285 ι
363 260 417 288 hoc
437 263 488 295 est,
510 259 738 297 quandoquidem
755 261 829 289 nosti
847 269 909 289 eam
932 269 992 290 esse
1008 261 1054 298 ju-

257 305 363 334 stitiam
378 305 441 340 Dei,
454 305 530 341 quod
540 305 607 334 mali
623 306 679 334 sint
691 313 770 342 paena
783 306 859 342 digni
869 326 877 341 ,
886 306 1057 335 inexcusabi-

259 350 292 379 lis
309 359 348 385 es,
362 350 524 387 quijudicas
538 350 635 379 eadem
656 355 750 379 tecum
772 351 914 380 facientes.
938 351 1056 380 Videtur

260 399 353 424 autem
370 395 414 423 hic
432 403 589 424 sermonem
604 395 723 433 dirigere
743 396 778 425 ad
795 396 930 433 principes
954 400 983 424 et
994 403 1053 424 ma-

257 440 399 478 gistratus,
414 441 548 477 prmcipue
570 448 636 470 vero
653 441 688 470 ad
709 442 863 476 Romanos,
888 445 920 470 ut
933 441 980 478 qui
993 441 1055 470 orbi

255 489 396 514 terrarum
413 486 602 522 praesiderent.
619 486 813 523 Magistratum
831 487 904 515 enim
924 490 966 515 est
975 486 1053 523 judi-

255 539 326 560 care.
347 533 480 560 Attamen
493 531 580 560 cuivis
596 531 681 560 etiam
699 532 860 560 mortalium
875 531 933 560 haec
952 539 1053 560 conve-

254 577 337 605 niunt
350 585 357 605 :
371 576 461 613 quivis
479 577 554 605 enim
567 577 732 606 sententiam
742 576 816 606 ferre
828 581 928 614 potest,
945 575 1052 605 etiamsi

254 622 372 650 tribunal
399 630 455 651 non
482 626 605 658 occupet.
633 622 798 651 Adulterum
827 622 920 659 igitur,
950 622 1051 658 inquit,

252 667 450 703 condemnans,
462 667 580 704 teipsum
592 667 769 704 condemnas,
785 675 849 696 cum
860 668 918 704 ipse
927 667 1052 696 moechus

252 720 300 740 SIS.

286 758 376 786 Vnus.
393 759 421 785 2.
437 768 451 782 α
461 757 570 787 Scimus
584 761 678 786 autem
693 757 768 795 quod
788 757 924 795 judicium
939 759 993 789 Dei
1007 763 1050 790 est

249 802 400 831 secundum
428 802 580 837 veritatem,
602 803 630 831 in
646 811 694 832 eos
717 803 764 840 qui
778 803 842 832 talia
859 808 953 841 agunt.
978 816 991 830 ι
1004 806 1045 834 Ne

247 847 310 883 quis
335 847 410 876 dicat
433 856 441 876 :
471 849 529 884 Ego
552 848 683 877 hactenus
705 848 831 877 machus
854 857 918 877 cum
943 857 1043 886 essem,

247 891 334 928 effugi
341 883 518 928 supplicium,
526 901 645 921 necsum
655 894 778 929 punitus,
785 893 892 922 etiamsi
901 883 1042 924 moechum
1060 883 1084 915 Β

245 936 415 973 puniverim;
428 937 652 973 perterrefaciens
676 939 723 973 ait,
739 938 814 975 quod
844 939 883 967 sic
910 947 969 968 sese
997 948 1042 969 res

244 989 302 1010 non
314 981 398 1010 habet
408 983 479 1018 apud
492 984 591 1011 Deum.
609 983 660 1011 Hic
670 983 745 1012 enim
760 984 828 1012 alius
838 984 949 1020 quidem
961 993 1042 1022 paena

242 1026 372 1062 afficitur,
386 1027 456 1056 alius
468 1035 534 1057 vero
545 1028 710 1064 supplicium
730 1028 831 1063 evadit,
854 1029 931 1066 paria
945 1038 1043 1066 quam-

241 1072 282 1100 vis
301 1071 381 1101 faciat
395 1081 403 1101 :
419 1072 475 1101 illic
488 1077 580 1102 autem
601 1073 641 1102 sic
655 1081 712 1102 non
728 1077 792 1103 est:
808 1074 943 1111 judicium
965 1075 1040 1104 enim

243 1117 292 1146 Dei
307 1122 351 1146 est
362 1118 516 1147 secundum
529 1118 669 1147 veritatem
692 1126 756 1155 erga
771 1119 869 1148 malos.

276 1163 367 1191 Vnns.
384 1165 443 1191 3—6.
462 1174 475 1188 σι
497 1163 645 1192 Existimas
668 1167 761 1192 autem
785 1163 847 1198 hoc,
860 1171 877 1193 ο
891 1163 977 1193 homo
992 1163 1040 1202 qui

237 1206 345 1243 judicas
365 1215 413 1237 eos
433 1207 479 1245 qui
498 1208 563 1237 talia
589 1212 685 1245 agunt,
710 1211 738 1237 et
759 1208 826 1238 facis
851 1217 894 1244 ea,
912 1209 986 1245 quod
1008 1213 1038 1239 tu

239 1252 353 1290 effugies
359 1253 490 1290 judicium
502 1254 553 1282 Dei
561 1255 573 1281 Ρ
582 1255 627 1282 An
637 1253 745 1283 divitias
760 1255 812 1290 17
828 1254 958 1283 bonitatis
968 1255 1037 1292 ejus,

237 1302 266 1326 et
287 1299 432 1334 patientia,
449 1302 476 1327 et
491 1299 710 1336 Ionganimitatis
731 1300 895 1334 contemnis,
909 1300 1038 1337 ignorans

239 1343 312 1380 quod
338 1343 495 1380 benignitas
518 1344 569 1372 Dei
592 1344 628 1373 ad
647 1344 840 1381 paenitentiam
861 1348 889 1374 te
909 1344 1036 1373 adducit?

237 1388 396 1417 Secundum
427 1393 521 1417 autem
536 1389 669 1418 duritiem
691 1393 778 1424 tuam,
803 1398 833 1418 es
858 1390 1037 1426 impmnitens

236 1441 284 1461 cor
297 1433 467 1462 thesaurizas
489 1434 539 1463 tibi
555 1434 606 1470 ipsi
624 1435 697 1463 iram
720 1434 749 1463 in
763 1435 806 1463 die
822 1435 871 1463 iraa
883 1439 910 1464 et
930 1435 1034 1464 revela-

235 1477 321 1507 tionis
345 1483 373 1507 et
392 1479 461 1516 justi
483 1479 581 1516 judicii
600 1480 663 1515 Dei,
689 1480 737 1517 qui
765 1479 863 1509 reddet
890 1480 1035 1517 unicuique

235 1523 389 1552 secundum
412 1531 494 1560 opera
519 1532 576 1554 sua.
596 1536 608 1550 η
631 1525 719 1561 Supra
742 1524 820 1559 dixit,
841 1524 915 1561 quod
929 1533 1034 1554 merces
1051 1535 1074 1568 ρ

235 1568 346 1603 erroris,
364 1573 391 1597 et
405 1574 593 1598 creaturarum
608 1570 707 1604 cultus,
730 1569 832 1606 impiis,
852 1577 900 1605 per
917 1570 961 1598 illa
975 1570 1034 1606 ipsa

233 1613 262 1642 in
279 1613 379 1650 quibus
404 1614 591 1650 lasciviebant,
614 1614 803 1643 reddebatur:
827 1614 963 1650 siquidem
976 1615 1034 1651 ipsa

233 1659 377 1695 impuritas
399 1660 464 1688 satis
483 1664 542 1689 erat
559 1660 598 1688 eis
620 1659 647 1687 in
660 1667 782 1696 paenam.
805 1659 867 1687 Jam
879 1667 942 1688 vero
958 1659 1033 1696 quod

233 1708 368 1742 superest,
382 1705 548 1742 supplicium
562 1704 629 1741 ipsis
643 1704 829 1732 obventurum
847 1704 959 1733 revelat.
983 1706 1032 1733 Est

233 1750 321 1785 enim,
352 1750 450 1787 inquit,
476 1754 503 1778 et
525 1749 578 1778 alia
602 1749 652 1777 tibi
678 1749 773 1777 relicta
789 1757 880 1785 paena,
896 1758 913 1778 ο
929 1749 1034 1778 homo:

231 1803 294 1824 nam
303 1794 439 1832 judicium
454 1795 505 1823 Dei
515 1802 571 1822 non
586 1793 712 1830 effugies.
726 1794 874 1830 Quomodo
885 1795 971 1830 enim,
983 1795 1029 1831 qui

231 1845 291 1868 tum
306 1840 391 1877 ipsius
412 1839 550 1876 judicium
572 1847 627 1867 non
647 1838 787 1876 effugisti?
805 1840 914 1868 Etenim
933 1840 960 1868 in
973 1848 1029 1876 quo

229 1886 346 1914 alterum
373 1884 576 1918 condemnasti,
599 1888 696 1913 contra
719 1884 842 1921 teipsum
861 1885 1027 1914 sententiam

228 1930 324 1959 tulisti.
339 1929 387 1959 Sin
399 1934 491 1958 autem
515 1934 657 1966 propterea
682 1930 756 1967 quod
777 1930 940 1966 supplicium
952 1930 986 1958 de
1001 1934 1028 1958 te

228 1975 353 2004 nondum
383 1979 527 2011 sumptum
547 1974 643 2010 fuerit,
672 1974 783 2003 divitias
809 1974 940 2003 bonitatis
969 1975 1027 2012 ejus

227 2020 392 2057 asperneris,
411 2020 465 2049 hoc
490 2020 582 2056 ipsum
618 2018 655 2048 ad
680 2019 818 2056 majorem
844 2019 892 2047 tibi
913 2027 1026 2056 pmnam

227 2065 315 2094 cedet.
339 2065 410 2093 Nam
431 2064 633 2102 longanimitas,
664 2063 700 2093 ad
715 2063 943 2093 emendationem
968 2065 1025 2101 ipsa

226 2109 377 2145 utentibus,
400 2110 530 2139 salutaris
543 2113 585 2139 est
609 2109 836 2138 :insumentibus
849 2113 942 2138 autem
961 2117 1024 2138 eam

226 2154 262 2184 ad
273 2155 376 2191 peccati
384 2159 573 2192 augmentum,
588 2154 704 2191 majoris
723 2159 766 2184 est
786 2155 912 2192 supplicii
942 2163 1025 2184 occa-

223 2200 266 2229 sio
289 2207 346 2228 non
375 2199 412 2228 ob
434 2199 478 2228 sui
512 2203 651 2235 naturam,
688 2200 738 2228 sed
764 2199 800 2228 ob
830 2199 949 2228 istorum
975 2200 1024 2228 du-
1037 2209 1063 2242 Β

222 2245 325 2274 ritiem.
340 2244 544 2274 «Thesaurizas
560 2256 574 2270 ι
587 2244 671 2279 enim,
683 2244 732 2280 ait,
751 2255 763 2270 a
778 2244 830 2273 tibi
842 2245 896 2281 ipsi
907 2244 978 2274 iram
991 2254 997 2273 :
1009 2256 1021 2271 ν

220 2297 278 2319 non
294 2292 378 2325 Deus,
404 2289 452 2319 sed
466 2294 497 2319 tu
516 2290 567 2319 tibi
581 2290 645 2326 ipsi.
661 2289 761 2319 Unde?
776 2297 792 2318 a
815 2290 900 2318 corde
913 2294 962 2319 tuo
983 2290 1022 2319 in-

219 2334 332 2364 flexibili
343 2339 372 2364 et
384 2335 420 2364 ad
433 2335 539 2364 bonum
553 2335 702 2365 obdurato.
717 2334 835 2372 Quando
844 2335 918 2364 enim
932 2343 1022 2372 neque

219 2379 292 2409 bona
317 2379 443 2416 molliris,
467 2388 558 2418 neque
595 2385 703 2410 terrore
736 2380 865 2416 ﬂecteris,
893 2380 959 2418 quid
993 2385 1020 2410 te

217 2425 331 2454 durius?
354 2425 441 2455 Porro
461 2435 477 2454 α
490 2426 565 2455 diem
581 2425 632 2455 ira:
659 2437 672 2451 ιο
685 2425 791 2461 dicens,
814 2425 913 2462 adjecit
925 2425 1017 2461 simul,

219 2481 233 2495 α
255 2470 443 2500 Revelationis
464 2475 493 2500 et
501 2471 570 2508 justi
593 2471 688 2508 judicii
714 2470 765 2500 Dei
783 2479 791 2499 ι
819 2482 833 2495 ιι
854 2471 938 2507 idque
962 2479 1019 2500 non

216 2515 369 2550 immerito,
395 2524 429 2545 ne
443 2516 506 2553 quis
520 2524 553 2545 ex
576 2516 716 2545 iracundia
737 2515 873 2552 judicium
892 2523 952 2544 esse
971 2524 1018 2552 pu-

215 2563 264 2590 tet.
279 2561 403 2590 Detectio
420 2569 541 2598 namque
563 2561 606 2596 ﬁt,
630 2560 734 2597 inquit,
759 2560 893 2589 omnium.
925 2561 1016 2596 Quare

214 2614 265 2643 pro
284 2607 467 2636 revelatorum
484 2605 584 2635 merito
606 2606 636 2634 fit
656 2605 804 2634 retributio
821 2614 828 2633 :
845 2613 876 2634 ea
904 2610 1016 2642 propter

209 2652 318 2689 justum
332 2653 417 2682 etiam
441 2656 484 2681 est
501 2651 647 2689 judicium.
668 2651 720 2679 Hic
742 2658 817 2686 sane,
837 2650 901 2688 quia
928 2658 1012 2688 opera

215 2698 389 2735 occuluntur,
402 2705 460 2728 non
485 2704 596 2734 semper
612 2696 716 2734 iustitia
737 2696 842 2726 obtinet
862 2706 868 2726 :
884 2696 938 2726 illic
963 2704 1011 2726 au-

772 152 1028 182 THEOPHYLACTI
1047 152 1224 181 BULGARIE
1243 152 1398 180 ARCHIEP.

703 215 898 245 inexcusabilis
916 223 955 251 es,
971 224 988 244 ο
1002 215 1037 245 ho

1109 228 1173 256 γον,
1199 215 1245 246 καί
1260 227 1341 257 φησι·
1355 227 1376 257 3
1398 212 1445 244 Διὸ
1457 222 1472 242 ι)
1500 211 1546 242 καὶ
1576 222 1590 242 (ι
1610 212 1816 257 ἀναπολόγητοςέ
1833 207 1868 241 εἷ’
1886 223 1898 240 a

1862 150 1910 177 364

1111 254 1242 298 τουτέστι,
1258 254 1332 291 Διότι
1344 254 1415 293 οἶδας
1427 258 1462 297 ζτὸ
1476 257 1612 296 δικαίωμα
1635 260 1681 288 τοῦ
1694 258 1780 294 Θεοῦ,
1799 255 1844 287 ὅτι
1858 268 1905 287 κο-

1110 308 1211 341 λάσεως
1226 297 1292 341 ἄξιοι
1315 306 1340 336 οἱ
1358 306 1470 346 φαῦλοι,
1494 303 1691 342 ἀναπολόγητος
1707 297 1746 339 εἷ,
1764 304 1780 332 ὃ
1804 302 1903 342 κρίνων

1109 352 1168 386 τοὺς
1182 352 1216 381 τὰ
1231 351 1310 391 ὅμοιά
1325 362 1367 380 σοι
1380 350 1556 390 πράσσοντας.
1567 350 1647 379 Δοκεῖ
1665 349 1692 378 δὲ
1712 349 1827 378 ἐνταῦθα
1843 347 1909 387 πρὸς

1110 398 1238 438 ἄρχοντας
1253 395 1456 433 ἀποτείνεσθαι,
1470 395 1516 424 καὶ
1532 394 1654 433 μάλιστα
1668 393 1729 428 τοὺς
1738 392 1906 432 Ῥωμαίους,

1108 444 1143 477 ὡς
1163 443 1333 482 προεστῶτας
1355 442 1402 477 τῆς
1422 438 1593 479 οἰκουμένην
1615 440 1668 469 τῶν
1693 438 1744 479 γὰρ
1767 439 1906 478 ἀρχόντων

1107 487 1137 517 τὸ
1161 487 1268 527 κρίνειν.
1292 484 1368 522 Πλὴν
1392 485 1437 516 καὶ
1460 485 1525 526 πρὸς
1549 485 1638 514 πάντα
1661 483 1801 525 ἄνθρωπον
1817 487 1905 514 ταῦτα

1107 533 1225 573 ἁρμόζει.
1244 533 1306 565 Πῶς
1322 531 1373 572 γὰρ
1394 530 1505 560 δύναται
1531 529 1648 570 κρίνειν,
1672 529 1721 559 κᾶν
1747 528 1787 566 μὴ
1811 529 1903 570 θρόνον

1106 578 1173 618 ἔχοι.
1200 577 1254 608 Τὸν
1280 577 1373 617 μοιχὸν
1394 573 1456 614 οὖν,
1472 575 1552 616 φησὶ,
1576 574 1765 616 κατακρίνων,
1789 574 1906 605 σεαυτὸν

1106 623 1288 663 κατακρίνεις,
1304 621 1397 662 μοιχὸς
1416 621 1462 651 καὶ
1477 621 1555 655 αὐτὸς
1568 619 1618 652 ὤν.

1147 768 1162 785 α
1186 756 1305 796 Οἴδαμεν
1320 755 1347 787 δὲ
1369 755 1409 786 ὅτι
1428 755 1459 785 τὸ
1481 757 1565 796 κρῖμα
1592 759 1639 786 τοῦ
1663 757 1734 787 Θεοῦ
1754 755 1813 786 ἔστι
1832 756 1905 786 κατὰ

1101 801 1224 838 ἀλήθειαν
1243 802 1286 832 ἐπὶ
1298 801 1357 835 τοὺς
1371 801 1406 831 τὰ
1419 803 1530 831 τοιαῦτα
1550 799 1726 841 πράσσοντας.
1743 810 1758 829 n
1777 799 1844 831 Ἵνα
1866 802 1901 839 μὴ

1101 847 1166 887 λέγῃ
1180 859 1218 881 τις
1229 869 1237 884 ,
1249 846 1290 876 ὅτι
1300 846 1372 886 Ἐγὼ
1387 846 1451 880 τέως
1466 846 1602 886 διέφυγον,
1618 846 1663 875 καὶ
1683 846 1731 875 οὒκ
1745 846 1900 882 ἔκολάσθην

1098 892 1190 933 μοιχὸς
1204 891 1259 931 ὢν,
1282 891 1370 922 καίτοι
1384 891 1428 921 τὸν
1445 891 1538 931 μοιχὸν
1560 890 1691 925 κολάσας”
1706 890 1788 931 φησὶν
1813 891 1900 932 ἐκρο-

1098 937 1168 976 6ῶν,
1194 936 1235 967 δτι
1250 937 1301 978 οὐχ
1316 935 1398 970 οὕτως
1413 936 1469 966 ἐστὶ
1488 935 1561 976 παρὰ
1577 937 1656 976 Θεῷ.
1682 935 1820 966 Ἐνταῦθα
1844 936 1896 976 γὰρ

1096 984 1110 1012 ὁ
1125 982 1173 1021 μὲν
1199 982 1357 1020 κολάζεται,
1379 983 1393 1011 ὁ
1418 981 1445 1011 δὲ
1470 981 1622 1022 διαφεύγει,
1652 980 1687 1010 τὰ
1709 980 1778 1011 αὐτὰ
1803 983 1901 1011 ποιῶν-

1095 1028 1149 1057 ἐκεῖ
1163 1026 1190 1056 δὲ
1205 1027 1255 1068 οὐχ
1269 1026 1349 1057 οὕτω·
1371 1026 1402 1056 τὸ
1424 1026 1475 1066 γὰρ
1498 1026 1582 1067 κρῖμα
1601 1027 1647 1056 τοῦ
1664 1026 1736 1057 Θεοῦ
1749 1025 1807 1056 (om
1826 1026 1899 1056 κατὰ

1096 1072 1221 1109 ἀλήθειαν
1235 1072 1279 1102 ἐπὶ
1294 1071 1353 1106 τοὺς
1369 1071 1494 1113 φαύλους.

1138 1173 1154 1192 α
1168 1161 1267 1202 Λογίζῃ
1284 1160 1312 1192 δὲ
1325 1164 1417 1198 τοῦτο,
1433 1154 1456 1191 ὦ
1471 1160 1605 1201 ἄνθρωπε,
1627 1160 1642 1190 ὃ
1664 1159 1760 1202 κρίνων
1775 1160 1841 1196 τοὺς
1864 1161 1896 1192 τὰ

1093 1209 1201 1237 τοιαῦτα
1218 1207 1386 1247 πράσσοντας
1397 1229 1404 1243 ,
1422 1206 1468 1236 κα)⁸
1483 1208 1566 1236 ποιῶν
1580 1205 1661 1246 αὐτὰ,
1677 1205 1717 1236 ὅτι
1728 1206 1760 1236 σὺ
1776 1207 1894 1248 ἐκφεύξῃ

1092 1251 1122 1282 τὸ
1140 1252 1223 1292 κρῖμα
1239 1254 1284 1281 τοῦ
1299 1253 1388 1289 Θεοῦ;
1403 1250 1444 1282 Ἢ
1467 1253 1514 1282 τοῦ
1532 1250 1646 1281 πλούτου
1669 1253 1717 1288 τῆς
1739 1253 1897 1293 χρηστότη-

1092 1309 1135 1331 τος
1164 1298 1261 1334 αὐτοῦ,
1287 1297 1394 1333 καὶτῆς
1420 1298 1533 1337 ἀνοχῆς,
1558 1296 1604 1326 καὶ
1628 1299 1676 1333 τῆς
1703 1298 1896 1337 μακροθυμίας

1091 1346 1277 1383 καταφρονεῖς,
1305 1342 1406 1382 ἀγνοῶν
1429 1340 1471 1371 ὅτι
1492 1341 1522 1371 τὸ
1543 1340 1660 1382 χρηστὸν
1681 1345 1727 1371 τοῦ
1753 1343 1830 1372 Θεοῦ
1862 1345 1898 1378 τίς

1091 1387 1231 1425 μετάνοιάν
1258 1398 1286 1416 σε
1308 1386 1385 1426 ἄγει;
1409 1386 1486 1417 Κατὰ
1507 1386 1534 1416 δὲ
1558 1385 1606 1423 τὴν
1631 1386 1803 1427 σκληρότητά
1825 1399 1895 1425 σου,

1090 1431 1136 1461 καὶ
1151 1432 1331 1471 ἀμετανόητον
1348 1431 1461 1472 καρδίαν
1474 1454 1482 1468 ,
1499 1431 1667 1471 θησαυρίζεις
1681 1433 1787 1472 σεαυτῷ
1805 1433 1894 1474 ὀργὴν

1090 1477 1116 1506 ἓν
1131 1477 1220 1518 ἡμέρᾳ
1244 1478 1342 1517 ὀργῆς,
1364 1477 1410 1506 καὶ
1438 1476 1649 1517 ἀποκαλύψεως,
1676 1476 1722 1506 καὶ
1741 1477 1895 1519 δικαιοκριο

1089 1521 1148 1556 σίας
1165 1524 1210 1552 τοῦ
1226 1523 1308 1565 Θεοῦ,
1325 1520 1377 1556 ⁸ος
1392 1520 1525 1552 ἀποδώσει
1548 1521 1656 1562 ἑκάστῳ
1677 1521 1748 1552 κατὰ
1771 1522 1806 1553 τὰ
1823 1524 1894 1565 ἔργα

1089 1567 1178 1599 αὐτοῦ.
1202 1577 1217 1596 ι)
1246 1561 1329 1597 Εἶπεν
1352 1567 1406 1597 ἄνω
1428 1566 1469 1596 ὅτι
1491 1568 1508 1603 ἡ
1531 1561 1684 1609 ἀντιμισθία
1700 1569 1748 1604 τῆς
1762 1561 1892 1609 πλάνὴς,

1088 1611 1134 1641 καὶ
1149 1614 1195 1648 ἧς
1207 1611 1476 1652 κτισματολατρείας,
1491 1612 1518 1641 ἐν
1534 1612 1636 1648 αὐτοῖς,
1652 1607 1690 1646 οἶς
1708 1607 1891 1652 ἧσίλγαινονέ

1088 1657 1227 1687 ἀπεδίδοτο
1238 1661 1293 1691 τοῖς
1309 1655 1425 1697 φαύλοις·
1447 1655 1513 1693 αὐτὴ
1531 1656 1583 1696 γὰρ
1596 1659 1613 1693 ἡ
1635 1656 1788 1697 ἀκαθαρσία
1808 1657 1893 1697 ἤρκει

1086 1702 1175 1736 αὐτοῖς
1196 1701 1255 1732 ἀντὶ
1280 1701 1431 1735 κολάσεωςσ
1459 1703 1503 1730 νῦν
1525 1701 1554 1731 δὲ
1579 1701 1669 1732 λοιπὸν
1699 1703 1892 1734 ἀποκαλύπτει

1085 1747 1173 1782 αὐτοῖς
1188 1747 1233 1776 καὶ
1249 1746 1298 1783 τὴν
1314 1746 1436 1778 κόλασιν.
1459 1744 1540 1777 Ἐστι
1554 1746 1621 1787 γὰρ,
1644 1744 1710 1788 φησὶ
1720 1769 1728 1784 ,
1743 1747 1790 1777 καὶ
1805 1748 1890 1790 ἕτέρα

1084 1803 1126 1822 σοι
1140 1791 1261 1829 κόλασις,
1284 1792 1405 1833 ἄνθρωπε
1425 1791 1466 1810 ⁸³·
1489 1792 1519 1821 οὖ
1533 1791 1585 1831 γὰρ
1601 1792 1712 1833 ἐκφεύξῃ
1728 1791 1776 1828 τὴν
1795 1793 1889 1833 κρίσιν

1083 1840 1128 1867 τοῦ
1143 1838 1213 1878 Θεοῦ
1226 1849 1232 1855 ·
1251 1837 1308 1870 πῶς
1328 1836 1390 1877 γὰρ,
1408 1835 1435 1871 ὅς
1449 1848 1479 1877 γε
1493 1835 1542 1872 τὴν
1565 1840 1662 1868 σαυτοῦ
1677 1838 1724 1867 οὐκ
1743 1837 1888 1878 ἓξίφυγεςιε

1083 1880 1131 1912 Ἐν
1149 1877 1171 1923 ᾧ
1187 1882 1239 1923 γὰρ
1263 1881 1308 1911 τὸν
1329 1874 1417 1922 ἕτερον
1440 1874 1616 1921 κατέκρινας,
1639 1881 1749 1912 σεαυτὸν
1773 1874 1890 1914 κὰτὲδὲᾁ

1081 1938 1176 1962 κασας.
1195 1929 1228 1958 Εἰ
1243 1927 1270 1957 δὲ
1286 1926 1330 1957 διὰ
1351 1928 1381 1957 τὸ
1396 1926 1478 1966 μήπω
1502 1928 1685 1964 κολασθῆναι,
1702 1934 1888 1968 καταφρονεῖς

1081 1974 1127 2001 τοῦ
1150 1972 1264 2002 πλούτου
1288 1975 1335 2008 ἧς
1357 1971 1537 2011 ἄγαθότητος,
1554 1972 1619 2001 αὐτὸ
1644 1974 1722 2002 τοῦτο
1742 1973 1779 2006 εἷς
1793 1974 1887 2005 πλείω

1081 2028 1122 2046 σοι
1136 2017 1245 2047 κόλασίν
1270 2017 1352 2046 ἐστιν.
1385 2016 1423 2047 ⁶Η
1439 2016 1490 2057 γὰρ
1505 2017 1530 2036 ⁶⁴
1547 2017 1731 2057 μακροθυμία,
1750 2019 1806 2052 τοῖς
1828 2019 1885 2057 μὲν

1079 2062 1143 2101 πρὸς
1169 2062 1304 2102 διόρθωσιν
1328 2062 1396 2102 αὐτῇ
1422 2061 1584 2102 χρωμένοις,
1613 2062 1743 2102 σωτήριος
1755 2063 1798 2083 ⁵⁵⁸
1822 2068 1885 2100 τοῖς

1079 2105 1107 2135 δὲ
1122 2104 1158 2140 εἷς
1177 2106 1329 2146 προσθήκην
1347 2107 1480 2146 ἁμαρτίας
1495 2107 1650 2136 δαπανῶσιν
1671 2107 1772 2146 αὐτὴν,
1787 2120 1883 2147 τιμω-

1079 2150 1135 2192 ρίας
1149 2151 1265 2190 μείζονός
1281 2154 1350 2182 ἐστιν
1362 2151 1469 2193 ἀφορμὴ
1485 2153 1515 2182 οὗ
1528 2151 1604 2192 παρᾶ
1623 2151 1672 2189 τὴν
1682 2153 1765 2189 αὐτῆς
1779 2153 1864 2195 φύσιν
1875 2178 1884 2193 ,

1079 2196 1147 2226 ἀλλὰ
1162 2197 1236 2237 παρὰ
1253 2196 1301 2233 τὴν
1316 2196 1426 2227 ἐκείνων
1438 2197 1619 2236 σκληρότητα.
1637 2210 1650 2225 ι
1666 2198 1852 2239 Θησαυρίζεις
1869 2213 1884 2227 ι

1077 2241 1221 2282 γὰρ,φησ“ι,
1232 2255 1244 2269 α
1253 2243 1355 2282 σεαυτῷ
1364 2241 1457 2282 ὀργήν.
1471 2255 1482 2268 ι
1495 2242 1576 2282 Οὖχὸ
1583 2241 1661 2279 Θεὸς,
1675 2242 1745 2272 ἀλλὰ
1755 2242 1787 2273 σὺ
1796 2255 1884 2275 σεαυο

1076 2287 1126 2326 τῷ.
1139 2286 1239 2323 Πόθεν;
1253 2286 1317 2316 Ἀπὸ
1327 2289 1373 2323 τῆς
1391 2285 1529 2316 ἀνενδότου
1541 2287 1567 2306 ⁸⁵
1580 2286 1626 2317 καὶ
1639 2286 1705 2327 πρὸς
1724 2287 1755 2318 τὸ
1770 2289 1876 2328 ἀγαθὸν

1075 2332 1193 2372 σκληρᾶς
1207 2344 1254 2362 σου
1268 2331 1388 2372 καρδίας.
1400 2330 1488 2361 Ὅταν
1506 2330 1557 2372 γὰρ
1574 2331 1641 2370 μήτε
1703 2332 1877 2373 χρηστότητι

1074 2376 1199 2416 μαλάττῃ
1207 2399 1215 2414 ,
1230 2376 1297 2416 μήτε
1312 2376 1386 2417 φόϐῳ
1398 2376 1528 2418 κάμπτῃ,
1539 2376 1565 2406 τί
1577 2376 1752 2418 σκληρότερόν
1763 2377 1789 2397 ⁵⁷
1807 2389 1876 2418 ceu;

1074 2420 1194 2462 Ἦμίραν
1210 2422 1237 2451 δὲ
1251 2422 1330 2463 ὀργῆς
1345 2420 1441 2459 εἰπὼν,
1457 2421 1576 2462 ἐπήγαγε
1591 2421 1637 2452 καὶ
1657 2421 1705 2462 τὸ,
1720 2436 1732 2450 ει
1752 2422 1874 2454 Ἀποκα-

1073 2467 1175 2506 λύψεως
1189 2467 1234 2497 καὶ
1247 2467 1437 2508 δικαιοκρισίας
1450 2469 1521 2499 Θεοῦ
1533 2478 1541 2487 ο
1553 2478 1568 2496 ι
1585 2466 1706 2505 εἰκότως,
1717 2466 1762 2498 ἵνα
1775 2468 1816 2508 μὴ
1828 2481 1877 2501 vo-

1073 2513 1139 2552 μίσῃ
1153 2524 1205 2549 τις,
1219 2511 1260 2542 ὅτι
1279 2512 1337 2542 κατ’
1358 2512 1439 2552 ὀργὴν
1453 2513 1470 2548 ἡ
1492 2511 1590 2552 κρίσις.
1607 2511 1787 2554 Ἄποκᾶλυψις
1805 2514 1874 2556 γὰρ,

1071 2557 1145 2598 φησὶ,
1158 2556 1259 2597 γίνεται
1271 2557 1389 2587 πάντων.
1401 2556 1491 2587 "nos:
1504 2557 1562 2587 κατ’
1575 2556 1649 2592 ἀξίαν
1665 2559 1717 2588 τῶν
1731 2559 1874 2590 ἀποκαλυ-

1069 2602 1206 2642 πτομένων
1222 2604 1239 2638 ἡ
1255 2603 1426 2637 ἀνταπόδοσις
1436 2613 1444 2620 ο
1459 2602 1502 2632 διὰ
1516 2605 1593 2632 τοῦτο
1606 2603 1633 2632 δὲ
1649 2603 1695 2633 καὶ
1714 2604 1870 2646 δικαιοκριη

1068 2647 1123 2678 σία.
1141 2647 1276 2678 Ἐνταῦθα
1292 2647 1340 2687 μὲν
1354 2647 1416 2689 γὰρ,
1430 2647 1497 2678 διότι
1513 2647 1724 2689 συγκρύπτονται
1736 2649 1770 2678 τὰ
1785 2650 1866 2690 ἔργα,

1065 2692 1109 2723 διὰ
1134 2696 1211 2724 τοῦτο
1226 2694 1256 2723 οὖ
1270 2693 1383 2724 πάντοτε
1400 2692 1431 2724 τὸ
1453 2692 1554 2724 δίκαιον
1573 2695 1685 2734 κρατεῖν
1701 2694 1756 2725 ἐκεῖ
1769 2693 1798 2725 δὴ

908 2756 1002 2786 Variae
1024 2755 1180 2788 lectiones.

249 2819 271 2838 ⁸³
284 2819 307 2848 ὦ
319 2820 433 2857 ἄνθρωπε
447 2828 484 2849 m.
521 2818 543 2837 ⁸⁸
556 2818 600 2856 μὲν
613 2827 641 2848 ο.
678 2819 700 2837 ⁵⁸
717 2819 826 2856 σωτηρία
835 2827 874 2849 In.
912 2819 935 2837 ⁸⁵
946 2818 1071 2852 ἀναιδείας
1085 2827 1113 2849 o.
1150 2818 1173 2838 ⁸⁷
1185 2819 1231 2852 Τίς
1242 2818 1406 2856 σκληρότερός
1419 2827 1448 2848 o.
