1927 3076
257 189 309 216 367

765 184 1021 214 TllEOPHYLACTl
1042 183 1219 211 BULGARIIE
1238 184 1396 213 ARCHIEP.
1859 188 1904 215 368

255 251 383 280 uberiore
395 250 519 279 doctrina
539 254 566 278 et
578 249 748 278 institutione
767 248 867 277 imbuti
893 247 982 282 fuere,
997 254 1047 275 mal

1114 259 1126 273 α
1142 247 1262 280 δυνατῶς
1286 247 1494 285 ἔτασθήσονται,
1517 257 1533 277 ))
1559 247 1605 278 καὶ
1629 249 1653 277 οἱ
1673 249 1778 287 μᾶλλον
1803 250 1904 278 συνετοὶ

251 297 314 332 jore
324 295 403 331 juxta
419 294 550 331 supplicio
565 293 638 331 digni
651 293 764 322 fuerint.
780 304 793 318 ιι
806 293 937 321 Potentes
953 302 966 316 ι
982 291 1058 319 enim

256 343 403 376 cpotenter
413 339 643 368 examinabuntur
657 343 681 375 ι,
695 342 744 367 »οι
758 337 845 375 magis
859 337 1056 374 intelligentes,

253 384 341 421 magis
362 383 524 421 punientur.

289 431 379 458 Vsus.
403 431 494 457 10-11.
518 437 533 456 ι(
555 428 649 458 Gloria
672 432 766 457 autem
791 431 819 457 et
842 427 932 456 honor
956 430 985 456 et
1006 434 1057 464 pax

257 474 335 502 omni
352 474 474 510 operauti
499 473 616 508 bonum,
640 473 737 502 Judmo
756 472 877 509 primum
898 476 927 500 et
947 471 1054 500 Graeco.

253 521 317 548 Non
330 524 372 548 est
384 519 455 548 enim
479 518 602 555 acceptio
615 526 795 555 personarum
820 516 893 554 apud
914 517 1017 546 Deum.
1039 526 1053 543 »

253 565 356 601 Scopus
366 569 408 593 est
431 564 564 601 Apostolo
579 568 732 593 monstrare
750 563 780 591 in
798 562 985 599 sequentibus,
1011 561 1057 589 ni-

253 609 290 637 hil
322 609 451 646 prodesse
476 609 725 643 circumeisionem,
761 607 830 636 nihil
859 607 927 636 item
960 607 1056 635 obesse

252 654 429 690 praeputium,
453 662 486 683 ac
496 654 626 683 inducere
639 653 755 690 posthac
771 652 866 687 ﬁdem,
889 660 951 688 qua;
968 651 1056 679 homi-

252 706 316 727 nem
328 698 468 735 justiﬁcet.
487 699 549 726 Hoc
572 698 657 734 igitur
671 697 725 726 sibi
745 696 857 733 praeﬁxo
872 704 965 732 scopo,
982 703 1054 731 pra:-

252 744 373 772 concutit
386 752 458 772 nunc
469 751 514 772 res
533 743 711 772 Judmorum.
736 741 938 770 Animadverte
963 741 1055 777 itaque

252 788 423 825 sapientiam.
439 790 557 817 Enarrat
580 796 642 824 quae
658 791 724 816 sunt
745 791 809 816 ante
834 786 936 815 Christi
952 785 1055 815 adven-

252 837 325 868 tum,
339 837 368 862 et
390 833 466 870 quod
479 832 601 862 mundus
622 832 705 861 fuerit
723 832 842 868 repletus
867 831 982 866 malitia,
994 835 1054 859 tum

251 878 326 915 quod
345 877 517 914 castigationi
535 877 639 906 fuerint
665 876 788 911 obnoxii,
801 876 914 905 Iudaeus
932 876 1054 912 primum

1112 292 1214 330 μᾶλλον
1229 292 1451 329 κολασθήσονται.

1151 441 1163 455 ε
1179 428 1249 463 Δόξα
1266 427 1353 459 δὲκαὶ
1369 429 1434 468 τιμὴ
1449 428 1494 459 καὶ
1509 428 1599 470 εἰρήνη
1612 429 1691 459 παντὶ
1706 430 1745 470 τῷ
1759 430 1907 470 ἐργαζομέ-

1111 485 1147 514 νῳ
1162 473 1192 503 τὸ
1209 473 1307 514 ἀγαθὸν
1317 497 1325 511 ,
1341 474 1463 515 Ἰουδαίῳ
1478 486 1507 504 τε
1523 476 1641 515 πρῶτον,
1660 474 1707 504 καὶ
1722 474 1858 510 Ἕλληνι.
1871 476 1907 505 Οᾶ

1110 519 1161 559 γὰρ
1176 519 1232 548 ἐστι
1255 519 1466 560 προσωποληψία
1493 519 1567 558 παρὰ
1593 521 1630 559 τῷ
1754 530 1771 549 ι
1803 520 1908 553 Σκοπός

1111 564 1167 593 ἔστι
1182 565 1220 604 τῷ
1235 563 1388 605 Ἀποστόλῳ
1404 564 1485 599 δεῖξαι
1505 565 1532 594 ἐν
1556 568 1610 598 τοῖς
1634 564 1707 601 ἑξῆς,
1728 564 1812 603 μηδὲν
1839 565 1908 605 ὤφε-

1110 609 1206 639 λοῧσαν
1221 611 1270 645 τήν
1286 609 1450 649 περιτομὴν,
1476 609 1543 648 μηδὲ
1569 608 1617 645 τὴν
1642 609 1826 648 ἀκροϐυστίαν
1846 609 1908 650 βλά-

1109 665 1242 690 πτουσαν,
1264 653 1309 683 καὶ
1332 654 1483 694 εἰσαγαγεῖν
1502 653 1594 684 λοιπὸν
1609 653 1658 690 τὴν
1682 654 1773 684 πίστιν
1789 655 1908 684 δικαιοῦ-

1110 710 1158 728 σαν
1173 698 1217 728 τὸν
1234 698 1382 739 ἄνθρωπον.
1395 700 1482 729 Τοῧτο
1497 701 1559 739 γοῦν
1579 699 1647 739 ἔχων
1661 700 1778 736 σκοπὸν,
1795 700 1908 740 προδια-

1109 743 1216 773 σαλεύει
1234 745 1280 773 νῦν
1301 743 1336 773 τὰ
1350 745 1402 774 τῶν
1418 743 1566 774 Ἰουδαίων.
1594 744 1648 774 Καὶ
1664 742 1713 783 ὅρα
1729 744 1841 785 σοφίαν·
1863 749 1908 775 Δι-

1109 792 1213 827 ηγεῖται
1226 787 1261 817 τὰ
1283 789 1337 827 πρὸ
1352 790 1399 824 τῆς
1417 791 1462 818 τοῦ
1484 789 1602 829 Χριστοῦ
1623 788 1782 828 παρουσίας,
1802 790 1854 819 καὶ
1874 790 1907 819 ὅτι

1110 834 1124 861 6
1140 832 1238 871 κόσμος
1252 833 1414 872 πεπλήρωτο
1427 832 1573 873 πονηρίας,
1589 832 1634 863 καὶ
1650 833 1690 863 ὅτι
1707 833 1820 864 κολάσει
1843 831 1907 870 ἦσαν

1111 877 1248 916 ὑπόδικοι,
1260 879 1274 906 ὁ
1289 877 1415 912 Ἰουδαῖος
1429 879 1533 918 πρῶτον
1544 900 1552 914 ,
1573 877 1619 907 καὶ
1637 879 1652 907 6
1665 877 1782 914 Ἕλλην.
1808 878 1907 908 Λαϐὼν

251 927 280 951 et
294 924 418 952 Graecus.
433 923 505 951 Cum
529 931 595 951 vero
621 930 671 959 pro
695 921 823 950 confesso
847 921 1047 957 assumpsisset,

1112 921 1137 951 δὲ
1149 921 1353 961 ὡμολογημένον
1363 945 1373 961 ,
1385 922 1424 952 ὅτι
1437 922 1631 957 κολασθήσεται
1645 924 1659 952 6
1668 921 1776 960 Ἕλλην
1793 924 1843 953 ἐπὶ
1861 928 1908 956 τοὶς

251 968 326 1005 quod
340 969 456 997 Graecus
469 967 606 996 malorum
619 975 737 1004 operum
749 974 845 1003 poenas
859 967 937 1002 luet;
953 966 988 994 ad
1004 974 1047 995 eo-

1112 970 1218 1003 κακοῑς,
1245 966 1294 996 ἀπ’
1317 967 1397 996 αὖτοῢ
1418 967 1626 1005 κατασκευάζει,
1647 966 1687 996 ὅτι
1713 968 1759 997 καὶ
1784 968 1832 997 ἐπὶ
1859 973 1908 1002 τοῖς

251 1012 315 1042 dem
328 1013 410 1042 simul
427 1013 480 1049 19
491 1013 589 1041 astruit
610 1012 684 1049 quod
697 1016 726 1040 et
747 1011 884 1040 bonorum
898 1010 1053 1039 mercedem

251 1059 328 1089 feret.
350 1059 433 1095 Quod
439 1059 460 1087 si
469 1059 503 1088 ab
515 1058 647 1096 operibus
665 1063 693 1087 et
710 1058 800 1087 honos
809 1057 935 1095 provenit
943 1057 1055 1094 etigno-

251 1103 348 1138 minia,
370 1103 499 1140 sequitur
513 1103 602 1139 legem
617 1106 645 1130 et
664 1103 904 1131 circumcisionem
918 1101 1053 1138 superﬂua

251 1157 330 1183 esse;
352 1156 404 1177 nec
425 1147 566 1184 superflua
589 1151 708 1182 tantum,
733 1155 831 1176 verum
854 1147 937 1176 etiam
954 1146 1053 1175 Iudaeo

250 1193 364 1230 majoris
377 1192 499 1229 supplicii
523 1200 626 1221 causas.
657 1192 684 1220 Si
703 1192 779 1220 enim
799 1193 913 1221 Graecus
936 1199 997 1220 eam
1017 1191 1053 1220 ob

250 1244 372 1271 causam,
384 1236 459 1273 quod
475 1244 532 1265 non
542 1244 558 1264 a
584 1240 723 1271 creatura,
737 1236 862 1273 adeoque
875 1239 981 1264 natura:
994 1235 1053 1271 lege

250 1281 402 1316 institutus,
411 1282 457 1316 sit,
479 1281 702 1316 condemnatur;
723 1281 811 1309 multo
823 1280 914 1317 magis
927 1280 1050 1314 Judazus,

249 1327 295 1363 qui
307 1335 372 1356 cum
391 1326 444 1359 his,
470 1327 552 1356 etiam
577 1334 639 1363 quae
659 1334 675 1354 a
694 1327 754 1363 lege
775 1331 831 1361 est,
855 1326 1010 1354 doctrinam
1025 1329 1053 1354 ct

249 1371 442 1401 educationem
462 1371 574 1408 accepit.
598 1373 718 1407 Scopum
735 1370 817 1407 igitur
835 1379 899 1399 cum
912 1370 1051 1404 didiceris,

249 1424 413 1453 prosequere
432 1415 497 1445 dein
516 1420 545 1444 et
567 1416 657 1444 verba.
683 1415 796 1444 Graecos
809 1419 902 1444 autem
917 1415 962 1443 hic
976 1415 1050 1451 dicit,

250 1469 306 1490 non
321 1462 458 1490 idolorum
469 1460 598 1495 cultores,
613 1460 661 1489 sed
675 1461 738 1494 Dei,
763 1464 790 1488 et
802 1464 910 1488 natura:
924 1460 976 1496 legi
989 1467 1052 1488 mo-

248 1514 307 1535 rem
332 1511 458 1543 gerentes
482 1510 511 1534 et
532 1505 600 1534 citra
622 1505 711 1541 legem
733 1504 777 1541 pie
805 1505 936 1539 viventes,
964 1505 1052 1541 qualis

248 1551 440 1586 Melchisedec,
466 1550 554 1587 qualis
577 1551 641 1585 Job,
664 1550 758 1586 quales
792 1550 927 1586 Ninivitat,
955 1551 1051 1587 qualis,

247 1595 359 1624 tandem
386 1595 540 1624 Cornelius.
556 1595 620 1623 Pari
642 1595 752 1623 ratione
772 1594 884 1624 Judteos
911 1595 978 1624 dicit
991 1604 1049 1631 eos,

247 1641 295 1677 qui
318 1645 380 1669 ante
403 1640 506 1670 Christi
532 1640 679 1669 adventum
704 1641 808 1669 vixere.
831 1642 952 1669 Daturus
973 1641 1045 1670 enim

247 1693 360 1722 operam
373 1690 405 1715 ut
425 1686 597 1715 demonstret
619 1685 858 1715 circumcisionem
873 1686 940 1714 nihil
957 1686 1045 1715 valere

246 1731 362 1759 recurrit
378 1731 412 1760 ad
431 1731 572 1767 superiora
588 1735 721 1768 tempora,
741 1731 868 1760 indicans
895 1731 964 1759 nihil
1003 1731 1044 1759 in-

245 1776 371 1804 terfuisse
393 1776 464 1805 inter
484 1777 613 1805 Graecum
625 1777 678 1805 Dei
698 1776 845 1810 colentem,
867 1780 895 1804 et
917 1775 1046 1805 Judaeum

246 1821 317 1850 bona
339 1826 509 1858 operantem.
532 1822 594 1850 Jam
631 1822 654 1850 si
681 1825 743 1850 ante
756 1821 862 1850 Christi
887 1821 1044 1856 adventum,

244 1866 354 1903 quando
369 1867 543 1903 potissimum
559 1866 697 1895 ﬂorebant
710 1866 836 1902 Iudaica,
850 1866 918 1895 nihil
932 1870 1043 1902 prazsla-

244 1909 291 1940 bat
311 1911 408 1940 Graeco
428 1911 551 1945 Iudaeus,
574 1912 664 1940 multo
690 1912 782 1940 minus
802 1912 914 1948 quando
936 1912 979 1940 lex
1004 1916 1046 1940 est

244 1956 354 1985 abolita.
371 1957 433 1985 Huc
446 1960 541 1985 autem
561 1960 678 1992 spectat,
701 1960 732 1984 ut
753 1957 917 1985 Iudaeorum
942 1956 1044 1985 fastum

243 2001 363 2038 dejiciat,
375 2001 423 2037 qui
448 2009 505 2029 non
532 2000 714 2029 admittebant
744 2008 791 2029 eos
811 2001 857 2037 qui
873 2009 906 2029 ex
919 2000 1045 2037 gentibus

243 2049 331 2073 erant.
344 2056 358 2069 α
373 2045 479 2079 Gloria,
499 2057 511 2069 ιι
521 2043 621 2080 inquit,
636 2056 649 2069 α
666 2048 694 2073 et
704 2044 795 2073 honor
807 2049 834 2073 et
845 2053 906 2080 pax,
924 2057 937 2070 ν
948 2045 1044 2074 Mundi

242 2090 324 2126 hujus
335 2090 407 2118 bona
425 2097 537 2125 semper
557 2089 627 2118 bella
648 2094 675 2118 et
688 2090 824 2119 tumultus
842 2090 954 2125 habent,
975 2090 1044 2118 invi-

242 2134 296 2163 diae
315 2138 343 2163 et
358 2133 464 2162 insidiis
480 2133 602 2170 exposita
618 2145 624 2162 :
648 2142 690 2169 ac,
708 2134 793 2163 etiam
807 2134 829 2163 si
851 2143 934 2163 nemo
958 2134 1042 2163 forin-

243 2187 324 2208 secus
336 2179 448 2207 insidias
457 2178 616 2213 meditetur,
632 2179 688 2215 ipse
703 2183 794 2208 tamen
805 2179 864 2208 haec
878 2179 1045 2216 possidens,-

1109 1012 1217 1051 ἀγαθοῖς
1240 1012 1425 1050 τιμηθήσεται.
1449 1013 1483 1042 Εἷ
1504 1011 1532 1041 δὲ
1555 1011 1608 1041 ἀπὸ
1627 1013 1679 1042 τῶν
1704 1012 1789 1053 ἔργων
1804 1015 1823 1049 ἡ
1843 1014 1907 1052 τιμὴ

1108 1056 1154 1086 χαὶ
1169 1058 1186 1092 ἡ
1200 1056 1293 1095 ἀτιμία
1317 1056 1417 1094 ἔπεισι,
1430 1057 1550 1097 περιττὸς
1571 1056 1664 1087 λοιπὸν
1675 1058 1689 1087 6
1703 1058 1783 1096 νόμος
1793 1080 1802 1097 ,
1828 1059 1878 1088 καὶ
1893 1061 1907 1093 ἡ

1108 1101 1248 1141 περιτομή·
1265 1100 1311 1130 καὶ
1332 1102 1362 1131 οὗ
1377 1102 1455 1140 μόνον
1472 1101 1609 1142 περιττὸς,
1625 1102 1695 1132 ἀλλὰ
1719 1103 1764 1132 καὶ
1787 1103 1908 1137 πλείονος

1107 1145 1242 1181 κολάσεως
1260 1147 1298 1186 τῷ
1321 1145 1442 1187 Ἰουδαίῳ
1464 1146 1598 1186 πρόξενος.
1623 1148 1659 1178 Εἰ
1683 1146 1734 1187 γὰρ
1759 1149 1774 1177 6
1799 1146 1908 1184 Ἕλλην

1108 1191 1151 1221 διὰ
1170 1190 1201 1220 τὸ
1222 1191 1259 1230 μὴ
1282 1190 1333 1220 ὕπὸ
1357 1193 1404 1228 τῆς
1420 1191 1530 1231 κρίσεως
1548 1191 1595 1221 καὶ
1617 1194 1664 1221 τοῦ
1687 1193 1798 1231 φυσικοῦ
1823 1193 1908 1232 νόμον

1106 1236 1296 1272 παιδευθῆναι,
1320 1235 1525 1277 κατακρίνεται·
1551 1237 1642 1276 πολλῷ
1670 1237 1773 1275 μᾶλλον
1797 1238 1812 1266 6
1841 1237 1910 1268 Ἰου-

1107 1281 1194 1318 δαῖος,
1209 1279 1277 1319 μετὰ
1300 1279 1399 1310 τούτων
1413 1281 1436 1300 τ’
1462 1281 1509 1310 καὶ
1528 1280 1576 1317 τὴν
1592 1282 1647 1311 ἀπὸ
1668 1283 1711 1311 τοῦ
1726 1281 1809 1320 νόμου
1827 1285 1908 1312 παιδ-

1106 1326 1223 1365 αγωγίαν
1237 1325 1339 1356 λαϐών.
1357 1324 1434 1355 Ἐπεὶ
1449 1328 1512 1365 γοῦν
1528 1325 1623 1364 ἔμαθες
1636 1326 1681 1356 τὸν
1703 1327 1819 1364 σκοπὸν,
1839 1340 1907 1368 παρ-

1106 1369 1242 1400 ακολούθει
1258 1369 1349 1400 λοιπὸν
1367 1370 1412 1400 καὶ
1487 1369 1556 1405 λέξει
1576 1370 1615 1401 ⁷³.
1634 1370 1772 1408 Ἕλληνας
1788 1372 1906 1402 ἐνταῦθα

1105 1414 1186 1454 λέγει,
1199 1415 1229 1445 οὖ
1249 1413 1309 1449 τοὺς
1322 1415 1516 1455 εἷδωλολάτρας
1525 1438 1534 1452 ,
1552 1415 1623 1446 ἄλλὰ
1637 1415 1697 1449 τοὺς
1712 1416 1907 1452 θεοσεϐοῦντας

1104 1459 1150 1489 καὶ
1170 1459 1230 1493 τοὺς
1253 1461 1292 1499 τῷ
1320 1461 1424 1500 φυσικῷ
1447 1459 1617 1501 πειθομένους
1640 1461 1731 1501 νόμῳ,
1751 1461 1803 1501 ,καὶ
1831 1463 1908 1492 εὐσει

1106 1503 1217 1546 ᾆοῧντοις
1230 1504 1311 1544 χωρὶς
1329 1504 1427 1546 νόμου]
1440 1500 1491 1538 οἶος
1503 1506 1517 1534 6
1533 1500 1721 1545 Μελχισεδὲχ,
1737 1500 1790 1539 οἶος
1801 1507 1816 1535 6
1830 1506 1907 1546 Ἰὼϐ,

1105 1543 1155 1578 οἶοι
1169 1550 1192 1579 οἳ
1215 1543 1368 1586 Νινευῖται,
1391 1544 1443 1582 οἶος
1462 1550 1476 1578 6
1492 1543 1637 1590 Κορνήλιος
1661 1543 1785 1589 ὕστερον·
1811 1543 1907 1582 ὣσαύλ

1105 1606 1156 1627 τως
1176 1593 1222 1623 καὶ
1246 1593 1407 1630 Ἰουδαίους,
1431 1595 1491 1627 τοὺς
1514 1594 1566 1634 πρὸ
1591 1595 1638 1630 τῆς
1659 1595 1777 1634 Χριστοῦ
1799 1607 1908 1636 παρου.

1101 1638 1170 1672 σίας.
1194 1638 1356 1673 Σπουδάζων
1371 1637 1423 1678 γὰρ
1438 1638 1537 1675 δεῖξαι,
1561 1638 1602 1668 ὅτι
1623 1641 1640 1675 ἡ
1664 1639 1798 1679 περιτομὴ
1827 1642 1907 1671 οὐδὲν

1100 1682 1203 1723 ἰσχύει,
1227 1683 1368 1724 ἀνατρέχει
1379 1684 1414 1717 εἷς
1433 1682 1492 1717 τοὺς
1515 1682 1571 1713 ἅνω
1588 1683 1711 1723 χρόνους,
1733 1685 1779 1714 καὶ
1797 1685 1908 1716 δείκνυο

1100 1740 1140 1758 σιν
1150 1751 1159 1767 ,
1178 1727 1218 1758 ὅτι
1233 1728 1306 1757 οὐδὲν
1324 1724 1356 1764 ἧν
1370 1727 1401 1757 τὸ
1416 1727 1538 1768 διάφορον
1554 1727 1688 1765 Ἕλληνος
1707 1729 1907 1768 Θεοσεςοῦντος,

1099 1773 1144 1802 καὶ
1174 1774 1395 1813 ἀγαθοεργῶν-τος
1422 1772 1563 1804 Ἰουδαίου.
1594 1775 1628 1804 Εἰ
1655 1773 1683 1803 δὲ
1707 1774 1759 1814 πρὸ
1786 1777 1838 1811 τῆς
1859 1780 1907 1806 τοῦ

1098 1819 1215 1857 Χριστοῦ
1234 1817 1394 1858 παρουσίας,
1416 1817 1459 1847 ὅτε
1482 1819 1584 1856 μᾶλλον
1599 1818 1672 1854 ἤνθει
1693 1818 1727 1848 τὰ
1745 1818 1906 1857 Ἰουδαϊκὰ,

1098 1863 1172 1893 οὐδὲν
1185 1858 1217 1899 ἦν
1230 1864 1319 1893 πλεῖον
1333 1863 1359 1882 ⁷³
1376 1864 1414 1902 τῷ
1429 1862 1551 1903 Ἰουδαίῳ
1563 1875 1570 1882 ·
1586 1864 1678 1903 πολλῷ
1699 1865 1802 1902 μᾶλλον
1824 1867 1875 1896 ὅτε
1894 1870 1908 1896 6

1098 1907 1176 1945 νόμος
1187 1907 1302 1947 ἤργησε,
1316 1909 1411 1938 Ταῦτα
1427 1907 1454 1936 δὲ
1473 1907 1612 1947 βούλεται,
1631 1906 1675 1937 ἵνα
1690 1908 1836 1949 καταϐάλῃ
1856 1912 1905 1942 τὸν

1098 1954 1177 1992 τῦφον
1191 1953 1243 1981 τῶν
1262 1951 1417 1989 Ἰουδαίων,
1440 1952 1477 1990 μὴ
1501 1952 1651 1992 δεχομένων
1678 1952 1737 1986 τοὺς
1760 1953 1787 1988 ἐξ
1801 1955 1905 1987 ἐθνῶν,

1098 2009 1110 2024 ιι
1125 1996 1210 2033 Δόξα,
1221 2007 1236 2025 ιι
1252 1996 1318 2037 φησὶ
1331 1996 1366 2033 ⁷⁸,
1377 2010 1389 2023 α
1404 1996 1450 2026 καὶ
1460 1996 1538 2035 τιμὴ,
1549 1997 1595 2027 καὶ
1609 1997 1714 2038 εἰρήνη.
1729 2012 1742 2024 ιι
1752 1999 1796 2028 Τὰ
1808 1999 1866 2037 μὲν
1879 2003 1907 2021 ⁷⁵

1098 2044 1144 2070 τοῦ
1159 2041 1260 2079 κόσμου
1273 2041 1360 2081 ἀγαθὰ
1369 2066 1375 2077 ,
1392 2041 1432 2071 ἀεὶ
1448 2041 1580 2081 πολέμους
1591 2042 1637 2072 καὶ
1652 2042 1773 2083 ταραχὰς
1784 2044 1886 2084 ἔχουσι
1897 2071 1906 2085 ,

1097 2086 1259 2127 φθονούμενα
1275 2086 1321 2116 καὶ
1339 2085 1572 2126 ἓπιϐουλευόμενα·
1583 2087 1634 2117 κᾶν
1647 2087 1739 2127 μηδεὶς
1751 2087 1855 2122 ἔξωθεν
1874 2093 1906 2111 ⁷⁵

1098 2130 1272 2171 ἐπιϐουλεύῃ,
1297 2131 1376 2165 αὖτός
1395 2143 1426 2170 γε
1441 2133 1456 2161 6
1476 2134 1560 2162 ταῦτα
1576 2132 1644 2172 ἔχων
1669 2132 1711 2162 ἀεὶ
1732 2133 1907 2173 ταράττεται

1097 2179 1153 2209 τοῖς
1168 2177 1316 2214 λογισμοῖς.
1334 2175 1369 2206 Ἡ
1384 2176 1412 2205 δὲ
1433 2176 1508 2216 παρὰ
1529 2178 1592 2217 Θεῷ
1607 2177 1668 2212 δόξα
1679 2201 1689 2216 ,
1706 2177 1752 2207 καὶ
1773 2180 1791 2214 ἡ
1812 2181 1908 2220 τιμὴ,

243 2224 455 2262 cogitationibus
479 2223 536 2252 suis
558 2227 688 2260 perpetuo
716 2224 850 2253 turbatur.
883 2225 952 2259 Quae
980 2233 1042 2254 vero

1112 2220 1145 2258 ἢν
1162 2220 1266 2261 εἰρήνην
1289 2221 1395 2261 ἔχουσι,
1412 2221 1455 2250 διὰ
1476 2221 1506 2251 τὸ
1526 2222 1759 2259 ἀνεπιϐούλευτον,
1777 2223 1826 2253 καὶ
1851 2227 1908 2262 τὴν

243 2269 316 2306 apud
331 2270 423 2297 Deum
438 2272 512 2304 sunt,
529 2268 615 2305 gloria
622 2272 650 2297 et
663 2269 765 2303 honor,
781 2277 876 2306 pacem
892 2270 1047 2313 continent,

1112 2267 1368 2313 Iv-roic‘koywpoig
1396 2266 1553 2313 ᾇταραξίαν.
1586 2266 1696 2313 Ἐπειδὴ
1726 2267 1753 2297 δὲ
1782 2267 1907 2313 ἄπιστον

243 2322 277 2342 eo
287 2313 363 2350 quod
378 2313 497 2348 insidiis,
506 2318 534 2342 et
547 2314 746 2350 cogitationum
759 2315 837 2343 turba
852 2319 961 2343 vacant.
976 2310 1046 2351 Quia

1112 2311 1186 2341 ἷδόκει
1198 2310 1228 2340 τὸ
1246 2313 1374 2349 τιμᾶσθαι
1388 2310 1431 2341 τὸν
1445 2311 1582 2349 Ἕλληνα,
1599 2311 1636 2351 μὴ
1658 2312 1753 2350 νόμου,
1775 2312 1814 2351 μὴ
1830 2326 1907 2355 προ-

243 2366 305 2387 vero
321 2358 478 2387 incredibile
497 2358 652 2393 videbatur,
668 2363 699 2387 ut
713 2360 834 2396 Graecus.
842 2360 909 2394 (sive
922 2360 1045 2396 Gentilis)

1112 2359 1188 2393 >ητῶν
1221 2355 1371 2385 ἀκούσαντα
1370 2378 1389 2398 Δ
1423 2357 1615 2392 κατασκευάζει
1653 2359 1731 2387 τοῦτο
1774 2359 1806 2387 ἐκ
1851 2365 1907 2392 τοῦ

241 2403 269 2431 in
290 2403 364 2431 hunc
382 2403 572 2432 admitteretur
596 2403 741 2438 honorem,
757 2394 859 2442 quippe
889 2405 934 2441 qui
955 2394 1044 2441 neque

1112 2400 1344 2442 ἱπροσωπόληπτον
1361 2394 1427 2430 εἶναι
1448 2401 1492 2430 τὸν
1509 2401 1590 2433 Θεόν.
1616 2401 1658 2431 Οὔ
1684 2401 1736 2442 γὰρ
1759 2402 1904 2442 πρόσωπα

208 2472 212 2474 .
241 2448 331 2484 legem
353 2455 443 2484 neque
460 2448 608 2484 prophetas
631 2448 779 2484 audiverit,
801 2449 951 2478 conﬁrmat
964 2449 993 2477 id
1008 2458 1041 2478 ex

1112 2451 1258 2477 υσωπεῖται
1268 2469 1276 2483 ,
1294 2445 1363 2475 ἀλλὰ
1375 2446 1521 2485 πράγματα
1530 2467 1538 2482 ,
1551 2447 1630 2487 φησὶν
1641 2468 1651 2483 ,
1667 2446 1794 2482 ἐξετάζει.
1812 2447 1905 2481 Ἐπεὶ

240 2493 293 2521 hoc
307 2493 381 2529 quod
401 2494 476 2521 Deus
489 2501 545 2522 non
570 2493 606 2522 sit
621 2502 800 2530 personarum
825 2499 961 2531 acceptor.
977 2496 1039 2523 Non

1112 2491 1178 2521 οίνυν
1192 2493 1206 2520 6
1225 2489 1330 2527 Ἕλλην
1354 2491 1383 2520 οὖ
1409 2490 1527 2532 διαφέρει
1553 2493 1600 2521 τοῦ
1624 2491 1756 2522 Ἰουδαίου
1780 2493 1809 2522 ἐν
1838 2500 1904 2529 τοῖς

239 2537 313 2566 enim
328 2545 459 2574 personas
472 2542 620 2571 reveretur,
647 2538 696 2567 sed
718 2546 772 2573 res,
793 2538 891 2574 inquit,
913 2543 940 2566 et
954 2547 1040 2575 opera

1112 2536 1264 2576 ρᾶγμασιν,
1277 2535 1350 2565 οὐδὲν
1364 2535 1461 2576 κωλύει
1477 2536 1504 2555 ⁷⁷
1518 2535 1612 2573 ἐπίσης
1628 2536 1708 2567 αὐτὸν
1727 2539 1899 2576 τιμηθῆναι.

238 2583 371 2620 explorat.
394 2583 532 2620 Quoniam
553 2583 637 2621 igitur
661 2584 775 2614 Graecus
795 2583 865 2613 nihil
893 2582 988 2613 differt
1008 2583 1036 2612 in

1112 2575 1180 2611 Ωστε
1195 2579 1233 2620 μὴ
1247 2581 1411 2621 κατακαυχῶ
1419 2603 1428 2619 ,
1438 2575 1461 2610 ὦ
1473 2580 1597 2620 Ἰουδαῖε,
1611 2584 1658 2612 τοῦ
1668 2581 1695 2616 ἐξ
1705 2575 1786 2612 ἕθνιῗὸν
1795 2605 1804 2622 ,
1822 2585 1906 2623 μετὰ

271 2670 285 2690 3'
299 2667 362 2704 Sap.
376 2672 422 2700 νι.
439 2668 467 2694 ’1.

927 2715 1023 2748 Variae
1046 2715 1200 2750 lectiones.

234 2835 256 2854 Π
273 2796 296 2864 7;
321 2795 384 2863 μεὶτξι
406 2797 536 2834 τοῦτονιῐι.
573 2794 596 2814 τι
619 2805 643 2823 τι
669 2794 738 2833 λέγει
759 2804 797 2824 m.
838 2796 860 2815 ⁷³
873 2796 948 2825 πλέον
963 2805 1004 2826 m.
1043 2797 1214 2834 τζετερον.
1238 2797 1301 2830 Δόξα
1316 2797 1342 2824 δέ
1362 2807 1422 2833 φησι
1438 2805 1478 2826 m.
1516 2796 1537 2815 "
1561 2796 1592 2825 τὰ
1609 2797 1653 2834 μὲν
1679 2795 1736 2834 γὰρ.
1776 2796 1800 2815 ⁷⁸
1814 2797 1843 2826 δὲ
1868 2808 1900 2829 ο.

267 2847 280 2864 τ
310 2847 346 2864 κω
364 2846 407 2864 υον
419 2845 447 2864 ο.

267 2845 296 2865 το
310 2845 407 2865 κωλυον
419 2845 447 2867 ο.
