1927 3076
39 154 96 181 369

511 153 687 183 EXPOSITIO
707 154 738 183 IN
757 155 864 184 EPIST.
883 156 930 185 AD
948 155 1032 185 ROI.
1051 172 1087 178 —
1104 157 1178 186 CAP.
1199 158 1232 186 ll.

1643 157 1697 184 3'10

38 216 92 253 τὴν
118 218 166 246 τοῦ
180 216 262 256 νόμου
280 216 390 256 ἀργίαν·
413 215 481 247 ὅπου
496 229 542 256 γε,
561 217 606 248 ὅτε
627 217 700 254 ἤνθει
726 217 759 249 τὰ
788 218 822 248 σὰ
834 241 843 256 ,

901 219 982 248 rebus
1002 227 1018 248 a
1036 220 1133 249 Iudaeo
1153 220 1220 248 nihil
1245 219 1372 257 prohibet
1394 220 1542 256 quominus
1568 227 1696 257 peraeque

38 266 163 305 ἷσότιμός
175 277 217 296 σοι
229 261 260 302 ἦν
274 268 289 295 ὃ
299 264 417 303 Ἕλλην,
432 265 462 296 τὸ
476 266 573 306 ἀγαθὸν
586 267 680 298 ποιῶν.

890 266 1050 295 honoretur.
1066 265 1184 294 Proinde
1195 273 1231 294 ne
1245 265 1382 302 glorieris,
1403 265 1508 299 Iudaee,
1521 268 1617 293 contra
1629 272 1693 293 eum

39 315 91 351 qui
117 320 160 344 t
173 323 207 344 ex
225 315 351 351 gentibus
360 335 369 350 ,
390 318 454 352 post
471 315 538 352 legis
551 316 776 353 abrogationem,
790 316 854 353 ubi,
876 309 989 351 quando
1004 314 1052 339 tua
1066 310 1218 346 ﬂorebant,
1241 310 1347 339 honore
1360 310 1410 339 tibi
1432 318 1481 347 par
1493 314 1553 339 erat
1563 310 1691 344 Greene,

37 360 149 389 bonum
162 359 272 389 faciens.

88 417 106 435 α
118 405 202 435 Ὅσοι
219 405 271 446 γὰρ
295 403 400 444 ἀνόμως
426 404 546 444 ἥμαρτον
557 427 566 442 ,
589 405 694 446 ἀνόμως
712 407 758 437 καὶ
778 408 844 438 ἀπο-

38 452 163 480 λοῦνται·
191 450 238 480 καὶ
256 449 312 479 ὅσοι
341 449 455 488 ἐννόμως
477 449 502 469 ⁷⁸
526 449 664 491 ἥμαρτον,
694 451 738 482 διὰ
761 451 843 491 νόμου

40 496 226 535 κριθήσονται.
241 495 282 525 Οὐ
306 494 358 534 γὰρ
385 495 410 524 οἱ
433 495 563 535 ἀκροαταὶ
579 498 626 525 τοῦ
648 495 729 535 νόμου
746 497 843 527 δίκαιοι

39 540 119 580 παρὰ
129 542 171 580 τῷ
185 541 263 580 Θεῷ,
278 540 338 569 ἀλλ’
359 540 382 568 oi
404 539 514 575 ποιηταὶ
529 542 577 569 τοῦ
599 540 683 579 νόμου
699 541 842 578 δικαιωθή-

39 597 149 616 σονται.
166 596 181 614 ›
198 583 319 618 Ἔδειξεν
339 583 411 623 ἄνω,
430 583 471 614 ὅτι
493 588 607 624 τιμᾶται
631 586 677 616 καὶ
701 587 716 616 ὁ
737 585 843 623 Ἕλλην

39 629 139 666 ἐπίσης
153 631 192 670 τῷ
206 628 328 668 Ἰουδαίῳ
337 639 344 647 ·
359 630 404 658 νῦν
416 628 547 658 δείκνυσιν
557 652 565 668 ,
579 629 619 659 ὅτι
639 631 665 659 ἕν
734 630 843 660 κολάσει

40 673 182 714 βαρυτέρα
195 676 213 710 ἡ
228 672 384 713 κατάκρισις
399 673 426 693 ⁷⁸
450 675 489 713 τῷ
509 673 642 715 Ἰουδαίῳ,
658 675 694 705 Ol
717 675 765 714 μὲν
790 675 843 715 γὰρ

38 718 196 755 Ἕλληνες,
213 718 309 759 φησὶν,
330 717 435 757 ἀνόμως
450 717 586 759 ἥμαρτον,
602 719 738 757 τουτέστι,
762 720 844 760 χωρὶς

38 766 90 800 τῆς
123 763 178 793 ἀπὸ
197 765 243 793 τοῦ
269 762 351 801 νόμου
378 762 570 804 κατηχήσεωςο
599 764 639 794 διὸ
666 765 712 794 καὶ
739 765 844 804 ἀνόμως

38 810 222 846 ἀπολοῦνται,
233 807 369 844 τουτέστι,
378 808 590 845 κολασθήσονται
603 810 789 850 ἐλαφρότερον,
805 807 843 848 μὴ

932 407 1021 435 Vsus.
1037 407 1129 440 12,13.
1148 416 1161 430 ι
1176 405 1339 442 Quicunque
1351 394 1428 434 enim
1441 405 1501 434 sine
1515 405 1574 441 lege
1595 411 1693 441 pecea-

898 455 1008 484 verunt,
1022 451 1081 479 sine
1091 451 1150 487 lege
1173 455 1201 479 et
1213 451 1341 486 peribunt
1357 461 1363 478 ι
1385 455 1413 479 et
1425 450 1581 487 quicunque
1591 449 1618 477 in
1634 449 1694 484 lege

897 499 1091 532 peccaverunt,
1118 503 1167 531 per
1190 496 1278 531 legem
1299 495 1508 532 judicabuntur.
1529 496 1591 523 Non
1619 494 1693 522 enim

897 540 1039 569 auditores
1053 540 1119 576 legis
1129 541 1197 576 justi
1220 544 1286 569 sunt
1309 540 1382 576 apud
1397 542 1499 574 Deum,
1512 539 1560 568 sed
1574 539 1695 567 factores

898 587 963 623 legis
983 587 1219 624 justiﬁcabuntur.
1236 598 1249 612 ι
1266 587 1399 616 Indicavit
1418 594 1510 623 supra,
1523 585 1599 624 quod
1617 586 1694 615 Grae-

897 640 947 660 cus
954 632 1051 660 eodem
1063 639 1127 660 cum
1137 632 1235 660 Iudaeo
1246 632 1354 660 honore
1363 631 1486 660 afﬁcitur
1498 639 1590 660 :nunc
1603 635 1695 659 osten-

896 677 938 706 dit
951 677 1025 713 quod
1039 677 1163 713 supplicii
1178 681 1303 713 tempore
1315 677 1425 713 gravior
1437 676 1537 705 Judmo
1549 676 1643 705 futura
1659 675 1695 704 sit

897 721 1100 750 condemnatio.
1116 722 1205 751 Grmci
1218 722 1304 757 enim,
1319 722 1419 759 inquit,
1438 733 1451 746 ι
1472 721 1532 750 sine
1559 721 1617 757 lege
1632 728 1693 757 pec-

897 770 1040 800 caverunt,
1056 778 1068 791 ι
1085 767 1138 795 hoc
1157 771 1208 801 est,
1226 768 1285 796 sine
1297 775 1330 795 ea
1342 775 1404 803 quae
1418 774 1466 803 per
1480 767 1572 802 legem
1591 770 1633 794 est
1648 766 1692 794 in-

897 811 1051 840 structione
1067 821 1073 840 :
1091 817 1234 848 propterea
1248 824 1260 837 α
1277 816 1306 840 et
1329 811 1390 840 sine
1403 812 1462 848 lege
1484 811 1614 848 peribunt
1635 822 1648 835 ι
1664 810 1693 839 id

37 854 150 894 ἔχοντες
165 853 210 883 τὸν
224 852 304 890 νόμον
314 855 512 893 κατηγοροῦντα
523 863 530 871 ·
546 853 576 883 τὸ
588 853 650 895 γὰρ,
665 867 678 881 α
692 853 818 893 Ἀνόμως,
829 867 842 881 ι

899 861 951 891 est,
972 857 1119 893 punientur
1136 857 1230 890 levius,
1244 861 1276 885 ut
1287 857 1331 893 qui
1346 857 1434 894 legem
1448 860 1622 885 accusantem
1637 863 1693 884 non

37 899 127 939 χωρὶς
142 900 189 934 ἧς
207 897 307 928 ἑκείνου
329 897 526 938 κατακρίσεως,
548 897 631 930 ἔστιν.
668 898 703 930 Ὁ
722 899 750 928 δὲ
770 898 842 930 Ἰου-

38 946 118 977 δαῖος
142 943 256 982 ἐννόμως
280 941 412 982 ἥμαρτεν·
437 943 452 972 8
477 944 548 982 εστι,
574 943 642 981 μετᾶ
657 945 704 980 τῆς
729 943 782 974 ἀπὸ
796 946 844 973 τοῦ

40 989 131 1028 νόμου
144 987 171 1007 ⁸⁰
184 987 375 1028 κατηχήσως¹
397 987 437 1017 διὸ
457 987 503 1017 καὶ
527 987 643 1026 ἐννόμως
669 989 843 1028 κριθήσεται,

39 1033 106 1063 ἀντὶ
135 1035 197 1069 τοῦ,
222 1031 467 1072 κατακριθήσεται,
490 1035 537 1062 τοῦ
559 1032 641 1071 νόμου
665 1033 845 1074 σφοδροτέρως

39 1078 120 1117 αὖτῷ
142 1077 312 1116 ἐπικειμένου
344 1076 391 1106 καὶ
413 1081 638 1118 κατηγοροῦντος,
665 1078 710 1108 καὶ
736 1078 844 1118 μείζονα

37 1122 92 1159 τὴν
116 1122 265 1159 καταδίκην
291 1125 436 1156 ποιοῦντος.
467 1123 530 1156 Πῶς
543 1118 588 1152 οὖν
605 1122 708 1162 λέγεις,
733 1118 756 1152 ὦ
777 1122 846 1153 Ἰου-

39 1169 119 1203 δαῖε,
135 1166 176 1196 ὅτι
191 1167 232 1197 Οὐ
259 1166 354 1205 δέομαι
372 1168 419 1202 τ’ἧς
443 1167 567 1207 χάριτος,
591 1163 635 1196 οἷα
658 1170 687 1198 ἐκ
701 1170 749 1197 τοῦ
763 1167 845 1206 νόμου

38 1211 244 1249 auctoritasac;
268 1211 337 1241 Ἰδοὺ
359 1211 410 1250 γὰρ
427 1212 549 1251 ὶδιίχθης
565 1211 617 1241 ὑπὸ
631 1214 678 1242 τοῦ
693 1212 775 1251 νόμου
792 1224 846 1250 μηο

37 1257 86 1287 ὂὲν
116 1256 310 1297 ὠφελούμενος.
338 1254 428 1285 Ὥστε
453 1258 569 1297 τῆςητοῦ
594 1257 710 1296 Χριστοῦ
736 1256 846 1296 χάριτος

37 1296 153 1341 χρῄζεις
168 1302 268 1340 μᾶλλον
283 1300 301 1336 ἢ
316 1302 331 1330 ὁ
347 1299 452 1336 Ἕλλην
462 1322 471 1337 ,
487 1296 530 1331 οἶα
545 1300 583 1339 μὴ
603 1300 751 1335 δικαιωθεὶς
768 1301 845 1342 παρὰ

36 1348 109 1386 Θεῷ
125 1346 156 1375 ἐκ
173 1345 254 1384 μόνης
270 1347 317 1381 τῆς
343 1348 390 1376 τοῦ
404 1345 487 1384 νόμου
511 1345 676 1386 ἀκροάσεως.
699 1345 781 1386 Παρὰ
796 1346 846 1384 μὲν

37 1391 98 1431 γὰρ
123 1390 326 1429 ἆνθρώποις,οἱ
349 1390 482 1430 ἀκροαταὶ
505 1392 552 1420 τοῦ
572 1389 670 1428 νόμου,
692 1391 784 1429 σεμνοὶ
799 1389 846 1420 δύ-

40 1447 140 1465 νανται
155 1435 310 1476 φαίνεσθαν
325 1433 402 1474 παρὰ
415 1434 443 1464 δὲ
466 1435 531 1475 Θεῷ
541 1457 549 1472 ,
563 1434 614 1475 οὐχ
635 1434 730 1469 οὕτως·
746 1434 806 1464 ἀλλ’
821 1435 846 1464 οἱ

44 1481 157 1517 ποιηταὶ
168 1482 216 1510 τοῦ
231 1480 312 1518 νόμου
328 1480 503 1511 ὂικαιοῦνται,

896 901 1042 930 habuerint
1055 911 1062 930 :
1074 910 1140 930 nam
1166 913 1179 926 ι
1199 902 1260 930 sine
1271 902 1342 938 lege,
1361 914 1374 926 ι
1389 906 1443 935 est,
1460 902 1528 929 citra
1543 901 1617 930 illius
1635 901 1692 936 20

894 945 1284 975 condemnationemJudazus
1293 951 1388 975 autem
1397 957 1411 970 ι
1426 946 1455 974 in
1464 946 1522 982 lege
1536 958 1549 971 ι
1562 945 1693 982 peccavit,

896 991 948 1019 hoc
962 995 1015 1025 est,
1030 999 1095 1019 cum
1116 991 1291 1019 institutione
1304 998 1366 1027 quae
1376 994 1418 1019 est
1432 998 1466 1018 ex
1481 991 1540 1026 lege
1557 1000 1565 1018 :
1590 990 1651 1018 ideo
1664 994 1692 1018 et

895 1035 921 1063 in
950 1035 1009 1072 lege
1030 1035 1211 1072 judicabitur,
1237 1035 1264 1064 id
1297 1039 1350 1068 est.
1371 1034 1609 1067 condemnabitur,
1635 1034 1693 1070 lege

895 1080 1084 1109 vehementius
1098 1080 1147 1117 ipsi
1182 1080 1360 1109 incumbente
1371 1084 1399 1108 et
1428 1084 1584 1114 accusante,
1606 1079 1692 1116 majo-

895 1133 1012 1162 remque
1025 1125 1286 1154 condemnationem
1298 1125 1424 1154 faciente.
1437 1124 1588 1162 Quomodo
1607 1124 1693 1161 igitur

895 1170 976 1205 dicis,
991 1170 1099 1203 Judaee.
1120 1171 1216 1199 Gratia
1243 1178 1294 1207 ego
1318 1179 1374 1199 non
1396 1170 1518 1207 indigeo,
1533 1171 1632 1206 quippe
1646 1170 1691 1206 qui

895 1223 929 1243 ex
945 1215 1003 1251 lege
1020 1215 1170 1252 justiﬁcer?
1182 1216 1252 1243 Ecce
1266 1215 1342 1244 enim
1361 1215 1586 1244 demonstratum
1600 1218 1652 1248 est,
1664 1219 1692 1242 te

896 1268 912 1288 a
932 1260 991 1296 lege
1003 1260 1072 1288 nihil
1101 1259 1226 1296 adjutum
1239 1259 1325 1289 fuisse
1349 1271 1355 1289 :
1371 1262 1462 1297 itaque
1485 1259 1588 1289 Christi
1607 1259 1694 1296 gratia

897 1304 985 1341 magis
998 1304 1106 1341 indiges
1120 1313 1204 1341 quam
1230 1306 1354 1339 Graecus,
1379 1313 1432 1333 ceu
1458 1312 1514 1333 non
1525 1304 1694 1341 justilicatus

895 1349 969 1384 apud
980 1351 1070 1377 Deum
1083 1357 1115 1377 ex
1128 1349 1186 1378 sola
1201 1349 1268 1386 legis
1281 1349 1433 1378 auditione.
1448 1351 1521 1378 Nam
1554 1348 1627 1385 apud
1642 1348 1692 1376 ho-

897 1394 998 1428 mines,
1027 1393 1167 1422 auditores
1189 1393 1258 1430 legis
1282 1398 1310 1424 et
1327 1401 1423 1430 graves
1448 1397 1485 1428 (et
1506 1394 1585 1430 justi)
1606 1392 1691 1421 videri

896 1441 1002 1474 queunt
1017 1447 1024 1466 :
1052 1438 1124 1475 apud
1139 1439 1233 1468 Deum
1250 1447 1306 1468 non
1321 1438 1397 1474 item,
1421 1438 1469 1468 sed
1494 1438 1611 1467 factores
1628 1437 1696 1474 legis

894 1482 1090 1519 justiﬁcantur.

90 1536 106 1555 α
119 1525 208 1555 Ὅταν
231 1524 284 1564 γὰρ
306 1524 368 1561 ἔθνη
394 1523 427 1554 τὰ
452 1525 490 1563 μὴ
518 1523 598 1563 νόμον
625 1523 740 1564 ἔχοντα,
769 1523 845 1565 φύσει

934 1528 1024 1556 Vsus.
1042 1530 1085 1562 14,
1105 1530 1166 1556 15.«
1181 1528 1332 1557 Cumenim
1347 1532 1444 1565 gentes
1455 1535 1518 1565 qum
1528 1528 1616 1564 legem
1639 1535 1696 1556 non

43 1570 79 1600 τὰ
93 1573 141 1600 τοῦ
153 1569 236 1609 νόμον
249 1571 312 1610 ποιῇ
321 1592 331 1609 ,
353 1565 425 1599 οὗτοι
446 1569 526 1608 νόμον
548 1567 587 1606 μὴ
601 1568 716 1610 ιχοντες,
740 1570 844 1603 ἑαυτοῖς

44 1616 97 1645 εἰσι
107 1615 198 1653 νόμος.
217 1613 322 1648 Οῖτινες
338 1614 516 1644 ἐνδείκνυνται
529 1613 558 1643 τὸ
573 1614 649 1653 ἔργον
670 1616 716 1644 τοῦ
732 1615 804 1644 Θεοῦ
818 1613 841 1633 ⁸⁸

44 1661 167 1700 γραπτὸν
191 1661 220 1689 ἐν
243 1663 302 1692 ταῖς
328 1659 448 1699 καρδίαις
473 1660 577 1700 αὓτῶν,
604 1659 846 1699 συμμαρτυρούσης

45 1698 136 1734 airsz
158 1706 205 1740 τῆς
226 1698 409 1740 συνειδήσεως.
425 1714 440 1733 s
475 1702 523 1734 Ἐν
543 1698 581 1737 οἷς
602 1698 796 1739 κατασκευάζει
810 1703 844 1733 τὰ

44 1748 118 1778 κατᾶ
133 1751 186 1778 τῶν
212 1748 366 1785 Ἰουδαίων,
392 1748 462 1778 οὕτω
487 1748 701 1788 μεταχειρίζεται
728 1749 844 1782 συνετῶς

45 1796 94 1824 τὸν
109 1794 189 1832 λόγον
198 1815 206 1830 ,
221 1793 290 1824 ὥστε
301 1793 340 1832 μὴ
356 1794 442 1824 δοκεῖν
457 1805 482 1822 τι
497 1792 567 1822 κατὰ
580 1795 627 1822 τοῦ
645 1793 726 1831 νόμου
744 1792 841 1832 λέγειν.

46 1838 96 1872 Ὡς
117 1839 171 1878 γὰρ
196 1838 311 1878 ἐπαίρων
327 1838 373 1868 καὶ
400 1837 555 1878 μεγαλύνων
576 1838 620 1868 τὸν
643 1837 743 1876 νόμον,
765 1838 845 1878 φησὶν

46 1885 90 1914 ὅτι
102 1885 127 1913 οἱ
142 1883 180 1922 μὴ
195 1882 274 1922 νόμον
295 1882 416 1923 ἔχοντες,
433 1882 468 1912 τὰ
482 1881 510 1912 δὲ
534 1884 580 1912 τοῦ
605 1881 686 1921 νόμου
710 1885 846 1918 ποιοῦντες

47 1943 58 1954 ι
75 1928 170 1969 φύσει,
189 1941 202 1955 ι
218 1927 277 1957 ἀντὶ
291 1931 352 1964 τῶ,
368 1932 422 1962 τοῖς
438 1929 468 1958 Ix
479 1926 583 1968 φύσεως
603 1927 742 1967 λογισμοῖς
758 1929 846 1958 πειθό-

45 1984 136 2012 μενοι,
148 1972 298 2011 Θαυμαστοί
310 1973 378 2006 τινές
393 1973 468 2003 εἰσιν·
484 1971 524 2002 ὅτι
537 1974 584 2002 τοῦ
603 1971 688 2011 νόμου
704 1973 753 2002 οὐκ
767 1971 847 2009 ἐδεή-

46 2022 150 2054 θησαν,
167 2018 215 2048 καὶ
236 2018 281 2048 τὸν
304 2017 384 2056 νόμον
412 2017 592 2057 ἐπλήρωσαν,
619 2017 650 2047 οὗ
678 2017 846 2058 γράμματα,

46 2064 108 2092 ἀλλ’
125 2062 192 2102 ἔργα
217 2063 276 2096 ταῖς
301 2062 421 2102 καρδίαις
446 2063 534 2092 αὐτῶν
563 2061 776 2103 ἐγκολάψαντες,
800 2061 847 2092 καὶ

47 2110 87 2148 τῷ
107 2107 238 2138 συνειδότι
259 2107 306 2138 καὶ
330 2112 386 2142 τοῖς
406 2107 524 2147 φυσικοῖς
550 2108 689 2146 λογισμοῖς
717 2107 776 2136 ἀντὶ
800 2110 847 2137 τοῦ

48 2153 132 2191 νόμου
148 2151 281 2193 χρώμενοι
295 2153 332 2186 εἰς
354 2151 500 2193 μαρτυρίαν
522 2154 571 2182 τοῦ
592 2153 686 2182 καλοῦ.
709 2152 791 2191 Τρεῖς
818 2151 846 2181 δὲ

48 2197 146 2235 νόμους
161 2197 272 2228 ἐνταῦθά
287 2209 365 2238 φησι·
382 2197 426 2226 τὸν
443 2196 581 2237 γραπτὸν,
597 2196 642 2226 τὸν
661 2196 784 2237 φυσικὸν,
801 2196 848 2226 καὶ

898 1571 1010 1607 habent,
1038 1573 1200 1602 naturaliter
1218 1582 1250 1602 ea
1271 1581 1334 1610 quas
1349 1573 1417 1611 legis
1437 1578 1514 1608 sunt,
1529 1572 1646 1607 faciunt,
1667 1572 1695 1600 hi

899 1619 988 1656 legem
1000 1627 1057 1648 non
1078 1620 1222 1655 habentes,
1238 1621 1289 1658 ipsi
1301 1621 1355 1650 sibi
1366 1625 1433 1649 sunt
1455 1621 1507 1649 lex.
1532 1621 1586 1657 Qui
1600 1623 1696 1648 osten-

899 1663 970 1692 dunt
990 1673 1059 1701 opus
1073 1665 1141 1701 legis
1159 1666 1297 1702 scriptum
1310 1666 1337 1694 in
1350 1665 1481 1694 cordibus
1492 1666 1558 1700 suis,
1574 1665 1696 1694 testimo-

899 1709 978 1737 nium
1003 1709 1136 1738 reddente
1157 1710 1211 1738 illis
1225 1711 1393 1739 eonscientia
1408 1711 1541 1748 ipsorum.
1566 1722 1580 1736 ιν
1594 1710 1650 1739 Ubi
1664 1717 1696 1738 ea

899 1762 960 1791 qua:
970 1759 1066 1783 contra
1078 1755 1190 1784 Judaaos
1206 1755 1310 1784 l'aciunt
1324 1756 1495 1792 argumentis
1507 1755 1615 1789 astruit,
1627 1755 1696 1783 adeo

899 1801 1048 1837 prudenter
1061 1809 1220 1831 sermonem
1237 1802 1410 1837 moderatur,
1432 1807 1463 1831 nt
1486 1810 1544 1830 non
1573 1802 1696 1830 videatur

900 1845 1050 1882 quidquam
1069 1846 1199 1875 adversus
1214 1847 1303 1883 legem
1325 1847 1426 1875 dicere.
1454 1847 1545 1875 Veluti
1560 1847 1634 1874 enim
1648 1853 1695 1875 cx-

900 1891 996 1919 tollens
1022 1896 1050 1919 et
1063 1891 1242 1928 magniﬁcans
1268 1892 1368 1928 legem,
1392 1891 1490 1928 inquit,
1514 1891 1588 1927 quod
1609 1891 1696 1928 legem

900 1943 957 1964 non
972 1935 1116 1971 habentes,
1143 1948 1156 1961 -
1183 1940 1279 1965 tamen
1304 1944 1367 1972 quae
1383 1936 1449 1973 legis
1475 1940 1540 1964 sunt
1565 1935 1696 1964 facientes

902 1993 916 2005 ι
942 1981 1113 2015 naturaliter.
1127 1993 1140 2006 υ
1157 1981 1184 2009 id
1209 1986 1261 2016 est,
1274 1980 1429 2010 rationibus
1450 1989 1466 2009 ο
1480 1985 1578 2009 natura
1606 1980 1698 2009 ductis

901 2017 1033 2054 persuasi,
1057 2016 1236 2046 admirabiles
1260 2021 1325 2046 sunt
1348 2027 1355 2045 :
1385 2017 1610 2053 quandoquidem
1631 2017 1698 2053 legis

901 2069 957 2090 non
978 2061 1156 2099 indiguerint,
1180 2065 1209 2090 et
1236 2062 1323 2098 legem
1346 2061 1457 2090 interim
1487 2062 1697 2098 compleverint.

901 2115 958 2135 non
981 2107 1087 2136 litteras
1106 2115 1183 2141 sane,
1206 2115 1302 2136 verum
1316 2115 1401 2144 opera
1422 2106 1554 2136 cordibus
1576 2106 1632 2135 suis
1651 2107 1698 2135 in-

901 2152 1068 2188 sculpentes,
1083 2156 1112 2180 et
1129 2152 1298 2181 conscientia
1318 2155 1347 2180 et
1355 2152 1527 2181 naturalibus
1552 2152 1698 2188 cogitatio-

903 2197 984 2226 nibus
992 2197 1059 2233 legis
1071 2197 1132 2226 loco
1153 2197 1196 2226 usi
1206 2196 1242 2226 ad
1254 2197 1446 2226 testimonium
1456 2196 1523 2225 boni
1535 2201 1564 2225 et
1577 2197 1699 2225 honesti.

51 2229 96 2271 τὸν
111 2229 206 2275 ἐντοῖς
227 2229 323 2282 ἔργοίςί
346 2253 361 2271 α
374 2229 468 2278 ἘΘνῆ¹
481 2242 515 2272 τὰ
539 2229 580 2280 μη
602 2229 682 2280 νόμον
705 2229 813 2282 ἔχοντα.
830 2253 846 2270 ι

903 2243 970 2271 Tres
982 2229 1075 2271 autem
1090 2242 1166 2279 leges
1176 2242 1222 2270 hic
1237 2241 1302 2271 dicit
1315 2252 1322 2270 ε
1333 2242 1477 2278 scriptam,
1491 2242 1646 2270 naturalem
1673 2246 1702 2270 et

50 2287 134 2316 Ποῖον
148 2296 156 2323 ;
173 2286 230 2316 Τὸν
245 2286 376 2326 γραπτόν.
400 2297 414 2315 (ι
428 2286 516 2317 Φύσει
530 2285 565 2316 τὰ
580 2288 626 2316 τοῦ
639 2285 721 2325 νόμου
736 2287 811 2325 ποιῇ.
827 2296 843 2315 s

52 2331 150 2367 ﬂoiou;
165 2332 220 2362 Τοῦ
236 2331 278 2361 διὰ
294 2333 346 2361 τῶν
362 2331 457 2372 ἔργων.
476 2342 491 2361 α
506 2326 588 2361 Οἷτοι
610 2330 690 2369 νόμον
715 2329 753 2369 μὴ
769 2332 848 2371 ἔχον-

50 2388 103 2409 τες.
123 2387 139 2405 ιι
158 2377 259 2414 Ποῖον;
278 2376 334 2407 Τὸν
347 2376 476 2416 γραπτόν.
488 2387 504 2405 s
523 2375 649 2410 Ἑαυτοῖς
665 2377 716 2406 εἶσι
729 2374 817 2414 νόμος.
828 2386 845 2405 s

51 2422 131 2458 Πῶς
147 2422 196 2461 Τῷ
210 2422 313 2462 φυσικῷ
327 2421 500 2462 κεχρημένοι.
515 2433 530 2450 ε
549 2420 654 2454 Οἴτινες
673 2420 848 2450 ἐνδείκνυνται

49 2466 81 2496 τὸ
95 2466 172 2506 ἔργον
187 2468 231 2496 τοῦ
246 2466 338 2505 νόμου.
362 2477 378 2496 s
398 2466 498 2502 ﬂolou;
516 2467 572 2497 Τοῦ
585 2465 630 2495 διὰ
647 2467 701 2495 τῶν
715 2465 846 2506 πράξεων.

47 2510 125 2550 Ὅρα
140 2510 169 2540 δὲ
191 2511 302 2551 σοφίαν,
317 2512 373 2545 πῶς
386 2511 435 2540 οὐκ
449 2510 546 2547 ἔπληξε
565 2510 625 2544 τοὺς
647 2509 798 2545 Ἰουδαίους,
812 2511 850 2544 ὣς

53 2555 151 2595 ἀπῄτει
166 2558 184 2592 ἡ
200 2556 342 2586 ἀκολουθία
356 2558 404 2586 τοῦ
426 2555 514 2595 λόγου·
529 2555 635 2589 πάντως
659 2554 711 2594 γὰρ
737 2555 806 2585 κατὰ
821 2554 851 2585 τὸ

54 2601 196 2630 ἀκόλουθον
220 2601 303 2635 οὕτως
322 2601 375 2630 ἔδει
393 2601 485 2630 εἰπεῖν·
498 2598 587 2631 Ὅταν
601 2600 653 2640 γὰρ
681 2600 742 2636 ἔθνη
769 2600 852 2640 χωρὶς

55 2645 135 2684 νόμου
152 2645 230 2686 φύσει
249 2645 284 2675 τὰ
298 2648 344 2676 τοῦ
363 2645 444 2684 νόμου
460 2647 540 2685 ποιῇ,
556 2646 648 2685 πολλῷ
669 2643 850 2686 βελτίωςᾷεἶσὶ

55 2692 106 2720 τῶν
123 2684 177 2720 ait
200 2692 248 2720 τοῦ
269 2690 352 2730 νόμου
372 2690 580 2730 διδασκομένων,
618 2684 688 2720 Ἀλλ’
707 2690 756 2720 οὗκ
778 2684 850 2719 εἶπεν

903 2295 963 2316 eam
983 2295 1044 2324 qua:
1058 2288 1139 2316 estin
1152 2287 1292 2324 operibus.
1310 2298 1322 2312 ε
1334 2287 1440 2316 Gentes
1454 2293 1517 2324 qua
1538 2287 1627 2323 legem
1643 2294 1700 2315 non

902 2333 1014 2361 habent.
1046 2344 1059 2356 ιι
1083 2333 1197 2368 Qualem
1220 2334 1232 2360 ἓ
1257 2333 1403 2368 Scriptum.
1432 2343 1446 2356 ι
1473 2333 1577 2360 Natura
1598 2331 1700 2360 faciunt

900 2385 962 2414 qua
976 2382 1042 2406 sunt
1055 2378 1130 2414 legis.
1142 2387 1156 2404 ιι
1174 2377 1289 2412 Qualis?
1304 2377 1370 2413 Ejus
1383 2385 1444 2413 quae
1454 2377 1481 2405 in
1494 2377 1625 2413 operibus
1636 2385 1699 2406 con-

903 2423 983 2452 sistit.
1000 2433 1013 2447 ι
1042 2423 1079 2451 Hi
1096 2423 1185 2459 legem
1199 2430 1257 2450 non
1280 2421 1423 2451 habentes.
1440 2434 1453 2447 υ
1473 2422 1607 2458 Qualem?
1632 2422 1702 2451 Scri-

903 2472 988 2505 ptam.
1005 2479 1018 2492 ι
1033 2467 1090 2496 Sibi
1103 2467 1151 2504 ipsi
1165 2471 1230 2495 sunt
1244 2467 1298 2496 lex.
1314 2477 1329 2494 ν
1352 2468 1479 2504 Quanam
1492 2467 1623 2496 ratione?
1646 2469 1701 2496 Na-

904 2513 988 2542 turali
1011 2520 1109 2549 nempe
1125 2516 1245 2541 utentes.
1259 2523 1272 2536 ι
1288 2512 1341 2548 Qui
1353 2511 1503 2541 ostendunt
1516 2520 1586 2549 opus
1599 2512 1675 2547 legis.
1686 2524 1699 2537 ι

906 2557 1013 2593 Qualis?
1028 2557 1089 2594 ejus
1109 2565 1172 2594 quae
1187 2557 1215 2586 in
1239 2557 1366 2593 operibus
1389 2561 1506 2586 constat.
1530 2559 1639 2585 Intuere
1657 2565 1703 2585 au-

907 2607 963 2631 tem
987 2601 1033 2630 hie
1046 2602 1223 2639 sapientiam,
1236 2602 1378 2639 quomodo
1403 2602 1524 2635 Iudaeos.
1545 2600 1658 2638 perinde
1671 2609 1703 2629 ac

907 2647 1048 2676 sermonis
1073 2647 1268 2684 consequentia
1293 2647 1423 2684 postulat,
1449 2655 1505 2675 non
1535 2645 1700 2682 perstrinxit.

905 2692 1027 2721 Omnino
1040 2692 1115 2722 enim
1124 2701 1173 2730 per
1181 2692 1405 2722 consecutionem
1416 2691 1455 2720 sic
1468 2690 1588 2721 debebat
1594 2690 1685 2720 dicere
1697 2700 1704 2719 :

769 2760 866 2791 Variae
887 2761 1038 2792 lectiones.

92 2818 115 2835 ⁷³
130 2818 157 2846 ἔν
170 2818 243 2854 νόμῳ
251 2825 279 2848 o.
317 2817 340 2835 τ’
353 2817 429 2854 κρίσις
439 2826 478 2847 m.
518 2817 542 2838 ⁸ο
553 2817 579 2844 ιν
593 2818 663 2854 νόμῳ
676 2825 703 2847 ο.
740 2816 762 2836 ⁸⁸
777 2818 822 2845 τοῦ
835 2827 846 2844 ν

899 2828 913 2843 υ
928 2825 968 2845 m.
