1927 3076
216 167 267 195 359

696 164 951 193 THEOPHYLACTI
971 164 1150 192 BULGARUE
1168 164 1325 193 ARCHIEP.
1810 162 1856 189 360

215 228 383 264 impuritatis
406 227 495 264 plena,
522 235 633 264 poenam
656 227 798 256 habentes.
825 227 901 255 Dicit
920 231 1012 256 autem

1080 239 1147 257 ιασιν
1162 227 1282 268 ἔχοντες,
1297 228 1332 260 ὡς
1348 225 1422 265 παρὰ
1442 224 1519 266 φύσιν
1539 224 1605 264 οὔσῃ
1623 224 1669 268 καὶ
1684 223 1780 263 πλήρει
1795 225 1855 252 ἀκιμ

215 273 269 301 hoc
290 273 400 306 Paulus,
414 272 491 308 quasi
513 272 637 300 nondum
654 273 776 308 potuerit
795 273 835 300 eis
849 272 1013 308 persuadere

216 325 274 346 esse
286 317 454 353 gehennam.
468 319 571 353 Ipsam,
581 317 683 353 inquit,
695 317 868 346 immundam
879 317 1014 353 operatio-

217 370 294 396 nem,
318 362 483 398 supplicium
497 362 541 390 ilis
553 370 616 390 esse
634 362 725 396 crede,
751 362 775 390 si
789 362 912 390 nondum
927 361 1014 390 credis

217 407 250 434 de
263 407 386 442 gehenna
401 407 586 435 sermonibus.

253 452 344 480 Vens.
359 454 404 479 28'
423 463 436 476 ι
453 453 494 479 Ac
508 451 580 480 sicut
594 459 650 479 non
666 451 850 487 probaverunt
864 454 954 480 Deum
970 451 1016 480 ha-

219 496 281 524 bere
298 496 326 524 in
340 496 447 530 notitia,
462 496 575 524 tradidit
596 504 643 524 eos
658 497 731 524 Deus
746 497 774 524 in
788 497 936 533 reprobum
951 505 1014 524 sen-

218 549 290 575 sum,
305 545 336 568 ut
349 540 453 568 faciant
466 549 508 573 ea,
523 548 584 576 quae
599 549 655 569 non
678 541 853 570 conveniunt.
870 554 883 566 ιι
901 543 944 570 En
955 542 1015 577 jam

218 585 299 614 tertio
309 585 432 621 ejusdem
447 586 590 614 sententiae
605 586 906 622 meminit,eademque
921 586 1016 615 dictio-

219 638 255 658 ne
267 634 309 659 est
321 638 395 662 usus,
411 642 424 654 α
443 630 577 665 Tradidit,
607 642 621 655 ι
636 631 770 667 inquiens.
787 631 899 667 Ubique
922 636 1016 660 autem

219 674 400 703 derelictionis
429 675 480 703 Dei
512 683 635 709 causam,
665 675 821 704 mortalium
849 676 1016 712 impietatem

220 727 279 748 esse
290 719 366 753 dicit,
382 719 422 747 uti
437 724 464 747 et
483 727 557 747 nunc
574 719 697 756 quidem.
724 732 737 744 α
751 720 825 748 Sicut
847 728 902 748 non
917 721 1015 756 proba-

220 768 320 792 verunt
346 765 435 792 Deum
454 763 556 792 habere
579 764 609 792 in
636 765 802 801 cognitione,
833 765 944 793 tradidit
968 773 1016 793 eos

220 809 316 842 (Deus)
329 820 340 832 υ
355 808 382 836 in
390 809 538 844 passiones.
551 809 665 844 Iujuria,
676 809 773 846 inquit,
782 817 836 845 qua
849 811 938 837 Deum
952 809 1016 838 affe-

219 857 325 887 cerunt,
347 861 404 881 non
423 861 457 881 ex
483 853 638 890 ignorantia
652 854 795 889 processit,
808 854 857 882 sed
870 862 885 882 a
899 854 1016 882 medita-

219 899 291 926 tione
301 903 327 926 et
339 897 511 926 studio.Non
521 898 595 926 enim
604 898 685 930 dixit,
699 899 941 934 Quemadmodum
961 907 1017 926 non

220 947 355 971 noverunt
373 945 477 977 Deum,
491 943 539 971 sed
554 957 564 966 ι·
582 943 826 979 Quemadmodum
841 952 896 972 non
916 944 1016 979 proba-

220 992 327 1022 verunt,
341 1000 353 1012 υ
374 987 427 1016 hoc
441 992 492 1021 est,
509 992 667 1016 statuerunt
690 990 781 1017 Deum
807 988 832 1016 in
849 989 943 1016 notitia
959 997 1015 1016 non

221 1037 322 1067 tenere,
337 1041 368 1060 ac
377 1037 472 1068 suapte
489 1037 587 1069 sponte
604 1033 774 1069 impietatem
789 1034 941 1069 elegerunt.
957 1035 1019 1062 Non

221 1077 302 1113 igitur
315 1077 404 1105 carnis
419 1081 486 1105 sunt
505 1082 624 1114 peccata,
647 1083 676 1106 ut
691 1078 802 1114 quidam
824 1078 1019 1106 haereticorum

222 1126 327 1157 putant,
350 1129 445 1149 verum
461 1122 580 1158 corrupti
599 1122 709 1158 judicii.
731 1122 859 1150 Primum
882 1122 1017 1157 igiturilli

221 1166 435 1202 reprobaverunt
449 1175 530 1194 nosse
544 1169 645 1200 Deum,
660 1167 779 1203 ideoque
798 1169 874 1195 Deus
897 1167 1020 1203 permisit

221 1211 282 1239 illos
294 1211 328 1239 ad
341 1211 487 1247 reprobam
499 1216 619 1239 mentem
634 1211 744 1239 deferri.
768 1211 883 1240 Aversio
901 1219 1021 1247 namque

222 1256 272 1283 Dei
292 1260 320 1283 et
331 1256 479 1288 derelictio,
500 1256 609 1284 traditio
634 1257 792 1284 nominatur
814 1257 843 1284 in
867 1257 1019 1292 Scriptura.

223 1300 342 1335 Quidam
367 1308 460 1328 veroe
483 1300 582 1328 sanctis
605 1301 729 1328 Patribus
756 1301 869 1337 eleganti
896 1301 1021 1337 exemplo

224 1345 264 1372 usi
280 1349 355 1379 sunt,
371 1353 425 1380 quo
437 1345 606 1380 explanatur.
624 1357 636 1369 «ι
648 1345 771 1373 Tradidit
782 1353 829 1373 eos
844 1345 896 1381 15
907 1347 990 1373 Deus.
1006 1357 1019 1370 ιν

224 1389 347 1423 Perinde,
361 1389 500 1425 inquiunt,
519 1398 552 1417 ac
564 1390 587 1417 si
604 1390 666 1425 quis
686 1390 840 1423 conniveat,
856 1390 954 1418 nolens
979 1390 1021 1417 vi-

224 1433 289 1462 dere
306 1434 404 1468 solem,
420 1433 519 1462 deinde
533 1434 613 1461 cadat
627 1434 654 1461 in
669 1434 806 1468 scrobem,
821 1434 951 1469 dicimus,
976 1436 1021 1463 Sol

223 1487 279 1507 non
301 1479 376 1507 visus
396 1478 470 1506 hunc
485 1479 513 1506 in
532 1478 634 1506 fossam
650 1479 751 1514 dejecit
777 1489 783 1506 :
810 1487 866 1507 nou
890 1479 964 1515 quod
984 1480 1022 1508 ira

223 1523 340 1560 percitus
354 1524 395 1552 sol
412 1523 555 1552 hominem
577 1523 718 1560 dejecerit.
738 1532 834 1552 verum
857 1524 930 1558 quod
955 1533 1022 1553 ocu-

223 1569 264 1596 los
279 1568 337 1604 ejus
360 1576 415 1596 non
429 1568 615 1596 illustraverit.
638 1569 702 1596 Jam
721 1568 797 1604 quod
820 1577 876 1597 non
901 1569 1023 1598 illuxerit

223 1613 319 1647 oculis,
335 1614 406 1640 unde
420 1615 479 1641 est?
503 1616 527 1641 Α
545 1612 699 1647 claudente,
722 1613 857 1647 videlicet,
874 1615 980 1650 oculos,
994 1620 1022 1643 et

223 1658 393 1687 conniveute.
416 1658 460 1686 Sic
482 1662 509 1686 et
531 1660 607 1686 Deus
631 1658 743 1687 tradidit
764 1667 811 1687 eos
832 1659 860 1687 in
883 1661 1023 1696 passiones

225 1703 396 1739 ignominias,
416 1711 535 1738 quanam
551 1703 674 1732 ratione?
697 1705 757 1732 Non
781 1705 892 1740 agnitus
907 1705 1022 1734 homini-

225 1748 285 1776 bus.
300 1747 380 1783 Quod
394 1756 458 1776 vero
470 1756 526 1776 non
540 1748 574 1776 sit
594 1749 712 1784 agnitus,
738 1749 828 1778 unde?
849 1750 892 1778 Ab
906 1750 968 1784 illis,
982 1751 1022 1778 ni-

225 1793 339 1825 mirum,
368 1793 414 1829 qui
442 1801 498 1821 non
520 1793 714 1829 probaverunt,
741 1803 791 1822 nec
817 1799 971 1824 statuerunt
992 1799 1023 1823 ut

224 1842 403 1874 agnoscerent
414 1838 516 1874 ipsum.

261 1884 349 1911 Vens.
376 1885 421 1911 29.
446 1895 458 1907 σι
481 1883 613 1919 Repletos
634 1884 709 1912 omni
735 1884 877 1921 injustitia.
905 1897 916 1909 α
941 1885 1024 1919 Vide,

224 1929 329 1966 singula
341 1937 405 1957 cum
426 1929 638 1965 amplilicatione
659 1931 795 1960 dicuntur.
825 1944 837 1957 α
856 1932 987 1967 Repletos
1008 1945 1020 1957 ιι

229 1975 314 2008 enim,
331 1974 439 2010 inquit.
455 1979 483 2002 et
509 1987 521 1999 ι
539 1976 613 2004 omni
635 1977 662 2004 in
681 1977 788 2013 justitia
813 1987 850 2006 ει
874 1977 1022 2013 universae,

226 2020 340 2052 scilicet,
363 2019 475 2048 malitia:
494 2028 652 2050 mensuram
667 2022 841 2059 attingentes.
867 2023 949 2056 Dein,
963 2030 1023 2058 spe-

226 2066 280 2092 cies
294 2063 406 2092 malitiae
419 2069 555 2093 recenset.

261 2121 273 2132 «
282 2108 481 2138 Fomicatione.
496 2123 508 2134 ι
521 2112 640 2140 Omnem
651 2112 809 2148 simpliciter
819 2111 1021 2147 impuritatem,

228 2153 416 2182 fornicationis
430 2155 543 2184 nomine
558 2158 722 2193 complexus
736 2161 790 2185 est.

263 2209 277 2225 «
295 2199 430 2227 Versutia.
449 2211 460 2222 -
475 2201 582 2229 Iusidiis
596 2210 659 2238 erga
681 2202 848 2238 proximum.

263 2256 276 2269 «ι
305 2244 434 2272 Avaritia.
462 2256 475 2269 υ
501 2247 680 2275 Pecuniarum
707 2251 734 2275 et
757 2246 918 2275 facultatum
940 2247 1020 2283 cupi-

226 2289 323 2318 ditate.

264 2349 277 2362 σι
293 2338 429 2375 Nequitia.
443 2349 456 2365 »
472 2337 609 2367 Vindictae
621 2335 733 2364 affectu.

264 2394 276 2407 α
306 2384 404 2412 Plenos
419 2383 531 2416 invidia,
557 2381 718 2409 homicidio.
756 2393 768 2405 ι
795 2383 945 2418 Nunquam
965 2390 1022 2410 non

227 2426 406 2458 homicidium
431 2432 474 2457 est
485 2436 518 2456 ex
538 2425 650 2454 invidia.
670 2426 715 2454 Sic
728 2425 797 2454 Abel
812 2426 916 2455 invisus
936 2427 1022 2456 Caino

227 2472 365 2508 redditus,
388 2473 494 2502 occisus
518 2475 560 2500 est
577 2476 600 2505 ',
634 2475 662 2499 et
689 2471 791 2508 Joseph
824 2471 1024 2501 interimendus

228 2523 296 2547 erat.

264 2575 276 2588 «ι
301 2563 492 2596 Contentione,
511 2561 586 2590 dolo.
609 2572 622 2586 ν
639 2563 677 2590 Ex
691 2561 789 2590 invidia
808 2566 836 2590 et
850 2562 881 2591 lis
890 2566 923 2598 et
943 2562 1024 2591 dolus

228 2608 375 2646 prodeunt,
391 2607 425 2636 ad
441 2607 588 2644 perniciem
603 2606 661 2642 ejus
675 2607 718 2635 cui
734 2607 880 2636 invidetur.

261 2666 275 2679 α
293 2653 473 2690 Malignitate.
491 2664 504 2677 ››
528 2651 666 2681 Profunde
678 2652 813 2682 occultata
834 2653 948 2689 malitia,
961 2661 1024 2690 qua:

228 2698 350 2728 bonitate
362 2697 480 2735 quadam
496 2697 531 2726 sit
545 2697 641 2726 oblita.

263 2751 276 2764 τ
294 2746 364 2774 Gen.
379 2754 420 2780 Iv,
436 2747 481 2774 37.

1069 264 1195 312 Oapaiae.‘
1209 272 1288 312 Λέγει
1310 272 1338 301 δὲ
1354 264 1430 300 τοῦτο
1448 264 1468 300 *ὁ
1483 271 1606 306 Παῦλος,
1630 264 1673 299 οἶα
1688 268 1769 307 μήπω
1785 268 1856 298 δυνά-

1069 329 1144 355 μενος
1160 316 1254 350 αὐτοὺς
1274 321 1365 346 πεῖσαι
1376 315 1411 352 ⁵²,
1427 315 1466 345 ὅτι
1482 317 1537 344 ἔστι
1559 314 1662 352 γέεννα.
1680 313 1769 348 Αὐτὴν
1793 312 1856 355 γὰρ,

1069 353 1149 402 φησὶ,
1175 362 1223 398 τὴν
1249 362 1398 401 ἀκάθαρτον
1422 360 1535 400 πρᾶξιν,
1561 359 1669 388 κόλασιν
1688 359 1774 391 αὐτοῖς
1795 353 1856 387 εἶναι

1070 407 1193 443 πίστευε,
1210 406 1284 448 εἴπερ
1298 407 1418 439 ἀπιστεῖς
1431 406 1484 438 τοῖς
1502 403 1561 444 περὶ
1578 404 1683 443 γεέννης
1694 402 1790 442 λόγοις.

1111 464 1125 480 α
1143 452 1197 482 Καὶ
1225 452 1310 484 καθὼς
1327 452 1374 480 οὖκ
1402 450 1566 488 ἐδοκίμασαν
1595 448 1640 478 τὸν
1667 448 1724 477 θεὸν
1748 447 1816 486 ἔχειν
1833 449 1858 477 ἐν

1070 497 1226 537 ἐπιγνώσει,
1249 496 1403 534 παρέδωκεν
1430 494 1526 528 αὐτοὺς
1550 496 1564 523 ὁ
1589 493 1658 526 Θεὸς
1680 493 1715 526 εἷς
1737 492 1856 530 ἀδόκιμον

1070 545 1128 571 νοῦν
1139 565 1146 578 ,
1165 545 1250 571 ποιεῖν
1265 540 1298 570 τὰ
1322 540 1360 578 μὴ
1374 539 1537 575 καθήκοντα.
1557 552 1569 565 ι
1585 537 1652 568 Ίδοὸ
1670 537 1698 566 ἔκ
1711 539 1799 576 τρίτου
1817 539 1860 572 τῆς

1071 587 1151 622 αὐτῆς
1175 585 1274 619 ἐννοίας
1285 586 1310 605 ⁵³
1327 584 1463 623 ἐμνήσθη,
1487 584 1532 613 καὶ
1613 584 1681 622 αὐτῇ
1698 581 1766 616 λέξει
1786 581 1862 621 ἐχρή-

1070 643 1147 668 σατο,
1163 642 1177 660 n
1199 630 1358 670 Παρέδωκεν
1368 652 1375 666 ,
1388 643 1400 655 ν
1412 629 1504 659 εἰπών.
1521 629 1667 667 Πανταχοῦ
1686 626 1713 656 δὲ
1728 628 1775 662 τῆς
1787 627 1861 665 ἐγκα-

1071 675 1216 716 ταλείψεῳς
1229 678 1274 705 τοῦ
1290 676 1361 705 Θεοῦ
1384 673 1471 704 αἰτίαν
1481 696 1502 716 ,_
1511 674 1558 709 τὴν
1575 675 1628 702 τῶν
1645 670 1788 716 ἀνθρώπων
1804 671 1862 699 ἄσε-

1072 713 1229 749 ϐειανεῖναι
1252 720 1338 758 λέγει,
1359 719 1450 758 ὥσπερ
1472 713 1516 748 οὖν
1535 717 1580 747 καὶ
1597 721 1653 747 νῦν.
1679 729 1691 741 ι
1709 714 1803 748 Καθὼς
1817 716 1862 744 οὒκ

1072 765 1236 804 ἐδοκίμασαν
1259 765 1303 794 τὸν
1320 764 1391 795 Θεὸν
1406 763 1477 803 ἐχειν
1500 764 1526 792 ἐν
1541 761 1697 800 ἐπιγνώσει,
1713 760 1861 804 παρέδωκεν

1072 810 1166 844 αὐτοὺς
1178 812 1214 843 εἷς
1225 809 1260 838 τὰ
1272 809 1356 845 πάθη.
1370 822 1381 835 ι
1395 810 1453 839 Οὖκ
1466 808 1588 847 ἀγνοίας,
1605 806 1685 847 φησὶν
1693 828 1702 843 ,
1714 804 1783 834 ἀλλὰ
1794 803 1864 842 μελέ·

1072 867 1133 891 της,
1148 857 1165 890 ἡ
1183 855 1219 888 εἷς
1233 854 1303 884 Θεὸν
1317 853 1399 893 ὕϐρις.
1412 854 1453 883 Οὐ
1465 853 1515 892 γὰρ
1527 847 1599 887 εἶπε,
1611 850 1707 883 Καθὼς
1721 850 1769 879 οὐκ
1783 848 1862 887 ἔγνω-

1075 911 1123 929 σαν
1138 899 1182 929 τὸν
1200 898 1287 939 Θεὸν,
1313 897 1401 934 ἀλλὰ,
1430 911 1441 924 κ
1466 896 1562 930 Καθὼς
1583 897 1632 926 οὐκ
1655 894 1832 939 ἐδοκίμασαν,
1851 907 1863 919 ι

1073 944 1130 974 ἀντὶ
1148 947 1210 982 τοῦ,
1229 943 1334 983 ἔκριναν
1351 942 1388 981 μὴ
1410 943 1481 982 ἔχειν
1503 941 1548 971 τὸν
1565 941 1634 972 Θεὸν
1659 941 1686 969 ἐν
1714 938 1864 978 ἐπιγνώσει,

1073 989 1118 1018 καὶ
1143 989 1245 1022 ἑκόντες
1262 982 1373 1018 εἵλοντο
1401 987 1450 1023 τὴν
1477 986 1614 1016 ἀσέϐειαν.
1643 985 1702 1015 Οὔκ
1729 983 1781 1024 ἄρα
1809 982 1864 1012 οὐδὲ

1072 1036 1119 1068 τῆς
1137 1032 1234 1074 σαρκός
1251 1034 1301 1062 εἶσι
1315 1032 1350 1061 τὰ
1364 1032 1542 1071 πταίσματα,
1559 1031 1595 1065 ὥς
1609 1041 1677 1063 ¹τινες
1698 1031 1752 1058 τῶν
1774 1030 1866 1068 αἱρετι-

1073 1080 1126 1107 κῶν
1145 1090 1240 1119 φασιν,
1257 1077 1326 1107 ἀλλὰ
1345 1079 1391 1113 τῆς
1411 1076 1602 1117 διεφθαρμένης
1622 1074 1744 1119 κρίσεως,
1764 1074 1866 1119 Πρῶτοι

1073 1126 1136 1162 γοῦν
1151 1117 1252 1152 ἐκεῖνοι
1274 1121 1477 1160 ἀπεδοκίμασαν
1492 1122 1522 1150 τὸ
1547 1120 1643 1151 εἰδέναι
1658 1118 1702 1148 τὸν
1723 1117 1807 1154 Θεὸν,
1823 1117 1865 1146 καὶ

1074 1167 1133 1197 τότε
1151 1169 1165 1196 ὁ
1179 1167 1246 1200 Θεὸς
1269 1167 1356 1197 εἴασεν
1383 1165 1479 1200 αὐτοὺς
1493 1167 1528 1199 εἷς
1550 1165 1677 1203 ἀδόκιμον
1699 1165 1761 1193 νοῦν
1778 1174 1866 1192 κατεν-

1075 1214 1194 1252 εχθῆναι.
1207 1212 1242 1242 Ἢ
1253 1211 1304 1251 γὰρ
1315 1211 1472 1251 ἀποστροφῆ
1485 1213 1531 1240 τοῦ
1539 1212 1623 1248 Θεοῦ,
1634 1209 1680 1238 καὶ
1689 1211 1705 1244 ἡ
1719 1207 1868 1252 ἐγκατάλειξ

1074 1250 1133 1297 doc,
1144 1250 1296 1297 παράδοσις
1312 1250 1471 1293 ὀνομάζεται
1489 1257 1515 1285 ἐν
1528 1258 1561 1295 τῇ
1577 1256 1681 1295 Γραφῇ.
1699 1252 1828 1297 Χαρίενξι
1841 1250 1867 1297 δὲ

1076 1292 1250 1339 θποδείγματι
1275 1300 1423 1341 ἐχρήσαντό
1447 1312 1514 1333 τινες
1528 1292 1579 1329 τίῦν
1601 1292 1704 1338 ἇγίὼν,
1731 1298 1765 1326 δι’
1788 1292 1817 1326 οἶ
1831 1295 1868 1330 ἐξ·

1076 1346 1231 1385 ομαλίζεται
1243 1346 1283 1382 τὸ,
1301 1359 1312 1372 κ
1325 1345 1486 1385 Παρέδωκεν
1502 1344 1596 1378 αὖτοὺς
1610 1345 1624 1372 ὃ
1634 1343 1710 1376 Θεός.
1729 1355 1743 1368 I
1756 1342 1868 1381 "ﬂeuep,

1076 1391 1155 1437 claei»;
1164 1413 1171 1427 ,
1186 1391 1232 1421 ἐάν
1246 1402 1285 1425 τις
1299 1390 1428 1429 καμμύσῃ
1440 1390 1464 1408 ⁵⁵
1480 1413 1488 1426 ,
1505 1388 1543 1427 μὴ
1555 1390 1637 1418 θέλων
1655 1389 1718 1417 ἰδεῖν
1735 1387 1777 1416 τὸν
1788 1385 1868 1422 ἥλιον,

1077 1431 1134 1465 εἶτα
1148 1435 1217 1475 πέσῃ
1239 1437 1276 1469 εἷς
1299 1435 1391 1475 βόθρον
1402 1458 1410 1473 ,
1427 1434 1556 1472 λέγομεν,
1583 1433 1630 1468 Μὴ
1644 1431 1751 1473 ὀφθεὶς,
1768 1433 1782 1461 ὃ
1800 1431 1870 1467 ἥλιος

1076 1481 1120 1510 τὸν
1150 1481 1222 1510 δεῖνα
1248 1481 1284 1514 εἰς
1314 1481 1405 1520 βόθρον
1437 1478 1560 1519 ἔρῥιψεν·
1590 1479 1641 1518 οὐχ
1676 1476 1716 1506 ὅτι
1748 1476 1870 1517 ὀργισθεὶς

1077 1527 1091 1554 ὁ
1117 1524 1189 1560 ἥλιος
1213 1526 1248 1558 εἰς
1268 1524 1360 1564 βόθρον
1393 1523 1482 1564 ἔρῤιψε
1505 1524 1549 1552 τὸν
1576 1523 1734 1562 ἄνθρωπον,
1760 1521 1818 1551 ἀλλ’
1834 1520 1871 1549 ὅτι

1078 1571 1116 1609 μὴ
1133 1569 1250 1610 φωτίσας
1274 1569 1333 1603 τοὺς
1358 1567 1509 1609 ὀφθαλμοὺς
1525 1569 1604 1598 αὐτοῦ
1621 1567 1670 1607 (τὸ
1692 1567 1720 1597 δὲ
1739 1566 1776 1605 μὴ
1792 1565 1869 1606 φωτί-

1077 1627 1139 1651 σαι,
1163 1614 1259 1649 «den;
1286 1614 1351 1643 Ἀπὸ
1374 1616 1420 1643 τοῦ
1441 1612 1669 1652 καμμύσαντος⁶)
1693 1611 1765 1641 οὕτω
1791 1610 1834 1640 καὶ
1859 1611 1872 1638 ὃ

1077 1660 1144 1694 Θεὸς
1167 1659 1321 1700 παρέδωκεν
1344 1659 1380 1692 εἷς
1405 1658 1479 1693 πάθη
1496 1658 1618 1696 ἀτιμίας,
1644 1658 1720 1693 πῶςς
1746 1656 1791 1691 Μὴ
1816 1657 1870 1685 ἐπι-

1077 1703 1202 1744 γνωσθεὶς
1221 1708 1274 1736 τοῖς
1298 1703 1454 1743 ἀνθρώποις.
1482 1703 1523 1733 Τὸ
1542 1703 1568 1732 δὲ
1594 1702 1631 1741 μὴ
1656 1702 1871 1740 ἐπιγνωσθῆναι,

1077 1749 1174 1783 πόθεν;
1206 1748 1264 1778 Ἀπ’
1294 1748 1400 1778 ἐκείνων
1425 1749 1477 1776 τῶν
1503 1747 1542 1785 μὴ
1570 1745 1776 1785 δοκιμασάντων
1807 1744 1871 1784 μηδι

1078 1793 1222 1833 κρινάντων
1240 1795 1383 1833 ἐπιγνῶναι
1397 1792 1487 1822 αὐτόν.

1122 1894 1137 1912 (ι
1159 1883 1384 1923 Πεπληρωμένοις
1410 1882 1483 1921 πέσῃ
1510 1881 1610 1922 ἀδικία.
1628 1892 1643 1910 ι)
1671 1879 1762 1921 Ὅρα,
1786 1880 1871 1910 πάντα

1079 1928 1145 1967 μετὰ
1161 1929 1314 1962 ἐπιτάσεως.
1333 1939 1349 1958 ι(
1367 1928 1421 1958 Καὶ
1436 1927 1487 1967 γὰρ
1501 1926 1726 1967 πεπληρωμένους
1738 1949 1746 1965 ,
1767 1939 1780 1952 κ
1797 1925 1869 1965 φησὶ,

1078 1974 1139 2011 καὶ,
1158 1985 1172 2001 α
1184 1974 1259 2013 πάσῃ
1275 1973 1381 2013 ἀδικίᾳ,
1395 1987 1404 1998 ι
1421 1973 1485 2002 αὐτὸ
1503 1971 1533 2000 τὸ
1550 1972 1664 2011 ἔσχατον
1676 1971 1773 2011 μέτρον
1786 1970 1871 2004 πάσης

1077 2020 1123 2054 τῆς
1138 2019 1232 2052 κακίας
1254 2017 1417 2059 φθάσαντας.
1444 2013 1513 2048 Εἶτα
1534 2016 1605 2055 λέγει
1629 2016 1675 2046 καὶ
1694 2015 1728 2045 τὰ
1753 2015 1810 2052 εἴδη
1825 2017 1872 2051 τῆς

1077 2062 1182 2095 κακίας.

1123 2120 1137 2137 ι(
1157 2108 1282 2148 Πορνεία.
1299 2119 1313 2137 ι)
1334 2109 1430 2138 Πᾶσαν
1459 2107 1549 2141 ἁπλῶς
1573 2106 1622 2143 τὴν
1647 2105 1813 2146 ἀκαθαρσίαν
1835 2105 1871 2144 τῷ

1077 2155 1124 2189 τῆς
1137 2153 1258 2193 πορνείας
1272 2153 1382 2191 ὀνόματι
1398 2152 1550 2192 περιέλαϐε.

1121 2209 1135 2226 (ι
1149 2198 1281 2237 Πονηρία.
1297 2209 1310 2226 ι
1331 2199 1374 2237 Τῇ
1391 2197 1460 2227 κατὰ
1475 2200 1520 2227 τοῦ
1537 2196 1649 2232 πλησίον
1662 2194 1814 2236 ἐπιϐουλίᾳ.

1119 2255 1134 2271 α
1151 2242 1305 2284 Πλεονεξία.
1325 2254 1338 2270 ι
1409 2244 1460 2271 τῶν
1477 2241 1624 2282 χρημάτων
1640 2239 1781 2280 ἐπιθυμίᾳ.

1121 2344 1136 2362 (ι
1153 2332 1253 2373 Κακία.
1271 2343 1285 2362 ιι
1305 2333 1347 2373 Τῇ
1364 2331 1541 2371 μνησικακίᾳ.

1120 2390 1135 2406 ‹‹
1151 2377 1270 2412 Μεστοὸς
1285 2378 1378 2417 φθόνου
1388 2400 1396 2415 ,
1414 2377 1492 2418 φόνου
1511 2377 1545 2406 ⁵⁵.
1566 2387 1579 2404 ιι
1598 2375 1675 2406 Ἀεὶὸ
1690 2374 1765 2414 φόνος
1780 2375 1810 2404 ἐκ
1825 2377 1869 2403 τοῦ

1078 2423 1184 2464 φθόνου.
1207 2422 1262 2454 Καὶ
1280 2422 1362 2452 Ἅϐελ
1382 2421 1433 2463 γὰρ
1448 2421 1584 2463 φθονηθεὶς
1603 2420 1733 2461 ἀνῃρέθη,
1749 2419 1796 2450 καὶ
1812 2419 1870 2450 Ἰω-

1079 2468 1133 2510 σὴφ
1147 2469 1174 2498 δὲ
1187 2468 1310 2508 ἔμελλεν.

1123 2571 1138 2588 (ι
1149 2556 1274 2600 Ἔριδος,
1288 2557 1375 2589 δόλου.
1397 2570 1411 2587 ι
1430 2557 1481 2588 Ἐκ
1495 2559 1542 2587 τοῦ
1557 2557 1650 2597 φθόνου
1664 2556 1709 2586 καὶ
1726 2559 1744 2594 ἡ
1758 2555 1813 2596 ἔρις
1828 2553 1874 2584 καὶ

1079 2606 1093 2635 ὁ
1110 2605 1196 2641 δόλος,
1215 2603 1281 2643 πρὸς
1295 2602 1414 2633 κάκωσιν
1425 2605 1470 2632 τοῦ
1486 2601 1673 2643 φθονουμένου.

1121 2662 1137 2678 α
1164 2647 1338 2685 Κακοηθείας.
1362 2659 1376 2677 ι)
1396 2649 1451 2684 Τῆς
1474 2649 1500 2678 ἐν
1520 2648 1595 2688 βάθει
1616 2645 1803 2688 κεκρυμμένης
1825 2657 1875 2675 κα-

1078 2694 1150 2735 κίας,
1163 2694 1210 2728 καὶ
1223 2693 1453 2733 ἐπιπλαττομένης
1467 2692 1644 2733 χρηστότητι.

924 2782 1019 2813 Variae
1040 2783 1192 2812 lectiones.

265 2832 287 2849 δ’
302 2832 430 2864 ἀποδεῖξαι
445 2840 471 2860 0.
509 2830 532 2849 ⁵³
546 2830 624 2863 αἰτίας
634 2839 672 2860 m.
711 2831 732 2849 ⁵⁸
748 2832 888 2869 καταμύσῃ.
926 2832 948 2850 ⁸⁸
960 2832 1002 2859 καὶ
1015 2833 1090 2868 φόνου
1105 2840 1144 2861 m.
