  <div class='ocr_page' id='page_1' title='image "/cluster/home/n/w/nwhite01/storage/ocr_20150623/124/njp.32101010942728/276.png"; bbox 0 0 1927 3076; ppageno 0'>
   <div class='ocr_carea' id='block_1_1' title="bbox 43 157 89 184">
    <p class='ocr_par' dir='ltr' id='par_1_1' title="bbox 43 157 89 184">
     <span class='ocr_line' id='line_1_1' title="bbox 43 157 89 184; baseline -0.022 0"><span class='ocrx_word' id='word_1_1' title='bbox 43 157 89 184; x_wconf 85' lang='lat' dir='ltr'><strong>36l</strong></span> 
     </span>
    </p>
   </div>
   <div class='ocr_carea' id='block_1_2' title="bbox 83 218 736 261">
    <p class='ocr_par' dir='ltr' id='par_1_2' title="bbox 83 218 736 261">
     <span class='ocr_line' id='line_1_2' title="bbox 83 218 736 261; baseline 0.006 -15"><span class='ocrx_word' id='word_1_2' title='bbox 83 230 99 246; x_wconf 75' lang='grc' dir='ltr'><strong>α</strong></span> <span class='ocrx_word' id='word_1_3' title='bbox 118 218 298 258; x_wconf 74' lang='grc' dir='ltr'>Ψιθυριστάς.</span> <span class='ocrx_word' id='word_1_4' title='bbox 315 229 330 248; x_wconf 72' lang='grc' dir='ltr'><strong>ν</strong></span> <span class='ocrx_word' id='word_1_5' title='bbox 345 218 416 253; x_wconf 85' lang='grc' dir='ltr'>Τοὺς</span> <span class='ocrx_word' id='word_1_6' title='bbox 435 219 627 255; x_wconf 78' lang='grc' dir='ltr'>διαϐάλλοντας</span> <span class='ocrx_word' id='word_1_7' title='bbox 641 220 736 261; x_wconf 79' lang='grc' dir='ltr'>λάθρα.</span> 
     </span>
    </p>
   </div>
   <div class='ocr_carea' id='block_1_3' title="bbox 86 310 613 352">
    <p class='ocr_par' dir='ltr' id='par_1_3' title="bbox 86 310 613 352">
     <span class='ocr_line' id='line_1_3' title="bbox 86 310 613 352; baseline 0.009 -15"><span class='ocrx_word' id='word_1_8' title='bbox 86 320 100 338; x_wconf 82' lang='grc' dir='ltr'><strong>ιι</strong></span> <span class='ocrx_word' id='word_1_9' title='bbox 119 310 303 343; x_wconf 72' lang='grc' dir='ltr'>Καταλέλους.</span> <span class='ocrx_word' id='word_1_10' title='bbox 325 320 339 338; x_wconf 70' lang='grc' dir='ltr'><strong><em>ι</em></strong></span> <span class='ocrx_word' id='word_1_11' title='bbox 357 310 428 344; x_wconf 82' lang='grc' dir='ltr'>Τοὺς</span> <span class='ocrx_word' id='word_1_12' title='bbox 451 311 613 352; x_wconf 75' lang='grc' dir='ltr'>ἀναφανδόν.</span> 
     </span>
    </p>
   </div>
   <div class='ocr_carea' id='block_1_4' title="bbox 85 354 837 394">
    <p class='ocr_par' dir='ltr' id='par_1_4' title="bbox 85 354 837 394">
     <span class='ocr_line' id='line_1_4' title="bbox 85 354 837 394; baseline 0.004 -12"><span class='ocrx_word' id='word_1_13' title='bbox 85 363 100 382; x_wconf 80' lang='grc' dir='ltr'>ι(</span> <span class='ocrx_word' id='word_1_14' title='bbox 115 355 287 393; x_wconf 79' lang='grc' dir='ltr'>Θεοστυγεῖς.</span> <span class='ocrx_word' id='word_1_15' title='bbox 304 366 318 383; x_wconf 75' lang='grc' dir='ltr'><strong>υ</strong></span> <span class='ocrx_word' id='word_1_16' title='bbox 336 354 404 388; x_wconf 85' lang='grc' dir='ltr'>Τοὺς</span> <span class='ocrx_word' id='word_1_17' title='bbox 418 356 488 386; x_wconf 72' lang='grc' dir='ltr'>θεὸν</span> <span class='ocrx_word' id='word_1_18' title='bbox 509 359 666 394; x_wconf 70' lang='grc' dir='ltr'><strong>μισοῦντας,</strong></span> <span class='ocrx_word' id='word_1_19' title='bbox 690 355 708 392; x_wconf 74' lang='grc' dir='ltr'><strong>ἢ</strong></span> <span class='ocrx_word' id='word_1_20' title='bbox 723 355 767 385; x_wconf 73' lang='grc' dir='ltr'><strong>καὶ</strong></span> <span class='ocrx_word' id='word_1_21' title='bbox 784 355 837 386; x_wconf 79' lang='grc' dir='ltr'>ὑπὸ</span> 
     </span>
    </p>
   </div>
   <div class='ocr_carea' id='block_1_5' title="bbox 41 399 313 437">
    <p class='ocr_par' dir='ltr' id='par_1_5' title="bbox 41 399 313 437">
     <span class='ocr_line' id='line_1_5' title="bbox 41 399 313 437; baseline 0.007 -9"><span class='ocrx_word' id='word_1_22' title='bbox 41 400 112 429; x_wconf 80' lang='grc' dir='ltr'>θεοῦ</span> <span class='ocrx_word' id='word_1_23' title='bbox 128 399 313 437; x_wconf 81' lang='grc' dir='ltr'>μισουμένους.</span> 
     </span>
    </p>
   </div>
   <div class='ocr_carea' id='block_1_6' title="bbox 87 443 838 485">
    <p class='ocr_par' dir='ltr' id='par_1_6' title="bbox 87 443 838 485">
     <span class='ocr_line' id='line_1_6' title="bbox 87 443 838 485; baseline 0.001 -13"><span class='ocrx_word' id='word_1_24' title='bbox 87 455 101 472; x_wconf 82' lang='grc' dir='ltr'>(ι</span> <span class='ocrx_word' id='word_1_25' title='bbox 118 443 264 484; x_wconf 63' lang='grc' dir='ltr'>’Υϐριστὰς</span> <span class='ocrx_word' id='word_1_26' title='bbox 276 467 286 484; x_wconf 91' lang='grc'><strong>,</strong></span> <span class='ocrx_word' id='word_1_27' title='bbox 301 445 503 485; x_wconf 76' lang='grc' dir='ltr'>ὑπερηφάνους,</span> <span class='ocrx_word' id='word_1_28' title='bbox 517 446 685 480; x_wconf 77' lang='grc' dir='ltr'>ἀλαζόνας.»</span> <span class='ocrx_word' id='word_1_29' title='bbox 709 445 774 476; x_wconf 78' lang='grc' dir='ltr'>Ἐπὶ</span> <span class='ocrx_word' id='word_1_30' title='bbox 789 445 838 482; x_wconf 71' lang='grc' dir='ltr'><strong>τὴν</strong></span> 
     </span>
    </p>
   </div>
   <div class='ocr_carea' id='block_1_7' title="bbox 42 488 837 531">
    <p class='ocr_par' dir='ltr' id='par_1_7' title="bbox 42 488 837 531">
     <span class='ocr_line' id='line_1_7' title="bbox 42 488 837 531; baseline 0.003 -14"><span class='ocrx_word' id='word_1_31' title='bbox 42 488 186 527; x_wconf 76' lang='grc' dir='ltr'>ἀκρόπολιν</span> <span class='ocrx_word' id='word_1_32' title='bbox 201 490 254 518; x_wconf 77' lang='grc' dir='ltr'><strong>τῶν</strong></span> <span class='ocrx_word' id='word_1_33' title='bbox 268 491 359 519; x_wconf 78' lang='grc' dir='ltr'>κακῶν</span> <span class='ocrx_word' id='word_1_34' title='bbox 373 489 456 526; x_wconf 78' lang='grc' dir='ltr'>ἀνέϐη</span> <span class='ocrx_word' id='word_1_35' title='bbox 465 513 472 526; x_wconf 88' lang='grc'><strong>,</strong></span> <span class='ocrx_word' id='word_1_36' title='bbox 490 491 539 527; x_wconf 81' lang='grc' dir='ltr'><strong>τὴν</strong></span> <span class='ocrx_word' id='word_1_37' title='bbox 551 491 759 531; x_wconf 74' lang='grc' dir='ltr'><strong>ὑπερηφάνειαν.</strong></span> <span class='ocrx_word' id='word_1_38' title='bbox 781 491 837 520; x_wconf 81' lang='grc' dir='ltr'>Καὶ</span> 
     </span>
    </p>
   </div>
   <div class='ocr_carea' id='block_1_8' title="bbox 41 533 836 576">
    <p class='ocr_par' dir='ltr' id='par_1_8' title="bbox 41 533 836 576">
     <span class='ocr_line' id='line_1_8' title="bbox 41 533 836 576; baseline 0.004 -14"><span class='ocrx_word' id='word_1_39' title='bbox 41 533 122 563; x_wconf 82' lang='grc' dir='ltr'>καλὸν</span> <span class='ocrx_word' id='word_1_40' title='bbox 136 533 189 573; x_wconf 73' lang='grc' dir='ltr'>γὰρ</span> <span class='ocrx_word' id='word_1_41' title='bbox 203 535 286 563; x_wconf 83' lang='grc' dir='ltr'>ποιῶν</span> <span class='ocrx_word' id='word_1_42' title='bbox 301 546 354 570; x_wconf 85' lang='grc' dir='ltr'>τις,</span> <span class='ocrx_word' id='word_1_43' title='bbox 379 534 511 564; x_wconf 80' lang='grc' dir='ltr'>ἀπόλλυσι</span> <span class='ocrx_word' id='word_1_44' title='bbox 526 539 602 566; x_wconf 76' lang='grc' dir='ltr'>τοῦτο</span> <span class='ocrx_word' id='word_1_45' title='bbox 621 535 836 576; x_wconf 80' lang='grc' dir='ltr'>ὑπεραιρόμενος·</span> 
     </span>
    </p>
   </div>
   <div class='ocr_carea' id='block_1_9' title="bbox 40 578 837 621">
    <p class='ocr_par' dir='ltr' id='par_1_9' title="bbox 40 578 837 621">
     <span class='ocr_line' id='line_1_9' title="bbox 40 578 837 621; baseline 0.005 -14"><span class='ocrx_word' id='word_1_46' title='bbox 40 578 116 619; x_wconf 81' lang='grc' dir='ltr'>πόσῳ</span> <span class='ocrx_word' id='word_1_47' title='bbox 132 590 163 617; x_wconf 87' lang='grc' dir='ltr'>γε</span> <span class='ocrx_word' id='word_1_48' title='bbox 185 580 287 617; x_wconf 78' lang='grc' dir='ltr'>μᾶλλον</span> <span class='ocrx_word' id='word_1_49' title='bbox 314 578 376 608; x_wconf 77' lang='grc' dir='ltr'>ὅταν</span> <span class='ocrx_word' id='word_1_50' title='bbox 399 580 444 609; x_wconf 85' lang='grc' dir='ltr'>καὶ</span> <span class='ocrx_word' id='word_1_51' title='bbox 467 581 501 610; x_wconf 76' lang='grc' dir='ltr'>τὰ</span> <span class='ocrx_word' id='word_1_52' title='bbox 526 580 596 610; x_wconf 80' lang='grc' dir='ltr'>κακὰ</span> <span class='ocrx_word' id='word_1_53' title='bbox 618 583 702 621; x_wconf 74' lang='grc' dir='ltr'>ποιῇς</span> <span class='ocrx_word' id='word_1_54' title='bbox 723 582 764 611; x_wconf 84' lang='grc' dir='ltr'><strong>Οὐ</strong></span> <span class='ocrx_word' id='word_1_55' title='bbox 786 580 837 620; x_wconf 79' lang='grc' dir='ltr'>γὰρ</span> 
     </span>
    </p>
   </div>
   <div class='ocr_carea' id='block_1_10' title="bbox 41 623 836 665">
    <p class='ocr_par' dir='ltr' id='par_1_10' title="bbox 41 623 836 665">
     <span class='ocr_line' id='line_1_10' title="bbox 41 623 836 665; baseline 0.003 -13"><span class='ocrx_word' id='word_1_56' title='bbox 41 623 149 652; x_wconf 74' lang='grc' dir='ltr'>δύναται</span> <span class='ocrx_word' id='word_1_57' title='bbox 165 625 342 662; x_wconf 81' lang='grc' dir='ltr'>μεταγνῶναι.</span> <span class='ocrx_word' id='word_1_58' title='bbox 361 624 438 660; x_wconf 81' lang='grc' dir='ltr'>Πλὴν</span> <span class='ocrx_word' id='word_1_59' title='bbox 453 624 523 661; x_wconf 73' lang='grc' dir='ltr'>ἴσθι,</span> <span class='ocrx_word' id='word_1_60' title='bbox 540 625 721 665; x_wconf 80' lang='grc' dir='ltr'>ὁπερηφάνεια</span> <span class='ocrx_word' id='word_1_61' title='bbox 732 625 756 644; x_wconf 80' lang='grc'><strong>⁶⁶</strong></span> <span class='ocrx_word' id='word_1_62' title='bbox 768 626 816 664; x_wconf 80' lang='grc' dir='ltr'>μὲν</span> <span class='ocrx_word' id='word_1_63' title='bbox 827 647 836 662; x_wconf 82' lang='grc'><strong>,</strong></span> 
     </span>
    </p>
   </div>
   <div class='ocr_carea' id='block_1_11' title="bbox 41 668 836 710">
    <p class='ocr_par' dir='ltr' id='par_1_11' title="bbox 41 668 836 710">
     <span class='ocr_line' id='line_1_11' title="bbox 41 668 836 710; baseline 0.004 -14"><span class='ocrx_word' id='word_1_64' title='bbox 41 668 113 710; x_wconf 68' lang='grc' dir='ltr'>Θεοῦ</span> <span class='ocrx_word' id='word_1_65' title='bbox 134 669 190 697; x_wconf 75' lang='grc' dir='ltr'>ἐστι</span> <span class='ocrx_word' id='word_1_66' title='bbox 206 668 400 708; x_wconf 63' lang='grc' dir='ltr'>καταψρόνησις</span> <span class='ocrx_word' id='word_1_67' title='bbox 417 680 423 687; x_wconf 92' lang='grc'><strong>·</strong></span> <span class='ocrx_word' id='word_1_68' title='bbox 449 670 589 704; x_wconf 73' lang='grc' dir='ltr'>ἀλαζονεία</span> <span class='ocrx_word' id='word_1_69' title='bbox 610 669 654 709; x_wconf 82' lang='grc' dir='ltr'>δὲ,</span> <span class='ocrx_word' id='word_1_70' title='bbox 670 670 816 710; x_wconf 76' lang='grc' dir='ltr'>ἀνθρώπων</span> <span class='ocrx_word' id='word_1_71' title='bbox 827 693 836 708; x_wconf 91' lang='grc'><strong>,</strong></span> 
     </span>
    </p>
   </div>
   <div class='ocr_carea' id='block_1_12' title="bbox 42 708 838 755">
    <p class='ocr_par' dir='ltr' id='par_1_12' title="bbox 42 708 838 755">
     <span class='ocr_line' id='line_1_12' title="bbox 42 708 838 755; baseline 0.005 -15"><span class='ocrx_word' id='word_1_72' title='bbox 42 712 66 746; x_wconf 77' lang='grc' dir='ltr'><strong>ἐξ</strong></span> <span class='ocrx_word' id='word_1_73' title='bbox 81 708 113 748; x_wconf 67' lang='grc' dir='ltr'><strong>ἧς</strong></span> <span class='ocrx_word' id='word_1_74' title='bbox 130 712 255 752; x_wconf 68' lang='grc' dir='ltr'>γεννᾶται</span> <span class='ocrx_word' id='word_1_75' title='bbox 275 715 292 747; x_wconf 86' lang='grc' dir='ltr'><strong>ἡ</strong></span> <span class='ocrx_word' id='word_1_76' title='bbox 307 712 390 752; x_wconf 78' lang='grc' dir='ltr'>ὕϐρις.</span> <span class='ocrx_word' id='word_1_77' title='bbox 416 711 453 744; x_wconf 83' lang='grc'><strong>⁴0</strong></span> <span class='ocrx_word' id='word_1_78' title='bbox 469 713 520 753; x_wconf 77' lang='grc' dir='ltr'>γὰρ</span> <span class='ocrx_word' id='word_1_79' title='bbox 542 708 838 755; x_wconf 18' lang='grc' dir='ltr'>καταφρονῶνἾάνθρώ-</span> 
     </span>
    </p>
   </div>
   <div class='ocr_carea' id='block_1_13' title="bbox 41 757 838 799">
    <p class='ocr_par' dir='ltr' id='par_1_13' title="bbox 41 757 838 799">
     <span class='ocr_line' id='line_1_13' title="bbox 41 757 838 799; baseline 0.005 -14"><span class='ocrx_word' id='word_1_80' title='bbox 41 768 100 786; x_wconf 84' lang='grc' dir='ltr'>πων</span> <span class='ocrx_word' id='word_1_81' title='bbox 141 757 241 791; x_wconf 79' lang='grc' dir='ltr'>πάντας</span> <span class='ocrx_word' id='word_1_82' title='bbox 267 757 366 797; x_wconf 79' lang='grc' dir='ltr'>ὑϐρίζει</span> <span class='ocrx_word' id='word_1_83' title='bbox 399 758 444 787; x_wconf 77' lang='grc' dir='ltr'>καὶ</span> <span class='ocrx_word' id='word_1_84' title='bbox 474 761 641 789; x_wconf 85' lang='grc' dir='ltr'>καταπατεῖ·</span> <span class='ocrx_word' id='word_1_85' title='bbox 670 759 687 794; x_wconf 82' lang='grc' dir='ltr'><strong>ἢ</strong></span> <span class='ocrx_word' id='word_1_86' title='bbox 716 760 787 799; x_wconf 80' lang='grc' dir='ltr'>τάχα</span> <span class='ocrx_word' id='word_1_87' title='bbox 815 760 838 789; x_wconf 83' lang='grc' dir='ltr'><strong>εἰ</strong></span> 
     </span>
    </p>
   </div>
   <div class='ocr_carea' id='block_1_14' title="bbox 40 800 837 844">
    <p class='ocr_par' dir='ltr' id='par_1_14' title="bbox 40 800 837 844">
     <span class='ocr_line' id='line_1_14' title="bbox 40 800 837 844; baseline 0.004 -14"><span class='ocrx_word' id='word_1_88' title='bbox 40 802 86 844; x_wconf 65' lang='grc' dir='ltr'><strong>καὶ</strong></span> <span class='ocrx_word' id='word_1_89' title='bbox 103 800 168 824; x_wconf 76' lang='grc'><strong>⁵⁷-³⁸</strong></span> <span class='ocrx_word' id='word_1_90' title='bbox 183 803 200 837; x_wconf 80' lang='grc' dir='ltr'>ἠ</span> <span class='ocrx_word' id='word_1_91' title='bbox 216 801 355 836; x_wconf 70' lang='grc' dir='ltr'>ἀλαζονεία</span> <span class='ocrx_word' id='word_1_92' title='bbox 365 803 480 842; x_wconf 74' lang='grc' dir='ltr'>προτέρα</span> <span class='ocrx_word' id='word_1_93' title='bbox 494 802 570 844; x_wconf 77' lang='grc' dir='ltr'>φύσει</span> <span class='ocrx_word' id='word_1_94' title='bbox 584 806 631 840; x_wconf 86' lang='grc' dir='ltr'><strong>τῆς</strong></span> <span class='ocrx_word' id='word_1_95' title='bbox 651 803 761 844; x_wconf 75' lang='grc' dir='ltr'>ὕϐρεως,</span> <span class='ocrx_word' id='word_1_96' title='bbox 779 804 837 833; x_wconf 79' lang='grc' dir='ltr'>ἀλλ’</span> 
     </span>
    </p>
   </div>
   <div class='ocr_carea' id='block_1_15' title="bbox 41 842 838 890">
    <p class='ocr_par' dir='ltr' id='par_1_15' title="bbox 41 842 838 890">
     <span class='ocr_line' id='line_1_15' title="bbox 41 842 838 890; baseline 0.003 -14"><span class='ocrx_word' id='word_1_97' title='bbox 41 842 86 876; x_wconf 66' lang='grc' dir='ltr'><strong>οὖν</strong></span> <span class='ocrx_word' id='word_1_98' title='bbox 102 849 169 884; x_wconf 82' lang='grc' dir='ltr'>ἡμῖν</span> <span class='ocrx_word' id='word_1_99' title='bbox 185 849 202 882; x_wconf 84' lang='grc' dir='ltr'><strong>ἡ</strong></span> <span class='ocrx_word' id='word_1_100' title='bbox 226 846 300 887; x_wconf 79' lang='grc' dir='ltr'>ὕϐρις</span> <span class='ocrx_word' id='word_1_101' title='bbox 314 847 431 886; x_wconf 77' lang='grc' dir='ltr'>προτέρα</span> <span class='ocrx_word' id='word_1_102' title='bbox 448 842 586 888; x_wconf 80' lang='grc' dir='ltr'>φαίνεται,</span> <span class='ocrx_word' id='word_1_103' title='bbox 603 844 660 878; x_wconf 77' lang='grc' dir='ltr'>εἶτα</span> <span class='ocrx_word' id='word_1_104' title='bbox 683 842 838 890; x_wconf 52' lang='grc' dir='ltr'>-ξίνωρίζεται</span> 
     </span>
    </p>
   </div>
   <div class='ocr_carea' id='block_1_16' title="bbox 42 891 433 930">
    <p class='ocr_par' dir='ltr' id='par_1_16' title="bbox 42 891 433 930">
     <span class='ocr_line' id='line_1_16' title="bbox 42 891 433 930; baseline 0.008 -11"><span class='ocrx_word' id='word_1_105' title='bbox 42 891 132 930; x_wconf 82' lang='grc' dir='ltr'>μήτηρ</span> <span class='ocrx_word' id='word_1_106' title='bbox 156 892 238 927; x_wconf 74' lang='grc' dir='ltr'>αὐτῆς</span> <span class='ocrx_word' id='word_1_107' title='bbox 252 893 269 927; x_wconf 88' lang='grc' dir='ltr'><strong>ἡ</strong></span> <span class='ocrx_word' id='word_1_108' title='bbox 285 891 433 925; x_wconf 80' lang='grc' dir='ltr'>ἀλαζονεία.</span> 
     </span>
    </p>
   </div>
   <div class='ocr_carea' id='block_1_17' title="bbox 87 935 838 978">
    <p class='ocr_par' dir='ltr' id='par_1_17' title="bbox 87 935 838 978">
     <span class='ocr_line' id='line_1_17' title="bbox 87 935 838 978; baseline 0.004 -14"><span class='ocrx_word' id='word_1_109' title='bbox 87 947 101 965; x_wconf 84' lang='grc' dir='ltr'>(ι</span> <span class='ocrx_word' id='word_1_110' title='bbox 128 935 293 976; x_wconf 79' lang='grc' dir='ltr'>Ἐφευρετὰς</span> <span class='ocrx_word' id='word_1_111' title='bbox 320 937 421 966; x_wconf 79' lang='grc' dir='ltr'>κακῶν.</span> <span class='ocrx_word' id='word_1_112' title='bbox 444 948 458 966; x_wconf 79' lang='grc' dir='ltr'>ι)</span> <span class='ocrx_word' id='word_1_113' title='bbox 490 939 532 968; x_wconf 86' lang='grc' dir='ltr'><strong>Οὗ</strong></span> <span class='ocrx_word' id='word_1_114' title='bbox 547 938 598 978; x_wconf 77' lang='grc' dir='ltr'>γὰρ</span> <span class='ocrx_word' id='word_1_115' title='bbox 623 939 753 978; x_wconf 76' lang='grc' dir='ltr'>ἠρκοῦντο</span> <span class='ocrx_word' id='word_1_116' title='bbox 784 938 838 972; x_wconf 90' lang='grc' dir='ltr'>τοῖς</span> 
     </span>
    </p>
   </div>
   <div class='ocr_carea' id='block_1_18' title="bbox 43 981 839 1022">
    <p class='ocr_par' dir='ltr' id='par_1_18' title="bbox 43 981 839 1022">
     <span class='ocr_line' id='line_1_18' title="bbox 43 981 839 1022; baseline 0.004 -12"><span class='ocrx_word' id='word_1_117' title='bbox 43 981 199 1022; x_wconf 77' lang='grc' dir='ltr'>προτέροις·</span> <span class='ocrx_word' id='word_1_118' title='bbox 225 983 302 1010; x_wconf 73' lang='grc' dir='ltr'>τοῦτο</span> <span class='ocrx_word' id='word_1_119' title='bbox 317 981 345 1010; x_wconf 77' lang='grc' dir='ltr'><strong>δὲ</strong></span> <span class='ocrx_word' id='word_1_120' title='bbox 367 982 397 1010; x_wconf 84' lang='grc' dir='ltr'>οὐ</span> <span class='ocrx_word' id='word_1_121' title='bbox 423 985 614 1022; x_wconf 78' lang='grc' dir='ltr'>συναρπαγῆς,</span> <span class='ocrx_word' id='word_1_122' title='bbox 638 983 708 1013; x_wconf 80' lang='grc' dir='ltr'>ἀλλὰ</span> <span class='ocrx_word' id='word_1_123' title='bbox 725 982 839 1022; x_wconf 78' lang='grc' dir='ltr'>μελέτης</span> 
     </span>
    </p>
   </div>
   <div class='ocr_carea' id='block_1_19' title="bbox 40 1026 300 1061">
    <p class='ocr_par' dir='ltr' id='par_1_19' title="bbox 40 1026 300 1061">
     <span class='ocr_line' id='line_1_19' title="bbox 40 1026 300 1061; baseline 0.008 -7"><span class='ocrx_word' id='word_1_124' title='bbox 40 1026 98 1055; x_wconf 78' lang='grc' dir='ltr'>ἐστὶ</span> <span class='ocrx_word' id='word_1_125' title='bbox 113 1026 159 1055; x_wconf 83' lang='grc' dir='ltr'><strong>καὶ</strong></span> <span class='ocrx_word' id='word_1_126' title='bbox 175 1027 300 1061; x_wconf 79' lang='grc' dir='ltr'>σπουδῆς.</span> 
     </span>
    </p>
   </div>
   <div class='ocr_carea' id='block_1_20' title="bbox 86 1071 837 1114">
    <p class='ocr_par' dir='ltr' id='par_1_20' title="bbox 86 1071 837 1114">
     <span class='ocr_line' id='line_1_20' title="bbox 86 1071 837 1114; baseline 0.003 -15"><span class='ocrx_word' id='word_1_127' title='bbox 86 1082 101 1099; x_wconf 81' lang='grc' dir='ltr'><strong>ιι</strong></span> <span class='ocrx_word' id='word_1_128' title='bbox 117 1072 140 1101; x_wconf 88' lang='grc' dir='ltr'><strong>Γ</strong></span> <span class='ocrx_word' id='word_1_129' title='bbox 140 1073 242 1100; x_wconf 79' lang='grc' dir='ltr'>ονεῦσιν</span> <span class='ocrx_word' id='word_1_130' title='bbox 258 1073 382 1105; x_wconf 73' lang='grc' dir='ltr'>ἀπειθεῖς.</span> <span class='ocrx_word' id='word_1_131' title='bbox 398 1083 412 1100; x_wconf 73' lang='grc' dir='ltr'><strong>ι</strong></span> <span class='ocrx_word' id='word_1_132' title='bbox 432 1074 486 1103; x_wconf 85' lang='grc' dir='ltr'><strong>Καὶ</strong></span> <span class='ocrx_word' id='word_1_133' title='bbox 499 1073 565 1112; x_wconf 78' lang='grc' dir='ltr'>πρὸς</span> <span class='ocrx_word' id='word_1_134' title='bbox 582 1072 665 1108; x_wconf 76' lang='grc' dir='ltr'>αὐτὴν</span> <span class='ocrx_word' id='word_1_135' title='bbox 680 1071 728 1109; x_wconf 83' lang='grc' dir='ltr'><strong>τὴν</strong></span> <span class='ocrx_word' id='word_1_136' title='bbox 745 1073 837 1114; x_wconf 73' lang='grc' dir='ltr'>φύσιν,</span> 
     </span>
    </p>
   </div>
   <div class='ocr_carea' id='block_1_21' title="bbox 40 1115 316 1156">
    <p class='ocr_par' dir='ltr' id='par_1_21' title="bbox 40 1115 316 1156">
     <span class='ocr_line' id='line_1_21' title="bbox 40 1115 316 1156; baseline 0.011 -12"><span class='ocrx_word' id='word_1_137' title='bbox 40 1115 122 1156; x_wconf 78' lang='grc' dir='ltr'>φησὶ,</span> <span class='ocrx_word' id='word_1_138' title='bbox 138 1115 316 1155; x_wconf 74' lang='grc' dir='ltr'>μαχομένους.</span> 
     </span>
    </p>
   </div>
   <div class='ocr_carea' id='block_1_22' title="bbox 85 1160 837 1202">
    <p class='ocr_par' dir='ltr' id='par_1_22' title="bbox 85 1160 837 1202">
     <span class='ocr_line' id='line_1_22' title="bbox 85 1160 837 1202; baseline 0.003 -13"><span class='ocrx_word' id='word_1_139' title='bbox 85 1160 276 1194; x_wconf 79' lang='grc' dir='ltr'>«Ἄσυνίτους.</span> <span class='ocrx_word' id='word_1_140' title='bbox 302 1172 316 1190; x_wconf 76' lang='grc' dir='ltr'>ι)</span> <span class='ocrx_word' id='word_1_141' title='bbox 343 1160 469 1196; x_wconf 78' lang='grc' dir='ltr'>Εἰκότως.</span> <span class='ocrx_word' id='word_1_142' title='bbox 494 1163 526 1192; x_wconf 83' lang='grc' dir='ltr'><strong>Οἱ</strong></span> <span class='ocrx_word' id='word_1_143' title='bbox 545 1162 597 1202; x_wconf 71' lang='grc' dir='ltr'>γὰρ</span> <span class='ocrx_word' id='word_1_144' title='bbox 620 1164 739 1202; x_wconf 71' lang='grc' dir='ltr'>γονεῦσιν</span> <span class='ocrx_word' id='word_1_145' title='bbox 761 1163 837 1191; x_wconf 80' lang='grc' dir='ltr'>ἀπει-</span> 
     </span>
    </p>
   </div>
   <div class='ocr_carea' id='block_1_23' title="bbox 41 1205 532 1243">
    <p class='ocr_par' dir='ltr' id='par_1_23' title="bbox 41 1205 532 1243">
     <span class='ocr_line' id='line_1_23' title="bbox 41 1205 532 1243; baseline 0.004 -9"><span class='ocrx_word' id='word_1_146' title='bbox 41 1207 145 1239; x_wconf 72' lang='grc' dir='ltr'>θῶντες</span> <span class='ocrx_word' id='word_1_147' title='bbox 160 1205 231 1239; x_wconf 90' lang='grc' dir='ltr'>τίνος</span> <span class='ocrx_word' id='word_1_148' title='bbox 247 1205 328 1235; x_wconf 73' lang='grc' dir='ltr'>ἄλλου</span> <span class='ocrx_word' id='word_1_149' title='bbox 344 1205 467 1236; x_wconf 84' lang='grc' dir='ltr'>συνίεσαν</span> <span class='ocrx_word' id='word_1_150' title='bbox 481 1207 532 1243; x_wconf 75' lang='lat' dir='ltr'><strong>div;</strong></span> 
     </span>
    </p>
   </div>
   <div class='ocr_carea' id='block_1_24' title="bbox 87 1295 841 1337">
    <p class='ocr_par' dir='ltr' id='par_1_24' title="bbox 87 1295 841 1337">
     <span class='ocr_line' id='line_1_24' title="bbox 87 1295 841 1337; baseline 0.004 -13"><span class='ocrx_word' id='word_1_151' title='bbox 87 1306 101 1324; x_wconf 83' lang='grc' dir='ltr'>(ι</span> <span class='ocrx_word' id='word_1_152' title='bbox 115 1295 291 1329; x_wconf 81' lang='grc' dir='ltr'>Ἀσυνθίτους.</span> <span class='ocrx_word' id='word_1_153' title='bbox 307 1307 321 1324; x_wconf 81' lang='lat' dir='ltr'><strong>n</strong></span> <span class='ocrx_word' id='word_1_154' title='bbox 343 1295 492 1332; x_wconf 82' lang='grc' dir='ltr'>Τουτέστι,</span> <span class='ocrx_word' id='word_1_155' title='bbox 510 1296 563 1330; x_wconf 84' lang='grc' dir='ltr'>τοῖς</span> <span class='ocrx_word' id='word_1_156' title='bbox 584 1297 841 1337; x_wconf 76' lang='grc' dir='ltr'>συμπιφωνημένοις</span> 
     </span>
    </p>
   </div>
   <div class='ocr_carea' id='block_1_25' title="bbox 41 1339 568 1379">
    <p class='ocr_par' dir='ltr' id='par_1_25' title="bbox 41 1339 568 1379">
     <span class='ocr_line' id='line_1_25' title="bbox 41 1339 568 1379; baseline 0.004 -10"><span class='ocrx_word' id='word_1_157' title='bbox 41 1340 81 1379; x_wconf 81' lang='grc' dir='ltr'><strong>μὴ</strong></span> <span class='ocrx_word' id='word_1_158' title='bbox 98 1339 278 1378; x_wconf 77' lang='grc' dir='ltr'>ἐμμένοντας·</span> <span class='ocrx_word' id='word_1_159' title='bbox 294 1341 309 1370; x_wconf 78' lang='lat'><strong><em>8</em></strong></span> <span class='ocrx_word' id='word_1_160' title='bbox 325 1341 412 1378; x_wconf 78' lang='grc' dir='ltr'>ἐστιν,</span> <span class='ocrx_word' id='word_1_161' title='bbox 428 1341 568 1375; x_wconf 77' lang='grc' dir='ltr'>ἀπίστους.</span> 
     </span>
    </p>
   </div>
   <div class='ocr_carea' id='block_1_26' title="bbox 85 1384 839 1426">
    <p class='ocr_par' dir='ltr' id='par_1_26' title="bbox 85 1384 839 1426">
     <span class='ocr_line' id='line_1_26' title="bbox 85 1384 839 1426; baseline 0.003 -12"><span class='ocrx_word' id='word_1_162' title='bbox 85 1396 101 1414; x_wconf 80' lang='grc' dir='ltr'><strong>α</strong></span> <span class='ocrx_word' id='word_1_163' title='bbox 115 1384 290 1421; x_wconf 78' lang='grc' dir='ltr'>Ἀσπάνδους,</span> <span class='ocrx_word' id='word_1_164' title='bbox 305 1385 466 1426; x_wconf 75' lang='grc' dir='ltr'>ἀστόργους,</span> <span class='ocrx_word' id='word_1_165' title='bbox 486 1385 678 1425; x_wconf 75' lang='grc' dir='ltr'>ἀνελεήμονας.</span> <span class='ocrx_word' id='word_1_166' title='bbox 696 1397 710 1415; x_wconf 77' lang='grc' dir='ltr'>ι)</span> <span class='ocrx_word' id='word_1_167' title='bbox 727 1385 764 1417; x_wconf 87' lang='grc' dir='ltr'>Ἣ</span> <span class='ocrx_word' id='word_1_168' title='bbox 780 1386 839 1426; x_wconf 81' lang='grc' dir='ltr'>ῥίζα</span> 
     </span>
    </p>
   </div>
   <div class='ocr_carea' id='block_1_27' title="bbox 43 1429 840 1471">
    <p class='ocr_par' dir='ltr' id='par_1_27' title="bbox 43 1429 840 1471">
     <span class='ocr_line' id='line_1_27' title="bbox 43 1429 840 1471; baseline 0.004 -13"><span class='ocrx_word' id='word_1_169' title='bbox 43 1431 96 1458; x_wconf 76' lang='grc' dir='ltr'><strong>τῶν</strong></span> <span class='ocrx_word' id='word_1_170' title='bbox 114 1431 206 1459; x_wconf 75' lang='grc' dir='ltr'>κακῶν</span> <span class='ocrx_word' id='word_1_171' title='bbox 220 1429 326 1459; x_wconf 78' lang='grc' dir='ltr'>πάντων</span> <span class='ocrx_word' id='word_1_172' title='bbox 335 1452 344 1467; x_wconf 87' lang='grc'><strong>,</strong></span> <span class='ocrx_word' id='word_1_173' title='bbox 367 1429 435 1466; x_wconf 79' lang='grc' dir='ltr'>αὐτή</span> <span class='ocrx_word' id='word_1_174' title='bbox 448 1432 518 1460; x_wconf 78' lang='grc' dir='ltr'>ἐστιν</span> <span class='ocrx_word' id='word_1_175' title='bbox 531 1432 549 1466; x_wconf 82' lang='grc' dir='ltr'>ἡ</span> <span class='ocrx_word' id='word_1_176' title='bbox 568 1430 696 1471; x_wconf 77' lang='grc' dir='ltr'>ἀπόψυξις</span> <span class='ocrx_word' id='word_1_177' title='bbox 710 1433 758 1467; x_wconf 79' lang='grc' dir='ltr'><strong>τῆς</strong></span> <span class='ocrx_word' id='word_1_178' title='bbox 774 1432 840 1470; x_wconf 77' lang='grc' dir='ltr'>ἀγοί-</span> 
     </span>
    </p>
   </div>
   <div class='ocr_carea' id='block_1_28' title="bbox 43 1473 838 1516">
    <p class='ocr_par' dir='ltr' id='par_1_28' title="bbox 43 1473 838 1516">
     <span class='ocr_line' id='line_1_28' title="bbox 43 1473 838 1516; baseline 0.003 -13"><span class='ocrx_word' id='word_1_179' title='bbox 43 1486 106 1510; x_wconf 84' lang='grc' dir='ltr'>πης.</span> <span class='ocrx_word' id='word_1_180' title='bbox 124 1474 262 1504; x_wconf 73' lang='grc' dir='ltr'>Ἐντεῦθεν</span> <span class='ocrx_word' id='word_1_181' title='bbox 276 1474 328 1514; x_wconf 79' lang='grc' dir='ltr'>γὰρ</span> <span class='ocrx_word' id='word_1_182' title='bbox 340 1473 369 1504; x_wconf 80' lang='grc' dir='ltr'><strong>τὸ</strong></span> <span class='ocrx_word' id='word_1_183' title='bbox 385 1474 423 1513; x_wconf 87' lang='grc' dir='ltr'><strong>μὴ</strong></span> <span class='ocrx_word' id='word_1_184' title='bbox 442 1474 599 1505; x_wconf 77' lang='grc' dir='ltr'>σπένδεσθαί</span> <span class='ocrx_word' id='word_1_185' title='bbox 615 1487 665 1516; x_wconf 72' lang='grc' dir='ltr'>τινι</span> <span class='ocrx_word' id='word_1_186' title='bbox 675 1499 684 1513; x_wconf 88' lang='grc'><strong>,</strong></span> <span class='ocrx_word' id='word_1_187' title='bbox 702 1474 741 1513; x_wconf 83' lang='grc' dir='ltr'><strong>μὴ</strong></span> <span class='ocrx_word' id='word_1_188' title='bbox 759 1476 838 1516; x_wconf 71' lang='grc' dir='ltr'>στέρ-</span> 
     </span>
    </p>
   </div>
   <div class='ocr_carea' id='block_1_29' title="bbox 39 1515 836 1560">
    <p class='ocr_par' dir='ltr' id='par_1_29' title="bbox 39 1515 836 1560">
     <span class='ocr_line' id='line_1_29' title="bbox 39 1515 836 1560; baseline 0.003 -12"><span class='ocrx_word' id='word_1_189' title='bbox 39 1531 95 1557; x_wconf 85' lang='grc' dir='ltr'>γειν</span> <span class='ocrx_word' id='word_1_190' title='bbox 116 1519 195 1554; x_wconf 80' lang='grc' dir='ltr'>τινὰ,</span> <span class='ocrx_word' id='word_1_191' title='bbox 217 1519 254 1556; x_wconf 84' lang='grc' dir='ltr'><strong>μὴ</strong></span> <span class='ocrx_word' id='word_1_192' title='bbox 269 1519 359 1549; x_wconf 73' lang='grc' dir='ltr'>ἐλεεῖν·</span> <span class='ocrx_word' id='word_1_193' title='bbox 374 1519 389 1548; x_wconf 80' lang='grc' dir='ltr'>ὃ</span> <span class='ocrx_word' id='word_1_194' title='bbox 405 1519 450 1550; x_wconf 83' lang='grc' dir='ltr'>καὶ</span> <span class='ocrx_word' id='word_1_195' title='bbox 472 1522 486 1549; x_wconf 84' lang='grc' dir='ltr'>ὁ</span> <span class='ocrx_word' id='word_1_196' title='bbox 501 1519 615 1560; x_wconf 79' lang='grc' dir='ltr'>Χριστὸς</span> <span class='ocrx_word' id='word_1_197' title='bbox 630 1515 703 1550; x_wconf 70' lang='grc' dir='ltr'>εἶπεν</span> <span class='ocrx_word' id='word_1_198' title='bbox 716 1532 723 1540; x_wconf 82' lang='grc'>·</span> <span class='ocrx_word' id='word_1_199' title='bbox 747 1519 836 1552; x_wconf 90' lang='grc' dir='ltr'>Ὅταν</span> 
     </span>
    </p>
   </div>
   <div class='ocr_carea' id='block_1_30' title="bbox 40 1561 838 1604">
    <p class='ocr_par' dir='ltr' id='par_1_30' title="bbox 40 1563 836 1604">
     <span class='ocr_line' id='line_1_30' title="bbox 40 1563 836 1604; baseline 0.004 -12"><span class='ocrx_word' id='word_1_200' title='bbox 40 1565 180 1604; x_wconf 80' lang='grc' dir='ltr'>πληθυνθῇ</span> <span class='ocrx_word' id='word_1_201' title='bbox 193 1565 210 1599; x_wconf 85' lang='grc' dir='ltr'>ἡ</span> <span class='ocrx_word' id='word_1_202' title='bbox 232 1563 346 1602; x_wconf 79' lang='grc' dir='ltr'>ἀνομία,</span> <span class='ocrx_word' id='word_1_203' title='bbox 366 1564 514 1604; x_wconf 80' lang='grc' dir='ltr'>ψυγήσεται</span> <span class='ocrx_word' id='word_1_204' title='bbox 538 1566 555 1600; x_wconf 84' lang='grc' dir='ltr'><strong>ἡ</strong></span> <span class='ocrx_word' id='word_1_205' title='bbox 579 1564 685 1604; x_wconf 69' lang='grc' dir='ltr'>ἀγάπη.</span> <span class='ocrx_word' id='word_1_206' title='bbox 705 1565 803 1596; x_wconf 85' lang='grc' dir='ltr'>Καίτοι</span> <span class='ocrx_word' id='word_1_207' title='bbox 819 1568 836 1603; x_wconf 87' lang='grc' dir='ltr'>ἡ</span> 
     </span>
    </p>
   </div>
   <div class='ocr_carea' id='block_1_31' title="bbox 900 1561 1319 1604">
    <p class='ocr_par' dir='ltr' id='par_1_31' title="bbox 901 1565 1319 1601">
     <span class='ocr_line' id='line_1_31' title="bbox 901 1565 1319 1601; baseline 0.002 -8"><span class='ocrx_word' id='word_1_208' title='bbox 901 1573 944 1593; x_wconf 92' lang='lat' dir='ltr'><strong>ur.</strong></span> <span class='ocrx_word' id='word_1_209' title='bbox 965 1566 1046 1601; x_wconf 87' lang='lat' dir='ltr'><strong>Quod</strong></span> <span class='ocrx_word' id='word_1_210' title='bbox 1059 1570 1087 1594; x_wconf 90' lang='lat' dir='ltr'><strong>et</strong></span> <span class='ocrx_word' id='word_1_211' title='bbox 1109 1565 1233 1594; x_wconf 86' lang='lat' dir='ltr'><strong>Christus</strong></span> <span class='ocrx_word' id='word_1_212' title='bbox 1250 1565 1319 1594; x_wconf 84' lang='lat' dir='ltr'><strong>dixit</strong></span> 
     </span>
    </p>
   </div>
   <div class='ocr_carea' id='block_1_32' title="bbox 41 1608 839 1648">
    <p class='ocr_par' dir='ltr' id='par_1_32' title="bbox 41 1608 839 1648">
     <span class='ocr_line' id='line_1_32' title="bbox 41 1608 839 1648; baseline 0.003 -10"><span class='ocrx_word' id='word_1_213' title='bbox 41 1608 116 1648; x_wconf 73' lang='grc' dir='ltr'>φύσις</span> <span class='ocrx_word' id='word_1_214' title='bbox 131 1609 269 1648; x_wconf 76' lang='grc' dir='ltr'>συγκολλᾷ</span> <span class='ocrx_word' id='word_1_215' title='bbox 294 1610 365 1648; x_wconf 74' lang='grc' dir='ltr'>ἡμᾶς</span> <span class='ocrx_word' id='word_1_216' title='bbox 387 1609 532 1648; x_wconf 74' lang='grc' dir='ltr'>ἀλλήλοις,</span> <span class='ocrx_word' id='word_1_217' title='bbox 551 1610 588 1644; x_wconf 82' lang='grc' dir='ltr'>ὣς</span> <span class='ocrx_word' id='word_1_218' title='bbox 601 1609 637 1639; x_wconf 81' lang='grc' dir='ltr'><strong>τὰ</strong></span> <span class='ocrx_word' id='word_1_219' title='bbox 651 1611 716 1645; x_wconf 80' lang='grc' dir='ltr'>ζῶα·</span> <span class='ocrx_word' id='word_1_220' title='bbox 733 1611 794 1640; x_wconf 80' lang='grc' dir='ltr'>ἀλλ’</span> <span class='ocrx_word' id='word_1_221' title='bbox 809 1611 839 1640; x_wconf 82' lang='grc' dir='ltr'>οὖ</span> 
     </span>
    </p>
   </div>
   <div class='ocr_carea' id='block_1_33' title="bbox 42 1665 171 1690">
    <p class='ocr_par' dir='ltr' id='par_1_33' title="bbox 42 1665 171 1690">
     <span class='ocr_line' id='line_1_33' title="bbox 42 1665 171 1690; baseline 0 -7"><span class='ocrx_word' id='word_1_222' title='bbox 42 1665 159 1690; x_wconf 78' lang='grc' dir='ltr'>συνηκαν</span> <span class='ocrx_word' id='word_1_223' title='bbox 164 1674 171 1683; x_wconf 94' lang='grc'><strong><em>.</em></strong></span> 
     </span>
    </p>
   </div>
   <div class='ocr_carea' id='block_1_34' title="bbox 82 1742 841 1785">
    <p class='ocr_par' dir='ltr' id='par_1_34' title="bbox 82 1742 841 1785">
     <span class='ocr_line' id='line_1_34' title="bbox 82 1742 841 1785; baseline 0.004 -13"><span class='ocrx_word' id='word_1_224' title='bbox 82 1756 94 1771; x_wconf 77' lang='grc' dir='ltr'><strong>ε</strong></span> <span class='ocrx_word' id='word_1_225' title='bbox 109 1742 216 1777; x_wconf 74' lang='grc' dir='ltr'>οἵτινες</span> <span class='ocrx_word' id='word_1_226' title='bbox 237 1742 267 1773; x_wconf 72' lang='grc' dir='ltr'><strong>τὸ</strong></span> <span class='ocrx_word' id='word_1_227' title='bbox 281 1743 416 1781; x_wconf 77' lang='grc' dir='ltr'>δικαίωμα</span> <span class='ocrx_word' id='word_1_228' title='bbox 432 1744 478 1774; x_wconf 77' lang='grc' dir='ltr'><strong>τοῦ</strong></span> <span class='ocrx_word' id='word_1_229' title='bbox 494 1744 566 1775; x_wconf 78' lang='grc' dir='ltr'>Θεοῦ</span> <span class='ocrx_word' id='word_1_230' title='bbox 587 1744 741 1785; x_wconf 60' lang='grc' dir='ltr'>γνόντεςζδν,</span> <span class='ocrx_word' id='word_1_231' title='bbox 756 1743 797 1775; x_wconf 75' lang='grc' dir='ltr'><strong>ὅτι</strong></span> <span class='ocrx_word' id='word_1_232' title='bbox 816 1746 841 1775; x_wconf 73' lang='grc' dir='ltr'>οἱ</span> 
     </span>
    </p>
   </div>
   <div class='ocr_carea' id='block_1_35' title="bbox 42 1787 840 1828">
    <p class='ocr_par' dir='ltr' id='par_1_35' title="bbox 42 1787 840 1828">
     <span class='ocr_line' id='line_1_35' title="bbox 42 1787 840 1828; baseline 0.004 -11"><span class='ocrx_word' id='word_1_233' title='bbox 42 1789 75 1819; x_wconf 75' lang='grc' dir='ltr'><strong>τὰ</strong></span> <span class='ocrx_word' id='word_1_234' title='bbox 88 1790 202 1819; x_wconf 77' lang='grc' dir='ltr'>τοιαῦτα</span> <span class='ocrx_word' id='word_1_235' title='bbox 217 1787 381 1828; x_wconf 80' lang='grc' dir='ltr'>πράσσοντες</span> <span class='ocrx_word' id='word_1_236' title='bbox 397 1788 465 1823; x_wconf 78' lang='grc' dir='ltr'>ἄξιοι</span> <span class='ocrx_word' id='word_1_237' title='bbox 480 1789 593 1819; x_wconf 77' lang='grc' dir='ltr'>θανᾶτου</span> <span class='ocrx_word' id='word_1_238' title='bbox 614 1789 680 1819; x_wconf 70' lang='grc' dir='ltr'>εἰσὶν</span> <span class='ocrx_word' id='word_1_239' title='bbox 691 1812 699 1827; x_wconf 95' lang='grc'><strong>,</strong></span> <span class='ocrx_word' id='word_1_240' title='bbox 715 1791 744 1819; x_wconf 85' lang='grc' dir='ltr'>οὖ</span> <span class='ocrx_word' id='word_1_241' title='bbox 762 1789 840 1828; x_wconf 88' lang='grc' dir='ltr'>μόνον</span> 
     </span>
    </p>
   </div>
   <div class='ocr_carea' id='block_1_36' title="bbox 42 1833 841 1876">
    <p class='ocr_par' dir='ltr' id='par_1_36' title="bbox 42 1833 841 1876">
     <span class='ocr_line' id='line_1_36' title="bbox 42 1833 841 1876; baseline 0.003 -14"><span class='ocrx_word' id='word_1_242' title='bbox 42 1833 110 1863; x_wconf 75' lang='grc' dir='ltr'>αὐτὰ</span> <span class='ocrx_word' id='word_1_243' title='bbox 125 1836 261 1870; x_wconf 73' lang='grc' dir='ltr'>ποιῶσιν,</span> <span class='ocrx_word' id='word_1_244' title='bbox 279 1833 349 1863; x_wconf 77' lang='grc' dir='ltr'>ἀλλὰ</span> <span class='ocrx_word' id='word_1_245' title='bbox 362 1833 408 1863; x_wconf 72' lang='grc' dir='ltr'>καὶ</span> <span class='ocrx_word' id='word_1_246' title='bbox 428 1835 621 1864; x_wconf 75' lang='grc' dir='ltr'>συνευδοκοῢσι</span> <span class='ocrx_word' id='word_1_247' title='bbox 636 1836 690 1868; x_wconf 86' lang='grc' dir='ltr'>τοῖς</span> <span class='ocrx_word' id='word_1_248' title='bbox 705 1835 841 1876; x_wconf 80' lang='grc' dir='ltr'>πράσσου-</span> 
     </span>
    </p>
   </div>
   <div class='ocr_carea' id='block_1_37' title="bbox 41 1875 839 1918">
    <p class='ocr_par' dir='ltr' id='par_1_37' title="bbox 41 1875 839 1918">
     <span class='ocr_line' id='line_1_37' title="bbox 41 1875 839 1918; baseline 0.003 -11"><span class='ocrx_word' id='word_1_249' title='bbox 41 1889 94 1908; x_wconf 83' lang='grc' dir='ltr'>σιν.</span> <span class='ocrx_word' id='word_1_250' title='bbox 117 1889 132 1907; x_wconf 83' lang='lat' dir='ltr'><strong>n</strong></span> <span class='ocrx_word' id='word_1_251' title='bbox 159 1875 282 1913; x_wconf 80' lang='grc' dir='ltr'>Ἐδειξεν</span> <span class='ocrx_word' id='word_1_252' title='bbox 297 1878 337 1908; x_wconf 77' lang='grc' dir='ltr'><strong>ὅτι</strong></span> <span class='ocrx_word' id='word_1_253' title='bbox 351 1879 405 1909; x_wconf 78' lang='grc' dir='ltr'>ἀπὸ</span> <span class='ocrx_word' id='word_1_254' title='bbox 420 1881 465 1909; x_wconf 75' lang='grc' dir='ltr'><strong>τοῦ</strong></span> <span class='ocrx_word' id='word_1_255' title='bbox 482 1878 521 1918; x_wconf 81' lang='grc' dir='ltr'><strong>μὴ</strong></span> <span class='ocrx_word' id='word_1_256' title='bbox 541 1878 624 1909; x_wconf 82' lang='grc' dir='ltr'>θίλειν</span> <span class='ocrx_word' id='word_1_257' title='bbox 645 1875 744 1918; x_wconf 77' lang='grc' dir='ltr'>γνῶναι</span> <span class='ocrx_word' id='word_1_258' title='bbox 769 1879 839 1911; x_wconf 82' lang='grc' dir='ltr'>Θεὸν</span> 
     </span>
    </p>
   </div>
   <div class='ocr_carea' id='block_1_38' title="bbox 43 1922 840 1962">
    <p class='ocr_par' dir='ltr' id='par_1_38' title="bbox 43 1922 840 1962">
     <span class='ocr_line' id='line_1_38' title="bbox 43 1922 840 1962; baseline 0.001 -9"><span class='ocrx_word' id='word_1_259' title='bbox 43 1922 238 1962; x_wconf 82' lang='grc' dir='ltr'>ἐπληρώθησαν</span> <span class='ocrx_word' id='word_1_260' title='bbox 266 1922 355 1960; x_wconf 80' lang='grc' dir='ltr'>πάσης</span> <span class='ocrx_word' id='word_1_261' title='bbox 382 1923 488 1958; x_wconf 83' lang='grc' dir='ltr'>κακίας·</span> <span class='ocrx_word' id='word_1_262' title='bbox 517 1923 633 1954; x_wconf 81' lang='grc' dir='ltr'>δείκνυσι</span> <span class='ocrx_word' id='word_1_263' title='bbox 658 1926 704 1954; x_wconf 71' lang='grc' dir='ltr'><strong>νῦν</strong></span> <span class='ocrx_word' id='word_1_264' title='bbox 731 1925 768 1961; x_wconf 73' lang='grc' dir='ltr'>σθ,</span> <span class='ocrx_word' id='word_1_265' title='bbox 799 1924 840 1954; x_wconf 78' lang='grc' dir='ltr'>ὅτι</span> 
     </span>
    </p>
   </div>
   <div class='ocr_carea' id='block_1_39' title="bbox 42 1967 837 2009">
    <p class='ocr_par' dir='ltr' id='par_1_39' title="bbox 42 1967 837 2009">
     <span class='ocr_line' id='line_1_39' title="bbox 42 1967 837 2009; baseline 0.004 -12"><span class='ocrx_word' id='word_1_266' title='bbox 42 1968 101 1998; x_wconf 79' lang='grc' dir='ltr'>οὐδὲ</span> <span class='ocrx_word' id='word_1_267' title='bbox 117 1967 276 2007; x_wconf 83' lang='grc' dir='ltr'>συγγνώμης</span> <span class='ocrx_word' id='word_1_268' title='bbox 299 1967 365 1998; x_wconf 79' lang='grc' dir='ltr'>εἰσὶν</span> <span class='ocrx_word' id='word_1_269' title='bbox 389 1968 466 2002; x_wconf 80' lang='grc' dir='ltr'>ἄξιοι.</span> <span class='ocrx_word' id='word_1_270' title='bbox 485 1969 526 1999; x_wconf 88' lang='grc' dir='ltr'><strong>Οὖ</strong></span> <span class='ocrx_word' id='word_1_271' title='bbox 545 1968 597 2009; x_wconf 76' lang='grc' dir='ltr'>γὰρ</span> <span class='ocrx_word' id='word_1_272' title='bbox 619 1968 723 2009; x_wconf 67' lang='grc' dir='ltr'>ἔχουσιν</span> <span class='ocrx_word' id='word_1_273' title='bbox 739 1970 837 2007; x_wconf 79' lang='grc' dir='ltr'>εἰπεῖν,</span> 
     </span>
    </p>
   </div>
   <div class='ocr_carea' id='block_1_40' title="bbox 41 2011 839 2053">
    <p class='ocr_par' dir='ltr' id='par_1_40' title="bbox 41 2011 839 2053">
     <span class='ocr_line' id='line_1_40' title="bbox 41 2011 839 2053; baseline 0.003 -12"><span class='ocrx_word' id='word_1_274' title='bbox 41 2011 81 2041; x_wconf 78' lang='grc' dir='ltr'><strong>ὅτι</strong></span> <span class='ocrx_word' id='word_1_275' title='bbox 104 2011 269 2051; x_wconf 78' lang='grc' dir='ltr'>Ἦγνοοῢμεν</span> <span class='ocrx_word' id='word_1_276' title='bbox 293 2013 323 2042; x_wconf 84' lang='grc' dir='ltr'>τὸ</span> <span class='ocrx_word' id='word_1_277' title='bbox 346 2012 437 2043; x_wconf 76' lang='grc' dir='ltr'><strong>καλόν⁸</strong></span> <span class='ocrx_word' id='word_1_278' title='bbox 462 2012 548 2043; x_wconf 80' lang='grc' dir='ltr'>οἴδασι</span> <span class='ocrx_word' id='word_1_279' title='bbox 571 2013 622 2053; x_wconf 77' lang='grc' dir='ltr'>γὰρ</span> <span class='ocrx_word' id='word_1_280' title='bbox 650 2013 680 2042; x_wconf 84' lang='grc' dir='ltr'><strong>τὸ</strong></span> <span class='ocrx_word' id='word_1_281' title='bbox 704 2014 839 2052; x_wconf 78' lang='grc' dir='ltr'>δικαίωμα</span> 
     </span>
    </p>
   </div>
   <div class='ocr_carea' id='block_1_41' title="bbox 42 2056 840 2098">
    <p class='ocr_par' dir='ltr' id='par_1_41' title="bbox 42 2056 840 2098">
     <span class='ocr_line' id='line_1_41' title="bbox 42 2056 840 2098; baseline 0.003 -12"><span class='ocrx_word' id='word_1_282' title='bbox 42 2059 86 2086; x_wconf 69' lang='grc' dir='ltr'>τῶ</span> <span class='ocrx_word' id='word_1_283' title='bbox 102 2058 187 2088; x_wconf 75' lang='grc' dir='ltr'>Θεοῦ.</span> <span class='ocrx_word' id='word_1_284' title='bbox 212 2056 336 2091; x_wconf 84' lang='grc' dir='ltr'>Ἑκόντες</span> <span class='ocrx_word' id='word_1_285' title='bbox 361 2057 413 2097; x_wconf 78' lang='grc' dir='ltr'><strong>ἄρα</strong></span> <span class='ocrx_word' id='word_1_286' title='bbox 437 2061 556 2094; x_wconf 79' lang='grc' dir='ltr'>ποιοῦσι,</span> <span class='ocrx_word' id='word_1_287' title='bbox 578 2057 652 2088; x_wconf 77' lang='grc' dir='ltr'>καὶὸ</span> <span class='ocrx_word' id='word_1_288' title='bbox 671 2058 759 2098; x_wconf 86' lang='grc' dir='ltr'>χεῖρον</span> <span class='ocrx_word' id='word_1_289' title='bbox 779 2058 840 2088; x_wconf 53' lang='grc' dir='ltr'>τού-</span> 
     </span>
    </p>
   </div>
   <div class='ocr_carea' id='block_1_42' title="bbox 41 2102 840 2143">
    <p class='ocr_par' dir='ltr' id='par_1_42' title="bbox 41 2102 840 2143">
     <span class='ocr_line' id='line_1_42' title="bbox 41 2102 840 2143; baseline 0.003 -12"><span class='ocrx_word' id='word_1_290' title='bbox 41 2113 103 2137; x_wconf 82' lang='grc' dir='ltr'>τοο,</span> <span class='ocrx_word' id='word_1_291' title='bbox 121 2102 308 2133; x_wconf 75' lang='grc' dir='ltr'>συνευδοκοῢσι</span> <span class='ocrx_word' id='word_1_292' title='bbox 321 2102 344 2122; x_wconf 75' lang='grc' dir='ltr'>θ’</span> <span class='ocrx_word' id='word_1_293' title='bbox 361 2105 416 2136; x_wconf 87' lang='grc' dir='ltr'>τοῖς</span> <span class='ocrx_word' id='word_1_294' title='bbox 439 2103 604 2143; x_wconf 76' lang='grc' dir='ltr'>πράττουσι,</span> <span class='ocrx_word' id='word_1_295' title='bbox 624 2102 760 2142; x_wconf 69' lang='grc' dir='ltr'>τουτέστι,</span> <span class='ocrx_word' id='word_1_296' title='bbox 779 2115 840 2133; x_wconf 81' lang='grc' dir='ltr'>συν-</span> 
     </span>
    </p>
   </div>
   <div class='ocr_carea' id='block_1_43' title="bbox 41 2145 710 2188">
    <p class='ocr_par' dir='ltr' id='par_1_43' title="bbox 41 2145 710 2188">
     <span class='ocr_line' id='line_1_43' title="bbox 41 2145 710 2188; baseline 0.001 -11"><span class='ocrx_word' id='word_1_297' title='bbox 41 2149 170 2187; x_wconf 82' lang='grc' dir='ltr'>ηγοροῦσι</span> <span class='ocrx_word' id='word_1_298' title='bbox 186 2148 224 2188; x_wconf 79' lang='grc' dir='ltr'><strong>τῷ</strong></span> <span class='ocrx_word' id='word_1_299' title='bbox 241 2148 330 2188; x_wconf 82' lang='grc' dir='ltr'>κακῷ-</span> <span class='ocrx_word' id='word_1_300' title='bbox 345 2145 409 2187; x_wconf 74' lang='grc' dir='ltr'>ϐπερ</span> <span class='ocrx_word' id='word_1_301' title='bbox 424 2147 522 2177; x_wconf 81' lang='grc' dir='ltr'>ἀνίατα</span> <span class='ocrx_word' id='word_1_302' title='bbox 537 2149 622 2177; x_wconf 85' lang='grc' dir='ltr'>νοσεῖν</span> <span class='ocrx_word' id='word_1_303' title='bbox 639 2148 710 2178; x_wconf 73' lang='grc' dir='ltr'>ἐστι.</span> 
     </span>
    </p>
   </div>
   <div class='ocr_carea' id='block_1_44' title="bbox 340 2243 554 2275">
    <p class='ocr_par' dir='ltr' id='par_1_44' title="bbox 340 2243 554 2275">
     <span class='ocr_line' id='line_1_44' title="bbox 340 2243 554 2275; baseline 0.005 -1"><span class='ocrx_word' id='word_1_304' title='bbox 340 2243 486 2274; x_wconf 80' lang='grc' dir='ltr'><strong>ΚΕΦΑΛ.</strong></span> <span class='ocrx_word' id='word_1_305' title='bbox 511 2243 554 2275; x_wconf 90' lang='lat' dir='ltr'><strong>B’.</strong></span> 
     </span>
    </p>
   </div>
   <div class='ocr_carea' id='block_1_45' title="bbox 87 2301 840 2348">
    <p class='ocr_par' dir='ltr' id='par_1_45' title="bbox 87 2301 840 2348">
     <span class='ocr_line' id='line_1_45' title="bbox 87 2301 840 2348; baseline 0.003 -12"><span class='ocrx_word' id='word_1_306' title='bbox 87 2315 106 2348; x_wconf 48' lang='grc' dir='ltr'>ς</span> <span class='ocrx_word' id='word_1_307' title='bbox 114 2305 164 2336; x_wconf 82' lang='grc' dir='ltr'>Διὸ</span> <span class='ocrx_word' id='word_1_308' title='bbox 179 2305 378 2347; x_wconf 81' lang='grc' dir='ltr'>ἀναπολόγητος</span> <span class='ocrx_word' id='word_1_309' title='bbox 392 2301 431 2344; x_wconf 79' lang='grc' dir='ltr'>εἷ,</span> <span class='ocrx_word' id='word_1_310' title='bbox 453 2301 475 2336; x_wconf 73' lang='grc' dir='ltr'><strong>ὦ</strong></span> <span class='ocrx_word' id='word_1_311' title='bbox 490 2308 611 2348; x_wconf 79' lang='grc' dir='ltr'>ἄνθρωπε</span> <span class='ocrx_word' id='word_1_312' title='bbox 627 2311 678 2342; x_wconf 74' lang='grc' dir='ltr'><strong>πᾶς</strong></span> <span class='ocrx_word' id='word_1_313' title='bbox 699 2309 713 2337; x_wconf 83' lang='grc' dir='ltr'><strong>ὃ</strong></span> <span class='ocrx_word' id='word_1_314' title='bbox 735 2307 840 2348; x_wconf 82' lang='grc' dir='ltr'>κρίνων·</span> 
     </span>
    </p>
   </div>
   <div class='ocr_carea' id='block_1_46' title="bbox 44 2345 841 2393">
    <p class='ocr_par' dir='ltr' id='par_1_46' title="bbox 44 2345 841 2393">
     <span class='ocr_line' id='line_1_46' title="bbox 44 2345 841 2393; baseline 0.004 -14"><span class='ocrx_word' id='word_1_315' title='bbox 44 2351 70 2380; x_wconf 80' lang='grc' dir='ltr'><strong>ἐν</strong></span> <span class='ocrx_word' id='word_1_316' title='bbox 85 2345 108 2391; x_wconf 77' lang='grc' dir='ltr'>ᾧ</span> <span class='ocrx_word' id='word_1_317' title='bbox 125 2349 178 2390; x_wconf 78' lang='grc' dir='ltr'>γὰρ</span> <span class='ocrx_word' id='word_1_318' title='bbox 202 2345 310 2391; x_wconf 68' lang='grc' dir='ltr'><strong>κρίνεις⁷</strong></span> <span class='ocrx_word' id='word_1_319' title='bbox 322 2350 368 2381; x_wconf 76' lang='grc' dir='ltr'><strong>τὸν</strong></span> <span class='ocrx_word' id='word_1_320' title='bbox 393 2351 500 2392; x_wconf 71' lang='grc' dir='ltr'>ἕτερον,</span> <span class='ocrx_word' id='word_1_321' title='bbox 526 2345 636 2382; x_wconf 71' lang='grc' dir='ltr'>σεαυτὸν</span> <span class='ocrx_word' id='word_1_322' title='bbox 656 2345 841 2393; x_wconf 66' lang='grc' dir='ltr'>κατακρίνειςι</span> 
     </span>
    </p>
   </div>
   <div class='ocr_carea' id='block_1_47' title="bbox 43 2394 842 2437">
    <p class='ocr_par' dir='ltr' id='par_1_47' title="bbox 43 2394 842 2437">
     <span class='ocr_line' id='line_1_47' title="bbox 43 2394 842 2437; baseline 0.005 -13"><span class='ocrx_word' id='word_1_323' title='bbox 43 2395 75 2424; x_wconf 84' lang='grc' dir='ltr'><strong>τὰ</strong></span> <span class='ocrx_word' id='word_1_324' title='bbox 89 2394 143 2434; x_wconf 76' lang='grc' dir='ltr'><strong>γὰρ</strong></span> <span class='ocrx_word' id='word_1_325' title='bbox 160 2395 230 2426; x_wconf 73' lang='grc' dir='ltr'>αὐτὰ</span> <span class='ocrx_word' id='word_1_326' title='bbox 245 2396 388 2436; x_wconf 75' lang='grc' dir='ltr'>πράσσεις,</span> <span class='ocrx_word' id='word_1_327' title='bbox 404 2398 418 2426; x_wconf 83' lang='grc' dir='ltr'>ὁ</span> <span class='ocrx_word' id='word_1_328' title='bbox 437 2396 545 2437; x_wconf 89' lang='grc' dir='ltr'>κρίνων,</span> <span class='ocrx_word' id='word_1_329' title='bbox 570 2408 586 2426; x_wconf 78' lang='grc' dir='ltr'><strong>α</strong></span> <span class='ocrx_word' id='word_1_330' title='bbox 598 2397 709 2433; x_wconf 81' lang='grc' dir='ltr'>Ἐπειδὴ</span> <span class='ocrx_word' id='word_1_331' title='bbox 733 2398 842 2437; x_wconf 80' lang='grc' dir='ltr'>ἀνωμά-</span> 
     </span>
    </p>
   </div>
   <div class='ocr_carea' id='block_1_48' title="bbox 42 2439 840 2482">
    <p class='ocr_par' dir='ltr' id='par_1_48' title="bbox 42 2439 840 2482">
     <span class='ocr_line' id='line_1_48' title="bbox 42 2439 840 2482; baseline 0.006 -14"><span class='ocrx_word' id='word_1_332' title='bbox 42 2441 102 2474; x_wconf 83' lang='grc' dir='ltr'>λους</span> <span class='ocrx_word' id='word_1_333' title='bbox 116 2440 144 2458; x_wconf 82' lang='grc'><strong>⁶²</strong></span> <span class='ocrx_word' id='word_1_334' title='bbox 160 2439 259 2480; x_wconf 85' lang='grc' dir='ltr'>ἔχομεν</span> <span class='ocrx_word' id='word_1_335' title='bbox 284 2440 331 2475; x_wconf 79' lang='grc' dir='ltr'><strong>τὰς</strong></span> <span class='ocrx_word' id='word_1_336' title='bbox 355 2441 464 2481; x_wconf 82' lang='grc' dir='ltr'>γνώμας</span> <span class='ocrx_word' id='word_1_337' title='bbox 487 2443 511 2471; x_wconf 82' lang='grc' dir='ltr'>οἱ</span> <span class='ocrx_word' id='word_1_338' title='bbox 535 2442 682 2482; x_wconf 75' lang='grc' dir='ltr'>ἄνθρωποι,</span> <span class='ocrx_word' id='word_1_339' title='bbox 708 2442 752 2472; x_wconf 76' lang='grc' dir='ltr'>καὶ</span> <span class='ocrx_word' id='word_1_340' title='bbox 777 2443 840 2473; x_wconf 70' lang='grc' dir='ltr'>ποτὶ</span> 
     </span>
    </p>
   </div>
   <div class='ocr_carea' id='block_1_49' title="bbox 44 2484 841 2527">
    <p class='ocr_par' dir='ltr' id='par_1_49' title="bbox 44 2484 841 2527">
     <span class='ocr_line' id='line_1_49' title="bbox 44 2484 841 2527; baseline 0.003 -13"><span class='ocrx_word' id='word_1_341' title='bbox 44 2484 91 2522; x_wconf 79' lang='grc' dir='ltr'>μὲν</span> <span class='ocrx_word' id='word_1_342' title='bbox 106 2487 306 2525; x_wconf 77' lang='grc' dir='ltr'>συνηγοροῢμεν</span> <span class='ocrx_word' id='word_1_343' title='bbox 326 2488 366 2526; x_wconf 84' lang='grc' dir='ltr'><strong>τῷ</strong></span> <span class='ocrx_word' id='word_1_344' title='bbox 381 2488 473 2526; x_wconf 86' lang='grc' dir='ltr'>κακῷ,</span> <span class='ocrx_word' id='word_1_345' title='bbox 489 2486 553 2517; x_wconf 68' lang='grc' dir='ltr'>ποτὲ</span> <span class='ocrx_word' id='word_1_346' title='bbox 570 2485 597 2517; x_wconf 81' lang='grc' dir='ltr'><strong>δὲ</strong></span> <span class='ocrx_word' id='word_1_347' title='bbox 613 2486 702 2527; x_wconf 81' lang='grc' dir='ltr'>κριταὶ</span> <span class='ocrx_word' id='word_1_348' title='bbox 722 2489 774 2516; x_wconf 79' lang='grc' dir='ltr'><strong>τῶν</strong></span> <span class='ocrx_word' id='word_1_349' title='bbox 793 2488 841 2517; x_wconf 83' lang='grc' dir='ltr'>ἀλ-</span> 
     </span>
    </p>
   </div>
   <div class='ocr_carea' id='block_1_50' title="bbox 43 2529 839 2573">
    <p class='ocr_par' dir='ltr' id='par_1_50' title="bbox 43 2529 839 2573">
     <span class='ocr_line' id='line_1_50' title="bbox 43 2529 839 2573; baseline 0.006 -15"><span class='ocrx_word' id='word_1_350' title='bbox 43 2529 155 2569; x_wconf 89' lang='grc' dir='ltr'>λοτρίων</span> <span class='ocrx_word' id='word_1_351' title='bbox 178 2530 336 2568; x_wconf 84' lang='grc' dir='ltr'>καθήμεθα,</span> <span class='ocrx_word' id='word_1_352' title='bbox 362 2531 422 2565; x_wconf 79' lang='grc' dir='ltr'>τοὺς</span> <span class='ocrx_word' id='word_1_353' title='bbox 446 2531 552 2570; x_wconf 84' lang='grc' dir='ltr'>ὁμοίους</span> <span class='ocrx_word' id='word_1_354' title='bbox 573 2531 778 2573; x_wconf 76' lang='grc' dir='ltr'>κατακρίναντες</span> <span class='ocrx_word' id='word_1_355' title='bbox 792 2531 839 2573; x_wconf 67' lang='lat' dir='ltr'><strong>ff.</strong></span> 
     </span>
    </p>
   </div>
   <div class='ocr_carea' id='block_1_51' title="bbox 43 2574 841 2616">
    <p class='ocr_par' dir='ltr' id='par_1_51' title="bbox 43 2574 841 2616">
     <span class='ocr_line' id='line_1_51' title="bbox 43 2574 841 2616; baseline 0.004 -12"><span class='ocrx_word' id='word_1_356' title='bbox 43 2590 83 2598; x_wconf 89' lang='lat'><strong>—-</strong></span> <span class='ocrx_word' id='word_1_357' title='bbox 95 2586 170 2606; x_wconf 85' lang='grc' dir='ltr'>νοντ.</span> <span class='ocrx_word' id='word_1_358' title='bbox 221 2576 287 2616; x_wconf 76' lang='grc' dir='ltr'>ἔφθη</span> <span class='ocrx_word' id='word_1_359' title='bbox 306 2576 355 2614; x_wconf 80' lang='grc' dir='ltr'>μὲν</span> <span class='ocrx_word' id='word_1_360' title='bbox 371 2575 455 2606; x_wconf 79' lang='grc' dir='ltr'>εἰπὼν</span> <span class='ocrx_word' id='word_1_361' title='bbox 470 2576 532 2616; x_wconf 79' lang='grc' dir='ltr'>περὶ</span> <span class='ocrx_word' id='word_1_362' title='bbox 545 2578 597 2607; x_wconf 86' lang='grc' dir='ltr'><strong>τῶν</strong></span> <span class='ocrx_word' id='word_1_363' title='bbox 615 2577 841 2608; x_wconf 78' lang='grc' dir='ltr'>συνευδοκούντων</span> 
     </span>
    </p>
   </div>
   <div class='ocr_carea' id='block_1_52' title="bbox 44 2620 842 2662">
    <p class='ocr_par' dir='ltr' id='par_1_52' title="bbox 44 2620 842 2662">
     <span class='ocr_line' id='line_1_52' title="bbox 44 2620 842 2662; baseline 0.006 -14"><span class='ocrx_word' id='word_1_364' title='bbox 44 2623 98 2654; x_wconf 80' lang='grc' dir='ltr'>τοῖς</span> <span class='ocrx_word' id='word_1_365' title='bbox 111 2623 254 2660; x_wconf 84' lang='grc' dir='ltr'>πονηροῖς·</span> <span class='ocrx_word' id='word_1_366' title='bbox 274 2622 319 2651; x_wconf 76' lang='grc' dir='ltr'><strong>νῦν</strong></span> <span class='ocrx_word' id='word_1_367' title='bbox 334 2620 394 2661; x_wconf 82' lang='grc' dir='ltr'>περὶ</span> <span class='ocrx_word' id='word_1_368' title='bbox 419 2623 464 2651; x_wconf 75' lang='grc' dir='ltr'>τοῦ</span> <span class='ocrx_word' id='word_1_369' title='bbox 487 2621 585 2662; x_wconf 82' lang='grc' dir='ltr'>κρίνειν</span> <span class='ocrx_word' id='word_1_370' title='bbox 604 2623 719 2653; x_wconf 84' lang='grc' dir='ltr'>ποιεῖται</span> <span class='ocrx_word' id='word_1_371' title='bbox 734 2623 778 2653; x_wconf 81' lang='grc' dir='ltr'><strong>τὸν</strong></span> <span class='ocrx_word' id='word_1_372' title='bbox 793 2622 842 2653; x_wconf 84' lang='grc' dir='ltr'>λό-</span> 
     </span>
    </p>
   </div>
   <div class='ocr_carea' id='block_1_53' title="bbox 78 2695 377 2732">
    <p class='ocr_par' dir='ltr' id='par_1_53' title="bbox 78 2695 377 2732">
     <span class='ocr_line' id='line_1_53' title="bbox 78 2695 377 2732; baseline 0.003 -7"><span class='ocrx_word' id='word_1_373' title='bbox 78 2701 91 2713; x_wconf 75' lang='grc' dir='ltr'><strong>ι</strong></span> <span class='ocrx_word' id='word_1_374' title='bbox 107 2695 212 2725; x_wconf 82' lang='lat' dir='ltr'><strong>Matth.</strong></span> <span class='ocrx_word' id='word_1_375' title='bbox 229 2703 316 2732; x_wconf 67' lang='grc' dir='ltr'>αχεν,</span> <span class='ocrx_word' id='word_1_376' title='bbox 334 2699 377 2726; x_wconf 76' lang='lat'><strong>12.</strong></span> 
     </span>
    </p>
   </div>
   <div class='ocr_carea' id='block_1_54' title="bbox 510 156 1228 187">
    <p class='ocr_par' dir='ltr' id='par_1_54' title="bbox 510 156 1228 187">
     <span class='ocr_line' id='line_1_54' title="bbox 510 156 1228 187; baseline 0 -1"><span class='ocrx_word' id='word_1_377' title='bbox 510 157 686 186; x_wconf 77' lang='lat' dir='ltr'><strong>EXPOSITIO</strong></span> <span class='ocrx_word' id='word_1_378' title='bbox 705 157 738 186; x_wconf 83' lang='lat' dir='ltr'><strong>IN</strong></span> <span class='ocrx_word' id='word_1_379' title='bbox 757 156 862 186; x_wconf 79' lang='lat' dir='ltr'><strong>EPIST.</strong></span> <span class='ocrx_word' id='word_1_380' title='bbox 880 157 927 185; x_wconf 76' lang='lat' dir='ltr'><strong>AD</strong></span> <span class='ocrx_word' id='word_1_381' title='bbox 946 157 1029 187; x_wconf 72' lang='grc' dir='ltr'><strong>ΗΘΜ.</strong></span> <span class='ocrx_word' id='word_1_382' title='bbox 1048 171 1083 179; x_wconf 88' lang='grc'><strong><em>-</em></strong></span> <span class='ocrx_word' id='word_1_383' title='bbox 1101 157 1176 186; x_wconf 77' lang='lat' dir='ltr'><strong>CAP.</strong></span> <span class='ocrx_word' id='word_1_384' title='bbox 1197 158 1228 186; x_wconf 87' lang='lat' dir='ltr'><strong>ll.</strong></span> 
     </span>
    </p>
   </div>
   <div class='ocr_carea' id='block_1_55' title="bbox 1636 159 1688 188">
    <p class='ocr_par' dir='ltr' id='par_1_55' title="bbox 1636 159 1688 188">
     <span class='ocr_line' id='line_1_55' title="bbox 1636 159 1688 188; baseline 0.019 -1"><span class='ocrx_word' id='word_1_385' title='bbox 1636 159 1688 188; x_wconf 83' lang='lat'><strong>362</strong></span> 
     </span>
    </p>
   </div>
   <div class='ocr_carea' id='block_1_56' title="bbox 852 220 1683 254">
    <p class='ocr_par' dir='ltr' id='par_1_56' title="bbox 852 220 1683 254">
     <span class='ocr_line' id='line_1_56' title="bbox 852 220 1683 254; baseline 0.001 -5"><span class='ocrx_word' id='word_1_386' title='bbox 852 222 879 254; x_wconf 79' lang='grc' dir='ltr'><strong>Α</strong></span> <span class='ocrx_word' id='word_1_387' title='bbox 928 221 1014 249; x_wconf 82' lang='lat' dir='ltr'><strong>Vsns.</strong></span> <span class='ocrx_word' id='word_1_388' title='bbox 1039 222 1082 248; x_wconf 78' lang='lat' dir='ltr'><strong>eo.</strong></span> <span class='ocrx_word' id='word_1_389' title='bbox 1108 230 1122 246; x_wconf 84' lang='grc'><strong>«</strong></span> <span class='ocrx_word' id='word_1_390' title='bbox 1144 220 1324 248; x_wconf 84' lang='lat' dir='ltr'><strong>Susurrones.</strong></span> <span class='ocrx_word' id='word_1_391' title='bbox 1351 230 1364 244; x_wconf 78' lang='grc' dir='ltr'>ι</span> <span class='ocrx_word' id='word_1_392' title='bbox 1391 220 1555 249; x_wconf 83' lang='lat' dir='ltr'><strong>Clanculum</strong></span> <span class='ocrx_word' id='word_1_393' title='bbox 1577 221 1683 250; x_wconf 88' lang='lat' dir='ltr'><strong>calum-</strong></span> 
     </span>
    </p>
   </div>
   <div class='ocr_carea' id='block_1_57' title="bbox 893 265 1012 294">
    <p class='ocr_par' dir='ltr' id='par_1_57' title="bbox 893 265 1012 294">
     <span class='ocr_line' id='line_1_57' title="bbox 893 265 1012 294; baseline 0 -1"><span class='ocrx_word' id='word_1_394' title='bbox 893 265 1012 294; x_wconf 87' lang='lat' dir='ltr'><strong>niantes.</strong></span> 
     </span>
    </p>
   </div>
   <div class='ocr_carea' id='block_1_58' title="bbox 929 308 1474 338">
    <p class='ocr_par' dir='ltr' id='par_1_58' title="bbox 929 308 1474 338">
     <span class='ocr_line' id='line_1_58' title="bbox 929 308 1474 338; baseline -0.002 0"><span class='ocrx_word' id='word_1_395' title='bbox 929 322 942 335; x_wconf 77' lang='grc' dir='ltr'><strong>ι</strong></span> <span class='ocrx_word' id='word_1_396' title='bbox 954 311 1140 338; x_wconf 84' lang='lat' dir='ltr'><strong>Detractores.</strong></span> <span class='ocrx_word' id='word_1_397' title='bbox 1155 320 1168 334; x_wconf 75' lang='grc' dir='ltr'>ι</span> <span class='ocrx_word' id='word_1_398' title='bbox 1183 309 1277 338; x_wconf 88' lang='lat' dir='ltr'><strong>Palam</strong></span> <span class='ocrx_word' id='word_1_399' title='bbox 1289 308 1474 338; x_wconf 74' lang='lat' dir='ltr'><strong>detrahentes.</strong></span> 
     </span>
    </p>
   </div>
   <div class='ocr_carea' id='block_1_59' title="bbox 929 354 1684 392">
    <p class='ocr_par' dir='ltr' id='par_1_59' title="bbox 929 354 1684 392">
     <span class='ocr_line' id='line_1_59' title="bbox 929 354 1684 392; baseline 0.001 -8"><span class='ocrx_word' id='word_1_400' title='bbox 929 366 942 380; x_wconf 83' lang='grc' dir='ltr'><strong>ι</strong></span> <span class='ocrx_word' id='word_1_401' title='bbox 951 355 1143 384; x_wconf 88' lang='lat' dir='ltr'><strong>Deoodibiles.</strong></span> <span class='ocrx_word' id='word_1_402' title='bbox 1157 366 1170 381; x_wconf 72' lang='grc' dir='ltr'><strong><em>η</em></strong></span> <span class='ocrx_word' id='word_1_403' title='bbox 1181 356 1271 383; x_wconf 87' lang='lat' dir='ltr'><strong>Deum</strong></span> <span class='ocrx_word' id='word_1_404' title='bbox 1281 354 1345 383; x_wconf 90' lang='lat' dir='ltr'><strong>odio</strong></span> <span class='ocrx_word' id='word_1_405' title='bbox 1359 358 1567 392; x_wconf 79' lang='lat' dir='ltr'><strong>prosequentes,</strong></span> <span class='ocrx_word' id='word_1_406' title='bbox 1575 354 1618 383; x_wconf 83' lang='lat' dir='ltr'><strong>vel</strong></span> <span class='ocrx_word' id='word_1_407' title='bbox 1626 355 1684 385; x_wconf 88' lang='lat' dir='ltr'><strong>Deo</strong></span> 
     </span>
    </p>
   </div>
   <div class='ocr_carea' id='block_1_60' title="bbox 891 399 1003 428">
    <p class='ocr_par' dir='ltr' id='par_1_60' title="bbox 891 399 1003 428">
     <span class='ocr_line' id='line_1_60' title="bbox 891 399 1003 428; baseline 0.009 -1"><span class='ocrx_word' id='word_1_408' title='bbox 891 399 1003 428; x_wconf 84' lang='lat' dir='ltr'><strong>invisos.</strong></span> 
     </span>
    </p>
   </div>
   <div class='ocr_carea' id='block_1_61' title="bbox 929 444 1682 481">
    <p class='ocr_par' dir='ltr' id='par_1_61' title="bbox 929 444 1682 481">
     <span class='ocr_line' id='line_1_61' title="bbox 929 444 1682 481; baseline 0.003 -9"><span class='ocrx_word' id='word_1_409' title='bbox 929 455 942 469; x_wconf 70' lang='grc' dir='ltr'><strong>ι</strong></span> <span class='ocrx_word' id='word_1_410' title='bbox 961 444 1192 478; x_wconf 83' lang='lat' dir='ltr'><strong>Contumeliosos.</strong></span> <span class='ocrx_word' id='word_1_411' title='bbox 1208 444 1350 481; x_wconf 87' lang='lat' dir='ltr'><strong>superbos,</strong></span> <span class='ocrx_word' id='word_1_412' title='bbox 1361 444 1455 473; x_wconf 86' lang='lat' dir='ltr'><strong>elatos.</strong></span> <span class='ocrx_word' id='word_1_413' title='bbox 1471 456 1485 470; x_wconf 77' lang='grc' dir='ltr'>ι</span> <span class='ocrx_word' id='word_1_414' title='bbox 1500 445 1542 473; x_wconf 77' lang='lat' dir='ltr'><strong>Ad</strong></span> <span class='ocrx_word' id='word_1_415' title='bbox 1558 445 1682 474; x_wconf 91' lang='lat' dir='ltr'><strong>omnium</strong></span> 
     </span>
    </p>
   </div>
   <div class='ocr_carea' id='block_1_62' title="bbox 893 489 1687 526">
    <p class='ocr_par' dir='ltr' id='par_1_62' title="bbox 893 489 1687 526">
     <span class='ocr_line' id='line_1_62' title="bbox 893 489 1687 526; baseline 0.003 -9"><span class='ocrx_word' id='word_1_416' title='bbox 893 489 1020 518; x_wconf 84' lang='lat' dir='ltr'><strong>vitiorum</strong></span> <span class='ocrx_word' id='word_1_417' title='bbox 1044 498 1146 523; x_wconf 84' lang='lat' dir='ltr'><strong>arcem,</strong></span> <span class='ocrx_word' id='word_1_418' title='bbox 1174 490 1342 526; x_wconf 84' lang='lat' dir='ltr'><strong>superbiam,</strong></span> <span class='ocrx_word' id='word_1_419' title='bbox 1372 489 1540 519; x_wconf 86' lang='lat' dir='ltr'><strong>conscendit.</strong></span> <span class='ocrx_word' id='word_1_420' title='bbox 1566 491 1687 523; x_wconf 80' lang='lat' dir='ltr'><strong>Etenim.</strong></span> 
     </span>
    </p>
   </div>
   <div class='ocr_carea' id='block_1_63' title="bbox 891 534 1687 572">
    <p class='ocr_par' dir='ltr' id='par_1_63' title="bbox 891 534 1687 572">
     <span class='ocr_line' id='line_1_63' title="bbox 891 534 1687 572; baseline 0.003 -10"><span class='ocrx_word' id='word_1_421' title='bbox 891 534 913 562; x_wconf 89' lang='lat' dir='ltr'><strong>si</strong></span> <span class='ocrx_word' id='word_1_422' title='bbox 927 535 987 571; x_wconf 87' lang='lat' dir='ltr'><strong>quis</strong></span> <span class='ocrx_word' id='word_1_423' title='bbox 997 535 1063 563; x_wconf 91' lang='lat' dir='ltr'><strong>boni</strong></span> <span class='ocrx_word' id='word_1_424' title='bbox 1075 534 1223 571; x_wconf 88' lang='lat' dir='ltr'><strong>quidquam</strong></span> <span class='ocrx_word' id='word_1_425' title='bbox 1236 534 1329 569; x_wconf 80' lang='lat' dir='ltr'><strong>faciat,</strong></span> <span class='ocrx_word' id='word_1_426' title='bbox 1341 535 1393 564; x_wconf 90' lang='lat' dir='ltr'><strong>hoc</strong></span> <span class='ocrx_word' id='word_1_427' title='bbox 1405 535 1494 572; x_wconf 81' lang='lat' dir='ltr'><strong>perdit</strong></span> <span class='ocrx_word' id='word_1_428' title='bbox 1502 535 1662 572; x_wconf 76' lang='lat' dir='ltr'><strong>superbiam</strong></span> <span class='ocrx_word' id='word_1_429' title='bbox 1681 545 1687 564; x_wconf 94' lang='lat'><strong>:</strong></span> 
     </span>
    </p>
   </div>
   <div class='ocr_carea' id='block_1_64' title="bbox 890 581 1686 617">
    <p class='ocr_par' dir='ltr' id='par_1_64' title="bbox 890 581 1686 617">
     <span class='ocr_line' id='line_1_64' title="bbox 890 581 1686 617; baseline 0.003 -10"><span class='ocrx_word' id='word_1_430' title='bbox 890 583 992 615; x_wconf 89' lang='lat' dir='ltr'><strong>quanto</strong></span> <span class='ocrx_word' id='word_1_431' title='bbox 1018 581 1115 616; x_wconf 89' lang='lat' dir='ltr'><strong>magis,</strong></span> <span class='ocrx_word' id='word_1_432' title='bbox 1138 588 1203 608; x_wconf 90' lang='lat' dir='ltr'><strong>cum</strong></span> <span class='ocrx_word' id='word_1_433' title='bbox 1229 581 1299 608; x_wconf 86' lang='lat' dir='ltr'><strong>mala</strong></span> <span class='ocrx_word' id='word_1_434' title='bbox 1323 582 1481 616; x_wconf 83' lang='lat' dir='ltr'><strong>perpetrat?</strong></span> <span class='ocrx_word' id='word_1_435' title='bbox 1499 588 1588 617; x_wconf 90' lang='lat' dir='ltr'><strong>neque</strong></span> <span class='ocrx_word' id='word_1_436' title='bbox 1610 581 1686 609; x_wconf 88' lang='lat' dir='ltr'><strong>enim</strong></span> 
     </span>
    </p>
   </div>
   <div class='ocr_carea' id='block_1_65' title="bbox 892 624 1687 662">
    <p class='ocr_par' dir='ltr' id='par_1_65' title="bbox 892 624 1687 662">
     <span class='ocr_line' id='line_1_65' title="bbox 892 624 1687 662; baseline 0.003 -10"><span class='ocrx_word' id='word_1_437' title='bbox 892 624 1050 660; x_wconf 83' lang='lat' dir='ltr'><strong>resipiscere</strong></span> <span class='ocrx_word' id='word_1_438' title='bbox 1070 629 1169 661; x_wconf 85' lang='lat' dir='ltr'><strong>potest.</strong></span> <span class='ocrx_word' id='word_1_439' title='bbox 1194 625 1310 653; x_wconf 85' lang='lat' dir='ltr'><strong>Noveris</strong></span> <span class='ocrx_word' id='word_1_440' title='bbox 1332 629 1429 653; x_wconf 91' lang='lat' dir='ltr'><strong>tamen</strong></span> <span class='ocrx_word' id='word_1_441' title='bbox 1455 625 1531 661; x_wconf 91' lang='lat' dir='ltr'><strong>quod</strong></span> <span class='ocrx_word' id='word_1_442' title='bbox 1558 625 1687 662; x_wconf 74' lang='lat' dir='ltr'><strong>superbia</strong></span> 
     </span>
    </p>
   </div>
   <div class='ocr_carea' id='block_1_66' title="bbox 891 669 1689 707">
    <p class='ocr_par' dir='ltr' id='par_1_66' title="bbox 891 669 1689 707">
     <span class='ocr_line' id='line_1_66' title="bbox 891 669 1689 707; baseline 0.003 -10"><span class='ocrx_word' id='word_1_443' title='bbox 891 669 1001 706; x_wconf 85' lang='lat' dir='ltr'><strong>quidem</strong></span> <span class='ocrx_word' id='word_1_444' title='bbox 1024 669 1074 698; x_wconf 86' lang='lat' dir='ltr'><strong>Dei</strong></span> <span class='ocrx_word' id='word_1_445' title='bbox 1097 673 1140 698; x_wconf 88' lang='lat' dir='ltr'><strong>est</strong></span> <span class='ocrx_word' id='word_1_446' title='bbox 1165 674 1348 706; x_wconf 80' lang='lat' dir='ltr'><strong>contemptus,</strong></span> <span class='ocrx_word' id='word_1_447' title='bbox 1373 671 1530 707; x_wconf 78' lang='lat' dir='ltr'><strong>arrogantia</strong></span> <span class='ocrx_word' id='word_1_448' title='bbox 1555 678 1620 699; x_wconf 84' lang='lat' dir='ltr'><strong>vero</strong></span> <span class='ocrx_word' id='word_1_449' title='bbox 1648 675 1689 699; x_wconf 88' lang='lat' dir='ltr'><strong>est</strong></span> 
     </span>
    </p>
   </div>
   <div class='ocr_carea' id='block_1_67' title="bbox 893 713 1687 752">
    <p class='ocr_par' dir='ltr' id='par_1_67' title="bbox 893 713 1687 752">
     <span class='ocr_line' id='line_1_67' title="bbox 893 713 1687 752; baseline 0.003 -10"><span class='ocrx_word' id='word_1_450' title='bbox 893 713 1049 748; x_wconf 76' lang='lat' dir='ltr'><strong>hominum,</strong></span> <span class='ocrx_word' id='word_1_451' title='bbox 1072 722 1088 743; x_wconf 88' lang='lat' dir='ltr'><strong>e</strong></span> <span class='ocrx_word' id='word_1_452' title='bbox 1108 723 1161 751; x_wconf 89' lang='lat' dir='ltr'><strong>qua</strong></span> <span class='ocrx_word' id='word_1_453' title='bbox 1185 715 1306 743; x_wconf 82' lang='lat' dir='ltr'><strong>nascitur</strong></span> <span class='ocrx_word' id='word_1_454' title='bbox 1331 715 1440 751; x_wconf 86' lang='lat' dir='ltr'><strong>injuria.</strong></span> <span class='ocrx_word' id='word_1_455' title='bbox 1471 717 1542 744; x_wconf 86' lang='lat' dir='ltr'><strong>Nam</strong></span> <span class='ocrx_word' id='word_1_456' title='bbox 1567 716 1614 752; x_wconf 88' lang='lat' dir='ltr'><strong>qui</strong></span> <span class='ocrx_word' id='word_1_457' title='bbox 1635 715 1687 744; x_wconf 83' lang='lat' dir='ltr'><strong>ho-</strong></span> 
     </span>
    </p>
   </div>
   <div class='ocr_carea' id='block_1_68' title="bbox 893 757 1689 796">
    <p class='ocr_par' dir='ltr' id='par_1_68' title="bbox 893 757 1689 796">
     <span class='ocr_line' id='line_1_68' title="bbox 893 757 1689 796; baseline 0.004 -10"><span class='ocrx_word' id='word_1_458' title='bbox 893 757 982 787; x_wconf 83' lang='lat' dir='ltr'><strong>mines</strong></span> <span class='ocrx_word' id='word_1_459' title='bbox 1003 763 1172 795; x_wconf 78' lang='lat' dir='ltr'><strong>aspernatur,</strong></span> <span class='ocrx_word' id='word_1_460' title='bbox 1190 767 1289 787; x_wconf 84' lang='lat' dir='ltr'><strong>omnes</strong></span> <span class='ocrx_word' id='word_1_461' title='bbox 1308 759 1409 796; x_wconf 81' lang='lat' dir='ltr'><strong>injuria</strong></span> <span class='ocrx_word' id='word_1_462' title='bbox 1428 759 1516 788; x_wconf 75' lang='lat' dir='ltr'><strong>afﬁcit</strong></span> <span class='ocrx_word' id='word_1_463' title='bbox 1526 765 1554 788; x_wconf 88' lang='lat' dir='ltr'><strong>et</strong></span> <span class='ocrx_word' id='word_1_464' title='bbox 1577 761 1689 789; x_wconf 89' lang='lat' dir='ltr'><strong>concul-</strong></span> 
     </span>
    </p>
   </div>
   <div class='ocr_carea' id='block_1_69' title="bbox 891 804 1691 842">
    <p class='ocr_par' dir='ltr' id='par_1_69' title="bbox 891 804 1691 842">
     <span class='ocr_line' id='line_1_69' title="bbox 891 804 1691 842; baseline 0.004 -11"><span class='ocrx_word' id='word_1_465' title='bbox 891 808 944 832; x_wconf 85' lang='lat' dir='ltr'><strong>cat.</strong></span> <span class='ocrx_word' id='word_1_466' title='bbox 962 804 1094 840; x_wconf 81' lang='lat' dir='ltr'><strong>Quamvis</strong></span> <span class='ocrx_word' id='word_1_467' title='bbox 1114 809 1208 832; x_wconf 87' lang='lat' dir='ltr'><strong>autem</strong></span> <span class='ocrx_word' id='word_1_468' title='bbox 1236 805 1393 841; x_wconf 74' lang='lat' dir='ltr'><strong>arrogantia</strong></span> <span class='ocrx_word' id='word_1_469' title='bbox 1414 810 1514 833; x_wconf 81' lang='lat' dir='ltr'><strong>natura</strong></span> <span class='ocrx_word' id='word_1_470' title='bbox 1547 805 1625 842; x_wconf 88' lang='lat' dir='ltr'><strong>prior</strong></span> <span class='ocrx_word' id='word_1_471' title='bbox 1647 810 1691 834; x_wconf 82' lang='lat' dir='ltr'><strong>est</strong></span> 
     </span>
    </p>
   </div>
   <div class='ocr_carea' id='block_1_70' title="bbox 892 849 1688 886">
    <p class='ocr_par' dir='ltr' id='par_1_70' title="bbox 892 849 1688 886">
     <span class='ocr_line' id='line_1_70' title="bbox 892 849 1688 886; baseline 0.005 -10"><span class='ocrx_word' id='word_1_472' title='bbox 892 856 977 884; x_wconf 85' lang='lat' dir='ltr'><strong>quam</strong></span> <span class='ocrx_word' id='word_1_473' title='bbox 1005 849 1120 885; x_wconf 87' lang='lat' dir='ltr'><strong>injuria,</strong></span> <span class='ocrx_word' id='word_1_474' title='bbox 1147 849 1229 877; x_wconf 87' lang='lat' dir='ltr'><strong>nobis</strong></span> <span class='ocrx_word' id='word_1_475' title='bbox 1254 854 1346 878; x_wconf 88' lang='lat' dir='ltr'><strong>tamen</strong></span> <span class='ocrx_word' id='word_1_476' title='bbox 1372 849 1467 886; x_wconf 84' lang='lat' dir='ltr'><strong>injuria</strong></span> <span class='ocrx_word' id='word_1_477' title='bbox 1491 850 1688 880; x_wconf 79' lang='lat' dir='ltr'><strong>manifestatur</strong></span> 
     </span>
    </p>
   </div>
   <div class='ocr_carea' id='block_1_71' title="bbox 855 893 1683 932">
    <p class='ocr_par' dir='ltr' id='par_1_71' title="bbox 855 893 1683 932">
     <span class='ocr_line' id='line_1_71' title="bbox 855 893 1683 932; baseline 0.002 -11"><span class='ocrx_word' id='word_1_478' title='bbox 855 900 879 932; x_wconf 77' lang='grc' dir='ltr'><strong>Β</strong></span> <span class='ocrx_word' id='word_1_479' title='bbox 894 893 969 929; x_wconf 90' lang='lat' dir='ltr'><strong>prior</strong></span> <span class='ocrx_word' id='word_1_480' title='bbox 992 902 998 919; x_wconf 92' lang='lat'>:</span> <span class='ocrx_word' id='word_1_481' title='bbox 1017 893 1118 922; x_wconf 89' lang='lat' dir='ltr'><strong>deinde</strong></span> <span class='ocrx_word' id='word_1_482' title='bbox 1142 894 1291 922; x_wconf 88' lang='lat' dir='ltr'><strong>innotescit</strong></span> <span class='ocrx_word' id='word_1_483' title='bbox 1315 899 1405 923; x_wconf 85' lang='lat' dir='ltr'><strong>mater</strong></span> <span class='ocrx_word' id='word_1_484' title='bbox 1429 895 1488 931; x_wconf 84' lang='lat' dir='ltr'><strong>ejus</strong></span> <span class='ocrx_word' id='word_1_485' title='bbox 1514 896 1683 932; x_wconf 75' lang='lat' dir='ltr'><strong>arrogantia.</strong></span> 
     </span>
    </p>
   </div>
   <div class='ocr_carea' id='block_1_72' title="bbox 932 939 1688 968">
    <p class='ocr_par' dir='ltr' id='par_1_72' title="bbox 932 939 1688 968">
     <span class='ocr_line' id='line_1_72' title="bbox 932 939 1688 968; baseline 0.001 -1"><span class='ocrx_word' id='word_1_486' title='bbox 932 948 946 964; x_wconf 75' lang='grc' dir='ltr'><strong>α</strong></span> <span class='ocrx_word' id='word_1_487' title='bbox 955 940 1116 967; x_wconf 85' lang='lat' dir='ltr'><strong>lnventores</strong></span> <span class='ocrx_word' id='word_1_488' title='bbox 1129 939 1276 968; x_wconf 87' lang='lat' dir='ltr'><strong>malorum.</strong></span> <span class='ocrx_word' id='word_1_489' title='bbox 1288 951 1301 964; x_wconf 74' lang='grc' dir='ltr'>ι</span> <span class='ocrx_word' id='word_1_490' title='bbox 1314 941 1376 968; x_wconf 84' lang='lat' dir='ltr'><strong>Non</strong></span> <span class='ocrx_word' id='word_1_491' title='bbox 1388 939 1463 968; x_wconf 90' lang='lat' dir='ltr'><strong>enim</strong></span> <span class='ocrx_word' id='word_1_492' title='bbox 1474 941 1597 968; x_wconf 85' lang='lat' dir='ltr'><strong>contenti</strong></span> <span class='ocrx_word' id='word_1_493' title='bbox 1609 945 1688 968; x_wconf 86' lang='lat' dir='ltr'><strong>erant</strong></span> 
     </span>
    </p>
   </div>
   <div class='ocr_carea' id='block_1_73' title="bbox 892 983 1688 1019">
    <p class='ocr_par' dir='ltr' id='par_1_73' title="bbox 892 983 1688 1019">
     <span class='ocr_line' id='line_1_73' title="bbox 892 983 1688 1019; baseline 0.003 -8"><span class='ocrx_word' id='word_1_494' title='bbox 892 983 1038 1019; x_wconf 88' lang='lat' dir='ltr'><strong>prioribus.</strong></span> <span class='ocrx_word' id='word_1_495' title='bbox 1054 984 1116 1012; x_wconf 84' lang='lat' dir='ltr'><strong>Hoc</strong></span> <span class='ocrx_word' id='word_1_496' title='bbox 1129 988 1223 1012; x_wconf 89' lang='lat' dir='ltr'><strong>autem</strong></span> <span class='ocrx_word' id='word_1_497' title='bbox 1246 992 1305 1012; x_wconf 89' lang='lat' dir='ltr'><strong>non</strong></span> <span class='ocrx_word' id='word_1_498' title='bbox 1318 984 1402 1012; x_wconf 82' lang='lat' dir='ltr'><strong>subiti</strong></span> <span class='ocrx_word' id='word_1_499' title='bbox 1411 989 1514 1019; x_wconf 87' lang='lat' dir='ltr'><strong>motus,</strong></span> <span class='ocrx_word' id='word_1_500' title='bbox 1527 988 1575 1012; x_wconf 89' lang='lat' dir='ltr'><strong>aut</strong></span> <span class='ocrx_word' id='word_1_501' title='bbox 1586 985 1688 1013; x_wconf 83' lang='lat' dir='ltr'><strong>violen-</strong></span> 
     </span>
    </p>
   </div>
   <div class='ocr_carea' id='block_1_74' title="bbox 891 1027 1509 1064">
    <p class='ocr_par' dir='ltr' id='par_1_74' title="bbox 891 1027 1509 1064">
     <span class='ocr_line' id='line_1_74' title="bbox 891 1027 1509 1064; baseline 0.002 -8"><span class='ocrx_word' id='word_1_502' title='bbox 891 1028 911 1056; x_wconf 88' lang='lat' dir='ltr'><strong>ti</strong></span> <span class='ocrx_word' id='word_1_503' title='bbox 929 1032 1035 1064; x_wconf 85' lang='lat' dir='ltr'><strong>raptus,</strong></span> <span class='ocrx_word' id='word_1_504' title='bbox 1049 1027 1097 1056; x_wconf 87' lang='lat' dir='ltr'><strong>sed</strong></span> <span class='ocrx_word' id='word_1_505' title='bbox 1116 1028 1302 1056; x_wconf 80' lang='lat' dir='ltr'><strong>meditationis</strong></span> <span class='ocrx_word' id='word_1_506' title='bbox 1317 1033 1360 1057; x_wconf 85' lang='lat' dir='ltr'><strong>est</strong></span> <span class='ocrx_word' id='word_1_507' title='bbox 1372 1033 1400 1057; x_wconf 87' lang='lat' dir='ltr'><strong>et</strong></span> <span class='ocrx_word' id='word_1_508' title='bbox 1413 1028 1509 1057; x_wconf 82' lang='lat' dir='ltr'><strong>studii.</strong></span> 
     </span>
    </p>
   </div>
   <div class='ocr_carea' id='block_1_75' title="bbox 929 1073 1688 1111">
    <p class='ocr_par' dir='ltr' id='par_1_75' title="bbox 929 1073 1688 1111">
     <span class='ocr_line' id='line_1_75' title="bbox 929 1073 1688 1111; baseline 0.004 -11"><span class='ocrx_word' id='word_1_509' title='bbox 929 1084 942 1098; x_wconf 79' lang='grc' dir='ltr'><strong>ι</strong></span> <span class='ocrx_word' id='word_1_510' title='bbox 969 1073 1132 1101; x_wconf 87' lang='lat' dir='ltr'><strong>Parentibus</strong></span> <span class='ocrx_word' id='word_1_511' title='bbox 1158 1073 1359 1110; x_wconf 89' lang='lat' dir='ltr'><strong>immorigeros.</strong></span> <span class='ocrx_word' id='word_1_512' title='bbox 1387 1084 1401 1099; x_wconf 72' lang='grc' dir='ltr'>ι»</span> <span class='ocrx_word' id='word_1_513' title='bbox 1439 1074 1578 1103; x_wconf 81' lang='lat' dir='ltr'><strong>Adversus</strong></span> <span class='ocrx_word' id='word_1_514' title='bbox 1602 1073 1688 1111; x_wconf 85' lang='lat' dir='ltr'><strong>ipsam</strong></span> 
     </span>
    </p>
   </div>
   <div class='ocr_carea' id='block_1_76' title="bbox 891 1117 1415 1155">
    <p class='ocr_par' dir='ltr' id='par_1_76' title="bbox 891 1117 1415 1155">
     <span class='ocr_line' id='line_1_76' title="bbox 891 1117 1415 1155; baseline 0 -9"><span class='ocrx_word' id='word_1_515' title='bbox 891 1117 976 1146; x_wconf 82' lang='lat' dir='ltr'><strong>etiam</strong></span> <span class='ocrx_word' id='word_1_516' title='bbox 989 1122 1127 1151; x_wconf 79' lang='lat' dir='ltr'><strong>naturam,</strong></span> <span class='ocrx_word' id='word_1_517' title='bbox 1142 1118 1241 1154; x_wconf 75' lang='lat' dir='ltr'><strong>inquit,</strong></span> <span class='ocrx_word' id='word_1_518' title='bbox 1255 1123 1415 1155; x_wconf 75' lang='lat' dir='ltr'><strong>pugnantes.</strong></span> 
     </span>
    </p>
   </div>
   <div class='ocr_carea' id='block_1_77' title="bbox 927 1162 1687 1199">
    <p class='ocr_par' dir='ltr' id='par_1_77' title="bbox 927 1162 1687 1199">
     <span class='ocr_line' id='line_1_77' title="bbox 927 1162 1687 1199; baseline 0.001 -8"><span class='ocrx_word' id='word_1_519' title='bbox 927 1164 1013 1191; x_wconf 73' lang='lat' dir='ltr'><strong>Vens.</strong></span> <span class='ocrx_word' id='word_1_520' title='bbox 1031 1166 1103 1191; x_wconf 61' lang='lat' dir='ltr'><strong>31.x</strong></span> <span class='ocrx_word' id='word_1_521' title='bbox 1122 1162 1295 1198; x_wconf 85' lang='lat' dir='ltr'><strong>lnsipientes.</strong></span> <span class='ocrx_word' id='word_1_522' title='bbox 1321 1175 1333 1188; x_wconf 68' lang='grc' dir='ltr'><strong>ν</strong></span> <span class='ocrx_word' id='word_1_523' title='bbox 1363 1164 1420 1192; x_wconf 82' lang='lat' dir='ltr'><strong>Nec</strong></span> <span class='ocrx_word' id='word_1_524' title='bbox 1447 1163 1596 1192; x_wconf 90' lang='lat' dir='ltr'><strong>immerito.</strong></span> <span class='ocrx_word' id='word_1_525' title='bbox 1615 1163 1687 1199; x_wconf 89' lang='lat' dir='ltr'><strong>Quid</strong></span> 
     </span>
    </p>
   </div>
   <div class='ocr_carea' id='block_1_78' title="bbox 892 1207 1688 1244">
    <p class='ocr_par' dir='ltr' id='par_1_78' title="bbox 892 1207 1688 1244">
     <span class='ocr_line' id='line_1_78' title="bbox 892 1207 1688 1244; baseline 0.003 -9"><span class='ocrx_word' id='word_1_526' title='bbox 892 1207 966 1235; x_wconf 91' lang='lat' dir='ltr'><strong>enim</strong></span> <span class='ocrx_word' id='word_1_527' title='bbox 975 1207 1050 1235; x_wconf 84' lang='lat' dir='ltr'><strong>aliud</strong></span> <span class='ocrx_word' id='word_1_528' title='bbox 1061 1207 1254 1244; x_wconf 79' lang='lat' dir='ltr'><strong>intelligerent,</strong></span> <span class='ocrx_word' id='word_1_529' title='bbox 1270 1208 1319 1244; x_wconf 90' lang='lat' dir='ltr'><strong>qui</strong></span> <span class='ocrx_word' id='word_1_530' title='bbox 1332 1207 1492 1244; x_wconf 85' lang='lat' dir='ltr'><strong>parentibus</strong></span> <span class='ocrx_word' id='word_1_531' title='bbox 1507 1216 1564 1237; x_wconf 89' lang='lat' dir='ltr'><strong>non</strong></span> <span class='ocrx_word' id='word_1_532' title='bbox 1578 1209 1688 1237; x_wconf 91' lang='lat' dir='ltr'><strong>obtem-</strong></span> 
     </span>
    </p>
   </div>
   <div class='ocr_carea' id='block_1_79' title="bbox 892 1253 1005 1287">
    <p class='ocr_par' dir='ltr' id='par_1_79' title="bbox 892 1253 1005 1287">
     <span class='ocr_line' id='line_1_79' title="bbox 892 1253 1005 1287; baseline 0 -8"><span class='ocrx_word' id='word_1_533' title='bbox 892 1256 986 1287; x_wconf 87' lang='lat' dir='ltr'><strong>perant</strong></span> <span class='ocrx_word' id='word_1_534' title='bbox 993 1253 1005 1279; x_wconf 74' lang='grc' dir='ltr'><strong><em>Ρ</em></strong></span> 
     </span>
    </p>
   </div>
   <div class='ocr_carea' id='block_1_80' title="bbox 929 1296 1689 1333">
    <p class='ocr_par' dir='ltr' id='par_1_80' title="bbox 929 1296 1689 1333">
     <span class='ocr_line' id='line_1_80' title="bbox 929 1296 1689 1333; baseline 0.001 -8"><span class='ocrx_word' id='word_1_535' title='bbox 929 1308 942 1321; x_wconf 77' lang='grc' dir='ltr'><strong>σι</strong></span> <span class='ocrx_word' id='word_1_536' title='bbox 961 1296 1015 1333; x_wconf 74' lang='lat'><strong>16</strong></span> <span class='ocrx_word' id='word_1_537' title='bbox 1028 1298 1177 1326; x_wconf 88' lang='lat' dir='ltr'><strong>Pactorum</strong></span> <span class='ocrx_word' id='word_1_538' title='bbox 1190 1296 1343 1326; x_wconf 84' lang='lat' dir='ltr'><strong>violatores.</strong></span> <span class='ocrx_word' id='word_1_539' title='bbox 1359 1309 1373 1322; x_wconf 75' lang='grc' dir='ltr'><strong>ν</strong></span> <span class='ocrx_word' id='word_1_540' title='bbox 1388 1297 1450 1326; x_wconf 81' lang='lat' dir='ltr'><strong>Hoc</strong></span> <span class='ocrx_word' id='word_1_541' title='bbox 1464 1301 1516 1331; x_wconf 77' lang='lat' dir='ltr'><strong>est.</strong></span> <span class='ocrx_word' id='word_1_542' title='bbox 1530 1297 1558 1326; x_wconf 93' lang='lat' dir='ltr'><strong>in</strong></span> <span class='ocrx_word' id='word_1_543' title='bbox 1571 1306 1689 1326; x_wconf 85' lang='lat' dir='ltr'><strong>conven-</strong></span> 
     </span>
    </p>
   </div>
   <div class='ocr_carea' id='block_1_81' title="bbox 890 1341 1688 1378">
    <p class='ocr_par' dir='ltr' id='par_1_81' title="bbox 890 1341 1688 1378">
     <span class='ocr_line' id='line_1_81' title="bbox 890 1341 1688 1378; baseline 0.003 -9"><span class='ocrx_word' id='word_1_544' title='bbox 890 1341 1009 1370; x_wconf 87' lang='lat' dir='ltr'><strong>tionibus</strong></span> <span class='ocrx_word' id='word_1_545' title='bbox 1025 1346 1053 1370; x_wconf 91' lang='lat' dir='ltr'><strong>et</strong></span> <span class='ocrx_word' id='word_1_546' title='bbox 1064 1342 1151 1378; x_wconf 86' lang='lat' dir='ltr'><strong>pactis</strong></span> <span class='ocrx_word' id='word_1_547' title='bbox 1171 1351 1226 1370; x_wconf 94' lang='lat' dir='ltr'><strong>non</strong></span> <span class='ocrx_word' id='word_1_548' title='bbox 1241 1346 1446 1378; x_wconf 80' lang='lat' dir='ltr'><strong>permanentes,</strong></span> <span class='ocrx_word' id='word_1_549' title='bbox 1463 1342 1491 1371; x_wconf 90' lang='lat' dir='ltr'><strong>id</strong></span> <span class='ocrx_word' id='word_1_550' title='bbox 1508 1347 1562 1377; x_wconf 88' lang='lat' dir='ltr'><strong>est,</strong></span> <span class='ocrx_word' id='word_1_551' title='bbox 1575 1343 1688 1371; x_wconf 83' lang='lat' dir='ltr'><strong>inﬁdos.</strong></span> 
     </span>
    </p>
   </div>
   <div class='ocr_carea' id='block_1_82' title="bbox 927 1387 1686 1422">
    <p class='ocr_par' dir='ltr' id='par_1_82' title="bbox 927 1387 1686 1422">
     <span class='ocr_line' id='line_1_82' title="bbox 927 1387 1686 1422; baseline 0.003 -8"><span class='ocrx_word' id='word_1_552' title='bbox 927 1397 940 1411; x_wconf 73' lang='grc' dir='ltr'>ι</span> <span class='ocrx_word' id='word_1_553' title='bbox 962 1387 1162 1422; x_wconf 83' lang='lat' dir='ltr'><strong>lmplacabiles,</strong></span> <span class='ocrx_word' id='word_1_554' title='bbox 1188 1388 1246 1416; x_wconf 87' lang='lat' dir='ltr'><strong>sine</strong></span> <span class='ocrx_word' id='word_1_555' title='bbox 1263 1387 1422 1421; x_wconf 77' lang='lat' dir='ltr'><strong>affectione,</strong></span> <span class='ocrx_word' id='word_1_556' title='bbox 1445 1387 1504 1416; x_wconf 85' lang='lat' dir='ltr'><strong>sine</strong></span> <span class='ocrx_word' id='word_1_557' title='bbox 1527 1388 1686 1416; x_wconf 89' lang='lat' dir='ltr'><strong>misericor-</strong></span> 
     </span>
    </p>
   </div>
   <div class='ocr_carea' id='block_1_83' title="bbox 889 1430 1688 1468">
    <p class='ocr_par' dir='ltr' id='par_1_83' title="bbox 889 1430 1688 1468">
     <span class='ocr_line' id='line_1_83' title="bbox 889 1430 1688 1468; baseline 0.001 -9"><span class='ocrx_word' id='word_1_558' title='bbox 889 1430 943 1459; x_wconf 85' lang='lat' dir='ltr'><strong>dia.</strong></span> <span class='ocrx_word' id='word_1_559' title='bbox 968 1443 981 1456; x_wconf 80' lang='grc' dir='ltr'><strong>ιι</strong></span> <span class='ocrx_word' id='word_1_560' title='bbox 998 1431 1085 1460; x_wconf 83' lang='lat' dir='ltr'><strong>Radix</strong></span> <span class='ocrx_word' id='word_1_561' title='bbox 1100 1431 1227 1460; x_wconf 87' lang='lat' dir='ltr'><strong>omnium</strong></span> <span class='ocrx_word' id='word_1_562' title='bbox 1241 1431 1381 1460; x_wconf 88' lang='lat' dir='ltr'><strong>malorum</strong></span> <span class='ocrx_word' id='word_1_563' title='bbox 1400 1436 1443 1460; x_wconf 86' lang='lat' dir='ltr'><strong>est</strong></span> <span class='ocrx_word' id='word_1_564' title='bbox 1463 1432 1521 1468; x_wconf 90' lang='lat' dir='ltr'><strong>ipsa</strong></span> <span class='ocrx_word' id='word_1_565' title='bbox 1544 1431 1688 1460; x_wconf 80' lang='lat' dir='ltr'><strong>cliaritatis</strong></span> 
     </span>
    </p>
   </div>
   <div class='ocr_carea' id='block_1_84' title="bbox 888 1474 1687 1513">
    <p class='ocr_par' dir='ltr' id='par_1_84' title="bbox 888 1474 1687 1513">
     <span class='ocr_line' id='line_1_84' title="bbox 888 1474 1687 1513; baseline 0.001 -9"><span class='ocrx_word' id='word_1_566' title='bbox 888 1474 1025 1504; x_wconf 84' lang='lat' dir='ltr'><strong>refrixio:</strong></span> <span class='ocrx_word' id='word_1_567' title='bbox 1046 1476 1111 1504; x_wconf 87' lang='lat' dir='ltr'><strong>hinc</strong></span> <span class='ocrx_word' id='word_1_568' title='bbox 1124 1476 1198 1505; x_wconf 86' lang='lat' dir='ltr'><strong>enim</strong></span> <span class='ocrx_word' id='word_1_569' title='bbox 1213 1481 1256 1505; x_wconf 86' lang='lat' dir='ltr'><strong>est</strong></span> <span class='ocrx_word' id='word_1_570' title='bbox 1269 1476 1343 1513; x_wconf 90' lang='lat' dir='ltr'><strong>quod</strong></span> <span class='ocrx_word' id='word_1_571' title='bbox 1370 1477 1439 1505; x_wconf 77' lang='lat' dir='ltr'><strong>alter</strong></span> <span class='ocrx_word' id='word_1_572' title='bbox 1459 1476 1537 1505; x_wconf 84' lang='lat' dir='ltr'><strong>alteri</strong></span> <span class='ocrx_word' id='word_1_573' title='bbox 1561 1485 1618 1505; x_wconf 92' lang='lat' dir='ltr'><strong>non</strong></span> <span class='ocrx_word' id='word_1_574' title='bbox 1641 1485 1687 1506; x_wconf 87' lang='lat' dir='ltr'><strong>re—</strong></span> 
     </span>
    </p>
   </div>
   <div class='ocr_carea' id='block_1_85' title="bbox 891 1520 1687 1557">
    <p class='ocr_par' dir='ltr' id='par_1_85' title="bbox 891 1520 1687 1557">
     <span class='ocr_line' id='line_1_85' title="bbox 891 1520 1687 1557; baseline 0.001 -9"><span class='ocrx_word' id='word_1_575' title='bbox 891 1520 1063 1554; x_wconf 83' lang='lat' dir='ltr'><strong>concilietur,</strong></span> <span class='ocrx_word' id='word_1_576' title='bbox 1078 1521 1146 1549; x_wconf 81' lang='lat' dir='ltr'><strong>alter</strong></span> <span class='ocrx_word' id='word_1_577' title='bbox 1165 1521 1285 1550; x_wconf 91' lang='lat' dir='ltr'><strong>alterum</strong></span> <span class='ocrx_word' id='word_1_578' title='bbox 1299 1529 1355 1550; x_wconf 91' lang='lat' dir='ltr'><strong>non</strong></span> <span class='ocrx_word' id='word_1_579' title='bbox 1366 1521 1462 1557; x_wconf 85' lang='lat' dir='ltr'><strong>diligat</strong></span> <span class='ocrx_word' id='word_1_580' title='bbox 1478 1529 1535 1550; x_wconf 88' lang='lat' dir='ltr'><strong>non</strong></span> <span class='ocrx_word' id='word_1_581' title='bbox 1553 1521 1687 1550; x_wconf 82' lang='lat' dir='ltr'><strong>miserea-</strong></span> 
     </span>
    </p>
   </div>
   <div class='ocr_carea' id='block_1_86' title="bbox 1348 1565 1690 1601">
    <p class='ocr_par' dir='ltr' id='par_1_86' title="bbox 1348 1565 1690 1601">
     <span class='ocr_line' id='line_1_86' title="bbox 1348 1565 1690 1601; baseline 0.003 -8"><span class='ocrx_word' id='word_1_582' title='bbox 1348 1575 1355 1593; x_wconf 95' lang='lat'>:</span> <span class='ocrx_word' id='word_1_583' title='bbox 1370 1577 1384 1591; x_wconf 76' lang='grc' dir='ltr'><strong>α</strong></span> <span class='ocrx_word' id='word_1_584' title='bbox 1407 1566 1523 1601; x_wconf 87' lang='lat' dir='ltr'><strong>Quando</strong></span> <span class='ocrx_word' id='word_1_585' title='bbox 1537 1565 1690 1595; x_wconf 86' lang='lat' dir='ltr'><strong>abundabit</strong></span> 
     </span>
    </p>
   </div>
   <div class='ocr_carea' id='block_1_87' title="bbox 894 1610 1691 1647">
    <p class='ocr_par' dir='ltr' id='par_1_87' title="bbox 894 1610 1691 1647">
     <span class='ocr_line' id='line_1_87' title="bbox 894 1610 1691 1647; baseline 0.001 -9"><span class='ocrx_word' id='word_1_586' title='bbox 894 1610 1035 1646; x_wconf 81' lang='lat' dir='ltr'><strong>iniquitas,</strong></span> <span class='ocrx_word' id='word_1_587' title='bbox 1056 1610 1213 1647; x_wconf 85' lang='lat' dir='ltr'><strong>refrigescet</strong></span> <span class='ocrx_word' id='word_1_588' title='bbox 1233 1611 1362 1640; x_wconf 84' lang='lat' dir='ltr'><strong>charitas.</strong></span> <span class='ocrx_word' id='word_1_589' title='bbox 1387 1623 1400 1636; x_wconf 74' lang='grc' dir='ltr'><strong>ι</strong></span> <span class='ocrx_word' id='word_1_590' title='bbox 1417 1612 1503 1640; x_wconf 86' lang='lat' dir='ltr'><strong>Porro</strong></span> <span class='ocrx_word' id='word_1_591' title='bbox 1527 1615 1624 1640; x_wconf 86' lang='lat' dir='ltr'><strong>natura</strong></span> <span class='ocrx_word' id='word_1_592' title='bbox 1639 1618 1691 1639; x_wconf 85' lang='lat' dir='ltr'><strong>nos</strong></span> 
     </span>
    </p>
   </div>
   <div class='ocr_carea' id='block_1_88' title="bbox 894 1655 1688 1693">
    <p class='ocr_par' dir='ltr' id='par_1_88' title="bbox 894 1655 1688 1693">
     <span class='ocr_line' id='line_1_88' title="bbox 894 1655 1688 1693; baseline 0.003 -10"><span class='ocrx_word' id='word_1_593' title='bbox 894 1655 967 1683; x_wconf 90' lang='lat' dir='ltr'><strong>inter</strong></span> <span class='ocrx_word' id='word_1_594' title='bbox 986 1663 1037 1683; x_wconf 88' lang='lat' dir='ltr'><strong>nos</strong></span> <span class='ocrx_word' id='word_1_595' title='bbox 1054 1655 1236 1692; x_wconf 87' lang='lat' dir='ltr'><strong>conglutinat,</strong></span> <span class='ocrx_word' id='word_1_596' title='bbox 1257 1661 1338 1693; x_wconf 85' lang='lat' dir='ltr'><strong>atque</strong></span> <span class='ocrx_word' id='word_1_597' title='bbox 1355 1664 1387 1684; x_wconf 90' lang='lat' dir='ltr'><strong>ac</strong></span> <span class='ocrx_word' id='word_1_598' title='bbox 1405 1655 1507 1692; x_wconf 86' lang='lat' dir='ltr'><strong>reliqua</strong></span> <span class='ocrx_word' id='word_1_599' title='bbox 1526 1655 1655 1685; x_wconf 86' lang='lat' dir='ltr'><strong>animalia</strong></span> <span class='ocrx_word' id='word_1_600' title='bbox 1681 1665 1688 1684; x_wconf 93' lang='lat'><strong><em>:</em></strong></span> 
     </span>
    </p>
   </div>
   <div class='ocr_carea' id='block_1_89' title="bbox 893 1699 1464 1737">
    <p class='ocr_par' dir='ltr' id='par_1_89' title="bbox 893 1699 1464 1737">
     <span class='ocr_line' id='line_1_89' title="bbox 893 1699 1464 1737; baseline 0.002 -9"><span class='ocrx_word' id='word_1_601' title='bbox 893 1707 990 1728; x_wconf 84' lang='lat' dir='ltr'><strong>verum</strong></span> <span class='ocrx_word' id='word_1_602' title='bbox 1003 1699 1130 1729; x_wconf 84' lang='lat' dir='ltr'><strong>homines</strong></span> <span class='ocrx_word' id='word_1_603' title='bbox 1145 1708 1242 1737; x_wconf 87' lang='lat' dir='ltr'><strong>parum</strong></span> <span class='ocrx_word' id='word_1_604' title='bbox 1256 1701 1464 1729; x_wconf 82' lang='lat' dir='ltr'><strong>intellexerunt.</strong></span> 
     </span>
    </p>
   </div>
   <div class='ocr_carea' id='block_1_90' title="bbox 929 1745 1688 1783">
    <p class='ocr_par' dir='ltr' id='par_1_90' title="bbox 929 1745 1688 1783">
     <span class='ocr_line' id='line_1_90' title="bbox 929 1745 1688 1783; baseline 0.001 -10"><span class='ocrx_word' id='word_1_605' title='bbox 929 1746 1014 1773; x_wconf 71' lang='lat' dir='ltr'><strong>Vitas.</strong></span> <span class='ocrx_word' id='word_1_606' title='bbox 1029 1747 1074 1773; x_wconf 80' lang='lat'><strong>32.</strong></span> <span class='ocrx_word' id='word_1_607' title='bbox 1089 1756 1102 1770; x_wconf 74' lang='grc' dir='ltr'><strong>α</strong></span> <span class='ocrx_word' id='word_1_608' title='bbox 1119 1745 1172 1780; x_wconf 85' lang='lat' dir='ltr'><strong>Qui</strong></span> <span class='ocrx_word' id='word_1_609' title='bbox 1191 1753 1255 1774; x_wconf 90' lang='lat' dir='ltr'><strong>cum</strong></span> <span class='ocrx_word' id='word_1_610' title='bbox 1265 1745 1404 1782; x_wconf 85' lang='lat' dir='ltr'><strong>justitiam</strong></span> <span class='ocrx_word' id='word_1_611' title='bbox 1415 1746 1466 1774; x_wconf 91' lang='lat' dir='ltr'><strong>Dei</strong></span> <span class='ocrx_word' id='word_1_612' title='bbox 1481 1747 1688 1783; x_wconf 79' lang='lat' dir='ltr'><strong>cognovissent,</strong></span> 
     </span>
    </p>
   </div>
   <div class='ocr_carea' id='block_1_91' title="bbox 891 1789 1688 1827">
    <p class='ocr_par' dir='ltr' id='par_1_91' title="bbox 891 1789 1688 1827">
     <span class='ocr_line' id='line_1_91' title="bbox 891 1789 1688 1827; baseline 0.003 -9"><span class='ocrx_word' id='word_1_613' title='bbox 891 1789 966 1827; x_wconf 90' lang='lat' dir='ltr'><strong>quod</strong></span> <span class='ocrx_word' id='word_1_614' title='bbox 986 1789 1033 1826; x_wconf 88' lang='lat' dir='ltr'><strong>qui</strong></span> <span class='ocrx_word' id='word_1_615' title='bbox 1047 1790 1111 1818; x_wconf 85' lang='lat' dir='ltr'><strong>talia</strong></span> <span class='ocrx_word' id='word_1_616' title='bbox 1131 1790 1243 1824; x_wconf 85' lang='lat' dir='ltr'><strong>faciunt,</strong></span> <span class='ocrx_word' id='word_1_617' title='bbox 1258 1791 1335 1827; x_wconf 89' lang='lat' dir='ltr'><strong>digni</strong></span> <span class='ocrx_word' id='word_1_618' title='bbox 1356 1791 1413 1819; x_wconf 89' lang='lat' dir='ltr'><strong>sint</strong></span> <span class='ocrx_word' id='word_1_619' title='bbox 1430 1795 1520 1820; x_wconf 80' lang='lat' dir='ltr'><strong>morte</strong></span> <span class='ocrx_word' id='word_1_620' title='bbox 1537 1801 1544 1820; x_wconf 91' lang='lat'><strong>:</strong></span> <span class='ocrx_word' id='word_1_621' title='bbox 1570 1799 1628 1820; x_wconf 90' lang='lat' dir='ltr'><strong>non</strong></span> <span class='ocrx_word' id='word_1_622' title='bbox 1643 1799 1688 1820; x_wconf 87' lang='lat' dir='ltr'><strong>so-</strong></span> 
     </span>
    </p>
   </div>
   <div class='ocr_carea' id='block_1_92' title="bbox 892 1833 1689 1872">
    <p class='ocr_par' dir='ltr' id='par_1_92' title="bbox 892 1833 1689 1872">
     <span class='ocr_line' id='line_1_92' title="bbox 892 1833 1689 1872; baseline 0.003 -10"><span class='ocrx_word' id='word_1_623' title='bbox 892 1834 950 1862; x_wconf 91' lang='lat' dir='ltr'><strong>lum</strong></span> <span class='ocrx_word' id='word_1_624' title='bbox 964 1842 996 1863; x_wconf 90' lang='lat' dir='ltr'><strong>ea</strong></span> <span class='ocrx_word' id='word_1_625' title='bbox 1015 1833 1130 1868; x_wconf 85' lang='lat' dir='ltr'><strong>faciunt,</strong></span> <span class='ocrx_word' id='word_1_626' title='bbox 1152 1843 1252 1863; x_wconf 85' lang='lat' dir='ltr'><strong>verum</strong></span> <span class='ocrx_word' id='word_1_627' title='bbox 1275 1835 1357 1863; x_wconf 87' lang='lat' dir='ltr'><strong>etiam</strong></span> <span class='ocrx_word' id='word_1_628' title='bbox 1372 1835 1559 1864; x_wconf 85' lang='lat' dir='ltr'><strong>assentiuntur</strong></span> <span class='ocrx_word' id='word_1_629' title='bbox 1580 1836 1615 1864; x_wconf 86' lang='lat' dir='ltr'><strong>iis</strong></span> <span class='ocrx_word' id='word_1_630' title='bbox 1639 1835 1689 1872; x_wconf 89' lang='lat' dir='ltr'><strong>qui</strong></span> 
     </span>
    </p>
   </div>
   <div class='ocr_carea' id='block_1_93' title="bbox 892 1878 1689 1917">
    <p class='ocr_par' dir='ltr' id='par_1_93' title="bbox 892 1878 1689 1917">
     <span class='ocr_line' id='line_1_93' title="bbox 892 1878 1689 1917; baseline 0.001 -10"><span class='ocrx_word' id='word_1_631' title='bbox 892 1878 1024 1908; x_wconf 81' lang='lat' dir='ltr'><strong>faciunt.-</strong></span> <span class='ocrx_word' id='word_1_632' title='bbox 1038 1880 1241 1908; x_wconf 84' lang='lat' dir='ltr'><strong>Demonstravit</strong></span> <span class='ocrx_word' id='word_1_633' title='bbox 1255 1879 1330 1916; x_wconf 91' lang='lat' dir='ltr'><strong>quod</strong></span> <span class='ocrx_word' id='word_1_634' title='bbox 1351 1880 1414 1915; x_wconf 86' lang='lat' dir='ltr'><strong>quia</strong></span> <span class='ocrx_word' id='word_1_635' title='bbox 1435 1880 1585 1908; x_wconf 85' lang='lat' dir='ltr'><strong>noluerunt</strong></span> <span class='ocrx_word' id='word_1_636' title='bbox 1602 1887 1689 1917; x_wconf 85' lang='lat' dir='ltr'><strong>agno-</strong></span> 
     </span>
    </p>
   </div>
   <div class='ocr_carea' id='block_1_94' title="bbox 890 1924 1689 1960">
    <p class='ocr_par' dir='ltr' id='par_1_94' title="bbox 890 1924 1689 1960">
     <span class='ocr_line' id='line_1_94' title="bbox 890 1924 1689 1960; baseline 0 -8"><span class='ocrx_word' id='word_1_637' title='bbox 890 1931 967 1953; x_wconf 83' lang='lat' dir='ltr'><strong>scere</strong></span> <span class='ocrx_word' id='word_1_638' title='bbox 991 1925 1092 1959; x_wconf 89' lang='lat' dir='ltr'><strong>Deum,</strong></span> <span class='ocrx_word' id='word_1_639' title='bbox 1114 1924 1210 1960; x_wconf 87' lang='lat' dir='ltr'><strong>repleti</strong></span> <span class='ocrx_word' id='word_1_640' title='bbox 1231 1924 1287 1953; x_wconf 84' lang='lat' dir='ltr'><strong>sint</strong></span> <span class='ocrx_word' id='word_1_641' title='bbox 1307 1924 1384 1952; x_wconf 90' lang='lat' dir='ltr'><strong>omni</strong></span> <span class='ocrx_word' id='word_1_642' title='bbox 1405 1924 1530 1953; x_wconf 87' lang='lat' dir='ltr'><strong>malitia:</strong></span> <span class='ocrx_word' id='word_1_643' title='bbox 1549 1932 1624 1952; x_wconf 90' lang='lat' dir='ltr'><strong>nunc</strong></span> <span class='ocrx_word' id='word_1_644' title='bbox 1641 1924 1689 1952; x_wconf 87' lang='lat' dir='ltr'><strong>de-</strong></span> 
     </span>
    </p>
   </div>
   <div class='ocr_carea' id='block_1_95' title="bbox 891 1968 1689 2006">
    <p class='ocr_par' dir='ltr' id='par_1_95' title="bbox 891 1968 1689 2006">
     <span class='ocr_line' id='line_1_95' title="bbox 891 1968 1689 2006; baseline 0 -9"><span class='ocrx_word' id='word_1_645' title='bbox 891 1973 1027 1998; x_wconf 88' lang='lat' dir='ltr'><strong>monstrat</strong></span> <span class='ocrx_word' id='word_1_646' title='bbox 1050 1977 1140 2006; x_wconf 87' lang='lat' dir='ltr'><strong>neque</strong></span> <span class='ocrx_word' id='word_1_647' title='bbox 1165 1969 1244 1997; x_wconf 84' lang='lat' dir='ltr'><strong>venia</strong></span> <span class='ocrx_word' id='word_1_648' title='bbox 1259 1977 1307 1998; x_wconf 85' lang='lat' dir='ltr'><strong>eos</strong></span> <span class='ocrx_word' id='word_1_649' title='bbox 1327 1977 1386 1998; x_wconf 89' lang='lat' dir='ltr'><strong>esse</strong></span> <span class='ocrx_word' id='word_1_650' title='bbox 1405 1968 1511 2006; x_wconf 84' lang='lat' dir='ltr'><strong>dignos.</strong></span> <span class='ocrx_word' id='word_1_651' title='bbox 1535 1969 1599 1997; x_wconf 86' lang='lat' dir='ltr'><strong>Non</strong></span> <span class='ocrx_word' id='word_1_652' title='bbox 1613 1969 1689 1997; x_wconf 89' lang='lat' dir='ltr'><strong>enim</strong></span> 
     </span>
    </p>
   </div>
   <div class='ocr_carea' id='block_1_96' title="bbox 891 2013 1685 2051">
    <p class='ocr_par' dir='ltr' id='par_1_96' title="bbox 891 2013 1685 2051">
     <span class='ocr_line' id='line_1_96' title="bbox 891 2013 1685 2051; baseline 0 -9"><span class='ocrx_word' id='word_1_653' title='bbox 891 2013 979 2043; x_wconf 89' lang='lat' dir='ltr'><strong>dicere</strong></span> <span class='ocrx_word' id='word_1_654' title='bbox 986 2019 1110 2051; x_wconf 85' lang='lat' dir='ltr'><strong>possunt,</strong></span> <span class='ocrx_word' id='word_1_655' title='bbox 1121 2015 1229 2043; x_wconf 86' lang='lat' dir='ltr'><strong>Bonum</strong></span> <span class='ocrx_word' id='word_1_656' title='bbox 1238 2014 1427 2050; x_wconf 86' lang='lat' dir='ltr'><strong>ignoravimus</strong></span> <span class='ocrx_word' id='word_1_657' title='bbox 1438 2023 1444 2040; x_wconf 95' lang='lat'>:</span> <span class='ocrx_word' id='word_1_658' title='bbox 1453 2018 1558 2042; x_wconf 90' lang='lat' dir='ltr'><strong>norunt</strong></span> <span class='ocrx_word' id='word_1_659' title='bbox 1566 2021 1685 2050; x_wconf 87' lang='lat' dir='ltr'><strong>namque</strong></span> 
     </span>
    </p>
   </div>
   <div class='ocr_carea' id='block_1_97' title="bbox 887 2058 1684 2096">
    <p class='ocr_par' dir='ltr' id='par_1_97' title="bbox 887 2058 1684 2096">
     <span class='ocr_line' id='line_1_97' title="bbox 887 2058 1684 2096; baseline 0 -9"><span class='ocrx_word' id='word_1_660' title='bbox 887 2059 1025 2095; x_wconf 84' lang='lat' dir='ltr'><strong>justitiam</strong></span> <span class='ocrx_word' id='word_1_661' title='bbox 1045 2059 1109 2088; x_wconf 90' lang='lat' dir='ltr'><strong>Dei.</strong></span> <span class='ocrx_word' id='word_1_662' title='bbox 1133 2060 1188 2088; x_wconf 88' lang='lat' dir='ltr'><strong>Sua</strong></span> <span class='ocrx_word' id='word_1_663' title='bbox 1201 2063 1300 2096; x_wconf 86' lang='lat' dir='ltr'><strong>sponte</strong></span> <span class='ocrx_word' id='word_1_664' title='bbox 1316 2059 1409 2096; x_wconf 83' lang='lat' dir='ltr'><strong>itaque</strong></span> <span class='ocrx_word' id='word_1_665' title='bbox 1426 2058 1544 2094; x_wconf 85' lang='lat' dir='ltr'><strong>faciunt,</strong></span> <span class='ocrx_word' id='word_1_666' title='bbox 1565 2067 1597 2087; x_wconf 90' lang='lat' dir='ltr'><strong>ac</strong></span> <span class='ocrx_word' id='word_1_667' title='bbox 1609 2058 1684 2096; x_wconf 87' lang='lat' dir='ltr'><strong>quod</strong></span> 
     </span>
    </p>
   </div>
   <div class='ocr_carea' id='block_1_98' title="bbox 890 2103 1688 2141">
    <p class='ocr_par' dir='ltr' id='par_1_98' title="bbox 890 2103 1688 2141">
     <span class='ocr_line' id='line_1_98' title="bbox 890 2103 1688 2141; baseline 0 -9"><span class='ocrx_word' id='word_1_668' title='bbox 890 2103 1010 2133; x_wconf 87' lang='lat' dir='ltr'><strong>deterius</strong></span> <span class='ocrx_word' id='word_1_669' title='bbox 1020 2108 1073 2139; x_wconf 88' lang='lat' dir='ltr'><strong>est,</strong></span> <span class='ocrx_word' id='word_1_670' title='bbox 1098 2104 1210 2141; x_wconf 89' lang='lat' dir='ltr'><strong>insuper</strong></span> <span class='ocrx_word' id='word_1_671' title='bbox 1223 2108 1252 2133; x_wconf 89' lang='lat' dir='ltr'><strong>et</strong></span> <span class='ocrx_word' id='word_1_672' title='bbox 1265 2104 1420 2140; x_wconf 87' lang='lat' dir='ltr'><strong>approbant</strong></span> <span class='ocrx_word' id='word_1_673' title='bbox 1440 2111 1487 2133; x_wconf 87' lang='lat' dir='ltr'><strong>eos</strong></span> <span class='ocrx_word' id='word_1_674' title='bbox 1499 2104 1547 2141; x_wconf 82' lang='lat' dir='ltr'><strong>qui</strong></span> <span class='ocrx_word' id='word_1_675' title='bbox 1572 2103 1688 2138; x_wconf 79' lang='lat' dir='ltr'><strong>faciunt,</strong></span> 
     </span>
    </p>
   </div>
   <div class='ocr_carea' id='block_1_99' title="bbox 853 2147 1691 2198">
    <p class='ocr_par' dir='ltr' id='par_1_99' title="bbox 853 2147 1691 2198">
     <span class='ocr_line' id='line_1_99' title="bbox 853 2147 1691 2198; baseline -0.001 -20"><span class='ocrx_word' id='word_1_676' title='bbox 853 2166 880 2198; x_wconf 72' lang='grc' dir='ltr'><strong>ι)</strong></span> <span class='ocrx_word' id='word_1_677' title='bbox 893 2147 946 2178; x_wconf 87' lang='lat' dir='ltr'><strong>hoc</strong></span> <span class='ocrx_word' id='word_1_678' title='bbox 968 2153 1026 2183; x_wconf 86' lang='lat' dir='ltr'><strong>est,</strong></span> <span class='ocrx_word' id='word_1_679' title='bbox 1040 2149 1258 2198; x_wconf 68' lang='lat' dir='ltr'><strong>patrocinantur</strong></span> <span class='ocrx_word' id='word_1_680' title='bbox 1288 2148 1414 2184; x_wconf 67' lang='lat' dir='ltr'><strong>malitiae,</strong></span> <span class='ocrx_word' id='word_1_681' title='bbox 1438 2149 1486 2186; x_wconf 90' lang='lat' dir='ltr'><strong>qui</strong></span> <span class='ocrx_word' id='word_1_682' title='bbox 1503 2148 1618 2178; x_wconf 86' lang='lat' dir='ltr'><strong>morbus</strong></span> <span class='ocrx_word' id='word_1_683' title='bbox 1649 2152 1691 2177; x_wconf 86' lang='lat' dir='ltr'><strong>est</strong></span> 
     </span>
    </p>
   </div>
   <div class='ocr_carea' id='block_1_100' title="bbox 894 2193 1113 2223">
    <p class='ocr_par' dir='ltr' id='par_1_100' title="bbox 894 2193 1113 2223">
     <span class='ocr_line' id='line_1_100' title="bbox 894 2193 1113 2223; baseline 0 -1"><span class='ocrx_word' id='word_1_684' title='bbox 894 2193 1113 2223; x_wconf 87' lang='lat' dir='ltr'><strong>immedicabilis.</strong></span> 
     </span>
    </p>
   </div>
   <div class='ocr_carea' id='block_1_101' title="bbox 1205 2253 1373 2282">
    <p class='ocr_par' dir='ltr' id='par_1_101' title="bbox 1205 2253 1373 2282">
     <span class='ocr_line' id='line_1_101' title="bbox 1205 2253 1373 2282; baseline -0.006 -1"><span class='ocrx_word' id='word_1_685' title='bbox 1205 2253 1326 2282; x_wconf 79' lang='lat' dir='ltr'><strong>CAPUT</strong></span> <span class='ocrx_word' id='word_1_686' title='bbox 1336 2253 1373 2281; x_wconf 86' lang='grc' dir='ltr'><strong>ΙΙ.</strong></span> 
     </span>
    </p>
   </div>
   <div class='ocr_carea' id='block_1_102' title="bbox 929 2309 1689 2347">
    <p class='ocr_par' dir='ltr' id='par_1_102' title="bbox 929 2309 1689 2347">
     <span class='ocr_line' id='line_1_102' title="bbox 929 2309 1689 2347; baseline -0.001 -8"><span class='ocrx_word' id='word_1_687' title='bbox 929 2311 1018 2339; x_wconf 76' lang='lat' dir='ltr'><strong>Vnus.</strong></span> <span class='ocrx_word' id='word_1_688' title='bbox 1034 2312 1061 2338; x_wconf 82' lang='grc'><strong>1.</strong></span> <span class='ocrx_word' id='word_1_689' title='bbox 1074 2320 1087 2335; x_wconf 77' lang='grc' dir='ltr'><strong>ι</strong></span> <span class='ocrx_word' id='word_1_690' title='bbox 1096 2310 1212 2346; x_wconf 81' lang='lat' dir='ltr'><strong>Propter</strong></span> <span class='ocrx_word' id='word_1_691' title='bbox 1225 2310 1302 2347; x_wconf 85' lang='lat' dir='ltr'><strong>quod</strong></span> <span class='ocrx_word' id='word_1_692' title='bbox 1317 2310 1510 2339; x_wconf 82' lang='lat' dir='ltr'><strong>inexcusabilis</strong></span> <span class='ocrx_word' id='word_1_693' title='bbox 1526 2317 1566 2345; x_wconf 87' lang='lat' dir='ltr'><strong>es,</strong></span> <span class='ocrx_word' id='word_1_694' title='bbox 1576 2316 1593 2338; x_wconf 90' lang='grc' dir='ltr'><strong>ο</strong></span> <span class='ocrx_word' id='word_1_695' title='bbox 1603 2309 1689 2339; x_wconf 87' lang='lat' dir='ltr'><strong>homo</strong></span> 
     </span>
    </p>
   </div>
   <div class='ocr_carea' id='block_1_103' title="bbox 894 2353 1691 2392">
    <p class='ocr_par' dir='ltr' id='par_1_103' title="bbox 894 2353 1691 2392">
     <span class='ocr_line' id='line_1_103' title="bbox 894 2353 1691 2392; baseline -0.001 -9"><span class='ocrx_word' id='word_1_696' title='bbox 894 2355 996 2390; x_wconf 85' lang='lat' dir='ltr'><strong>omnis,</strong></span> <span class='ocrx_word' id='word_1_697' title='bbox 1021 2355 1069 2392; x_wconf 84' lang='lat' dir='ltr'><strong>qui</strong></span> <span class='ocrx_word' id='word_1_698' title='bbox 1095 2355 1213 2391; x_wconf 87' lang='lat' dir='ltr'><strong>judicas.</strong></span> <span class='ocrx_word' id='word_1_699' title='bbox 1240 2357 1272 2383; x_wconf 85' lang='lat' dir='ltr'><strong>In</strong></span> <span class='ocrx_word' id='word_1_700' title='bbox 1287 2363 1343 2391; x_wconf 89' lang='lat' dir='ltr'><strong>quo</strong></span> <span class='ocrx_word' id='word_1_701' title='bbox 1368 2355 1444 2384; x_wconf 89' lang='lat' dir='ltr'><strong>enim</strong></span> <span class='ocrx_word' id='word_1_702' title='bbox 1469 2353 1579 2392; x_wconf 86' lang='lat' dir='ltr'><strong>judicas</strong></span> <span class='ocrx_word' id='word_1_703' title='bbox 1597 2354 1691 2389; x_wconf 83' lang='lat' dir='ltr'><strong>alium,</strong></span> 
     </span>
    </p>
   </div>
   <div class='ocr_carea' id='block_1_104' title="bbox 894 2398 1689 2437">
    <p class='ocr_par' dir='ltr' id='par_1_104' title="bbox 894 2398 1689 2437">
     <span class='ocr_line' id='line_1_104' title="bbox 894 2398 1689 2437; baseline -0.001 -9"><span class='ocrx_word' id='word_1_704' title='bbox 894 2400 1014 2436; x_wconf 88' lang='lat' dir='ltr'><strong>teipsum</strong></span> <span class='ocrx_word' id='word_1_705' title='bbox 1023 2399 1206 2428; x_wconf 80' lang='lat' dir='ltr'><strong>condemnas:</strong></span> <span class='ocrx_word' id='word_1_706' title='bbox 1219 2399 1318 2428; x_wconf 89' lang='lat' dir='ltr'><strong>eadem</strong></span> <span class='ocrx_word' id='word_1_707' title='bbox 1325 2399 1401 2428; x_wconf 91' lang='lat' dir='ltr'><strong>enim</strong></span> <span class='ocrx_word' id='word_1_708' title='bbox 1410 2400 1478 2437; x_wconf 85' lang='lat' dir='ltr'><strong>agis,</strong></span> <span class='ocrx_word' id='word_1_709' title='bbox 1489 2399 1536 2436; x_wconf 91' lang='lat' dir='ltr'><strong>qui</strong></span> <span class='ocrx_word' id='word_1_710' title='bbox 1543 2398 1667 2436; x_wconf 82' lang='lat' dir='ltr'><strong>judicas.</strong></span> <span class='ocrx_word' id='word_1_711' title='bbox 1675 2409 1689 2427; x_wconf 75' lang='grc' dir='ltr'><strong><em>ι</em></strong></span> 
     </span>
    </p>
   </div>
   <div class='ocr_carea' id='block_1_105' title="bbox 893 2444 1692 2481">
    <p class='ocr_par' dir='ltr' id='par_1_105' title="bbox 893 2444 1692 2481">
     <span class='ocr_line' id='line_1_105' title="bbox 893 2444 1692 2481; baseline -0.001 -8"><span class='ocrx_word' id='word_1_712' title='bbox 893 2444 1124 2481; x_wconf 87' lang='lat' dir='ltr'><strong>Quandoquidem</strong></span> <span class='ocrx_word' id='word_1_713' title='bbox 1135 2444 1307 2474; x_wconf 83' lang='lat' dir='ltr'><strong>diversarum</strong></span> <span class='ocrx_word' id='word_1_714' title='bbox 1321 2444 1410 2474; x_wconf 85' lang='lat' dir='ltr'><strong>simus</strong></span> <span class='ocrx_word' id='word_1_715' title='bbox 1426 2444 1630 2473; x_wconf 84' lang='lat' dir='ltr'><strong>sententiarum</strong></span> <span class='ocrx_word' id='word_1_716' title='bbox 1639 2452 1692 2473; x_wconf 86' lang='lat' dir='ltr'><strong>nos</strong></span> 
     </span>
    </p>
   </div>
   <div class='ocr_carea' id='block_1_106' title="bbox 895 2489 1693 2526">
    <p class='ocr_par' dir='ltr' id='par_1_106' title="bbox 895 2489 1693 2526">
     <span class='ocr_line' id='line_1_106' title="bbox 895 2489 1693 2526; baseline -0.001 -8"><span class='ocrx_word' id='word_1_717' title='bbox 895 2489 1032 2524; x_wconf 85' lang='lat' dir='ltr'><strong>homines,</strong></span> <span class='ocrx_word' id='word_1_718' title='bbox 1046 2489 1113 2518; x_wconf 85' lang='lat' dir='ltr'><strong>alias</strong></span> <span class='ocrx_word' id='word_1_719' title='bbox 1126 2490 1199 2518; x_wconf 86' lang='lat' dir='ltr'><strong>malo</strong></span> <span class='ocrx_word' id='word_1_720' title='bbox 1225 2489 1439 2526; x_wconf 74' lang='lat' dir='ltr'><strong>patrocinantes,</strong></span> <span class='ocrx_word' id='word_1_721' title='bbox 1455 2490 1521 2518; x_wconf 89' lang='lat' dir='ltr'><strong>alias</strong></span> <span class='ocrx_word' id='word_1_722' title='bbox 1538 2489 1693 2518; x_wconf 86' lang='lat' dir='ltr'><strong>alienorum</strong></span> 
     </span>
    </p>
   </div>
   <div class='ocr_carea' id='block_1_107' title="bbox 890 2533 1693 2571">
    <p class='ocr_par' dir='ltr' id='par_1_107' title="bbox 890 2533 1693 2571">
     <span class='ocr_line' id='line_1_107' title="bbox 890 2533 1693 2571; baseline -0.002 -8"><span class='ocrx_word' id='word_1_723' title='bbox 890 2533 996 2571; x_wconf 79' lang='lat' dir='ltr'><strong>judices</strong></span> <span class='ocrx_word' id='word_1_724' title='bbox 1005 2535 1144 2563; x_wconf 85' lang='lat' dir='ltr'><strong>malorum</strong></span> <span class='ocrx_word' id='word_1_725' title='bbox 1157 2534 1294 2569; x_wconf 81' lang='lat' dir='ltr'><strong>sedentes,</strong></span> <span class='ocrx_word' id='word_1_726' title='bbox 1317 2535 1419 2563; x_wconf 90' lang='lat' dir='ltr'><strong>similes</strong></span> <span class='ocrx_word' id='word_1_727' title='bbox 1434 2534 1513 2563; x_wconf 86' lang='lat' dir='ltr'><strong>nobis</strong></span> <span class='ocrx_word' id='word_1_728' title='bbox 1524 2534 1693 2562; x_wconf 85' lang='lat' dir='ltr'><strong>condemne-</strong></span> 
     </span>
    </p>
   </div>
   <div class='ocr_carea' id='block_1_108' title="bbox 893 2579 1693 2616">
    <p class='ocr_par' dir='ltr' id='par_1_108' title="bbox 893 2579 1693 2616">
     <span class='ocr_line' id='line_1_108' title="bbox 893 2579 1693 2616; baseline -0.003 -9"><span class='ocrx_word' id='word_1_729' title='bbox 893 2587 955 2607; x_wconf 88' lang='lat' dir='ltr'><strong>mus</strong></span> <span class='ocrx_word' id='word_1_730' title='bbox 975 2590 981 2608; x_wconf 94' lang='lat'><strong>:</strong></span> <span class='ocrx_word' id='word_1_731' title='bbox 998 2579 1074 2616; x_wconf 84' lang='lat' dir='ltr'><strong>prius</strong></span> <span class='ocrx_word' id='word_1_732' title='bbox 1087 2579 1200 2616; x_wconf 85' lang='lat' dir='ltr'><strong>quidem</strong></span> <span class='ocrx_word' id='word_1_733' title='bbox 1213 2579 1284 2609; x_wconf 78' lang='lat' dir='ltr'><strong>dixit</strong></span> <span class='ocrx_word' id='word_1_734' title='bbox 1299 2579 1333 2609; x_wconf 86' lang='lat' dir='ltr'><strong>de</strong></span> <span class='ocrx_word' id='word_1_735' title='bbox 1350 2579 1587 2608; x_wconf 83' lang='lat' dir='ltr'><strong>consentientibus</strong></span> <span class='ocrx_word' id='word_1_736' title='bbox 1602 2584 1693 2615; x_wconf 63' lang='lat' dir='ltr'><strong>prava:</strong></span> 
     </span>
    </p>
   </div>
   <div class='ocr_carea' id='block_1_109' title="bbox 892 2622 1693 2662">
    <p class='ocr_par' dir='ltr' id='par_1_109' title="bbox 892 2622 1693 2662">
     <span class='ocr_line' id='line_1_109' title="bbox 892 2622 1693 2662; baseline -0.002 -9"><span class='ocrx_word' id='word_1_737' title='bbox 892 2624 1045 2660; x_wconf 85' lang='lat' dir='ltr'><strong>operationi</strong></span> <span class='ocrx_word' id='word_1_738' title='bbox 1061 2633 1068 2653; x_wconf 90' lang='lat'><strong>:</strong></span> <span class='ocrx_word' id='word_1_739' title='bbox 1082 2633 1156 2654; x_wconf 85' lang='lat' dir='ltr'><strong>nunc</strong></span> <span class='ocrx_word' id='word_1_740' title='bbox 1170 2632 1236 2654; x_wconf 78' lang='lat' dir='ltr'><strong>vero</strong></span> <span class='ocrx_word' id='word_1_741' title='bbox 1251 2625 1285 2655; x_wconf 84' lang='lat' dir='ltr'><strong>de</strong></span> <span class='ocrx_word' id='word_1_742' title='bbox 1304 2624 1452 2662; x_wconf 75' lang='lat' dir='ltr'><strong>iudicando</strong></span> <span class='ocrx_word' id='word_1_743' title='bbox 1466 2631 1628 2653; x_wconf 85' lang='lat' dir='ltr'><strong>sermonem</strong></span> <span class='ocrx_word' id='word_1_744' title='bbox 1649 2622 1693 2651; x_wconf 78' lang='lat' dir='ltr'><strong>ta-</strong></span> 
     </span>
    </p>
   </div>
   <div class='ocr_carea' id='block_1_110' title="bbox 739 2732 1002 2766">
    <p class='ocr_par' dir='ltr' id='par_1_110' title="bbox 739 2732 1002 2766">
     <span class='ocr_line' id='line_1_110' title="bbox 739 2732 1002 2766; baseline 0.008 -2"><span class='ocrx_word' id='word_1_745' title='bbox 739 2732 834 2766; x_wconf 77' lang='lat' dir='ltr'><strong>Varias</strong></span> <span class='ocrx_word' id='word_1_746' title='bbox 853 2733 1002 2766; x_wconf 84' lang='lat' dir='ltr'><strong>lectiones.</strong></span> 
     </span>
    </p>
   </div>
   <div class='ocr_carea' id='block_1_111' title="bbox 78 2781 1695 2821">
    <p class='ocr_par' dir='ltr' id='par_1_111' title="bbox 78 2781 1695 2821">
     <span class='ocr_line' id='line_1_111' title="bbox 78 2781 1695 2821; baseline 0.001 -13"><span class='ocrx_word' id='word_1_747' title='bbox 78 2781 101 2798; x_wconf 84' lang='grc'><strong>⁵⁸</strong></span> <span class='ocrx_word' id='word_1_748' title='bbox 128 2781 168 2808; x_wconf 75' lang='grc' dir='ltr'><strong>ὅτι</strong></span> <span class='ocrx_word' id='word_1_749' title='bbox 195 2781 359 2818; x_wconf 78' lang='grc' dir='ltr'>δπερηφάνεια</span> <span class='ocrx_word' id='word_1_750' title='bbox 383 2790 422 2812; x_wconf 89' lang='lat' dir='ltr'><strong>m.</strong></span> <span class='ocrx_word' id='word_1_751' title='bbox 461 2782 522 2801; x_wconf 69' lang='lat'><strong>&#39;7&#39;”</strong></span> <span class='ocrx_word' id='word_1_752' title='bbox 547 2782 564 2817; x_wconf 76' lang='grc' dir='ltr'>ἢ</span> <span class='ocrx_word' id='word_1_753' title='bbox 592 2783 658 2819; x_wconf 61' lang='grc' dir='ltr'>τάλα</span> <span class='ocrx_word' id='word_1_754' title='bbox 680 2784 722 2810; x_wconf 76' lang='grc' dir='ltr'>καὶ</span> <span class='ocrx_word' id='word_1_755' title='bbox 739 2791 767 2812; x_wconf 91' lang='lat' dir='ltr'><strong>o.</strong></span> <span class='ocrx_word' id='word_1_756' title='bbox 804 2783 827 2802; x_wconf 76' lang='lat'><strong><em>“</em></strong></span> <span class='ocrx_word' id='word_1_757' title='bbox 846 2784 987 2821; x_wconf 80' lang='grc' dir='ltr'>ἐπιγνόντες</span> <span class='ocrx_word' id='word_1_758' title='bbox 1008 2793 1035 2814; x_wconf 93' lang='grc' dir='ltr'>ο.</span> <span class='ocrx_word' id='word_1_759' title='bbox 1073 2784 1097 2802; x_wconf 84' lang='grc'><strong>⁶⁹</strong></span> <span class='ocrx_word' id='word_1_760' title='bbox 1119 2781 1163 2812; x_wconf 69' lang='grc' dir='ltr'>οἷον</span> <span class='ocrx_word' id='word_1_761' title='bbox 1179 2793 1219 2814; x_wconf 84' lang='grc' dir='ltr'>ιιι.</span> <span class='ocrx_word' id='word_1_762' title='bbox 1267 2785 1287 2803; x_wconf 79' lang='grc'><strong>⁶¹</strong></span> <span class='ocrx_word' id='word_1_763' title='bbox 1318 2784 1481 2813; x_wconf 76' lang='grc' dir='ltr'>ἔπευδοκοῦσι</span> <span class='ocrx_word' id='word_1_764' title='bbox 1509 2793 1537 2814; x_wconf 91' lang='lat' dir='ltr'><strong>o.</strong></span> <span class='ocrx_word' id='word_1_765' title='bbox 1575 2783 1597 2802; x_wconf 75' lang='lat'>“</span> <span class='ocrx_word' id='word_1_766' title='bbox 1625 2782 1695 2810; x_wconf 81' lang='grc' dir='ltr'><strong>ἂνω-</strong></span> 
     </span>
    </p>
   </div>
   <div class='ocr_carea' id='block_1_112' title="bbox 45 2821 184 2857">
    <p class='ocr_par' dir='ltr' id='par_1_112' title="bbox 45 2821 184 2857">
     <span class='ocr_line' id='line_1_112' title="bbox 45 2821 184 2857; baseline 0.007 -8"><span class='ocrx_word' id='word_1_767' title='bbox 45 2821 131 2857; x_wconf 78' lang='grc' dir='ltr'>μάλως</span> <span class='ocrx_word' id='word_1_768' title='bbox 145 2830 184 2851; x_wconf 90' lang='lat' dir='ltr'><strong>m.</strong></span> 
     </span>
    </p>
   </div>
   <div class='ocr_carea' id='block_1_113' title="bbox 188 2867 504 2898">
    <p class='ocr_par' dir='ltr' id='par_1_113' title="bbox 188 2867 504 2898">
     <span class='ocr_line' id='line_1_113' title="bbox 188 2867 504 2898; baseline 0.009 -3"><span class='ocrx_word' id='word_1_769' title='bbox 188 2867 310 2897; x_wconf 78' lang='grc' dir='ltr'>ΡΑπιοι,</span> <span class='ocrx_word' id='word_1_770' title='bbox 327 2869 376 2898; x_wconf 72' lang='lat' dir='ltr'><strong>Gn.</strong></span> <span class='ocrx_word' id='word_1_771' title='bbox 395 2869 504 2898; x_wconf 79' lang='lat' dir='ltr'><strong>CXXIV.</strong></span> 
     </span>
    </p>
   </div>
   <div class='ocr_carea' id='block_1_114' title="bbox 1503 2873 1536 2900">
    <p class='ocr_par' dir='ltr' id='par_1_114' title="bbox 1503 2873 1536 2900">
     <span class='ocr_line' id='line_1_114' title="bbox 1503 2873 1536 2900; baseline 0 0"><span class='ocrx_word' id='word_1_772' title='bbox 1503 2873 1536 2900; x_wconf 74' lang='lat' dir='ltr'><strong>l2</strong></span> 
     </span>
    </p>
   </div>
  </div>
