1927 3076
256 144 312 171 ’363

259 205 296 233 cit
312 214 318 234 :
340 208 494 242 propterea,
513 205 639 242 inquiens
661 216 674 229 σι

257 257 316 285 mo,
333 261 347 275 ν
362 250 416 278 hoc
437 254 487 285 est,
509 250 737 287 quandoquidem
754 251 827 280 nosti
846 259 908 280 eam
932 259 991 280 esse
1008 251 1054 288 ju-

256 296 362 324 stitiam
377 295 441 330 Dei,
454 295 529 332 quod
539 295 607 325 mali
622 296 679 324 sint
690 303 770 332 poena
783 296 858 332 digni
868 317 876 331 ,
885 296 1057 325 inexcusabi-

258 340 291 369 lis
308 349 347 376 es,
361 340 524 378 quijudicas
538 341 634 370 eadem
656 345 749 369 tecum
771 341 914 370 facientes.
937 341 1055 370 Videtur

259 389 353 414 autem
369 386 414 414 hic
432 394 589 414 sermonem
604 386 723 423 dirigere
743 386 778 415 ad
794 386 929 423 principes
953 390 983 415 et
993 394 1053 415 ma-

256 431 399 468 gistratus,
413 431 548 468 praecipue
570 439 636 460 vero
652 431 688 460 ad
709 432 863 466 Romanos,
887 435 919 461 ut
933 431 979 469 qui
993 432 1054 460 orbi

254 480 396 505 terrarum
412 476 601 512 praesiderent.
618 477 813 514 Magistratum
831 478 904 505 enim
924 480 966 505 est
974 477 1052 513 judi-

255 529 325 550 care.
346 523 479 551 Attamen
492 521 580 550 cuivis
595 521 681 550 etiam
698 522 860 551 mortalium
874 522 933 550 hac
951 530 1052 550 conve-

254 567 336 595 niunt
349 576 356 595 :
370 567 460 603 quivis
478 567 553 595 enim
567 567 731 596 sententiam
742 566 815 596 ferre
828 571 928 604 potest,
944 566 1051 596 etiamsi

252 612 370 640 tribunal
398 620 454 641 non
480 616 605 648 occupet.
632 612 797 641 Adulterum
826 613 919 649 igitur,
949 612 1050 649 inquit,

250 657 449 693 condemnans,
461 657 579 694 teipsum
591 657 768 694 condemnas,
783 665 848 686 cum
859 658 917 694 ipse
926 657 1051 686 moechus

250 710 298 730 SIS.

285 748 375 777 Vens.
392 749 420 776 2.
437 759 450 773 σι
460 747 569 777 Scimus
583 751 678 777 autem
692 747 767 785 quod
787 747 924 785 judicium
938 749 992 779 Dei
1007 754 1050 780 est

248 793 400 821 secundum
427 793 579 827 veritatem,
601 793 630 821 in
645 801 693 822 eos
716 793 764 830 qui
777 793 841 822 talia
858 799 952 831 agunt.
977 807 990 820 ι
1004 797 1045 824 Ne

246 837 309 874 quis
334 837 410 866 dicat
432 847 441 866 :
471 839 528 875 Ego
551 838 681 867 hactenus
704 839 830 867 machus
853 847 917 868 cum
942 848 1043 876 essem,

247 882 334 919 effugi
340 882 517 919 supplicium,
526 891 577 911 nec
583 891 644 912 sum
653 884 777 919 punitus,
784 884 891 913 etiamsi
900 885 1042 914 moechum

244 927 414 964 puniverim;
427 927 652 964 perterrefaciens
675 929 723 964 ait,
738 929 813 966 quod
844 929 882 958 sic
909 938 968 959 sese
996 939 1042 960 res

243 980 301 1001 non
313 972 397 1002 habet
407 973 479 1009 apud
491 975 590 1002 Deum.
608 973 660 1002 Hic
670 974 745 1002 enim
759 974 827 1003 alius
837 974 949 1011 quidem
960 983 1041 1012 poena

241 1017 371 1053 afﬁcitur,
386 1018 455 1047 alius
467 1026 533 1047 vero
545 1019 709 1055 supplicium
729 1019 830 1054 evadit,
853 1020 930 1057 paria
944 1028 1042 1057 quam-

241 1063 281 1091 vis
301 1062 381 1091 faciat
395 1072 402 1092 :
418 1063 474 1092 illic
488 1068 580 1092 autem
600 1064 640 1092 sic
655 1072 711 1093 non
727 1069 770 1093 est
783 1073 792 1093 :
807 1065 942 1101 judicium
964 1066 1039 1095 enim

242 1108 292 1136 Dei
306 1113 350 1137 est
362 1109 515 1137 secundum
528 1109 668 1137 veritatem
691 1117 757 1146 erga
770 1110 868 1139 malos.

275 1153 366 1182 Vnus.
383 1156 443 1182 3-6.
461 1165 474 1178 ι
496 1153 644 1182 Existimas
667 1158 761 1183 autem
784 1154 846 1189 hoc,
859 1162 876 1183 ο
890 1154 976 1184 homo
991 1154 1039 1192 qui

236 1197 344 1234 judicas
365 1206 411 1227 eos
432 1198 478 1235 qui
497 1199 562 1227 talia
589 1203 684 1236 agunt,
710 1202 737 1228 et
759 1199 826 1228 facis
850 1207 892 1235 ea,
911 1200 985 1236 quod
1007 1204 1038 1229 tu

238 1243 489 1281 effugiesjudicium
501 1244 572 1272 Dei?
581 1246 626 1273 An
636 1244 744 1274 divitias
759 1245 811 1280 17
827 1245 957 1274 bonitatis
967 1245 1036 1282 ejus,

772 142 1027 172 THEOPHYLACTI
1046 142 1224 171 BULGARUE
1242 142 1398 171 ARCHIEP.

701 205 897 234 inexcusabilis
915 214 955 241 es,
971 214 987 235 ο
1002 206 1037 235 ho

1089 227 1096 240 ι
1109 218 1154 247 γον
1164 229 1174 246 ,
1200 205 1245 236 καί
1260 217 1341 247 φησι’
1355 218 1376 247 ξ
1397 202 1445 235 Διὸ
1457 213 1471 233 δ)
1500 202 1546 233 καὶ
1574 213 1590 232 «
1609 202 1814 247 dvenit-01615)“;
1830 197 1862 232 εἶ’
1878 214 1890 231 η

1856 141 1902 168 364

1110 245 1242 289 τουτέστι,
1258 245 1331 282 Διότι
1344 245 1414 283 οἶδας
1426 248 1461 287 ζτὸ
1476 248 1611 287 δικαίωμα
1634 250 1681 278 τοῦ
1693 249 1778 289 Θεοῦ,
1798 246 1839 278 ὅτι
1853 259 1896 278 κο-

1110 298 1211 331 λάσεως
1226 296 1292 332 ἄξιοι
1315 297 1340 326 οἱ
1358 296 1469 336 φαῦλοι,
1493 293 1691 333 ἀναπολόγητος
1707 288 1745 330 εἷ,
1763 295 1779 323 ὁ
1803 293 1894 333 κρίνων

1109 342 1168 376 τοὺς
1182 342 1216 372 τὰ
1230 341 1310 382 ὅμοιά
1325 353 1366 371 σοι
1379 340 1555 381 πράσσοντας.
1566 341 1646 370 Δοκεῖ
1664 339 1691 369 δὲ
1712 339 1824 368 ἐνταῦθα
1839 338 1900 378 πρὸς

1109 388 1238 428 ἄρχοντας
1253 386 1455 424 ἀποτείνεσθαι,
1469 385 1515 415 καὶ
1531 384 1653 423 μάλιστα
1667 383 1727 418 τοὺς
1737 383 1897 423 Ῥωμαίους,

1107 434 1143 468 ὡς
1163 433 1332 473 προεστῶτας
1354 432 1401 467 τῆς
1422 429 1592 469 οἰκουμένης·
1614 431 1667 460 τῶν
1692 429 1744 470 γὰρ
1766 429 1898 469 ἀρχόντων

1106 478 1137 508 τὸ
1161 478 1268 518 κρίνειν.
1292 475 1368 512 Πλὴν
1392 476 1437 507 καὶ
1459 475 1524 516 πρὸς
1547 475 1636 505 πάντα
1660 474 1799 516 ἄνθρωπον
1813 477 1896 504 ταῦτα

1106 523 1225 564 ἁρμόζει.
1243 523 1305 556 Πῶς
1322 522 1372 562 γὰρ
1394 520 1504 564 δόναται
1529 520 1647 561 κρίνειν,
1671 519 1720 550 κᾶν
1746 519 1785 557 μὴ
1809 520 1894 560 θρόνον

1106 568 1172 609 ἔχοι.
1199 567 1254 599 Τὸν
1279 567 1371 608 μοιχὸν
1393 563 1455 604 οὖν,
1471 566 1551 607 φησὶ,
1575 565 1763 607 κατακρίνων,
1787 565 1897 595 σεαυτὸν

1105 613 1288 654 κατακρίνεις,
1303 611 1396 653 μοιχὸς
1415 611 1462 642 καὶ
1477 611 1554 646 αὐτὸς
1567 610 1617 642 ὤν.

1146 759 1162 776 α
1186 747 1304 787 Οἴδαμεν
1319 746 1346 777 δὲ
1368 746 1408 776 ὅτι
1427 746 1458 776 τὸ
1480 747 1564 786 κρῖμα
1591 749 1638 776 τοῦ
1662 747 1733 777 Θεοῦ
1753 746 1810 776 ἔστι
1827 746 1896 776 κατὰ

1100 792 1224 829 ἀλήθειαν
1242 793 1286 822 ἐπὶ
1297 791 1356 826 τοὺς
1370 791 1405 821 τὰ
1419 793 1530 821 τοιαῦτα
1549 790 1726 831 πράσσοντας.
1742 801 1757 820 υ
1775 789 1838 822 Ἵνα
1859 792 1893 830 μὴ

1100 837 1165 877 λέγῃ
1179 849 1218 872 τις
1228 859 1236 874 ,
1248 837 1289 867 ὅτι
1299 836 1372 877 Ἐγὼ
1386 836 1450 870 τέως
1465 836 1601 876 διέφυγον,
1617 836 1662 866 καὶ
1682 837 1730 865 οὐκ
1745 836 1892 872 ἐκολάσθην

1059 873 1083 905 Β
1098 873 1189 923 “aiio;
1203 873 1258 922 ὢν,
1281 873 1369 912 καίτοι
1383 881 1427 911 τὸν
1444 873 1550 922 μοιχὲ)νί
1560 881 1690 916 κολάσας
1705 881 1786 922 φησὶν
1810 882 1892 922 ἐκφο-

1097 928 1168 967 ϐῶν,
1193 927 1234 957 ὅτι
1249 928 1299 968 οὐχ
1315 926 1397 961 οὕτως
1412 927 1469 956 ἐστὶ
1486 926 1560 967 παρὰ
1576 927 1655 967 Θεῷ.
1681 926 1816 957 Ἐνταῦθα
1838 927 1888 967 γὰρ

1095 975 1110 1003 ὁ
1125 973 1172 1011 μὲν
1198 972 1356 1011 κολάζεται,
1378 973 1393 1002 ὁ
1418 972 1444 1002 δὲ
1469 971 1622 1013 διαφεύγει,
1651 971 1686 1000 τὰ
1708 970 1776 1002 αὐτὰ
1800 973 1892 1001 ποιῶν·

1095 1018 1148 1048 ἐκεῖ
1162 1016 1190 1047 δὲ
1204 1018 1254 1058 οὐχ
1268 1017 1349 1047 οὕτω·
1370 1016 1400 1047 τὸ
1423 1016 1474 1057 γὰρ
1497 1017 1582 1057 κρῖμα
1600 1018 1646 1047 τοῦ
1663 1017 1736 1047 Θεοῦ
1748 1016 1804 1046 ἔστι
1821 1016 1891 1047 κατὰ

1095 1062 1220 1100 ἀλήθειαν
1235 1062 1278 1092 ἐπὶ
1293 1062 1352 1097 τοὺς
1369 1061 1494 1103 φαύλους.

1138 1163 1153 1182 ιι
1167 1152 1267 1192 Λογίζῃ
1284 1150 1311 1182 δὲ
1324 1154 1417 1189 τοῦτο,
1433 1145 1456 1181 ὦ
1470 1151 1605 1192 ἄνθρωπε,
1627 1151 1641 1181 ὁ
1663 1150 1759 1192 κρίνων
1774 1151 1835 1187 τοὺς
1857 1151 1888 1183 τὰ

1092 1200 1201 1227 τοιαῦτα
1217 1198 1385 1238 πράσσοντας
1396 1219 1404 1233 ,
1421 1197 1467 1226 καὶ
1483 1199 1565 1227 ποιῶν
1580 1196 1660 1236 αὐτὰ,
1676 1196 1717 1226 ὅτι
1727 1197 1760 1227 σὺ
1775 1198 1885 1238 ἐκφεύξῃ

1091 1242 1121 1272 τὸ
1139 1243 1223 1283 κρῖμα
1238 1245 1283 1272 τοῦ
1298 1243 1368 1273 Θεοῦ
1378 1252 1386 1279 ;
1404 1241 1443 1273 Ἢ
1466 1244 1513 1272 τοῦ
1531 1241 1645 1272 πλούτου
1668 1244 1716 1278 τῆς
1738 1243 1889 1283 χρηστότη-

236 1293 264 1317 et
286 1289 432 1325 patientia,
448 1293 475 1318 et
490 1290 709 1326 longanimitatis
730 1290 894 1325 contemnis,
908 1290 1037 1327 ignorans

1091 1299 1134 1322 τος
1164 1288 1260 1325 αὐτοῦ,
1286 1287 1331 1317 καὶ
1345 1289 1393 1323 ἧς
1419 1289 1532 1328 ἀνοχῆς,
1557 1287 1603 1316 καὶ
1627 1289 1675 1323 τῆς
1702 1289 1888 1328 μακροθυμίας

237 1333 310 1371 quod
337 1334 494 1371 benignitas
518 1335 568 1362 Dei
592 1335 627 1363 ad
647 1335 839 1372 paenitentiam
860 1339 889 1364 te
908 1335 1036 1363 adducit?

1090 1337 1275 1373 καταφρονεῖς,
1304 1333 1405 1372 ἀγνοῶν
1429 1331 1471 1362 ὅτι
1492 1331 1522 1361 τὸ
1543 1331 1659 1372 χρηστὸν
1681 1335 1727 1362 τοῦ
1753 1334 1826 1363 Θεοῦ
1855 1336 1889 1368 εἰς

235 1379 395 1408 Secundum
427 1383 521 1408 autem
535 1379 668 1408 duritiem
690 1384 777 1415 tuam,
802 1388 832 1408 es
857 1380 1036 1416 impmnitens

1091 1377 1231 1416 μετάνοιάν
1257 1388 1286 1407 σε
1307 1377 1384 1417 ἄγεις
1408 1377 1485 1408 Κατὰ
1506 1376 1534 1406 δὲ
1558 1376 1606 1413 τὴν
1630 1377 1800 1418 σκληρότητά
1821 1390 1886 1416 σου,

235 1431 283 1453 cor
295 1424 466 1453 thesaurizas
488 1425 539 1453 tibi
555 1424 606 1460 ipsi
623 1425 696 1453 iram
719 1425 748 1453 in
762 1425 806 1453 die
821 1425 870 1454 irae
882 1429 909 1453 et
930 1425 1033 1454 revela-

1089 1422 1135 1452 καὶ
1150 1422 1330 1461 ἀμετανόητον
1348 1422 1460 1463 καρδίαν
1473 1445 1482 1460 ,
1499 1422 1666 1462 θησαυρίζεις
1681 1424 1786 1463 σεαυτῷ
1803 1424 1885 1464 ὀργὴν

234 1469 320 1498 tionis
344 1474 372 1498 et
391 1469 461 1506 justi
482 1469 580 1506 judicii
598 1470 663 1505 Dei,
689 1470 737 1507 qui
764 1469 862 1499 reddet
889 1470 1035 1507 unicuique

1089 1467 1115 1496 ἓν
1131 1467 1219 1508 ἡμέρᾳ
1243 1468 1342 1508 ὀργῆς,
1364 1467 1410 1497 καὶ
1437 1467 1632 1508 ἀποκαλύψεως
1639 1490 1648 1504 ,
1675 1467 1721 1497 καὶ
1740 1468 1886 1510 δικαιοκρι-

234 1514 388 1543 secundum
411 1521 494 1550 opera
519 1522 576 1543 sua.
595 1526 608 1540 ιο
631 1515 719 1550 Supra
741 1514 820 1549 dixit,
840 1515 914 1552 quod
928 1523 1033 1544 merces

1089 1511 1146 1546 σίας
1164 1515 1209 1542 τοῦ
1225 1513 1308 1558 Θεοῦ.
1324 1511 1376 1547 ⁸ος
1391 1511 1524 1558 ἀποδώσει
1548 1512 1654 1553 εκάστῳ
1677 1512 1747 1543 κατὰ
1770 1513 1804 1544 τὰ
1820 1515 1886 1556 ἔργα

234 1558 345 1594 erroris,
363 1563 391 1588 et
404 1563 593 1587 creaturarum
608 1560 707 1594 cultus,
729 1559 831 1596 impiis,
851 1568 900 1596 per
916 1561 960 1589 illa
974 1560 1033 1597 ipsa

1089 1558 1178 1590 αὐτοῦ.
1201 1568 1216 1587 ι)
1245 1552 1328 1589 Εἶπεν
1351 1557 1406 1588 ἄνω
1428 1557 1468 1588 ὃτι
1491 1559 1508 1594 ἧ
1530 1552 1683 1597 ἄντιμισθία
1699 1560 1747 1595 τῆς
1761 1552 1883 1599 πλάνης,

233 1604 261 1631 in
279 1603 379 1640 quibus
404 1604 591 1640 lasciviebant,
613 1604 802 1634 reddebatur:
827 1605 962 1641 siquidem
975 1606 1033 1642 ipsa

1089 1602 1133 1632 καὶ
1148 1605 1194 1639 τῆς
1206 1603 1475 1644 κτισματολατρείας,
1490 1603 1517 1632 ἐν
1533 1603 1635 1639 αὐτοῖς,
1651 1599 1689 1638 οἶς
1707 1603 1882 1643 ἠσέλγαινον,

233 1648 377 1685 impuritas
399 1649 464 1678 satis
482 1653 542 1678 erat
559 1649 598 1677 eis
619 1649 647 1677 in
660 1657 781 1686 poenam.
804 1650 866 1678 Jam
878 1658 942 1679 vero
957 1650 1032 1688 quod

1089 1648 1226 1678 ἀπεδίδοτο
1237 1652 1292 1682 τοῖς
1308 1647 1424 1689 φαύλοις·
1447 1647 1513 1684 αὐτὴ
1530 1647 1582 1688 γὰρ
1595 1650 1612 1684 ἡ
1635 1647 1786 1688 ἀκαθαρσία
1806 1649 1883 1689 ἤρκει

233 1698 368 1731 superest,
381 1694 547 1731 supplicium
562 1694 629 1731 ipsis
643 1695 828 1723 obventurum
847 1695 958 1724 revelat.
983 1697 1032 1724 Est

232 1739 321 1774 enim,
351 1739 450 1776 inquit,
475 1743 503 1767 et
525 1739 577 1768 alia
601 1739 652 1767 tibi
678 1740 773 1768 relicta
788 1748 879 1776 paena,
895 1749 912 1769 ο
928 1740 1033 1770 homo:

231 1792 294 1812 nam
303 1783 438 1821 judicium
453 1784 505 1812 Dei
515 1792 570 1812 non
586 1784 711 1821 effugies.
725 1785 873 1820 Quomodo
884 1786 970 1821 enim,
982 1785 1028 1822 qui

231 1833 291 1858 tum
306 1829 390 1866 ipsius
411 1829 550 1866 judicium
571 1837 626 1857 non
646 1829 786 1867 effugisti?
804 1831 913 1859 Etenim
931 1830 959 1859 in
973 1839 1027 1867 quo

228 1875 345 1903 alterum
372 1874 575 1909 condemnasti,
598 1879 695 1903 contra
718 1875 841 1912 teipsum
861 1876 1027 1904 sententiam

227 1919 322 1948 tulisti.
338 1919 386 1948 Sin
399 1924 490 1948 autem
513 1925 657 1956 propterea
681 1920 755 1957 quod
776 1921 939 1957 supplicium
952 1920 985 1949 de
1000 1925 1027 1949 te

227 1964 353 1993 nondum
383 1969 526 2001 sumptum
546 1964 642 2001 fuerit,
671 1965 782 1994 divitias
808 1965 939 1994 bonitatis
968 1966 1026 2002 ejus

226 2009 391 2046 asperneris,
411 2009 464 2038 hoc
489 2010 580 2047 ipsum
617 2009 654 2039 ad
679 2010 817 2047 majorem
841 2010 891 2038 tibi
912 2018 1025 2047 poenam

226 2054 314 2083 cedet.
337 2055 409 2083 Nam
430 2055 632 2093 longanimitas,
663 2055 698 2084 ad
713 2054 942 2084 emendationem
967 2056 1024 2092 ipsa

225 2099 376 2135 utentibus,
400 2100 529 2130 salutaris
542 2105 584 2130 est
607 2100 834 2129 :insumentibus
847 2104 940 2129 autem
960 2108 1023 2129 eam

225 2144 261 2173 ad
272 2145 375 2181 peccati
383 2150 572 2183 augmentum,
588 2145 702 2182 majoris
722 2149 764 2174 est
785 2145 911 2182 supplicii
941 2153 1023 2174 occa-

1085 1693 1174 1727 αὖτοῖς
1196 1692 1254 1723 ἀντὶ
1280 1693 1430 1727 κολάσεως·
1458 1695 1503 1722 ν’ὖν
1524 1693 1552 1722 δὲ
1579 1692 1668 1723 λοιπὸν
1698 1694 1883 1725 ἀποκαλύπτει

1085 1738 1173 1773 αὐτοῖς
1187 1738 1232 1767 καὶ
1249 1737 1298 1774 τὴν
1313 1737 1436 1769 κόλασιν.
1458 1735 1540 1768 Ἔστι
1553 1738 1620 1778 γὰρ,
1643 1736 1708 1779 φησὶ
1718 1760 1727 1775 ,
1742 1739 1789 1768 καὶ
1803 1739 1880 1781 (τέρα

1084 1794 1126 1812 σοι
1140 1783 1260 1820 κόλασις,
1283 1783 1404 1824 ἄνθρωπε
1425 1782 1466 1802 ⁵³-
1488 1783 1518 1812 οὔ
1532 1782 1584 1822 γὰρ
1600 1783 1710 1824 ἐκφεύξῃ
1726 1783 1775 1819 τὴν
1793 1784 1879 1824 κρίσιν

1083 1831 1128 1858 τοῦ
1142 1829 1213 1871 θεοῦ
1225 1840 1231 1846 ·
1251 1829 1306 1862 πῶς
1327 1827 1389 1868 γὰρ,
1407 1827 1434 1862 ὅς
1449 1839 1479 1868 γι
1492 1827 1541 1864 τὴν
1564 1831 1661 1858 σαυτοῦ
1675 1829 1723 1858 οὐκ
1742 1828 1878 1871 ἐξέφυγεςς

1083 1871 1130 1903 Ἐν
1148 1868 1170 1914 ᾧ
1186 1873 1238 1913 γὰρ
1263 1872 1308 1902 τὸν
1328 1872 1416 1914 ἕτερον
1440 1872 1615 1912 και-ἔκρινας,
1638 1873 1748 1903 σεαυτὸν
1772 1868 1879 1904 κατεδί-

1080 1929 1175 1952 κασας.
1194 1919 1227 1948 Εἰ
1243 1918 1270 1948 δὲ
1285 1917 1329 1948 διὰ
1350 1919 1380 1948 τὸ
1395 1917 1477 1956 μήπω
1501 1919 1683 1956 κολασθῆναι,
1701 1924 1877 1959 καταφρονεῖς
1919 1917 1920 1935 1

1080 1965 1126 1992 τοῦ
1149 1963 1263 1993 πλούτου
1287 1965 1334 1999 τῆς
1355 1962 1535 2002 ἀγαθότητος,
1553 1963 1618 1992 αὐτὸ
1643 1966 1720 1994 τοῦτο
1741 1965 1778 1997 εἷς
1791 1964 1877 1995 πλείω

1080 2018 1121 2037 σοι
1135 2007 1244 2038 κόλασίν
1269 2008 1352 2038 ἐστιν.
1385 2007 1422 2038 Ἦ
1437 2007 1489 2048 γὰρ
1504 2008 1529 2028 ⁶⁴
1545 2008 1730 2048 μακροθυμία,
1748 2011 1804 2044 τοῖς
1825 2009 1874 2048 μὲν

1078 2053 1142 2092 πρὸς
1168 2052 1303 2093 διόρθωσιν
1327 2053 1395 2094 αὐτῇ
1421 2052 1583 2094 χρωμένοις,
1612 2053 1742 2094 σωτήριος
1753 2054 1796 2074 ⁵⁵·
1820 2059 1875 2089 τοῖς

1077 2096 1105 2126 δὲ
1121 2095 1157 2132 εἷς
1176 2097 1328 2138 προσθήκην
1346 2097 1478 2137 ἁμαρτίας
1494 2098 1649 2128 δαπανῶσιν
1670 2098 1753 2135 αὐτὴν
1763 2122 1771 2137 ,
1786 2111 1873 2138 τιμω-

1078 2141 1133 2182 ρίας
1148 2142 1264 2181 μείζονός
1280 2145 1349 2173 ἐστιν
1361 2143 1468 2184 ἀφορμὴ
1484 2145 1513 2172 οὖ
1527 2143 1602 2184 παρὰ
1622 2143 1671 2181 τὴν
1681 2145 1764 2181 αὐτῆς
1778 2145 1874 2186 φύσιν,

223 2189 266 2218 sio
288 2197 345 2219 non
374 2190 411 2219 ob
433 2191 477 2219 sui
511 2195 649 2226 naturam,
686 2190 737 2218 sed
763 2190 799 2219 ob
829 2190 948 2219 istorum
973 2190 1037 2233 (ιιι-η

1089 2187 1146 2233 tua
1160 2188 1235 2228 παρὰ
1252 2187 1300 2224 τὴν
1315 2187 1429 2233 ἐκείνων
1437 2188 1618 2228 σκληρότητα.
1636 2201 1649 2216 α
1665 2189 1847 2230 Θησαυρίζεις
1862 2204 1873 2217 ι

221 2234 324 2264 ritiem.
339 2246 352 2260 ι
361 2235 543 2265 Thesaurizas
559 2247 573 2260 ι
586 2235 670 2268 enim,
682 2234 731 2270 ait,
750 2246 761 2260 ι
777 2234 828 2263 tibi
840 2235 894 2271 ipsi
905 2235 977 2264 iram
989 2245 995 2263 :
1007 2247 1020 2261 ιο

219 2287 277 2309 non
293 2283 378 2315 Deus,
403 2280 452 2310 sed
466 2285 497 2309 tu
514 2280 566 2309 tibi
580 2279 644 2316 ipsi.
659 2279 760 2308 Unde?
775 2288 791 2308 a
814 2281 898 2308 corde
911 2284 960 2310 tuo
981 2280 1020 2309 in-

218 2325 331 2354 ﬂexibili
341 2329 371 2354 et
383 2325 419 2354 ad
432 2326 539 2354 bonum
553 2325 701 2354 obdurato.
716 2324 833 2361 Quando
842 2326 916 2354 enim
930 2333 1020 2362 neque

217 2370 291 2399 bona
316 2369 442 2405 molliris,
466 2378 557 2407 neque
595 2373 702 2399 terrore
734 2370 863 2406 ﬂecteris,
891 2371 957 2407 quid
991 2375 1018 2400 te

216 2415 330 2444 durius?
353 2415 440 2444 Porro
460 2424 477 2443 α
489 2415 564 2444 diem
580 2415 630 2444 iraa
658 2427 671 2440 ιν
683 2415 789 2450 dicens,
812 2414 911 2452 adjecit
923 2415 1015 2452 simul,

217 2471 232 2486 α
254 2460 442 2489 Revelationis
463 2464 492 2489 et
500 2460 569 2497 justi
591 2459 687 2497 judicii
712 2460 764 2489 Dei
782 2468 790 2489 ι
818 2472 831 2486 ι
852 2461 936 2497 idque
960 2469 1017 2490 non

214 2504 368 2538 immerito,
393 2513 428 2534 ne
442 2505 505 2542 quis
518 2513 551 2534 ex
574 2505 714 2534 iracundia
735 2505 871 2542 judicium
890 2513 950 2535 esse
969 2514 1016 2543 pu-

213 2553 263 2579 tet.
278 2549 402 2578 Detectio
418 2557 538 2587 namque
562 2550 604 2586 ﬁt,
629 2550 732 2587 inquit,
757 2550 892 2579 omnium.
923 2551 1014 2587 Quare

212 2603 263 2632 pro
283 2596 466 2624 revelatorum
481 2595 581 2625 merito
604 2595 634 2623 ﬁt
655 2595 801 2624 retributio
819 2605 826 2624 :
843 2603 874 2624 ea
901 2600 1013 2633 propter

207 2640 316 2678 justum
330 2641 414 2670 etiam
439 2645 483 2671 est
499 2641 645 2679 judicium.
666 2641 719 2669 Hic
740 2648 815 2676 sane,
835 2641 899 2678 quia
926 2649 1009 2678 opera

213 2687 387 2724 occuluntur,
400 2695 457 2717 non
483 2694 594 2724 semper
609 2686 714 2724 iustitia
735 2686 840 2717 obtinet
859 2696 866 2716 :
882 2687 936 2717 illic
961 2694 1009 2717 au-

1076 2231 1220 2273 γὰρ,φησὶ,
1231 2245 1243 2260 α
1251 2234 1354 2273 σεαυτῷ
1363 2232 1456 2273 ὀργήν.
1469 2246 1481 2260 ιι
1493 2232 1660 2273 ΟὐχὸΘεὸς,
1674 2233 1744 2264 ἀλλὰ
1753 2234 1786 2264 σὺ
1794 2247 1873 2266 σεαυ-

1074 2278 1124 2317 τῷ.
1138 2277 1238 2314 Πόθεν;
1252 2277 1315 2307 Ἀπὸ
1326 2279 1372 2314 τῆς
1390 2277 1527 2308 ἀνενδότου
1540 2278 1566 2298 ⁶⁶
1578 2277 1624 2308 καὶ
1638 2278 1703 2318 πρὸς
1722 2278 1754 2309 τὸ
1768 2280 1867 2320 ἀγαθὸν

1073 2323 1191 2362 σκληρᾶς
1206 2334 1253 2353 σου
1267 2322 1387 2364 καρδίας.
1399 2321 1487 2353 Ὅταν
1504 2321 1555 2363 γὰρ
1572 2323 1640 2362 μήτε
1701 2324 1868 2365 χρηστότητι

1072 2366 1197 2407 μαλάττῃ
1205 2390 1213 2405 ,
1228 2367 1296 2406 μήτε
1310 2367 1384 2409 φόϐῳ
1397 2367 1509 2408 κᾶμπτῃ
1518 2390 1526 2406 ,
1538 2367 1564 2397 τί
1576 2368 1751 2409 σκληρότερόν
1761 2368 1788 2389 ⁸⁷
1805 2381 1854 2400 σου
1859 2381 1868 2408 ;

1072 2411 1192 2453 Ἦμέραν
1208 2413 1235 2442 δὲ
1250 2413 1329 2454 ὀργῆς
1343 2411 1439 2450 εἰπὼν,
1455 2412 1575 2453 ἐπήγαγε
1589 2413 1636 2443 καὶ
1655 2413 1703 2454 τὸ,
1718 2427 1731 2441 α
1750 2414 1866 2446 Ἀποκα-

1071 2457 1173 2497 λύψεως
1188 2458 1233 2488 καὶ
1245 2458 1435 2499 δικαιοκρισίας
1449 2460 1519 2490 Θεοῦ
1531 2469 1539 2478 ·
1551 2469 1566 2487 r
1584 2458 1704 2497 εἰκότως,
1716 2457 1761 2490 ἵνα
1774 2460 1814 2499 μὴ
1826 2473 1870 2492 νο-

1071 2504 1137 2543 μίσῃ
1151 2515 1203 2540 τις,
1217 2502 1258 2533 ὅτι
1276 2503 1336 2533 κατ’
1356 2503 1437 2543 ὀργὴν
1451 2505 1468 2540 ἡ
1490 2503 1589 2544 κρίσις.
1606 2503 1785 2546 Ἀποκάλυψις
1803 2505 1868 2547 γὰρ,

1069 2547 1143 2589 φησὶ,
1156 2547 1257 2588 γίνεται
1269 2548 1387 2578 πάντων.
1400 2547 1489 2579 Ὥστε
1502 2548 1561 2578 κατ’
1573 2548 1648 2583 ἀξίαν
1663 2550 1716 2579 τῶν
1729 2551 1867 2582 ἀποκαλυ-

1067 2593 1204 2633 πτομένων
1220 2595 1237 2630 ἡ
1253 2594 1425 2628 ἆνταπόδοσις
1435 2604 1442 2612 ·
1457 2594 1500 2623 διὰ
1515 2596 1591 2624 τοῦτο
1605 2594 1631 2623 δὲ
1647 2595 1693 2624 καὶ
1713 2595 1864 2637 δικαιοκρι-

1065 2637 1121 2669 σία.
1139 2638 1273 2669 Ἐνταῦθα
1290 2639 1338 2678 μὲν
1351 2639 1414 2681 γὰρ,
1428 2639 1495 2670 διότι
1511 2638 1722 2681 συγκρύπτονται
1734 2640 1768 2670 τὰ
1782 2641 1861 2682 ἔργα,

1063 2683 1107 2714 διὰ
1132 2687 1208 2715 τοῦτο
1224 2685 1254 2714 οὖ
1268 2683 1381 2715 πάντοτε
1398 2684 1429 2715 τὸ
1451 2684 1552 2715 δίκαιον
1571 2686 1664 2726 κρατεῖ
1676 2697 1683 2705 ·
1699 2686 1754 2716 ἐκεῖ
1767 2685 1796 2716 δὲ

906 2746 1000 2777 Variae
1022 2746 1177 2779 lectiones.

247 2809 269 2828 ⁸³
282 2809 304 2838 ὦ
317 2810 431 2846 ἄνθρωπε
444 2817 482 2839 tn.
518 2808 541 2827 ⁸⁵
553 2807 597 2846 μὲν
612 2817 639 2838 ο.
676 2809 698 2827 ⁵⁵
715 2810 824 2846 σωτηρία
833 2817 872 2839 ω.
910 2809 933 2827 ⁸⁸
944 2809 1068 2841 ἀναιδείας
1082 2818 1110 2839 o.
1147 2809 1170 2828 ⁸⁷
1183 2809 1228 2842 Τίς
1240 2809 1404 2848 σκληρότερός
1417 2818 1446 2840 ο.
