1927 3076
16 199 55 226 365

442 192 616 222 EXPOSITIO
636 193 670 221 IN
689 192 793 221 EPIST.
813 193 858 221 AD
877 193 961 222 ROM.
981 208 1015 214 —
1035 193 1110 221 CAP.
1133 193 1162 220 ll.

1592 193 1644 221 386

15 259 164 299 ἀποκαλύψει
176 257 269 288 ἕπεται
288 256 506 297 ἡδικαιοκρισία.
522 255 682 295 Σημείωσαι
701 255 729 285 δὲ
744 255 792 294 τὴν

856 263 905 285 :em
919 255 1114 285 revelationem
1128 254 1252 291 sequitur
1263 254 1369 291 justum
1376 253 1524 291 judicium.
1538 254 1645 284 Obser-

17 303 146 345 περικοπὴν
160 302 257 339 ταῦτην
266 325 274 339 ,
286 301 510 341 συμϐαλλομένην
524 313 566 331 σοι
575 302 612 335 εἰς
626 300 667 338 τὸ,
679 315 691 328 ι
703 302 791 338 Σκλη-

17 352 73 390 ρυνίἶ)
87 348 131 385 τὴν
146 347 257 389 καρδίαν
282 345 389 387 Φαραώ
403 355 410 364 ⁶
431 357 446 376 n
474 346 614 387 μονονουχὶ
636 346 688 387 γὰρ
704 346 792 376 ἐκεῖνα

15 394 166 435 παραφράζει
182 396 196 423 ὁ
212 393 326 426 Παῦλος.

49 451 63 469 ιι
74 440 134 473 Τοῖς
156 438 203 478 μὲν
216 439 275 468 καθ’
289 436 426 476 ὑπομονὴν
447 436 525 476 ιργου
539 437 638 476 ἀγαθοῦ
655 435 731 472 δόξαν
746 435 793 466 καὶ

14 484 83 523 τιμὴν
97 485 141 514 καὶ
155 483 305 522 ἀφθαρσίαν
321 485 460 521 ζητοῦσιν,
476 481 547 518 ζωὴν
574 480 688 512 αἰώνιον.
703 495 717 508 ν
741 483 795 512 Εἰ-

13 529 77 568 πὼνξ,
92 529 132 558 ὅτι
154 527 286 558 ἀποδώσει
307 527 411 568 ἑκάστῳ
427 529 441 556 ὁ
464 526 580 566 Κύριος,
606 526 659 556 ἀπὸ
681 529 728 563 τῆς
741 529 794 557 τῶν

13 576 108 613 ἀγαθῶν
122 573 278 607 ἀντιδόσεως
294 573 320 592 ⁸⁸
336 571 449 612 ἤρξατο,
472 570 630 612 ἱλαρώτερον
651 571 694 601 τὸν
718 571 794 610 λόγον

13 621 84 649 ποιῶν
95 631 102 638 ·
117 620 142 648 ἐν
157 618 184 648 δὲ
200 620 238 658 τῷ
255 620 337 648 εἰπεῖν
347 640 356 656 ,
377 631 390 643 ι
404 618 467 650 Τοῖς
488 616 546 646 καθ’
570 615 705 655 ὑπομονὴν
719 616 795 656 ἔργου

14 666 103 703 ἀγαθοῦ
113 673 119 681 ·
129 674 145 692 n
169 662 215 692 δύο
231 665 317 692 ταῦτα
334 663 411 698 δηλοῖ
422 671 429 680 ·
447 661 476 690 ἒν
491 661 538 700 μὲν
549 683 557 697 ,
570 660 610 690 ὅτι
625 661 664 690 δεῖ
678 660 716 700 μὴ
731 662 795 690 ἀνα-

13 709 126 745 πίπτειν,
149 707 216 746 μηδὲ
233 709 376 747 ῥᾳθυμεῖν,
394 705 453 735 ἀλλ’
469 705 607 744 ὑπομένειν
624 705 688 745 ἄχρι
704 705 796 740 τέλους

12 755 33 783 ἐν
44 755 80 793 τῷ
95 753 168 792 καλῷ
182 761 191 770 ⁸
215 751 303 792 ἕτερον
321 751 347 781 δὲ
358 772 367 788 ,
389 751 430 780 ὅτι
446 752 475 780 οὖ
491 750 544 791 χρὴ
616 751 703 780 πίστει
728 750 795 791 μόνῃ

12 799 127 838 θαρῤεἰν·
152 797 198 827 καὶ
221 796 299 836 ἔργου
322 796 374 837 γὰρ
399 797 499 835 ἀγαθοῦ
521 795 610 836 χρεία.
635 795 795 838 Ἀφθαρσίαν

41 835 143 882 εἰπὼν,
159 841 207 876 τὰς
220 835 282 882 περὶ
298 835 466 874 ἀναστάσεως
479 840 578 879 ἀνοίγει
596 835 684 881 θύρας.
703 835 772 871 Εἶτα
783 862 792 877 ,

12 888 94 923 ἐπειδὴ
117 886 213 921 πάντες
243 886 290 926 μὲν
318 885 496 925 ἆνιστάμιθα,
523 887 552 915 οὖ
578 885 675 919 πάντες
699 885 726 914 δὲ
753 885 796 915 ἰπὶ

13 937 59 966 τοῖς
69 933 169 970 αὐτοῖς,
187 931 246 962 ἀλλ’
268 933 291 962 οἱ
305 931 352 970 μὲν
369 932 405 965 εἷς
421 930 498 965 δόξαν
508 953 517 968 ,
531 930 555 960 οἱ
572 930 599 960 δὲ
616 931 651 963 εἰς
668 930 776 960 κόλασιν
790 941 798 950 ο

12 978 50 1008 διὰ
65 981 156 1014 τοῦτο,
170 977 218 1007 καὶ
239 976 315 1011 δόξαν
330 977 376 1006 καὶ
401 974 482 1015 τιμὴν
500 970 582 1005 εἶπεν.
605 974 701 1006 Ἔστιν
725 971 770 1005 οὖν
784 977 799 1005 ὁ

11 1027 57 1057 πᾶς
70 1022 146 1062 λόγος
159 1024 276 1056 τοιοῦτος
290 1031 296 1038 ·
315 1021 351 1052 Ὁ
366 1022 434 1055 Θεὸς
443 1043 451 1058 ,
468 1021 548 1060 φησὶ,
561 1024 615 1054 τοῖς
632 1020 679 1059 μὲν
693 1023 800 1056 ζητοῦσι

10 1068 52 1104 τὴν
67 1068 216 1107 μέλλουσαν
239 1066 314 1101 δόξαν
330 1066 375 1096 καὶ
396 1065 477 1105 τιμὴν
487 1089 495 1103 ,
512 1065 558 1095 καὶ
574 1066 616 1096 ἀεὶ
637 1064 800 1104 ἐνθυμουμέ-

11 1124 57 1147 νοις
67 1112 181 1150 ταύτην,
194 1111 233 1142 ἔτι
247 1113 274 1142 δὲ
287 1111 332 1141 καὶ
348 1110 396 1147 τὴν
413 1110 578 1152 ἀφθαρσίαν,
593 1111 619 1140 ἐν
685 1110 802 1140 ἀναστάς

11 1169 47 1187 σει
62 1157 182 1195 δηλαδὴ,
199 1156 333 1187 ἀποδώσει
353 1155 422 1192 ζωὴν
438 1155 556 1187 αἰώνιον.
582 1157 644 1189 Πῶς
663 1155 690 1185 δὲ
713 1157 802 1191 ζητεῖ-

10 1214 51 1231 ται
64 1205 81 1238 ἡ
97 1202 231 1241 μέλλουσα
242 1201 320 1240 δόξα,
337 1201 383 1230 καὶ
398 1201 484 1240 τιμὴ,
499 1199 544 1230 καὶ
561 1199 714 1240 ἄφθαρσία;
732 1201 800 1231 Καθ’

8 1248 139 1286 ὖπομονὴν
155 1246 233 1286 ἔργου
248 1247 358 1285 ἀγαθοῦ.
382 1245 417 1276 ’0
438 1245 488 1286 γὰρ
513 1246 540 1275 ἐν
556 1246 595 1285 τῷ
617 1245 708 1285 ἀγαθῷ
732 1244 802 1285 ιργῳ

9 1292 163 1330 ὑπομένων,
182 1291 227 1321 καὶ
244 1290 358 1331 βεϐαίως
373 1290 514 1330 ἱστάμενος
535 1289 601 1331 πρὸς
622 1290 728 1320 ἅπαντα
744 1301 803 1319 πει-

11 1336 129 1377 ρασμὸν,
147 1331 221 1370 οὗτος
241 1336 286 1365 καὶ
301 1335 350 1372 τὴν
364 1335 441 1370 δόξαν
461 1334 508 1364 καὶ
524 1334 572 1371 τὴν
594 1335 675 1374 τιμὴν
695 1336 732 1375 τῷ
748 1333 803 1364 ὄντι

8 1384 98 1418 ζητεῖ,
112 1381 157 1411 καὶ
172 1380 221 1417 τὴν
237 1381 382 1421 ἀφθαρσίαν
393 1403 401 1417 ,
424 1379 506 1419 ἤγουν
520 1380 567 1416 τὴν
581 1381 607 1410 ἐν
621 1382 658 1421 τῷ
674 1379 801 1420 ἀφθάρτῳ

9 1427 114 1466 σώματι
126 1428 180 1456 τῶν
194 1425 335 1467 ἀφθάρτων
356 1427 461 1464 ἀγαθῶν
477 1424 636 1456 ἀπόλαυσιν.

814 925 838 957 Β
852 933 900 968 ait,
918 943 933 959 ι(
945 932 1198 970 incorruptionem,
1216 944 1229 957 ιι

845 309 879 330 va
908 301 1000 330 locum
1026 301 1099 329 hunc
1121 300 1253 329 collatum
1286 299 1348 333 isti;
1375 310 1390 325 «
1419 299 1559 328 Indurabo
1592 308 1641 329 cor

845 346 1064 376 Phraraonisi‘.
1085 357 1098 371 ι
1114 345 1214 374 Paulus
1228 345 1305 374 enim
1320 344 1364 373 illa
1373 344 1469 374 iisdem
1483 344 1541 374 fere
1556 345 1646 374 verbis

845 392 1052 428 interpretatur.

882 438 969 466 Vsus.
994 440 1020 464 1.
1037 448 1050 462 ι
1068 437 1102 465 lis
1123 435 1237 473 quidem
1251 435 1296 473 qui
1312 435 1463 465 secundum
1479 435 1639 473 patientiam

846 482 913 511 boni
931 482 1021 519 operis
1035 482 1152 518 gloriam
1173 486 1200 510 et
1212 481 1347 510 honorem
1366 485 1394 509 et
1404 481 1639 518 incorruptionem

848 531 985 564 quaerunt,
1008 527 1095 555 vitam
1115 530 1258 556 eternam.
1288 538 1301 551 ι
1327 526 1399 555 Cum
1425 526 1538 556 dixisset
1564 526 1640 564 quod

847 584 859 597 α
878 572 1023 609 unicuique
1037 572 1173 600 Dominus
1187 571 1294 605 reddet,
1311 582 1324 597 ιι
1341 579 1357 600 a
1371 571 1508 601 bonorum
1523 571 1640 601 retribu-

847 617 922 646 tione
933 625 1011 646 orsus
1025 621 1075 651 est,
1087 616 1283 653 jucundiorem
1294 616 1345 645 hac
1358 617 1465 646 ratione
1486 617 1640 646 orationem

848 662 975 691 reddens.
999 662 1123 691 Dicendo
1137 666 1240 696 autem,
1257 673 1270 687 α
1293 661 1327 690 iis
1340 662 1463 698 quidem,
1479 662 1526 699 qui
1542 670 1643 691 secun-

848 708 914 737 dum
928 708 1087 745 patientiam
1102 707 1191 744 operis
1203 707 1280 741 boni.
1296 719 1309 732 ι»
1326 707 1382 736 duo
1395 708 1447 736 ista
1467 707 1616 737 denuntiat
1637 717 1645 737 :

849 754 977 787 alterum,
990 753 1064 789 quod
1087 761 1145 781 non
1168 753 1203 781 sit
1222 761 1237 781 a
1261 752 1334 780 bono
1349 752 1537 788 recidendum,
1562 761 1652 790 neque

849 798 981 835 ignaviter
995 798 1142 834 agendum,
1157 805 1253 826 verum
1268 798 1297 826 in
1312 796 1385 826 bono
1401 797 1436 827 ad
1461 798 1544 826 ﬁnem
1561 807 1648 836 usque

852 843 1082 879 perseverandum
1096 853 1104 878 ;
1117 843 1247 876 alterum.
1262 842 1336 879 quod
1348 851 1405 871 non
1425 843 1477 871 soli
1497 843 1562 872 ﬁdei
1577 852 1643 873 conv

850 888 934 917 ﬁdere
948 892 1073 925 oporteat
1088 897 1094 916 :
1110 896 1176 916 nam
1186 892 1214 916 et
1225 895 1308 924 opere
1330 887 1404 916 bono
1427 896 1496 924 opus
1511 894 1562 918 est.
1577 889 1649 917 Cum

1249 932 1444 961 resurrectioni
1462 932 1537 961 fores
1551 933 1648 968 aperit.

853 978 971 1012 Deinde,
979 978 1112 1015 quoniam
1127 977 1218 1006 cuncti
1227 977 1337 1014 quidem
1348 978 1526 1014 resurgimus,
1535 978 1585 1006 sed
1596 986 1651 1006 non

854 1024 945 1052 cuncti
953 1023 988 1052 ad
996 1023 1105 1057 eadem,
1115 1022 1163 1051 sed
1173 1023 1217 1051 alii
1232 1022 1345 1059 quidem
1354 1022 1389 1051 ad
1396 1023 1522 1060 gloriam,
1529 1023 1574 1051 alii
1584 1031 1650 1052 vero

856 1068 890 1097 ad
896 1068 1076 1105 supplicium:
1089 1068 1148 1097 ideo
1156 1067 1309 1102 Gloriam,-
1320 1067 1408 1104 inquit
1416 1077 1430 1094 ot
1440 1072 1468 1096 et
1477 1067 1623 1097 honorem.
1638 1079 1651 1094 ι

855 1114 924 1142 Tota
937 1114 1028 1150 itaque
1048 1113 1102 1149 ιε
1114 1113 1247 1142 sententia
1262 1117 1303 1142 est
1317 1112 1475 1150 hujusmodi
1489 1122 1497 1142 :
1514 1114 1600 1148 Deus,
1611 1113 1654 1142 ius

856 1158 924 1195 quit,
940 1158 1145 1195 inquirentibus
1157 1157 1277 1187 futuram
1292 1157 1408 1195 gloriam
1423 1162 1450 1187 et
1465 1158 1612 1194 honorem,
1622 1167 1655 1188 ac

853 1210 999 1239 nunquam
1012 1211 1068 1231 non
1093 1203 1340 1240 illacogitantibus,
1362 1208 1496 1240 praeterea
1510 1209 1603 1233 autem
1629 1208 1657 1233 et

855 1247 1102 1284 incorruptionem,
1128 1247 1156 1276 in
1178 1247 1375 1277 resurrectione
1400 1249 1538 1284 videlicet,
1559 1249 1656 1278 reddet

857 1293 941 1321 vitam
956 1297 1098 1322 aeternam.
1115 1295 1151 1321 At
1163 1301 1218 1330 quo
1240 1297 1320 1330 pacto
1342 1294 1475 1330 quaeritur
1489 1294 1581 1322 futura
1601 1295 1659 1331 glo-

856 1338 907 1373 ria,
923 1338 1011 1368 honos
1020 1342 1047 1367 et
1064 1338 1327 1374 incorruptibilitas?
1343 1347 1391 1374 per
1412 1339 1504 1375 operis
1515 1340 1579 1368 boni
1596 1347 1659 1376 per-

855 1383 1049 1412 severantiam.
1073 1384 1144 1412 Nam
1169 1383 1198 1411 in
1219 1391 1303 1420 opere
1324 1392 1499 1420 perseverans
1519 1384 1604 1420 bono,
1625 1393 1657 1414 ac

853 1427 972 1457 ﬁrmiter
985 1428 1115 1457 adversus
1126 1428 1280 1465 quamlibet
1288 1429 1469 1458 tentationem
1492 1430 1645 1460 consistens
1653 1451 1661 1465 ,

7 1476 28 1504 is
42 1484 107 1504 cum
131 1475 263 1512 gloriam,
286 1479 345 1504 tum
368 1474 503 1503 honorem
525 1481 587 1503 vere
615 1473 732 1511 quaerit,
758 1476 787 1502 et
807 1472 1059 1510 incorruptionem,
1081 1473 1140 1503 sive
1161 1477 1193 1502 ut
1211 1473 1412 1511 incorruptibili
1435 1482 1549 1512 corpore
1569 1475 1662 1506 incor-

7 1520 185 1558 ruptibilibus
198 1520 278 1549 bonis
290 1519 406 1549 fruatur.

52 1580 64 1593 ι
77 1567 140 1600 Τοῖς
155 1565 183 1595 δὲ
199 1565 225 1600 ἐξ
238 1564 365 1607 ἐριθείας,
379 1564 425 1595 καὶ
442 1565 578 1595 ἀπειθοῦσι
603 1563 650 1604 μὲν
731 1563 798 1601 ἀλη-

896 1568 984 1597 Vsns.
1000 1571 1056 1597 8-9.
1068 1580 1080 1593 α
1092 1567 1143 1597 His
1152 1572 1247 1597 autem
1259 1568 1305 1606 qui
1319 1573 1426 1598 suntex
1439 1570 1618 1600 contentione
1633 1575 1663 1601 et

9 1611 82 1652 θεία,
105 1610 267 1650 πειθομένοις
291 1610 320 1640 δὲ
400 1609 508 1651 ἀδικίᾳ,
528 1609 623 1648 θυμὺς,
647 1609 692 1640 καὶ
717 1608 804 1649 ὀργὴ,

9 1656 56 1686 καὶ
78 1657 181 1696 θλῖψις,
207 1655 253 1686 καὶ
275 1655 436 1697 στενοχωρία
462 1656 506 1684 ἐπὶ
526 1659 617 1684 πᾶσαν
641 1653 731 1694 ψυχὴν
757 1655 806 1683 ἆν-

10 1701 117 1742 θρώπου
142 1703 192 1730 τοῦ
210 1700 438 1741 κατεργαζομένου
455 1699 486 1729 τὸ
508 1699 607 1738 κακὸν,
623 1698 751 1730 Ἰουδαίου
779 1710 808 1728 τι

10 1747 115 1787 πρῶτον
126 1767 135 1783 ,
156 1746 203 1775 καὶ
220 1745 363 1782 Ἕλληνος.
375 1756 390 1774 ι)
409 1744 528 1785 Ἐριθεία
548 1744 654 1787 λέγεται
668 1746 685 1780 ἡ
700 1747 810 1784 φιλονει-

7 1785 56 1821 κία
66 1814 74 1829 ,
90 1791 137 1820 καὶ
150 1793 167 1826 ἡ
184 1790 278 1831 ἄλογος
293 1791 424 1824 ἔνστασις.
443 1801 457 1819 α
471 1791 535 1823 Τοῖς
554 1785 598 1819 οὖν
612 1789 637 1823 ἐξ
654 1788 804 1829 ὲριθείας,»

8 1836 88 1876 φησὶ,
101 1835 240 1872 τουτέστι,
257 1836 309 1869 τοῖς
328 1837 478 1875 ἐριστικοῖς.
496 1834 623 1865 Δείκνυσι
638 1833 665 1863 δὲ
679 1835 808 1871 ἐνταῦθα,

8 1882 59 1910 οὐκ
81 1881 135 1910 ἀπὸ
157 1880 277 1920 ἀγνοίας,
293 1881 353 1910 ἀλλ’
378 1880 432 1910 ἀπὸ
446 1879 605 1921 φιλονεικίας
620 1877 751 1919 πονηροὺς
769 1890 810 1918 γι-

6 1925 155 1964 νομένους·
172 1925 230 1955 ὅθεν
255 1925 300 1955 καὶ
318 1924 513 1964 ἄσύγγνωστοι.
540 1924 620 1954 Ἀλλὰ
643 1923 686 1953 καὶ
713 1923 744 1952 τὸ
767 1924 811 1952 εὖ·-

7 1973 112 2000 πειθεῖν
126 1971 153 1994 ⁵9
179 1969 227 2008 μὲν
303 1971 408 2010 ἀδικίᾳ,
435 1969 472 2008 μὴ
491 1969 627 1999 πείθεσθαι
645 1968 673 1998 δὲ
746 1968 812 2011 ἐλη-

8 2015 69 2056 est;
83 2039 91 2054 ,
111 2008 296 2056 προαιρέσεώς
317 2008 388 2045 ἐστιν
402 2008 574 2055 ’ἁμάρτημω
603 2015 644 2043 Οὐ
662 2013 713 2053 γὰρ
737 2008 811 2050 εἷπε,

8 2060 198 2098 Βιαζομένοις,
214 2060 446 2101 τυραννουμένοις,
464 2059 546 2095 ἀλλὰ,
564 2069 579 2088 α
596 2058 776 2097 Πειθομένοις.
797 2071 810 2085 υ

5 2105 87 2145 ζὈρικ
103 2105 131 2134 δὲ
159 2107 217 2139 πῶς
240 2105 288 2142 τὴν
314 2105 361 2143 μὲν
388 2105 458 2141 ζωὴν
481 2103 529 2140 τὴν
544 2102 650 2133 αἰώνιον
676 2103 719 2133 τὸν
745 2102 813 2133 Θεὸν

7 2146 83 2180 εἶπεν
99 2151 262 2180 ἀποδώσειν
277 2150 311 2180 τὰ
325 2149 353 2180 δὲ
367 2149 527 2190 σκυθρωπὰ,
544 2148 643 2180 οὖκίτι.
665 2159 682 2190 ξι
695 2147 789 2187 Θυμὸς
800 2162 813 2174 ιι

4 2196 71 2236 γὰρ,
89 2195 172 2236 φησὶ,
189 2209 201 2222 ι
214 2195 260 2225 καὶ
282 2194 365 2236 ὀργὴ,
379 2195 425 2225 καὶ
436 2188 543 2235 Ἶθλῖψις·
558 2204 573 2222 ι)
593 2195 641 2223 οὐκ
658 2188 730 2223 εἶπεν
741 2216 749 2230 ,
771 2193 810 2223 ὅτι

5 2240 220 2277 Ἀποδοθήσεται
234 2240 308 2280 παρὰ
325 2242 414 2276 Θεοῦ,
433 2238 492 2269 ἀλλ’
507 2238 595 2269 εἴασεν
614 2238 696 2272 οὓτως
713 2239 810 2268 ἀπολε-

861 1614 908 1650 qui
922 1621 979 1642 non
997 1613 1177 1650 acquiescunt
1193 1614 1312 1649 veritati,
1327 1614 1443 1644 credunt
1455 1620 1550 1645 autem
1565 1615 1662 1654 iniqui-

864 1659 921 1693 tati,
945 1659 986 1686 ira
1014 1662 1042 1687 et
1066 1658 1228 1696 indignatio,
1257 1659 1400 1688 tribulatio
1425 1664 1453 1689 et
1476 1662 1603 1698 angustia
1635 1661 1664 1691 in

861 1711 976 1732 omnem
997 1703 1120 1732 animam
1139 1703 1259 1732 hominis
1281 1705 1408 1741 operanti
1427 1706 1551 1741 malum;
1571 1706 1662 1736 Judaei

863 1746 985 1782 pirmum
1002 1751 1029 1774 et
1041 1747 1143 1775 Graeci.
1167 1759 1180 1772 ι
1207 1747 1326 1784 Ἐριθεία,
1342 1749 1370 1778 id
1383 1753 1424 1777 est
1441 1761 1454 1775 α
1479 1752 1630 1784 contentio,
1648 1764 1661 1778 ι

863 1799 943 1819 amor
958 1795 998 1820 est
1016 1792 1103 1820 litium
1118 1796 1144 1820 ct
1157 1792 1321 1821 irrationalis
1332 1794 1458 1830 quadam
1472 1796 1631 1831 pertinacia.
1649 1809 1662 1822 1

865 1847 878 1861 ι
892 1836 941 1864 His
955 1836 1039 1872 igitur
1049 1837 1096 1873 qui
1108 1841 1174 1864 sunt
1185 1845 1216 1865 ex
1229 1840 1418 1873 contentione,
1432 1851 1444 1864 ν
1461 1840 1559 1877 inquit,
1574 1841 1662 1876 idest,

863 1881 1175 1910 contentiosis.lndicat
1187 1887 1281 1910 autem
1292 1883 1335 1911 hic
1357 1891 1414 1911 non
1437 1892 1470 1912 ex
1498 1885 1662 1921 ignorantia,

865 1925 912 1954 sed
926 1934 942 1954 e
955 1925 1046 1954 studio
1067 1926 1174 1955 rixandi
1194 1935 1291 1963 pravos
1305 1927 1391 1957 factos
1407 1938 1413 1957 :
1428 1929 1501 1958 unde
1514 1929 1588 1959 haud
1602 1934 1667 1959 sunt

866 1970 946 1999 venia
960 1971 1048 2007 digni.
1074 1972 1220 2008 Prmterea,
1243 1972 1355 2001 obedire
1376 1973 1490 2010 quidem
1514 1974 1666 2012 injustitiae,

867 2023 918 2044 nec
944 2015 1056 2045 obedire
1083 2016 1201 2051 veritati,
1226 2018 1359 2054 propositi
1387 2026 1436 2048 seu
1456 2019 1597 2049 electionis
1626 2025 1668 2050 est

867 2065 1022 2097 peccatum.
1034 2063 1096 2090 Non
1103 2062 1179 2091 enim
1187 2061 1266 2097 dixit,
1281 2063 1314 2092 Vi
1324 2065 1459 2100 oppressis
1472 2065 1513 2093 vel
1522 2065 1667 2102 tyrannide

868 2106 996 2142 gravatis,
1022 2115 1119 2135 verum
1137 2119 1149 2132 ιι
1175 2107 1381 2137 Obedientibus.
1405 2121 1418 2134 ν
1434 2110 1556 2139 Observa
1573 2114 1665 2140 autem

868 2151 1009 2187 quomodo
1025 2152 1108 2180 vitam
1120 2156 1253 2181 aeternam
1268 2154 1343 2182 Deus
1357 2153 1459 2183 dixerit
1477 2155 1666 2185 redditurum:

867 2196 953 2224 tristia
966 2204 1029 2225 vero
1042 2204 1099 2225 non
1114 2197 1189 2226 item.
1202 2209 1215 2222 «ι
1233 2197 1389 2235 indignatio
1407 2211 1419 2224 ιι
1436 2200 1521 2235 enim,
1534 2201 1584 2235 ait,
1601 2213 1613 2225 ι
1628 2201 1666 2229 ira

865 2244 893 2268 et
913 2241 1028 2270 afﬂictio
1054 2252 1060 2270 :
1080 2254 1093 2267 ι»
1116 2250 1174 2271 non
1188 2242 1292 2279 adjicit,
1316 2243 1388 2280 quod
1403 2252 1418 2272 a
1432 2245 1492 2273 Deo
1507 2245 1668 2281 reddentur,

6 2286 144 2325 λυμένον,
169 2285 238 2315 ὥστε
263 2278 383 2315 νοεῖσθαι
401 2285 426 2309 ⁷⁰
454 2284 501 2322 τὸ,
523 2283 609 2313 ἔσται.
630 2285 671 2314 Τὸ
699 2283 746 2322 μὲν
762 2283 796 2322 γὰ

867 2285 915 2314 sed
941 2285 977 2314 ita
1000 2286 1113 2323 reliquit
1147 2278 1332 2322 absolutum,-
1347 2292 1377 2316 ut
1404 2278 1668 2326 subintelligeretur,

8 2332 175 2370 ζωοποιεῖν,
192 2330 258 2360 ἴδιον
277 2331 363 2360 Θεοῦ·
380 2331 397 2366 ἡ
414 2329 440 2359 δὲ
452 2329 559 2362 κόλασις
569 2352 577 2368 ,
592 2328 644 2358 ἀπὸ
656 2331 702 2365 τῆς
716 2327 814 2366 ἡμετέ-

2 2388 59 2418 γρας
76 2375 210 2416 ῥᾳθυμίας
224 2378 289 2412 ἡμῖν
303 2374 399 2404 ἔπεισι.
418 2376 513 2405 Πᾶσαν
527 2373 554 2403 δὲ
571 2373 660 2414 ψυχὴν
675 2373 815 2418 ἀνθρώπου

8 2419 109 2455 εἰπὼν,
129 2420 268 2450 συστέλλει
282 2420 326 2449 τὸν
341 2422 423 2460 τῦφον
437 2421 488 2449 τῶν
503 2417 661 2458 Ῥωμαίων.
689 2417 750 2449 Κᾶν
764 2417 816 2458 γὰρ

10 2465 143 2504 βασιλεὺς
186 2476 240 2502 τις,
258 2464 288 2494 οὐ
303 2464 425 2505 φεύξεται
439 2463 488 2500 τὴν
501 2463 586 2501 δίκην,
599 2463 630 2493 τὸ
644 2462 725 2493 κακὸν
747 2474 814 2492 κατ-

10 2510 212 2549 εργαζόμενος,
230 2510 365 2540 τουτέστιν
382 2509 512 2548 ἐπιμένων
523 2531 532 2546 ,
555 2507 601 2538 καὶ
615 2507 652 2547 μὴ
668 2509 814 2546 μετανοῶν.

9 2555 54 2584 Οὐ
72 2555 127 2595 γὰρ
144 2550 234 2592 εἶπεν,
253 2554 464 2595 Ἐργαζόμενος,
484 2553 553 2583 ἀλλὰ
572 2564 587 2583 α
609 2552 816 2594 Κατεργαζόμε-

10 2610 78 2636 νος,
98 2611 113 2628 n
132 2600 216 2638 ἤγουν
238 2600 353 2640 μελέτην
370 2599 526 2639 ποιούμενος
540 2598 570 2628 τὸ
590 2598 683 2629 κακόν.
705 2597 816 2634 Ἐπειδὴ

13 2644 44 2673 δὲ
62 2647 77 2675 ὁ
93 2642 225 2678 Ἰουδαῖος
249 2645 369 2678 πλείονος
392 2645 528 2674 ἀπέλαυσε
553 2645 600 2680 τῆς
625 2643 817 2681 διδασκαλίας,

0 2689 139 2727 ,μείζονος
157 2689 204 2720 καὶ
219 2689 349 2731 τιμωρίαι,
364 2690 435 2725 ἄξιος
451 2689 482 2719 ἂν
503 2689 555 2726 εἴη.
580 2700 594 2719 (ι
605 2687 719 2719 Δυνατοὶ
735 2700 751 2718 n
767 2687 818 2728 γὰρ

61 2761 95 2783 ι*
111 2761 204 2792 Exod.
220 2768 265 2796 ιγ,
283 2764 326 2791 21.

868 2330 928 2359 erit.
945 2331 1016 2359 Nam
1038 2331 1173 2360 viviﬁcare
1193 2333 1334 2369 proprium
1347 2337 1388 2362 est
1406 2334 1457 2362 Dei
1474 2344 1480 2362 :
1505 2342 1588 2370 poena
1602 2343 1668 2365 vero

869 2383 885 2403 a
908 2379 1000 2404 nostra
1025 2376 1152 2405 socordia
1175 2377 1284 2406 accidit.
1310 2379 1380 2406 Cum
1401 2386 1495 2408 autem
1520 2391 1534 2404 «ι
1556 2388 1670 2409 omnem

871 2419 992 2449 animam
1007 2420 1127 2450 hominis
1157 2433 1171 2447 ιι
1201 2422 1250 2457 ait,
1266 2423 1403 2451 contrahit
1426 2428 1453 2452 et
1474 2424 1617 2454 imminuit
1635 2426 1672 2455 l'a—

870 2469 944 2494 stum
952 2467 1155 2495 Romanorum.
1167 2467 1276 2495 Etiamsi
1286 2467 1359 2496 enim
1370 2468 1519 2505 imperator
1531 2470 1670 2507 quispiam

870 2509 961 2545 fuerit,
984 2519 1040 2539 non
1061 2511 1157 2539 evadet
1166 2511 1314 2548 judicium,
1330 2513 1353 2540 si
1368 2513 1473 2542 malum
1493 2519 1630 2551 operatur,
1646 2516 1674 2544 id

870 2559 923 2589 est,
938 2555 959 2583 si
974 2561 1128 2592 perseverat
1154 2557 1182 2584 in
1207 2557 1292 2591 malo,
1315 2561 1344 2586 et
1359 2566 1415 2587 non
1441 2559 1594 2596 resipiscat.
1610 2562 1674 2588 Non

871 2601 944 2629 enim
966 2601 1046 2635 dixit,
1062 2601 1236 2638 ἐργαζόμενος,
1263 2603 1291 2632 id
1316 2608 1367 2639 est,
1391 2609 1528 2641 operatus,
1553 2605 1602 2634 sed
1625 2605 1676 2631 Καὶ

872 2646 1062 2683 τεργαζόμενοι,
1087 2647 1140 2676 hoc
1156 2652 1208 2682 est,
1232 2654 1436 2685 perseveranter
1460 2657 1587 2686 operans,
1617 2650 1676 2678 sive

873 2691 1034 2722 exercitium
1054 2691 1156 2722 faciens
1179 2701 1212 2722 ex
1232 2694 1315 2724 melo.
1338 2694 1478 2730 Quoniam
1506 2702 1571 2724 vero
1584 2694 1676 2724 Judaei

722 2799 820 2831 Variae
842 2799 996 2832 lectiones.

55 2882 77 2902 ⁵⁸
92 2885 285 2917 ἃνταποόὁσεως
301 2893 327 2914 o.
367 2884 388 2903 "
403 2884 514 2912 ἀπειθεῖν
529 2883 572 2921 μὲν
587 2885 618 2921 τῇ
633 2882 754 2920 ἀληθείᾳ,
768 2884 892 2913 πείθεσθαι
908 2884 935 2912 δὲ
948 2881 978 2922 τῇ
993 2884 1077 2922 ἀδικίᾳ
1087 2894 1113 2915 ο.
1152 2883 1175 2904 ⁷ο
1190 2886 1283 2914 νοεῖται
1296 2895 1320 2915 ο.
