1927 3076
254 191 306 218 367

762 186 1019 216 THEOPHYLACTI
1039 185 1216 213 BULGARle
1234 186 1392 214 ARCHIEP.

1860 190 1907 216 368

253 253 380 282 uberiore
392 252 515 281 doctrina
537 255 564 280 et
575 251 745 280 institutione
765 250 864 279 imbuti
891 250 979 284 fuere,
994 256 1037 277 ma

1148 250 1258 282 ῖυνατῶς
1283 249 1490 287 ἐτασθήσονται,
1515 260 1530 279 υ
1557 249 1602 280 καὶ
1627 251 1651 279 οἱ
1670 251 1774 289 μᾶλλον
1801 251 1907 281 συνετοὶ

248 298 311 334 jore
321 297 400 334 juxta
416 296 548 333 supplicio
563 295 635 333 digni
649 295 761 324 fuerint.
778 306 790 320 ι
804 295 934 323 Potentes
950 304 963 318 ιι
979 293 1055 321 cnim

253 353 266 367 ι
276 345 400 378 potenter
411 341 640 370 examinabuntur
654 345 678 377 ι,
692 344 742 369 »οι
755 339 842 377 magis
856 339 1054 376 intelligentes,

250 386 339 423 magis
359 386 521 423 punientur.

286 433 377 460 Vnus.
400 432 491 460 10-11.
515 439 531 458 ιι
552 430 646 460 Gloria
669 434 764 460 autem
788 433 817 458 et
839 429 930 458 honor
953 432 982 458 et
1003 436 1054 466 pax

255 475 332 504 omni
350 476 471 512 operanti
497 475 613 510 bonum,
637 474 734 504 Judmo
753 474 874 511 primum
895 478 924 502 et
944 473 1052 502 Graeco.

251 522 315 550 Non
327 526 369 550 est
381 521 453 550 enim
476 520 600 557 acceptio
613 527 792 557 personarum
817 518 890 556 apud
911 519 1014 548 Deum.
1036 527 1050 545 ››

250 567 354 603 Scopus
363 570 406 595 est
428 566 562 603 Apostolo
576 569 729 595 monstrare
747 566 777 593 in
796 564 982 601 sequentibus,
1008 563 1054 591 ni-

251 610 288 639 hil
319 611 449 647 prodesse
474 611 723 645 circumcisionem,
758 609 827 638 nihil
856 609 924 638 item
957 609 1053 638 obesse

250 656 427 692 praeputium,
451 664 484 685 ac
493 656 623 685 inducere
636 655 753 692 posthac
768 654 864 689 ﬁdem,
886 661 948 690 quae
965 652 1053 681 homi-

249 708 313 728 nem
325 700 466 737 justiﬂcet.
485 702 546 729 Hoc
570 700 655 736 igitur
668 699 723 728 sibi
742 698 854 736 praeﬁxo
869 706 963 734 scopo,
979 705 1051 733 pra:-

249 746 371 774 concutit
384 753 456 774 nunc
467 753 511 774 res
531 745 709 774 Judaeorum.
734 743 935 772 Animadverte
960 743 1052 779 itaque

249 791 421 827 sapientiam.
437 792 555 819 Enarrat
577 798 640 827 qua:
655 793 721 818 sunt
742 793 806 818 ante
831 788 934 817 Christi
949 788 1052 817 adven-

250 839 322 870 tum,
337 839 366 864 et
388 835 463 872 quod
476 834 599 864 mundus
619 834 702 863 fuerit
719 834 839 870 repletus
864 833 979 868 malitia,
991 837 1052 861 tum

249 880 324 916 quod
343 880 515 916 castigationi
532 879 637 908 fuerint
662 878 785 913 obnoxii,
798 878 911 907 Judaeus
930 878 1051 914 primum

249 929 277 953 et
291 926 416 954 Graecus.
430 925 502 953 Cum
527 932 592 953 vero
618 931 668 961 pro
693 923 819 952 confesso
844 923 1048 959 assumpsisset,
1065 936 1090 968 Β

248 969 324 1006 quod
337 971 453 999 Graecus
467 969 603 998 malorum
616 977 733 1006 operum
746 976 842 1005 poenas
857 969 934 1003 luet;
950 969 985 996 ad
1001 976 1050 997 eo-

248 1014 312 1044 dem
325 1015 408 1044 simul
424 1015 478 1050 19
489 1014 586 1043 astruit
608 1013 681 1050 quod
695 1018 723 1042 et
744 1013 881 1042 bonorum
895 1013 1050 1042 mercedem

249 1061 326 1090 feret.
348 1060 458 1098 Quodsi
466 1061 500 1090 ab
512 1060 644 1097 operibus
662 1064 690 1088 et
707 1060 798 1089 honos
806 1059 932 1097 provenit
941 1060 1052 1096 etigno-

249 1105 345 1140 minia,
367 1104 496 1142 sequitur
510 1104 599 1141 legem
614 1108 642 1133 et
661 1104 901 1133 circumcisionem
916 1103 1050 1140 superﬂua

249 1158 327 1185 esse;
350 1158 401 1179 nec
422 1149 563 1186 superﬂua
586 1153 705 1184 tantum,
730 1158 828 1178 verum
851 1149 935 1178 etiam
951 1148 1050 1177 Judazo

248 1194 362 1232 majoris
374 1194 497 1231 supplicii
520 1201 624 1223 causas.
653 1194 681 1222 Si
700 1194 776 1222 enim
796 1195 911 1223 Graecus
933 1201 994 1222 eam
1014 1193 1050 1222 ob

248 1246 369 1273 causam,
382 1237 456 1274 quod
472 1246 530 1266 non
539 1246 555 1266 a
581 1242 720 1273 creatura,
734 1238 859 1274 adeoque
872 1241 978 1266 natura:
991 1238 1050 1272 lege

247 1283 399 1317 institutus,
408 1283 455 1317 sit,
476 1282 699 1318 condemnatur;
719 1283 808 1311 multo
821 1282 911 1319 magis
924 1282 1047 1316 Judaaus,

247 1329 293 1365 qui
305 1337 369 1357 eum
389 1328 442 1361 his,
468 1328 549 1357 etiam
574 1336 636 1365 quae
656 1336 672 1356 a
692 1329 751 1364 lege
773 1333 828 1363 est,
852 1327 1007 1356 doctrinam
1022 1331 1050 1356 et

246 1373 439 1402 educationem
459 1373 571 1409 accepit.
595 1374 716 1409 Scopum
732 1372 815 1409 igitur
832 1380 895 1400 cum
909 1372 1048 1406 didiceris,

246 1426 411 1455 prosequere
430 1417 494 1446 dein
513 1422 541 1446 et
564 1417 655 1446 verba.
680 1417 794 1446 Graecos
806 1421 900 1445 autem
914 1417 959 1445 hic
973 1417 1047 1454 dicit,

246 1471 303 1492 non
318 1463 455 1492 idolorum
466 1462 595 1497 cultores,
610 1462 658 1490 sed
672 1462 735 1496 Dei,
760 1466 788 1490 et
800 1466 907 1490 naturae
921 1461 973 1498 legi
986 1470 1049 1490 mo-

245 1516 304 1537 rem
329 1513 455 1545 gerentes
479 1511 508 1535 et
530 1507 597 1535 citra
620 1507 708 1543 legem
730 1506 774 1542 pie
803 1506 933 1541 viventes,
960 1507 1049 1543 qualis

245 1553 437 1588 Melchisedec,
463 1552 551 1588 qualis
575 1552 638 1587 Job,
661 1552 755 1588 quales
789 1551 924 1588 Ninivitae,
952 1553 1048 1589 qualis,

244 1597 356 1626 tandem
384 1597 537 1626 Cornelius.
554 1597 616 1625 Pari
639 1597 749 1625 ratione
768 1596 881 1626 Judaios
907 1597 975 1625 dicit
988 1606 1046 1633 eos,

244 1643 292 1679 qui
315 1647 377 1671 ante
400 1642 503 1671 Christi
529 1642 676 1672 adventum
701 1643 805 1671 vixere.
828 1644 950 1671 Daturus
970 1643 1042 1671 enim

244 1695 357 1724 operam
370 1692 401 1716 ut
423 1688 594 1717 demonstret
616 1688 855 1717 circumcisionem
870 1688 937 1716 nihil
954 1689 1042 1717 valere

243 1733 359 1761 recurrit
376 1733 410 1762 ad
428 1733 570 1770 superiora
585 1737 718 1770 tempora,
738 1733 864 1762 indicans
892 1733 961 1761 nihil
999 1733 1042 1761 in-

243 1777 368 1806 terfuisse
390 1778 461 1807 inter
482 1778 611 1807 Graecum
622 1778 675 1807 Dei
695 1778 842 1812 colentem,
864 1781 892 1806 et
914 1777 1043 1806 Judaeum

243 1823 314 1852 bona
337 1828 506 1859 operantem.
529 1824 592 1852 Jam
629 1823 651 1852 si
678 1827 740 1852 ante
754 1823 859 1852 Christi
884 1822 1041 1858 adventum,

242 1867 351 1905 quando
366 1868 540 1905 potissimum
556 1867 694 1897 ﬂorebant
707 1868 833 1904 Iudaica,
847 1868 915 1896 nihil
929 1872 1040 1904 praesta-

241 1910 288 1941 bat
308 1913 405 1942 Graeco
425 1913 548 1947 Iudaeus,
571 1913 661 1942 multo
687 1913 779 1942 minus
799 1913 911 1950 quando
934 1914 977 1942 lex
1002 1917 1043 1942 est

241 1957 352 1986 abolita.
368 1959 431 1986 Huc
444 1962 538 1986 autem
558 1962 675 1994 spectat,
699 1962 730 1986 ut
750 1959 914 1987 Judaeorum
939 1958 1041 1986 fastum

240 2002 360 2039 dejiciat,
373 2003 420 2039 qui
445 2010 502 2031 non
529 2002 711 2031 admittebant
741 2010 788 2030 eos
808 2003 854 2038 qui
870 2011 903 2031 ex
917 2002 1042 2039 gentibus

240 2051 328 2076 erant.
341 2058 355 2072 α
370 2047 476 2082 Gloria,
496 2059 508 2071 ιι
519 2046 618 2083 inquit,
633 2059 646 2072 ει
662 2050 691 2075 et
701 2046 793 2074 honor
804 2051 832 2074 et
842 2055 903 2083 pax,
922 2059 935 2072 ν
946 2047 1040 2076 Mundi

239 2092 321 2129 hujus
332 2092 404 2121 bona
422 2100 533 2128 semper
554 2092 624 2120 bella
644 2096 672 2120 et
685 2092 821 2120 tumultus
839 2092 952 2127 habent,
973 2092 1041 2120 iuvi-

239 2137 293 2166 diae
312 2141 340 2166 et
355 2137 461 2166 insidiis
476 2136 598 2173 exposita
615 2147 622 2165 :
645 2144 686 2171 ac,
705 2136 790 2165 etiam
804 2136 826 2165 si
848 2144 932 2165 nemo
955 2136 1039 2165 forin-

239 2189 320 2211 secus
333 2182 445 2211 insidias
454 2181 613 2215 meditetur,
629 2181 685 2218 ipse
700 2185 791 2210 tamen
802 2181 861 2210 haec
875 2181 1042 2218 possidens,-

1109 294 1210 332 μᾶλλον
1226 293 1447 330 κολασθήσονται.

1148 443 1160 458 ι
1176 429 1246 465 Δόξα
1263 429 1350 460 δὲκαὶ
1366 431 1430 470 τιμὴ
1446 430 1492 461 καὶ
1507 431 1597 472 εἰρήνη
1609 431 1689 462 παντὶ
1704 432 1742 472 τῷ
1756 432 1909 472 ἐργαζομέ-

1108 487 1144 516 νῳ
1159 475 1189 505 τὸ
1206 475 1321 516 ἀγαθὸν,
1338 476 1460 516 Ἰουδαίῳ
1475 488 1505 506 τε
1520 478 1638 517 πρῶτον,
1657 475 1705 506 καὶ
1720 476 1855 513 Ἕλληνι.
1872 478 1909 507 Οὖ

1107 520 1158 560 γὰρ
1173 521 1229 550 ἐστι
1252 521 1463 562 προσωποληψία
1490 521 1565 560 παρὰ
1589 522 1628 561 τῷ
1652 523 1727 562 Θεῷ.
1752 532 1767 551 υ
1799 522 1910 555 Σκοπός

1108 566 1164 595 ἐστι
1179 567 1217 606 τῷ
1232 565 1385 606 Ἀποστόλῳ
1401 566 1482 601 δεῖξαι
1502 567 1529 596 ἐν
1553 570 1608 600 τοῖς
1631 566 1704 603 ἑξῆς,
1725 566 1809 605 μηδὲν
1833 567 1910 607 ὢφε-

1107 610 1204 641 λοῧσαν
1218 613 1267 647 τὴν
1283 611 1448 651 περιτομὴν,
1473 611 1541 650 μηδὲ
1566 611 1614 647 τὴν
1640 611 1820 651 ἀκροϐυστίαν
1841 611 1911 652 βλά-

1106 667 1240 691 πτουσαν,
1261 655 1306 685 καὶ
1329 656 1480 696 εἰσαγαγεῖν
1499 655 1592 686 λοιπὸν
1607 655 1655 692 τὴν
1679 655 1770 687 πίστιν
1785 657 1911 686 δικαιοῦ-

1107 712 1156 730 σαν
1170 700 1215 730 τὸν
1231 699 1379 741 ἄνθρωπον.
1393 701 1479 731 Τοῦτο
1495 703 1556 740 γοῦν
1576 701 1644 741 ἔχων
1659 702 1774 738 σκοπὸν,
1791 702 1911 742 προδια-

1106 744 1213 774 σαλεύει
1231 747 1278 774 ν’ῠν
1299 745 1333 774 τὰ
1347 747 1399 776 τῶν
1415 745 1563 776 Ἰουδαίων.
1591 746 1645 776 Καὶ
1661 744 1711 785 ὅρα
1726 746 1834 787 σοφίαν·
1861 751 1911 778 Δι-

1106 793 1210 829 ηγεῖται
1224 789 1258 819 τὰ
1281 791 1334 830 πρὸ
1349 792 1396 826 τῆς
1414 793 1459 820 τοῦ
1481 791 1599 830 Χριστοῦ
1620 790 1777 830 παρουσίας,
1797 792 1850 821 καὶ
1873 793 1910 821 ὅτι

1107 836 1121 863 6
1136 834 1235 873 κόσμος
1249 835 1411 874 πεπλήρωτο
1425 834 1570 875 πονηρίας,
1586 834 1631 865 καὶ
1647 835 1687 865 ὅτι
1705 836 1814 866 κολάσει
1836 832 1909 872 ἦσαν

1107 878 1228 909 ὗπόδικοι
1237 901 1246 918 ,
1257 881 1272 908 6
1286 879 1412 914 Ἰουδαῖος
1426 881 1531 920 πρῶτον
1541 902 1550 917 ,
1570 879 1616 909 καὶ
1635 881 1649 909 6
1662 880 1778 916 Ἕλλην.
1803 880 1910 910 Λαϐὼν

1107 923 1134 953 δὲ
1147 924 1350 963 ὡμολογημένον
1361 947 1370 963 ,
1382 924 1422 954 ὅτι
1434 924 1628 959 κολασθήσεται
1642 926 1657 954 6
1665 923 1772 962 Ἕλλην
1788 925 1837 955 ἐπὶ
1857 930 1911 959 τοῖς

1106 972 1215 1005 κακοῖς,
1243 968 1291 998 ἀπ’
1314 969 1394 998 αὐτοῦ
1415 969 1623 1007 κατασκευάζει,
1645 969 1685 998 ὅτι
1710 969 1757 999 καὶ
1779 970 1824 1000 ἐπὶ
1854 975 1911 1005 τοῖς

1106 1014 1214 1053 ἀγαθοῖς
1237 1014 1422 1052 τιμηθήσεται.
1447 1015 1480 1044 Εἰ
1501 1013 1529 1043 δὲ
1551 1013 1605 1043 ἀπὸ
1624 1015 1676 1044 τῶν
1701 1014 1785 1055 ἔργων
1800 1016 1817 1051 ἡ
1836 1016 1909 1055 τιμὴ

1105 1058 1151 1088 καὶ
1167 1060 1183 1095 ἡ
1197 1059 1290 1097 ἀτιμία
1314 1057 1414 1096 ἔπεισι,
1427 1060 1547 1099 περιττὸς
1568 1058 1661 1089 λοιπὸν
1672 1060 1686 1089 6
1701 1060 1779 1098 νόμος
1789 1082 1798 1099 ,
1821 1061 1878 1090 καὶ
1893 1063 1908 1096 ἡ

1105 1102 1245 1143 περιτομή·
1262 1102 1308 1133 καὶ
1330 1104 1359 1133 οὖ
1374 1104 1453 1142 μόνον
1469 1103 1606 1144 περιττὸς,
1622 1104 1693 1134 ἀλλὰ
1716 1105 1762 1134 καὶ
1783 1105 1909 1139 πλείονος

1105 1147 1240 1182 κολάσεως
1257 1149 1295 1188 τῷ
1317 1147 1440 1189 Ἰουδαίῳ
1461 1147 1595 1189 πρόξενος.
1620 1149 1657 1180 Εἰ
1681 1148 1732 1189 γὰρ
1757 1151 1771 1179 6
1795 1148 1909 1187 ⁸Ελλην

1104 1193 1147 1223 διὰ
1167 1192 1198 1222 τὸ
1219 1193 1257 1232 μὴ
1279 1191 1330 1222 ὑπὸ
1355 1195 1402 1230 τῆς
1417 1193 1527 1233 κρίσεως
1545 1193 1592 1223 καὶ
1614 1195 1661 1224 τοῦ
1685 1195 1794 1233 φυσικοῦ
1818 1194 1909 1234 νόμου

1103 1238 1294 1275 παιδευθῆναι,
1317 1237 1522 1278 κατακρίνεται·
1547 1239 1639 1278 πολλῷ
1668 1239 1771 1277 μᾶλλον
1794 1240 1808 1268 ὁ
1835 1239 1910 1270 Ἰου-

1103 1283 1191 1319 δαῖος,
1206 1282 1274 1321 μετὰ
1298 1281 1396 1312 τούτων
1410 1282 1433 1302 ⁷⁸
1459 1283 1506 1312 καὶ
1525 1282 1573 1319 τὴν
1589 1284 1644 1313 ἀπὸ
1665 1286 1709 1313 τοῦ
1723 1283 1806 1322 νόμου
1820 1287 1908 1314 me.

1103 1328 1220 1367 αγωγίαν
1234 1326 1336 1358 λαϐών.
1354 1326 1432 1357 Ἐπεὶ
1446 1330 1509 1367 γοῦν
1525 1327 1620 1367 ἔμαθες
1633 1328 1678 1358 τὸν
1701 1329 1814 1366 σκοπὸν,
1832 1341 1908 1371 παρ-

1103 1371 1239 1402 ακολούθει
1255 1371 1346 1402 λοιπὸν
1363 1371 1409 1402 καὶ
1484 1372 1553 1407 λέξει
1574 1372 1612 1402 ⁷³.
1631 1372 1770 1410 Ἕλληνας
1785 1374 1906 1405 ἐνταῦθα

1101 1417 1183 1456 λέγει,
1196 1417 1226 1447 οὖ
1246 1416 1306 1451 τοὺς
1319 1417 1513 1457 εἰδωλολάτρας
1522 1440 1531 1454 ,
1549 1417 1619 1448 ἀλλὰ
1634 1417 1694 1452 τοὺς
1709 1418 1907 1454 θεοσεϐοῧν-τας

1101 1461 1147 1491 καὶ
1167 1461 1226 1495 τοὺς
1250 1463 1289 1501 τῷ
1317 1463 1421 1503 φυσικῷ
1444 1461 1614 1504 πειθομένους
1637 1462 1728 1504 νόμῳ,
1751 1463 1799 1492 καὶ
1824 1465 1907 1494 εὗσε-

1103 1506 1214 1549 ϐρῦντας
1227 1506 1308 1546 χωρὶς
1326 1506 1424 1549 νόμοις
1438 1502 1488 1541 οἶος
1500 1508 1514 1536 6
1531 1502 1719 1547 Μελχισεδὲκ,
1735 1502 1787 1541 οἶος
1797 1510 1812 1538 6
1823 1507 1907 1549 Ἰὼϐ,

1101 1546 1152 1580 οἷοι
1166 1552 1189 1581 οἱ
1212 1551 1364 1588 Νινευῖται,
1388 1546 1440 1585 οἶος
1459 1553 1473 1580 6
1489 1551 1634 1592 Κορνήλιος
1658 1546 1781 1591 ὕστερον·
1807 1546 1907 1584 dicanti;

1102 1608 1152 1629 τως
1173 1595 1218 1625 καὶ
1243 1595 1404 1632 Ἰουδαίους,
1428 1597 1489 1629 τοὺς
1512 1596 1564 1636 πρὸ
1589 1598 1635 1632 τῆς
1656 1597 1774 1637 Χριστοῦ
1796 1609 1907 1638 παρου-

1097 1640 1167 1674 σίας.
1191 1641 1353 1676 Σπουδάζων
1368 1639 1420 1680 γὰρ
1435 1640 1535 1678 δεῖξαι,
1558 1641 1599 1670 δτι
1620 1643 1637 1678 ἡ
1661 1641 1794 1682 περιτομὴ
1820 1644 1906 1674 οὐδὲν

1097 1684 1200 1725 ἰσχύει,
1223 1685 1364 1726 ἀνατρέχει
1375 1686 1411 1719 εἰς
1430 1685 1489 1719 τοὺς
1513 1685 1568 1715 ἄνω
1586 1686 1708 1726 χρόνους,
1730 1687 1776 1717 καὶ
1793 1687 1906 1718 δείκνυ-

1097 1742 1137 1760 σιν
1147 1753 1156 1769 ,
1175 1729 1215 1760 ὅτι
1230 1730 1302 1759 οὐδὲν
1321 1726 1353 1766 ἧν
1367 1729 1397 1759 τὸ
1413 1730 1535 1770 διάφορον
1552 1729 1686 1768 Ἕλληνος
1704 1732 1905 1771 θεοσεϐοῧντος,

1096 1775 1141 1804 καὶ
1171 1776 1391 1816 ἆγαθοεργοῦντος
1419 1774 1560 1806 Ἰουδαίου.
1592 1777 1626 1806 Εἰ
1652 1775 1680 1805 δὲ
1704 1776 1756 1816 πρὸ
1782 1779 1831 1813 τῆς
1853 1782 1904 1808 τοῦ

1095 1821 1211 1859 Χριστοῦ
1230 1820 1391 1860 παρουσίας,
1413 1819 1456 1849 ὅτε
1480 1821 1582 1859 μᾶλλον
1597 1820 1669 1856 ἤνθει
1690 1820 1725 1850 τὰ
1742 1821 1904 1859 Ἰουδαϊκὰ,

1095 1865 1169 1895 οὐδὲν
1182 1860 1214 1901 ἦν
1227 1867 1316 1895 πλεῖον
1329 1865 1356 1884 ⁷³
1373 1866 1411 1905 τῷ
1426 1864 1548 1906 Ἰουδαίῳ
1560 1877 1567 1884 ·
1583 1867 1675 1905 πολλῷ
1697 1867 1798 1904 μᾶλλον
1819 1868 1870 1897 ὅτε
1890 1872 1905 1899 6

1095 1909 1173 1948 νόμος
1184 1909 1298 1949 ἤργησε.
1312 1911 1408 1940 Ταῦτα
1424 1909 1451 1939 δὲ
1470 1909 1609 1949 βούλεται,
1628 1909 1672 1940 ἵνα
1688 1911 1830 1950 καταϐάλῃ
1850 1913 1903 1943 τὸν

1095 1956 1174 1994 τ’ὖφον
1188 1955 1240 1983 τῶν
1259 1954 1414 1991 Ἰουδαίων,
1437 1954 1475 1992 μὴ
1498 1955 1649 1995 δεχομένων
1675 1954 1734 1989 τοὺς
1757 1955 1783 1990 ἐξ
1797 1958 1903 1989 ἐθνῶν.

1095 2012 1107 2025 ιι
1123 1998 1207 2035 Δόξα,
1218 2009 1233 2027 n
1249 1998 1314 2039 φησὶ
1327 1998 1363 2035 ⁷⁴,
1374 2012 1386 2026 α
1400 1998 1446 2028 καὶ
1456 1998 1535 2038 τιμὴ,
1546 2000 1592 2029 καὶ
1606 1999 1711 2040 εἰρήνη.
1726 2014 1739 2027 ιο
1749 2000 1791 2031 Τὰ
1804 2001 1860 2039 μὲν
1874 2005 1904 2023 ⁷⁵

1095 2046 1141 2072 τοῦ
1156 2043 1257 2080 κόσμου
1270 2043 1356 2083 ἀγαθὰ
1366 2068 1373 2079 ,
1388 2043 1429 2073 ἀεὶ
1444 2044 1577 2083 πολέμους
1588 2045 1634 2074 καὶ
1649 2045 1770 2085 ταραχὰς
1780 2046 1882 2086 ἔχουσι
1893 2072 1902 2086 ,

1094 2088 1256 2129 φθονούμενοι
1273 2088 1318 2118 καὶ
1336 2088 1569 2128 ἐπιϐουλευόμενα’
1580 2089 1631 2119 κᾶν
1645 2090 1736 2129 μηδεὶς
1748 2089 1850 2124 ἔξωθεν
1870 2095 1901 2113 ⁷⁵

1095 2132 1269 2173 ἐπιϐουλεόῃ,
1295 2133 1373 2167 αὐτός
1392 2145 1422 2172 γε
1439 2135 1452 2163 6
1473 2136 1558 2165 ταῦτα
1573 2134 1641 2174 ἔχων
1666 2135 1708 2164 ἀεὶ
1730 2135 1904 2175 ταράττεται

1095 2181 1150 2211 τοῖς
1165 2179 1313 2216 λογισμοῖς.
1331 2177 1366 2208 Ἦ
1381 2178 1409 2207 δὲ
1430 2178 1505 2218 παρὰ
1525 2180 1589 2219 Θεῷ
1604 2179 1665 2214 δόξα
1677 2203 1686 2218 ,
1703 2179 1749 2209 καὶ
1769 2182 1787 2216 ἡ
1809 2182 1904 2222 τιμὴ,

239 2226 452 2264 cogitationibus
475 2225 533 2254 suis
554 2229 685 2262 perpetuo
713 2226 847 2255 turbatur.
880 2227 949 2261 Quae
976 2235 1039 2256 vero

1159 2222 1264 2263 εἰρήνην
1286 2222 1392 2263 ἔχουσι,
1410 2223 1452 2252 διὰ
1473 2223 1504 2253 τὸ
1523 2224 1757 2262 ἀνεπιϐούλευτον,
1775 2225 1822 2255 καὶ
1846 2229 1903 2264 τὴν

239 2272 314 2308 apud
328 2273 420 2299 Deum
435 2274 509 2306 sunt,
526 2270 612 2307 gloria
619 2275 646 2298 et
660 2271 762 2306 honor,
778 2279 874 2308 pacem
889 2272 1031 2300 continent
1036 2299 1045 2314 ,

240 2325 274 2345 eo
284 2316 360 2352 quod
375 2315 494 2350 insidiis,
503 2320 531 2344 et
544 2316 743 2352 cogitationum
756 2317 834 2345 turba
849 2321 958 2345 vacant.
974 2318 1043 2353 Quia

239 2368 302 2389 vero
317 2359 475 2389 incredibile
494 2360 649 2394 videbatur,
666 2365 696 2390 ut
710 2361 906 2399 Graecusjsive
919 2362 1043 2397 Gentilis)

238 2406 267 2433 in
287 2405 360 2433 hunc
379 2405 569 2434 admitteretur
593 2405 738 2440 honorem,
754 2406 856 2443 quippe
886 2406 932 2443 qui
951 2415 1041 2443 neque

205 2474 209 2477 .
238 2450 327 2487 legem
350 2457 440 2486 neque
457 2450 605 2486 prophetas
628 2450 776 2486 audiverit,
798 2451 948 2480 conﬁrmat
962 2451 991 2480 id
1005 2460 1038 2480 ex

238 2495 290 2523 hoc
305 2495 378 2531 quod
398 2497 473 2524 Deus
486 2503 542 2524 non
567 2496 603 2524 sit
618 2504 798 2532 personarum
822 2501 959 2533 acceptor.
974 2498 1037 2525 Non

237 2539 310 2568 enim
325 2547 455 2576 personas
469 2545 617 2573 reveretur,
644 2540 693 2569 sed
715 2548 769 2575 res,
789 2540 888 2577 inquit,
910 2545 937 2569 et
951 2549 1036 2577 opera

235 2585 369 2622 explorat.
391 2585 529 2621 Quoniam
550 2585 634 2623 igitur
658 2586 772 2615 Graecus
791 2586 862 2614 nihil
890 2584 986 2616 differt
1005 2585 1034 2614 in

268 2672 282 2691 ν
296 2668 359 2705 Sap.
373 2674 419 2702 τι,
436 2669 465 2696 7.

1099 2270 1125 2298 ἐν
1152 2272 1205 2301 τοῖς
1230 2268 1366 2308 λογισμοῖς
1393 2268 1550 2309 ἀταραξίαν.
1583 2269 1693 2306 Ἐπειδὴ
1723 2270 1750 2299 δὲ
1779 2269 1902 2303 ἄπιστον

1098 2313 1183 2343 ἐδόκει
1195 2312 1225 2342 τὸ
1243 2315 1371 2351 τιμᾶσθαι
1385 2312 1428 2342 τὸν
1443 2313 1579 2351 Ἕλληνα,
1596 2313 1633 2353 μὴ
1655 2314 1750 2352 νόμου,
1772 2314 1811 2353 μὴ
1827 2328 1902 2357 προ-

1097 2360 1185 2400 φητῶν
1218 2357 1386 2400 ἀκούσαντα)
1420 2359 1612 2393 κατασκευάζει
1650 2362 1728 2389 τοῦτο
1771 2361 1802 2389 ἐκ
1846 2366 1900 2393 τοῦ

1096 2402 1341 2444 ἄπροσωπόληπτον
1358 2396 1424 2432 εἶναι
1445 2403 1489 2433 τὸν
1506 2403 1586 2434 Θεόν.
1613 2404 1655 2433 Οὖ
1681 2403 1733 2444 γὰρ
1756 2404 1898 2444 πρόσωπα

1093 2449 1273 2485 δυσωπεῖται,
1291 2447 1360 2477 ἀλλὰ
1372 2447 1535 2487 πράγματα,
1548 2448 1627 2489 φησὶν
1639 2470 1648 2485 ,
1664 2448 1791 2484 ἐξετάζει.
1808 2449 1898 2482 Ἐπεὶ

1091 2493 1203 2523 τοίνυνὸ
1222 2491 1327 2528 Ἕλλην
1351 2493 1380 2522 οὖ
1407 2492 1524 2533 διαφέρει
1550 2495 1597 2523 τοῦ
1621 2492 1753 2524 Ἰουδαίου
1777 2495 1805 2524 ἐν
1833 2501 1898 2530 τοῖς

1090 2538 1260 2578 πράγμασιν,
1274 2537 1347 2566 οὐδὲν
1361 2537 1458 2578 κωλύει
1474 2538 1501 2557 ⁷⁷
1515 2537 1609 2574 ἐπίσης
1625 2538 1705 2569 αὐτὸν
1724 2541 1892 2578 τιμηθῆναι.

1088 2577 1177 2613 ’Ὥστε
1191 2582 1230 2622 μὴ
1244 2584 1425 2623 κατακαυχῶ,
1435 2577 1457 2612 ὦ
1470 2582 1594 2623 Ἰουδαῖε,
1608 2587 1655 2614 τοῦ
1665 2582 1692 2618 ἐξ
1702 2584 1801 2624 ἐθνῶν,
1819 2585 1897 2625 μετᾶ

925 2717 1021 2750 Variae
1043 2717 1196 2751 lectiones.

269 2797 290 2816 ”¹¹
318 2796 381 2834 μετὰ
403 2798 533 2836 τοῦτο’ω.
570 2796 594 2816 ’⁷³
616 2807 640 2825 τι
666 2796 735 2835 λέγει
755 2807 793 2827 m.
834 2798 857 2818 ⁷⁸
870 2799 945 2828 πλέον
960 2807 1001 2828 m.
1040 2798 1130 2836 τζετε
1141 2807 1210 2836 ρον.
1235 2799 1298 2831 Δόξα
1313 2798 1339 2826 δέ
1359 2808 1419 2835 φησι
1435 2807 1475 2827 m.
1513 2797 1534 2817 ⁷⁵
1558 2798 1589 2827 τὰ
1606 2799 1650 2836 μὲν
1676 2798 1734 2836 γὰρ.
1774 2799 1797 2818 ⁷⁸
1811 2800 1839 2827 δὲ
1864 2809 1893 2830 ο.

231 2837 253 2856 ⁷⁷
265 2839 293 2866 τὸ
307 2838 404 2867 κωλύον
416 2847 443 2868 ο.
