1927 3076
48 161 103 189 369

519 161 694 191 EXPOSITIO
714 162 746 191 ΙΝ
765 163 871 192 EPIST.
891 164 937 193 AD
955 163 1040 193 ROM.
1058 179 1094 186 —
1111 165 1186 194 CAP.
1206 166 1239 194 ll.

1650 164 1704 192 370

46 225 101 261 τὴν
124 226 170 254 τοῦ
185 224 269 263 νόμου
287 224 398 265 ἀργίαν·
421 224 488 255 ὅπου
503 236 549 264 γε,
569 225 613 256 ὅτε
634 225 708 262 ἤνθει
733 226 767 257 τὰ
795 226 829 256 σὰ
841 249 850 264 ,

907 227 990 256 rebus
1009 235 1025 256 a
1043 227 1140 257 Judmo
1160 228 1228 256 nihil
1252 227 1380 265 prohibet
1401 228 1549 264 quominus
1575 235 1704 264 peraeque

47 273 168 313 ἶσότιμός
179 285 222 304 σοι
235 269 267 310 ἧν
281 276 296 303 ὁ
306 272 424 312 Ἕλλην,
439 273 470 303 τὸ
484 274 581 314 ἀγαθὸν
593 275 688 306 ποιῶν.

897 274 1057 303 honoretur.
1073 273 1191 302 Proinde
1202 281 1238 302 ne
1253 273 1389 310 glorieris,
1410 273 1515 307 Judtee,
1528 276 1624 300 contra
1636 279 1700 301 eum

48 323 100 359 qui
123 327 166 352 est
179 331 213 352 ex
231 323 376 360 gentibus,
397 327 461 360 post
479 323 545 360 legis
559 324 783 361 abrogationem,
797 324 862 361 ubi,
883 318 997 359 quando
1011 322 1059 347 tua
1073 318 1226 353 ﬂorebant,
1248 318 1354 347 honore
1367 318 1417 347 tibi
1439 326 1488 355 par
1500 322 1560 346 erat
1571 318 1698 352 Graecus,

46 368 155 397 bonum
168 367 279 397 fadens.

97 425 113 443 α
124 413 208 443 Ὅσοι
225 413 278 454 γὰρ
303 412 408 452 ἀνόμως
433 412 553 452 ἥμαρτον
565 435 573 450 ,
597 414 702 453 ἀνόμως
719 414 765 445 καὶ
785 416 851 445 ἀπο-

47 459 170 488 λοῦνται·
198 458 245 488 καὶ
263 457 320 487 ὅσοι
349 457 463 496 ἐννόμως
484 457 510 477 ⁷⁸
534 457 671 499 ἥμαρτον,
702 459 746 490 διὰ
769 460 850 499 νόμου

49 504 233 543 κριθήσονται.
249 503 290 533 Οὖ
314 502 366 542 γὰρ
393 503 418 532 οἱ
440 503 570 542 ἀκροαταὶ
587 506 634 533 τοῦ
655 503 736 543 νόμου
754 505 850 534 δίκαιοι

47 547 126 588 παρὰ
137 550 177 588 τῷ
191 549 270 587 Θεῷ,
285 547 345 576 ἀλλ’
366 548 390 576 οἱ
412 546 522 582 ποιηταὶ
537 550 585 577 τοῦ
607 548 691 586 νόμου
706 548 849 586 δικαιωθή-

48 604 157 624 σονται.
173 604 188 622 ι»
205 591 326 626 Ἕδειξεν
347 590 419 630 ἄνω,
437 590 478 621 ὅτι
501 596 614 631 τιμαται
639 593 685 623 καὶ
709 595 723 623 ὁ
745 593 851 631 Ἕλλην

46 637 146 674 ἐπίσης
161 638 199 677 τῷ
215 636 335 676 Ἰουδαίῳ
344 647 352 655 ·
366 638 411 665 νῦν
424 635 555 666 δείκνυσιν
564 659 573 675 ,
586 637 627 667 ὅτι
646 638 673 667 δν
742 638 850 668 κολάσει

48 681 189 722 βαρυτέρα
202 684 220 718 ἡ
235 680 392 721 κατάκρισις
407 680 433 700 ⁷³
458 683 496 720 τῷ
517 681 649 722 Ἰουδαίῳ.
666 683 702 712 οι
724 682 773 722 μὲν
798 682 851 722 γὰρ

46 726 204 763 Ἕλληνες,
220 725 316 766 φησὶν,
338 725 442 764 ἀνόμως
457 725 594 766 ἥμαρτον,
610 727 746 764 τουτέστι,
769 727 852 767 χωρὶς

46 774 99 808 τῆς
130 771 185 801 ἀπὸ
205 773 250 800 τοῦ
276 769 358 809 νόμου
385 770 577 811 κατηχήσειικ·
607 771 647 801 διὸ
674 772 720 801 καὶ
747 772 851 811 ἀνόμως

48 817 230 854 ἀπολοῦνται,
241 815 377 852 τουτέστι,
385 815 598 852 κολασθήσονται
611 817 796 857 ἐλαφρότερον,
812 815 851 856 μὴ

940 414 1028 442 Vsus.
1044 415 1136 448 12,13.
1155 424 1168 438 α
1183 413 1346 450 Quicunque
1359 413 1435 442 enim
1449 413 1508 441 sine
1522 412 1582 448 lege
1602 419 1700 448 pecca-

906 462 1015 492 verunt,
1029 459 1088 486 sine
1098 458 1157 495 lege
1181 462 1208 486 et
1220 459 1349 494 peribunt
1365 469 1370 486 :
1393 462 1420 486 et
1432 458 1588 494 quicunque
1598 456 1625 484 in
1641 456 1701 492 lege

904 507 1098 539 peccaverunt,
1125 511 1174 539 per
1197 504 1286 539 legem
1307 502 1515 540 judicabuntur.
1535 503 1599 530 Non
1626 501 1701 529 enim

904 547 1046 576 auditores
1060 547 1126 584 legis
1136 548 1204 584 justi
1228 552 1293 576 sunt
1316 547 1390 584 apud
1403 549 1506 582 Deum,
1519 546 1568 575 sed
1581 546 1702 574 factores

905 595 970 631 legis
990 595 1226 631 justiﬂcabuntur.
1243 606 1256 619 ι
1273 594 1407 623 Indicavit
1425 602 1518 631 supra,
1531 593 1606 631 quod
1624 593 1702 622 Grae-

905 647 954 668 cus
961 639 1058 668 eodem
1070 647 1134 668 cum
1145 640 1242 668 Iudaeo
1253 639 1361 668 honore
1370 639 1493 668 afﬁcitur
1505 646 1598 667 :nunc
1610 642 1702 666 osten-

903 684 945 713 dit
958 684 1032 720 quod
1045 684 1170 721 supplicii
1185 689 1310 720 tempore
1322 684 1432 721 gravior
1445 683 1544 713 Iudaeo
1556 683 1650 712 futura
1667 683 1703 711 sit

904 729 1107 758 condemnatio.
1124 730 1212 758 Graeci
1225 730 1311 764 enim,
1327 729 1426 766 inquit,
1445 740 1458 754 α
1479 729 1540 757 sine
1565 729 1624 765 lege
1639 736 1700 764 pec-

905 778 1047 808 caverunt,
1062 786 1075 799 ι
1092 775 1146 802 hoc
1164 779 1215 808 est,
1233 775 1292 803 sine
1305 782 1337 803 ea
1349 782 1411 811 quas
1425 782 1474 810 per
1487 775 1579 810 legem
1598 777 1640 802 est
1655 773 1699 801 in-

905 819 1058 848 structions
1075 829 1081 847 :
1098 824 1241 856 propterea
1255 831 1267 844 ε
1285 823 1314 848 et
1337 819 1397 848 sine
1410 819 1469 855 lege
1491 818 1621 855 peribunt
1643 830 1655 842 ι
1672 817 1701 846 id

46 862 159 901 ἔχοντες
172 861 217 891 τὸν
231 860 312 898 νόμον
322 862 520 900 κατηγοροῦντα
531 871 538 878 ·
553 860 584 890 τὸ
595 861 658 902 γὰρ,
673 875 685 888 ι
700 861 825 901 Ἇνόμως,
836 875 850 888 ι

907 868 958 898 est,
979 864 1127 900 punientur
1143 864 1238 898 levius,
1251 868 1283 893 ut
1293 865 1339 901 qui
1354 865 1442 901 legem
1456 867 1630 892 accusantem
1644 871 1701 892 non

46 907 135 946 χωρὶς
150 908 197 942 τῆς
215 905 314 935 ἐκείνου
337 905 534 945 κατακρίσεως,
556 905 638 938 ἔστιν.
675 905 710 937 Ὁ
729 906 758 936 δὲ
777 906 849 937 Ἰου-

46 953 124 985 δαῖος
150 950 264 989 ἐννόμως
288 949 419 989 ἥμαρτεν·
444 950 460 980 8
484 951 556 989 ἕστι,
581 951 650 989 μετὰ
665 953 711 988 τῆς
736 951 790 981 ἀπὸ
803 954 851 981 τοῦ

48 997 138 1035 νόμου
152 995 178 1014 ⁸ο
192 994 382 1035 κατηχήσεως·
405 995 444 1024 διὸ
465 995 511 1024 καὶ
535 995 650 1034 ἐννόμως
676 996 851 1036 κριθήσεται,

46 1041 112 1070 ἀντὶ
143 1043 205 1077 τοῦ,
229 1039 474 1080 κατακριθήσεται,
497 1042 545 1070 τοῦ
567 1040 649 1079 νόμου
672 1041 852 1081 σφοδροτέρως

46 1086 126 1125 αὖτῷ
150 1084 319 1124 ἐπικειμένου
352 1084 399 1114 καὶ
421 1089 646 1126 κατηγοροῦντος,
673 1086 718 1115 καὶ
744 1085 852 1126 μείζονα

45 1130 100 1166 τὴν
123 1129 273 1166 καταδίκην
299 1133 444 1163 ποιοῦντος.
474 1125 538 1164 Πῶς
551 1125 596 1159 οὖν
613 1130 715 1170 λέγεις,
741 1125 764 1160 ὦ
785 1130 853 1161 Ἰου-

47 1176 126 1211 δαῐε,
142 1174 183 1204 ὅτι
199 1175 240 1205 Οὐ
266 1173 361 1212 δέομαι
379 1175 427 1210 τῆς
451 1175 575 1214 χάριτος,
600 1171 643 1204 οἷα
665 1177 695 1205 ἐκ
709 1177 757 1205 τοῦ
771 1175 853 1214 νόμου

46 1219 252 1257 δικαιούμενοςς
276 1218 345 1249 Ἰδοὺ
367 1218 418 1258 γὰρ
434 1219 557 1259 etiam;
573 1219 625 1248 ὑπὸ
639 1222 685 1249 τοῦ
701 1219 782 1259 νόμου
800 1231 854 1258 μη-

45 1264 95 1294 δὲν
123 1264 318 1305 ὠφελούμενος.
345 1262 435 1293 Ὥστε
461 1266 577 1305 τῆςητοῦ
601 1264 717 1304 Χριστοῦ
744 1264 854 1304 χάριτος

45 1304 161 1349 χρῄζεις
175 1310 276 1347 μᾶλλον
291 1308 309 1344 ἢ
324 1310 338 1338 ὁ
355 1307 478 1345 "En-qv,
495 1304 538 1338 οἶα
553 1307 591 1346 μὴ
610 1308 759 1343 δικαιωθεὶς
776 1308 853 1349 παρὰ

45 1355 116 1394 Θεῷ
133 1354 164 1383 ἐκ
181 1353 261 1391 μόνης
277 1355 325 1389 τῆς
351 1355 397 1383 τοῦ
413 1353 495 1392 νόμου
519 1353 684 1393 ἀκροάσεως.
706 1352 789 1393 Παρὰ
804 1354 853 1391 μὲν

46 1399 105 1438 γὰρ
131 1398 334 1438 ἆνθρώποις,οἱ
357 1397 489 1438 ἀκροαταὶ
512 1399 560 1427 τοῦ
580 1397 678 1436 νόμου,
700 1398 791 1436 σεμνοὶ
806 1397 854 1428 δύ-

47 1455 148 1474 νανται
163 1443 318 1484 φαίνεσθαι-
333 1441 410 1482 παρὰ
422 1442 451 1472 δὲ
473 1442 538 1482 Θεῷ
549 1464 557 1480 ,
571 1442 622 1482 οὐχ
642 1441 738 1477 οὕτως·
754 1441 814 1472 ἀλλ’
829 1443 854 1472 οἱ

49 1488 164 1525 ποιηταὶ
176 1490 224 1518 τοῦ
239 1488 320 1526 νόμου
336 1488 510 1518 δικαιοῦνται.

903 909 1049 937 habuerint
1063 918 1070 937 :
1082 917 1147 938 nam
1173 921 1186 934 ι
1207 910 1267 938 sine
1278 909 1350 946 lege,
1368 921 1381 934 ιι
1397 913 1450 942 est,
1467 909 1535 937 citra
1550 908 1624 938 illius
1643 908 1700 943 ao

901 953 1291 982 condemnationemJudaaus
1301 958 1395 982 autem
1405 965 1418 978 ι
1433 954 1463 982 in
1471 954 1530 990 lege
1543 965 1557 978 ιο
1569 953 1700 989 peccavit,

903 998 956 1026 hoc
970 1003 1022 1033 est,
1038 1007 1102 1026 cum
1124 998 1298 1027 institutione
1311 1006 1373 1035 qua:
1384 1001 1426 1026 est
1440 1006 1473 1026 ex
1488 999 1547 1034 lege
1565 1007 1573 1025 :
1598 997 1658 1026 ideo
1671 1001 1700 1025 et

902 1042 929 1071 in
958 1043 1016 1079 lege
1037 1043 1218 1080 judicabitur,
1244 1043 1271 1071 id
1305 1046 1358 1076 est.
1379 1042 1616 1075 condemnabitur,
1642 1042 1701 1078 lege

903 1088 1092 1116 vehementius
1105 1088 1154 1124 ipsi
1190 1087 1367 1116 incumbente
1379 1092 1406 1116 et
1435 1091 1592 1121 accusante,
1614 1087 1700 1123 majo-

903 1141 1019 1170 remque
1033 1132 1294 1162 condemnationem
1305 1132 1432 1162 faciente.
1445 1131 1595 1170 Quomodo
1614 1132 1701 1168 igitur

903 1178 984 1212 dicis,
999 1177 1106 1211 Iudaee,
1128 1178 1224 1207 Gratia
1251 1186 1301 1214 ego
1325 1186 1382 1206 non
1404 1178 1525 1214 indigeo,
1540 1178 1639 1214 quippe
1653 1177 1699 1214 qui

903 1231 937 1251 ex
953 1223 1011 1259 lege
1027 1223 1177 1259 justiﬁcer?
1188 1224 1260 1251 Ecce
1274 1223 1350 1251 enim
1368 1223 1593 1251 demonstratum
1607 1226 1659 1255 est.
1672 1226 1700 1250 te

904 1275 919 1295 a
939 1268 999 1303 lege
1011 1267 1080 1296 nihil
1108 1267 1234 1304 adjutum
1247 1267 1332 1296 fuisse
1356 1269 1470 1304 :itaque
1493 1267 1596 1296 Christi
1614 1267 1701 1303 gratia

905 1312 993 1348 magis
1006 1312 1114 1348 indiges
1127 1320 1212 1348 quam
1238 1314 1361 1346 Graecus,
1387 1321 1439 1341 ceu
1465 1320 1522 1340 non
1532 1312 1701 1349 justiﬁcatus

903 1356 977 1392 apud
989 1358 1078 1385 Deum
1091 1365 1123 1385 ex
1136 1357 1194 1385 sola
1208 1357 1275 1393 legis
1289 1357 1441 1386 auditione.
1456 1358 1529 1386 Nam
1562 1356 1634 1392 apud
1649 1356 1699 1384 ho-

904 1401 1006 1436 mines,
1034 1400 1175 1430 auditores
1197 1401 1265 1438 legis
1290 1406 1317 1431 et
1335 1409 1431 1438 graves
1455 1405 1493 1436 (et
1513 1402 1592 1438 justi)
1613 1399 1699 1429 videri

904 1449 1031 1482 queunt:
1060 1445 1132 1482 apud
1147 1447 1240 1475 Deum
1257 1454 1314 1475 non
1328 1446 1404 1482 item,
1429 1445 1477 1476 sed
1501 1445 1619 1475 factores
1635 1444 1703 1482 legis

902 1490 1097 1526 justiﬁoantur.

97 1544 114 1562 α
127 1532 215 1563 Ὅταν
239 1532 291 1572 γὰρ
314 1531 435 1573 ἔθνηητὰ
460 1533 498 1571 μὴ
526 1531 606 1571 νόμον
633 1531 748 1572 ἔχοντα,
776 1531 853 1573 φύσει

942 1536 1032 1564 Vsus.
1049 1538 1092 1569 14,
1112 1538 1174 1564 15.«
1189 1536 1259 1564 Cum
1266 1535 1340 1564 enim
1355 1540 1451 1572 gentes
1463 1543 1526 1572 quae
1535 1535 1623 1572 legem
1646 1542 1703 1563 non

48 1577 86 1608 τὰ
100 1580 149 1608 τοῦ
161 1577 243 1616 νόμου
257 1579 339 1617 ποιῇ,
360 1572 432 1607 οὗτοι
454 1577 534 1615 νόμον
556 1575 594 1614 μὴ
609 1575 724 1617 ἔχοντες,
748 1572 852 1611 ἑαυτοῖς

50 1624 104 1653 εἰσι
115 1622 205 1661 νόμος.
224 1621 330 1655 Οἶτινες
346 1622 523 1651 ἐνδείκνυνται
537 1621 566 1651 τὸ
581 1622 657 1661 ἔργον
677 1624 723 1651 τοῦ
739 1622 812 1652 Θεοῦ
826 1621 849 1641 ³¹

50 1669 175 1708 γραπτὸν
199 1668 227 1697 ἐν
251 1671 310 1700 ταῖς
336 1666 456 1706 καρδίαις
481 1667 585 1708 αὐτῶν,
611 1666 853 1706 συμμαρτυρούσης

51 1706 144 1742 cirri-3v
165 1713 213 1748 τῆς
234 1711 417 1747 συνειδήσεως.
433 1722 448 1740 ι
483 1710 531 1741 Ἐν
551 1706 589 1744 οἷς
610 1711 804 1746 κατασκευάζει
818 1711 852 1740 τὰ

50 1756 126 1786 κατὰ
141 1759 194 1786 τῶν
219 1755 374 1792 Ἰουδαίων,
399 1755 469 1785 οὕτω
494 1755 709 1795 μεταχειρίζεται
736 1757 852 1790 συνετῶς

52 1803 100 1831 τὸν
117 1801 214 1840 λόγον,
229 1800 298 1831 ὥστε
310 1801 347 1840 μὴ
364 1801 450 1831 δοκεῖν
464 1812 490 1830 τι
505 1800 575 1830 κατὰ
588 1803 635 1830 τοῦ
653 1800 734 1838 νόμου
752 1800 849 1840 λέγειν.

52 1846 103 1880 Ὠς
126 1846 178 1886 γὰρ
203 1846 319 1886 ἐπαίρων
334 1845 381 1876 καὶ
407 1845 563 1886 μεγαλύνων
583 1845 628 1875 τὸν
651 1845 751 1884 νόμον,
773 1845 852 1886 φησὶν

53 1893 97 1922 ὅτι
110 1892 135 1920 οἱ
149 1891 188 1930 μὴ
203 1890 283 1930 νόμον
303 1890 424 1931 ἔχοντες,
441 1890 476 1920 τὰ
490 1889 518 1919 δὲ
542 1892 588 1920 τοῦ
613 1889 694 1929 νόμου
719 1893 854 1925 ποιοῦντες

53 1951 66 1962 -
82 1936 178 1977 φύσει,
196 1949 209 1963 ι
226 1935 285 1965 ἀντὶ
299 1939 360 1972 τοῦ,
376 1940 431 1970 τοῖς
445 1937 476 1965 ἐκ
487 1935 591 1975 φύσεως
611 1935 750 1975 λογισμοῖς
766 1936 855 1965 πειθό-

51 1993 144 2020 μενοι,
155 1980 305 2019 θαυμαστοί
318 1981 386 2014 τινές
401 1981 475 2011 εἰσιν·
492 1979 532 2010 ὅτι
544 1982 592 2010 τοῦ
611 1979 696 2018 νόμου
712 1980 760 2009 οὐκ
775 1979 854 2016 ἐδεή-

53 2030 157 2062 θησαν,
176 2026 223 2056 καὶ
243 2026 289 2056 τὸν
312 2025 392 2064 νόμον
420 2024 600 2065 ἐπλήρωσαν,
627 2025 657 2055 οὗ
686 2024 854 2065 γράμματα,

53 2071 117 2100 ἀλλ’
134 2070 200 2110 ἔργα
225 2071 284 2104 ταῖς
309 2070 429 2110 καρδίαις
453 2070 541 2100 αὐτῶν
571 2069 784 2110 ἐγκολάψαντες,
808 2069 855 2099 καὶ

54 2117 94 2156 τῷ
116 2115 245 2145 συνειδότι
267 2115 314 2145 καὶ
338 2119 393 2150 τοῖς
414 2115 532 2155 φυσικοῖς
558 2115 697 2154 λογισμοῖς
725 2115 784 2144 ἀντὶ
807 2117 855 2144 τοῦ

54 2160 140 2199 νόμου
155 2159 289 2200 χρώμενοι
303 2161 341 2194 εἷς
362 2159 508 2201 μαρτυρίαν
530 2161 578 2190 τοῦ
600 2160 694 2189 καλοῦ.
720 2160 799 2199 Τρεῖς
825 2159 854 2189 δὲ

54 2205 154 2244 νόμους
169 2205 280 2235 ἐνταῦθά
295 2216 372 2246 φησι·
390 2205 435 2234 τὸν
451 2204 571 2245 γραπτὸν
581 2226 589 2240 ,
605 2204 650 2234 τὸν
669 2203 792 2245 φυσικὸν,
809 2203 855 2233 καὶ

906 1579 1018 1615 habent,
1045 1580 1208 1609 naturaliter
1225 1589 1258 1610 ea
1278 1588 1342 1617 qua
1356 1581 1424 1618 legis
1445 1585 1522 1616 sunt,
1536 1579 1653 1614 faciunt,
1675 1579 1703 1608 hi

906 1626 997 1663 legem
1007 1635 1064 1656 non
1085 1627 1230 1662 habentes,
1245 1628 1296 1665 ipsi
1309 1628 1362 1657 sibi
1374 1632 1440 1657 sunt
1463 1628 1514 1657 lex.
1539 1628 1593 1664 Qui
1608 1631 1703 1656 osten-

906 1671 978 1700 dunt
997 1680 1067 1708 opus
1081 1673 1148 1709 legis
1167 1674 1305 1710 scriptum
1318 1673 1345 1701 in
1358 1672 1489 1702 cordibus
1499 1673 1565 1708 suis,
1581 1672 1704 1701 testimoo

907 1716 986 1745 nium
1010 1716 1144 1746 reddente
1165 1718 1219 1746 illis
1233 1718 1401 1747 conscientia
1415 1718 1548 1755 ipsorum.
1573 1729 1587 1743 ιι
1602 1717 1658 1746 Ubi
1671 1725 1703 1745 ea

906 1769 968 1799 qum
977 1766 1074 1791 contra
1086 1762 1198 1791 Judaros
1214 1763 1318 1792 faciunt
1331 1764 1503 1800 argumentis
1514 1763 1623 1796 astruit,
1634 1762 1703 1790 adeo

906 1809 1056 1845 prudenter
1069 1817 1227 1838 sermonem
1245 1809 1418 1844 moderatur,
1440 1814 1471 1838 nt
1494 1817 1552 1838 non
1581 1809 1704 1837 videatur

907 1853 1058 1890 quidquam
1077 1854 1207 1882 adversus
1222 1854 1311 1890 legem
1333 1854 1434 1882 dicere.
1462 1854 1553 1882 Veluti
1568 1854 1642 1882 enim
1655 1861 1702 1882 ex-

908 1899 1004 1926 tollens
1030 1903 1058 1926 et
1071 1899 1250 1935 magniﬁcans
1276 1899 1375 1935 legem,
1399 1899 1498 1935 inquit,
1522 1898 1595 1934 quod
1617 1898 1704 1935 legem

908 1951 965 1971 non
979 1943 1124 1978 habentes,
1151 1955 1163 1968 ι
1191 1947 1287 1972 tamen
1312 1951 1375 1980 qua:
1391 1943 1456 1980 legis
1482 1947 1547 1971 sunt
1573 1942 1704 1971 facientes

910 2000 924 2013 σι
950 1989 1120 2022 naturaliter,
1135 2000 1148 2013 ν
1164 1988 1192 2016 id
1216 1993 1269 2024 est,
1282 1988 1437 2017 rationibus
1458 1995 1473 2016 a
1488 1992 1585 2024 natura
1613 1987 1706 2016 ductis

908 2025 1041 2061 persuasi,
1064 2024 1244 2053 admirabiles
1268 2029 1333 2053 sunt
1356 2034 1363 2053 :
1393 2023 1617 2060 quandoquidem
1639 2024 1706 2060 legis

909 2077 965 2098 non
987 2069 1164 2106 indiguerint.
1188 2073 1217 2098 et
1243 2069 1331 2106 legem
1354 2068 1465 2098 interim
1495 2069 1704 2105 compleverint.

909 2122 966 2143 non
989 2114 1095 2144 litteras
1114 2122 1190 2148 sane,
1214 2122 1309 2143 verum
1324 2122 1409 2151 opera
1429 2113 1561 2143 cordibus
1583 2114 1640 2142 suis
1659 2114 1705 2142 in-

908 2159 1077 2196 sculpentes,
1091 2163 1120 2188 et
1137 2159 1305 2188 conscientia
1326 2163 1354 2187 et
1363 2159 1535 2188 naturalibus
1560 2159 1706 2195 cogitatio-

911 2205 992 2233 nibus
1000 2205 1066 2241 legis
1079 2204 1140 2233 loco
1160 2205 1204 2233 usi
1214 2204 1250 2233 ad
1261 2204 1453 2233 testimonium
1464 2203 1531 2232 boni
1543 2207 1572 2232 et
1585 2203 1706 2232 honesti.

57 2237 103 2279 τὸν
120 2237 214 2283 ἐντοῖς
235 2237 331 2290 ἔργοίςί
354 2261 369 2278 α
382 2237 476 2286 ’Ἐθνῆ¹
489 2249 523 2279 τὰ
547 2237 588 2288 iph-
610 2237 690 2288 νόμον
713 2237 821 2289 ἔχοντα.
838 2260 854 2278 ι

910 2251 978 2278 Tres
990 2237 1083 2278 autem
1097 2249 1173 2286 leges
1184 2249 1230 2278 hic
1245 2249 1310 2278 dicit
1323 2259 1330 2277 :
1341 2249 1484 2285 scriptam,
1499 2249 1654 2277 naturalem
1681 2253 1710 2277 et

58 2295 142 2324 Ποῖον
157 2304 166 2331 ;
182 2294 237 2324 Τὸν
253 2294 384 2334 γραπτόν.
408 2304 423 2323 (ι
437 2294 525 2325 Φύσει
539 2293 573 2323 τὰ
588 2295 633 2324 τοῦ
647 2293 730 2332 νόμου
744 2295 820 2333 ποιῇ.
835 2303 851 2323 ι

59 2339 159 2375 Ποίου;
173 2340 228 2369 Τοῦ
244 2339 287 2368 διὰ
302 2341 354 2368 τῶν
370 2339 465 2379 ἔργων.
485 2350 500 2368 α
514 2334 596 2369 Οἷτοι
619 2338 698 2377 νόμον
723 2337 761 2377 μὴ
777 2339 856 2378 ἔχον-

56 2395 112 2417 τες.
132 2394 147 2412 n
168 2385 267 2421 Iloiov;
286 2384 342 2415 Τὸν
355 2383 484 2424 γραπτόν.
497 2394 512 2413 ι
531 2382 657 2417 Ἑαυτοῖς
673 2384 724 2413 εἶσι
737 2382 825 2421 νόμος.
836 2393 852 2413 ι

58 2430 139 2466 Πῶς
155 2429 204 2469 Τῷ
218 2430 321 2470 φυσικῷ
335 2429 508 2469 κεχρημένοι.
524 2440 538 2457 ¢
558 2427 662 2462 Οἵτινες
680 2427 855 2458 ἐνδείκνυνται

57 2474 90 2504 τὸ
104 2474 180 2514 ἔργον
194 2475 239 2503 τοῦ
254 2474 346 2512 νόμου.
370 2485 386 2503 s
405 2474 506 2510 Ποίου;
525 2475 581 2504 Τοῦ
594 2473 638 2503 διὰ
656 2474 709 2502 τῶν
723 2472 854 2513 πράξεων.

55 2518 134 2558 Ὅρα
149 2517 177 2548 δὲ
199 2518 293 2559 σοφίαν
302 2541 311 2555 ,
325 2520 381 2552 πῶς
395 2519 443 2548 οὐκ
457 2517 554 2555 ἔπληξε
573 2517 633 2552 τοὺς
655 2517 806 2553 Ἰουδαίους,
820 2519 858 2551 ὡς

61 2563 160 2602 ἀπῄτει
174 2565 192 2600 ἡ
208 2563 351 2594 ἀκολουθία
365 2565 412 2593 τοῦ
435 2563 522 2602 λόγον’
538 2563 643 2596 πάντως
667 2561 719 2602 γὰρ
745 2562 814 2593 κατὰ
828 2562 859 2592 τὸ

62 2608 204 2638 ἀκόλουθον
229 2608 312 2642 οὕτως
330 2608 383 2638 ἔδει
402 2609 493 2637 εἰπεῖν·
507 2606 595 2638 Ὅταν
609 2607 662 2648 γὰρ
689 2607 749 2643 ἔθνη
777 2607 860 2647 χωρὶς

63 2653 144 2692 νόμου
161 2652 238 2693 φύσει
258 2653 291 2683 τὰ
306 2656 352 2683 τοῦ
372 2653 453 2691 νόμου
469 2655 549 2692 ποιῇ,
564 2653 656 2693 πολλῷ
677 2651 858 2693 βελτίουςξῖσὶ

64 2699 115 2728 τῶν
131 2697 186 2728 ἀπὸ
208 2700 256 2728 τοῦ
277 2699 360 2738 νόμου
381 2691 588 2738 διδασκομένων.
626 2691 696 2728 Ἀλλ’
715 2697 764 2727 οὖκ
786 2691 858 2726 εἶπεν

911 2302 971 2324 eam
990 2302 1052 2331 qua:
1066 2298 1108 2322 est
1118 2295 1147 2322 in
1160 2294 1300 2331 operibus.
1318 2305 1330 2319 ι
1342 2294 1447 2322 Gentes
1462 2301 1524 2330 qum
1545 2294 1634 2330 legem
1651 2301 1708 2322 non

910 2340 1022 2368 habent.
1054 2351 1067 2364 ν
1091 2340 1205 2376 Qualem
1228 2341 1240 2367 Ρ
1264 2340 1411 2376 Scriptam.
1440 2350 1453 2363 ι
1481 2340 1585 2367 Natura
1606 2338 1708 2368 faciunt

909 2393 970 2422 quae
983 2389 1050 2413 sunt
1063 2385 1138 2422 legis.
1150 2394 1164 2411 ο
1182 2384 1297 2420 Qualis?
1312 2384 1377 2420 Ejus
1391 2391 1452 2420 quae
1461 2384 1488 2412 in
1501 2384 1633 2420 operibus
1644 2392 1707 2413 con-

911 2430 991 2459 sistit.
1008 2441 1022 2455 ι
1050 2430 1088 2458 Hi
1103 2430 1193 2466 legem
1207 2437 1264 2457 non
1287 2429 1430 2458 habentes.
1448 2441 1461 2454 υ
1481 2429 1614 2464 Qualem?
1639 2429 1709 2458 Scri-

911 2479 995 2512 ptam.
1013 2486 1026 2499 ι
1041 2475 1098 2504 Sibi
1111 2474 1159 2511 ipsi
1173 2478 1238 2502 sunt
1252 2474 1306 2503 lex.
1321 2484 1336 2501 »
1360 2475 1486 2510 Quanam
1500 2475 1631 2504 ratione?
1654 2475 1708 2503 Na~

912 2520 996 2549 turali
1019 2527 1117 2556 nempe
1133 2523 1253 2548 utentes.
1267 2531 1280 2544 ιι
1296 2519 1349 2555 Qui
1360 2518 1511 2548 ostendunt
1524 2527 1594 2556 opus
1607 2519 1683 2553 legis.
1694 2531 1707 2544 ι

914 2565 1021 2600 Qualis?
1036 2565 1097 2601 ejus
1117 2571 1180 2601 quae
1195 2564 1222 2593 in
1247 2564 1374 2600 operibus
1397 2568 1514 2593 constat.
1537 2566 1646 2592 Intuere
1665 2572 1711 2592 au-

915 2614 971 2638 tem
995 2609 1041 2638 hie
1054 2609 1231 2646 sapientiam,
1244 2609 1386 2646 quomodo
1410 2609 1532 2642 Iudaeos.
1552 2607 1665 2645 perinde
1679 2615 1711 2636 ac

915 2655 1056 2683 sermonis
1081 2654 1276 2691 consequentia
1301 2654 1431 2691 postulat,
1457 2661 1513 2682 non
1542 2652 1708 2689 perstrinxit.

913 2699 1034 2728 Omnino
1048 2699 1123 2729 enim
1133 2707 1181 2737 per
1190 2699 1413 2729 consecutionem
1424 2699 1463 2728 sic
1476 2697 1596 2728 debebat
1602 2697 1692 2727 dicere
1705 2706 1712 2725 :

777 2767 874 2798 Varia:
895 2768 1046 2799 lectiones.
1071 2806 1073 2808 τ

101 2826 124 2843 τ’
139 2826 165 2854 ιν
178 2826 287 2863 νόμῳο.
325 2825 348 2843 τ’
361 2825 438 2861 κρίσις
447 2834 486 2854 m.
526 2825 550 2845 ³ο
562 2824 587 2852 ἔν
601 2825 671 2862 νόμῳ
684 2832 711 2854 o.
749 2823 770 2843 ³¹
785 2825 830 2852 τοῦ
844 2824 922 2861 νόμον
937 2832 976 2852 m.
