1927 3076
215 153 262 182 371

707 151 965 182 THEOPHYLACTI
984 151 1163 182 BULGARLE
1182 152 1339 182 ARCHIEP.

1842 155 1890 182 3'72

214 215 334 252 Quando
353 215 428 244 enim
445 219 543 252 gentes
571 215 631 244 sine
645 215 716 252 lege,
740 219 840 245 natura
869 223 934 253 quae
947 220 1013 245 sunt

1076 215 1163 254 ιῦτως,
1181 217 1241 246 ἀλλ’
1256 215 1433 256 ἱλαρώτερον,
1450 215 1490 246 ὅτι
1508 226 1523 244 α
1540 215 1672 249 Ἐαυτοῖς
1690 215 1752 245 εἶσι
1769 215 1864 254 νόμος.
1876 227 1890 246 ιι

216 261 284 298 legis
301 260 413 296 faciunt,
435 261 516 298 longe
540 260 671 290 meliores
697 264 762 290 sunt
784 261 816 290 iis
830 261 878 298 qui
908 269 941 290 ex
954 261 1013 298 lege

216 306 431 336 constituuntur.
459 308 499 335 At
510 306 584 335 enim
608 306 647 335 sic
679 314 736 335 non
759 305 832 335 dixit
858 315 865 335 :
892 306 941 336 sed
968 307 1014 336 lae-

215 351 270 380 tius
298 351 430 388 quiddam
454 351 588 386 subdidit,
612 363 626 377 α
655 351 712 380 Sibi
733 352 807 388 ipsis,
834 363 847 377 ι
874 351 1011 389 inquiens,

218 407 232 421 α
247 400 316 426 sunt
329 396 382 425 lex.
396 408 409 422 ιι
423 396 550 426 Ostendit
561 400 655 425 autem
681 404 714 425 ex
736 397 823 432 hisce,
837 397 913 433 quod
927 401 956 425 et
968 405 1012 426 su-

216 441 368 478 perioribus
402 441 583 478 temporibus,
607 450 638 470 ac
660 445 724 470 ante
751 442 818 479 legis
832 442 1012 477 sanctionem,

215 488 304 517 omnis
318 488 487 526 providentia
501 488 632 518 humanae.
658 493 765 518 natura:
793 490 930 527 obtigerit.
955 490 1013 519 Ob-

216 533 298 562 struit
311 542 393 570 porro
407 542 457 563 ora
471 534 627 563 dicentibus
642 543 649 562 :
664 534 770 571 Ecquid
793 543 850 563 non
866 535 925 571 jam
943 535 1012 564 olim

216 588 232 608 a
253 579 386 616 principio
418 579 568 609 adveniens
590 579 714 609 Christus
737 580 802 608 boni
825 581 1013 617 operationem

217 624 335 654 ostendit
345 626 357 653 ?
372 624 447 653 Dicit
458 624 544 660 enim,
551 625 625 661 quod
635 624 699 653 boni
713 628 741 653 et
751 625 817 653 mali
828 626 1013 662 cognitionem

1066 262 1190 293 Δείκνυσι
1205 260 1233 291 δὲ
1257 262 1287 291 ἐκ
1301 261 1421 300 τούτων,
1442 260 1483 292 ὅτι
1503 261 1548 291 καὶ
1564 262 1591 290 ἔν
1612 261 1674 295 τοῖς
1699 261 1816 290 ἄνωθεν
1831 262 1895 300 χρό-

1066 319 1135 344 νοις,
1159 307 1204 337 καὶ
1219 306 1270 347 πρὸ
1285 308 1331 342 τῆς
1346 309 1390 336 τοῦ
1404 305 1485 344 νόμου
1502 306 1616 344 δόσεως,
1633 306 1747 342 πάσης
1763 305 1894 346 προνοίας

1067 352 1200 382 ἀπέλαϐεν
1216 351 1243 371 ⁸²
1267 354 1284 388 ἡ
1309 351 1385 392 φύσις
1413 352 1466 380 τῶν
1492 351 1652 391 ἀνθρώπων.
1687 350 1895 388 Ἐπιστομίζει

1066 396 1093 427 δὲ
1121 396 1246 431 καὶτοὺς
1271 396 1411 436 λέγοντας·
1436 396 1471 425 Τί
1498 396 1596 432 δήποτε
1618 396 1660 436 μὴ
1694 396 1726 431 ἐξ
1761 397 1858 436 ἀρχῆς
1883 398 1895 426 δ

1066 442 1179 481 Χριστὸς
1194 441 1220 461 ⁸³
1248 440 1462 481 παραγενόμενος
1487 440 1589 476 ἐδίδαξε
1616 441 1669 477 τὴν
1701 443 1757 470 ’τοῦ
1791 441 1894 479 ἀγαθοῦ

1066 486 1208 527 insciam;
1228 485 1283 517 Καὶ
1296 485 1348 526 γάρ
1371 497 1462 526 φησιν,
1478 485 1519 516 ὅτι
1534 485 1582 522 τὴν
1595 489 1640 516 τοῦ
1657 487 1761 516 καλοῦ
1782 485 1892 515 καὶτοῦ

1066 535 1150 561 κακοῦ
1177 533 1273 570 γνῶσιν
1302 535 1384 560 πᾶσιν
1421 530 1447 565 ἐξ
1476 531 1562 571 ἀρχῆς
1590 531 1708 566 ἐνέθηκε
1723 542 1731 549 -
1764 530 1831 560 ἐπεὶ
1865 530 1892 560 δὲ

1067 572 1133 606 εἶδεν
1148 575 1173 596 ⁸⁴
1189 576 1229 606 ὅτι
1252 575 1325 606 οὐδὲν
1339 576 1366 595 ⁸⁵
1381 575 1462 610 οὕτως
1484 575 1570 613 ἀνύει,
1583 575 1624 605 ἐπ’
1642 574 1791 616 ἐσχάτων
1812 575 1893 608 αὐτὸς

1067 621 1180 662 παρεγέν
1184 633 1236 651 ετο.

216 669 344 699 omnibus
359 678 375 698 a
399 670 530 707 principio
566 670 674 705 indidit;
696 674 844 707 postquam
867 678 931 699 vero
955 670 1022 699 vidit
1039 670 1114 707 quod
1133 670 1199 698 nihil
1218 669 1258 698 ita
1278 669 1443 706 profecerit.
1465 669 1495 697 in
1517 669 1681 698 novissimis
1706 668 1897 705 temporibus

215 715 273 751 ipse
282 714 400 743 advenit.

253 761 344 789 Vsns.
366 763 410 794 14,
429 762 473 788 l6.
490 771 504 785 α
530 759 564 788 Et
577 760 649 788 inter
662 767 691 788 se
710 760 827 788 invicem
840 760 1011 796 cogitationi-

1109 771 1123 790 α
1151 760 1206 791 Καὶ
1235 758 1333 799 μεταξὺ
1360 759 1483 795 ἀλλήλων
1506 761 1558 789 τῶν
1581 761 1732 799 λογισμῶν
1762 771 1890 798 κατηγο-

218 806 270 835 bus
285 805 476 834 accusantibus
491 806 543 841 21
566 809 593 833 et
609 803 827 834 defendentibus.
844 806 878 833 In
896 805 939 834 die
959 813 1013 842 qua

214 850 346 887 judicabit
357 852 432 879 Deus
452 851 560 879 occulta
580 850 737 885 hominum,
752 850 903 879 secundum
928 852 1014 879 Evan-

218 896 320 933 gelium
328 903 421 924 meum
427 903 476 931 per
485 896 580 924 Jesum
588 895 740 924 Christum.
754 907 766 920 ιι
775 895 819 923 Ab
828 895 881 924 alio
889 895 1014 932 adeoque

217 949 290 970 novo
303 940 435 978 principio
446 940 500 969 hoc
513 941 579 977 lege.
594 942 666 969 Nam
682 940 715 969 de
725 948 758 969 eo
769 948 843 968 nunc
857 948 1015 969 sermonem

217 985 292 1020 facit,
307 993 408 1022 nempe
421 993 475 1022 qua
487 986 591 1014 ratione
611 986 702 1014 cuncti
723 993 757 1014 ex
786 993 865 1022 azquo
883 986 1015 1014 mortales

215 1031 358 1068 judicandi
368 1031 465 1060 simus.
481 1033 560 1061 Tunc
579 1031 654 1060 enim
667 1031 780 1060 stabunt
798 1035 900 1060 nostra:
910 1031 1015 1068 cogita-

217 1077 316 1112 tiones,
331 1077 393 1106 aliaa
419 1077 532 1114 quidem
559 1081 732 1112 accusantes,
756 1077 816 1106 alia:
836 1085 902 1106 vero
922 1076 1016 1106 defen-

218 1121 322 1150 dentes.
335 1123 392 1150 Nec
405 1129 474 1158 opus
486 1121 570 1150 habet
584 1122 638 1150 alio
659 1125 819 1151 accusatore
834 1122 876 1151 vel
900 1126 1015 1159 patrono

219 1166 304 1195 homo
325 1166 400 1202 apud
420 1165 489 1195 illud
508 1166 605 1203 judicii
631 1166 733 1196 forum.
753 1169 901 1196 Terrorem
922 1171 1015 1196 autem

220 1219 398 1248 exaggerem,
421 1219 479 1240 non
506 1211 585 1247 dixit,
605 1214 732 1247 Peccata,
758 1212 817 1247 sed,
832 1224 846 1237 α
862 1213 983 1241 Occulta.
1000 1224 1014 1238 ιι

220 1257 355 1286 Homines
378 1256 454 1285 enim
466 1256 501 1286 de
514 1257 670 1286 manifestis
692 1257 887 1286 tantummodo
908 1257 1017 1294 judices

219 1301 316 1331 sedent
330 1313 337 1331 :
355 1313 368 1326 ει
387 1303 458 1330 Deus
474 1314 486 1327 ιι
503 1310 569 1331 vero
586 1312 600 1330 «
616 1303 724 1331 occulta
741 1313 751 1328 ιι
774 1303 874 1339 inquit,
887 1313 900 1328 u
912 1302 1018 1339 judica-

219 1347 260 1376 bit
276 1354 325 1384 per
337 1347 435 1376 Jesum
449 1347 599 1383 Christum,
625 1359 639 1373 ι
664 1347 718 1376 hoc
739 1351 792 1382 est,
816 1349 897 1376 Pater
911 1355 958 1384 per
972 1347 1015 1376 Fi-

1067 805 1196 846 ρούντων,
1211 805 1228 841 ἢ
1248 805 1293 834 καὶ
1309 804 1542 845 ἀπολογουμένων.
1561 804 1609 835 Ἐν
1625 805 1726 846 ἡμέρᾳ
1754 804 1804 835 ὅτε
1829 816 1890 845 κρι-

1066 853 1106 880 νεῖ
1132 852 1146 880 ὁ
1173 849 1241 884 Θεὸς
1264 849 1298 880 τὰ
1328 849 1434 890 κρυπτὰ
1460 851 1513 880 τῶν
1542 850 1718 890 ἀνθρώπων,
1753 849 1834 880 κατὰ
1863 849 1891 879 τὸ

1069 895 1231 936 Εὖαγγέλιόν
1253 907 1320 934 μου,
1343 894 1386 924 διὰ
1410 895 1500 931 Ἰησοῦ
1523 896 1653 934 Χριστοῦ.
1678 907 1696 924 »
1718 894 1787 925 Ἀπ’
1806 894 1890 930 ἄλλης

1068 942 1154 981 ἀρχῆς
1168 939 1194 958 ⁸⁵
1209 940 1341 979 ἀνάγνωθι
1361 942 1438 970 τοῦτο
1451 951 1458 959 ·
1473 939 1534 980 περὶ
1549 940 1600 980 γὰρ
1613 942 1660 971 τοῦ
1671 963 1680 977 ,
1700 942 1769 974 πῶς
1792 942 1890 979 κριθη-

1067 986 1169 1024 σόμεθα
1195 985 1292 1019 πάντες
1315 986 1407 1018 κοινῶς
1435 985 1585 1024 ἄνθρωποι,
1612 989 1740 1015 ποιεῖται
1772 987 1823 1014 νῦν
1846 984 1888 1014 τὸν

1068 1030 1157 1070 λόγον.
1175 1030 1243 1061 Τότε
1258 1029 1308 1071 γὰρ
1322 1029 1465 1066 ἑστήκασιν
1482 1031 1557 1069 ἡμῶν
1578 1031 1603 1060 οἱ
1622 1030 1779 1070 λογισμοὶ,
1798 1031 1825 1060 οἱ
1843 1029 1888 1068 μὲν

1068 1078 1289 1116 κατηγοροῦντες,
1314 1076 1338 1104 οἱ
1359 1074 1387 1104 δὲ
1412 1074 1637 1115 ἀπολογούμενοι·
1663 1076 1717 1105 καὶ
1740 1076 1775 1105 οὗ
1802 1075 1886 1104 δεῖται

1068 1120 1157 1161 ἑτέρου
1179 1119 1328 1160 κατηγόρου
1342 1119 1360 1156 ἢ
1377 1119 1522 1159 συνηγόρου
1542 1121 1556 1149 ὁ
1579 1120 1725 1160 ἄνθρωπος
1744 1121 1794 1150 ἐπ’
1815 1119 1886 1161 ἐκεί-

1068 1160 1118 1196 νου
1128 1169 1174 1196 τοῦ
1190 1165 1372 1205 δικαστηρίου.
1405 1164 1499 1199 Δῦξων
1514 1164 1542 1194 δὲ
1559 1165 1604 1194 τὸν
1620 1165 1707 1205 φόϐον
1719 1189 1730 1203 ,
1746 1166 1802 1195 οὐκ
1817 1160 1886 1200 εἶπε,

1069 1210 1113 1242 Τὰ
1124 1210 1320 1250 ἁμαρτήματα,
1331 1209 1411 1246 ἀλλὰ,
1423 1223 1436 1237 ι
1446 1210 1489 1241 Τὰ
1501 1209 1619 1250 κρυπτά.
1631 1222 1643 1236 ιι
1655 1207 1826 1250 Ἄνθρωποι
1836 1209 1886 1249 γὰρ

1068 1257 1119 1286 τῶν
1136 1257 1254 1297 φανερῶν
1276 1255 1362 1294 μόνων
1375 1255 1506 1292 κάθηνται
1527 1255 1626 1294 κριταί’
1638 1268 1650 1281 ι
1667 1257 1683 1284 ὃ
1698 1269 1712 1282 ι
1737 1255 1769 1285 δὲ
1787 1265 1804 1284 α
1817 1255 1886 1287 Θεὸς

1069 1300 1103 1331 τὰ
1111 1300 1224 1341 κρυπτὰ,
1234 1314 1245 1327 ιι
1253 1299 1330 1341 φησὶ,
1341 1313 1353 1327 α
1361 1304 1453 1340 κρινεῖ,
1468 1299 1512 1329 διὰ
1523 1299 1614 1336 Ἰησοῦ
1627 1301 1771 1340 Χριστοῦ,
1779 1313 1793 1326 ι
1806 1311 1884 1330 τουτ-

1069 1345 1150 1385 έστιν,
1166 1347 1179 1374 ὁ
1192 1345 1301 1385 Πατὴρ,
1313 1345 1356 1375 διὰ
1366 1348 1411 1374 τοῦ
1427 1346 1504 1375 Υἱοῦ.
1521 1356 1535 1374 ιι
1551 1344 1586 1375 ⁸0
1597 1344 1648 1385 γὰρ
1663 1344 1774 1386 Πατὴρ
1789 1344 1884 1375 οὐδένα

218 1392 296 1421 lium.
314 1403 327 1417 α
346 1393 420 1421 Nam
435 1393 515 1420 Pater
532 1392 673 1421 neminem
689 1391 806 1429 judicat,
822 1391 1013 1428 sedjudicium

1076 1390 1168 1430 ιρίνει,
1181 1389 1250 1420 ἀλλὰ
1265 1389 1313 1426 τὴν
1328 1389 1414 1430 κρίσιν
1429 1394 1521 1420 πᾶσαν
1536 1389 1637 1420 δέδωκε
1655 1391 1696 1430 τῷ
1716 1391 1795 1428 Υἱῷ.
1813 1403 1826 1416 ι
1842 1387 1881 1419 Ἢ

219 1444 305 1466 omne
318 1436 393 1466 dedit
406 1437 490 1466 Filior
507 1448 519 1461 ιι
537 1437 587 1466 Vel
611 1437 652 1465 sic
675 1437 826 1474 intelligere
846 1444 928 1473 queas
942 1438 1016 1473 quod

220 1483 270 1517 ait,
282 1493 295 1507 ι
304 1482 359 1511 Per
367 1482 462 1510 Iesum
470 1481 627 1511 Christum:
643 1493 657 1507 ιι
669 1482 826 1510 Secundum
837 1482 1017 1519 Evangelium

222 1534 319 1556 meum
331 1537 338 1555 :
352 1534 401 1563 per
408 1527 424 1554 J
427 1533 507 1554 esum
521 1526 661 1554 Christum
673 1526 744 1554 mihi
754 1527 886 1555 collatum
904 1530 932 1554 et
939 1526 1017 1555 exhi-

220 1571 322 1600 bitum.
334 1571 429 1600 Innuit
440 1574 535 1599 autem
556 1570 612 1606 hic,
628 1571 702 1608 quod
717 1571 782 1599 nihil
802 1571 956 1600 absurdum
970 1575 1019 1601 aut

218 1616 340 1645 alienum
363 1615 530 1652 praedicatur
557 1623 605 1653 per
627 1616 815 1653 Evangelium,
835 1624 931 1645 verum
956 1625 1018 1653 quae

219 1665 317 1690 natura
335 1660 392 1697 ipsa
405 1668 603 1698 praeoccupans
610 1661 718 1696 docuit,
730 1661 864 1697 videlicet,
878 1661 1019 1698 judicium

220 1710 249 1735 et
265 1705 441 1742 supplicium,
455 1706 515 1735 haec
530 1707 710 1744 Evangelium
725 1707 808 1736 etiam
819 1711 945 1736 testatur.

257 1752 344 1780 Vsus.
362 1753 460 1780 17-18.
486 1762 500 1776 α
516 1752 545 1781 Si
560 1756 590 1781 tu
605 1756 700 1781 autem
714 1751 830 1782 Iudaeus
843 1751 1020 1789 cognomina-

221 1796 270 1832 ris,
295 1800 324 1825 et
349 1796 497 1834 requiescis
524 1797 552 1826 in
569 1797 637 1835 lege,
653 1802 681 1826 et
701 1798 827 1835 gloriaris
846 1797 874 1826 in
898 1799 968 1833 Deo,
992 1801 1020 1826 et

221 1841 293 1871 nosti
307 1842 488 1877 voluntatem,
511 1847 540 1872 et
551 1843 650 1879 probas
664 1843 772 1872 utiliora
782 1865 790 1878 ,
806 1843 950 1872 institutus
970 1850 1020 1879 per

220 1887 317 1925 legem.
335 1898 348 1913 ιι
377 1888 447 1917 Cum
462 1887 575 1918 dixisset
589 1889 664 1926 quod
677 1889 774 1918 Graeco
789 1888 901 1918 facienti
915 1896 946 1916 ea
956 1896 1018 1925 quae

219 1937 285 1962 sunt
298 1932 364 1970 legis
374 1953 382 1969 ,
393 1933 463 1962 nihil
475 1933 548 1962 desit
567 1933 603 1962 ad
619 1934 737 1962 salutem
751 1944 758 1963 :
773 1934 901 1970 deinceps
912 1933 1019 1962 Judaeo-

221 1985 283 2007 rum
293 1985 391 2007 recens
406 1982 435 2007 et
443 1978 596 2015 magniﬁca,
611 1979 641 2006 in
657 1979 759 2015 quibus
768 1978 936 2007 conﬁdentes
950 1977 1018 2007 effe-

220 2023 353 2052 rebantur
366 2030 448 2059 supra
456 2028 562 2059 gentes.
578 2024 614 2051 Et
627 2023 746 2059 primum
756 2023 878 2060 quidem,
890 2028 994 2052 nomen
1010 2034 1016 2052 :

1069 1435 1138 1466 οὕτω
1152 1435 1254 1471 νοήσεις
1271 1435 1311 1472 τὸ,
1337 1445 1352 1465 d
1367 1433 1418 1465 Διὰ
1434 1434 1525 1471 Ἰησοῦ
1547 1436 1682 1475 Χριστοῦ·
1707 1445 1726 1464 ι)
1750 1434 1838 1466 Κατὰ
1855 1433 1884 1463 τὸ

1070 1479 1234 1520 Εὖαγγέλιόν
1247 1491 1297 1519 μου
1306 1503 1314 1517 ,
1324 1480 1354 1509 τὸ
1367 1479 1410 1509 διὰ
1422 1479 1513 1517 Ἰησοῦ
1531 1481 1650 1520 Χριστοῦ
1668 1480 1808 1509 ἄνατεθέν
1825 1490 1880 1518 μοι.

1070 1526 1192 1556 Δείκνυσι
1206 1525 1234 1554 δὲ
1255 1526 1383 1561 ἐνταῦθα,
1399 1524 1442 1554 ὅτι
1466 1525 1539 1555 οὐδὲν
1569 1526 1718 1555 ἀλλόκοτον
1742 1524 1880 1565 κηρύττε-

1070 1582 1114 1600 ται
1128 1569 1172 1600 διὰ
1186 1572 1233 1600 τοῦ
1250 1569 1432 1609 Εὖαγγελίου,
1459 1571 1521 1600 ἀλλ’
1534 1569 1551 1600 ἃ
1564 1569 1745 1610 προλαϐοῦσα
1763 1571 1782 1606 ἡ
1802 1569 1880 1610 φύσις

1072 1614 1164 1649 αὐτοὺς
1177 1615 1202 1633 ⁸⁷
1219 1614 1336 1651 ἐδίδαξε,
1352 1614 1491 1652 τουτέστι,
1511 1614 1558 1650 τὴν
1582 1614 1668 1655 κρίσιν
1683 1615 1735 1644 καὶ
1765 1614 1818 1651 τὴν
1833 1613 1881 1644 κό-

1071 1661 1161 1699 λασιν,
1176 1662 1261 1690 ταῦτα
1272 1659 1298 1678 ⁸⁸
1315 1663 1445 1700 μαρτυρεῖ
1459 1659 1546 1690 καὶτὸ
1563 1659 1740 1700 Εὐαγγέλιον.

1116 1760 1132 1779 α
1146 1751 1180 1780 Εἰ
1202 1749 1229 1780 δὲ
1245 1748 1276 1779 σὺ
1299 1749 1424 1784 Ἰουδαῖος
1449 1749 1618 1789 ἐπονομάζῃ,
1635 1749 1682 1780 καὶ
1702 1748 1874 1788 ἐπαναπαύῃ

1070 1796 1109 1836 τῷ
1131 1795 1222 1836 νόμῳ,
1239 1794 1284 1824 καὶ
1305 1799 1442 1835 καυχᾶσαι
1458 1796 1484 1825 ἐν
1505 1796 1586 1836 Θεῷ,
1611 1795 1657 1825 καὶ
1681 1795 1832 1835 γινώσκεις
1847 1794 1876 1823 τὸ

1072 1841 1192 1879 θέλημα,
1207 1839 1253 1870 καὶ
1269 1839 1419 1878 δοκιμάζεις
1433 1839 1466 1869 τὰ
1490 1839 1649 1881 διαφέροντα
1663 1839 1875 1881 κατηχούμενος

1072 1886 1102 1916 ἐκ
1114 1888 1159 1915 τοῦ
1173 1885 1264 1925 νόμου.
1280 1895 1295 1914 ))
1319 1883 1429 1923 Εἰπὼν,
1446 1883 1487 1914 ὅτι
1514 1887 1553 1925 τῷ
1565 1883 1681 1922 Ἕιλληνι
1701 1887 1829 1915 ποιοῦντι
1843 1883 1877 1913 τὰ

1071 1933 1118 1960 τοῦ
1139 1930 1234 1970 νόμου,
1261 1929 1334 1959 οὐδὲν
1359 1929 1444 1959 λείπει
1467 1929 1533 1970 πρὸς
1559 1929 1589 1960 τὸ
1609 1932 1748 1968 σωθῆναι,
1779 1932 1878 1970 ἀπαρι-

1073 1967 1178 2014 θμεῖται
1194 1974 1284 2005 λοιπὸν
1300 1974 1345 2004 καὶ
1361 1974 1395 2004 τὰ
1411 1967 1498 2012 σεμνὰ.
1512 1976 1565 2005 τῶν
1580 1974 1735 2012 Ἰουδαίων,
1753 1975 1782 2004 ἐν
1798 1974 1826 1992 ⁸⁹
1838 1967 1876 2006 οἶς

1072 2019 1225 2053 πεποιθότες
1238 2018 1462 2060 κατεπῄροντοθθ
1480 2021 1532 2049 τῶν
1551 2021 1672 2051 ἐθνικῶν,
1697 2019 1754 2050 Καὶ
1770 2019 1876 2060 πρῶτον

220 2068 322 2097 etenim
359 2067 439 2096 valde
457 2067 643 2096 honoriﬁcum
670 2071 739 2103 erat,
765 2075 843 2104 aque
878 2076 909 2096 ac
934 2068 1013 2097 hodie

1076 2064 1101 2095 τὸ
1112 2064 1204 2103 ὄνομα·
1219 2063 1331 2105 καὶγὰρ
1357 2064 1459 2111 σφόδρα
1482 2064 1578 2103 σεμνὸν
1600 2060 1651 2101 ἦν,
1676 2063 1770 2111 ὥσπερ
1796 2067 1842 2093 νῦν
1863 2063 1876 2090 ὃ

219 2112 454 2142 Christianismus.
482 2114 548 2141 Non
570 2112 641 2141 dixit
657 2116 762 2148 autem,
788 2124 801 2137 «ι
816 2113 945 2142 Iudaeus»
975 2121 1016 2148 es,

219 2157 278 2192 sed,
295 2169 310 2182 α
325 2157 544 2194 cognominaris;
559 2169 572 2182 ιι
587 2165 668 2186 verus
687 2157 763 2186 enim
783 2158 897 2187 Iudaeus
911 2161 952 2187 est
971 2158 1018 2195 qui

219 2202 374 2231 conﬁtetur.
393 2202 502 2231 Etenim
524 2202 610 2231 Judas
636 2202 778 2232 confessio
805 2202 920 2232 dicitur.
951 2214 965 2228 α
981 2205 1019 2232 Et

219 2248 368 2285 requiescis
383 2247 411 2276 in
424 2247 492 2284 lege,
503 2259 517 2273 ιι
537 2256 587 2285 pro
607 2255 640 2277 eo
654 2247 729 2284 quod
744 2251 796 2282 est,
813 2249 875 2277 Non
889 2247 1019 2285 defatiga-

218 2292 256 2322 ris
281 2293 445 2321 circumiens
457 2297 486 2321 et
500 2292 608 2321 discens
622 2293 690 2329 quid
712 2297 838 2330 oporteat
858 2301 950 2330 agere,
968 2293 1019 2322 sed

221 2337 311 2374 legem
332 2335 428 2371 habes,
446 2345 508 2374 quae
527 2342 555 2366 te
566 2337 695 2367 omnibus
707 2338 735 2367 in
747 2338 829 2367 rebus
851 2337 931 2367 facile
942 2338 1019 2367 insti-

217 2382 280 2410 tuit.
293 2393 307 2407 ι
323 2383 359 2410 Et
370 2382 495 2419 gloriaris
509 2383 538 2412 in
562 2384 635 2418 Deo,
654 2394 667 2408 ιι
688 2391 739 2412 ceu
758 2382 875 2412 dilectus
895 2383 929 2412 ab
945 2383 1016 2420 ipso,

217 2431 244 2456 et
258 2434 314 2463 prae
327 2427 433 2456 caeteris
444 2427 606 2457 hominibus
614 2428 713 2457 honori
727 2428 846 2457 habitus.
860 2429 912 2457 Est
923 2433 1017 2457 autem

216 2471 343 2501 maxima!
369 2471 516 2502 dementiae
549 2473 719 2510 symbolum,
749 2473 793 2502 dei
818 2473 966 2502 dilectione
980 2473 1016 2502 ad

215 2521 407 2555 contemptum
420 2518 617 2548 contribulium
635 2527 684 2548 seu
693 2526 877 2556 congenerum
892 2518 964 2547 uti.u
979 2519 1016 2547 Et

216 2563 292 2592 nosti
309 2563 490 2599 voluntatem,
503 2575 516 2589 ιι
533 2571 646 2601 nempe,
665 2564 727 2593 Dei.
746 2575 759 2589 ι
773 2564 879 2593 Probas
895 2573 910 2591 ιι
923 2568 1016 2593 autem

215 2619 228 2634 ι
248 2608 376 2646 meliora,
392 2619 407 2637 ιι
422 2608 449 2638 id
461 2613 513 2645 est,
526 2608 640 2639 Iudicas
654 2617 716 2647 qua
724 2616 805 2646 agere
819 2610 977 2645 conveniat,
987 2613 1015 2638 et

260 2691 270 2704 ι
290 2687 371 2716 Joan.
385 2693 415 2721 ν,
429 2688 474 2715 22.

1071 2109 1288 2150 Χριστιανισμός,
1315 2110 1375 2140 Οὐκ
1406 2105 1464 2139 εἷπε
1492 2110 1537 2147 δὲ,
1568 2109 1695 2143 Ἰουδαῖος
1724 2105 1768 2146 εἶ,
1805 2107 1874 2143 ἀλλ’,

1075 2167 1090 2183 α
1117 2154 1337 2194 ³Επονομάζῃ·››
1366 2154 1466 2191 ἀληθὴς
1490 2154 1542 2195 γὰρ
1571 2153 1698 2188 Ἰουδαῖος
1728 2154 1838 2193 λέγεται
1859 2153 1872 2180 ὁ

1072 2199 1319 2240 ἐξομολογούμενος.
1348 2199 1450 2234 Ἰούδας
1475 2199 1528 2241 γὰρ
1553 2199 1769 2239 «ἐξομολόγησις
1786 2209 1802 2228 ι)
1828 2198 1874 2237 ἑρ-

1072 2244 1225 2284 μηνεύεται.
1242 2256 1258 2273 α
1280 2243 1334 2275 Καὶ
1349 2244 1510 2284 ἐπαναπαύῃ
1526 2246 1563 2284 τῷ
1578 2244 1664 2284 νόμῳ.
1684 2258 1696 2271 ιι
1716 2244 1787 2275 Ἀντὶ
1803 2244 1866 2278 τοῦ,

1073 2291 1114 2321 Οὖ
1140 2294 1234 2330 κοπιᾷς
1261 2289 1371 2330 περιιὼν
1401 2289 1448 2319 καὶ
1471 2289 1611 2328 μανθάνων
1632 2289 1659 2318 τί
1687 2290 1727 2319 δεῖ
1752 2287 1870 2329 πρᾶξαι,

1073 2335 1132 2365 ἀλλ’
1144 2335 1214 2375 ἔχεις
1239 2335 1283 2365 τὸν
1297 2335 1378 2374 νόμον
1402 2333 1559 2365 διδάσκοντᾶ
1586 2345 1616 2364 σε
1642 2333 1732 2364 πάντα
1763 2332 1866 2375 ῥᾳδίως-

1077 2391 1091 2409 α
1106 2380 1162 2410 Καὶ
1180 2384 1319 2420 καυχᾶσαι
1333 2380 1359 2409 ἐν
1374 2379 1450 2419 Θεῷ,
1460 2389 1475 2408 ι)
1492 2381 1527 2413 ὥς
1542 2377 1689 2419 ἀγαπηθεὶς
1701 2380 1764 2419 παρ’
1781 2377 1869 2412 αὐτοῦ,

1072 2424 1118 2456 καὶ
1140 2424 1313 2465 προτιμηθεὶς
1338 2426 1390 2454 τῶν
1417 2425 1506 2454 ἄλλων
1531 2423 1688 2464 ἀνθρώπων.
1731 2421 1866 2454 Ἀπονοίας

1072 2471 1099 2500 δὲ
1115 2471 1251 2509 μεγίστης,
1263 2470 1306 2508 τὸ,
1321 2471 1355 2510 τῇ
1371 2471 1416 2498 τοῦ
1430 2469 1501 2499 Θεοῦ
1513 2468 1535 2488 ⁹¹
1554 2469 1645 2510 ἀγάπῃ
1657 2470 1693 2503 εἷς
1705 2466 1868 2509 καταφρόνη-

1072 2527 1112 2546 σιν
1132 2516 1186 2545 τῶν
1206 2517 1339 2554 ὁμογενῶν
1354 2516 1482 2555 χρᾶσθαι,
1511 2525 1526 2544 ιι
1541 2514 1595 2545 Καὶ
1617 2513 1755 2554 γινώσκεις
1781 2512 1810 2542 τὸ
1825 2510 1865 2555 θέ-

1071 2561 1146 2600 λημα
1160 2571 1167 2580 ⁸
1182 2570 1198 2590 n
1224 2553 1344 2590 τουτέστι
1390 2562 1437 2589 τοῦ
1458 2559 1539 2590 Θεοῦ.
1569 2570 1584 2590 (ι
1596 2553 1651 2590 καὶ
1666 2558 1816 2598 δοκιμάζεις
1830 2553 1863 2600 τᾲ

1072 2598 1229 2647 διαφέροντα
1242 2604 1280 2636 ⁹².
1298 2617 1313 2634 ιι
1330 2605 1470 2644 Τουτέστι,
1481 2604 1588 2647 Κρίνεις
1602 2604 1629 2635 τί
1644 2605 1683 2635 δεῖ
1695 2603 1804 2646 πρᾶξαι,
1821 2598 1863 2630 καὶ

911 2721 1008 2752 Variae
1029 2722 1182 2752 lectiones.

248 2789 272 2810 ⁸⁸
293 2789 431 2818 ἀπέλαυσεν
452 2797 479 2820 o.
519 2789 543 2810 ³⁸
565 2789 626 2822 Θεὸς
650 2797 679 2819 ο.
718 2789 742 2809 ⁸⁸
762 2789 831 2817 οἶδεν
856 2797 885 2818 ο.
921 2788 943 2807 ³⁵
968 2789 1025 2817 οῦδὲ
1044 2797 1082 2818 m.
1121 2788 1143 2806 ⁸⁸
1163 2789 1204 2817 ἀπ’
1224 2788 1303 2826 ἀρχῆς
1321 2789 1407 2821 ἄλλως
1425 2797 1452 2818 ο.
1490 2788 1512 2806 ³⁷
1527 2788 1589 2823 αὖτὴ
1609 2796 1636 2818 o.
1676 2788 1698 2806 ³⁸
1718 2787 1808 2821 ταύτην
1829 2792 1854 2813 ο-

211 2828 233 2847 ¹⁹
246 2829 283 2867 ἐρ’
298 2838 324 2860 o.
363 2829 386 2848 ⁹⁰
399 2830 584 2869 κατεπαίρονται
594 2838 623 2861 o.
659 2830 681 2849 “
702 2833 746 2860 τοῦ
759 2830 774 2858 ἆ
783 2831 856 2869 [αοοῦ
871 2838 911 2860 m.
949 2830 971 2848 ”
985 2831 1139 2868 συμφέροντα
1153 2837 1183 2860 ο.
