1927 3076
236 172 288 198 3‘75

747 168 1005 197 THEOPHYLACTI
1023 166 1201 196 BULGARl/E
1219 165 1375 195 ARCHIEP.
1845 167 1890 193 376

195 235 198 239 ‘
235 233 309 269 ipsos
320 232 476 268 increpare,
490 231 652 269 prophetam
676 231 786 260 Esaiam
805 231 929 267 ipsorum
953 239 1029 260 accu-

1089 229 1223 270 ἐπήγαγεν
1262 230 1349 259 αὐτῶν
1379 228 1545 269 κατήγορον,
1586 229 1702 259 διπλοῦν
1746 229 1836 258 ποιῶν
1870 228 1895 258 τὸ

235 280 358 306 latorem
372 275 501 313 produxit
515 276 545 304 in
555 275 690 310 medium,
705 275 814 312 culpam
827 275 937 304 illorum
944 275 1032 312 dupli-

236 330 300 350 cem
314 321 428 351 faciens.
448 323 511 350 Non
523 321 600 350 enim
620 320 671 358 ipsi
686 320 737 350 soli
753 320 883 357 injuriam
902 319 1033 355 inferunt,

236 370 371 396 caeterum
385 370 413 395 et
421 366 474 403 ipsi
488 365 523 394 ad
535 366 589 394 hoc
601 366 671 394 alios
681 369 848 402 praeparant;
864 369 892 394 et
905 372 962 393 non
976 368 1034 392 tan-

237 416 301 440 tum
312 418 374 448 quae
386 411 453 448 legis
465 414 538 446 sunt,
552 418 611 439 non
626 410 737 444 docent,
757 418 853 439 verum
866 409 950 438 etiam
964 417 1031 438 con-

237 456 321 485 traria
333 455 445 491 docent,
460 463 559 492 nempe
578 455 779 492 blasphemiam
793 455 857 489 Dei,
873 454 949 491 quod
963 462 1033 482 con-

237 501 357 529 trarium
375 504 417 529 est
430 500 494 536 legi.
507 500 559 535 Qui
581 500 655 528 enim
674 500 748 536 ipsos
764 499 858 528 vident
878 503 1032 535 corruptos,

237 545 359 574 Hoscine
364 545 519 581 oportebat,
530 545 670 581 inquiunt,
681 553 697 573 a
705 546 766 573 Deo
772 544 848 581 diligi
853 546 938 574 ?num
945 545 1033 579 Deus,

237 589 284 626 qui
299 589 369 618 tales
383 589 482 626 diligit,
497 597 593 618 verum
612 597 672 618 esse
686 589 772 626 possit
783 591 796 618 Ρ

271 635 358 663 Vsus.
374 637 419 663 25.
435 646 448 660 ιι
459 634 639 664 Circumcisio
649 634 762 671 quidem
772 633 895 671 prodest,
910 633 933 663 si
946 634 1034 670 legem

236 680 365 708 observes
387 689 394 709 :
410 679 434 708 si
448 683 541 708 autem
562 680 753 716 praevaricator
764 680 832 716 legis
849 680 896 714 sis,
913 679 968 715 23
981 679 1033 708 cir-

233 725 367 754 cumcisio
381 728 428 753 tua
441 725 608 761 praeputium
618 724 689 753 facta
710 729 759 754 est.
776 736 789 749 ιι
811 724 950 760 Quoniam
963 732 1033 761 prae-

236 769 340 798 claram
362 769 398 797 de
424 768 634 797 circumcisione
653 773 838 805 conceperant
863 768 1032 804 opinionem,

236 821 294 842 non
306 813 402 842 statim
415 821 431 842 a
446 813 579 850 principio
589 813 670 847 dixit,
686 813 762 849 quod
776 812 912 849 superﬂua
926 817 954 841 et
967 813 1032 840 inu-

233 859 290 887 tilis
311 867 356 887 res
370 859 406 888 sit
417 859 605 895 circumcisio,
620 867 718 888 verum
732 858 821 887 verbis
839 859 954 895 quidem
969 865 1030 886 eam

233 903 342 939 recipit,
357 903 447 940 reipsa
456 911 520 932 vero
533 892 616 937 tollit,
629 903 755 940 inquiens
768 911 775 931 :
786 892 885 931 Fateor
899 902 1029 940 equidem
1045 892 1069 924 Β

233 948 363 984 prodesse
385 948 635 983 circumcisionem,
654 955 751 977 verum
772 952 832 976 tum
853 955 919 976 cum
941 947 1030 984 legem

233 992 362 1021 observes
391 1001 398 1021 :
420 993 464 1021 sin
478 993 580 1028 minus,
595 1001 652 1021 non
676 992 754 1027 dixit,
768 994 832 1021 Non
848 992 969 1029 prodest,
993 1000 1029 1020 ne

232 1036 321 1074 ipsam
334 1038 504 1067 contumelia
517 1037 628 1066 afﬁcere
644 1037 782 1073 videatur;
792 1037 842 1066 sed
856 1037 984 1066 Judieum
999 1045 1029 1065 ea

232 1081 332 1118 nudat,
350 1082 444 1111 dicens
459 1091 467 1110 :
489 1091 504 1109 α
515 1082 694 1118 circumcisio
706 1086 755 1111 tua
774 1082 939 1118 praeputium
958 1081 1028 1110 facta

232 1131 283 1155 est.
308 1138 322 1151 ιι
348 1127 575 1156 Incircumcisum
605 1128 696 1163 itaque
718 1128 809 1164 ipsum
830 1131 1030 1156 commonstrat

232 1171 324 1200 corde.
338 1174 413 1201 Duas
425 1172 499 1201 enim
518 1173 752 1208 circumcisiones,
768 1173 876 1208 duoque
898 1173 1029 1209 praeputia

232 1216 308 1251 dicit,
332 1217 416 1245 altera
441 1217 552 1253 quidem
578 1217 730 1246 secundum
758 1217 787 1245 id
810 1217 886 1254 quod
912 1217 1029 1252 videtur,

233 1261 317 1290 altera
340 1270 406 1290 vero
428 1262 580 1292 secundum
594 1262 623 1291 id
643 1262 717 1299 quod
738 1262 897 1299 intelligitur
913 1272 919 1290 :
935 1270 1029 1291 exem-

231 1306 269 1344 pli
281 1307 365 1343 gratia
386 1317 393 1336 :
410 1307 590 1336 Circumcisio
605 1307 757 1336 secundum
780 1307 807 1336 id
822 1306 897 1343 quod
912 1307 1029 1342 videtur,

232 1356 275 1380 est
286 1352 330 1380 illa
343 1360 406 1389 qua:
426 1352 455 1380 in
468 1360 549 1380 carne
562 1352 605 1386 ﬁt,
620 1360 684 1381 cum
697 1352 760 1389 quis
777 1352 909 1380 nimirum
932 1359 1029 1380 secun-

232 1397 302 1426 dum
314 1406 426 1426 carnem
444 1397 678 1426 circumcidatur:
693 1402 735 1425 est
749 1401 777 1425 et
794 1397 968 1425 circumcisio
984 1405 1030 1425 se-

232 1442 355 1470 cundum
369 1442 497 1479 spiritum
514 1463 522 1476 ,
537 1442 689 1470 carnalium
699 1442 802 1470 scilicet
816 1441 968 1470 affectuum
983 1450 1029 1470 re-

227 1487 321 1524 jectio.
336 1488 473 1521 Rursum,
498 1491 539 1515 est
557 1487 723 1523 prwputium
742 1486 892 1514 secundum
907 1494 1028 1521 carnem,

1087 274 1218 314 ἔγκλημα.
1240 275 1281 305 Οὖ
1296 273 1348 314 γὰρ
1369 274 1445 304 αὐτοὶ
1467 273 1542 312 μόνοι
1561 273 1738 314 ὑϐρίζουσιν,
1763 272 1838 303 ἀλλὰ
1856 274 1895 302 καὶ

1086 319 1190 359 ἑτέρους
1213 319 1249 352 εἷς
1280 321 1357 349 τοῦτο
1389 318 1639 358 παρασκευάζουσι·
1669 318 1724 348 καὶ
1761 319 1793 348 οὖ
1824 317 1896 356 μόνον

1086 365 1116 394 οὖ
1128 364 1153 382 ⁹⁷
1173 363 1330 394 διδάσκουσι
1351 362 1386 394 τὰ
1402 366 1448 394 τοῦ
1462 363 1563 403 νόμου,
1579 363 1647 394 ἀλλὰ
1669 363 1723 393 καὶ
1736 362 1776 392 τὰ
1791 362 1894 393 ἐναντία

1086 408 1259 445 διδάσκουσι,
1285 410 1452 448 βλασφημεῖν
1477 408 1523 438 τὸν
1548 408 1618 451 Θεόν
1632 419 1640 427 ο
1674 407 1752 448 ὅπερ
1783 407 1896 437 ἐναντίον

1086 453 1142 484 ἐστὶ
1166 455 1204 494 τῷ
1230 452 1314 494 νόμῳ.
1345 454 1381 484 Οἱ
1405 453 1456 493 γὰρ
1473 454 1585 493 ὁρῶντες
1609 452 1711 487 αὐτοὺς
1735 452 1895 494 διεφθαρμέ-

1090 510 1166 537 νους,
1181 497 1298 532 Τούτους
1308 498 1377 535 ἔδει,
1393 497 1486 539 φασὶν,
1504 499 1644 536 ἀγαπῆσαι
1661 498 1712 527 τὸν
1732 497 1826 535 Θεόν;
1849 492 1895 536 ἔρα

1086 545 1101 572 ὁ
1116 544 1227 583 ἀγαπῶν
1241 542 1300 577 τοὺς
1317 543 1459 577 Τοιούτους
1473 542 1555 580 Θεὸς,
1570 542 1716 580 ἀληθινός,

1132 644 1147 662 α
1161 632 1299 674 Περιτομὴ
1318 631 1365 672 μὲν
1381 631 1433 673 γὰρ
1452 632 1549 673 ὤφελεῖ
1559 633 1630 674 ,ᾲέὰν
1643 631 1782 673 πράσσῃς
1798 631 1844 662 τὸν
1859 631 1896 661 νό-

1088 689 1153 717 μον-
1169 672 1215 708 ἐὰν
1237 677 1264 708 δὲ
1289 677 1448 718 παραϐάτης
1468 677 1550 716 νόμου
1574 672 1622 717 ἧς,
1648 672 1672 714 ἠγ
1690 676 1835 718 περιτομή
1856 688 1897 706 σου

1088 722 1253 763 ἀκροϐυστία
1277 717 1425 762 γέγονεν.»
1453 721 1566 758 Ἐπειδὴ
1591 721 1718 763 μεγάλην
1745 717 1823 762 ιῖχον
1839 723 1893 761 περὶ

1086 762 1139 804 τῆς
1167 769 1312 807 περιτομῆς
1337 767 1486 807 ὑπόληψιν,
1512 768 1559 796 οὐκ
1584 762 1659 797 εἶπεν
1689 769 1724 797 ἐκ
1746 766 1893 807 προοιμίων

1088 812 1184 849 εὐθὺς,
1207 812 1247 842 ὅτι
1265 812 1389 852 περιττὸν
1410 811 1456 841 καὶ
1471 811 1596 847 ἀνόνητον
1615 814 1632 847 ἡ
1644 811 1788 852 περιτομή
1801 822 1808 828 ·
1830 811 1892 840 ἀλλὰ

1085 858 1123 898 τῷ
1157 856 1206 896 μὲν
1220 856 1291 897 λόγῳ
1306 856 1483 896 καταδέχεται
1506 855 1621 894 ταύτην,
1636 859 1676 896 τῷ
1699 856 1731 886 δὲ
1756 856 1893 895 πράγματι

1084 904 1223 942 καθαιρεῖ,
1244 901 1290 931 καί
1300 913 1380 941 φησιν
1391 913 1398 920 ·
1413 901 1440 920 9⁸
1451 900 1595 940 Ὀμολογῶ
1616 901 1657 931 ὅτι
1671 901 1781 942 ὠφελεῖ
1792 903 1809 936 ἡ
1824 911 1892 940 περι-

1086 946 1158 985 τομὴ
1168 969 1182 986 ,γ
1193 946 1256 976 ἀλλ’
1273 944 1336 976 ὅταν
1352 947 1398 975 καὶ
1419 945 1463 976 τὸν
1479 945 1560 984 νόμον
1577 946 1739 986 φυλάσσειςο
1757 946 1783 974 εἰ
1799 944 1827 974 δὲ
1841 944 1889 982 μὴ,

1087 993 1138 1021 οὒκ
1157 985 1242 1028 εἶπεν,
1255 989 1296 1020 ὅτι
1317 991 1376 1020 Οὖκ
1391 991 1505 1031 ὠφελεῖ,
1525 990 1568 1021 ἵνα
1632 990 1696 1030 δόξῃ
1716 988 1805 1026 αὐτὴν
1821 989 1891 1029 ὑϐρί-

1087 1039 1140 1072 ζιιν
1157 1035 1202 1055 ⁹⁹’
1229 1035 1299 1065 ἀλλὰ
1323 1037 1420 1074 γυμνοῖ
1446 1036 1526 1071 αὖτ’ἧς
1550 1035 1595 1065 τὸν
1620 1035 1774 1071 Ἰουδαῖον,
1801 1034 1892 1064 εἰπών·

1087 1095 1100 1109 ι
1117 1080 1153 1111 Ἦ
1169 1080 1301 1121 περιτομή
1316 1092 1363 1110 σου
1376 1080 1539 1120 ἀκροϐυστία
1560 1080 1679 1120 γέγονεν.
1700 1091 1716 1109 ι
1735 1079 1891 1119 Ἀπερίτμη-

1087 1136 1132 1155 τον
1153 1120 1200 1155 οὖν
1215 1125 1294 1155 αὐτὸν
1313 1124 1428 1154 δείκνυσι
1442 1127 1475 1165 τῇ
1490 1124 1599 1165 καρδία.
1632 1124 1688 1154 Δύο
1708 1123 1767 1165 γὰρ
1789 1135 1889 1163 περιτο-

1088 1169 1158 1208 μὰς,
1181 1169 1289 1199 καὶδύο
1314 1169 1490 1210 ἀκροϐυστίας
1512 1169 1601 1209 λέγει·
1626 1169 1674 1203 τὰς
1705 1168 1851 1210 μὲνγκατὰ
1865 1168 1889 1197 τὸ

1087 1214 1267 1255 φαινόμενον,
1292 1213 1340 1247 τὰς
1363 1214 1391 1244 δὲ
1405 1215 1475 1243 κατὰ
1495 1214 1526 1244 τὸ
1550 1213 1711 1253 νοούμενον·
1738 1209 1813 1251 οἶον,
1840 1213 1889 1243 ἔστι

1085 1271 1136 1299 περ
1149 1259 1229 1298 ιτομὴ
1253 1257 1324 1288 κατὰ
1338 1258 1369 1288 τὸ
1382 1259 1554 1299 φαινόμενον,
1570 1261 1587 1294 ἡ
1610 1258 1679 1288 κατὰ
1696 1258 1792 1299 σάρκα
1803 1280 1813 1295 ,
1832 1257 1888 1287 ὅταν

1085 1316 1124 1338 τις
1139 1305 1293 1343 περιτμηθῇ
1310 1303 1358 1339 τὴν
1380 1303 1484 1343 σάρκα·
1509 1304 1556 1333 καὶ
1579 1302 1636 1333 ἔστι
1660 1303 1801 1343 περιτομὴ
1826 1302 1887 1332 κατὰ

1085 1351 1191 1386 πνεῦμα
1202 1371 1210 1385 ,
1234 1350 1252 1384 ἡ
1273 1349 1326 1377 τῶν
1340 1350 1476 1389 σαρκικῶν
1492 1350 1582 1377 παθῶν
1607 1347 1733 1384 ἀποϐολή
1751 1348 1776 1378 ⁴.
1793 1347 1885 1381 Πάλιν,

1084 1393 1155 1423 ἔστιν
1174 1392 1340 1433 ἀκροϐυστία
1361 1393 1430 1423 κατὰ
1446 1393 1534 1433 σάρκα
1546 1416 1555 1430 ,
1568 1392 1633 1422 ὅταν
1647 1404 1686 1426 τις
1707 1392 1886 1433 ἀπερίτμητος

1084 1434 1101 1477 ᾖ
1121 1437 1168 1474 τὴν
1188 1438 1275 1478 σάρκα
1287 1437 1317 1456 ²·
1333 1438 1379 1467 καὶ
1402 1437 1472 1467 ἔστιν
1493 1437 1658 1478 ἀκροϐυστία
1674 1437 1751 1467 κατὰ
1771 1439 1886 1475 πνεῦμα,

1083 1482 1145 1512 ὅταν
1170 1495 1210 1516 τις
1235 1481 1338 1518 ἐθνικὴν
1367 1482 1435 1522 ἔχων
1461 1483 1569 1522 ψυχὴν,
1602 1481 1685 1521 μηδὲν
1714 1484 1772 1512 τῶν
1797 1483 1883 1510 παθῶν

231 1522 344 1567 quando
366 1531 464 1567 aliquis
487 1522 694 1559 incircumcisus
717 1530 800 1558 fuerit
824 1538 926 1559 carne:
943 1535 970 1558 et
987 1535 1029 1559 est

1087 1527 1220 1570 ἰποκόψῃἐ
1236 1527 1315 1567 Λέγει
1325 1522 1369 1557 οὖν
1381 1529 1395 1557 ὁ
1408 1528 1524 1563 Παῦλος,
1537 1527 1577 1557 ὅτι
1587 1525 1676 1557 Ὅταν
1688 1525 1884 1567 περιτετμημέ-

231 1575 397 1612 praeputium
411 1576 563 1604 secundum
585 1576 725 1612 spiritum,
748 1576 858 1612 quando
879 1576 1028 1612 quisquam

232 1619 361 1656 gentilem
374 1620 478 1649 habens
487 1621 611 1649 animum
623 1620 694 1649 nihil
708 1619 862 1649 affectuum
876 1629 1028 1658 pravorum

231 1663 388 1693 absciderit.
413 1665 489 1693 Dicit
511 1665 606 1702 itaque
633 1665 711 1694 divus
733 1665 832 1694 Paulus
845 1663 859 1682 δ
877 1675 885 1693 :
911 1666 1027 1701 Quando

231 1708 409 1738 circumcisus
433 1708 519 1739 fueris
542 1710 573 1738 in
597 1718 694 1743 carne,
732 1710 797 1738 nihil
820 1714 915 1739 autem
940 1710 1028 1747 egeris

232 1761 329 1783 eorum
347 1762 407 1790 quae
421 1754 487 1791 legis
504 1759 578 1790 sunt,
606 1755 771 1791 pmputium
790 1755 842 1784 tibi
865 1755 956 1784 adhuc
976 1758 1027 1788 est,

231 1803 259 1828 et
291 1798 501 1828 incircumcisus
531 1807 560 1828 es
569 1799 648 1836 juxta
673 1799 801 1836 spiritum
832 1809 840 1828 :
862 1800 973 1836 perinde
997 1808 1030 1828 ac

1081 1583 1125 1606 νος
1139 1571 1187 1611 μὲν
1203 1568 1234 1611 ἧς
1250 1571 1299 1608 τὴν
1324 1572 1431 1611 σάρκα,
1457 1572 1539 1610 μηδὲν
1565 1571 1594 1601 δὲ
1619 1571 1745 1611 πράττῃς
1769 1572 1823 1600 τῶν
1845 1572 1884 1599 τοῦ

1081 1615 1177 1655 νόμου,
1189 1616 1350 1656 ἀκρόϐυστος
1365 1616 1411 1646 καὶ
1434 1616 1615 1656 ἀπερίτμητος
1629 1612 1655 1646 εἷ
1670 1617 1746 1646 κατὰ
1762 1618 1882 1653 πνεῦμα·

1082 1660 1172 1702 ὥσπερ
1185 1663 1199 1691 ὁ
1214 1661 1283 1691 κατὰ
1299 1661 1385 1702 σάρκα
1406 1661 1585 1702 ἀκρόϐυστος,
1598 1661 1643 1692 ἐὰν
1659 1661 1772 1702 πράττῃ
1789 1659 1824 1690 τὰ
1838 1661 1880 1689 τοῦ

1081 1707 1180 1745 νόμου,
1207 1705 1401 1746 περιτέτμηται
1426 1707 1494 1736 κατὰ
1517 1709 1643 1745 πνεῦμα,
1661 1706 1696 1736 τὰ
1721 1709 1771 1742 τ’ἧς
1786 1705 1877 1745 σαρκὸς

1082 1751 1154 1787 πάθη
1177 1751 1383 1791 περιῃρημένος.
1406 1750 1495 1791 Ὅπερ
1510 1751 1556 1781 καὶ
1580 1752 1624 1781 διὰ
1646 1753 1700 1781 τῶν
1719 1751 1781 1787 ἑξῆς
1803 1760 1879 1791 φησι·

1083 1796 1129 1826 καὶ
1150 1795 1240 1826 ἄκουε.

229 1844 253 1872 is
267 1844 316 1881 qui
335 1845 426 1873 carnis
445 1844 538 1873 adhuc
559 1845 694 1882 praeputio
707 1845 822 1874 vestitus
835 1850 887 1878 est,
910 1845 933 1874 si
957 1844 1052 1874 fecerit
1066 1853 1097 1873 ea
1116 1853 1178 1881 qua
1196 1845 1262 1881 legis
1274 1848 1355 1879 sunt,
1368 1844 1547 1874 circumcisus
1570 1849 1613 1873 est
1634 1845 1792 1874 secundum
1812 1842 1882 1880 spiri—

239 1897 299 1924 um,
312 1890 411 1926 quippe
424 1890 468 1918 cui
482 1890 572 1918 carnis
584 1889 701 1919 affectus
719 1891 774 1919 sint
793 1890 923 1926 adempti.
944 1890 1025 1925 Quod
1038 1889 1153 1926 quidem
1168 1897 1217 1926 per
1229 1889 1371 1926 sequentia
1382 1889 1503 1918 declarat
1517 1899 1523 1917 :
1539 1890 1602 1918 audi
1617 1890 1704 1918 enim.

265 1936 356 1963 Vens.
372 1936 416 1963 26.
441 1946 455 1959 ι
478 1935 595 1970 Quando
616 1936 700 1972 igitur
724 1935 890 1971 praeputium
909 1934 1029 1970 justitias

227 1979 296 2015 legis
307 1979 436 2014 custodit,
449 1987 544 2008 nonne
555 1980 721 2016 praeputium
735 1979 794 2015 ejus
806 1979 835 2006 in
846 1979 1030 2007 circumcisio-

229 2031 295 2052 nem
314 2023 506 2059 reputabitur?
523 2035 537 2048 ιι
562 2024 625 2051 Non
646 2024 684 2051 ait
702 2023 776 2059 quod
791 2023 1029 2052 circumcisionem

227 2067 394 2104 prmputium
408 2067 500 2095 vincat
517 2067 695 2095 antecellatve
707 2067 770 2103 (hoc
783 2067 859 2095 enim
883 2068 1029 2096 molestum

230 2113 327 2146 esset);
357 2111 417 2146 sed,
443 2123 457 2136 α
484 2113 516 2139 in
537 2112 778 2141 circumcisionem
803 2112 985 2148 reputabitur.
1014 2124 1028 2138 ι

1125 1945 1141 1963 α
1157 1933 1246 1964 Ὅταν
1261 1930 1306 1964 οὖν
1327 1936 1344 1970 ἡ
1358 1933 1522 1974 ἀκροϐυστία
1537 1935 1571 1964 τὰ
1593 1934 1768 1973 δικαιώματα
1787 1936 1832 1963 τοῦ
1844 1944 1880 1962 νο-

1084 1989 1134 2017 μου
1159 1978 1295 2019 φυλάττῃ,
1312 1978 1372 2019 οὐχὶ
1398 1981 1414 2014 ἡ
1435 1979 1599 2019 ἀκροϐυστία
1622 1980 1702 2009 αὐτοῦ
1720 1980 1758 2014 εἰς
1778 1989 1878 2018 περιτο-

1085 2022 1139 2060 μὴν
1155 2023 1361 2062 λογισθήσεταις
1376 2033 1391 2051 n
1414 2024 1454 2054 Οὖ
1467 2024 1556 2063 λέγει,
1571 2024 1613 2055 ὅτι
1627 2024 1685 2061 Τὴν
1703 2023 1849 2065 περιτομὴν
1863 2023 1877 2056 ἡ

1084 2066 1247 2107 ἀκροϐυστία
1269 2072 1331 2107 νικᾷ
1341 2077 1349 2085 ⁸
1367 2067 1482 2107 ἐπαχθὲς
1493 2068 1545 2108 γὰρ
1566 2071 1643 2099 τοῦτο
1657 2080 1664 2087 ·
1677 2069 1739 2098 ἀλλ’
1751 2068 1793 2098 ὅτι
1811 2081 1823 2094 ε
1836 2067 1878 2098 Εἰς

1083 2112 1230 2152 περιτομὴν
1252 2113 1448 2152 λογισθήσεται.
1469 2123 1485 2142 n
1511 2111 1601 2143 "Qun
1625 2113 1757 2154 περιτομὴ
1784 2110 1878 2147 ἀληθὴς

227 2155 350 2185 Proinde
371 2163 434 2184 vera
457 2155 626 2184 circumcisio
646 2161 687 2185 est
707 2156 781 2185 bona
802 2157 872 2185 actio
893 2166 900 2185 :
924 2165 1029 2194 praepu-

227 2201 298 2230 tium
313 2201 446 2232 similiter.
458 2201 529 2230 actio
542 2200 624 2229 mala.
640 2201 762 2231 Observa
777 2206 867 2231 autem
883 2202 960 2232 quod
973 2210 1029 2231 non

1087 2158 1104 2191 ἡ
1120 2156 1214 2196 πρᾶξίς
1238 2158 1308 2187 ἔστιν
1331 2159 1348 2193 ἡ
1374 2156 1462 2196 ἀγαθὴ
1475 2157 1499 2195 ³,
1525 2158 1570 2188 καὶ
1593 2159 1627 2187 ἀκ
1646 2158 1761 2188 οϐυστία
1786 2155 1876 2195 ὁμοίως

1087 2201 1177 2232 πρᾶξις
1200 2201 1315 2232 πονηρά.
1332 2201 1406 2232 Ὅρα
1423 2201 1449 2231 δὲ
1466 2203 1522 2232 πῶς
1544 2204 1592 2232 οὔκ
1614 2170 1704 2232 εἶπεν.
1730 2202 1771 2232 ὅτι
1792 2199 1876 2231 Ὅταν

227 2201 298 2230 tium
313 2201 446 2236 similiter,
458 2201 529 2230 actio
542 2200 624 2229 mala.
640 2201 762 2231 Observa
777 2206 867 2231 autem
883 2202 960 2239 quod
973 2210 1029 2231 non

227 2246 342 2282 dixerit,
358 2245 476 2282 Quando
491 2247 659 2282 praeputium
681 2247 768 2282 legem
781 2247 903 2276 servarit.
926 2247 1029 2276 Verisi-

227 2292 294 2320 mile
308 2299 429 2328 namque
442 2296 500 2320 erat
512 2291 669 2327 quempiam
680 2292 718 2320 sic
727 2299 906 2321 occursurum
921 2291 1005 2321 fuisse
1019 2303 1026 2321 :

227 2335 282 2372 Qui
305 2335 365 2363 ﬁeri
386 2339 474 2371 potest
493 2340 525 2364 ut
540 2336 582 2363 lex
603 2336 638 2364 ab
653 2343 698 2371 eo,
723 2336 766 2364 cui
790 2337 958 2373 prmputium
974 2341 1027 2372 est,

225 2384 360 2414 servetur,
373 2388 437 2409 cum
451 2381 504 2409 hoc
515 2381 605 2417 ipsum
614 2381 690 2417 quod
702 2382 849 2418 quisquam
862 2382 1026 2418 praeputium

229 2423 339 2459 habeat,
356 2424 394 2453 sit
408 2424 473 2462 legis
499 2426 701 2461 transgressio?
714 2427 752 2454 At
769 2425 912 2462 quomodo
936 2425 1026 2455 dixit?

227 2480 240 2495 ι
265 2469 390 2497 Iustitiae
404 2469 482 2505 legis,
499 2481 512 2494 ι
529 2469 583 2498 hoc
597 2475 648 2505 est,
665 2478 728 2507 quae,
739 2470 863 2499 videntur
873 2470 1025 2507 justiﬁcare

228 2521 279 2550 per
300 2513 488 2550 operationem
514 2514 645 2550 ipsarum.
668 2515 847 2544 circumcisio
874 2515 947 2544 enim
969 2523 1027 2545 non

222 2558 296 2587 actio
319 2563 390 2592 erat,
406 2557 455 2587 sed
475 2559 577 2595 passio,
593 2559 758 2588 circumciso
777 2567 878 2597 nempe
894 2560 1026 2596 patiente.

259 2625 273 2645 ¹¹
287 2629 300 2658 Ι
312 2629 377 2658 Cor.
393 2636 452 2664 vn,
469 2632 513 2658 18.

1083 2201 1177 2241 πρᾶξις
1200 2201 1315 2242 πονηρά.
1332 2201 1406 2241 Ὅρα
1423 2201 1449 2231 δὲ
1466 2203 1522 2236 πῶς
1544 2204 1592 2232 οὔκ
1614 2199 1704 2242 εἶπεν,
1730 2202 1771 2233 ὅτι
1792 2199 1876 2231 Ὅταν

1082 2248 1100 2282 ἡ
1116 2245 1282 2286 ἀκροϐυστία
1294 2246 1337 2277 τὸν
1357 2247 1436 2284 νόμον
1457 2246 1594 2288 φυλάττῃ·
1614 2247 1685 2282 εἰκὸς
1699 2247 1752 2288 γὰρ
1767 2243 1799 2283 ἧν
1822 2255 1874 2274 τινα

1083 2290 1236 2326 ἀπαντῆσαι
1259 2292 1331 2332 αὐτῷ
1346 2290 1458 2331 λέγοντα
1471 2303 1477 2310 ·
1495 2292 1558 2326 Πῶς
1572 2292 1612 2322 ἔνι
1627 2293 1738 2322 δυνατὸν
1755 2290 1874 2333 φυλάττε-

1083 2337 1144 2364 σθαι
1170 2336 1244 2376 παρὰ
1258 2339 1325 2376 ατοῦ
1348 2336 1512 2376 ἀκροϐύστου
1545 2336 1590 2367 τὸν
1616 2336 1714 2376 νόμον;
1743 2336 1807 2366 αὐτὸ
1827 2334 1872 2374 γὰρ

1081 2382 1159 2410 τοῦτο
1170 2402 1179 2418 ,
1192 2380 1224 2410 τὸ
1246 2375 1318 2410 εἶναι
1331 2380 1496 2420 ἀκρόϐυστον
1507 2403 1516 2418 ,
1528 2381 1684 2421 παράϐασίς
1707 2383 1764 2411 ἐστι
1786 2379 1870 2418 νόμου·

1081 2423 1160 2454 Ἀλλᾶ
1172 2426 1228 2459 πῶς
1242 2420 1315 2462 εἶπε,
1335 2439 1347 2453 ε
1365 2425 1409 2456 Τὰ
1421 2425 1591 2464 δικαιώματα
1606 2429 1654 2456 τοῦ
1673 2426 1766 2464 νόμου,
1780 2439 1792 2452 υ
1805 2434 1871 2453 τουτ-

1079 2468 1151 2507 έστι,
1167 2469 1201 2498 τὰ
1216 2470 1344 2499 δοκοῦντα
1369 2471 1488 2512 δικαιοξν
1503 2469 1547 2500 διὰ
1570 2472 1618 2507 τῆς
1632 2472 1759 2512 ἐργασίας
1776 2469 1868 2499 αὖτῶν-

1082 2512 1119 2543 Ἥ
1143 2513 1194 2554 γὰρ
1208 2514 1359 2554 περιτομὴ,
1386 2515 1434 2544 οὐκ
1458 2510 1491 2551 ἧν
1517 2510 1652 2555 ἐργασία,
1669 2510 1748 2546 ἀλλὰ
1773 2516 1853 2544 πεῖσις
1861 2533 1868 2546 ν

1081 2558 1230 2599 πάσχοντος
1240 2561 1285 2588 τοῦ
1298 2559 1527 2600 περιτιτμημένου
1537 2560 1561 2590 ⁴.
1574 2558 1663 2590 Ὥστε
1676 2561 1735 2591 οὖδὶ
1742 2558 1868 2596 δικαίωμα

920 2672 1017 2706 Varia
1039 2672 1191 2705 lectiones.

258 2732 282 2750 ”
307 2743 336 2760 τε
355 2740 383 2762 ο.
420 2732 445 2753 ’⁸
465 2733 514 2762 ὅτι.
552 2733 574 2751 ⁵³
591 2735 721 2771 κερτομεῖν
744 2743 784 2763 In.
822 2735 832 2753 ί
858 2735 874 2770 ἡ
900 2734 992 2769 tum
1019 2734 1096 2771 ἤγουν
1125 2735 1245 2772 περικοπὴ
1274 2737 1317 2763 καὶ
1349 2736 1472 2772 ἀφαίρεσις
1503 2739 1553 2764 τῶν
1578 2738 1664 2765 παθῶν
1687 2738 1802 2767 ὡσαύτως
1827 2741 1864 2761 ω’

222 2774 233 2790 ³
262 2772 278 2806 ἦ
315 2775 359 2800 τοῦ
399 2774 549 2810 παιδογόνου
585 2775 672 2811 μορίου
702 2775 830 2812 ἔπίκρυφος
859 2775 938 2812 ἤγουν
973 2775 1114 2812 ἒπικάλυψις
1144 2784 1182 2805 m.
1221 2799 1233 2812 υ

225 2814 236 2830 ⁵
251 2814 457 2850 περιτεμνομένου
474 2822 501 2844 o.

1266 2776 1278 2794 ³
1302 2777 1319 2810 ἡ
1354 2776 1447 2811 ἀληθής
1472 2777 1524 2804 ἔστι
1553 2777 1636 2813 πρᾶξις
1671 2779 1714 2806 καὶ
1738 2775 1816 2814 ἀγαθὴ
1847 2780 1861 2800 0
