1927 3076
96 183 158 210 37⁸1

546 179 724 208 Εχροειτιο
742 179 776 208 ΙΝ
795 178 901 208 EPIST.
923 178 969 207 Λῐ)
986 177 1070 207 ROM.
1090 193 1125 200 —-
1143 178 1219 206 CAP.
1238 178 1283 207 lll.

1697 182 1748 208 378

99 243 190 282 νόμον
201 243 325 285 λεχθείη.
349 244 466 282 Σημεῖον
484 242 537 284 1&9
556 243 633 279 ἐδόθη
653 243 688 277 ιίς
702 242 733 273 τὸ
748 241 786 281 μὴ
808 242 906 282 ἀναμί-

958 242 1133 278 Quapropter
1147 248 1236 277 neque
1247 240 1408 277 justiilcatio
1427 240 1494 277 legis
1511 241 1565 270 dici
1577 246 1667 278 queat.
1682 243 1753 271 Nam

99 292 217 329 τνυσθαι
230 289 292 323 τοὺς
303 288 445 323 Ἰουδαίους
456 289 509 323 τοῖς
529 289 649 322 ὶθνικοῖς.

152 385 166 404 α
186 374 242 406 Καὶ
256 379 341 415 κρινεῖ
354 377 372 411 ἡ
395 376 425 405 ἐκ
444 374 547 415 φύσεως
570 374 735 415 ἀκροϐυστία
760 374 804 404 τὸν
823 374 904 413 νόμον

100 420 237 458 τελοῦσα,
251 420 281 450 ei
295 420 340 450 τὸν
360 419 404 449 διὰ
418 420 577 460 γράμματος
591 420 636 449 καὶ
655 421 804 459 περιτομῆς
814 431 903 459 παρα-

102 464 193 501 ϐάτην
218 464 310 503 νόμου.
341 466 383 495 Οὔ
397 464 449 505 1&9
477 466 491 494 ὁ
509 465 535 494 ἐν
565 465 604 504 τῷ
626 466 746 505 φανερῷ,
778 464 904 498 Ἰουδαῖός

102 511 196 539 ἐστιν·
219 510 278 540 οὖδὲ
304 512 322 546 ἡ
335 511 363 539 ἕν
384 511 422 550 τῷ
445 511 565 550 φανερῷ,
587 511 614 539 ἰν
636 510 732 548 σαρκὶ,
756 509 902 549 περιτομή·

105 554 170 584 ἀλλ’
181 556 197 584 ὁ
211 555 238 584 ἐν
252 555 290 594 τῷ
299 556 409 596 κρυπτῷ
424 554 567 592 Ἰουδαῖος,
579 554 625 596 καὶ
635 554 766 595 περιτομὴ
779 554 902 594 καρδίας,

102 601 133 629 ἔν
160 598 311 638 πνεύματι,
339 601 369 630 οὗ
393 600 553 639 γράμματι·
584 595 614 629 οὗ
633 601 648 628 ὁ
672 599 778 633 ἔπαινος
802 599 848 629 οὐκ
877 600 904 635 ἐξ

103 643 275 684 ἀνθριίιταιιν,
301 645 361 673 ἀλλ’
382 645 413 674 in
434 646 480 673 τοῦ
501 645 581 674 Osco".
598 655 613 673 ›
627 643 761 674 Ἐνταῦθα
786 646 904 684 φανερῶς

103 688 258 726 δείκνυσιν,
281 689 320 719 ὅτι
336 688 382 719 δύο
402 688 581 728 ἀκροϐυστίας
595 688 683 728 λέγει,
704 689 752 725 τήν
764 699 793 718 τε
816 690 846 719 ἐκ
857 689 904 730 φύ-

103 744 187 772 σεως,
203 734 250 763 καὶ
272 733 320 769 τὴν
335 735 365 764 ἐκ
388 733 579 774 προαιρέσεως·
603 733 661 769 ἥτις
676 733 747 763 ἐστὶν
758 756 766 770 ,
782 735 818 768 ὥς
832 734 904 774 εἴρη-

102 789 172 817 ται,
187 778 250 808 ὅταν
265 790 304 812 τις
326 778 409 818 μηδὲν
426 778 476 819 ἔχῃ
493 780 545 808 τῶν
564 779 698 818 σαρκικῶν
712 780 804 808 παθῶν
827 790 903 819 περι-

100 823 242 864 ῃρημένον
253 835 261 843 ·
275 824 322 854 καὶ
336 823 382 854 δύο
403 823 563 863 περιτομὰς,
580 823 629 860 τὴν
645 823 715 853 κατὰ
733 824 837 864 σάρκα,
858 825 903 854 καὶ

100 868 155 904 τὴν
166 869 193 898 ἐν
209 868 340 907 πνεύματι
354 871 401 905 τῆς
419 869 539 909 καρδίας.
561 868 653 905 Φησὶν
675 864 720 898 οὖν
731 892 741 907 ,
764 869 804 899 ὅτι
822 868 857 900 Ἦ
875 871 905 899 ἐκ

103 911 212 953 φύσεως
235 913 416 954 ἀκροϐυστία⁷
434 913 533 953 ἔχουσα
551 913 600 950 τὴν
616 915 670 943 τῶν
683 915 777 943 παθῶν
798 926 904 955 περιτο-

104 957 163 996 μὴν
172 979 182 994 ,
196 957 240 988 διὰ
251 961 296 988 τοῦ
312 959 357 989 τὸν
372 958 452 997 νόμον
463 959 564 996 τελεῖν,
576 958 695 989 τουτέστι
707 981 715 995 ,
731 958 784 997 τὰξ,
797 960 834 993 ὣς
848 959 903 989 ἄνω

103 1002 229 1043 εἴρηται,
246 1003 415 1042 δικαιώματα
427 1006 473 1033 τοῦ
487 1004 583 1042 νόμου,
597 1018 610 1030 ιι
626 1003 728 1042 κρινεῖ,
745 1016 757 1030 ι
774 1005 831 1033 ἀντὶ
846 1007 903 1042 τοῦ,

104 1047 282 1088 κατακρινεῖ,
297 1050 326 1079 οὐ
337 1048 385 1085 τὴν
397 1049 543 1088 περιτομὴν
559 1048 724 1088 (πληκτικὸν
735 1049 788 1089 1&9
798 1050 902 1090 τοῦτο),

105 1093 182 1123 ἀλλὰ
203 1093 232 1123 σὲ
246 1093 292 1123 τὸν
311 1096 520 1133 περιητμῆσθαι
538 1094 587 1133 μὲν
602 1094 742 1132 δοκοῦντα,
759 1094 820 1123 ὅσον
834 1095 903 1124 κατὰ

104 1137 197 1179 σάρκα
208 1161 216 1174 ,
231 1138 413 1178 ἀπερίτμητον
429 1137 456 1168 δὲ
526 1138 623 1178 καρδία
633 1161 641 1175 ,
659 1138 725 1168 καθὸ
743 1139 904 1179 παραϐάτης

105 1178 137 1224 εἶ,
154 1185 207 1212 τῶν
221 1186 268 1214 τοῦ
292 1183 374 1221 νόμου
395 1183 596 1222 δικαιωμάτων.
619 1184 660 1214 οὗ
683 1183 733 1219 τὴν
755 1178 902 1224 περιτομὴν

101 1223 153 1258 οὖν
168 1229 292 1268 ἀτιμάζει
308 1229 422 1267 (μᾶλλον
438 1228 490 1268 1&9
507 1229 579 1258 δοκεῖ
592 1233 675 1269 τιμᾷν
690 1228 818 1267 ταύτην),
835 1229 904 1258 ἀλλὰ

101 1273 152 1302 τὸν
176 1274 213 1306 εἰς
241 1273 322 1309 αὐτὴν
351 1273 504 1312 ὕϐρίζοντα¹,
530 1274 566 1307 ὡς
591 1271 764 1313 παραϐάτην.
814 1269 881 1304 Εἶτα
895 1297 902 1309 ,

101 1316 200 1354 ἐπειδὴ
224 1321 307 1348 ταῦτα
333 1317 527 1354 κατεσκεύασε,
550 1320 641 1358 σαφῶς
662 1318 777 1358 ὁρίζεται
798 1318 844 1348 καὶ
864 1319 904 1353 τίς

103 1364 179 1392 ἐστιν
195 1364 209 1392 ὃ
224 1362 324 1399 ἀληθὴς
339 1362 476 1398 Ἰουδαῖος,
495 1363 541 1392 καὶ
553 1363 685 1393 δείκνυσιν
705 1362 800 1397 αὐτοὺς
814 1364 903 1393 πάντα

102 1407 173 1448 πρὸς
196 1407 320 1442 ἐπίδειξιν
343 1408 519 1448 πράττοντας.
549 1418 565 1437 α
579 1408 620 1438 Οὖ
635 1407 687 1447 γὰρ
714 1410 728 1438 ὁ
749 1409 776 1437 ἐν
794 1410 832 1448 τῷ
849 1420 903 1449 φα-

102 1453 190 1492 νερῷ,
207 1465 219 1478 ι
234 1452 329 1490 φησὶν,
346 1466 359 1478 ι
376 1452 518 1489 Ἰουδαῖος,
535 1452 596 1482 ἀλλ’
617 1455 631 1482 ὁ
644 1454 670 1483 ἐν
690 1455 728 1493 τῷ
746 1455 872 1494 κρυπτῷ·
890 1467 902 1480 ι

103 1498 120 1527 ὃ
132 1497 216 1536 μηδὲν
231 1497 323 1531 ἁπλῶς
340 1497 492 1535 σωματικὸν
506 1497 518 1516 ⁵
534 1498 617 1527 τελῶν
628 1519 636 1533 ,
659 1497 729 1527 ἀλλὰ
754 1509 901 1536 πνευματι-

960 291 1002 316 est
1013 287 1075 315 data
1091 287 1119 315 in
1137 286 1255 323 signum,
1272 293 1307 314 ne
1321 293 1385 314 cum
1403 285 1529 321 gentibus
1539 286 1629 315 Judaei
1653 287 1751 316 misee-

957 337 1063 362 rentur.

992 379 1083 406 Vsas.
1098 379 1194 405 21-29.
1206 386 1222 403 α
1236 377 1270 404 Et
1288 375 1423 413 judicabit
1431 375 1458 403 id
1472 375 1546 412 quod
1559 383 1590 404 ex
1601 380 1699 404 natura
1711 382 1753 406 est

960 422 1125 459 praeputium
1138 422 1227 458 legem
1236 428 1445 455 consummatus,
1466 425 1492 448 te
1504 420 1550 456 qui
1568 428 1617 456 per
1631 420 1754 450 litteram

957 473 985 496 et
1003 467 1244 496 circumcisionem
1259 465 1451 502 prievariwtor
1464 473 1493 494 es
1507 466 1584 502 legis.
1600 467 1661 494 Non
1676 466 1751 494 enim

958 513 1004 550 qui
1019 513 1046 541 in
1062 512 1219 546 manifesto,
1235 511 1349 540 Iudaeus
1363 515 1416 544 est,
1436 518 1526 546 neque
1541 518 1604 546 qua:
1618 510 1646 538 in
1662 511 1752 538 mani-

956 559 1027 588 {esto
1044 558 1126 586 estin
1139 565 1231 591 carne,
1250 556 1421 585 circumcisio
1439 560 1481 584 est
1496 565 1502 584 :
1517 555 1564 584 sed
1575 556 1621 591 qui
1643 556 1672 583 in
1690 555 1752 584 abs-

958 603 1071 632 condito
1083 601 1198 631 Judaeus
1211 604 1254 630 est
1269 613 1277 635 ς
1302 605 1331 629 et
1353 601 1528 629 circumcisio
1545 600 1635 629 cordis
1659 600 1686 628 in
1699 601 1752 637 spi-

957 649 1022 682 ritu,
1035 655 1091 676 non
1112 648 1140 675 in
1154 647 1256 679 littera.
1278 648 1356 683 cujus
1367 647 1430 674 laus
1454 653 1510 674 non
1531 653 1561 674 ex
1583 645 1753 680 hominibus,

956 693 1048 722 sedes
1062 694 1121 721 Deo
1143 696 1194 720 est.
1219 703 1231 715 ιι
1253 691 1305 719 Hic
1328 695 1420 727 aperte
1447 690 1578 724 ostendit,
1601 690 1675 726 quod
1696 689 1754 718 duo

957 738 1090 775 praeputia
1101 736 1158 773 24
1169 739 1263 773 ponat,
1275 736 1392 764 alterum
1403 735 1513 772 quidem
1524 743 1561 764 ex
1571 739 1680 769 natura,
1689 735 1755 763 alte-

957 791 1019 812 rum
1037 790 1100 811 vero
1113 790 1146 810 ex
1166 782 1298 810 electione
1319 785 1346 810 et
1367 781 1504 810 voluntate
1519 789 1525 808 :
1541 780 1615 816 quod
1643 780 1752 816 quidem

956 833 1007 862 est,
1020 832 1051 856 ut
1060 827 1165 856 dictum
1176 831 1226 862 est,
1242 826 1352 863 quando
1365 826 1425 862 quis
1437 825 1588 854 carnalium
1600 824 1752 854 affectuum

959 873 1064 901 nullum
1083 872 1166 901 habet
1187 872 1382 900 circumcisum
1398 875 1445 899 aut
1468 875 1652 906 amputatum.
1677 872 1752 898 Deus

959 919 1025 946 item
1051 917 1272 946 circumcisiones
1294 916 1374 950 dicit,
1388 916 1503 944 alteram
1526 915 1677 944 secundum
1697 923 1756 943 car-

958 971 1034 997 nem,
1049 963 1162 991 alteram
1176 962 1205 990 in
1215 962 1311 998 spiritu
1323 960 1423 989 cordis.
1435 960 1483 989 Ait
1494 961 1596 996 itaque,
1608 971 1621 984 ι
1638 960 1666 988 id
1679 959 1753 995 quod

957 1016 991 1036 ex
1001 1011 1100 1036 natura
1119 1012 1162 1036 est
1176 1007 1352 1044 praeputium,
1388 1017 1401 1030 ι
1425 1005 1565 1034 Affectum
1588 1005 1679 1033 carnis
1702 1005 1753 1032 cir-

958 1053 1161 1082 cumcisionem
1175 1052 1290 1086 habens,
1305 1059 1354 1088 per
1367 1051 1421 1079 hoc
1433 1050 1507 1087 quod
1518 1051 1604 1086 legem
1616 1049 1748 1086 perﬁciat,

957 1098 985 1126 id
998 1102 1040 1126 est
1053 1098 1121 1134 legis
1135 1099 1178 1131 (ut
1191 1105 1273 1133 supra
1285 1096 1402 1129 dictum)
1415 1095 1634 1132 justiﬁcationes,
1651 1106 1664 1118 ι
1682 1094 1752 1131 judi-

957 1143 1039 1175 cabit,
1055 1153 1068 1168 υ
1088 1150 1138 1179 pro
1151 1150 1184 1170 eo
1198 1141 1272 1178 quod
1283 1145 1334 1176 est,
1346 1140 1552 1174 condemnabit,
1567 1148 1623 1168 non
1635 1139 1753 1168 circum-

956 1188 1090 1216 cisionem
1104 1187 1166 1221 (hoc
1190 1188 1263 1215 enim
1277 1186 1407 1215 odiosum
1430 1188 1500 1219 erat)
1527 1193 1623 1214 verum
1645 1196 1658 1209 ι
1680 1188 1718 1218 te,
1738 1195 1750 1208 ι·

958 1233 1014 1268 qui,
1029 1237 1162 1269 quantum
1187 1231 1222 1260 ad
1245 1239 1357 1259 carnem
1377 1230 1487 1263 attinet,
1501 1230 1681 1258 circumcisus
1693 1229 1753 1264 qui-

957 1277 1020 1306 dem
1035 1277 1145 1310 videris,
1158 1276 1242 1306 corde
1257 1284 1321 1305 vero
1337 1275 1544 1304 incircumcisus
1561 1283 1602 1308 es,
1617 1279 1753 1311 quatenus

956 1326 1144 1358 transgressor
1167 1330 1197 1350 es
1224 1321 1452 1357 justilicationum
1472 1320 1550 1356 legis.
1580 1321 1642 1348 Non
1661 1320 1751 1355 itaque

957 1367 1183 1397 cirumcisionem
1197 1366 1348 1402 ignominia
1369 1365 1455 1394 aflicit
1478 1369 1552 1399 (nam
1565 1365 1645 1393 istam
1661 1364 1750 1400 potius

959 1411 1096 1440 honorare
1111 1411 1239 1444 videtur),
1251 1410 1298 1438 sed
1311 1418 1388 1442 eum,
1402 1409 1449 1445 qui
1464 1409 1494 1437 in
1507 1409 1594 1444 ipsam
1617 1416 1667 1436 ceu
1682 1415 1749 1444 prae-

959 1456 1097 1485 varicator
1119 1455 1234 1492 injurius
1253 1455 1394 1483 exstiterit.
1411 1454 1493 1482 Hisce
1515 1453 1640 1489 peractis,
1665 1453 1751 1480 mani-

959 1500 1026 1529 feste
1039 1500 1136 1529 deﬁnit
1160 1500 1288 1536 quisnam
1308 1499 1344 1527 sit
1355 1506 1435 1527 verus
1455 1497 1577 1531 Judasus,
1598 1497 1745 1526 ostendens

103 1543 159 1575 κῶς
182 1544 250 1572 νοῶν
260 1541 284 1581 ⁸,
299 1542 344 1571 καὶ
359 1542 394 1571 τὰ
417 1541 549 1572 Σάϐϐατα
559 1565 567 1579 ,
593 1541 640 1572 καὶ
655 1541 703 1576 τὰς
730 1542 838 1580 θυσίας,
856 1543 901 1573 καὶ

958 1554 1002 1575 eos
1014 1550 1112 1574 cuncta
1133 1546 1167 1574 ad
1181 1545 1393 1573 ostentationem
1414 1543 1513 1572 facere.
1532 1553 1546 1570 α
1562 1545 1625 1572 Non
1637 1543 1724 1578 enim,
1739 1554 1752 1567 ιι

103 1586 166 1620 τοὺς
193 1587 384 1627 καθαρισμούς.
413 1586 462 1617 Ἐν
489 1586 516 1616 δὲ
540 1588 578 1627 τῷ
602 1587 694 1616 εἰπεῖν.
722 1598 738 1616 α
762 1587 900 1626 Περιτομὴ

103 1632 219 1672 καρδίας
238 1633 265 1661 ἐν
289 1631 440 1669 πνεύματι,
520 1633 567 1668 τῆς
593 1631 757 1668 Ἐκκλησίας
781 1633 902 1673 πολιτεία

103 1678 294 1717 προοδοποιιῖ,
319 1677 364 1706 καὶ
379 1676 428 1712 τήν
449 1676 539 1706 πίστιν
557 1676 670 1715 εἰσάγει.
697 1677 752 1707 Καὶ
767 1677 819 1717 γὰρ
835 1677 901 1714 αὕτη

103 1723 134 1752 ἕν
159 1721 257 1762 καρδίᾳ
278 1721 324 1751 καὶ
345 1720 491 1759 πνεύματι,
517 1721 564 1751 καὶ
588 1721 632 1751 τὸν
658 1720 765 1751 ἔπαινον
788 1722 842 1751 ἀπὸ
857 1725 902 1752 τῶ

103 1767 178 1796 Θεοῦ
203 1766 277 1806 ἔχει,
294 1769 340 1796 τοῦ
364 1766 411 1799 τὰς
441 1766 550 1806 καρδίας
574 1766 725 1803 ἐτάζοντος,
749 1767 810 1807 οὖχὶ
833 1766 903 1796 κατὰ

103 1811 195 1851 σάρκα
219 1812 359 1851 κρίνοντος.
388 1811 428 1841 Τὸ
449 1811 478 1840 δὲ
499 1813 529 1841 ἐκ
543 1810 649 1840 πάντων
671 1811 770 1841 τούτων
791 1812 902 1850 συναγό-

104 1867 203 1894 μενον,
219 1856 296 1886 τοῦτό
313 1857 399 1891 ἔστιν,
414 1855 455 1885 ὅτι
469 1858 609 1895 πανταχοῦ
628 1855 685 1895 βίον
701 1856 790 1895 χρεία.
809 1855 900 1895 Ἀκρό-

105 1900 204 1930 ϐυστον
220 1900 264 1938 δὲ,
282 1901 342 1937 ἤτοι
357 1900 499 1938 Ἕλληνα,
514 1899 577 1930 ὅταν
594 1901 725 1940 ἀκούσῃς,
743 1901 780 1939 μὴ
801 1901 844 1930 τὸν
861 1902 900 1930 εἰ-

104 1945 279 1986 δωλολάτρην
294 1945 366 1982 νόει,
383 1944 454 1974 ἀλλὰ
473 1944 518 1975 τὸν
534 1945 644 1981 θεοσεϐῆ
662 1944 710 1984 μὲν
720 1966 730 1982 ,
745 1945 790 1975 καὶ
810 1945 902 1986 ἐνάρε-

102 2001 165 2028 τον,
182 1989 232 2024 ἔξω
247 1989 275 2020 δὲ
288 1992 342 2020 τῶν
363 1992 410 2020 τοῦ
427 1989 508 2029 νόμου
529 1989 741 2030 παρατηρήσιων
751 2013 759 2029 ,
774 1990 840 2020 καθὸ
854 1990 900 2020 καὶ

104 2035 231 2075 ἀνωτέρω
245 2035 359 2075 εἴρηται.

955 1591 1054 1628 inquit.
1069 1603 1082 1615 ιι
1097 1591 1144 1627 qui
1165 1591 1195 1619 in
1208 1589 1354 1618 manifesto
1366 1589 1480 1618 Judmus
1498 1593 1621 1625 apparet,
1639 1587 1752 1616 Iudaeus

956 1641 1008 1670 est,
1035 1635 1082 1664 sed
1115 1635 1161 1672 qui
1182 1640 1224 1664 est
1251 1635 1279 1663 in
1300 1635 1404 1669 abdito,
1439 1646 1452 1659 ι
1484 1634 1530 1670 qui
1557 1633 1624 1661 nihil
1649 1633 1752 1669 simpli-

956 1682 1024 1710 citer
1037 1681 1177 1716 corporale
1187 1680 1302 1716 perﬁcit,
1318 1687 1413 1708 verum
1432 1679 1609 1715 spiritualiter
1622 1678 1750 1713 intelligit

957 1730 983 1754 et
997 1726 1125 1759 Sabbata,
1149 1728 1176 1752 et
1198 1724 1341 1757 sacriﬁcia,
1361 1728 1389 1752 et
1420 1723 1633 1760 puriﬁcationes.
1660 1723 1746 1750 Porro

956 1779 1021 1799 cum
1034 1771 1074 1798 ait
1097 1780 1104 1797 :
1123 1782 1135 1794 α
1157 1769 1336 1797 Circumcisio
1363 1768 1456 1796 cordis
1474 1768 1502 1796 in
1516 1768 1622 1804 spiritu,
1640 1778 1653 1791 ι
1669 1767 1752 1795 eccle-

957 1815 1075 1843 siastica:
1097 1813 1254 1849 reipublicae
1271 1813 1342 1841 viam
1358 1812 1506 1848 praestruit,
1520 1820 1551 1840 ac
1571 1810 1653 1839 ﬁdem
1678 1810 1756 1839 indu-

956 1860 1004 1887 cit.
1020 1859 1130 1886 Etenim
1145 1858 1196 1886 ista
1211 1861 1253 1885 est
1268 1858 1294 1885 in
1310 1857 1393 1885 corde
1405 1861 1433 1884 et
1454 1857 1482 1884 in
1497 1856 1607 1891 spiritu,
1623 1860 1651 1883 et
1667 1867 1679 1880 ιι
1694 1855 1752 1883 lau-

955 1903 1019 1932 dem
1031 1911 1046 1932 a
1061 1905 1120 1931 Deo
1148 1902 1241 1936 habet,
1257 1912 1270 1928 ιι
1283 1901 1364 1930 corda
1380 1901 1548 1936 explorante,
1568 1907 1655 1936 neque
1673 1899 1753 1936 quid-

956 1957 1041 1985 quam
1064 1946 1217 1976 secundum
1239 1954 1353 1975 carnem
1370 1946 1520 1982 judicante.
1542 1943 1623 1980 Quod
1634 1951 1698 1973 vero
1720 1952 1754 1972 ex

955 1994 1027 2022 hisce
1055 1993 1182 2022 omnibus
1201 1992 1350 2028 colligitur,
1377 1991 1432 2019 tale
1455 1994 1516 2019 est:
1542 1997 1652 2025 nempe,
1679 1988 1753 2024 quod

953 2039 1053 2075 ubique
1066 2038 1119 2066 vita
1135 2037 1219 2073 proba
1245 2045 1313 2072 opus
1326 2037 1370 2065 sit.
1383 2037 1468 2064 Porro
1481 2043 1544 2063 cum
1560 2034 1754 2070 prmputiatum

103 2085 162 2113 sive
184 2084 406 2113 incircumcisum
429 2087 477 2113 aut
495 2084 627 2113 Gracum
645 2084 802 2119 audiveris,
826 2092 861 2113 ne
882 2083 1019 2112 idolorum
1038 2083 1174 2112 cultorem
1197 2082 1334 2118 intelligo,
1359 2088 1455 2109 verum
1478 2080 1529 2109 Dei
1558 2080 1702 2113 cultorem,
1727 2081 1755 2107 et

103 2129 207 2158 virtute
218 2129 375 2166 praeditum,
397 2133 473 2158 extra
487 2129 554 2166 legis
577 2133 671 2158 tamen
691 2129 905 2164 observationes,
921 2128 1034 2166 perinde
1047 2136 1080 2157 ac
1091 2135 1173 2164 supra
1184 2127 1288 2156 dictum
1302 2130 1352 2154 est.

402 2191 548 2221 ΚΕΦΑΛ.
568 2190 610 2222 Γ’.

145 2257 184 2289 Τί
197 2253 242 2288 οὖν
256 2257 287 2287 τὸ
301 2257 426 2298 περισσὸν
443 2260 491 2288 τοῦ
507 2257 657 2295 Ἰουδαίους
680 2258 727 2288 καὶ
747 2257 785 2292 τίς
797 2259 814 2294 ἦ
829 2257 900 2297 ὠφέ-

102 2303 164 2334 λεια
193 2304 241 2339 τῆς
265 2304 428 2344 περιτομῆς;
458 2303 533 2334 Πολὺ
570 2302 639 2332 κατὰ
670 2302 759 2332 πάντα
789 2302 896 2344 τρόπον.

103 2350 218 2388 Πρῶτον
245 2347 293 2383 μὲν
321 2347 387 2388 1&9,
414 2346 455 2377 ὅτι
475 2348 670 2384 ἐπιστεύθησαν
693 2347 727 2377 τὰ
752 2347 828 2387 λόγια
856 2351 900 2377 τοῦ

103 2394 186 2423 Θεοῦ.
203 2392 240 2423 Τί
253 2391 304 2432 1&9
323 2394 346 2422 εἰ
358 2391 509 2429 ἠπίστησάν
523 2403 609 2429 τινες
629 2392 676 2428 Μὴ
691 2394 708 2428 ἡ
725 2392 838 2422 ἀπιστία
853 2394 902 2421 αὖ-

102 2439 158 2467 τιῖιν
172 2437 220 2471 τὴν
239 2437 329 2466 πίστιν
346 2440 393 2467 τοῦ
408 2439 479 2468 Θεοῦ
494 2437 674 2477 καταργήσει;
693 2437 740 2473 Μὴ
755 2437 868 2476 γίνοιτο.
882 2448 896 2465 n

103 2482 219 2517 Ἐπειδὴ
233 2481 322 2512 πάντα
339 2482 372 2512 τὰ
384 2484 430 2512 τοῦ
445 2482 527 2520 νόμον
541 2481 651 2517 ἐξέϐαλε
660 2505 669 2521 ,
689 2482 732 2512 διὰ
746 2485 792 2511 τοῦ
805 2483 900 2521 εἰπεῖν,

106 2541 119 2554 α
133 2527 176 2558 Οὔ
187 2526 240 2567 γὰρ
252 2529 266 2556 ὁ
277 2528 304 2557 ἐν
319 2527 358 2567 τῷ
377 2529 499 2568 φανερῷ,
520 2527 665 2563 Ἰουδαῖος,
682 2536 696 2557 a
715 2526 808 2557 λοιπὸν
826 2526 899 2556 ἄντί-

103 2571 175 2602 θεσίν
189 2583 248 2602 τινα
262 2571 326 2602 ἰδὼν
343 2572 564 2608 ἀνακύπτουσαν,
589 2571 698 2602 ἵσταται
721 2572 786 2612 πρὸς
803 2571 897 2607 αὐτήν.

103 2617 153 2674 Ἰζίς
166 2616 202 2674 δὲ
209 2618 226 2652 ἡ
239 2616 388 2674 inﬁmi“;
405 2617 440 2674 Ei
450 2616 536 2674 μηδὲν
550 2617 665 2674 (inpulsi;
687 2617 752 2672 φησὶ
763 2640 773 2656 ,
798 2619 899 2674 ταῦτα,

101 2661 172 2696 τίνος
186 2662 264 2691 ἕνεκα
277 2660 308 2690 τὸ
323 2661 393 2696 ἔθνος
408 2660 532 2702 ἐξελίγη,
546 2662 612 2692 Aﬁr:
627 2660 672 2692 οὖν
690 2661 791 2698 ταύτην
813 2661 898 2698 κατὰ,

103 2706 153 2743 τήν
168 2708 250 2736 αὑτοῦ
271 2706 380 2745 σοφίαν⁸
405 2707 542 2748 συντρέχει
561 2706 610 2746 μὲν
629 2707 681 2747 1&9
695 2708 734 2748 τῷ
754 2706 839 2748 λόγῳ,
854 2706 900 2736 καί

103 2762 200 2792 φησιν,
219 2750 261 2781 δτι
275 2751 343 2782 πολὺ
357 2751 389 2782 τὸ
408 2751 501 2793 ὄφελος
521 2753 561 2793 τῷ
575 2751 703 2793 Ἰουδαίῳ.
719 2752 899 2783 Κατασκευά-

1263 2194 1384 2223 CAPUT
1403 2194 1452 2221 Ill.

998 2264 1152 2292 νισι-ινδ.
1170 2272 1185 2289 α
1205 2262 1278 2297 Quid
1292 2270 1356 2298 ergo
1377 2261 1495 2298 amplius
1517 2260 1617 2290 Judaao
1631 2260 1691 2288 est?
1706 2263 1754 2288 aut

960 2316 1023 2345 quae
1042 2308 1142 2336 utilitas
1162 2307 1377 2335 circumcisionis
1398 2308 1410 2334 Ρ
1431 2306 1549 2334 Multum
1570 2313 1619 2341 per
1641 2313 1754 2334 omnem

958 2353 1084 2382 modum.
1100 2353 1224 2381 Primum
1238 2352 1350 2388 quidem
1361 2352 1425 2388 quia
1441 2351 1494 2379 illis
1504 2350 1607 2378 credita
1621 2354 1685 2378 sunt
1699 2350 1754 2378 elo-

956 2398 1017 2434 quia
1033 2397 1090 2426 Dei.
1107 2397 1181 2432 Quid
1202 2397 1278 2425 enim
1297 2397 1318 2424 si
1331 2395 1444 2432 quidam
1460 2396 1571 2424 illorum
1591 2403 1647 2423 non
1666 2395 1753 2423 credi-

957 2443 1076 2471 derunt?
1099 2441 1231 2478 Nunquid
1254 2441 1432 2470 incredulitas
1456 2449 1564 2474 eorum,
1593 2440 1675 2468 ﬁdem
1703 2440 1754 2468 Dei

956 2487 1096 2516 evacuabit
1109 2488 1120 2515 P
1133 2487 1224 2515 Absit!
1240 2498 1253 2511 ιι
1267 2487 1354 2515 Simul
1367 2494 1399 2514 ac
1421 2486 1516 2514 omnia
1531 2486 1566 2514 ad
1585 2485 1672 2521 legem
1692 2493 1753 2520 spe-

955 2533 1058 2561 ctantia
1071 2532 1203 2568 ejecisset,
1217 2540 1263 2568 per
1282 2531 1336 2559 hoc
1358 2531 1433 2567 quod
1447 2530 1562 2563 diceret,
1578 2539 1592 2556 α
1606 2532 1667 2558 Non
1679 2530 1754 2558 enim

955 2578 1003 2614 qui
1016 2578 1046 2606 in
1061 2576 1219 2609 manifesto,
1234 2577 1348 2605 Iudaeus
1360 2581 1414 2611 est,
1431 2587 1444 2601 1
1460 2575 1643 2612 objectionem
1655 2582 1754 2610 quam-

955 2622 1019 2650 dam
1039 2627 1224 2658 emergentem
1243 2622 1427 2658 conspicatus,
1445 2621 1481 2650 illi
1497 2627 1526 2648 se
1540 2619 1661 2656 opponit.
1679 2619 1757 2654 Quat-

955 2675 1021 2696 nam
1039 2672 1132 2696 autem
1155 2671 1198 2696 est
1210 2667 1255 2695 illa
1273 2667 1409 2704 objectio?
1421 2667 1451 2696 Si
1475 2665 1544 2694 nihil
1565 2668 1691 2701 prosunt,
1711 2663 1754 2691 in-

954 2712 1025 2748 quit,
1047 2711 1118 2747 hiec,
1143 2720 1192 2741 cur
1211 2711 1370 2741 Judaeorum
1393 2719 1460 2748 gens
1484 2711 1567 2738 electa
1589 2713 1630 2738 est
1644 2711 1656 2737 Ρ
1670 2707 1757 2736 Diluit

955 2764 1019 2794 ergo
1033 2756 1105 2786 hanc
1118 2765 1170 2794 pro
1182 2765 1231 2786 sua
1251 2757 1383 2793 sapientia
1404 2765 1412 2783 :
1426 2755 1515 2784 verbis
1531 2753 1669 2791 siquidem
1689 2758 1756 2780 con-

810 2805 905 2836 Varia
926 2806 1079 2837 lectiones.

141 2845 153 2862 ⁵
166 2847 314 2882 σωματικῶς
325 2853 353 2875 o.
390 2845 402 2863 ⁶
412 2845 493 2873 τελῶν
507 2845 550 2873 καὶ
562 2847 626 2872 νοῶν
639 2853 666 2874 o.
