1927 3076
192 175 243 202 379

699 175 957 204 THEOPHYLACTI
975 173 1153 203 BULGARUE
1171 174 1327 203 ARCHIEP.

1802 175 1853 202 380

189 237 281 273 sentit,
291 238 463 276 multamque
483 237 546 267 inde
568 237 664 267 Jadeeo
675 238 900 268 commoditatem
918 246 979 275 pro-

1041 238 1092 287 ζων
1109 237 1136 267 δὲ
1149 240 1250 287 rom-0,-
1261 238 1290 267 οὗ
1313 237 1346 267 τὰ
1362 238 1556 279 κατορθώματα
1568 239 1620 269 τῶν
1637 237 1786 287 Ἰουξαίωχ
1801 238 1854 268 εἷσ-

191 287 333 312 venturam
351 284 458 313 asserit.
477 284 519 314 Ab
539 284 592 313 hoc
606 292 671 312 vero
694 284 913 313 conﬁrmandum
926 292 982 313 non

187 328 349 357 Iudaeorum
374 330 488 358 virtutes
510 337 608 366 resque
622 334 732 358 strenue
756 334 844 366 gestas
858 329 981 364 adducit,

186 381 284 402 verum
296 374 346 402 Dei
360 375 452 411 potius
460 375 531 404 dona
551 379 579 403 et
593 375 720 412 gratiam.
743 376 798 403 Nec
814 375 888 403 enim
903 374 981 409 dixit,

187 418 262 454 quod
279 419 400 448 multum
419 420 597 456 praestiterint
621 419 727 449 caateris
741 419 866 456 gentibus
880 419 981 454 Judaei,

187 471 221 492 eo
233 463 308 500 quod
320 463 373 492 hoc
393 464 435 492 vel
446 464 517 493 istuc
535 465 660 501 gnaviter
673 464 864 501 transegerint,
887 471 982 492 verum

187 509 262 545 quod
279 517 294 535 ι(
313 509 461 538 commissa
473 510 527 538 sint
545 510 597 538 illis
608 509 718 538 oracula
742 509 788 538 Dei
804 518 812 538 :
829 517 893 546 quae
906 513 982 538 certe

188 553 239 581 Dei
251 557 293 582 est
314 554 502 588 beneﬁcentia,
528 554 582 591 25
604 562 657 583 nec
671 555 726 583 ulla
752 554 856 583 ratione
870 553 981 583 illorum

186 598 228 626 vel
238 597 356 635 dignitas
367 599 407 628 vel
421 600 590 636 praestantia.
615 599 689 635 Quid
710 607 774 628 vero
793 603 833 628 est
851 610 864 624 ι
878 599 982 628 credita

185 645 273 672 sunt?
294 655 306 668 κ
318 652 378 680 pro,
394 649 566 680 acceperunt,
581 645 622 673 vel
636 645 664 673 in
676 652 775 673 manus
795 649 980 681 sumpserunt,

185 688 317 725 dignique
327 689 373 717 visi
385 693 450 718 sunt
462 691 533 724 Deo,
544 694 575 718 ut
586 690 740 726 acciperent
749 689 839 718 divina
851 698 982 726 responsa

185 733 430 763 ccelitusdemissa.
454 736 520 764 Haec
539 739 632 764 autem
655 735 760 769 dicens,
782 735 855 771 ipsos
869 735 981 771 quidem

185 777 332 807 defendere
342 779 448 808 videtur
464 789 470 808 :
485 784 610 808 attamen
623 780 704 808 aliam
722 788 818 808 rursus
827 780 980 808 accusatio-

184 831 249 852 nem
262 824 290 852 in
313 824 438 853 medium
457 824 604 854 adversum
617 825 692 862 ipsos
728 824 843 862 profert,
867 825 983 854 demon-

183 871 275 897 strans
287 869 361 905 ipsos
379 869 475 898 divinis
498 870 613 907 eloquiis
633 869 717 899 ﬁdem
739 878 796 898 non
816 870 980 905 adhibuisse,

1040 282 1112 322 ἄγει,
1136 283 1205 324 ἀλλὰ
1225 283 1259 312 τὰ
1273 285 1320 313 τοῦ
1335 284 1405 315 Θεοῦ
1429 278 1595 324 χαρίσματα.
1622 285 1663 314 Οὔ
1677 283 1739 324 γὰρ
1756 278 1850 319 εἶπεν,

1037 326 1077 358 ὅτι
1109 327 1182 357 Πολὺ
1217 328 1419 369 περισσεύουσιν
1446 329 1589 365 Ἰουδαῖοι,
1611 328 1678 358 διότι
1703 327 1773 358 τόδε
1804 328 1851 357 καὶ

1037 373 1096 402 τόδε
1112 371 1292 413 κατώρθωσαν
1303 395 1312 409 ,
1329 375 1388 403 ἀλλ’
1403 373 1444 404 ὅτι
1458 384 1473 403 α
1487 373 1699 409 Ἐπιστεύθησαν
1716 373 1757 402 τὰ
1770 371 1850 411 λόγια

1037 420 1083 447 τοῦ
1100 418 1172 448 Θεοῦ
1184 429 1190 437 ·
1204 430 1217 444 ι
1231 417 1295 459 ὅπερ
1318 418 1455 458 εὐεργεσία
1471 418 1529 449 ἐστὶ
1549 421 1596 448 τοῦ
1619 419 1691 449 Θεοῦ
1701 441 1711 454 ,
1733 417 1786 447 καὶ
1801 418 1852 447 οὐκ

1038 462 1144 493 ἐκείνων
1166 463 1335 504 προτέρημα.
1362 463 1398 494 Τί
1422 463 1451 493 δέ
1472 464 1529 494 ἐστι
1544 463 1594 499 τὸ,
1624 475 1639 491 α
1656 462 1850 498 Ἐπιστεῦθη-

1038 519 1087 536 σαν
1099 522 1106 544 ;
1121 507 1190 538 Ἀντὶ
1205 511 1260 546 τοῦ,
1275 508 1397 539 Ἔλαϐον
1407 531 1416 546 ,
1433 509 1648 549 ἐνεχειρίσθησαν
1659 531 1668 545 ,
1680 507 1758 542 ἄξιοι
1769 507 1782 525 ⁷
1795 507 1852 536 ἔδο-

1037 551 1083 586 ξαν
1109 554 1148 593 τῷ
1172 554 1236 593 Θεῷ
1259 556 1305 583 τοῦ
1332 553 1455 588 δέξασθαι
1479 552 1617 594 χρησμοὺς
1642 553 1750 583 ἄνωθεν
1779 564 1850 582 χατ-

1036 597 1199 638 ενεχθέντας.
1223 599 1319 628 Ταῦτα
1337 598 1365 628 at
1379 598 1474 638 λέγων,
1492 599 1564 629 δοκεῖ
1580 597 1628 637 μὲν
1647 599 1742 627 αὖτῶν
1759 598 1849 637 ὓπερ-

1038 643 1235 682 απολογεῖσθαι·
1255 643 1380 683 ἔγκλημα
1401 643 1427 673 δὲ
1443 643 1515 682 ὅμως
1529 643 1612 673 πάλιν
1625 643 1692 673 ἄλλο
1709 643 1750 676 εἷς
1764 641 1850 681 μέσον

1036 688 1123 722 αὐτοῖς
1141 687 1285 729 προσφέρει
1309 688 1355 727 ι
1379 689 1485 730 προφ.]
1514 689 1560 718 καὶ
1585 687 1719 730 δείκνυσιν
1751 686 1850 721 αὐτοὺς

1038 732 1237 768 ἀπιστήσαντας
1249 728 1309 766 τοῖς
1322 728 1519 772 θείοις-λόγοις,
1543 732 1576 762 δι’
1593 728 1630 762 ὧν
1652 732 1844 771 ἐτιμήθησαν.

1039 777 1115 813 Πλὴν
1129 778 1174 807 καὶ
1188 777 1219 807 τὸ
1233 778 1354 818 ἔγκλημα
1370 781 1445 808 τοῦτο
1456 801 1465 816 ,
1487 780 1522 812 ὡς
1537 777 1584 807 ἀπ’
1607 777 1689 807 ἄλλου
1719 777 1847 815 εἰσάγει,

1036 822 1135 852 ὡσανεὶ
1154 825 1264 852 τοιαῦτα
1286 822 1425 862 λέγοντος·
1449 822 1503 852 Καὶ
1518 822 1543 852 τί
1564 821 1594 852 τὸ
1609 822 1704 862 ὄφελος
1725 820 1770 851 ὅτι
1785 821 1846 851 ἐδέ-

1039 866 1115 901 ξαντο
1130 866 1165 897 τὰ
1183 867 1277 905 λόγως
1294 867 1340 898 καὶ
1359 867 1410 908 γὰρ
1425 867 1588 904 ἠπίστησαν.
1614 867 1695 897 Δοκεῖ
1718 865 1749 896 δὲ
1773 865 1845 896 λύειν

183 921 232 950 per
243 922 304 951 quae
315 918 408 944 tamen
422 915 542 952 plurimo
554 916 609 944 sint
624 915 728 944 honore
739 915 842 944 affecti.
863 917 978 944 Verum-

1038 912 1083 942 καὶ
1097 912 1197 949 ταύτην
1212 912 1260 948 τὴν
1277 912 1408 942 ἀντίθεσιν
1416 935 1425 952 ,
1440 914 1490 952 οὐχ
1507 911 1573 952 ὑπὲρ
1588 912 1686 948 αὐτῶν,
1697 911 1764 940 ἀλλ’
1778 909 1845 950 ὑπὲρ

183 962 275 987 tamen
287 959 358 988 hanc
379 961 584 989 accusationem
602 960 763 995 introducit,
787 964 921 997 tanquam
947 960 981 989 ab

183 1003 235 1032 alio
251 1003 369 1039 factam,
389 1005 436 1041 qui
460 1005 497 1034 ita
521 1005 626 1034 diceret
651 1015 658 1034 :
676 1005 779 1042 Ecquid
799 1005 981 1034 emolumenti

183 1048 290 1078 confert
308 1050 414 1079 Judaeis
435 1050 511 1087 quod
529 1051 640 1080 oracula
662 1051 711 1079 Dei
726 1051 891 1087 acceperint,
916 1059 980 1079 cum

181 1094 314 1123 increduli
328 1103 390 1132 erga
404 1095 500 1124 eadem
511 1095 614 1124 fuerint
629 1096 731 1124 illanc
742 1099 835 1124 autem
850 1095 979 1132 objwtio-

183 1147 247 1167 nem
259 1139 361 1168 diluere
374 1140 492 1176 videtur,
508 1149 565 1169 non
579 1148 629 1177 pro
643 1140 720 1177 ipsis,
740 1140 789 1169 sed
801 1148 850 1177 pro
862 1142 920 1168 Deo
930 1148 979 1176 po-

181 1183 396 1221 tiusapologiam
410 1185 541 1214 affereus.
565 1185 685 1221 Quodsi
709 1185 839 1213 increduli
866 1184 979 1218 fuerint,

182 1227 248 1264 quid
262 1228 315 1257 hoc
330 1229 363 1258 ad
375 1231 467 1259 Deum
475 1231 489 1258 ?
498 1231 572 1259 Num
582 1230 695 1259 illorum
705 1229 882 1258 incredulitas
898 1229 981 1258 ﬁdem

183 1273 233 1301 Dei
247 1272 327 1303 faciet
335 1274 451 1308 irritam,
471 1275 525 1304 hoc
538 1279 590 1308 est,
611 1275 787 1304 oraculorum
810 1275 979 1303 commissio-

182 1325 248 1346 nem
257 1318 322 1355 ipsis
329 1319 440 1354 factam,
450 1320 562 1356 ejusque
569 1319 793 1349 beneﬁcentiam?
801 1321 898 1356 Usque
907 1319 976 1348 adeo

1037 959 1082 986 τοῦ
1105 959 1176 987 Θεοῦ
1202 956 1424 997 ἀπολογούμενος.
1473 958 1505 987 Εἰ
1531 958 1584 997 γὰρ
1607 956 1769 993 ἠπίστησαν
1783 978 1792 992 ,
1820 955 1846 984 τί

1035 1005 1112 1032 τοῦτο
1123 1002 1188 1042 πρὸς
1207 1001 1252 1032 τὸν
1266 1002 1349 1039 Θεόν;
1365 1002 1412 1038 Μὴ
1430 1004 1446 1038 ἠ
1461 1002 1573 1032 ἀπιστία
1590 1002 1677 1031 αὐτῶν
1698 1000 1844 1041 καταργή-

1035 1059 1075 1077 σει
1097 1046 1143 1084 τὴν
1172 1047 1261 1077 πίστιν
1285 1051 1331 1078 τοῦ
1357 1048 1446 1084 Θεοῦ,
1473 1047 1613 1082 τουτέστι,
1640 1045 1690 1082 τὴν
1720 1044 1844 1075 καταπί-

1034 1104 1138 1122 στευσιν
1160 1093 1211 1121 τῶν
1234 1093 1331 1132 λογίων
1353 1093 1399 1122 καὶ
1428 1091 1476 1129 τὴν
1503 1090 1674 1132 εὖεργεσίαν;
1701 1091 1843 1121 Τοσοῦτον

1034 1137 1085 1177 γὰρ
1100 1139 1128 1167 οὗ
1157 1137 1304 1177 βλάπτεται
1330 1137 1399 1171 Θεὸς
1423 1138 1455 1167 ἐκ
1477 1139 1524 1172 τῆς
1552 1137 1658 1166 ἐκείνων
1687 1134 1839 1171 ἀπιστίας,

1034 1182 1094 1211 ὅσον
1109 1181 1121 1200 ⁸
1148 1182 1193 1211 καὶ
1221 1184 1322 1219 μᾶλλον
1345 1182 1480 1217 δοξάζεται
1502 1183 1537 1216 ὣς
1561 1181 1771 1222 φιλάνθρωπος,
1801 1178 1842 1208 ὅτι

1035 1226 1138 1256 καὶτὸν
1157 1227 1289 1265 μέλλοντα
1311 1227 1390 1257 αὐτὸν
1416 1228 1567 1265 ἀτιμάζειν,
1593 1225 1719 1267 φαίνεται
1733 1228 1840 1265 εὐεργε-

1032 1273 1097 1303 τῶν.
1128 1267 1206 1306 Εἶδες
1229 1274 1287 1306 πῶς
1314 1272 1408 1306 αὐτοὺς
1436 1271 1593 1306 ὑπευθύνους
1619 1270 1765 1308 ἐποίησεν,
1795 1269 1841 1307 ἀφ’

1031 1311 1067 1346 ὧν
1092 1317 1324 1354 ἐκαλλωπίζοντο,
1349 1317 1431 1357 ἤγουν
1453 1320 1500 1348 τοῦ
1515 1317 1559 1346 τὸν
1584 1315 1664 1355 νόμον
1688 1315 1838 1351 δέξασθαι;

182 1370 301 1400 namque
315 1365 392 1393 Deus
413 1373 445 1393 ex
472 1365 583 1394 illorum
602 1365 790 1394 incredulitate
813 1364 888 1393 haud
909 1364 1027 1401 laeditur,
1042 1369 1071 1394 ut
1097 1366 1265 1402 gloriﬁcetur
1295 1367 1386 1403 potius
1416 1371 1448 1395 ut
1467 1366 1600 1403 benignus
1626 1369 1654 1393 et
1671 1364 1840 1393 humanus:

182 1409 404 1446 quandoquidem
427 1414 455 1439 et
468 1410 507 1438 illi
521 1410 569 1447 qui
588 1418 653 1438 eum
671 1410 823 1447 ignominia
843 1409 994 1438 affecturus
1014 1415 1065 1445 est,
1091 1411 1245 1440 beneficum
1269 1419 1329 1440 sese
1354 1411 1489 1440 exhibeat.
1511 1411 1614 1446 Viden,
1633 1409 1779 1448 quomodo
1793 1415 1841 1437 eos

181 1460 244 1481 reos
261 1453 354 1483 fecerit
363 1463 396 1483 ex
408 1455 442 1483 iis
459 1455 495 1483 ob
513 1463 576 1491 quae
589 1455 639 1483 sibi
655 1454 811 1491 placebant,
833 1454 938 1483 scilicet
948 1462 980 1483 ex
996 1455 1049 1484 hoc
1061 1458 1135 1493 quod
1149 1457 1237 1493 legem
1256 1458 1431 1493 acceperint?

216 1498 305 1527 Vsus.
321 1502 348 1527 4.
364 1510 376 1524 α
389 1499 430 1528 Sit
441 1503 536 1528 autem
550 1501 627 1528 Deus
652 1507 749 1534 verax,
774 1500 865 1528 omnis
888 1503 978 1528 alitem
993 1502 1016 1534 C

179 1542 264 1571 homo
275 1543 405 1577 mendax.
418 1543 492 1572 sicut
515 1544 650 1580 scriptum
675 1548 717 1572 est
739 1552 746 1572 :
771 1545 812 1572 Ut
821 1544 978 1580 justiﬁceris

178 1588 207 1615 in
221 1589 394 1616 sermonibus
407 1588 472 1622 tuis,
485 1593 513 1617 et
522 1589 611 1617 vincas
622 1588 824 1625 cumjudicaris
836 1594 847 1608 ⁸
857 1611 864 1618 .
878 1600 892 1615 ιι
903 1589 979 1618 Dixit

178 1640 269 1668 supra,
281 1633 354 1670 quod
367 1633 482 1670 quidam
493 1642 552 1662 non
573 1633 749 1662 crediderunt
764 1645 770 1663 :
793 1634 902 1668 deinde,
913 1643 978 1663 cum

179 1677 281 1706 nedum
290 1677 411 1714 quidam,
421 1686 516 1707 verum
525 1686 620 1707 omnes
628 1679 655 1707 in
665 1679 824 1708 universum
834 1679 978 1708 videantur

177 1722 322 1758 increduli,
337 1731 371 1752 ne
386 1723 518 1752 molestus
533 1723 681 1758 videretur,
707 1732 869 1753 sermonem
893 1732 977 1753 suum

177 1767 375 1804 sapientissime
388 1768 516 1803 instituit,
531 1773 613 1806 atque
634 1769 662 1798 id
681 1769 756 1806 quod
769 1777 862 1798 revera
875 1769 977 1798 factum

178 1817 232 1848 est,
238 1813 321 1842 veluti
331 1821 380 1850 per
387 1814 604 1851 suppositionem
612 1815 727 1851 profert,
739 1815 866 1851 inquiens
875 1823 883 1842 :
893 1815 978 1843 Pona-

177 1865 239 1887 mus
259 1858 335 1896 quod
352 1867 451 1888 omnes
470 1859 605 1889 increduli
631 1859 734 1888 fuerint
749 1869 757 1889 :
771 1860 871 1897 ecquid
886 1859 979 1889 istud?

177 1903 217 1931 vel
233 1903 298 1931 hinc
310 1912 419 1940 quoque
429 1904 597 1941 justiﬁcatur
611 1906 696 1933 Deus.
713 1906 774 1933 Hoc
788 1909 831 1933 est
846 1914 853 1932 :
869 1905 897 1933 Si
908 1904 979 1941 judi-

177 1948 249 1977 catio
260 1948 308 1977 ﬁat
322 1953 349 1977 et
360 1949 512 1986 exploratio
524 1957 622 1978 eorum
637 1957 698 1986 quae
707 1957 722 1977 a
733 1951 793 1977 Deo
805 1948 909 1978 Iudaeis
924 1949 978 1977 sint

177 1994 284 2027 collata,
306 2002 338 2022 ac
358 1994 477 2023 vicissim
501 2002 599 2022 eorum
626 2002 689 2030 quas
710 1994 745 2023 ab
771 1994 804 2022 iis
822 2002 886 2030 erga
901 1994 978 2022 illum

177 2038 231 2067 sint
252 2038 332 2071 facta,
358 2040 434 2068 Deus
448 2039 571 2068 victoriae
593 2039 714 2076 palmam
732 2039 893 2075 reportabit,
909 2039 977 2067 sicut

179 2085 207 2111 et
227 2083 318 2111 David
342 2083 424 2111 etiam
445 2084 493 2112 ait.
517 2083 600 2120 Quod
615 2091 679 2111 vero
694 2083 793 2119 inquit,
819 2095 831 2108 ι
849 2083 890 2112 Sit
904 2085 977 2113 Deus

178 2135 273 2162 verax,
295 2139 308 2152 ν
331 2128 473 2165 usurpavit
497 2137 547 2166 pro
582 2128 783 2164 Manifestetur,
815 2128 981 2158 demonstre-

176 2175 234 2201 tur.
995 2175 1018 2207 Ι)

212 2218 303 2246 Vsus.
328 2219 411 2246 5-6.:
439 2218 467 2246 Si
489 2222 581 2246 autem
604 2218 732 2254 iniquitas
750 2226 801 2246 nos
827 2218 876 2247 Dei
901 2218 980 2255 justi-

179 2262 246 2292 tiam
265 2262 454 2297 commendat,
478 2263 542 2299 quid
556 2263 700 2292 dicemus?
711 2265 786 2292 Num
799 2263 916 2300 injustus
938 2267 980 2292 est

181 2309 265 2342 Deus,
288 2308 334 2344 qui
346 2307 428 2336 infert
448 2308 537 2336 iram?
555 2307 716 2342 (secundum
736 2308 879 2337 hominem
893 2309 978 2343 dico.)

178 2353 258 2381 Absit
267 2354 273 2380 l
283 2353 412 2389 Alioquin
421 2353 562 2389 quomodo
571 2355 645 2382 Deus
654 2353 790 2390 judicabit
797 2354 932 2382 mundum
944 2356 974 2383 P-

178 2397 368 2435 Objectionem
376 2398 420 2426 hic
429 2397 589 2435 hujusmodi
604 2398 784 2432 adducit,ceu
797 2399 913 2427 nonnuli
924 2399 978 2427 sint

176 2443 224 2479 qui
239 2442 350 2471 dicant:
365 2443 394 2471 Si
405 2445 489 2478 Deus,
502 2443 551 2471 ubi
565 2444 593 2472 in
609 2451 661 2472 nos
671 2443 802 2472 beneﬁcia
821 2444 976 2477 contulerit,

175 2496 208 2517 ac
222 2496 238 2516 a
261 2487 339 2516 nobis
362 2492 536 2525 contemptus
554 2488 644 2524 fuerit,
670 2488 772 2525 justior
794 2493 934 2525 appareat,
949 2493 977 2518 et

178 2533 276 2569 vincat,
293 2541 342 2570 per
357 2533 555 2562 exuberantem
569 2541 668 2570 nempe
681 2534 883 2562 humanitatem
898 2541 974 2563 suam

177 2578 301 2616 indignis
312 2579 396 2607 etiam
405 2578 536 2608 beneficia
545 2578 690 2608 conferens
705 2588 712 2607 :
729 2587 778 2608 cur
793 2579 821 2607 in
835 2583 976 2615 posterum

173 2623 244 2653 iram
257 2624 350 2659 infert,
363 2624 416 2653 hoc
429 2628 480 2659 est,
494 2624 575 2661 punit
588 2632 652 2660 nos,
669 2624 771 2661 quippe
791 2624 837 2660 qui
856 2623 921 2652 facti
935 2624 972 2653 si-

174 2677 239 2699 mus
260 2670 311 2708 ipsi
325 2674 453 2700 auctores
470 2669 758 2707 cumjustiﬁcationis,
774 2673 836 2699 tum
852 2669 973 2699 victoria;

209 2743 221 2757 °
233 2737 303 2767 Psal.
319 2745 392 2774 cxv,
407 2741 435 2773 2,
451 2737 470 2768 l.
485 2740 512 2767 6.

1078 1512 1093 1531 (ι
1117 1501 1234 1532 Γινέσθω
1249 1501 1276 1531 δὲ
1301 1503 1315 1532 ὁ
1340 1501 1408 1535 Θεὸς
1431 1501 1549 1538 ἀληθής·
1567 1505 1620 1535 πᾶς
1642 1499 1670 1530 δὲ
1699 1499 1839 1540 ἅνθρωπος

1034 1545 1165 1586 ψεύστης,
1181 1545 1269 1580 καθὼς
1291 1546 1455 1587 γέγραπται·
1476 1545 1575 1581 ⁶¹Οπως
1597 1545 1629 1576 ἂν
1644 1546 1792 1584 δικαιωθῇς
1811 1545 1837 1573 ἐν

1036 1596 1087 1632 τοῖς
1110 1591 1197 1630 λόγοις
1221 1603 1285 1629 σου,
1308 1591 1354 1621 καὶ
1369 1591 1482 1632 νικήσῃς
1507 1593 1534 1622 ἐν
1550 1593 1589 1631 τῷ
1607 1590 1747 1632 κρίνεσθαί
1762 1601 1803 1620 σε.
1819 1599 1833 1617 ν

1048 1631 1071 1644 ,σ-
1138 1636 1149 1647 ν
1361 1638 1369 1649 ς
1400 1636 1407 1648 Ι
1455 1631 1459 1632 ⁷
1558 1632 1575 1646 ⁸³
1629 1631 1632 1632 ⁷
1691 1636 1698 1646 ‘
1736 1636 1745 1647 τ
1773 1633 1781 1644 ¹

1035 1637 1118 1667 Εἶπεν
1132 1648 1204 1674 ανω,
1217 1636 1258 1666 ὅτι
1277 1636 1344 1670 τινὲς
1356 1648 1510 1673 ηπιστησαν
1520 1648 1527 1655 ·
1550 1648 1608 1666 ειτα
1617 1659 1625 1673 ,
1642 1637 1702 1665 ἐπει
1719 1645 1781 1675 ουχι
1795 1645 1837 1662 τι·

1033 1692 1088 1718 νες,
1101 1680 1170 1710 ἀλλὰ
1187 1681 1284 1716 πάντες
1304 1681 1442 1722 φαίνονται
1457 1681 1669 1718 ἀπιστήσαντες,
1689 1679 1835 1721 σοφώτατα

1035 1726 1284 1767 μεταχειριζόμενος
1306 1726 1352 1755 τὸν
1379 1726 1471 1765 λόγον,
1496 1726 1539 1756 διὰ
1573 1725 1603 1756 τὸ
1625 1725 1663 1765 μὴ
1683 1724 1759 1759 δόξαι
1787 1724 1835 1752 ἕπ-

1034 1769 1118 1811 αχθὴς
1130 1770 1152 1808 9,
1167 1770 1197 1800 τὸ
1210 1772 1269 1800 κατ’
1285 1771 1413 1807 ἀλήθειαν
1428 1770 1569 1809 γινόμενον
1599 1771 1636 1804 ὥς
1658 1771 1719 1800 καθ’
1737 1768 1834 1799 ὑπόθε-

1034 1827 1076 1845 σιν
1090 1815 1194 1854 τίθησι,
1209 1815 1256 1846 καί
1271 1827 1352 1856 φησι·
1364 1817 1464 1854 Θῶμεν
1474 1837 1483 1853 ,
1501 1815 1542 1845 ὅτι
1555 1815 1654 1848 πάντες
1668 1813 1832 1851 ἠπίστησαν·

1035 1860 1081 1890 καὶ
1095 1860 1122 1890 τί
1137 1863 1233 1898 τοῦτο;
1265 1861 1415 1891 Κάντεῦθεν
1441 1862 1590 1890 δικαιοῦται
1613 1861 1628 1889 ὁ
1651 1858 1730 1893 Θεός.
1747 1859 1832 1889 Τουτ-

1034 1905 1122 1935 έστιν·
1149 1907 1183 1936 Εἰ
1206 1905 1292 1945 κρίσις
1315 1905 1418 1945 γένοιτο
1443 1904 1490 1935 καὶ
1507 1904 1624 1939 ἐξέτασις
1647 1907 1701 1934 τῶν
1718 1915 1749 1934 τε
1765 1902 1830 1941 παρ’

1037 1951 1117 1980 αὐτοῦ
1134 1950 1282 1990 γενομένων
1301 1955 1357 1983 τοῖς
1373 1949 1529 1986 Ἰουδαίοις,
1553 1949 1599 1979 καὶ
1618 1950 1669 1979 τῶν
1685 1950 1750 1989 παρ’
1766 1945 1831 1977 ἐκεί-

1034 2007 1084 2024 νων
1102 1995 1137 2028 εἷς
1151 1995 1245 2032 αὐτὸν,
1269 1995 1303 2025 τὰ
1326 1995 1467 2036 νικητήρια
1492 1994 1567 2026 ἔσται
1592 1994 1666 2034 παρὰ
1687 1996 1726 2034 τῷ
1750 1993 1830 2032 Θεῷ·

1033 2040 1102 2070 καθὰ
1119 2039 1150 2075 δὴ
1174 2040 1222 2070 καὶ
1237 2037 1323 2070 Δαυῒδ
1338 2039 1420 2080 λέγει.
1443 2039 1483 2070 Τὸ
1498 2039 1539 2077 δὲ,
1562 2050 1577 2069 ιι
1601 2039 1720 2070 Γινέσθω
1735 2039 1749 2068 ὁ
1764 2036 1831 2068 Θεὸς

1035 2084 1135 2122 ἀληθὴς
1145 2107 1154 2123 ,
1170 2095 1185 2114 n
1205 2084 1264 2115 ἀντὶ
1278 2087 1340 2124 τοῦ,
1357 2084 1552 2126 Φανερούσθω,
1563 2083 1773 2114 ἀποδεικνύσθω.

1076 2227 1091 2244 α
1104 2216 1138 2246 Εἰ
1150 2215 1178 2245 δὲ
1193 2217 1210 2252 ἡ
1227 2214 1317 2245 ἀδικία
1335 2216 1411 2255 ἡμῶν
1425 2216 1497 2246 Θεοῦ
1518 2214 1689 2252 δικαιοσύνην
1703 2212 1824 2248 συνίστη·

1034 2272 1081 2299 σι,
1103 2259 1130 2290 τί
1145 2261 1272 2301 ἐροῦμεν;
1295 2261 1341 2297 Μὴ
1364 2260 1453 2294 ἄδικος
1477 2262 1492 2290 ὃ
1509 2259 1578 2294 Θεὸς
1591 2261 1606 2290 ὁ
1627 2259 1757 2301 ἐπιφέρων
1778 2257 1824 2292 τὴν

1032 2305 1112 2346 ὀργὴν
1136 2305 1221 2344 (κατὰ
1237 2305 1374 2345 ἄνθρωπον
1399 2305 1501 2345 λέγω);
1528 2304 1575 2341 Μὴ
1592 2304 1703 2345 γένοιτο.
1747 2301 1824 2334 Ἐπεὶ

1032 2352 1088 2384 πῶς
1102 2354 1186 2390 κρινεί
1207 2352 1221 2379 ὃ
1240 2351 1309 2384 Θεὸς
1330 2350 1374 2380 τὸν
1396 2350 1511 2388 κόσμον;
1525 2361 1540 2379 ι)
1567 2349 1710 2380 Ἀντίθεσιν
1727 2347 1822 2386 εἰσάγει

1033 2395 1172 2432 τοιαύτην,
1190 2394 1226 2429 ὥς
1249 2407 1327 2425 τινων
1351 2395 1495 2435 λεγόντων·
1520 2396 1554 2425 Εἰ
1569 2397 1582 2424 ὁ
1605 2394 1674 2428 Θεὸς
1690 2390 1823 2434 εὐεργετή-

1031 2452 1081 2474 σας
1106 2443 1194 2479 ἡμᾶς,
1222 2436 1278 2470 εἶτα
1305 2439 1501 2479 ἀγνωμονηθεὶς
1523 2441 1589 2480 παρ’
1610 2440 1709 2478 ἡμῶν,
1728 2438 1822 2469 δίκαιος

1031 2486 1134 2526 μᾶλλον
1149 2487 1286 2526 φαίνεται,
1300 2485 1345 2515 καὶ
1363 2489 1443 2525 νικᾷ,
1465 2487 1499 2518 ὡς
1512 2484 1553 2515 διὰ
1566 2483 1667 2520 πολλὴν
1680 2485 1822 2525 φιλανθρωο

1031 2530 1095 2560 πίαν
1121 2531 1180 2564 τοὺς
1208 2529 1328 2565 ἀναξίους
1348 2531 1509 2570 εὐεργετῶν,
1536 2529 1564 2559 τί
1588 2529 1680 2559 λοιπὸν
1708 2527 1818 2569 ἐπιφέρει

1029 2575 1077 2612 τὴν
1090 2575 1187 2616 ὀργὴν,
1211 2575 1333 2605 τουτέστι
1346 2575 1453 2610 κολάζει
1474 2577 1568 2614 ἡμᾶς,
1591 2574 1651 2608 τοὺς
1670 2572 1820 2614 γενομένους

1028 2622 1101 2660 αὐτῷ
1130 2620 1228 2654 αἰτίους
1249 2619 1412 2654 δικαιώσεως
1437 2619 1484 2650 καὶ
1508 2619 1599 2659 νίκηςς
1629 2618 1704 2656 Αὕτη
1729 2617 1774 2658 μὲν
1801 2617 1817 2650 ἧ

1028 2659 1174 2700 ἀντίθεσιςο
1200 2665 1258 2697 λύει
1283 2664 1312 2696 δὲ
1336 2664 1420 2702 αὐτὴν
1442 2665 1584 2706 πανσόφως
1614 2664 1660 2694 καὶ
1684 2659 1820 2704 ἀγχιστρό-

888 2778 984 2809 Variae
1005 2779 1155 2810 lectiones.

208 2837 219 2854 ⁷
234 2837 275 2864 καὶ
289 2837 352 2869 αξιοι
365 2845 405 2867 m.
445 2837 456 2857 ⁸
472 2839 524 2874 ὅσῳ
539 2845 570 2866 o.
613 2836 624 2854 ⁸
638 2836 679 2864 διὰ
691 2838 718 2865 τὸ
732 2837 800 2869 δόξαι
814 2836 956 2872 ἀνεπαχθὴς
969 2845 998 2867 ο.
