1927 3076
198 194 249 222 383

689 194 947 223 THEOPHYLACTI
968 195 1147 223 BULGARl/E
1165 193 1322 222 ARCHIEP.

1796 196 1844 223 384

195 256 263 284 dum
269 256 442 292 sanguinem.
453 256 590 285 Contritio
599 260 626 285 et
633 256 779 286 infelicitas
786 257 813 285 in
825 258 875 286 viis
883 265 990 293 eorumI

1048 257 1090 298 ρία
1107 258 1133 287 ἐν
1148 261 1205 291 ταῖς
1219 257 1287 291 ὁδοῖς
1310 257 1396 286 αὐτῶν
1407 279 1416 295 ,
1437 255 1482 285 καὶ
1502 256 1562 286 ὁδὸν
1584 255 1690 297 εἰρήνης
1705 257 1757 286 οὐκ
1771 256 1846 296 ιγνω-

195 305 223 329 et
230 301 302 329 viam
310 301 445 337 pacisnon
451 306 649 337 cognoverunt.
660 302 714 338 27
723 303 786 330 Non
796 307 837 330 est
843 303 928 332 timor
938 303 989 331 Dei

196 349 259 374 ante
272 346 367 374 oculos
389 353 498 374 eorum.
515 358 528 370 η
543 347 631 383 Supra
643 346 750 376 dixerat
765 347 840 383 quod
852 352 924 376 esset
940 348 989 376 ιιΙίς

196 398 249 427 qua
264 390 421 419 excellentia
436 390 547 426 Iudaeis,
563 395 592 419 ut
600 391 703 428 quibus
714 392 828 420 omnino
843 396 914 421 esset
927 401 990 421 ere-

194 435 252 464 dita
267 435 421 471 traditaque
435 436 499 464 lex:
521 444 594 464 nunc
620 444 684 465 vero
699 442 899 466 commonstrat
923 437 990 466 nihil

196 487 245 508 eos
267 479 368 508 habere
390 480 524 509 eximium
547 489 601 517 quo
622 482 764 516 excellant,
787 486 921 518 quantum
955 483 990 511 ad

195 533 277 561 opera
291 526 413 561 propria.
424 526 537 554 Etenim
553 535 618 554 cum
632 535 690 555 non
705 526 917 556 observaverunt
929 535 991 564 quan

195 570 235 598 eis
258 570 363 598 credita
380 575 470 604 erant,
498 572 587 608 magis
614 571 844 600 condemnantur.
873 573 991 601 Proinde

194 615 384 651 praestantiam
406 616 555 651 quamdam
573 617 739 651 habuerunt,
762 621 898 653 quatenus
912 618 991 646 electi

194 663 259 688 sunt
270 667 286 687 a
302 661 371 694 Deo;
398 660 480 689 simul
496 669 528 689 ac
544 669 609 690 vero
622 662 737 698 propriis
751 662 881 698 operibus
895 666 993 690 contu-

194 704 274 732 melia
287 703 440 733 affecerunt
454 707 556 740 Deum,
571 714 587 734 a
602 714 658 742 quo
674 707 779 735 honore
794 712 873 735 erant
898 706 991 735 affecti

195 753 277 785 atque
295 749 374 777 electi
399 749 527 778 :nedum
542 750 608 779 nihil
629 759 685 788 quo
709 751 854 786 excellant,
877 751 989 787 habent,

195 801 292 822 verum
305 794 392 822 etiam
403 795 463 831 plus
473 795 793 825 eondemnantur.Velut
801 797 883 833 igitur
893 797 921 824 in
932 805 992 833 per-

195 846 262 866 sona
288 839 448 867 Iudaeorum
463 840 503 868 ait
518 849 524 868 :
547 852 559 864 α
576 840 647 876 Quid
662 841 764 876 igitur?
778 841 960 877 excellimusi?
976 853 989 866 ι

194 891 244 918 pro
258 891 292 912 eo
305 883 379 920 quod
393 888 443 919 est,
460 885 638 914 Habemusne
649 886 774 922 aliquam
789 887 990 920 excellentiam,

194 935 226 955 ac
239 932 402 963 praestamus
417 929 487 964 aliis,
504 934 532 957 et
557 930 700 966 placemus
725 932 784 959 Deo
805 939 861 967 pra:
882 931 989 960 caeteris

1047 929 1195 968 δεξάμενος
1212 944 1224 956 ι
1235 931 1276 960 Οὐ
1288 929 1394 963 πάντως
1405 941 1412 948 ·
1430 943 1442 956 υ

194 979 246 1001 nos
270 973 370 1007 Judaei,
388 974 488 1010 quippe
502 975 549 1011 qui
576 975 664 1012 legem
694 984 726 1004 ac
753 976 990 1005 circumcisionem

190 1018 397 1054 acceperimus?
413 1031 425 1044 ι
442 1020 504 1047 Non
521 1020 646 1054 omnino,
666 1033 678 1045 ν
706 1020 784 1055 dixit,
799 1029 862 1057 pro,
875 1023 987 1058 Nequa-

193 1070 284 1099 quam.
303 1063 392 1092 Judzei
412 1063 487 1092 enim
511 1071 590 1101 aeque
604 1073 636 1093 ac
659 1065 751 1094 Graeci
777 1070 938 1101 peccarunt,
955 1074 989 1094 ne

191 1106 292 1140 dicam,
306 1108 433 1144 amplius.
458 1109 541 1137 Unde
555 1117 618 1138 vero
646 1109 699 1138 hoc
722 1111 897 1146 perspicuum
922 1112 990 1139 est?

190 1152 230 1180 Ex
249 1152 390 1188 prophetis
411 1153 554 1189 nimirum,
580 1154 686 1183 Davide
714 1163 747 1183 ac
770 1156 851 1183 Isaia.
877 1155 990 1184 Davidis

192 1206 313 1234 namque
336 1203 401 1227 sunt
428 1200 486 1234 illa,
510 1200 544 1229 ab
568 1208 601 1229 eo
637 1201 698 1230 loco
727 1202 787 1238 ejus
801 1202 915 1230 initium
936 1206 988 1235 est,

194 1255 207 1268 ι
228 1245 292 1272 Non
306 1248 349 1273 est
369 1244 460 1280 justus
482 1245 640 1282 quisquam,
656 1257 669 1270 ι-
693 1254 782 1282 usque
805 1247 840 1275 ad
863 1255 928 1275 eum
943 1247 989 1275 ubi

191 1289 289 1325 inquit,
325 1301 338 1314 α
365 1289 561 1318 Maledictione
597 1294 624 1319 et
661 1291 844 1320 amaritudine
875 1291 990 1328 plenum

192 1337 234 1362 est
248 1334 269 1368 ῖς
282 1346 295 1359 ι
313 1334 392 1363 Isaia:
406 1339 512 1370 autem,
529 1346 542 1360 α
563 1335 677 1364 Veloces
692 1336 775 1372 pedes
789 1344 896 1371 eorum,
913 1348 926 1360 η
956 1336 990 1365 ad

191 1387 279 1416 usque
293 1379 384 1408 locum
398 1380 446 1407 ubi
471 1380 571 1416 inquit,
588 1389 604 1407 α
615 1381 696 1409 Viam
711 1381 784 1417 pacis
805 1389 863 1408 non
874 1389 986 1417 'cogno-

191 1428 289 1452 verunt
300 1428 324 1453 ε.
347 1434 362 1451 ιι
383 1426 482 1452 Postea
506 1432 618 1453 rursum
639 1430 702 1453 sunt
724 1425 837 1454 Davidis
860 1433 922 1461 qua:
945 1433 990 1453 se-

191 1473 324 1505 quuntur.
350 1469 547 1498 Celeberrimos
558 1469 641 1505 igitur
666 1469 863 1506 prophetarum
880 1469 992 1498 adducit

189 1517 364 1542 accusatores
390 1514 526 1550 ipsorum,
555 1513 661 1550 sibique
690 1515 756 1551 ipsis
786 1516 991 1543 consentientes

193 1558 264 1586 inter
275 1566 304 1586 se
315 1563 412 1586 mutuo
428 1558 539 1586 indicat.
561 1559 651 1593 Quare
665 1564 728 1595 post
742 1559 819 1588 Isaiae
829 1560 911 1588 verba
931 1568 991 1588 rur-

1046 315 1106 335 σαν.
1128 305 1186 333 Οὐκ
1210 302 1268 332 ἔστι
1284 301 1364 342 φόϐος
1389 301 1460 331 Θεοῦ
1481 302 1608 331 ἀπέναντι
1632 303 1685 331 τῶν
1701 303 1846 342 ὀφθαλμῶν

1045 349 1144 378 αὐτῶν.
1159 358 1174 377 »
1194 346 1307 378 Ἄνωθιν
1324 346 1348 364 ¹⁹
1363 345 1445 376 εἰπὼν
1457 368 1465 383 ,
1480 347 1521 376 ὅτι
1535 347 1591 376 ἔστι
1610 359 1635 377 τι
1651 346 1784 387 περισσὸν
1797 349 1848 381 τοῖς

1044 392 1192 429 Ἰουδαίοις,
1205 392 1248 422 διὰ
1263 392 1293 422 τὸ
1307 391 1376 425 ὅλως
1389 393 1564 428 πιστευθῆναι
1585 392 1632 422 καὶ
1647 393 1846 432 ἐγχειρισθῆναι

1045 437 1090 467 τὸν
1105 437 1184 475 νόμον
1198 448 1205 456 ·
1220 439 1266 466 ν’ῦν
1291 437 1408 466 δείκνυσι
1433 436 1516 475 μηδὲν
1541 437 1636 470 αὖτοὺς
1656 436 1731 477 ἔχειν
1751 448 1846 477 περισ-

1046 482 1090 512 σὸν
1102 505 1110 519 ,
1125 482 1186 512 ὅσον
1208 483 1238 511 ἐκ
1253 483 1305 511 τῶν
1327 481 1429 511 οἰκείων
1454 481 1588 522 πράξεων.
1616 481 1665 518 Μὴ
1681 481 1847 520 φυλάξαντες

1045 527 1098 568 γὰρ
1108 527 1125 556 ἃ
1141 526 1350 563 ἐπιστεύθησαν,
1364 527 1467 568 μᾶλλον
1482 526 1743 566 καταγινώσκονται,
1758 524 1846 556 "ncne

1045 566 1169 612 περισσὸν
1192 571 1240 610 μέν
1263 583 1288 601 τι
1312 570 1338 589 ²⁰
1353 566 1425 611 εἶχον
1441 571 1508 601 καθὸ
1528 570 1551 589 ²¹
1570 571 1731 611 ἐξελέγησαν
1749 571 1800 600 ὕπὸ
1821 570 1846 590 ²²

1046 618 1135 646 Θεοῧ’
1163 615 1254 653 ἐπειδὴ
1278 615 1304 634 ²³
1319 614 1363 645 διὰ
1379 617 1432 645 τῶν
1457 616 1561 646 οἰκείων
1585 616 1708 656 πράξεων
1735 615 1761 635 ³⁵
1787 615 1844 651 ἠτί-

1046 673 1135 700 μησαν
1150 660 1195 690 τὸν
1209 660 1363 698 τιμήσαντα
1379 660 1476 695 αὐτοὺς
1499 660 1569 690 Θεὸν
1585 661 1631 690 καὶ
1653 660 1846 700 ἐκλεξάμενον,

1046 707 1075 735 οὗ
1092 705 1170 745 μόνον
1194 704 1267 735 οὐδὲν
1293 704 1420 745 περισσὸν
1446 705 1570 762 ἔχουσιν,
1595 705 1666 735 ἀλλὰ
1693 705 1742 734 καὶ
1766 705 1845 734 πλέον

1169 750 1176 760 I
1331 751 1358 762 Α.
1397 750 1404 762 \
1447 761 1451 762 ν
1516 752 1525 762 ε
1574 751 1582 762 9
1666 761 1669 762 ,
1704 750 1711 760 Ι
1746 761 1749 762 ν
1813 751 1829 758 ’⁵⁸

1046 750 1302 789 καταγινώσκονται.
1330 750 1422 786 Φησὶν
1442 750 1486 779 οὖν
1510 752 1546 784 ὥς
1571 751 1601 780 ἐκ
1621 750 1771 790 προσώπου
1795 751 1844 779 τῶν

1047 795 1182 836 Ἰουδαίων
1196 808 1203 815 ~
1226 806 1240 824 ι(
1255 794 1290 825 Τί
1311 790 1372 831 οὖν;
1399 794 1568 836 προεχόμεθα
1591 794 1634 833 25;
1652 809 1663 821 ι
1687 794 1763 825 Ἀντὶ
1784 796 1844 830 τοῦ,

1046 835 1113 880 Ἆρα
1130 839 1226 879 ἔχομέν
1249 851 1276 869 τι
1299 840 1397 876 πλέον,
1412 840 1459 869 καὶ
1481 839 1647 880 προέχομεν,
1669 839 1719 869 καὶ
1746 839 1845 869 εὐδοκι-

1047 887 1146 923 μοῦμιν
1164 886 1187 914 οἱ
1203 883 1341 921 Ἰουδαῖοι,
1356 887 1391 918 ὡς
1406 884 1450 914 τὸν
1465 884 1546 923 νόμον
1566 885 1610 914 καὶ
1631 884 1680 921 τὴν
1698 884 1844 925 περιτομὴν

1459 929 1518 959 ἀντὶ
1526 953 1535 966 ,
1549 930 1694 968 Οὖδαμῶς.
1713 929 1769 960 Καὶ
1780 929 1844 960 Ἰου-

1044 975 1110 1004 δαῖοι
1137 986 1189 1015 γαρ
1215 974 1309 1010 ἐπίσης
1329 974 1383 1006 τοῖς
1407 972 1540 1010 Ἕλλησιν
1567 974 1706 1014 ἥμαρτον,
1734 973 1780 1004 ἵνα
1807 974 1841 1012 μὴ

1041 1019 1122 1049 πλέον
1138 1019 1220 1058 λέγω.
1242 1019 1300 1049 Καὶ
1314 1018 1394 1048 πόθεν
1411 1019 1490 1055 δῆλον
1502 1032 1509 1054 ;
1523 1019 1590 1049 Ἀπὸ
1604 1021 1657 1048 τῶν
1677 1020 1839 1060 προφητῶν,

1042 1066 1089 1093 τοῦ
1104 1075 1132 1093 τε
1145 1063 1230 1094 Δαυῒδ
1244 1063 1289 1093 καὶ
1302 1066 1347 1093 τοῦ
1363 1061 1489 1094 Ἡσαΐου.
1506 1062 1592 1094 Δαυὶδ
1608 1063 1656 1101 μὲν
1673 1065 1728 1104 γάρ
1743 1065 1795 1093 εἶσι
1809 1063 1840 1092 τὰ

1045 1108 1097 1138 ἀπὸ
1116 1110 1162 1138 τοῦ
1174 1131 1182 1145 ,
1203 1119 1217 1138 (ι
1231 1110 1290 1139 Οὐκ
1306 1108 1373 1138 ἐστι’
1386 1108 1487 1142 δίκαιος
1508 1109 1568 1138 οὐδὲ
1591 1105 1642 1144 εἷς,
1658 1121 1674 1137 ι
1694 1109 1762 1150 ἄχρι
1780 1110 1840 1144 τοῦ,

1045 1164 1060 1181 α
1078 1154 1144 1193 ἀρᾶς
1160 1153 1207 1183 καὶ
1222 1153 1329 1193 πικρίας
1350 1153 1427 1193 γέμει
1441 1165 1448 1172 ⁸
1464 1164 1479 1182 n
1498 1150 1613 1183 Ἡσαΐου
1630 1153 1657 1183 δὲ
1670 1153 1703 1183 τὸ
1716 1175 1724 1189 ,
1739 1167 1751 1180 ε
1761 1152 1843 1186 Ὀξεῖς

1044 1199 1068 1228 οἱ
1078 1198 1156 1231 πόδες
1170 1199 1268 1236 αὐτῶν,
1283 1211 1295 1223 ιι
1306 1196 1354 1231 ἕως
1367 1197 1404 1234 ³⁸,
1419 1200 1476 1234 τοῦ,
1491 1212 1504 1224 ι
1514 1198 1573 1228 ὁδὸν
1583 1198 1690 1238 εἰρήνης
1704 1199 1755 1228 οὐκ
1764 1197 1842 1237 ἔγνω-

1044 1254 1105 1272 σαν.
1123 1253 1138 1272 n
1157 1238 1224 1272 Εἶτα
1239 1242 1320 1272 πάλιν
1334 1241 1368 1272 τὰ
1382 1244 1429 1272 τοῦ
1445 1242 1541 1274 Δαυίδ.
1562 1243 1633 1276 Τοὺς
1649 1238 1696 1272 οὖν
1711 1242 1740 1262 ³⁷
1752 1253 1842 1281 γνωρι-

1045 1288 1183 1326 μωτάτους
1197 1289 1250 1316 τῶν
1263 1288 1407 1328 προφητῶν
1420 1287 1538 1327 παράγει
1554 1287 1722 1327 κατηγόρους
1738 1289 1823 1317 αὐτῶν
1833 1308 1841 1322 ,

1045 1332 1090 1362 καὶ
1121 1334 1322 1372 ὁμοφωνοῧντας
1343 1331 1369 1351 ²⁸
1397 1332 1522 1367 ἀλλήλοις
1545 1332 1671 1362 δείκνυσι.
1697 1332 1747 1363 Διὸ
1777 1331 1842 1370 μετὰ

1045 1376 1103 1410 τοὺς
1127 1375 1243 1406 Ἱ-ἰσαΐου
1264 1376 1375 1416 λόγους,
1392 1372 1464 1410 αὖθις
1487 1376 1522 1406 τὰ
1537 1379 1583 1407 τοῦ
1605 1376 1695 1407 Δαυῒδ
1719 1377 1843 1418 ἐπιφέρει.

1045 1421 1081 1452 Ὁ
1102 1421 1153 1461 γὰρ
1167 1420 1282 1455 Ἡσαΐας
1307 1420 1445 1461 προδήλως
1465 1421 1526 1462 περὶ
1548 1423 1601 1452 τῶν
1624 1421 1765 1453 Ἰουδαίων
1788 1422 1842 1451 δια-

1045 1466 1151 1506 λέγεται
1161 1479 1167 1486 ·
1186 1465 1254 1495 ὥστε
1270 1465 1314 1495 καὶ
1327 1467 1341 1495 ὁ
1355 1464 1440 1496 Δαυῒό
1455 1467 1517 1506 περὶ
1532 1468 1585 1496 τῶν
1603 1469 1699 1498 αὐτῶν.
1724 1465 1755 1497 Ἀ
1761 1479 1799 1506 μα
1817 1465 1843 1496 δέ

1045 1522 1084 1544 τις
1107 1510 1223 1541 ἐκκλίνει
1238 1510 1293 1540 ἀπὸ
1309 1513 1354 1540 τοῦ
1374 1512 1474 1547 καλοῦ,
1498 1511 1544 1541 καὶ
1560 1511 1654 1545 εὐθέως
1677 1512 1842 1552 ἇχρειοῢται.

1047 1554 1083 1584 Ἦ
1102 1555 1154 1596 γὰρ
1189 1555 1270 1586 κακία
1307 1556 1380 1586 οὐδὲν
1403 1555 1463 1585 ἀλλ’
1484 1555 1501 1592 ἢ
1530 1555 1690 1596 παρατροπή
1720 1558 1776 1586 ἐστι
1794 1557 1843 1585 τῶν

194 1610 256 1630 sum
270 1601 401 1630 Davidica
422 1602 511 1630 affert.
537 1603 621 1631 Isaias
633 1604 709 1632 enim
733 1604 875 1640 perspicue
889 1604 924 1633 de
941 1605 990 1632 Ju-

1047 1602 1164 1641 φυσικῶν
1183 1601 1248 1641 πρὸς
1270 1601 1301 1630 τὸ
1328 1600 1409 1630 καλὸν
1431 1600 1560 1636 κινήσεων
1573 1613 1580 1620 ”
1607 1602 1665 1631 ὅθεν
1693 1601 1742 1631 καὶ
1768 1600 1843 1634 εἷςτὸ

195 1646 261 1675 daais
286 1646 406 1675 disserit.
421 1647 540 1676 Proinde
553 1647 636 1676 etiam
659 1652 688 1676 et
715 1648 801 1677 David
829 1648 864 1677 de
887 1649 994 1678 iisdem.

196 1692 294 1725 Porro,
308 1691 391 1719 simul
410 1696 492 1727 atque
506 1692 640 1729 quispiam
651 1701 667 1721 a
680 1693 753 1721 bono
768 1693 895 1728 declinat,
909 1694 994 1730 proti-

196 1743 248 1764 nus
273 1735 378 1764 inutilis
394 1736 525 1765 redditur.
550 1737 655 1766 Malitia
674 1738 750 1766 enim
774 1738 842 1766 nihil
863 1738 938 1767 aliud
952 1743 994 1767 est

196 1789 281 1817 quam
296 1782 434 1817 perversio
444 1782 611 1811 naturalium
633 1791 696 1820 erga
709 1783 816 1812 bonum
839 1788 967 1812 motuum
985 1793 991 1811 :

195 1825 269 1854 unde
281 1826 316 1854 ad
330 1825 358 1854 id
380 1827 452 1863 quod
466 1831 566 1863 praeter
583 1832 714 1856 naturam
728 1832 779 1862 est,
795 1828 938 1857 hominem
951 1829 992 1857 in-

194 1871 291 1905 citans,
320 1870 446 1900 inutilem
472 1872 564 1909 ipsum
590 1872 683 1902 efﬁcit.
709 1874 813 1902 Natura
831 1874 908 1902 enim
935 1874 994 1910 ipso

194 1915 323 1953 deinceps
342 1924 398 1945 non
414 1917 512 1952 utitur,
527 1917 764 1954 quemadmodum
778 1926 830 1946 nec
844 1923 994 1954 aegrotante

195 1961 280 1990 utitur
297 1961 333 1990 ad
357 1962 468 1998 propria
483 1970 566 1998 opera
586 1972 594 1991 :
611 1964 745 1991 Praeterea
761 1974 775 1987 ι
803 1963 936 1991 contritio
966 1967 994 1991 et

194 2005 348 2040 infelicitas,
375 2018 388 2030 ι
401 2011 546 2043 peccatum
556 2011 598 2035 est
618 2018 624 2035 :
637 2007 702 2035 nihil
717 2007 793 2035 enim
817 2007 885 2036 adeo
900 2012 994 2036 conte-

194 2051 230 2078 rit
250 2051 371 2079 animam
386 2055 468 2087 atque
491 2051 593 2087 ipsum,
610 2051 646 2079 ob
660 2051 855 2080 difﬁcultatem
872 2051 996 2088 inaequa-

196 2094 333 2123 litatemve
347 2095 399 2123 viae
413 2096 480 2132 ejus.
497 2096 590 2124 Virtus
600 2104 722 2132 namque
735 2104 786 2124 ceu
806 2097 931 2125 naturale
945 2105 994 2125 no-

196 2144 286 2168 strum
302 2140 417 2174 bonum,
439 2140 533 2168 leviter
547 2144 574 2168 et
593 2141 737 2176 aequaliter
750 2148 802 2169 nos
816 2141 879 2169 ferri
905 2141 970 2169 facit
987 2151 993 2170 :

195 2184 244 2213 sed
269 2184 376 2219 vitium,
401 2192 453 2213 ceu
479 2189 579 2221 praeter
612 2189 753 2220 naturam,
785 2186 854 2214 alias
881 2186 995 2222 quidem

195 2237 315 2264 sursum,
336 2229 404 2259 alias
420 2237 484 2258 vero
508 2230 639 2258 deorsum
666 2230 731 2258 facit
744 2230 819 2265 ferri,
836 2231 863 2259 in
886 2231 994 2260 defectu

195 2278 223 2302 et
236 2274 391 2302 excessibus
404 2282 548 2310 apparens,
563 2283 595 2303 ac
614 2279 758 2311 propterea
782 2276 944 2312 inaequalem
966 2280 994 2304 et

1050 1646 1124 1686 παρὰ
1145 1645 1221 1685 φύσιν
1247 1644 1377 1685 ἐξάγουσα
1395 1645 1442 1674 τὸν
1461 1645 1616 1686 ἄνθρωπον,
1640 1647 1751 1686 ἀχρεῖον
1769 1645 1842 1675 αὐτὸν

1046 1694 1126 1721 ποιεῖ.
1142 1689 1242 1720 Οὐκέτι
1254 1689 1307 1729 γὰρ
1329 1691 1400 1730 αὐτῷ
1414 1694 1514 1730 χρᾶται
1530 1693 1547 1727 ἡ
1569 1690 1646 1732 φύσις
1656 1713 1664 1728 ,
1679 1691 1773 1730 ὥσπερ
1787 1689 1842 1719 οὐδὲ

1046 1736 1084 1775 τῷ
1097 1737 1215 1765 νοσοῦντι
1239 1735 1276 1768 εἷς
1296 1733 1330 1764 τὰ
1344 1736 1428 1764 οἰκεῖα
1445 1734 1521 1775 ἔργα.
1542 1746 1557 1765 ιι
1577 1735 1741 1776 Σύντριμμα
1757 1734 1784 1765 δὲ
1800 1733 1842 1764 καὶ

1046 1779 1215 1820 ταλαιπωρία
1226 1802 1234 1817 ,
1254 1792 1265 1805 ι
1279 1781 1295 1815 ἡ
1309 1779 1428 1819 ἆμαρτία
1441 1792 1448 1798 ·
1463 1780 1537 1809 οὐδὲν
1555 1780 1608 1820 γὰρ
1625 1780 1695 1810 οὕτω
1711 1779 1841 1821 συντρίϐει

1047 1824 1135 1865 ψυχὴν
1145 1848 1153 1862 ,
1168 1825 1203 1858 ὥς
1217 1823 1286 1860 αὕτη
1302 1824 1345 1853 διὰ
1359 1824 1408 1860 τὴν
1426 1824 1531 1854 ἀνοδίαν
1545 1826 1635 1861 αὐτῆς.
1672 1825 1707 1856 Ἣ
1724 1825 1772 1864 μὲν
1795 1824 1842 1864 γὰρ

1047 1869 1130 1909 ἀρετὴ
1145 1891 1153 1905 ,
1176 1871 1212 1902 ὡς
1226 1868 1336 1909 φυσικὸν
1354 1870 1430 1907 ἡμῶν
1446 1869 1544 1908 ἀγαθὸν
1555 1892 1563 1908 ,
1580 1870 1656 1904 λείως
1677 1870 1724 1900 καὶ
1740 1870 1842 1909 ὁμαλῶς

1048 1916 1118 1952 ἡμᾶς
1133 1913 1257 1955 φέρεσθαι
1280 1917 1368 1943 ποιεῖ·
1392 1913 1451 1951 ἠδὲ
1475 1914 1577 1950 κακία,
1601 1917 1636 1948 ὥς
1650 1916 1726 1954 παρὰ
1752 1914 1840 1955 φύσιν,

1048 1959 1111 1988 ποτὲ
1128 1958 1175 1997 μὲν
1191 1958 1262 1995 ἄνω,
1280 1958 1345 1988 ποτὲ
1367 1958 1393 1987 δὲ
1411 1957 1484 1988 κάτω
1510 1963 1581 1988 ποιιῖ
1597 1959 1743 2000 φέρεσθαι,
1757 1960 1785 1990 ἐν
1799 1959 1842 1987 ἐλ-

1048 2003 1150 2043 λείψεσι
1173 2003 1219 2032 καὶ
1247 2002 1405 2042 ὑπερϐολαῖς
1431 2003 1576 2043 φαινομένη
1590 2013 1597 2021 ·
1631 2005 1678 2034 καὶ
1699 2004 1744 2034 διὰ
1769 2005 1841 2033 τοῦτο

1049 2048 1190 2087 ἀνώμαλον
1206 2049 1271 2086 ἡμῖν
1286 2047 1332 2077 καὶ
1357 2048 1469 2088 ἔγκοπον
1493 2047 1520 2066 ²⁰
1534 2050 1648 2078 ποιοῦσα
1662 2048 1712 2085 τὴν
1727 2048 1840 2083 κίνησιν,

1047 2091 1091 2122 ἵνα
1108 2092 1145 2131 μὴ
1160 2091 1229 2131 λέγω
1245 2091 1292 2126 τὰς
1307 2092 1374 2130 μετὰ
1388 2095 1473 2122 ταῦτα
1489 2093 1622 2127 κολάσεις.
1640 2107 1652 2120 ε
1674 2095 1728 2124 Καὶ
1738 2094 1795 2123 ὁδὸν
1816 2091 1840 2120 δὲ

1050 2136 1162 2177 εἰρήνης,
1177 2151 1187 2163 n
1206 2136 1255 2173 τὴν
1266 2137 1335 2167 κατὰ
1348 2138 1418 2168 Θεὸν
1430 2138 1566 2167 πολιτείαν
1583 2138 1696 2174 νοήσεις·
1710 2138 1779 2174 αὕτη
1794 2136 1840 2176 γὰρ

1048 2185 1065 2218 ἡ
1080 2182 1138 2216 ὁδὸς
1153 2183 1198 2217 τῆς
1216 2181 1368 2222 ἀταραξίας.
1393 2196 1405 2209 ι
1418 2181 1516 2222 Ἄρατε
1530 2183 1593 2223 γὰρ,
1607 2184 1687 2224 φησὶ,
1701 2183 1747 2213 τὸν
1767 2180 1838 2221 ζυγόν

1051 2238 1118 2264 μου,
1135 2226 1180 2256 καὶ
1195 2226 1320 2266 εὑρήσετε
1335 2226 1486 2258 ἀνάπαυσιν
1500 2237 1507 2244 ·
1525 2238 1540 2257 ι)
1558 2228 1604 2257 καὶ
1620 2230 1668 2264 τῆς
1689 2229 1800 2265 ἀληθοῦς
1815 2225 1839 2254 δὲ

1048 2271 1152 2311 εἰρήνης
1166 2273 1211 2300 τοῦ
1229 2272 1347 2311 Χριστοῦ
1364 2273 1435 2302 ἐστιν
1450 2272 1508 2306 ὁδὸς
1525 2272 1603 2308 αῧτη.

195 2317 338 2347 difﬁcilem
352 2323 461 2347 motum
483 2319 634 2356 exhibens,
649 2328 683 2348 ne
702 2320 792 2349 dicam
815 2321 947 2358 supplicia
971 2320 1084 2357 posthac
1109 2324 1242 2350 secutura.
1271 2332 1283 2345 -
1302 2321 1338 2349 Et
1363 2321 1436 2349 viam
1458 2321 1542 2357 pacis.
1562 2333 1575 2346 υ
1608 2322 1684 2350 Piam
1701 2326 1839 2350 conserva-

195 2362 301 2391 tionem
328 2363 464 2400 intelliges

494 2374 501 2392 :
521 2364 577 2401 ipsa
600 2365 674 2393 enim
697 2369 740 2394 est
775 2366 817 2394 via
838 2366 938 2402 quietis
961 2374 993 2394 ac
1020 2364 1233 2401 tranquillitatis.
1267 2365 1362 2394 Hinc:
1389 2376 1403 2391 ι
1419 2366 1538 2401 Tollite,
1560 2377 1575 2392 ι»
1600 2367 1703 2403 inquit,
1721 2379 1735 2392 ι
1747 2367 1840 2404 jugum

196 2415 300 2442 meum,
315 2412 344 2436 et
357 2408 501 2438 invenietis
515 2410 640 2446 requiem
655 2407 669 2426 ¹¹
691 2419 699 2439 z
712 2420 726 2438 »
744 2415 829 2448 atque
844 2416 874 2439 ut
893 2411 928 2439 ad
944 2419 1037 2439 veram
1051 2409 1152 2438 Christi
1167 2418 1262 2445 pacem
1276 2410 1425 2446 pervenias,
1442 2411 1501 2440 haec
1523 2411 1565 2439 via
1591 2415 1642 2440 est.

230 2453 320 2480 Vsus.
346 2455 390 2487 19,
404 2456 447 2482 20.
466 2465 479 2479 ι
501 2455 609 2483 Scimus
623 2459 715 2484 autem
730 2456 804 2492 quod
819 2464 993 2492 quaecunque

195 2497 236 2526 lex
250 2497 381 2534 loquitur.
401 2498 433 2527 iis
445 2499 494 2536 qui
508 2500 537 2527 in
554 2500 612 2537 lege
630 2504 695 2528 sunt
711 2500 842 2535 loquitur,
865 2505 898 2529 ut
911 2509 994 2529 omne

193 2550 225 2571 os
239 2542 408 2577 obstruatur,
425 2547 452 2572 et
466 2544 594 2573 subditus
606 2545 654 2573 ﬁat
679 2545 771 2574 omnis
782 2545 905 2574 mundus
920 2547 990 2580 Deo;

193 2587 259 2624 quia
273 2595 307 2616 ex
320 2588 451 2624 operibus
466 2589 531 2625 legis
542 2590 598 2626 28
618 2598 674 2618 non
682 2590 881 2627 justiﬁcabitur
901 2591 993 2619 omnis

194 2640 259 2662 caro
278 2640 374 2662 coram
392 2633 450 2662 illo.
477 2643 493 2661 »
509 2635 549 2663 Ne
571 2635 665 2664 dicant
677 2635 778 2671 Judaei,
801 2636 869 2665 Haec
888 2636 924 2665 ad
942 2644 994 2665 nos

233 2689 243 2708 ί
256 2689 327 2719 Psal.
342 2698 415 2726 xm,
429 2693 455 2719 3.
492 2692 568 2721 Usa.
585 2699 649 2726 ιιι,
665 2695 692 2721 7.
730 2689 745 2708 ι’
758 2693 860 2722 Matth.
878 2701 925 2727 χι,
940 2695 985 2721 29.

1089 2468 1102 2482 α
1117 2454 1238 2493 Οἴδαμεν
1254 2454 1281 2484 δὲ
1292 2479 1301 2494 ,
1324 2453 1365 2485 ὅτι
1380 2455 1430 2485 ὅσα
1453 2458 1468 2485 ὁ
1483 2456 1560 2494 νόμος
1584 2456 1656 2495 λέγει
1666 2479 1674 2495 ,
1690 2457 1744 2490 τοῖς
1758 2456 1783 2485 ἐν
1803 2453 1839 2491 τῷ

1047 2498 1122 2540 νόμῳ
1146 2500 1242 2529 λαλεῖ·
1267 2499 1312 2529 ἵνα
1337 2505 1391 2530 πᾶν
1416 2500 1503 2540 στόμα
1527 2503 1634 2541 φραγῇ,
1660 2501 1707 2531 καὶ
1722 2499 1839 2530 ὑπόδικος

1048 2543 1158 2584 γένηται
1170 2549 1222 2578 πᾶς
1240 2546 1254 2574 ὁ
1266 2544 1363 2583 κόσμος
1378 2546 1416 2586 τῷ
1431 2546 1494 2586 Θεῷ
1510 2555 1516 2562 ⁵
1534 2546 1600 2576 διότι
1616 2546 1643 2581 ἐξ
1667 2546 1751 2587 ἔργων
1762 2543 1837 2582 νόμου

1049 2590 1079 2619 οὗ
1103 2589 1306 2625 δικαιωθήσεται
1323 2594 1398 2620 πᾶσα
1417 2590 1482 2631 σάρξ
1508 2588 1543 2622 ³⁰.
1560 2604 1573 2618 ιι
1593 2590 1654 2622 Ἵνα
1673 2591 1710 2630 μὴ
1735 2589 1836 2621 εἴπωσιν

1050 2635 1074 2664 οἱ
1099 2634 1242 2671 Ἰουδαῖοι,
1258 2633 1300 2663 ὅτι
1313 2636 1407 2666 Ταῦτα
1428 2636 1458 2664 οὗ
1472 2635 1538 2676 πρὸς
1559 2638 1632 2676 ἡμᾶς
1655 2636 1758 2677 εἴρηται
1769 2646 1777 2654 '
1791 2643 1837 2673 φη·

899 2744 992 2774 Varia:
1014 2743 1164 2775 lectiones.

233 2795 255 2813 ¹⁹
272 2796 325 2823 ἄνω
347 2804 375 2824 ο.
411 2795 436 2813 ¹⁰
454 2797 539 2833 μέντοι
562 2805 589 2825 o.
627 2797 648 2815 ²¹
677 2798 718 2825 καὶ
745 2806 772 2827 0.

823 2799 846 2816 ²²
863 2799 930 2836 παρὰ
953 2808 980 2828 o.
1022 2799 1046 2817 ³³
1079 2799 1119 2828 ἴσ.
1145 2799 1228 2833 ἐπειδὴ
1254 2800 1289 2828 δέ.
1327 2799 1350 2817 ⁸⁸
1375 2801 1456 2837 ἔργων
1484 2809 1510 2830 ο.
1550 2801 1572 2819 ³⁸
1603 2801 1775 2838 προερχόμεθα
1800 2804 1836 2826 ω.

196 2835 219 2852 ²⁶
242 2836 302 2872 ἄχρι
315 2844 343 2865 o.
381 2836 404 2854 π
417 2835 442 2863 δὲ
461 2845 489 2866 o.
526 2836 550 2854 ²⁶
574 2837 770 2874 ὁμοφρονοῦντας
783 2847 810 2868 ο.
847 2839 870 2857 ¹⁹
881 2839 1004 2876 ἔγκοπτον
1013 2848 1041 2870 o.
1079 2839 1102 2857 ³⁹
1113 2841 1187 2868 Edit.
1204 2839 1309 2869 ἐνώπιον
1323 2835 1407 2869 αὖτοῧ.
