1927 3076
115 157 164 184 385

578 154 754 184 EXPOSITIO
773 155 805 182 IN
825 153 931 182 EPIST.
950 154 996 182 AD
1015 154 1098 182 ROM.
1116 169 1150 174 —
1169 154 1242 182 CAP.
1264 155 1306 183 lll.

1709 158 1763 186 386

113 218 154 247 oiv
165 240 173 255 ,
191 217 232 246 ὃτι
246 231 259 243 ι
274 215 352 248 Ὅσα
373 220 388 248 6
402 217 480 256 νόμος
497 217 583 258 λέγει,
606 218 660 252 τοῖς
673 218 700 246 ἕν
715 218 754 258 τῷ
770 216 843 257 νόμῳ
859 218 911 246 λα-

970 224 1027 244 non
1045 216 1190 252 pertinent,
1206 216 1243 244 ait
1259 225 1267 244 :
1286 227 1299 241 α
1314 217 1491 253 Quaecunque
1519 218 1562 246 lex
1576 218 1713 255 loquitur,
1729 219 1764 248 iis

111 263 161 292 λιῖ.
177 276 188 288 ι
203 262 275 293 Ποία
290 262 343 302 γὰρ
355 262 459 302 ἀνάγκη
471 285 479 298 ,
503 262 588 303 φησὶ,
604 262 647 292 τὸν
661 264 725 302 ὑμῖν
745 261 854 292 δοθέντα
869 261 911 292 νό-

113 319 180 345 μον,
203 306 302 348 ἑτέροις
328 307 439 343 λαλεῖν;
463 307 554 347 Νόμον
577 306 606 337 δὲ
633 307 719 347 λίγιι,
744 311 835 348 πᾶσαν
862 305 910 342 τὴν

113 346 259 389 Παλαιὰν,
284 353 313 382 οὖ
329 351 409 390 μόνον
425 350 447 369 ³¹
464 352 499 382 τὰ
521 346 674 382 Μωσαῖκάέ
692 351 784 392 ὥσπερ
805 346 849 381 οὖν
864 351 910 381 καὶ

112 399 157 426 νῦν
180 397 214 426 τὰ
237 399 284 426 τοῦ
307 396 440 434 Ἡσαΐου,
460 397 507 427 καὶ
527 397 561 428 τὰ
584 398 637 427 τῶν
653 398 802 436 Ψαλμῶν,
830 396 910 435 νόμον

112 440 249 480 ὠνόμασε.
265 441 305 472 T6
319 442 362 479 δὲ,
389 453 404 472 α
419 441 478 473 Ἵνα
502 447 555 472 πᾶν
572 442 660 482 στόμα
675 444 780 484 φραγῇ,
799 452 814 471 n
830 442 912 471 ἐνδεί-

112 498 207 516 κνυται
221 487 269 523 τὴν
286 487 560 528 μγαλορῤημοσύνην
575 488 602 507 ³³
618 489 671 517 τῶν
697 485 850 524 Ἰουδαίων,
864 487 910 516 καὶ

110 530 161 567 τὴν
185 531 369 562 ἀνυπόστατον
395 533 479 573 ῥύμην
503 535 550 569 τῆς
572 531 695 571 γλώσσης
719 533 818 562 αὐτῶν.
851 531 910 561 Ἐψ

113 575 214 616 ἐφραξε
237 581 298 616 γοῦν
324 576 423 614 ταύτην
442 579 457 607 6
480 577 617 619 προφήτης
643 577 733 618 ὥσπερ
757 579 842 617 ῥεῦμα
866 589 911 618 φι-

111 621 228 660 ρομένην
244 621 281 651 ³³.
299 622 339 652 Οὗ
353 624 430 652 τοῦτο
443 621 470 652 δὲ
486 623 557 662 λέγει
569 646 577 660 ,
599 621 639 652 ὅτι
663 623 714 653 Διὰ
729 625 806 652 τοῦτο
822 621 910 662 ἥμαρ-

109 677 172 702 τον,
186 665 230 695 ἵνα
245 669 335 707 φραγῇ
350 668 438 697 αὐτῶν
453 666 484 697 τὸ
509 668 611 707 στόμα,
637 668 696 697 ἀλλ’
710 667 753 698 ὅτι
775 667 818 696 διὰ
833 669 910 697 τοῦτο

109 711 284 749 ἠλέεαθησαν
309 711 360 741 ὑπὸ
383 713 437 742 τῶν
461 714 604 753 προφητῶν
617 735 624 748 ,
650 711 695 741 ἵνα
721 711 759 751 μὴ
780 713 910 752 ἆγνοῶσιν

112 755 330 795 ἁμαρτάνοντες,
354 757 401 786 καὶ
420 759 581 797 καυχῶνται.
605 757 647 788 Οὖ
663 756 739 795 μόνοι
759 756 785 786 δὲ
801 757 826 785 οἱ
841 756 910 786 Ἰου-

112 801 204 839 δαῖοι,
221 800 290 830 ἀλλὰ
302 801 349 830 καὶ
362 815 374 827 ι
390 806 441 836 πᾶς
462 803 476 831 6
498 802 597 841 κόσμος
611 801 734 836 ὑπόδικος
749 801 859 841 γένηται
873 803 911 843 τῷ

112 845 179 886 Θεῷ
189 867 198 882 ,
211 859 224 872 ι
236 845 356 876 τουτέστι
365 869 374 883 ,
389 846 564 887 κατάκριτος,
581 846 798 887 ἀπαρρησίαστος
807 869 814 883 ,
831 847 868 884 μὴ
882 849 911 876 ix

964 261 1011 297 qui
1026 261 1053 289 in
1067 261 1135 297 Llege
1147 265 1214 289 sunt
1235 261 1366 298 loquitur.
1381 273 1394 286 ιι
1408 263 1480 290 Nam
1493 270 1555 299 quae
1582 263 1635 292 ista
1659 267 1702 292 est
1715 271 1766 293 ne-

965 305 1089 340 cessitas,
1104 310 1134 334 ut
1157 313 1221 342 qum
1242 306 1320 334 vobis
1337 305 1437 334 tradita
1454 310 1496 335 est
1521 307 1574 341 lex,
1607 308 1666 337 aliis
1680 309 1762 338 verba

964 349 1054 379 facere
1078 350 1236 388 judicetur?
1274 351 1378 387 Legem
1399 356 1493 380 autem
1526 352 1646 388 appellat
1670 357 1763 383 totum

965 397 1050 424 Vetus
1063 397 1287 432 Testamentum,
1300 404 1356 424 non
1368 396 1460 425 solum
1482 397 1615 432 Mosaica,
1626 398 1762 434 quemad-

965 440 1082 469 modum
1101 444 1131 469 et
1154 449 1228 470 nunc
1268 441 1347 470 Isaia:
1377 441 1609 478 Psalmorumque
1635 442 1762 472 vaticinia

965 485 1055 522 legem
1084 486 1247 515 nominavit.
1266 486 1347 521 Quod
1370 494 1434 515 vero
1449 487 1497 521 nit,
1523 497 1535 512 α
1557 487 1597 516 Ut
1613 494 1696 516 omne
1733 495 1765 516 os

965 533 1134 567 obstruatur,
1151 545 1164 558 ι
1177 541 1224 570 per
1236 533 1290 562 hoc
1302 533 1462 562 Iudaeorum
1474 533 1635 570 jactantiam
1646 533 1763 570 indicat,

965 577 1223 615 intolerabilemque
1255 578 1357 615 linguae
1384 579 1506 615 ipsorum
1537 579 1683 616 impetum.
1709 579 1767 608 0b-

963 623 1064 651 struxit
1077 623 1161 659 igitur
1174 623 1245 652 hanc
1269 623 1362 652 amnis
1376 623 1462 652 instar
1482 623 1674 652 documentum
1698 632 1763 661 pro-

964 667 1053 703 pheta.
1070 669 1132 696 Non
1146 672 1240 696 autem
1260 668 1314 697 hoc
1327 667 1401 703 dicit,
1413 668 1487 705 quod
1500 673 1643 705 propterea
1668 677 1765 705 pecca-

966 712 1062 745 verint,
1075 717 1104 740 ut
1116 721 1148 741 os
1161 713 1285 749 ipsorum
1299 713 1458 742 obstruatur
1472 722 1479 742 :
1497 721 1593 742 verum
1600 713 1675 750 quod
1688 722 1720 743 ea
1730 714 1764 744 de

964 765 1045 785 causa
1059 765 1075 785 a
1088 757 1228 794 prophetis
1251 758 1409 794 reprehensi
1422 757 1538 792 fuerint,
1559 766 1594 787 ne
1605 759 1763 794 ignorantes

966 806 1076 838 peccata
1104 810 1153 831 sua
1169 810 1229 831 sese
1248 803 1375 840 jactitent
1388 808 1417 832 et
1432 803 1594 840 glorientur.
1615 805 1708 840 Atque
1733 808 1765 833 ut

964 854 1021 874 non
1035 846 1089 875 soli
1109 847 1208 882 Judaei,
1223 855 1318 876 verum
1333 851 1361 876 et
1376 860 1389 873 ι
1406 849 1550 877 universus
1564 848 1685 877 mundus
1699 848 1764 878 red-

110 891 164 919 τίῦν
192 890 296 920 οἰκείων
319 890 403 932 ιργων
431 892 630 929 δικαιούμενος,
653 892 723 921 ἀλλὰ
747 893 795 927 τῆς
821 893 911 932 ἑτέρου

967 891 1048 920 datur
1063 893 1122 920 Deo
1137 892 1290 926 obnoxius,
1307 904 1319 918 ι
1334 893 1362 922 id
1374 897 1425 928 est,
1438 893 1649 928 condemnatus,
1665 893 1764 922 ﬁducia

114 935 239 974 βοηθείας
256 935 392 975 δεόμενος,
406 935 488 976 ἤγουν
516 939 563 972 τῆς
584 936 692 977 χάριτος
716 938 763 966 τοῦ
781 937 911 976 Χριστοῦ.

111 978 204 1010 Ὠστε
214 1003 223 1019 ,
240 979 351 1011 Ἰουδαῖε
361 1004 368 1017 ,
383 981 408 1010 τί
424 986 513 1022 καυχᾷ
527 982 554 1010 ἕν
569 983 608 1022 τῷ
622 981 712 1022 νόμῳ,
730 980 795 1011 ὅπου
807 993 836 1020 γε
851 982 912 1011 ἐπί-

103 1036 163 1066 σης
177 1012 222 1065 xiii,
231 1025 317 1066 λοιπῷ
333 1012 426 1067 κόσμῳ
441 1012 564 1060 ὗπῦέικος
579 1012 618 1063 si,
638 1012 665 1060 ἐξ
777 1012 859 1066 νόμου
875 1026 913 1066 μὴ

112 1070 175 1099 δικα
180 1070 298 1110 ιούμενος
306 1082 315 1109 ;

157 1170 172 1188 ‹
186 1159 238 1190 Διᾶ
251 1159 302 1200 γὰρ
315 1159 395 1200 νόμου
410 1160 551 1200 ἐπίγνωσις
566 1163 612 1198 τῆς
634 1161 777 1202 ἁμαρτίας.
798 1161 865 1192 Νυνὶ
881 1161 908 1191 δὲ

111 1204 196 1245 χωρὶς
209 1204 291 1244 νόμου
314 1205 467 1242 δικαιοσύνη
490 1208 561 1238 Θεοῦ
582 1206 782 1247 πεφανέρωται,
805 1218 910 1246 μαρτυ-

113 1251 229 1289 ρουμένη
245 1249 296 1279 ὑπὸ
311 1253 358 1279 τοῦ
368 1251 451 1290 νόμου
465 1250 511 1280 καὶ
525 1253 578 1280 τῶν
594 1254 748 1292 προφητῶν.
763 1262 776 1279 ι
794 1252 828 1282 Εἰ
842 1263 913 1281 καυ-

111 1298 199 1333 χᾶσαι
210 1294 247 1333 ³⁴,
262 1296 277 1324 6
291 1294 434 1332 Ἰουδαῖος,
452 1295 496 1325 ἰπὶ
507 1297 544 1336 τῷ
556 1296 640 1336 νόμῳ,
652 1297 731 1336 γνῶθι
742 1296 782 1326 ὅτι
796 1296 913 1334 μείζονός

111 1350 156 1368 σοι
174 1339 311 1373 κολάσεως
331 1339 413 1374 αἴτιος
438 1336 522 1374 οὗτος.
551 1340 699 1381 Ἐγνώρισε
723 1341 774 1381 γάρ
800 1353 841 1371 σοι
864 1341 911 1378 τὴν

111 1383 249 1423 ἁμαρτίαν
261 1396 268 1403 ·
281 1385 307 1414 ἐν
322 1385 419 1424 γνώσει
431 1385 459 1415 δὲ
473 1385 621 1426 ἁμαρτόντι
645 1385 740 1425 μείζων
760 1388 777 1422 ἡ
793 1386 910 1421 κόλασις.

113 1428 193 1464 Πλὴν
208 1428 279 1468 παρᾶ
295 1429 342 1465 τὴν
365 1429 414 1466 σὴν
433 1430 566 1471 ῥαθυμίαν
579 1432 656 1461 τοῦτο
674 1430 784 1467 συνέϐη.
803 1430 850 1466 Μὴ
863 1442 912 1470 φυ-

110 1472 166 1511 γὼν
191 1473 242 1513 γὰρ
269 1473 318 1510 τὴν
343 1475 536 1516 γνωρισθεῖσάν
567 1487 607 1505 σοι
631 1475 783 1516 ἁμαρτίαν,
809 1477 910 1514 μᾶλλον

110 1517 258 1548 ἐπεσπάσω
283 1518 330 1554 τὴν
357 1519 476 1549 κόλασιν.
504 1521 567 1554 Πῶς
592 1515 635 1550 οἶν
659 1515 839 1560 ἀπαλλαγήσῃ
864 1523 910 1557 τῆς

110 1562 262 1600 κολάσεως;
279 1563 345 1594 Ἐὰν
363 1564 494 1605 προσδέξῃ
507 1565 554 1601 τὴν
571 1564 741 1602 δικαιοσύνην
755 1567 802 1595 τοῦ
817 1567 887 1596 Θεοῦ
898 1587 908 1603 ,

109 1607 158 1644 τὴν
179 1608 262 1648 χωρὶς
285 1608 377 1647 νόμου.
394 1612 502 1639 Δικαιοῖ
514 1609 565 1650 γὰρ
580 1612 652 1648 ἡμᾶς
667 1613 681 1640 6
695 1610 779 1647 Θεὸς,
802 1610 853 1640 κᾶν
870 1611 908 1650 μὴ

109 1652 176 1692 ἔργα
191 1652 304 1696 ἔχοιμεν·
331 1654 398 1688 Θεὸς
422 1655 474 1696 γάρ
494 1656 551 1685 ἐστι
573 1655 662 1686 πάντα
676 1655 830 1694 δυνάμενος.
850 1657 908 1687 Κα-

109 1697 163 1731 λῶς
177 1696 204 1727 δὲ
216 1693 274 1728 εἶπε
289 1698 354 1741 τὸς
365 1693 571 1740 Πεφανέρωτιι,
585 1714 598 1726 ι
609 1698 653 1729 ἵνα
668 1693 791 1741 δείξῃνὸτι
801 1700 909 1741 ἐκέκρυ-

110 1753 162 1772 πτο
177 1742 263 1772 πάλαι
281 1744 307 1762 ³⁵
317 1739 394 1775 οὖσα.
413 1745 466 1774 Καὶ
478 1739 528 1775 διὰ
539 1747 586 1775 τοῦ
601 1746 693 1775 εἰπεῖν’
719 1739 732 1775 ἀ
747 1739 908 1787 Μαρτυρου-

110 1785 179 1825 μένη
195 1787 246 1816 ὕπὸ
273 1790 318 1818 τοῦ
341 1788 422 1828 νόμου
447 1789 492 1819 καὶ
516 1791 568 1819 τῶν
589 1792 750 1830 προφητῶν,
767 1801 783 1819 ι)
801 1791 831 1820 τὸ
846 1790 908 1821 αὐτὸ

109 1832 201 1868 δηλοῖ,
214 1832 256 1862 ὅτι
271 1833 300 1862 οὗ
321 1833 470 1875 πρόσφατός
485 1835 556 1864 ἐστιν
566 1857 575 1872 ,
591 1834 659 1864 ἀλλὰ
681 1835 727 1864 καὶ
742 1837 756 1864 6
770 1834 848 1874 νόμος
863 1839 908 1866 τοῦ

110 1877 246 1913 Μωσέως,
263 1877 308 1907 καὶ
321 1880 345 1908 οἱ
359 1881 494 1920 προφῆται
509 1879 570 1920 περὶ
589 1879 688 1916 ταύτης
711 1879 800 1920 ἔλεγον
812 1892 818 1899 ·
838 1879 908 1910 ὥστε

109 1921 156 1950 καὶ
172 1921 232 1956 ἆξία
250 1923 304 1952 ἐστὶ
323 1924 534 1964 παραδεχθῆναι.
555 1925 587 1954 Εἰ
598 1924 651 1965 γὰρ
666 1923 712 1954 καὶ
732 1925 814 1965 χωρὶς
827 1925 908 1964 νόμου

109 1966 201 2003 ἐστὶν,
225 1968 284 1997 ἀλλ’
308 1967 380 2006 ὅμως
402 1970 447 1998 καὶ
471 1971 544 2009 αὐτῷ
565 1971 603 2010 τῷ
627 1969 701 2010 νόμῳ
720 1970 750 2000 τὸ
772 1969 805 2000 δι’
825 1972 908 2007 αὐτῆς

109 2011 276 2045 δικαιοῦσθαι
296 2012 415 2054 ἀρέσκει.

152 2107 166 2123 α
178 2097 338 2133 Δικαιοσύνη
351 2097 378 2127 δὲ
388 2098 458 2128 Θεοῦ
467 2121 475 2135 ,
488 2097 531 2128 διὰ
546 2098 660 2132 πίστεως
675 2099 764 2136 Ἰησοῦ
779 2101 907 2140 Χριστοῦ,

108 2141 145 2174 εἰς
164 2141 266 2174 πάντας
281 2142 326 2171 καὶ
343 2142 387 2171 ἐπὶ
407 2143 509 2177 πάντας
525 2142 584 2176 τοὺς
605 2143 779 2178 πιστεύοντας
789 2155 796 2163 ο
811 2146 840 2174 οὗ
855 2146 907 2186 γὰρ

107 2184 165 2214 ἔστι
189 2187 326 2222 διαστολή.
345 2186 449 2222 Πάντες
471 2188 523 2228 γὰρ
544 2187 682 2228 ἥμαρτον,
705 2190 751 2218 καὶ
766 2184 905 2229 ὓστεροῦν)

967 939 997 964 et
1008 936 1134 965 libertate
1144 945 1254 972 vacans,
1276 941 1307 965 nt
1322 937 1369 974 qui
1384 946 1439 966 non
1455 945 1488 966 ex
1502 938 1621 974 propriis
1634 938 1765 974 operibus

962 980 1137 1016 justilicetur,
1166 981 1216 1010 sed
1243 981 1354 1010 alterius
1391 990 1443 1018 ope
1472 981 1602 1018 indigeat,
1630 982 1764 1011 nimirum

966 1024 1065 1053 Christi
1088 1026 1153 1054 Iesu
1167 1026 1262 1063 gratia.
1278 1027 1383 1063 Itaque,
1396 1026 1500 1062 Iudice,
1517 1026 1648 1063 quidnam
1661 1027 1689 1055 in
1707 1026 1766 1063 lege

965 1069 1100 1106 gloriaris,
1115 1079 1179 1099 cum
1191 1079 1269 1107 aeque
1286 1079 1319 1100 ac
1334 1071 1456 1108 reliquus
1470 1071 1592 1100 mundus
1603 1079 1668 1100 reus
1691 1072 1766 1101 exsi-

964 1118 1033 1149 stas,
1047 1118 1143 1152 utpote
1152 1124 1186 1144 ex
1200 1116 1330 1153 operibus
1343 1116 1411 1153 legis
1423 1116 1497 1146 haud
1511 1117 1693 1153 justiticatus?

1002 1161 1093 1189 Vens.
1106 1163 1202 1189 20-21.
1222 1173 1235 1186 ι
1248 1162 1299 1190 Per
1311 1161 1397 1198 legem
1411 1162 1487 1190 enim
1501 1161 1622 1198 cognitio
1645 1162 1761 1198 peccati.

964 1206 1045 1234 Nunc
1059 1209 1152 1234 autem
1172 1205 1231 1234 sine
1257 1206 1316 1243 lege
1331 1207 1439 1243 jnstitia
1452 1207 1501 1235 Dei
1516 1206 1690 1235 manifestata
1711 1210 1764 1241 est,

964 1249 1109 1278 testiﬁcata
1128 1259 1143 1279 a
1159 1250 1217 1287 lege
1230 1255 1258 1280 et
1282 1251 1434 1288 prophetis.
1450 1264 1462 1276 ι
1474 1252 1500 1280 Si
1515 1251 1643 1288 gloriaris
1654 1251 1684 1279 in
1694 1251 1764 1288 lege,

970 1297 1012 1329 tu,
1026 1295 1073 1331 qui
1088 1295 1202 1324 Judazus
1213 1303 1253 1331 es,
1265 1297 1375 1325 noveris
1392 1296 1473 1325 istam
1494 1296 1545 1325 tibi
1560 1296 1673 1334 majoris
1691 1304 1762 1333 sup-

965 1339 1161 1375 pliciicausam
1189 1348 1258 1369 esse.
1283 1342 1354 1370 Nam
1372 1345 1517 1378 peccatum
1541 1341 1591 1370 tibi
1619 1341 1763 1377 cognitum

965 1383 1092 1413 reddidit.
1105 1386 1168 1413 Jam
1179 1386 1298 1414 scienter
1312 1386 1446 1422 peccanti,
1463 1386 1551 1423 major
1572 1394 1653 1422 pana
1669 1386 1764 1414 immi-

963 1432 1020 1457 net.
1036 1430 1120 1466 Atqui
1140 1438 1188 1467 per
1198 1430 1331 1467 ignaviam
1346 1435 1423 1460 tuam
1441 1431 1494 1459 hoc
1513 1431 1635 1468 contigit.
1652 1431 1764 1459 Etenim

963 1481 1027 1502 cum
1042 1482 1098 1502 non
1110 1474 1290 1504 declinaveris
1301 1475 1377 1512 quod
1391 1476 1510 1504 innotuit
1528 1475 1578 1504 tibi
1610 1479 1763 1512 peccatum,

962 1518 1130 1555 supplicium
1156 1520 1204 1549 tibi
1232 1521 1320 1557 majus
1356 1520 1515 1550 conciliasti.
1543 1521 1702 1557 Ecquanam
1722 1528 1765 1548 ra-

963 1563 1038 1592 tione
1054 1573 1070 1592 a
1081 1572 1161 1601 pcena
1180 1565 1338 1594 istiusmodi
1360 1565 1540 1595 liberaberisi'
1554 1566 1583 1594 Si
1601 1565 1762 1602 complexus

926 1596 950 1629 ο
962 1607 1047 1636 fueris
1059 1596 1193 1645 justitiam
1206 1611 1270 1645 Dei,
1285 1618 1348 1647 qua:
1363 1611 1422 1639 sine
1440 1611 1498 1647 lege
1516 1614 1569 1639 est.
1584 1596 1678 1639 Justus
1688 1610 1763 1638 enim

962 1660 1015 1682 nos
1042 1654 1119 1683 Deus
1136 1654 1234 1689 emt-it,
1249 1655 1356 1684 etiamsi
1371 1663 1453 1692 opera
1468 1655 1547 1684 nobis
1562 1655 1676 1684 desint:
1697 1663 1763 1683 nam

962 1698 1038 1726 Deus
1052 1703 1144 1735 potest
1158 1700 1260 1728 omnia.
1278 1701 1354 1729 Belle
1369 1705 1462 1729 autem
1481 1700 1550 1729 dixit
1563 1709 1570 1728 ι
1587 1699 1762 1729 Manifestata

963 1746 1014 1778 est,
1034 1755 1046 1768 ι-
1079 1748 1109 1772 ut
1123 1748 1290 1774 monstraret
1302 1745 1429 1781 eamjam
1449 1745 1517 1774 olim
1534 1745 1680 1779 exstitisse,
1713 1744 1763 1774 sed

963 1786 1162 1817 absconditam.
1177 1790 1336 1825 Quinetiam
1347 1798 1412 1818 cum
1425 1790 1531 1826 adjicit,
1548 1801 1562 1815 ι
1577 1789 1763 1826 Comprobata

962 1839 978 1859 a
989 1832 1047 1869 lege
1056 1838 1084 1861 et
1099 1834 1248 1870 prophetis,
1266 1846 1278 1859 ι
1291 1834 1364 1863 idem
1381 1834 1482 1863 indicat
1497 1843 1504 1862 :
1518 1843 1575 1863 non
1589 1843 1690 1863 novam
1704 1842 1763 1863 esse

958 1876 1106 1912 justitiam,
1133 1878 1181 1906 sed
1207 1887 1271 1907 cum
1300 1880 1387 1916 legem
1423 1879 1585 1914 Mosaicam,
1615 1883 1676 1907 tum
1703 1887 1765 1915 pro-

963 1920 1059 1956 phetas
1073 1921 1108 1950 de
1131 1923 1182 1951 hac
1202 1922 1300 1952 fecisse
1319 1924 1402 1952 verba
1425 1932 1432 1951 :
1449 1923 1565 1959 proinde
1579 1923 1690 1960 dignam
1703 1931 1762 1951 esse

962 1973 1026 2002 quae
1052 1968 1231 2004 suscipiatur;
1258 1968 1368 1997 etiamsi
1387 1968 1460 1997 enim
1483 1968 1542 1998 sine
1562 1968 1621 2005 lege
1637 1968 1685 2003 sit,
1709 1967 1762 2004 legi

962 2015 1055 2040 tamen
1065 2020 1221 2043 consonum
1236 2021 1308 2050 esse,
1322 2018 1353 2043 ut
1362 2021 1412 2051 per
1421 2021 1484 2043 eam
1495 2014 1634 2050 justitiam
1648 2020 1700 2042 nos
1717 2013 1765 2050 ju-

961 2057 1121 2087 stiﬁcemur.

998 2103 1089 2132 Vens.
1100 2105 1189 2132 22-24.
1203 2115 1216 2128 α
1223 2103 1334 2133 Iustitia
1344 2108 1440 2133 autem
1448 2103 1500 2133 Dei
1512 2112 1562 2142 per
1573 2103 1656 2134 ﬁdem
1665 2104 1761 2133 Iesum

961 2146 1064 2176 Christi
1085 2147 1112 2177 in
1123 2157 1220 2178 omnes
1231 2153 1260 2178 et
1268 2157 1351 2186 super
1361 2157 1460 2179 omnes
1487 2149 1534 2187 qui
1552 2149 1669 2178 credunt
1682 2159 1689 2177 :
1704 2157 1762 2178 non

961 2192 1034 2221 enim
1057 2197 1101 2222 est
1121 2194 1272 2223 distinctio.
1285 2195 1393 2223 Omnes
1418 2194 1493 2223 enim
1511 2198 1706 2231 peccaverunt,
1733 2198 1762 2222 et

107 2242 151 2259 ται
166 2231 215 2276 τῆς
231 2230 306 2268 δόξης
320 2233 367 2262 τοῦ
380 2234 464 2264 Θεοῦ.
477 2224 678 2272 -Δικαιούμενοι
689 2234 790 2274 δωρεὰν
804 2224 838 2275 si;
854 2235 905 2264 αὖ·

967 2241 1042 2274 ageut
1061 2239 1147 2275 gloria
1167 2239 1231 2268 Dei.
1256 2239 1403 2268 Justiﬂcati
1426 2224 1521 2276 gratis.
1530 2247 1578 2275 per
1593 2224 1707 2276 gratiam
1722 2239 1762 2275 ip-

106 2277 154 2305 τοῦ
177 2275 288 2316 χάριτι,
317 2276 360 2306 διὰ
376 2279 423 2314 τ’ῆς
444 2277 655 2318 ἀπολυτρώσεως
679 2281 726 2316 τ’ἤς
749 2280 775 2309 ἐν
796 2281 906 2320 Χριστῷ

106 2319 209 2356 Ἰησοῦ.
224 2332 238 2349 n
253 2321 289 2351 Ἦ
308 2321 461 2359 δικαιοσύνη
477 2322 504 2352 δὲ
524 2322 591 2359 αὕτη
601 2346 609 2361 ,
627 2324 709 2365 φησὶ,
723 2319 858 2355 τουτέστιν
867 2319 904 2363 ,ἦ

107 2365 257 2403 δικαίωσις,
271 2366 303 2402 ἣν
319 2366 415 2396 δικαιοῖ
434 2369 505 2406 ἡμᾶς
520 2369 535 2397 6
549 2368 632 2405 Θεὸς,
649 2367 758 2409 ἔρχεται
773 2370 809 2403 εἷς
831 2370 904 2400 πάν-

105 2421 154 2444 τας
170 2409 214 2440 διὰ
240 2410 372 2446 πίστεως·
399 2412 561 2452 εἰσφέροντες
584 2414 635 2453 γὰρ
660 2413 708 2449 τὴν
725 2414 836 2452 πίστιν,
862 2416 905 2444 δι-

104 2455 254 2494 καιούμεθα
267 2456 378 2495 πάντες,
394 2457 440 2487 καὶ
461 2457 584 2489 Ἰουδαῖοι
606 2457 652 2488 καὶ
675 2458 814 2496 Ἕλληνες.
834 2470 849 2489 ιῐ
865 2461 904 2491 Οὐ

104 2499 156 2539 γὰρ
172 2500 228 2530 ἔστι
238 2501 378 2538 διαστολή.
392 2515 404 2529 ι
418 2501 490 2533 Οὐδὲ
504 2503 596 2540 ἐπειδὴ
611 2503 692 2542 νόμον
705 2503 799 2534 ἔλαϐεν
810 2506 824 2534 6
838 2504 905 2536 Ἰου-

104 2545 196 2590 δαῖος,
222 2550 388 2586 προτιμᾶται
410 2550 458 2578 τοῦ
482 2546 628 2584 ἿΞλληνος.
643 2547 771 2590 Ἦμαρτε
787 2549 838 2590 γὰρ
860 2550 905 2580 καὶ

104 2589 203 2627 αὐτὸς,
225 2590 272 2621 ἅτε
286 2590 361 2632 παρὰ
383 2594 430 2622 τοῦ
452 2591 534 2633 νόμου
558 2593 607 2630 τὴν
633 2589 732 2634 γνῶσιν
755 2589 838 2634 μόνην
858 2597 905 2632 τῆς

103 2634 241 2680 ᾇμαρτίας
253 2636 334 2677 ἔχων,
350 2637 412 2678 οὔχὶ
429 2637 476 2668 καὶ
491 2638 539 2675 τὴν
555 2638 705 2680 ἀποφυγήν.
717 2640 752 2670 Εἰ
761 2640 788 2670 δὲ
803 2639 850 2670 καὶ
863 2641 902 2680 μὴ

102 2679 225 2723 ἥμαρτεν
241 2681 325 2716 οὕτως
344 2683 380 2717 ὣς
396 2682 541 2724 ὁἿῖλλην,
563 2679 635 2714 ἀλλᾶ
653 2686 700 2721 τῆς
719 2683 795 2723 δόξης
804 2679 903 2725 ὁμοίιος

809 2764 904 2796 Varia

959 2282 1092 2319 sius,'per
1111 2284 1329 2321 redemptionem
1346 2292 1409 2321 quae
1423 2289 1466 2314 est
1477 2284 1507 2312 in
1529 2284 1640 2313 Christo
1654 2285 1731 2313 Iesu.
1746 2295 1759 2308 ι

962 2342 975 2355 ιι
989 2327 1111 2364 Justitia,
1123 2341 1136 2354 ι
1147 2329 1248 2366 inquit,
1258 2329 1322 2365 ista,
1332 2328 1388 2358 hoc
1400 2333 1455 2364 est,
1474 2328 1634 2366 justiﬁcatio
1644 2337 1697 2366 qua
1709 2337 1762 2358 nos

956 2374 1116 2412 justiﬁcavit
1130 2376 1215 2408 Deus,
1231 2374 1306 2403 venit
1333 2373 1361 2402 in
1387 2381 1485 2403 omnes
1508 2382 1557 2410 per
1571 2373 1663 2403 ﬁdem.
1681 2373 1762 2402 Affe-

960 2424 1053 2449 rentes
1067 2419 1142 2448 enim
1159 2419 1258 2455 ﬁdem,
1269 2419 1466 2456 justiﬁcamur,
1483 2430 1496 2444 ι
1519 2427 1627 2454 omnes,
1644 2431 1656 2444 ι-
1670 2417 1760 2448 Judaei

960 2469 988 2494 et
1002 2464 1104 2494 Graeci.
1119 2474 1133 2491 ιι
1148 2465 1210 2493 Non
1225 2464 1299 2493 enim
1312 2468 1355 2493 est
1369 2464 1521 2493 distinctio.
1540 2476 1553 2490 ι
1569 2466 1666 2502 Neque
1685 2463 1761 2501 quod

960 2510 1051 2547 legem
1073 2509 1208 2546 acceperit
1228 2509 1352 2544 Judzeus,
1372 2514 1518 2546 propterea
1545 2509 1690 2546 praefertur
1703 2509 1760 2545 29

959 2556 1069 2585 Graeco.
1094 2554 1239 2592 Siquidem
1267 2558 1295 2583 et
1322 2554 1379 2591 ipse
1401 2554 1528 2592 deliquit,
1543 2555 1644 2591 quippe
1671 2554 1719 2590 qui
1743 2562 1758 2582 a

959 2601 1018 2637 lege
1042 2599 1130 2629 solam
1158 2599 1262 2636 peccati
1298 2599 1487 2636 cognitionem
1524 2598 1672 2635 acceperit,
1699 2606 1758 2627 non

957 2646 1040 2674 etiam
1050 2645 1154 2682 peccati
1167 2644 1276 2682 fugam.
1289 2643 1370 2680 Quod
1391 2645 1414 2674 si
1428 2653 1485 2674 non
1510 2643 1579 2673 adeo
1588 2643 1712 2680 peccavit
1723 2646 1754 2671 ut

957 2691 1082 2726 Graecus,
1096 2690 1182 2728 gloria
1209 2693 1304 2720 tamen
1318 2697 1409 2728 aeque
1435 2690 1549 2720 orbatus
1581 2692 1688 2726 est,,ut
1709 2687 1758 2724 qui

925 2765 1078 2797 lectiones.

139 2820 162 2840 ³¹
185 2824 252 2859 μόνα
262 2831 289 2853 o.
328 2823 352 2842 ³³
366 2823 586 2861 μεγαλοφροσύνην
600 2833 628 2856 o.
666 2825 689 2844 ³³
698 2826 901 2865 ῥυμοφερομίνην
914 2837 942 2859 ο.
980 2829 1002 2847 ³⁵
1022 2829 1047 2856 τ(
1060 2837 1088 2858 o.
1125 2828 1148 2848 ³⁵
1162 2828 1256 2857 παλαιὰ
1270 2836 1298 2857 o.
