1927 3076
76 141 138 168 389

542 142 717 171 EXPOSITIO
736 142 769 170 IN
788 141 891 171 EPIST.
913 143 958 171 AD
978 143 1061 171 ROM.
1080 156 1115 163 —
1133 143 1207 171 CAP.
1230 143 1271 171 lll.

1676 146 1728 174 390

75 215 125 247 τος
133 226 144 240 ,
153 202 194 232 ὅτι
204 216 217 229 ι
229 202 265 234 Ὁ
277 203 391 239 ποιήσας
402 206 486 234 ταῦτα
498 204 608 241 ζήσεται
620 206 647 235 ἐν
663 206 750 239 αὖτοῖς
763 220 774 233 ι
789 206 881 247 (τοῦτο
895 208 917 241 Α

938 205 1059 234 Christo.
1081 215 1096 232 «
1115 206 1169 234 Per
1182 205 1292 241 qualem
1307 216 1321 230 ι
1344 209 1436 234 autem
1452 214 1467 232 α
1481 206 1581 243 legem,
1596 219 1609 233 ι
1625 207 1727 246 inquit,

74 246 134 287 γὰρ
159 248 248 287 ἔλεγεν
272 250 287 278 ὃ
312 249 486 290 Μωσαῖκός);
515 250 603 291 Οὐχὶ,
621 251 722 292 φησὶν,
742 246 810 280 ἄλλᾶ
835 254 880 280 τοῦ

73 292 163 331 νόμου
177 295 224 329 τῆς
245 293 361 328 πίστεως
372 317 380 331 ,
395 293 452 330 ἥτις
473 294 566 335 χάριτι
592 296 706 333 δικαιοῖ,
729 296 775 326 καὶ
790 297 837 325 οὐκ
853 295 879 330 ἐξ

72 337 176 376 ἔργων.
193 337 260 368 Ἰδοὺ
281 339 327 369 καὶ
344 338 392 375 τὴν
407 339 496 369 πίστιν
510 339 591 378 νόμον
606 342 699 378 καλεῖ,
719 340 763 370 διὰ
786 340 817 370 τὸ
832 343 880 370 τοῦ

73 381 209 420 ὀνόματος
231 383 305 424 παρὰ
336 383 473 418 Ἰουδαίοις
498 384 599 424 τίμιον.
633 384 734 416 Λοιπὸν
771 380 832 423 οὖν,
857 380 879 415 ὦ

73 425 208 465 Ἰουδαῖε,
225 428 252 458 ἐν
321 429 411 459 πίστει
436 431 547 470 καυχῶ,
625 430 758 472 δυναμένῃ
782 442 812 460 σε
837 431 879 461 δι-

75 483 209 502 καιωσαι.

123 573 139 590 α
165 562 332 603 Δογιζόμεθα
356 558 401 593 οὖν
426 562 517 594 πίστει
545 564 710 595 δικαιοῦσθαι
738 565 876 607 ἄνθρωπον

73 607 167 647 χωρὶς
192 608 275 648 ἔργων
292 608 384 647 νόμου.
402 608 441 639 Ἦ
462 609 595 641 Ἰουδαίων
611 611 626 639 ὁ
645 610 714 644 Θεὸς
735 611 822 650 μόνων
836 611 878 649 38;

73 653 151 692 οὐχὶ
175 653 205 682 δὲ
227 653 273 683 καὶ
298 655 394 690 ἐθνῶν;
422 654 476 685 Ναὶ
495 655 540 685 καὶ
563 656 654 687 ἐθνῶν,
684 655 814 697 Ἐπείπερ
842 651 879 690 εἷς

72 699 87 726 ὁ
109 698 202 735 Θεὸς,
223 697 251 732 ὃς
281 699 420 729 δικαιώσει
445 699 594 740 περιτομὴν
619 702 648 730 ἐκ
674 700 804 738 πίστεως,
832 701 878 731 καὶ

73 742 260 782 ἀκροϐυστίαν
275 743 318 773 διὰ
333 746 382 780 τῆς
404 743 528 778 πίστεως.
542 755 557 774 ι
582 745 693 782 Ἐπειδὴ
718 745 825 784 ἔδειξεν,
838 746 878 776 ὅτι

72 788 102 816 ἐν
118 789 160 828 τῷ
174 788 270 828 αἵματι
292 791 339 819 τοῦ
364 790 498 830 Χριστοῦ,
513 790 558 819 καὶ
585 791 632 820 οὐκ
658 791 685 821 ἓν
707 795 764 825 τοῖς
788 790 878 833 ἔργοις

73 834 124 862 τοῦ
142 833 243 871 νόμου,
261 835 277 870 ἡ
292 834 428 868 δικαίωσις
438 857 447 873 ,
469 835 644 875 συμπεραίνει
659 835 704 865 τὸν
725 836 802 875 λόγον
812 859 820 874 ,
833 836 878 866 καί

936 251 1044 279 exclusa
1058 251 1120 279 est?
1140 250 1266 287 nunquid
1290 257 1338 286 per
1355 249 1445 286 legem
1470 259 1593 287 operum,
1622 261 1723 290 nempe

934 303 995 332 quae
1017 296 1092 331 dicit,
1108 306 1122 321 α
1145 295 1198 333 Qui
1213 294 1307 324 fecerit
1332 294 1404 328 haec,
1426 295 1498 324 vivet
1517 296 1545 324 in
1562 296 1602 325 eis
1614 293 1642 326 1?
1658 309 1670 322 ι
1687 298 1728 331 (id

935 341 1006 369 enim
1033 340 1101 369 dixit
1125 341 1165 369 lex
1202 340 1340 374 Mosaica).
1367 339 1601 377 Haudquaquam,
1625 342 1726 379 inquit,

937 397 950 410 α
971 385 1020 414 sed
1031 393 1080 422 per
1089 385 1178 422 legem
1192 385 1266 420 ﬁdei,
1287 396 1300 410 υ
1316 392 1377 421 qua
1389 385 1474 422 gratia
1485 385 1621 422 justiﬁcat
1634 391 1663 415 et
1671 395 1727 416 non

935 438 968 459 ex
981 431 1122 467 operibus.
1138 432 1209 459 Ecce
1219 429 1304 458 ﬁdem
1323 430 1412 466 legem
1426 430 1508 458 etiam
1520 435 1609 466 vocat,
1621 431 1657 460 ob
1671 440 1725 461 no-

934 475 1018 504 minis
1031 475 1221 512 apudJudaeos
1232 475 1421 504 reverentiam.
1431 477 1463 503 In
1472 480 1613 512 posterum
1621 476 1726 513 itaque,

934 521 1039 556 Judzee,
1053 520 1082 549 in
1102 520 1155 550 ﬁde
1177 520 1305 558 gloriare,
1319 528 1381 557 quae
1405 524 1433 549 te
1451 520 1604 557 justiﬁcare
1627 526 1726 558 potest.

971 567 1060 595 Vn.
1076 569 1172 594 28-30.
1190 577 1202 591 -
1219 565 1395 595 Arbitramur
1413 565 1502 602 itaque
1514 566 1658 603 justiﬁcari
1672 567 1725 597 ho-

934 611 1039 639 minem
1052 619 1100 648 per
1114 611 1195 640 ﬁdem
1205 611 1263 640 sine
1276 611 1406 648 operibus
1418 610 1493 648 legis.
1507 612 1553 639 An
1564 611 1725 642 Iudaeorum

934 656 1008 684 Deus
1021 657 1148 685 tantum?
1166 657 1263 685 Nonne
1277 660 1305 684 et
1318 656 1462 693 gentium?
1478 658 1538 685 lmo
1550 661 1577 685 et
1591 657 1724 694 gentium.

933 700 1165 737 Quandoquidem
1178 709 1251 730 unus
1274 706 1315 730 est
1330 702 1416 735 Deus,
1438 701 1484 738 qui
1493 701 1654 738 justiﬁcabit
1670 703 1724 732 cir-

933 746 1131 775 cumcisionem
1155 754 1188 775 ex
1210 746 1279 781 ﬁde,
1298 750 1327 774 ct
1348 746 1513 783 praeputium
1531 755 1579 783 per
1593 747 1688 776 ﬁdem.
1710 760 1723 773 ι

932 791 1002 820 Cum
1023 791 1186 828 subjecisset
1207 791 1305 827 oculis,
1325 791 1401 828 quod
1423 799 1457 820 ex
1479 791 1612 829 sanguine
1626 793 1725 822 Christi

933 840 960 864 et
978 844 1035 865 non
1056 844 1089 864 ex
1107 836 1237 873 operibus
1251 836 1319 872 legis
1337 840 1409 865 esset
1417 836 1590 873 justiﬁcatio,
1611 837 1726 866 conclu-

71 887 177 916 φησιν,
189 876 230 907 ὅτι
242 877 292 909 Ἐκ
308 881 360 909 τῶν
374 879 520 920 εἰρημένων
535 879 641 910 πάντων
656 881 876 921 συλλογιζόμεθα,
891 879 915 911 Β

933 879 975 908 dit
987 889 1154 916 sermonem,
1170 881 1297 918 inquiens
1313 890 1319 908 :
1335 882 1376 910 Ex
1393 882 1620 910 commemoratis
1634 882 1726 911 omni-

72 922 169 952 πίστει
182 923 352 966 Δδικαιοῦσθαι
374 924 464 954 πάντα
490 924 640 964 ἄνθρωπον.
667 926 720 956 Καὶ
737 926 774 964 μὴ
795 938 879 966 ταρα-

72 969 162 1008 χθῇς,
178 960 202 997 ὦ
224 966 353 1006 Ἰουδαῖε,
375 971 410 1003 ὥς
435 960 631 1004 ἀτόπου-ὄντος
655 960 793 1007 δ’ἤθενσοῦ
805 960 876 1012 πρά-

70 1024 191 1051 γματος.
204 1012 251 1049 Μὴ
267 1013 317 1054 γὰρ
332 1014 438 1054 μερικός
453 1015 523 1044 ἐστιν
541 1016 556 1044 ὁ
570 1015 654 1051 Θεὸς,
671 1015 740 1046 ὥστε
751 1015 780 1046 σὲ
798 1017 878 1055 μόνον

71 1057 187 1095 σώζειν,
208 1058 278 1089 ἀλλὰ
293 1059 332 1097 μὴ
356 1059 445 1090 πάντα
460 1060 610 1100 ἄνθρωπον.
633 1059 767 1091 Ἐνταῦθα
781 1062 809 1091 δὲ
831 1062 875 1091 ἐν-

71 1102 170 1142 τρέπει
194 1102 254 1137 τοὺς
279 1102 423 1139 Ἰουδαίους
454 1104 693 1145 πληκτικώτερον,
718 1107 755 1140 ὥς
779 1109 879 1145 θεομα-

70 1150 211 1188 χοῦντας,
235 1147 308 1189 εἴπερ
327 1149 365 1188 μὴ
392 1150 589 1190 παραδέχοιντο
612 1151 744 1185 σώζεσθαι
769 1151 801 1182 τὰ
817 1151 878 1190 ιθνη

71 1192 119 1222 διὰ
135 1195 184 1229 τῆς
199 1193 333 1235 ξείστεως.
353 1195 395 1224 Οὔ
416 1194 467 1235 γὰρ
489 1195 656 1225 πιστεύουσιν
677 1196 757 1226 αὐτὸν
770 1196 877 1227 πάντων

70 1237 175 1280 ὁμοίως
190 1233 257 1268 εἶναι
270 1238 362 1279 Θεὸν,
382 1233 429 1269 καί
449 1233 618 1280 προνοεῖσθαι
638 1240 745 1271 πάντων
768 1242 872 1278 ἐπίσης.

71 1278 125 1316 Εἷς
140 1278 186 1312 οὖν
202 1284 275 1321 ἐστι,
296 1278 448 1321 τουτέστιν,
465 1278 478 1314 δ
503 1285 581 1320 αὐτὸς
604 1285 650 1316 καὶ
670 1286 804 1318 Ἰουδαίων
829 1286 876 1317 καὶ

72 1328 157 1358 ἐθνῶν
173 1327 261 1366 Θεὸς,
283 1327 311 1363 δς
333 1329 438 1360 καὶτὸν
452 1330 631 1370 ἐμπερίτομον
647 1332 764 1369 δικαιοῖ,
785 1332 832 1361 οὔκ
846 1333 877 1362 ἐκ

71 1375 122 1403 τοῦ
145 1372 246 1412 νόμου,
263 1373 324 1403 ἀλλ’
336 1375 366 1404 ἐκ
380 1375 429 1410 τῆς
441 1374 553 1409 πίστεως
564 1397 572 1410 ,
587 1376 632 1405 καὶ
648 1376 692 1406 τὸν
711 1375 876 1417 ἀκρόϐυστον

71 1417 119 1448 διὰ
130 1419 178 1454 τῆς
189 1418 304 1452 πίστεως
319 1419 523 1459 μισιτευόμενον
536 1420 562 1439 ³⁹
578 1420 772 1462 παραδέχεται.
795 1422 876 1460 Μνη-

72 1463 147 1497 σθεὶς
182 1463 210 1493 δὲ
238 1466 385 1504 περιτομῆς
411 1463 458 1494 καὶ
487 1464 684 1504 ἀκροϐυστίας,
720 1466 877 1506 ἀναμιμνή-

72 1517 136 1537 σκει
152 1509 205 1537 τῶν
221 1508 273 1548 πρὸ
295 1508 384 1549 ὀλίγου
411 1510 561 1551 ῥηθέντων,
584 1511 611 1541 ἐν
636 1506 674 1545 οἷς
697 1511 813 1549 ἐδείκνυ,
835 1511 875 1542 ὅτι

71 1551 137 1604 οὔτε
158 1555 177 1588 ἡ
191 1554 330 1604 περιτομὴ.
348 1555 444 1604 ιξιςρελεξ
454 1555 642 1604 ,Δτὶὖνιργιιιν⁸
656 1556 777 1604 ἀκόντιον
789 1556 874 1604 ,οὔτε
891 1572 914 1604 c

72 1599 103 1644 ἡ.
120 1595 286 1644 ἀκροϐυστία
301 1599 369 1636 αὐτὴ
387 1601 445 1630 καθ’
467 1600 563 1638 ἱαυτὴν
590 1601 715 1642 βλάπτει.
741 1601 874 1644 Ἑκάτερα

70 1638 119 1672 οὖν
134 1644 183 1678 τῆς
196 1643 310 1678 πίστεως
326 1644 441 1675 δίονται.

119 1701 133 1715 ι
151 1687 244 1727 Νόμου
267 1683 313 1719 οὖν
327 1692 510 1730 καταργοῦμεν
530 1690 574 1721 διὰ
597 1692 644 1728 τῆς
669 1690 799 1728 deum;
824 1692 872 1730 Μὴ

71 1731 197 1778 γίνοιτοο
223 1733 293 1763 ἀλλὰ
316 1733 394 1772 νόμον
417 1736 547 1773 ἱστῶμεν.
575 1748 589 1766 ι
615 1737 728 1774 Ἐπειδὴ
755 1738 873 1778 ἐθορύϐει

70 1777 134 1812 τοὺς
149 1777 293 1811 Ἰουδαίους
303 1800 311 1814 ,
326 1779 375 1816 τὸ,
400 1779 445 1809 τὸν
461 1780 540 1820 νόμον
561 1781 741 1812 καταλύεσθαι
767 1782 809 1813 διὰ
827 1785 874 1819 τῆς

70 1822 204 1860 πίστεως,
231 1824 370 1864 θεραπεύει
391 1827 472 1855 τοῦτο
499 1825 542 1855 διὰ
569 1828 617 1863 τῆς
641 1826 758 1867 μεγάλης
790 1829 870 1858 αὐτοῦ

71 1868 183 1908 σοφίας,
199 1867 284 1908 λέγων
298 1868 341 1899 δτι
365 1869 445 1909 νόμον
466 1870 529 1911 tota.
542 1873 559 1907 ἡ
574 1871 672 1905 πίστις.
695 1871 734 1902 Ὃ
749 1872 800 1913 γὰρ
812 1873 874 1909 ἤθεα

71 1913 118 1942 λεν
133 1914 148 1942 δ
162 1913 258 1952 νόμος,
276 1913 416 1954 τουτέστι,
430 1914 461 1945 τὸ
477 1915 620 1947 δικαιῶσαι
644 1916 783 1957 ἄνθρωπον
797 1939 805 1954 ,
825 1919 873 1948 οὐκ

71 1957 168 1998 ἴσχυσε
185 1957 213 1987 δὲ
225 1961 354 2004 ποιῆσαι,
371 1962 448 1990 τοῦτο
463 1962 481 1997 ἡ
503 1961 592 1996 πίστις
606 1962 716 1992 τελειοῖ·
738 1964 804 2001 ὁμοῦ
820 1962 872 2004 γὰρ

71 2004 111 2042 τῷ
125 2003 268 2032 πιστεῦσαί
292 2016 349 2033 τινα
361 2004 397 2042 ⁴⁰,
420 2005 578 2036 δικαιοῦται.
595 2007 636 2038 Οὖ
658 2006 747 2037 τοίνυν
765 2003 870 2048 χαταρὲ

72 2051 115 2086 γεῐ
138 2047 234 2085 αὐτὸν,
261 2049 320 2079 ἀλλ’
339 2049 411 2091 ἱστᾷ.
438 2050 491 2081 Διὰ
516 2051 544 2081 δέ
567 2051 664 2088 ταύτης
689 2054 736 2089 τῆς
757 2047 869 2091 λέξεως,

69 2091 200 2122 δείκνυσιν
230 2092 310 2123 αὐτὸν
335 2094 466 2134 κείμενον.
491 2094 525 2128 ’0
554 2096 606 2138 γὰρ
633 2096 754 2138 κείμενος
786 2098 870 2129 δεῖται

70 2140 116 2168 τοῦ
131 2138 236 2174 στῆναι.

364 2206 509 2239 ΚΕΦΑΛ.
532 2208 575 2240 Δ’.

112 2281 135 2318 «Δ
142 2271 181 2303 Τί
202 2264 247 2302 οὖν
259 2273 384 2318 ,ἐροῦμεν
405 2274 527 2315 Ἀϐραὰμ
541 2277 586 2306 τὸν
603 2275 709 2318 πατέρα
733 2278 810 2318 ἡμῶν
825 2280 869 2309 εὖ·
883 2252 909 2285 D

70 2316 181 2357 ρηκεναι
203 2317 274 2364 κατὰ
291 2318 397 2364 seipse;
413 2320 447 2350 Εἰ
467 2321 518 2362 γὰρ
538 2320 664 2362 Ἀϐραὰμ
676 2316 706 2357 ’ἐξ
720 2316 804 2364 ἔργων
820 2325 870 2354 ἐδι-

68 2362 254 2410 καιώθη,-ἔχει
265 2361 407 2410 καύχημα,
421 2365 482 2396 ἀλλ’
496 2366 526 2396 οὖ
539 2361 604 2407 πρὸς
616 2366 661 2396 τὸν
674 2361 761 2399 Θεόνξ
770 2369 807 2399 Τί
818 2369 869 2410 γὰρ

67 2409 84 2443 ἡ
214 2406 308 2455 λέγει)
325 2407 490 2455 ἰΕπίστευσε
515 2411 543 2441 δέ
568 2411 694 2452 Ἀϐραὰμ
716 2414 755 2453 τῷ
778 2406 867 2455 Θεῷ,

67 2453 114 2482 καὶ
127 2452 252 2492 ἐλογίσθη
269 2452 343 2494 αὖτῷ
363 2454 399 2488 εἰς
417 2455 597 2493 δικαιοσύνην.
611 2469 626 2485 ι
655 2452 868 2493 Κατασκευᾶσας

67 2497 167 2542 rma;
180 2497 221 2527 ὅτι
234 2497 334 2532 πάντες
358 2500 406 2535 τῆς
426 2499 540 2535 πίστεως
554 2501 660 2532 δίονται
669 2525 678 2542 ,
693 2502 740 2532 καὶ
754 2503 797 2533 διὰ
822 2507 867 2534 τοῦ

67 2540 192 2589 Ἀϐρααμ
217 2545 295 2573 τοῦτο
329 2543 455 2589 μειζόνως
485 2546 636 2585 δείκνυσιν,
663 2540 710 2578 ἔτι
727 2548 801 2589 παρὰ
813 2553 867 2584 τοῖς

68 2586 207 2622 Ἰουδαίοις
229 2587 403 2627 τιμωμένου·
426 2590 474 2620 καί
498 2603 595 2632 φησιν,
620 2591 661 2623 ὅτι
683 2592 742 2623 οὐδὲ
763 2586 837 2628 οἶτος
850 2596 865 2625 δ

68 2635 185 2678 τοσαῦτα
207 2632 253 2664 καὶ
280 2632 314 2663 τὰ
340 2635 489 2671 τηλικαῦτα
509 2637 694 2678 κατορθώσας,
723 2638 865 2676 ἐδικαιώθη

67 2677 97 2708 ἐκ
107 2679 161 2709 τῶν
171 2677 258 2720 ἔργων
267 2699 277 2718 ,
292 2678 354 2708 ἀλλ’
371 2680 404 2710 ἐκ
416 2682 463 2718 τῆς
477 2677 603 2718 πίστεως.
620 2681 732 2724 Πατέρα
746 2683 776 2714 δὲ
790 2684 864 2715 κατὰ

109 2727 216 2759 lLerit.
228 2734 323 2764 mn,
334 2728 363 2757 δ.
407 2729 498 2760 JGen.
513 2739 568 2768 xv,
578 2735 609 2762 6.

933 925 984 954 bus
998 926 1162 963 colligimus,
1176 926 1230 955 ﬁde
1240 926 1383 963 justiﬁcari
1398 934 1510 954 omnem
1524 926 1678 956 hominem.
1692 929 1729 956 Et

931 978 966 999 ne
978 971 1107 1006 turberis,
1122 979 1139 1000 ο
1153 971 1258 1006 Iudaee,
1280 971 1357 1007 quasi
1371 979 1416 1000 res
1429 971 1524 1000 isthzec
1539 970 1574 1000 sit
1596 971 1724 1000 absurda.

930 1016 994 1044 Non
1007 1016 1080 1045 enim
1095 1016 1214 1053 partium
1228 1015 1370 1045 studiosus
1382 1020 1423 1044 est
1439 1017 1524 1050 Deus,
1540 1020 1571 1044 ut
1584 1020 1612 1044 te
1624 1016 1728 1045 solum-

932 1060 1016 1090 modo
1041 1066 1143 1097 servet,
1171 1069 1228 1090 non
1248 1065 1340 1090 autem
1362 1068 1474 1090 omnem
1493 1061 1646 1090 hominem.
1673 1062 1727 1091 Hic

930 1110 1022 1134 autem
1029 1106 1140 1135 Iudaeos
1149 1107 1252 1135 rubore
1258 1105 1405 1142 suffundit,
1414 1114 1446 1135 ac
1452 1106 1638 1143 perterrefacit
1645 1114 1727 1143 supra

931 1150 1059 1186 modum,
1083 1159 1134 1180 ceu
1147 1159 1195 1180 eos
1218 1151 1264 1188 qui
1287 1151 1419 1180 adversus
1437 1153 1527 1180 Deum
1549 1155 1683 1188 pugnant,
1703 1151 1726 1180 si

931 1203 989 1224 non
1003 1195 1154 1225 admittant
1168 1199 1264 1233 gentes
1285 1196 1387 1225 servari
1402 1204 1449 1232 per
1463 1196 1558 1225 ﬁdem.
1574 1197 1636 1225 Non
1649 1196 1724 1225 enim

930 1240 1047 1270 credunt
1060 1241 1149 1278 ipsum
1160 1241 1285 1270 omnium
1295 1249 1422 1278 peraeque
1432 1243 1524 1270 Deum
1534 1249 1603 1275 esse,
1616 1249 1727 1271 curam-

930 1293 984 1322 que
997 1293 1091 1322 gerere
1109 1286 1236 1316 omnium
1254 1295 1288 1315 ex
1309 1294 1402 1323 aequo.
1419 1287 1500 1315 Unus
1519 1286 1612 1323 igitur,
1630 1286 1658 1316 id
1670 1291 1723 1322 est,

931 1330 1005 1359 idem
1018 1335 1058 1360 est
1071 1335 1100 1360 et
1118 1332 1281 1360 Iudaeorum
1295 1336 1322 1360 et
1335 1331 1458 1368 gentium
1469 1333 1554 1367 Deus,
1569 1331 1615 1368 qui
1628 1335 1656 1360 et
1668 1331 1726 1361 cir-

929 1376 1082 1405 cumcisum
1103 1376 1248 1414 justiﬁcat,
1273 1384 1330 1404 non
1348 1384 1380 1405 ex
1400 1377 1469 1414 lege,
1488 1376 1537 1405 sed
1558 1384 1592 1405 ex
1608 1376 1674 1412 ﬁde,
1694 1385 1726 1405 ac

927 1421 1123 1457 prmputiatum
1145 1421 1357 1450 iutermediante
1377 1420 1432 1450 ﬁde
1445 1421 1566 1458 suscipit.
1582 1423 1653 1450 Cum
1673 1429 1724 1450 au-

929 1470 985 1494 tem
1000 1466 1217 1496 circumcisionis
1241 1467 1411 1495 mentionem
1433 1465 1515 1495 faciat
1538 1471 1567 1496 et
1585 1467 1722 1504 praeputii,

929 1511 1091 1540 memoriam
1109 1511 1219 1541 refricat
1241 1519 1340 1541 eorum
1367 1519 1430 1549 quae
1456 1511 1537 1548 paulo
1562 1516 1625 1540 ante
1654 1511 1726 1541 dicta

928 1561 1005 1592 sunt,
1019 1557 1119 1594 quibus
1131 1557 1268 1586 indicabat
1281 1557 1356 1594 quod
1370 1564 1458 1593 neque
1472 1557 1642 1586 circumcisio
1657 1565 1725 1594 pro-

928 1601 973 1636 sit,
995 1602 1017 1630 si
1043 1610 1124 1639 opera
1148 1602 1253 1638 desint;
1278 1609 1368 1639 neque
1398 1602 1563 1639 praeputium
1588 1610 1637 1639 per
1664 1609 1724 1630 sese

927 1646 1078 1684 quidquam
1092 1648 1174 1676 obsit.
1195 1649 1320 1684 Utraque
1344 1647 1426 1684 igitur
1448 1646 1502 1675 ﬁde
1516 1654 1586 1684 opus
1607 1647 1722 1676 habent.

964 1693 1055 1721 Vsus.
1073 1695 1116 1721 at.
1141 1702 1155 1719 α
1172 1694 1275 1730 Legem
1289 1700 1355 1729 ergo
1373 1692 1541 1721 destruimus
1555 1700 1602 1729 per
1619 1691 1723 1721 ﬁdem?

926 1736 1017 1770 Absit,
1032 1737 1080 1766 sed
1095 1738 1185 1774 legem
1198 1738 1358 1766 statuimus.
1374 1746 1390 1765 ιι
1404 1737 1474 1774 Quia
1488 1737 1611 1766 nonnihil
1628 1738 1722 1766 turba-

927 1781 975 1809 bat
992 1782 1115 1817 Judaeos,
1131 1783 1218 1819 legem
1232 1783 1286 1811 ﬁde
1299 1782 1422 1816 dissolvi,
1437 1786 1516 1810 curat
1536 1781 1610 1810 istud
1627 1782 1720 1811 vulne-

925 1826 963 1854 ris
989 1827 1090 1864 ingenti
1122 1835 1171 1856 sua
1200 1827 1341 1864 sapientia,
1366 1827 1492 1863 inquiens
1525 1826 1601 1863 quod
1632 1827 1721 1863 legem

925 1871 1029 1900 stabilit
1042 1872 1121 1900 ﬁdes.
1137 1872 1217 1908 Quod
1237 1872 1311 1901 enim
1336 1871 1423 1900 voluit
1441 1871 1496 1906 lex,
1521 1879 1620 1907 nempe
1638 1871 1720 1908 justi-

925 1916 1006 1946 ﬁcare
1020 1917 1177 1953 hominem,
1199 1925 1256 1946 non
1270 1916 1362 1953 potuit
1381 1920 1475 1945 autem
1493 1921 1643 1953 praestare,
1668 1916 1722 1945 hoc

924 1961 993 1991 ﬁdes
1007 1962 1123 1999 perﬁcit.
1138 1962 1223 1991 simul
1234 1967 1317 1999 atque
1326 1961 1401 1991 enim
1411 1961 1548 1998 quispiam
1561 1960 1721 1997 crediderit,

925 2007 1050 2044 protinus
1069 2008 1248 2044 justiﬁcotur.
1275 2009 1338 2037 Non
1368 2007 1450 2044 igitur
1479 2006 1599 2035 destruit
1634 2006 1722 2043 legem

925 2052 1004 2088 ﬁdes,
1028 2052 1077 2081 sed
1099 2053 1196 2082 statuit
1209 2052 1312 2090 potius.
1328 2053 1379 2081 Per
1401 2052 1454 2081 hoc
1475 2055 1568 2080 autem
1581 2051 1710 2080 statuend

925 2098 1101 2133 vocabulum,
1116 2098 1238 2127 ostendit
1258 2098 1349 2135 jacere
1370 2097 1467 2134 legem.
1482 2097 1556 2126 Nam
1581 2096 1627 2133 qui
1637 2096 1721 2134 jacet,

924 2151 995 2180 opus
1009 2143 1092 2172 habet
1106 2148 1138 2172 ut
1155 2143 1275 2180 erigatur
1295 2147 1323 2172 et
1337 2142 1500 2171 stabiliatur.

1192 2216 1245 2252 31
1262 2215 1384 2244 CAPUT
1405 2215 1452 2243 ιν.

959 2283 1048 2312 Vsus.
1066 2285 1119 2312 i-3.
1134 2294 1148 2308 ι
1160 2282 1231 2319 Quid
1242 2291 1308 2320 ergo
1321 2282 1447 2311 dicemus
1458 2279 1598 2310 Abraham
1612 2284 1719 2318 patrem

922 2332 1048 2357 nostrum
1075 2328 1210 2357 invenisse
1240 2327 1394 2357 secundum
1425 2327 1554 2355 carnem?
1582 2326 1611 2355 Si
1643 2327 1719 2355 enim

924 2373 1065 2402 Abraham
1076 2381 1110 2402 ex
1129 2372 1258 2411 operibus
1266 2372 1433 2409 justiﬁcatus
1447 2375 1497 2405 est,
1522 2371 1604 2400 habet
1617 2371 1720 2409 gloria-

923 2420 1038 2454 tionem,
1053 2418 1101 2448 sed
1113 2427 1170 2448 non
1184 2418 1258 2456 apud
1271 2420 1372 2446 Deum.
1388 2416 1464 2453 Quid
1483 2416 1556 2445 enim
1579 2417 1719 2454 Scriptura

922 2463 1033 2493 dicit’?
1061 2463 1183 2493 Credidit
1212 2463 1353 2492 Abraham
1382 2464 1458 2496 Deo,
1502 2466 1530 2490 et
1561 2466 1719 2499 reputatum

921 2513 962 2537 est
979 2508 1002 2537 ei
1023 2508 1059 2537 ad
1070 2509 1216 2546 justitiam.
1232 2519 1245 2533 »
1264 2507 1381 2537 Abunde
1394 2507 1463 2536 satis
1476 2506 1639 2536 conﬁrmem
1653 2507 1716 2541 hoc,

920 2553 1053 2582 nimirum
1067 2554 1141 2591 quod
1156 2561 1256 2582 omnes
1268 2553 1349 2590 plane
1360 2552 1414 2581 ﬁde
1430 2551 1584 2588 indigeant,
1599 2551 1719 2580 Abrahae

921 2599 1048 2636 exemplo
1064 2599 1092 2628 id
1108 2599 1206 2628 fortius
1227 2602 1377 2633 monstrat,
1398 2601 1430 2626 ut
1449 2597 1494 2633 qui
1509 2596 1582 2632 apud
1605 2596 1717 2624 Iudaeos

920 2643 951 2672 in
973 2652 1075 2681 magno
1093 2644 1245 2673 admodum
1257 2644 1320 2672 loco
1331 2642 1426 2677 fuerit,
1438 2648 1604 2677 summoque
1616 2641 1716 2678 pretio.

919 2688 997 2718 Dixit
1016 2690 1109 2728 itaque
1134 2689 1210 2728 quod
1232 2696 1323 2726 neque
1349 2689 1373 2718 is
1399 2686 1560 2725 quisntalia
1584 2689 1715 2723 tantaque

759 2773 852 2807 Variae
873 2775 1021 2810 lectiones.

102 2819 127 2840 ³³
145 2821 224 2858 μόνον
239 2829 267 2850 ο.
304 2821 328 2840 ⁸³
342 2821 383 2851 ἴσ.
397 2823 597 2859 μεσιτευομένης.
634 2821 658 2840 ⁸ο
676 2831 712 2856 τις
725 2832 767 2854 In.
