1901 3077
193 148 241 174 391

703 144 959 173 THEOPHYLACTI
978 144 1157 173 BULGARIE
1176 145 1333 174 ARCHIEP.

1794 150 1842 176 392

191 211 371 245 transegerat,
385 216 419 236 ex
431 208 561 244 operibus
571 207 738 244 justiﬁeatus
751 207 796 242 sit,
812 207 861 235 sed
874 214 908 235 ex
921 207 975 236 ﬁde

1057 207 1132 248 νάρκα
1164 209 1240 238 καλεῖ
1264 211 1372 246 τοῦτον,
1401 208 1542 239 ἐκϐάλλων
1575 210 1669 245 αὖτοὺς
1693 212 1745 248 τῆς
1774 211 1843 241 κατὰ

189 255 299 282 Patrem
312 253 385 281 hunc
399 261 481 289 porro
497 252 617 289 appellat
633 264 645 277 α
663 252 816 281 secundum
830 260 954 287 carnem,
971 265 984 278 ι

191 298 303 334 ejiciens
319 306 366 326 eos
383 305 399 326 a
419 298 582 334 cognatione
596 305 659 333 quae
677 301 719 326 est
742 297 893 326 secundum
907 298 986 334 spiri-

191 347 263 378 tum,
277 342 319 371 vel
333 343 424 378 potius
442 342 632 371 necessitatem
656 343 694 371 eis
705 342 861 379 imponens,
876 347 907 371 ut
920 350 985 371 eum

191 387 221 415 in
233 387 364 416 omnibus
378 387 530 416 imitentur.
546 399 558 412 ιι
573 388 600 416 Si
614 387 690 415 enim
711 395 744 415 ex
760 387 887 424 operibus
903 387 985 424 justi-

192 432 289 461 ﬁcatus
314 436 365 467 est,
385 443 399 457 ν
429 432 512 461 habet
534 432 644 469 quidem
671 432 743 468 quod
770 432 911 468 glorietur,
936 432 986 460 sed

191 477 264 505 enim
288 485 345 505 non
371 477 443 513 apud
466 479 556 506 Deum
578 487 583 505 :
611 477 664 505 hoc
681 481 732 511 est,
761 477 871 512 gloriari
895 481 986 513 potest

191 521 266 558 quod
279 522 337 550 suis
351 522 491 550 laboribus
508 522 612 558 aliquid
626 526 700 550 recte
714 522 799 558 egerit
815 531 822 549 :
837 522 913 559 quod
929 530 985 550 non

190 571 232 594 est
244 566 316 603 apud
331 568 420 595 Deum
441 567 562 603 gloriari,
582 575 672 603 neque
689 567 723 595 ad
746 569 838 595 Deum
857 568 982 595 recurrit.

191 612 299 640 Etenim
318 612 365 648 qui
377 619 411 640 ex
427 611 482 640 ﬁde
495 612 671 648 iustiﬁcetur,
686 612 881 648 gloriationem
901 612 986 641 habet

191 656 263 692 apud
282 657 382 691 Deum,
397 657 424 684 in
439 658 499 685 Deo
522 657 651 693 glorians,
667 661 799 694 tauquam
819 657 879 693 ejus
897 657 984 694 gratia

191 705 314 730 servatus
336 709 369 730 ac
390 702 423 730 ab
442 710 475 730 eo
491 702 619 730 dilectus.
635 702 783 731 Enimvero
795 707 823 730 et
836 702 912 730 aliter
928 702 985 738 glo-

189 746 280 774 riatur
292 746 315 774 is
327 746 374 783 qui
389 746 484 781 credit,
498 751 628 783 tanquam
644 747 690 783 qui
704 749 795 775 Deum
814 747 981 783 gloriﬁcave-

190 790 227 818 rit
240 799 288 826 per
300 790 352 819 hoc
363 791 438 827 quod
449 792 594 819 crediderit
606 792 695 828 ipsum
709 800 738 820 ea
757 796 888 828 praestare
901 800 981 828 posse

190 843 253 870 quae
283 836 361 864 nobis
393 836 569 872 impossibilia
604 837 739 865 videntur.
774 837 862 865 Habet
890 837 982 872 itaque

1042 254 1146 292 πνεῦμα
1174 253 1325 293 συγγενείας
1338 266 1345 272 ·
1372 255 1474 292 μᾶλλον
1490 254 1517 284 δὲ
1541 256 1587 285 καὶ
1611 255 1732 295 ἀνάγκην
1755 257 1841 289 αὐτοῖς

1039 297 1179 338 περιτιθεὶς
1202 302 1249 328 τοῦ
1273 299 1445 337 μιμήσασθαι
1471 299 1548 329 αὐτὸν
1572 300 1642 330 κατὰ
1662 301 1767 332 πάντα.
1811 302 1842 331 Εἰ

1038 342 1090 383 γὰρ
1112 342 1139 377 ἐξ
1161 342 1244 383 ἔργων
1268 344 1430 383 ἐδικαιώθη,
1458 343 1514 384 ἔχει
1546 345 1697 385 καύχημα,
1724 345 1786 376 ἀλλ’
1811 346 1839 375 οὗ

1039 386 1105 425 πρὸς
1130 387 1174 417 τὸν
1198 387 1277 417 Θεόψ
1300 388 1455 426 τουτέστιν,
1482 389 1538 429 ἔχει
1566 391 1774 431 καυχήσασθαι,
1805 393 1840 424 ὡς

1046 431 1072 465 ἐξ
1097 432 1199 462 οἰκείων
1223 432 1311 463 πόνων
1336 433 1526 475 κατορθώσας·
1553 436 1619 475 ὅπερ
1643 436 1672 466 οὗ
1699 435 1770 476 πρὸς
1797 435 1841 466 τὸν

1042 475 1111 506 Θεόν
1130 478 1217 514 ἐστιν,
1242 477 1301 507 οὐδὲ
1322 479 1386 519 πρὸς
1412 480 1513 509 ἐκεῖνον
1529 480 1682 520 ἀνατρέχει,
1709 475 1748 510 Ὃ
1770 481 1799 510 δὲ
1814 482 1842 510 ἐκ

1043 520 1156 556 πίστεως
1180 523 1378 562 δικαιούμενος,
1404 526 1434 555 τὸ
1456 527 1587 566 καύχημα
1611 525 1676 565 πρὸς
1697 525 1745 554 τὸν
1773 527 1841 556 Θεὸν

1039 566 1112 605 ἔχει,
1138 568 1309 607 καυχώμενος
1337 569 1381 598 ἐπὶ
1403 573 1441 612 τῷ
1463 572 1545 611 Θεῷ,
1569 572 1605 605 ὣς
1625 569 1718 610 χάριτι
1741 571 1841 601 ἐκείνου

1040 611 1132 644 σωθεὶς
1154 613 1200 641 καὶ
1222 614 1367 653 ἀγαπηθεὶς
1382 615 1406 635 ⁴¹
1428 611 1481 646 ὕπ’
1502 617 1596 646 αὐτοῦ.
1620 615 1702 646 Ἀλλὰ
1728 615 1784 652 μὴν
1797 616 1841 645 καὶ

1040 655 1126 689 ἄλλως
1140 662 1274 697 καυχᾶται
1289 660 1303 687 6
1319 660 1468 697 πιστεύων,
1485 662 1519 695 ὡς
1539 661 1583 690 τὸν
1600 661 1668 691 Θεὸν
1686 661 1804 695 δοξάσας
1816 660 1841 680 ⁴²

1040 699 1082 729 διὰ
1098 703 1143 730 τοῦ
1166 705 1308 733 πιστεῦσαι
1332 705 1420 745 αὐτῷ,
1446 705 1487 735 ὅτι
1510 704 1545 734 τὰ
1571 705 1691 736 ἀδύνατα
1713 705 1839 736 δύναται.

1038 742 1119 792 ’ῌΑει
1142 746 1227 792 τοίνυν
1251 747 1281 777 τὸ
1304 742 1433 789 καύχημα
1457 751 1503 780 καὶ
1527 750 1576 787 τὴν
1597 751 1752 792 παῤῥησίαν
1776 751 1839 791 πρὸς

1038 789 1081 837 τὸν
1100 790 1169 821 Θεὸν
1178 815 1191 837 ,ν
1206 793 1243 826 ὥς
1262 792 1311 829 τὴν
1328 794 1414 831 ἀληθῆ
1431 795 1507 830 δόξαν
1532 796 1592 837 περὶ
1611 789 1693 826 adeo")
1708 796 1737 816 ‘3
1752 789 1821 836 ἔχων
1831 819 1839 832 ,

1036 836 1082 864 καὶ
1099 836 1229 866 πιστεύων
1243 838 1316 879 αὐτῷ
1330 840 1366 872 ὡς
1379 839 1468 870 πάντα
1481 841 1632 882 δυναμένῳ.

189 880 379 916 gloriationem
397 881 579 918 ﬁduciamque
598 890 661 918 erga
684 884 789 916 Deum,
810 889 903 910 veram
927 882 963 910 de
982 889 1015 910 eo
1041 884 1199 921 opinionem
1228 886 1322 915 fovens
1344 896 1375 916 ac
1399 889 1513 919 credens
1537 890 1574 925 ei,
1595 880 1646 919 ceu
1669 891 1718 928 qui
1747 890 1838 919 omnia

190 925 284 960 possit.

224 971 315 998 Vens.
331 972 390 998 4-8.
407 979 423 997 ι(
441 971 473 998 Ei
488 975 579 999 autem
595 971 642 1008 qui
657 976 798 1007 operatur,
810 980 918 1000 merces
928 980 984 1000 non
1002 973 1025 1005 B

188 1013 340 1050 imputatur
357 1015 509 1044 secundum
528 1016 653 1052 gratiam,
667 1016 715 1045 sed
730 1016 886 1045 secundum
905 1016 983 1045 debi-

187 1063 256 1087 tum.
275 1059 306 1088 Ei
321 1067 385 1088 vero
399 1060 447 1097 qui
462 1068 518 1089 non
539 1065 680 1097 operatur,
694 1061 744 1090 sed
765 1061 852 1090 credit
873 1061 903 1090 in
917 1070 982 1090 eum

189 1104 237 1140 qui
254 1103 412 1140 justiﬁcavit
441 1105 571 1142 impium,
597 1106 749 1142 imputatur
775 1106 844 1135 ﬁdes
867 1107 925 1143 ejus
949 1106 984 1134 ad

183 1148 331 1184 justitiam.
347 1149 423 1178 Sicut
449 1154 477 1178 et
497 1150 587 1179 David
612 1151 687 1187 dicit,
711 1151 907 1179 beatitudinem
923 1159 983 1179 ese

187 1192 307 1221 hominis
316 1194 359 1222 cui
372 1196 447 1222 Deus
457 1194 594 1230 justitiam
607 1195 726 1232 imputat
735 1196 793 1223 sine
807 1195 935 1232 operibus
946 1192 959 1212 ¹¹
973 1204 981 1223 z

188 1238 268 1266 Beati
284 1246 402 1274 quorum
417 1239 540 1269 remissae
562 1244 627 1268 sunt
640 1240 807 1276 iniquitates,
822 1245 850 1269 et
863 1248 983 1276 quorum

189 1286 260 1310 tecta
279 1288 344 1312 sunt
366 1288 487 1320 peccata.
511 1296 524 1310 ιο
546 1286 646 1314 Beatus
659 1286 697 1313 vir
711 1286 755 1314 cui
769 1294 825 1314 non
838 1285 983 1322 imputavit

186 1327 325 1356 Dominus
352 1333 504 1365 peccatum.
524 1330 578 1366 Qui
604 1335 751 1366 operatur,
775 1331 878 1367 inquit,
908 1339 982 1360 mer-

186 1372 284 1401 cedem
297 1373 402 1410 accipit,
428 1382 477 1403 ceu
499 1383 561 1411 quae
583 1375 715 1404 debeatur
743 1376 767 1404 ei
789 1384 839 1412 pro
854 1377 947 1405 labore
971 1386 979 1405 :

185 1417 233 1453 qui
247 1417 333 1446 credit
350 1423 453 1454 autem,
469 1419 577 1448 etiamsi
592 1428 647 1448 non
669 1425 810 1456 operatur,
833 1421 915 1450 ﬁdem
941 1425 983 1450 ta-

186 1470 251 1490 men
261 1462 353 1498 affert,
368 1471 427 1492 rem
448 1471 513 1493 sane
527 1463 602 1493 haud
616 1465 707 1501 exigui
728 1466 876 1494 momenti.
899 1467 981 1495 Certo

185 1507 258 1535 enim
275 1515 437 1544 persuasum
452 1508 552 1537 habere
566 1509 641 1545 quod
662 1510 749 1546 possit
763 1512 840 1539 Deus
858 1519 923 1540 eum
936 1512 981 1548 qui

188 1551 272 1587 impie
294 1553 416 1588 vixisset,
444 1553 548 1582 nedum
571 1562 652 1590 pmna
673 1555 790 1584 liberum
816 1555 917 1591 facere,
938 1565 983 1585 ve-

186 1603 248 1623 rum
270 1596 353 1625 etiam
375 1598 481 1633 justum
507 1598 626 1635 efﬁcere,
648 1607 781 1636 magnum
807 1609 901 1630 revera
926 1606 978 1630 est.

1083 990 1095 1003 ι
1113 977 1160 1015 Τῷ
1176 974 1227 1021 γαρ
1244 977 1413 1019 ἐργαζομένῳ
1427 980 1442 1008 6
1462 979 1553 1018 μισθὸς
1567 981 1597 1009 οὗ
1619 980 1757 1021 λογίζεται
1771 981 1837 1010 κατὰ

1039 1021 1133 1066 χάριν,
1152 1020 1224 1066 ἀλλὰ,
1235 1021 1295 1051 κατ’
1315 1023 1449 1063 ὀφείλημα
1462 1034 1469 1042 ·
1493 1025 1531 1065 τῷ
1548 1025 1574 1054 δὲ
1590 1024 1628 1063 μὴ
1647 1026 1835 1066 ἐργαζομένῳ,

1038 1065 1186 1096 πιστεύοντι
1202 1065 1229 1095 δὲ
1242 1065 1285 1096 ἐπὶ
1295 1066 1340 1096 τὸν
1352 1068 1504 1099 δικαιοῦντα
1520 1069 1564 1099 τὸν
1578 1065 1680 1107 ἀσεϐῆ,
1704 1070 1837 1109 λογίζεται

1036 1113 1053 1147 ἡ
1072 1110 1159 1144 πίστις
1182 1111 1262 1140 αὐτοῦ
1279 1112 1316 1145 εἰς
1341 1113 1509 1151 δικαιοσύνην
1523 1126 1530 1133 ·
1545 1114 1665 1155 καθάπερ
1687 1116 1736 1145 καὶ
1754 1113 1836 1146 Δαυῒδ

1036 1155 1126 1196 λέγει,
1156 1155 1200 1185 τὸν
1227 1157 1395 1197 μακαρισμὸν
1421 1161 1467 1188 τοῦ
1501 1159 1653 1199 ἀνθρώπου,
1679 1155 1702 1200 ᾧ
1730 1162 1746 1189 6
1772 1160 1837 1194 Θεὸς

1036 1201 1168 1239 λογίζεται
1196 1200 1365 1238 δικαιοσύνην
1392 1203 1474 1243 χωρὶς
1501 1203 1604 1245 ἔργων·
1635 1205 1779 1245 Μακάριοι
1802 1201 1836 1235 ὧν

1037 1246 1172 1286 ἀφέθησαν
1205 1246 1233 1274 αἱ
1268 1246 1394 1285 ἀνομίαι,
1422 1247 1468 1290 καὶ
1496 1243 1533 1278 ὧν
1558 1243 1784 1290 ἐπεκαλύφθησαν
1810 1251 1835 1278 αἱ

1037 1290 1179 1336 ᾇμαρτίαι.
1198 1291 1339 1336 Μακάριος
1354 1292 1421 1332 ἀνὴρ
1435 1288 1456 1333 ᾧ
1472 1293 1501 1323 οὔ
1517 1293 1555 1333 μὴ
1578 1288 1723 1334 λογίσηται
1739 1294 1835 1336 Κύριος

1037 1334 1182 1375 ἁμαρτίαν.
1203 1345 1219 1364 n
1236 1334 1270 1365 Ὁ
1301 1336 1492 1376 ἐργαζόμενος,
1523 1338 1604 1378 φησὶ,
1634 1340 1728 1376 μισθὸν
1761 1334 1834 1378 λαμ-

1038 1379 1128 1417 ϐάνει,
1159 1381 1194 1413 ὥς
1219 1380 1296 1420 χρέος
1318 1383 1390 1422 αὖτῷ
1414 1383 1549 1421 διδόμενον
1575 1384 1634 1413 ἀντὶ
1661 1387 1709 1415 τος
1739 1385 1834 1424 καμᾶο-

1036 1435 1102 1470 τους
1122 1423 1171 1470 καὶ
1201 1425 1215 1453 ὁ
1236 1426 1370 1470 ,πιστεύων
1398 1425 1444 1463 δὲ,
1473 1428 1495 1456 εἷ
1527 1428 1572 1458 καὶ
1605 1429 1642 1467 μὴ
1673 1423 1830 1470 ἐργάζεται,

1037 1468 1182 1514 ἀλλ’-ὅμως
1200 1468 1247 1498 καὶ
1270 1470 1348 1504 αὐτὸς
1373 1470 1489 1513 εἰσφέρει
1502 1472 1529 1492 Η
1553 1472 1601 1509 τὴν
1629 1468 1738 1512 πίστιν,
1766 1473 1834 1514 μέγα

1035 1525 1061 1543 τι
1085 1510 1165 1543 οὖσαν
1192 1515 1296 1554 χρῆμα.
1313 1515 1352 1545 Τὸ
1376 1510 1427 1555 γὰρ
1451 1510 1688 1558 Ἲπληροφορηθῆναι
1717 1510 1832 1549 ἔπ’δῦ-

1035 1569 1112 1588 ναται
1126 1561 1140 1588 6
1165 1559 1234 1592 Θεὸς
1248 1559 1292 1589 τὸν
1315 1561 1341 1589 ἐν
1366 1561 1478 1602 ἀσεϐείᾳ
1503 1562 1674 1602 βεϐιωκότα,
1695 1565 1726 1594 οὗ
1755 1564 1832 1602 μόνον

1036 1603 1170 1637 κολάσεως
1191 1605 1386 1645 ἐλευθερῶσαι,
1411 1607 1482 1636 ἀλλὰ
1507 1607 1553 1637 καὶ
1577 1608 1678 1639 δίκαιον
1701 1611 1830 1646 ποιῆσαι,

185 1642 255 1693 .Eam
269 1641 305 1669 ob
318 1649 378 1670 rem
397 1643 464 1671 ﬁdes
482 1644 602 1672 credenti
616 1644 651 1673 ad
661 1645 798 1681 justitiam
815 1646 976 1683 imputatur,

1059 1648 1106 1687 έγα
1130 1649 1168 1689 τῷ
1193 1647 1261 1680 ὄντι.
1285 1649 1334 1680 Διὸ
1358 1650 1404 1681 καὶ
1424 1652 1462 1692 τῷ
1487 1652 1641 1683 πιστεύοντι
1666 1653 1800 1693 λογίζεται
1814 1655 1830 1688 ἡ

183 1684 238 1713 hoc
256 1690 305 1720 est,
320 1687 434 1723 suscipit
450 1687 535 1717 ﬁdem
557 1688 618 1725 ejus
636 1691 721 1725 Deus,
736 1698 793 1719 non
819 1695 850 1720 ut
877 1699 980 1721 merce-

184 1729 248 1758 dem
262 1730 312 1767 ipsi
323 1731 428 1765 reddat,
444 1740 538 1762 verum
552 1738 584 1762 ut
599 1734 728 1771 justiﬁeet
743 1737 843 1772 ipsum.
857 1736 980 1766 Proinde

185 1774 230 1811 qui
247 1775 344 1811 credit,
365 1776 448 1806 affert
468 1778 552 1808 etiam
575 1779 712 1815 nonnihil,
733 1779 815 1810 ﬁdem
842 1781 980 1811 videlicet.

184 1821 254 1848 Cum
268 1821 362 1857 itaque
377 1822 412 1850 ab
434 1823 594 1853 Abrahamo
615 1825 764 1854 ostenderit
784 1826 859 1863 quod
878 1835 912 1855 ex
927 1827 981 1856 ﬁde

183 1865 218 1893 sit
227 1865 333 1901 justitia
347 1874 396 1896 seu
410 1868 583 1904 justiﬁcatio,
608 1870 735 1907 producit
752 1875 780 1900 et
800 1872 900 1908 David,
915 1872 980 1901 bea-

182 1913 242 1938 tum
255 1911 450 1947 praedicantem
464 1913 605 1944 hominem
619 1916 665 1944 cui
677 1924 734 1944 non
753 1916 894 1953 imputarit
920 1919 978 1946 Do-

182 1955 275 1984 minus
296 1961 450 1993 peccatum,
466 1967 498 1987 ac
518 1960 653 1997 majorem
666 1961 855 1990 excellentiam
866 1962 979 1991 indicat.

180 2001 252 2029 Nam
265 2001 289 2029 si
301 2001 364 2031 felix
381 2008 424 2031 est
436 2007 518 2040 atque
532 2005 639 2040 beatus,
654 2006 701 2042 qui
715 2006 906 2035 remissionem
919 2007 974 2043 32

182 2049 357 2080 peccatorum
379 2048 484 2084 accepit
503 2057 536 2077 ex
556 2051 665 2086 gratia:
693 2050 783 2078 multo
816 2051 903 2088 magis
932 2052 979 2088 qui

183 2089 268 2119 ﬁdem
289 2090 527 2127 demonstraverit,
552 2099 580 2122 et
601 2103 634 2123 ex
653 2102 685 2123 ea
695 2095 863 2131 justiﬁcatus
886 2095 976 2126 fuerit.

182 2135 223 2163 Ne
236 2136 311 2164 enim
324 2137 391 2166 mihi
404 2138 517 2173 dixeris,
535 2139 633 2174 inquit,
646 2140 721 2175 quod
743 2141 897 2170 secundum
917 2151 978 2180 gra-

179 2179 248 2209 tiam
262 2181 454 2211 remissionem
473 2183 585 2219 accipiat
598 2194 604 2212 :
619 2192 682 2213 ecce
696 2185 771 2214 enim
783 2185 828 2215 ille
848 2186 906 2224 ipse
921 2192 971 2224 est,

180 2225 227 2261 qui
257 2226 353 2255 beatus
380 2235 438 2256 esse
464 2228 640 2264 praedicatur.
667 2231 728 2259 Non
759 2235 850 2260 autem
884 2232 975 2269 ipsum

178 2270 292 2300 beatum
314 2272 500 2308 praedicasset,
527 2273 579 2302 nisi
602 2274 863 2312 immensaiipsum
891 2278 977 2315 gloria

1036 1693 1124 1728 πίστις
1139 1693 1175 1727 εἰς
1189 1693 1375 1733 δικαιοσύνην,
1390 1696 1530 1736 τουτέστι,
1553 1697 1660 1738 δέχεται
1678 1698 1728 1735 τήν
1744 1698 1830 1728 πίστιν

1037 1739 1117 1768 αὐτοῦ
1132 1739 1146 1768 ὁ
1165 1737 1249 1775 Θεὸς,
1265 1740 1315 1780 οὐχ
1329 1738 1373 1770 ἵνα
1385 1740 1478 1779 μισθὸν
1498 1743 1570 1783 αὐτῷ
1585 1742 1640 1782 δώῃ
1661 1743 1700 1780 ⁴⁵,
1717 1743 1778 1773 ἄλλ’
1789 1741 1830 1772 ἴνα

1037 1783 1166 1824 δικαιώσῃ
1192 1783 1281 1814 αὐτόν.
1309 1783 1398 1815 Ὥστε
1414 1785 1467 1828 ,καὶ
1488 1782 1562 1822 οὗτος
1586 1788 1700 1828 εἰσφέρει
1716 1800 1762 1825 τι,
1785 1787 1830 1823 τὴν

1036 1827 1137 1865 πίστιν,
1153 1828 1266 1865 δηλαδή.
1293 1829 1385 1864 Δείξας
1399 1826 1442 1860 οὖν
1457 1831 1509 1861 ἀπὸ
1528 1834 1576 1862 τοῦ
1593 1826 1729 1873 Ἀϐραὰμ,
1746 1833 1786 1863 ὅτι
1802 1833 1830 1862 ἐκ

1035 1872 1181 1918 πίστεως
1199 1873 1368 1912 δικαιοσύνη,
1391 1875 1450 1912 ἤτοι
1474 1876 1625 1914 δικαίωσις,
1644 1872 1767 1918 παράγει
1787 1877 1830 1907 καὶ

1035 1916 1202 1964 τὸν-Δαυῒδ,
1230 1919 1413 1964 μακαρίζοντα
1439 1921 1483 1952 τὸν
1511 1922 1665 1962 ἄνθρωπον,
1731 1916 1764 1953 οὔ
1792 1921 1826 1961 μὴ

1035 1962 1176 2002 λογίσηται
1199 1963 1299 2004 Κύριος
1324 1964 1458 2006 ἁμαρτίαν
1474 1977 1481 1985 ·
1506 1967 1552 1997 καὶ
1579 1962 1702 1998 πλείονα.
1716 1968 1830 1998 δείκνυσι

1035 2006 1083 2054 τὴν
1107 2007 1270 2054 ὑπερϐολήν.
1296 2010 1331 2040 Εἰ
1356 2009 1408 2051 γὰρ
1433 2011 1563 2052 μακάριος
1586 2014 1601 2041 ὃ
1625 2012 1717 2042 λαϐὼν
1738 2013 1827 2054 ἄφεσιν

1037 2051 1089 2097 ἀπὸ
1101 2053 1272 2097 ,χαρίσματος
1283 2053 1309 2074 ⁴⁵
1323 2055 1351 2094 ³⁸,
1366 2056 1457 2097 πολλῷ
1473 2058 1574 2095 μᾶλλον
1584 2060 1599 2087 6
1608 2057 1657 2094 τὴν
1672 2051 1827 2088 πίστινέπι-

1036 2095 1204 2143 δειξᾷμενος,
1220 2097 1266 2128 καὶ
1289 2097 1315 2134 ἐξ
1335 2101 1417 2138 αὐτῆς
1443 2095 1603 2135 δικαιωθείς.
1626 2102 1673 2139 Μὴ
1698 2103 1750 2143 γάρ
1764 2114 1823 2142 μοι,

1035 2142 1294 2189 ρησὶνηεῖπῃθγδτι
1318 2145 1388 2175 κατὰ
1406 2145 1484 2186 χάριν
1509 2146 1644 2185 λαμϐάνει
1661 2147 1710 2184 τὴν
1725 2142 1823 2189 ἄφεσιν·

1035 2185 1090 2232 ίδοὺ
1115 2187 1166 2232 γὰρ
1191 2183 1264 2221 οὗτός
1284 2189 1355 2219 ἐστιν
1379 2183 1629 2232 ὁ-μακαριζςίμενος
1644 2204 1651 2212 ·
1674 2183 1721 2223 οὖκ
1748 2183 1779 2222 ἂν
1801 2190 1826 2221 δὲ

1035 2231 1194 2272 ἐμακάριζεν
1210 2232 1288 2262 αὐτὸν
1299 2257 1305 2269 ,
1330 2235 1352 2263 εἰ
1379 2235 1417 2274 μὴ
1433 2235 1508 2272 δόξης
1522 2236 1549 2256 ¹¹⁶
1575 2232 1641 2266 εἶδεν
1663 2237 1742 2267 αὐτὸν
1760 2239 1825 2268 ἄπο-

1034 2274 1149 2322 λαιὶοντα
1175 2277 1286 2314 πολλῆς.
1311 2277 1346 2309 Ὁ
1360 2279 1412 2320 γὰρ
1428 2281 1597 2321 μακαρισμὸς
1619 2281 1688 2322 μέγα
1711 2282 1738 2311 τί
1753 2282 1824 2317 ἐστι,

179 2313 230 2367 l'Irui
255 2317 450 2352 conspexisset.
473 2319 546 2347 Nam
571 2319 711 2349 beatitudo
741 2322 873 2352 eximium
895 2313 976 2360 quid-

1057 2321 1078 2349 ιὶ
1103 2321 1190 2360 μεῖζον
1283 2313 1450 2362 δικαιοσιίνης
1472 2313 1570 2366 αὐτῆς,
1587 2313 1686 2367 κορυτρὴ
1701 2326 1739 2357 ὢν
1753 2313 1821 2356 πάνλ

178 2358 243 2406 dam
263 2364 318 2406 est,
328 2368 360 2389 ac
379 2362 470 2398 majus
483 2363 540 2399 ipsa
553 2364 675 2400 justitia,
689 2370 753 2402 puta
772 2369 898 2397 omnium
907 2358 975 2406 quae

177 2411 192 2432 a
204 2403 264 2433 Deo
275 2405 352 2434 nobis
363 2406 510 2444 obtingunt
520 2409 656 2439 honorum
669 2410 806 2449 fastigium
815 2418 844 2442 et
856 2403 975 2442 culmen.

213 2448 301 2478 Vsus.
312 2453 389 2479 9-10.
405 2461 419 2478 α
432 2452 577 2483 Beatitudo
590 2463 656 2492 ergo
665 2455 725 2485 haec
736 2448 772 2486 ad
786 2458 976 2487 circumcisio-

177 2500 241 2539 nem
256 2499 366 2524 tantum
379 2497 508 2534 pertinet,
522 2507 558 2528 an
569 2500 654 2529 etiam
668 2501 704 2530 ad
720 2503 909 2539 praeputium?
921 2505 971 2532 Di-

177 2536 263 2569 cimus
285 2541 371 2577 enim,
393 2542 558 2579 imputatam
575 2553 635 2575 esse
650 2536 808 2576 Abrahamo
831 2548 917 2577 ﬁdem
935 2549 972 2578 ad

172 2583 320 2621 justitiam.
346 2588 493 2625 Quomodo
514 2589 597 2627 igitur
621 2591 755 2629 imputata
773 2595 831 2623 est?
852 2595 924 2624 Cum
944 2595 974 2624 in

217 2658 231 2677 "
245 2662 422 2698 Psal.xxx1,
442 2666 465 2692 l.

1030 2377 1081 2396 των
1097 2367 1149 2396 τῶν
1163 2367 1215 2397 ἀπὸ
1230 2371 1275 2398 τοῦ
1289 2370 1360 2400 Θεοῦ
1373 2371 1438 2408 ἡμῖν
1451 2371 1594 2411 γινομένων
1610 2372 1728 2412 ἀγαθῶν.

1075 2470 1090 2489 (ι
1119 2459 1153 2507 Ὁ
1179 2462 1351 2503 μακαρισμὸς
1377 2457 1422 2493 οὖν
1447 2459 1538 2502 οὗτος,
1566 2465 1612 2494 ἐπὶ
1641 2465 1689 2503 τὴν
1718 2476 1822 2507 περιτοο

1032 2503 1103 2551 μὴν,
1126 2505 1143 2541 ἢ
1169 2506 1216 2536 καὶ
1240 2507 1284 2536 ἐπὶ
1318 2509 1515 2548 ἀκροϐυστίανς
1545 2510 1666 2550 Δέγομεν
1687 2503 1760 2551 γὰρ,
1783 2509 1822 2539 ὅτι

1028 2549 1150 2592 ἐλογίσθη
1177 2552 1216 2592 τῷ
1245 2551 1368 2592 Ἀϐραὰμ
1406 2556 1422 2590 ἢ
1459 2554 1547 2590 πίστις
1581 2549 1622 2590 εἷς
1644 2549 1817 2590 δικαιοσύνην-

1029 2596 1091 2629 Πῶς
1114 2591 1160 2626 οὖν
1184 2591 1326 2637 ἐλογίσθης
1348 2591 1377 2628 ἓν
1399 2602 1530 2640 περιτομῇ
1548 2599 1623 2640 ὄντι,
1647 2600 1665 2638 ἣ
1691 2602 1718 2633 ἄν
1744 2602 1818 2640 ἀκρο-

877 2712 970 2744 Variaa
991 2714 1143 2749 lectiones.

213 2778 232 2797 ⁶¹
253 2779 296 2812 ὡς.
336 2782 359 2804 ι’
379 2782 488 2815 δοξάζων
513 2793 540 2814 o.
578 2785 601 2803 "
622 2786 678 2822 παρ’
703 2787 769 2825 αὐτῷ
789 2797 817 2817 0.
856 2789 877 2807 “
896 2792 1025 2828 προσφέρει
1040 2800 1065 2820 o.
1103 2792 1124 2810 "
1148 2793 1216 2830 δώσῃ
1247 2802 1276 2824 o.
1314 2795 1353 2813 “'
1370 2794 1406 2824 ἴσ.
1428 2796 1539 2833 χάριτος.
1577 2797 1600 2816 ⁸⁸
1626 2797 1724 2830 ἔνδοξος
1744 2795 1773 2832 ἦν
1793 2804 1819 2825 οι
