1901 3077
242 156 293 183 395

743 150 1001 180 THEOPHYLACTI
1020 150 1198 180 BULGARIZE
1216 152 1372 181 ARCHIEP.
1849 157 1889 184 396

238 217 360 247 haeredes
382 221 456 252 sunt,
481 216 622 245 exinanita
646 218 688 244 est
710 215 786 249 ﬁdes,
818 219 846 243 et
866 214 967 243 abolita
994 222 1027 242 es

1090 214 1185 254 νόμου,
1208 215 1366 256 κληρονόμοι
1380 227 1386 234 ·
1410 215 1554 246 κεκένωται
1571 218 1587 253 ἡ
1605 217 1714 255 πίστις,
1731 217 1780 248 καὶ
1801 219 1889 259 κατήρ-

238 263 396 300 promissio.
417 272 432 287 ι)
446 261 572 290 Ostendit
587 260 646 297 jam
664 264 755 295 antea,
770 260 845 297 quod
855 260 966 297 justitia
980 267 1037 288 non

238 315 272 337 ex
286 308 355 344 lege,
368 306 416 336 sed
430 315 463 335 ex
478 306 532 335 ﬁde
543 306 580 335 sit
594 315 601 334 :
618 306 707 343 pergit
721 306 815 343 itaque
835 309 1036 334 commonstra-

239 361 280 388 re,
296 351 371 389 quod
382 351 528 389 promissio
550 351 710 380 Ahrahamo
726 358 783 379 non
795 358 829 379 ex
843 350 911 387 lege,
935 349 985 379 sed
1003 358 1037 378 ex

239 397 294 426 ﬁde
308 397 479 434 justiﬁcante
493 396 629 433 obtigerit.
656 396 748 432 Qualis
774 400 867 424 autem
887 399 947 424 erat
968 403 1035 431 pro—

240 442 353 471 missio?
369 453 382 467 α
397 444 438 472 Ut
449 446 521 471 esset
534 443 593 479 ipse
611 441 699 471 haeres
712 441 820 475 mundi,
837 453 850 466 υ
865 440 919 469 hoc
933 445 984 475 est,
1005 445 1038 469 ut

239 488 266 516 in
279 488 338 524 ipso
351 487 578 517 benedicerentur
588 494 685 516 omnes
697 487 782 515 totius
793 486 888 515 mundi
898 486 1034 514 nationes.

239 533 267 561 Si
281 533 354 561 enim
367 533 420 568 lex,
437 533 536 570 inquit,
549 532 626 562 dedit
637 532 836 567 haereditatem,
849 536 980 560 evacuate
992 535 1035 560 est

239 578 318 614 ﬁdes,
328 578 357 607 id
371 583 422 614 est,
438 586 507 607 vana
520 582 548 607 et
566 578 672 606 inutilis
685 585 745 606 esse
755 585 800 606 res
813 576 1034 614 deprehenditur.

240 624 309 659 Quis
332 624 407 652 enim
426 624 542 652 ulterius
566 623 629 652 ﬁdei
649 631 746 652 curam
767 623 911 651 habiturus
936 626 988 656 est,
1013 621 1037 650 si

241 670 282 698 lex
296 669 464 706 promissam
481 669 671 698 haereditatem
684 668 781 698 daret?
804 668 910 696 Verum
923 675 982 696 non
1001 666 1037 695 ita

242 723 285 744 res
305 714 388 743 habet
405 724 411 743 :
426 714 565 751 siquidem
579 714 723 743 Abraham
745 713 935 750 promissionis
949 711 1037 741 lactus

240 764 283 789 est
294 760 393 795 haeres,
405 768 462 788 non
475 768 525 796 per
539 759 629 796 legem
641 759 702 793 (ubi
717 759 791 788 enim
804 763 866 786 tum
878 759 921 787 lex
941 759 1037 790 erat?)

239 805 289 835 sed
303 814 351 843 per
366 805 462 841 ﬁdem,
477 805 712 842 quemadmodum
726 804 860 841 scriptum
872 807 924 838 est,
947 812 961 830 ιι
973 804 1038 832 Cre-

240 851 311 880 didit
327 850 469 879 Abraham
481 852 540 879 Deo
554 848 572 885 ις
582 855 613 879 ιιι.
631 862 645 876 ι

1088 271 1168 299 γηται
1183 262 1199 296 ἡ
1215 260 1372 300 ἐπαγγελία.
1387 273 1402 290 ι)
1420 260 1540 297 Ἔδειξεν
1561 260 1601 291 ὅτι
1622 265 1639 299 ἡ
1655 263 1839 301 δικαιοσύνη,
1851 265 1888 293 οὐχ

1088 305 1118 334 ἐκ
1133 305 1230 343 νόμου,
1245 305 1305 336 ἀλλ’
1320 307 1349 335 ἐκ
1364 307 1390 325 ⁵³
1408 305 1523 341 πίστεως
1535 318 1542 326 ⁵
1569 309 1616 337 ν’ὗν
1637 307 1777 338 δείκνυσιν
1799 308 1840 338 ὅτι
1852 309 1889 338 καὶ

1090 351 1106 385 ἡ
1129 349 1274 390 ἐπαγγελία
1289 352 1327 391 τῷ
1341 350 1467 391 Ἀϐραὰμ
1489 353 1538 383 οὖκ
1559 352 1612 382 ἀπὸ
1636 355 1682 383 τοῦ
1711 353 1818 393 νόμου,
1840 354 1889 384 ἀλλ’

1090 394 1144 424 ἀπὸ
1160 397 1208 432 τῆς
1223 395 1377 432 δικαιούσης
1395 397 1420 416 ⁵⁴
1437 396 1562 432 πίστεως.
1580 397 1651 428 Ποία
1667 398 1696 428 δὲ
1721 394 1758 435 ἦν
1778 401 1797 435 ἦ
1819 399 1890 438 ἔπαγ-

1089 439 1182 479 γελία;
1202 452 1217 468 ιι
1232 440 1272 472 Τὸ
1289 441 1452 482 κληρονόμον
1468 442 1547 472 αὐτὸν
1556 437 1624 473 εἶναι
1640 445 1686 473 τοῦ
1702 443 1811 483 κόσμου
1828 444 1861 481 ⁵⁵,
1873 437 1888 472 7»

1089 485 1241 523 τουτέστιν,
1258 487 1284 515 ἐν
1298 487 1371 527 αὐτῷ
1392 487 1555 527 εὐλογεῖσθαι
1570 488 1658 518 πάντα
1672 487 1709 518 τὰ
1725 492 1776 519 τοῦ
1796 489 1888 528 κόσμου

1090 529 1163 567 ἔθνη.
1176 531 1211 561 Εἰ
1222 530 1273 571 γὰρ
1289 532 1303 560 ὁ
1314 531 1393 569 νόμος
1403 555 1411 571 ,
1423 531 1506 573 φησὶ,
1520 533 1568 569 τὴν
1583 533 1769 574 κληρονομίαν
1792 533 1886 572 ἐδίδου,

1093 586 1106 603 α
1121 575 1294 612 κεκένωταιὴ
1309 576 1415 613 πίστις,
1436 588 1450 605 ι)
1468 577 1601 615 τουτέστι,
1627 578 1705 608 κενὸν
1721 578 1772 608 καὶ
1787 580 1885 619 ἀχρεῖον

1089 624 1203 661 πρᾶγμα
1216 620 1377 662 εὓρίσκεται.
1394 621 1442 656 Τίς
1455 622 1507 663 γὰρ
1530 622 1571 652 ἔτι
1592 623 1708 657 πίστεως
1737 625 1869 664 φροντίσει
1878 647 1885 662 ,

1090 665 1135 695 ἐὰν
1148 666 1163 694 ὁ
1176 665 1254 704 νόμος
1275 666 1324 703 τὴν
1344 667 1506 707 ἐπαγγελίαν
1522 668 1586 708 διδῷ
1601 668 1644 705 ⁵⁶;
1661 668 1739 698 Ἀλλ’
1762 670 1812 698 οὖκ
1839 669 1887 698 ἔστι

1090 713 1176 742 τοῦτο.
1195 710 1227 742 Ὁ
1251 711 1303 752 γὰρ
1322 711 1462 752 Ἀϐραὰμ,
1484 711 1533 749 τὴν
1556 713 1726 752 ἐπαγγελίαν
1755 714 1888 754 ἐκληρονά

1091 767 1192 795 μησεν,
1213 756 1243 785 οὗ
1269 756 1312 786 διὰ
1334 756 1415 795 νόμου
1435 758 1501 796 (ποῦ
1526 757 1578 798 γὰρ
1593 757 1653 788 τότε
1678 757 1802 798 νόμοςς)
1825 758 1886 788 ἀλλὰ

1090 800 1134 830 διὰ
1153 800 1284 838 πίστεως,
1310 801 1380 831 καθὰ
1403 801 1573 842 γέγραπται·
1601 815 1616 831 ιι
1633 802 1802 834 Ἐπίστευσε
1825 802 1850 833 δὲ
1866 803 1887 821 ⁵⁷

1091 844 1214 886 Ἀϐραὰμ
1228 848 1266 886 τῷ
1278 847 1353 887 Θεῷ.
1369 858 1383 875 ι

273 897 365 926 VEns.
388 898 432 924 15.
449 897 507 925 Lex
525 895 600 925 enim
623 895 692 924 iram
715 898 855 932 operatur.
871 893 928 923 Ubi
944 897 1027 922 auten

1135 902 1152 918 ιι
1175 892 1209 921 '0
1223 890 1274 932 γὰρ
1297 891 1377 931 νόμος
1403 891 1484 932 ὀργὴν
1503 893 1699 933 κατεργάζεται
1715 901 1724 910 ⁸
1753 888 1784 923 οἷ
1799 893 1826 924 δὲ
1846 894 1883 922 οὐκ

239 949 296 970 non
309 945 351 970 est
360 941 414 976 lex,
425 949 478 969 nec
490 940 686 977 praavaricatio.
703 952 716 965 ι)
731 940 882 969 Conﬁrmat
896 939 953 976 iam
967 947 1036 975 quo-

237 994 304 1014 nam
319 989 402 1022 pacto
421 993 470 1022 per
483 986 571 1023 legem
583 985 729 1022 promissio
751 985 903 1019 abolentur,
917 992 981 1012 cum
994 984 1035 1011 in-

238 1031 306 1068 quit,
328 1033 434 1068 Legem
450 1031 572 1068 sequitur
598 1031 778 1067 transgressio
803 1040 812 1056 :
833 1030 901 1065 legis
937 1033 1034 1057 autem

239 1076 431 1112 transgressio,
452 1087 465 1101 ‹ι
482 1076 550 1104 iram
573 1079 711 1112 operatur,
734 1087 746 1100 υ
771 1079 798 1103 et
811 1073 1035 1102 maledictionem

239 1120 427 1157 superinducit
441 1125 468 1149 et
488 1120 660 1157 supplicium.
677 1120 732 1156 Qui
745 1119 827 1156 igitur
842 1119 974 1156 supplicio
994 1123 1036 1148 est

238 1166 385 1201 obnoxius,
401 1165 554 1203 quomodo,
571 1173 675 1202 quaeso,
689 1165 789 1202 dignus
804 1169 846 1193 est
857 1164 1036 1193 haereditate?

273 1211 362 1240 Vsus.
375 1213 420 1246 16,
431 1214 476 1240 17.
488 1223 502 1236 σι
518 1210 584 1239 ldeo
595 1219 629 1240 ex
640 1210 704 1245 ﬁde,
713 1215 744 1239 ut
756 1210 906 1239 secundum
919 1210 1036 1246 gratiam

237 1256 318 1285 ﬁrma
349 1256 385 1285 sit
414 1256 560 1293 promissio
587 1256 664 1285 omni
687 1255 796 1290 semini,
817 1263 874 1284 non
903 1256 927 1284 ei
960 1253 1035 1291 quod

236 1310 270 1330 ex
287 1302 346 1339 lege
369 1299 614 1337 tantum,'verum
633 1300 717 1330 etiam
742 1301 766 1330 ei
791 1300 866 1338 quod
892 1308 927 1329 ex
943 1299 1033 1328 Abra-

236 1346 311 1375 hami
333 1346 398 1382 ﬁde,
428 1348 477 1384 qui
502 1351 544 1376 est
573 1351 651 1383 pater
676 1346 803 1376 omnium
830 1349 959 1375 nostrum
986 1344 1033 1379 (si-

235 1396 283 1421 cut
300 1392 432 1429 scriptum
445 1396 487 1421 est
508 1401 516 1420 :
539 1394 648 1421 Patrem
670 1392 822 1420 multarum
840 1391 964 1427 gentium
985 1397 1034 1426 po-

234 1437 276 1466 sui
290 1441 318 1466 te
334 1440 357 1471 ιι)
371 1442 434 1466 ante
462 1439 554 1466 Deum
567 1437 611 1466 cui
623 1436 749 1465 credidit.
772 1447 787 1461 ν
809 1436 878 1471 Quia
895 1436 940 1464 lex
961 1435 1033 1463 iram

234 1486 374 1519 operatur,
386 1487 531 1519 propterea
545 1482 646 1511 dicitur
660 1481 832 1510 Ahrahamus
842 1489 876 1509 cx
890 1480 945 1509 ﬁde
954 1479 1033 1518 justi-

232 1527 318 1563 ﬁcari,
341 1536 374 1556 ac
398 1527 486 1556 haeres
510 1527 650 1562 constitui,
673 1531 705 1555 ut
733 1525 886 1555 secundum
912 1525 1030 1562 gratiam

1092 936 1148 965 ἔστι
1171 937 1264 975 νόμος,
1288 936 1347 966 οὐδὲ
1368 937 1531 977 παράϐασις.
1551 949 1565 967 n
1594 939 1650 968 Νῦν
1672 938 1882 975 κατασκευάζει,

1091 983 1146 1015 πῶς
1161 981 1204 1011 διὰ
1227 983 1272 1011 τοῦ
1287 981 1367 1020 νόμου
1394 983 1569 1023 καταργεῖται
1592 985 1609 1019 ἡ
1631 984 1785 1024 ἐπαγγελία
1801 992 1808 1000 '
1825 984 1881 1024 φησῖ

1090 1025 1142 1066 γάρ
1158 1037 1164 1044 ·
1181 1027 1228 1066 Τῷ
1248 1025 1320 1067 νόμῳ
1341 1026 1435 1057 ἕπεται
1459 1028 1612 1068 παράϐασις
1625 1040 1632 1047 ·
1648 1030 1662 1058 ὁ
1683 1028 1714 1058 δὲ
1739 1028 1818 1068 νόμος
1836 1040 1881 1057 πα-

1091 1071 1279 1111 ραϐαινόμενος
1309 1082 1324 1101 (ι
1342 1072 1422 1114 ὀργὴν
1453 1075 1662 1113 κατεργάζεται,
1687 1085 1703 1103 »
1735 1074 1782 1104 καὶ
1808 1073 1880 1104 κατά-

1091 1127 1138 1156 ραν
1156 1117 1290 1156 ἐπεισάγει
1313 1118 1359 1147 καὶ
1377 1117 1495 1149 κόλασιν.
1519 1120 1555 1149 Ὀ
1579 1122 1641 1159 γοῦν
1670 1119 1784 1150 κολάσει
1808 1118 1880 1148 ὑπεύ-

1090 1164 1163 1196 θυνος
1173 1184 1182 1201 ,
1196 1163 1252 1196 πῶς
1268 1161 1338 1197 ἄξιος
1352 1163 1545 1203 κληρονομεῖν,

1133 1218 1148 1236 ιι
1159 1206 1210 1236 Διὰ
1224 1210 1300 1237 τοῦτο
1314 1208 1344 1237 ἐκ
1353 1202 1484 1245 πίστεως,
1499 1206 1544 1238 ἵνα
1554 1208 1624 1239 κατὰ
1641 1209 1737 1250 χάριν,
1754 1209 1790 1244 εἶς
1804 1208 1832 1238 τὸ
1846 1202 1876 1238 εἶ-

1087 1263 1132 1281 ναι
1147 1251 1257 1292 βεϐαίαν
1279 1253 1326 1289 τὴν
1342 1253 1503 1293 ἐπαγγελίαν
1520 1255 1602 1284 παντὶ
1617 1256 1656 1295 τῷ
1678 1254 1833 1295 σπέρματι,
1855 1253 1878 1283 οὗ

1088 1298 1125 1338 τῷ
1137 1298 1167 1327 ἐκ
1181 1297 1261 1336 νόμου
1274 1297 1352 1336 μόνον
1364 1320 1373 1335 ,
1389 1298 1458 1328 ἀλλὰ
1469 1297 1514 1328 καὶ
1524 1300 1562 1340 τῷ
1575 1300 1605 1329 ἐκ
1619 1298 1737 1334 πίστεως
1753 1297 1877 1339 Ἀϐραὰμ,

1086 1342 1113 1376 ὃς
1128 1345 1184 1372 ἐστι
1198 1342 1287 1383 πατὴρ
1303 1342 1409 1373 πάντων
1427 1345 1505 1383 ἡμῶν
1523 1345 1575 1383 (ὡς
1591 1344 1698 1384 [vulg].
1721 1343 1828 1381 καθὼς]
1842 1342 1878 1382 γέ-

1086 1398 1220 1427 γραπται,
1245 1388 1285 1417 ὅτι
1306 1387 1418 1428 Πατέρα
1449 1390 1555 1418 πολλῶν
1581 1390 1662 1418 ἐθνῶν
1690 1389 1801 1420 τέθεικά
1829 1388 1875 1428 σε),

1085 1432 1226 1462 κατέναντι
1247 1428 1277 1462 οὗ
1291 1432 1428 1463 ἐπίστευσε
1444 1434 1528 1463 Θεοῦ.
1547 1445 1562 1463 υ
1579 1433 1693 1471 Ἐπειδὴ
1710 1436 1726 1464 ὁ
1741 1434 1821 1473 νόμος
1840 1434 1874 1473 ὄρ-

1084 1476 1134 1517 γὴν
1155 1479 1242 1514 ποιεῖ,
1269 1477 1312 1507 διὰ
1327 1480 1403 1508 τοῦτο
1419 1479 1449 1508 ἐκ
1470 1478 1583 1513 πίστεως
1594 1501 1603 1519 ,
1620 1479 1700 1520 φησὶ,
1723 1479 1830 1519 λέγεται
1844 1479 1874 1507 δι-

1085 1524 1224 1552 καιοῧσθαι
1244 1524 1258 1551 ὃ
1272 1522 1299 1542 ⁵⁸
1323 1522 1446 1564 ᾈϐραὰμ
1461 1523 1508 1554 καὶ
1531 1525 1726 1564 κληρονομεῖν,
1756 1523 1800 1554 ἵνα
1815 1522 1874 1553 κατὰ

231 1573 324 1601 omnia
338 1573 416 1601 ﬁant.
433 1571 528 1601 Gratia
541 1575 636 1601 autem
659 1571 695 1600 ad
721 1571 785 1608 quid
800 1570 930 1608 prodest?
958 1579 972 1596 «
992 1570 1027 1598 UI

1084 1566 1160 1607 χάριν
1175 1567 1208 1597 τὰ
1222 1563 1352 1610 πάντα
1379 1568 1442 1599 «Ἦ
1467 1568 1494 1598 δὲ
1519 1563 1596 1610 χάριξ
1622 1570 1659 1603 εἷς
1683 1569 1710 1599 τί
1727 1568 1874 1609 συμϐάλλε-

233 1616 315 1645 ﬁrma
331 1617 367 1646 sit
381 1617 537 1653 promissio.
554 1628 567 1642 ι
589 1618 652 1645 Non
673 1616 748 1645 enim
771 1616 1030 1652 pravaricationem

230 1661 314 1690 habet
333 1662 432 1698 gratia,
456 1661 693 1699 quemadmodum
713 1662 766 1697 lex,
793 1665 824 1690 ut
844 1661 954 1690 inﬁma
974 1661 1031 1689 sint

229 1714 293 1744 qua:
305 1706 416 1735 dantur.
431 1709 469 1736 At
481 1706 613 1744 quoniam
624 1706 678 1736 hoc
690 1710 781 1736 totum
796 1707 828 1734 ﬁt
837 1706 925 1743 gratia
939 1711 967 1735 et
977 1706 1029 1735 mi-

229 1751 379 1781 sericordia
400 1753 458 1787 Dei,
480 1753 582 1781 merito
604 1752 649 1781 illa
668 1760 731 1790 quas
745 1752 884 1781 donantur
909 1763 923 1777 ι
951 1752 1029 1781 ﬁrma

229 1801 294 1826 sunt
307 1797 381 1826 omni
393 1797 502 1832 semini,
520 1809 533 1823 ι
548 1797 603 1826 hoc
616 1801 667 1833 est,
683 1797 811 1827 omnibus
824 1797 1006 1827 credentibus
1019 1808 1026 1827 :

229 1850 286 1872 non
301 1842 335 1871 iis
350 1846 459 1872 tantum
480 1842 527 1880 qui
546 1851 581 1872 ex
600 1843 660 1880 lege
673 1847 747 1878 sunt,
767 1842 821 1872 hoc
840 1842 896 1879 3h.
912 1846 955 1872 est
972 1843 1028 1872 cir-

227 1888 364 1924 cumcisis,
379 1897 474 1918 verum
486 1889 571 1917 etiam
586 1888 618 1917 iis
632 1889 678 1926 qui
693 1892 757 1917 sunt
777 1889 806 1917 in
818 1888 966 1925 praeputio,
980 1889 1027 1926 qui

226 1938 291 1962 sunt
302 1941 397 1963 semen
406 1934 565 1970 Abrahami,
582 1942 615 1962 ex
629 1934 684 1963 ﬁde
695 1934 745 1971 ipsi
756 1933 902 1971 progeniti.
918 1934 1025 1970 Quam-

226 1978 323 2008 obrem
353 1979 399 2016 qui
428 1978 512 2007 ﬁdem
544 1986 601 2008 non
636 1977 731 2013 habet,
763 1986 820 2008 non
854 1982 896 2007 est
932 1987 1028 2009 semen

224 2023 356 2057 Abrahae,
381 2034 394 2048 ιι
415 2024 463 2061 qui
483 2028 559 2060 pater
573 2027 616 2053 est
630 2024 758 2051 omnium
779 2027 916 2058 nostrum,
939 2035 952 2049 ιι
974 2024 1027 2054 hoc

227 2071 280 2102 est,
301 2067 424 2096 ﬁdelium
441 2071 450 2103 (
465 2079 478 2093 ιι
499 2069 571 2097 sicut
589 2068 720 2105 scriptum
735 2071 779 2097 est
798 2078 805 2096 :
828 2069 937 2097 Patrem
958 2069 1028 2097 mul-

223 2114 317 2140 tarum
331 2112 451 2148 gentium
465 2113 544 2149 posui
559 2115 594 2146 te)
612 2117 676 2142 ante
689 2114 781 2142 Deum
807 2113 850 2142 cui
866 2113 994 2143 credidit.
1011 2126 1024 2140 ιι

224 2154 324 2185 Sensus
344 2160 386 2185 est
396 2156 554 2194 bujusmodi
570 2168 576 2186 :
591 2157 732 2187 Abraham
745 2162 786 2187 est
805 2162 882 2195 pater
901 2158 1024 2187 omnium

224 2213 238 2228 ι
253 2207 318 2232 ante
328 2205 432 2238 Deum,
449 2214 462 2229 ιν
479 2203 533 2232 hoc
544 2208 596 2239 est,
607 2204 642 2233 ad
655 2203 863 2234 similitudinem
878 2204 939 2233 Dei.
953 2206 1025 2234 Nam

223 2248 294 2279 sicut
307 2250 381 2279 Deus
396 2253 439 2278 est
456 2249 583 2279 omnium
593 2250 687 2286 Pater,
697 2249 735 2279 ita
750 2254 778 2279 et
786 2250 848 2279 ille:
863 2258 921 2280 non
930 2258 1026 2280 secun-

219 2293 289 2323 dum
309 2294 463 2324 naturalem
484 2294 686 2331 cognationem,
707 2294 757 2324 sed
783 2295 935 2324 secundum
959 2294 1023 2324 ﬁdei

219 2339 577 2377 conjunctionem.Addidit
585 2344 681 2369 autem
690 2340 769 2376 illud,
781 2351 795 2366 α
808 2340 859 2370 Cui
871 2341 998 2376 credidit,
1008 2353 1021 2367 ι

221 2388 252 2413 ut
269 2384 435 2421 ostenderet,
455 2385 531 2423 quod
551 2389 579 2414 et
592 2385 655 2415 ﬁdei
669 2386 922 2423 compensationem
944 2394 1022 2416 acce-

220 2428 300 2465 perit,
323 2429 466 2465 nimirum,
488 2430 564 2467 quod
580 2432 618 2460 sit
634 2435 710 2468 pater
729 2431 864 2461 omnium.
883 2433 975 2469 Quare
998 2432 1021 2462 si

216 2482 274 2504 non
284 2474 437 2512 admiseris,
448 2484 465 2505 ο
477 2476 585 2513 Iudaee,
600 2477 692 2514 ipsum
702 2485 760 2507 esse
770 2482 881 2514 patrem
890 2478 1019 2508 omnium

218 2524 359 2571 nostrum,
377 2520 518 2571 honorem
539 2522 609 2559 ejus,
631 2530 715 2560 quem
743 2523 882 2554 credendo
903 2525 1019 2561 accepit,

219 2565 394 2595 imminuisti.

245 2623 270 2641 ,σι
285 2612 340 2650 Qui
348 2611 466 2642 viviﬁcat
477 2616 614 2647 mortuos,
623 2616 652 2642 et
665 2617 747 2643 vocat
760 2621 791 2643 ea
803 2622 865 2652 quae
876 2622 935 2645 non
942 2619 1018 2651 sunt,

253 2676 275 2693 "'
286 2676 357 2706 Gen.
371 2683 425 2712 xv,
441 2678 468 2706 8.
507 2681 522 2696 ιι
536 2676 606 2706 Ibid.
629 2680 654 2706 7.

1083 1623 1147 1649 ται,
1165 1622 1179 1640 ιι
1190 1613 1237 1646 Εἰς
1249 1612 1279 1642 τὺ
1291 1607 1358 1642 εἶναι
1373 1613 1485 1652 βεϐαίαν
1496 1607 1545 1651 si;
1556 1607 1730 1655 ἐπαγγελίαν.
1743 1607 1822 1649 »ἺΜὴ
1831 1612 1873 1652 γὰρ

1084 1656 1236 1699 ¹παράϐασιν
1251 1656 1307 1698 ἔχει
1322 1660 1336 1694 ἣ
1349 1658 1444 1698 χάρις,
1456 1658 1549 1699 ὥσπερ
1562 1661 1576 1688 ὁ
1590 1659 1684 1697 νόμος,
1704 1658 1751 1690 ἵνα
1768 1657 1874 1688 ἀϐέϐαια

1082 1697 1100 1742 ᾗ
1114 1701 1147 1731 τὰ
1164 1697 1290 1741 διδόμενα
1302 1702 1339 1732 ⁵³.
1349 1697 1427 1733 γἎλλ’
1442 1703 1500 1734 ἐπεὶ
1514 1697 1593 1745 χάρις
1613 1704 1670 1734 ἐστὶ
1682 1704 1730 1734 καὶ
1746 1705 1815 1738 ἔλεος
1833 1704 1872 1732 τοῦ

1082 1748 1154 1778 Θεοῦ
1165 1747 1196 1777 τὸ
1205 1752 1259 1777 πᾶν
1269 1770 1277 1785 ,
1292 1748 1401 1781 εἰκότως
1413 1747 1447 1777 τὰ
1462 1749 1588 1787 διδόμενα
1600 1749 1698 1789 βέϐαιά
1711 1750 1765 1779 εἶσι
1778 1763 1790 1775 σι
1803 1746 1871 1778 παντὶ

1082 1794 1120 1834 τῷ
1137 1792 1288 1833 σπέρματι,
1308 1805 1324 1822 ι)
1338 1792 1476 1831 τουτέστι,
1500 1798 1567 1824 πᾶσι
1584 1796 1638 1829 τοῖς
1651 1795 1831 1825 πιστεύουσιν·
1845 1792 1870 1821 οὖ

1082 1836 1160 1876 μόνον
1180 1839 1234 1872 τοῖς
1257 1838 1288 1868 ἐκ
1311 1837 1410 1877 νόμου,
1432 1838 1574 1877 τουτέστι,
1599 1839 1651 1874 τοῖς
1677 1838 1869 1880 ἐμπεριτόμοις,

1081 1882 1151 1913 ἀλλὰ
1177 1883 1223 1912 καὶ
1248 1887 1303 1917 τοῖς
1336 1882 1527 1924 ἀκροϐύστοις,
1563 1882 1656 1918 οἵτινές
1693 1885 1746 1914 εἶσι
1772 1883 1868 1923 σπέρμα

1081 1927 1218 1969 Ἀϐραὰμ,
1235 1929 1264 1958 εκ
1279 1928 1392 1962 πίστεως
1415 1928 1487 1969 αὐτῷ
1502 1928 1681 1970 γεννηθέντες.
1697 1928 1788 1960 Ὥστε
1804 1929 1818 1957 ὃ
1837 1925 1868 1965 μῆ

1081 1972 1149 2013 ἔχων
1174 1973 1279 2013 πίστιν,
1306 1973 1366 2003 οὐδὲ
1389 1973 1497 2012 σπέρμα
1525 1973 1666 2014 Ἀϐραὰμ,
1693 1985 1709 2003 ιι
1727 1975 1799 2007 ὅστις
1820 1970 1868 2001 ἔστῖ

1080 2017 1168 2058 πατὴρ
1178 2018 1285 2048 πάντων
1296 2019 1382 2057 ἡμῶν,
1398 2031 1411 2045 ι
1424 2017 1554 2055 τουτέστι,
1571 2020 1623 2049 τῶν
1638 2020 1755 2057 πιστῶν,
1769 2032 1782 2046 α
1793 2015 1868 2048 καθὼς

1080 2062 1251 2107 γέγραπται,
1267 2063 1307 2093 ὅτι
1332 2063 1441 2104 Πατέρα
1461 2065 1568 2094 πολλῶν
1592 2065 1673 2094 ἐθνῶν
1695 2063 1803 2095 τέθεικά
1825 2072 1865 2096 σε»

1080 2107 1220 2138 κατέναντι
1230 2108 1260 2137 οὓ
1272 2107 1410 2138 ἐπίστευσε
1424 2109 1504 2140 Θεοῦ.
1520 2122 1532 2136 ι
1543 2107 1578 2139 ‘0
1592 2112 1651 2144 νοῦς
1665 2109 1783 2143 τοιοῦτός
1795 2108 1865 2137 ἔστιν·

1081 2151 1116 2184 Ὁ
1132 2153 1253 2195 Ἀϐραὰμ
1266 2153 1357 2194 πατήρ
1374 2154 1431 2183 ἐστι
1445 2153 1553 2184 πάντων
1569 2154 1711 2185 κατέναντι
1727 2157 1773 2184 τοῦ
1789 2153 1861 2185 Θεοῦ,

1082 2197 1140 2228 ἀντὶ
1165 2200 1227 2235 τοῦ,
1248 2197 1345 2237 ὁμοίως
1360 2200 1397 2238 τῷ
1419 2199 1494 2239 Θεῷ.
1521 2197 1628 2239 Ὥσπερ
1651 2199 1698 2229 καὶ
1769 2195 1864 2240 γὰρ]ᾇ

1080 2243 1147 2278 Θεὸς
1161 2243 1266 2273 πάντων
1281 2243 1338 2273 ἐστὶ
1360 2238 1474 2284 πατὴρ,
1488 2243 1557 2274 οὕτω
1580 2238 1626 2273 καὶ
1642 2238 1738 2281 αὖτὸξ,
1762 2244 1790 2274 οὐ
1803 2238 1863 2272 κατὰ

1079 2288 1191 2330 φυσικὴν
1216 2288 1384 2329 συγγένειαν,
1411 2288 1481 2330 am
1506 2290 1566 2319 κατ’
1590 2289 1722 2320 οἶκείωσιν
1747 2289 1861 2330 πίστιῳςι

1079 2333 1233 2375 Προσέθηκε
1249 2333 1276 2363 δὲ
1289 2333 1337 2371 τὸ,
1351 2344 1366 2363 n
1391 2329 1432 2365 ΟΞ
1456 2333 1609 2364 ἐπίστευσεν
1620 2357 1629 2373 ,
1642 2345 1657 2364 ι)
1676 2333 1806 2375 ἴναγδείξῃ
1826 2329 1862 2360 ὅτι

1077 2373 1122 2409 καὶ
1138 2378 1253 2419 ἀμοιϐὴν
1268 2380 1315 2415 τῆς
1326 2378 1439 2413 πίστεως
1455 2378 1535 2420 ἔλαϐε
1545 2402 1554 2417 ,
1568 2379 1598 2410 τὸ
1610 2378 1700 2420 πατὴρ
1715 2373 1784 2409 εἶναι
1804 2375 1861 2406 πάν-

1075 2436 1139 2456 των.
1155 2423 1244 2455 "Qa-rs
1260 2425 1290 2454 ἂν
1307 2423 1345 2463 μὴ
1362 2424 1426 2465 δέχῃ
1436 2442 1446 2464 ,
1457 2419 1479 2454 ὦ
1495 2423 1607 2455 Ἰουδαῖε
1619 2448 1628 2463 ,
1645 2419 1712 2454 εἶναι
1724 2423 1801 2454 αὐτὸν
1815 2431 1859 2465 πᾳ·

1075 2470 1139 2512 τέρα
1153 2469 1260 2501 πάντων
1281 2472 1377 2509 ἡμῶν,
1390 2463 1558 2506 ’ἦήλάττωσας
1575 2471 1657 2500 αὖτοῦ
1672 2469 1720 2507 τὴν
1739 2466 1815 2509 τιμὴν
1828 2463 1855 2500 ἣν

1074 2514 1156 2545 ἔλαϐε
1170 2513 1316 2549 πιστεύσας
1332 2514 1370 2546 ⁶⁰.

1117 2623 1132 2643 α
1151 2613 1207 2644 Τοῦ
1226 2613 1414 2648 ζωοποιοῦντος
1436 2611 1496 2647 τοὺς
1509 2609 1636 2653 ξνεκροὺς,
1659 2611 1706 2642 καὶ
1724 2609 1857 2642 καλοῦντος

912 2716 1010 2747 Variae
1032 2716 1185 2748 lectiones.

249 2784 272 2802 ⁵³
286 2784 392 2827 fﬁeri;
412 2793 439 2814 ο.
476 2785 498 2803 δ”
520 2787 675 2827 δικαιοσύνης
690 2787 743 2813 ’καὶ
758 2795 785 2816 ο.
823 2786 846 2806 ⁸³
861 2791 910 2816 τῶν
928 2788 955 2817 ἐν
970 2789 1059 2827 κόσμῳ
1073 2797 1112 2818 m.
1152 2789 1175 2807 ‘°
1193 2789 1229 2825 δῷ
1242 2796 1271 2818 ο.
1309 2787 1386 2826 ⁵⁷,οὒ
1410 2787 1458 2824 γὰρ
1478 2787 1517 2816 ἐπ.
1539 2789 1577 2818 m'.
1615 2788 1639 2808 ⁸⁸
1655 2788 1698 2816 τὸν
1711 2796 1739 2818 o.
1775 2786 1796 2806 "
1812 2779 1847 2820 βέ-

214 2825 273 2852 ϐαια
286 2824 302 2862 ᾖ
317 2825 348 2853 τὰ
366 2827 489 2862 γινόμενα
501 2834 527 2855 ο.
565 2826 589 2844 ⁸ο
603 2827 725 2854 πιστεύων
742 2836 780 2856 m.
