1901 3077
21 183 59 209 397
440 179 615 208 EXPOSITIO
634 179 667 207 IN
687 179 791 207 EPIST.
812 179 858 207 AD
878 178 958 207 ROM.
981 193 1012 198 —
1032 178 1108 206 CAP.
1129 179 1173 205 IV.

1589 180 1641 208 398

20 243 46 273 τὰ
56 242 88 282 μὴ
101 242 160 272 ὄντα
177 243 213 276 ὥς
224 242 294 272 ὄντα.
309 252 324 271 n
342 241 433 283 ὀπερ
450 241 573 283 ἀνωτέρω
590 236 647 272 εἷπε
665 241 703 280 θ’,
714 245 789 272 τοῦτο

878 249 982 279 nquam
996 241 1080 270 εἰσιν
1096 239 1180 278 Quod
1191 247 1275 277 supra
1286 240 1404 275 dixerat,
1419 239 1472 270 hoc
1491 241 1581 271 denuo
1595 250 1640 272 re-

20 289 56 317 καὶ
74 290 114 317 νῦν
137 287 223 327 λέγει,
241 287 281 317 ὅτι
297 287 422 328 Ἀϐραὰμ
443 287 596 318 ἐπίστευσεν
607 310 616 326 ,
633 286 674 317 ὅτι
695 289 710 316 ὁ
723 287 791 321 Θεὸς

21 333 95 373 νεκρὸν
110 334 182 371 σῶμα
194 355 202 369 ,
229 329 282 363 οἷον
301 328 333 369 ἦν
348 333 378 362 τὸ
399 334 498 370 αὐτοῦ,
519 333 628 362 δύναται
652 333 682 362 οὗ
710 332 790 372 μόνον

21 379 120 414 ζωῶσαι,
136 378 203 407 ἀλλὰ
218 377 264 407 καὶ
279 377 406 418 ζωογόνον
428 380 550 414 ποιῆσαι.
582 377 635 408 Διὰ
651 380 729 407 τοῦτο
743 377 790 407 λέ-

19 434 51 462 γει
62 425 100 452 ν’ὖν
111 434 117 441 ·
141 424 221 453 (TOU
241 425 430 457 ζωοποιοῦντος
450 422 510 456 τοὺς
525 422 640 462 νεκρούς.
653 434 669 450 ι
687 422 728 453 Τὸ
744 422 771 452 δὲ
782 445 790 460 ,

22 480 34 495 (ι
48 468 181 501 Καλοῖὶντος
202 467 236 497 τὰ
263 467 301 506 μὴ
323 467 386 498 ὄντα
409 470 443 501 ὥς
464 467 526 498 ὄντα
538 489 547 504 ,
564 481 577 494 ι
594 467 687 498 τούτου
711 466 790 497 ἕνεκα

19 512 177 552 προστέθεικεν
187 536 195 549 ,
208 511 252 543 ἵνα
269 513 339 554 δείξῃ
350 537 358 552 ,
381 512 422 543 ὅτι
444 513 491 543 οὔκ
513 512 641 543 ἀδύνατον
656 515 695 553 τῷ
710 513 788 552 Θεῷ,

19 558 42 587 τὸ
53 557 102 591 τοὺς
115 558 150 596 μὴ
164 557 240 591 ὄντας
257 559 355 592 παῖδας
368 561 416 588 τοῦ
432 558 458 577 ³³
472 557 594 598 Ἀϐραὰμ
604 581 612 595 ,
629 559 727 591 παῖδας
743 559 790 587 αὐ-

19 604 54 632 τοῦ
65 605 175 639 ποιῆσαι.
191 604 252 634 Οὔκ
266 598 324 633 εἷπε
337 603 364 632 δὲ
375 626 382 640 ,
402 603 574 644 Παράγοντος
589 603 621 632 τὰ
637 604 684 632 οὐκ
707 602 770 632 ὄντα
781 625 790 639 ,

18 646 88 684 ἀλλὰ,
103 659 115 677 ιι
129 648 290 682 Καλοῧντος.
305 659 319 677 n
347 646 459 688 Ὠσπερ
485 648 536 688 γὰρ
556 649 620 686 ἡμῖν
635 646 742 677 εὔκολον
756 648 790 677 τὰ

17 691 67 721 ὄντα
85 692 209 730 καλέσαι,
233 693 316 727 οὕτως
337 695 408 734 αὖτῷ
425 693 512 734 ῥᾴδιον
528 692 562 722 τὰ
587 693 624 732 μὴ
639 692 702 722 ὄντα
720 693 788 722 ὑπο-

18 748 105 773 mam.

51 793 62 811 α
79 782 126 816 ⁸ος
144 782 209 823 παρ’
231 782 326 814 ἐλπίδα
346 783 389 814 ἐπ’
411 782 499 813 ἐλπίδι
526 782 694 820 ἐπίστευσεν,
711 783 746 816 εἷς
759 782 789 812 τὸ

17 827 114 864 γενέσθαι
128 828 204 857 αὐτὸν
228 827 333 868 πατέρα
360 829 466 858 πολλῶν
482 829 574 859 ἐθνῶν.
594 839 609 857 ι)
641 827 688 863 Μὴ
711 827 788 866 νομί-

845 287 921 324 petit,
935 294 1045 322 nempe,
1056 285 1132 323 quod
1146 285 1287 314 Abraham
1304 285 1420 314 credidit
1441 287 1533 315 Deum
1562 295 1642 316 mor-

844 336 923 361 tuum
936 340 1047 368 corpus,
1057 331 1136 368 quale
1147 335 1208 360 erat
1219 331 1316 367 ipsius,
1330 339 1387 359 non
1394 331 1483 359 solum
1491 331 1641 367 viviﬁcare,

843 385 941 406 verum
967 377 1048 406 etiam
1074 376 1225 406 fecundum
1251 375 1366 404 reddere
1381 376 1510 413 potuisse.
1533 376 1641 406 idcirco

844 430 919 450 nunc
933 423 982 456 ait,
999 432 1014 448 ‹‹
1028 422 1078 458 Qui
1091 421 1210 450 viviﬁcat
1221 425 1358 450 mortuos.
1374 430 1389 448 ν)
1401 422 1462 450 Hoc
1475 429 1549 457 vero,
1562 433 1576 447 ι
1587 421 1641 458 Qui

844 472 922 496 νοωι
936 475 969 496 ea
997 475 1060 504 qua:
1075 475 1131 495 non
1158 470 1233 502 sunt,
1249 471 1383 503 tanquam
1404 474 1436 495 ea
1457 475 1519 503 quae
1533 471 1609 502 sunt,
1626 479 1639 492 I

844 513 979 549 apposuit,
996 517 1028 540 ut
1043 512 1171 540 ostendat
1183 512 1257 548 quod
1272 513 1330 540 Deo
1344 520 1402 540 non
1414 511 1449 540 sit
1458 511 1640 549 impossibile,

843 565 891 586 eos
903 557 951 594 qui
966 566 1020 586 non
1034 561 1100 586 sunt
1113 557 1162 585 ﬁlii
1182 556 1311 592 Abrahae,
1326 555 1410 593 ipsius
1435 556 1508 585 ﬁlios
1537 556 1639 586 facere.

844 603 905 631 Non
919 607 1011 631 autem
1026 602 1106 636 dixit,
1121 601 1174 637 Qui
1188 601 1314 638 producit
1328 609 1391 638 qua:
1413 609 1470 630 non
1484 606 1561 637 sunt,
1581 602 1640 638 sed,

845 659 858 672 α
874 647 926 683 Qui
941 651 1031 676 vocat.
1047 657 1060 673 »
1089 647 1130 675 Ut
1144 647 1219 675 enim
1243 647 1323 675 nobis
1336 646 1416 675 facile
1429 651 1472 676 est
1495 655 1593 676 vocare
1607 655 1639 676 ea

843 700 905 729 qua:
919 696 991 727 sunt,
1009 693 1046 720 ita
1061 691 1102 720 illi
1116 691 1197 720 facile
1210 695 1263 727 est,
1278 699 1309 720 ea
1323 699 1386 728 quas
1407 699 1466 721 non
1477 696 1542 721 sunt
1555 692 1583 721 in
1595 700 1640 722 re-

842 745 906 765 rum
931 741 1060 765 naturam
1071 736 1232 773 producere.

878 783 967 811 Vens.
984 785 1027 810 18.
1049 793 1062 807 ι
1087 782 1140 817 Qui
1156 786 1255 818 praeter
1269 789 1347 818 spem
1361 781 1390 810 in
1401 789 1449 819 spe
1469 781 1597 817 credidit,
1610 785 1641 812 ut

844 827 921 855 ﬁeret
935 831 1012 864 pater
1026 826 1177 855 multarum
1185 827 1320 863 gentium.
1336 837 1351 854 ν
1368 828 1408 855 Ne
1423 827 1578 864 arbitreris,
1594 828 1638 856 in-

18 883 53 911 τῃς
62 895 69 907 ,
82 872 171 912 φησὶν,
188 873 248 909 είκῆ
261 875 420 911 τετιμῆσθαι
433 873 478 903 τὸν
494 872 627 912 Ἀϐραάμ.
644 874 707 906 Πῶς
719 873 768 912 γὰρ
780 895 789 912 ,

43 916 53 926 Α
127 919 133 926 l
154 918 171 926 Si
205 917 227 926 I§
312 917 319 926 \
370 919 377 926 ι
398 921 408 926 Α
477 918 483 926 Ι
577 917 585 926 ἱ
608 918 614 926 Ι
634 918 653 926 ἰ
684 918 707 926 In
772 920 789 926 Α.

877 872 915 904 iit.
943 876 1046 900 temere
1073 871 1242 900 honoratum
1266 872 1465 900 Abrahamum.
1491 872 1640 908 Quomodo

20 928 31 943 ι
43 916 63 950 ὃς
76 919 133 958 παρ’
150 917 247 947 ἐλπίδα
260 928 275 947 ι)
291 917 339 954 τὴν
363 918 530 958 ἀνθρωπίνην
547 931 559 944 ι
574 917 614 947 ἐπ’
630 918 717 947 ἐλπίδι
728 932 740 944 ι-

19 961 60 1001 Otia
84 962 254 1003 ἐπίστευσεν,
288 973 302 991 ti
322 963 362 993 ὅτι
390 963 530 1003 γενήσεται
565 961 654 1002 πατὴρ
682 963 789 992 πολλῶν

19 1006 96 1044 ἐθνῶν,
113 1020 126 1036 ι
149 1008 177 1038 οὖ
189 1009 243 1037 τῶν
265 1007 444 1047 Ἰσμαηλιτῶν
460 1009 573 1048 (ἐκεῖνοι
595 1007 647 1048 γὰρ
670 1009 699 1037 οὗ
719 1007 789 1037 κατὰ

18 1050 102 1089 πίστιν,
116 1052 182 1082 ἀλλὰ
201 1053 274 1082 κατὰ
297 1052 374 1094 φύσιν
389 1053 415 1088 ἐξ
430 1054 537 1093 αὐτοῦ),
554 1052 624 1082 ἀλλὰ
647 1055 700 1083 τῶν
720 1052 789 1083 κατὰ

19 1096 86 1126 πίστιν
101 1098 169 1139 αὐτῷ
182 1098 308 1128 ἐοικότων
317 1109 326 1135 ;

51 1198 64 1216 (ι
78 1187 149 1218 Κατὰ
172 1187 202 1218 τὸ
221 1187 378 1228 εἰρημένον·
402 1187 497 1222 Οὕτως
521 1187 596 1218 ἔσται
624 1188 654 1217 τὸ
682 1187 788 1229 σπέρμα

18 1243 59 1262 σου.
82 1232 132 1263 Καὶ
147 1233 184 1272 μὴ
208 1233 359 1270 ἀσθενήσας
424 1232 529 1271 πίστει,
549 1235 579 1263 οὐ
598 1233 744 1270 κατενόησε
758 1234 789 1264 τὸ

19 1278 95 1307 ἑαυτῶ
117 1280 192 1317 σῶμα
217 1279 272 1315 ἤδη
295 1278 505 1319 νενεκρωμένον,
529 1278 718 1315 ἑκατονταετής
738 1290 789 1309 που

16 1322 137 1362 ὑπάρχων,
153 1323 198 1353 καὶ
218 1324 270 1359 τὴν
289 1323 414 1363 νέκρωσιν
429 1326 476 1360 τῆς
491 1323 594 1363 μήτρας
607 1323 725 1364 Σάῤῥας.
744 1325 790 1358 Εἷς

47 1366 87 1403 τὴν
99 1368 257 1408 ἐπαγγελίαν
278 1370 324 1398 τοῦ
337 1371 408 1400 Θεοῦ
422 1369 452 1398 οὗ
472 1368 588 1408 διεκρίθη
609 1371 642 1410 τῇ
658 1369 769 1409 ἀπιστίᾳ
779 1391 788 1406 ,

17 1411 63 1440 ἄλλ’
74 1413 250 1452 ἐνεδυναμώθη
311 1414 400 1443 πίστει
409 1437 418 1452 ,
434 1413 494 1448 δοὺς
507 1413 584 1448 δόξαν
593 1416 631 1455 τῷ
641 1415 716 1454 Θεῷ.
734 1414 788 1445 Καὶ

17 1457 200 1498 πληροφορηθεὶς
224 1458 298 1488 δτιὸ
322 1459 499 1498 ἐπήγγελται,
527 1459 637 1493 δυνατός
660 1461 716 1489 ἐστι
743 1459 789 1489 καὶ

17 1503 116 1536 ποιῆσαι.
125 1517 135 1530 δ
147 1503 252 1542 Εἷπὼν,
259 1503 300 1534 ὅτι
310 1517 321 1531 α
330 1505 400 1544 Παρ¹
409 1504 525 1534 ἐλπίδαά
535 1516 547 1533 ν
557 1507 570 1533 θ
581 1516 624 1544 ρω
632 1504 688 1534 πίν
696 1517 713 1541 η
722 1517 735 1534 ν
744 1505 787 1534 ἐπ’

18 1546 88 1575 ἐλπίδι
103 1550 137 1588 τῇ
148 1551 181 1578 ϐε
190 1549 198 1577 ί
207 1561 223 1590 ᾳ
240 1548 394 1585 ἐπίστευσε,
407 1563 418 1575 ι
430 1551 474 1578 νῦν
487 1549 681 1584 κατασκευάζει
691 1552 768 1580 τοῦτο
778 1572 787 1589 ,

17 1590 51 1619 καί
65 1603 145 1631 φησιν,
158 1594 198 1623 ὅτι
211 1595 310 1634 ἐρῤήθη
333 1595 381 1632 μὲν
403 1594 466 1634 πρὸς
487 1594 577 1633 αὐτὸν,
603 1594 642 1623 ὅτι
665 1593 787 1624 ιιΊίσται

17 1635 40 1663 τὸ
52 1636 144 1676 σπέρμα
159 1650 204 1669 σου
221 1641 259 1672 ὡς
282 1639 315 1669 τὰ
330 1639 415 1679 ἄστρα
438 1641 483 1669 τοῦ
506 1641 634 1679 οὐρανοῦ,
660 1639 704 1669 καὶ
720 1641 755 1673 ὡς
770 1642 787 1675 ἡ

18 1679 95 1719 ἅμμος.
108 1695 120 1711 a
144 1683 223 1717 Αὐτὸς
236 1683 266 1713 δὲ
287 1695 301 1712 ‹‹
314 1683 352 1721 μὴ
368 1683 515 1719 ἀσθενήσας
531 1686 564 1724 τῇ
580 1683 684 1722 πίστει,
703 1699 713 1710 ι
727 1685 787 1714 ἀλλ’

18 1725 107 1766 ἷσλυρὰν
122 1728 200 1764 αὐτὴν
215 1728 305 1769 ἔχων,
327 1730 375 1758 οὐκ
394 1728 544 1769 ἀπέϐλεψεν
555 1728 591 1763 εἴς
603 1741 630 1759 τε
646 1729 676 1759 τὸ
692 1731 787 1759 οἰκεῖον

16 1772 94 1809 σῶμα,
109 1773 156 1809 ἤδη
170 1775 207 1813 τῷ
221 1774 314 1814 χρόνῳ
335 1773 529 1815 νενεκρωμένον
541 1797 549 1811 ,
567 1774 612 1804 καὶ
627 1775 664 1808 εἷς
684 1775 732 1811 τὴν
749 1777 787 1805 δι-

17 1816 71 1851 πλῆν
91 1817 210 1858 νέκρωσιν
234 1820 284 1854 τῆς
313 1819 415 1859 μήτρας
445 1819 554 1860 Σοίῤῥας
577 1820 642 1860 (καὶ
669 1819 720 1860 γὰρ
743 1821 788 1850 καὶ

18 1860 58 1889 ἀπὸ
70 1865 108 1891 τοῦ
123 1862 222 1903 γήρως,
239 1864 287 1893 καὶ
303 1863 356 1893 ἀπὸ
367 1866 414 1900 τῆς
429 1864 593 1904 στειρώσεως
605 1863 749 1904 νενέκρωτο
759 1865 770 1905 )
780 1877 786 1884 ·

17 1905 103 1945 οῦδὲθῆ
118 1909 249 1949 ιδιεκρίθη
260 1922 272 1935 ι
284 1908 343 1938 ἀντὶ
354 1911 410 1946 τοῦ,
425 1910 473 1939 οὖκ
486 1910 633 1940 ἐνεδοίασεν
649 1911 727 1947 ὅλως,
741 1911 789 1940 οὐκ

18 1949 156 1991 ἀμφέϐαλεν,
181 1967 193 1980 ι
210 1953 272 1984 ἀλλ’
293 1953 449 1993 ἐδυναμώθη
473 1956 506 1995 τῇ
521 1954 621 1986 πίστει.
635 1968 647 1982 ι
662 1954 737 1995 Ὅρα
750 1955 788 1993 δὲ,

17 1995 61 2040 πῶς
92 1997 199 2028 δείκνυσι
226 1998 274 2028 τὸν
312 1999 487 2037 πιστεύοντα,
523 2000 625 2037 πολλῆς
654 2000 790 2040 δυνάμεως

18 2039 127 2079 δεόμενον.
156 2044 259 2074 Πολλοὶ
286 2044 337 2084 γὰρ
365 2044 529 2081 ἐξηυτέλιζον
550 2045 598 2082 τὴν
619 2039 728 2081 πίστιν,
755 2048 790 2081 ὡς

18 2084 95 2131 (imm
108 2093 217 2129 πρᾶγμα
230 2101 236 2108 ·
255 2088 290 2118 τὰ
303 2089 332 2118 δὲ
347 2089 411 2130 ἔργα
427 2089 588 2130 ἐμεγάλυνον
599 2114 607 2129 ,
623 2093 658 2125 ὡς
676 2091 790 2131 ἱδρῶτας

19 2128 110 2177 ἔχοντα,
124 2134 167 2163 καὶ
187 2133 301 2174 δύναμιν
317 2135 494 2166 ἀπαιτοῦντα.
509 2137 601 2165 Δεῑται
622 2138 696 2176 γοῦν,
713 2139 788 2177 φησὶ,

845 917 920 945 enim
934 917 987 946 hoc
1012 917 1070 945 ﬁeri
1084 917 1185 954 potuit,
1200 916 1337 953 siquidem
1362 918 1386 945 is
1402 928 1414 941 ιι
1424 921 1523 953 praeter
1537 925 1638 954 Spem»

842 962 993 990 humanam
1011 962 1065 990 «in
1079 970 1127 998 spe
1138 972 1152 988 ι)
1168 962 1261 990 divina
1278 973 1291 987 α
1316 961 1445 996 credidit,
1461 967 1492 990 ut
1504 962 1581 991 ﬁeret
1592 971 1639 998 pa-

843 1011 884 1036 ter
903 1007 1055 1036 multarum
1071 1007 1205 1043 gentium,
1224 1018 1237 1031 υ
1252 1015 1310 1035 non
1334 1006 1539 1035 lsmaelitarum
1554 1009 1638 1041 (nam

841 1052 880 1080 illi
892 1061 948 1081 non
960 1051 1111 1081 secundum
1125 1051 1219 1086 ﬁdem,
1232 1051 1281 1080 sed
1296 1051 1449 1080 secundum
1462 1060 1577 1081 carnem
1607 1060 1639 1081 ex

843 1105 875 1126 eo
886 1097 1090 1127 descenderunt
1100 1097 1121 1134 ),
1136 1097 1187 1126 sed
1198 1105 1295 1126 earum
1316 1104 1378 1134 qua:
1391 1097 1543 1126 secundum
1557 1097 1640 1127 ﬁdem

844 1147 911 1171 sunt
924 1143 963 1170 illi
975 1142 1097 1171 similes?

877 1188 967 1216 Vens.
985 1190 1076 1222 19,21.
1106 1199 1119 1212 ιι
1149 1187 1307 1217 Secundum
1331 1186 1408 1224 quod
1430 1187 1537 1216 dictum
1560 1191 1602 1217 est
1630 1198 1638 1218 :

842 1232 886 1261 Sic
894 1233 946 1261 erit
958 1241 1054 1262 semen
1067 1236 1146 1261 tuum
1159 1235 1181 1260 °.
1197 1234 1232 1261 Et
1245 1240 1302 1261 non
1316 1232 1470 1262 inﬁrmatus
1482 1233 1559 1262 estin
1573 1233 1640 1270 ﬁde,

841 1286 892 1307 nec
899 1278 1082 1307 consideravit
1092 1286 1174 1307 suum
1185 1278 1271 1314 ipsius
1280 1286 1380 1316 corpus
1391 1283 1560 1314 emortuum,
1576 1287 1641 1308 cum

838 1323 900 1360 jam
912 1323 970 1352 fere
981 1327 1094 1352 centum
1108 1327 1180 1352 esset
1197 1331 1346 1359 annorum,
1361 1327 1389 1352 et
1409 1328 1566 1353 emortuam
1578 1324 1641 1352 vul-

842 1377 905 1396 vam
921 1369 1008 1397 Sam.
1023 1369 1056 1396 ιιι
1068 1368 1249 1405 promissione
1262 1373 1357 1397 autem
1367 1368 1419 1397 Dei
1432 1377 1490 1398 non
1504 1368 1642 1398 haesitavit

842 1413 1005 1448 difﬁdentia,
1020 1413 1069 1442 sed
1086 1413 1258 1443 confortatus
1273 1417 1315 1444 est
1337 1413 1404 1448 ﬁde,
1428 1413 1498 1443 dans
1523 1414 1640 1452 gloriam

844 1460 914 1494 Deo,
935 1459 1092 1495 plenissime
1105 1459 1195 1488 sciens
1208 1459 1283 1496 quod
1298 1467 1468 1496 quaecunque
1481 1460 1642 1496 promiserit

841 1505 929 1539 Deus,
946 1509 1042 1541 potens
1060 1508 1103 1533 est
1121 1509 1149 1533 et
1161 1504 1260 1534 facere.
1279 1516 1291 1530 ι
1311 1504 1382 1541 Quia
1396 1505 1512 1540 dixerat,
1538 1505 1642 1534 Praeter

842 1557 920 1585 spem
941 1550 1088 1578 humanam
1113 1550 1142 1578 in
1156 1557 1203 1586 spe
1218 1550 1313 1578 divina
1341 1549 1467 1584 credidit,
1495 1549 1643 1579 conﬁrmat

841 1602 915 1622 nunc
938 1594 990 1623 hoc
1001 1594 1106 1631 ipsum,
1121 1594 1250 1631 inquiens
1273 1595 1379 1624 dictum
1405 1603 1465 1624 esse
1479 1595 1516 1624 ad
1539 1595 1642 1631 ipsum,

842 1651 855 1663 κ
871 1639 915 1668 Sic
937 1639 990 1668 erit
1014 1647 1109 1669 semen
1136 1644 1218 1669 tuum
1243 1644 1275 1668 ut
1299 1640 1387 1669 stella:
1413 1644 1441 1669 et
1467 1645 1499 1668 ut
1512 1648 1606 1670 arena.
1625 1652 1638 1666 ι

843 1695 855 1708 α
871 1685 931 1720 Ipse
943 1692 1007 1713 vero
1034 1696 1048 1710 ι
1076 1685 1106 1713 in
1129 1685 1184 1715 ﬁde
1211 1685 1423 1727 haudquaquam
1450 1685 1641 1721 labefactatus,

841 1729 889 1757 sed
902 1729 1006 1758 fortem
1016 1737 1080 1758 eam
1101 1730 1235 1763 retinens,
1245 1738 1302 1759 non
1316 1731 1434 1766 respexit
1450 1730 1485 1759 ad
1497 1731 1641 1768 proprium

841 1782 942 1810 corpus
949 1782 1042 1810 suum,
1061 1774 1121 1811 ipso
1135 1779 1260 1812 tempore
1270 1775 1331 1812 jam
1346 1779 1514 1811 emortuum,
1529 1784 1581 1805 nec
1590 1784 1639 1805 ex-

843 1823 937 1859 pendit
967 1831 1061 1852 secum
1093 1825 1170 1853 Saraa
1213 1824 1358 1852 matricem
1404 1824 1506 1861 duplici
1531 1825 1639 1854 ratione

843 1872 967 1897 enectam
981 1871 990 1903 (
1004 1868 1107 1897 etenim
1121 1873 1150 1897 et
1172 1868 1249 1897 senio
1271 1873 1299 1898 et
1318 1868 1462 1897 sterilitate
1489 1869 1550 1906 jam
1580 1874 1640 1898 erat

841 1913 987 1942 demortua
1000 1916 1020 1948 ),
1038 1923 1053 1940 α
1064 1921 1114 1942 nec
1124 1913 1268 1949 haesitavit,
1287 1925 1302 1939 ιι
1318 1913 1372 1942 hoc
1383 1917 1436 1948 est,
1449 1922 1506 1943 non
1521 1914 1637 1943 omnino

843 1958 989 1993 dubitavit,
1004 1958 1058 1995 35
1064 1966 1121 1987 non
1130 1958 1298 1996 ambigebat,
1313 1970 1327 1984 ι
1342 1959 1391 1988 sed
1405 1959 1458 1989 ﬁde
1467 1959 1641 1989 confortatus

843 2007 894 2032 est.
919 2014 934 2029 »
955 2005 1065 2033 Intuere
1087 2008 1192 2038 autem,
1205 2004 1319 2041 quinam
1335 2004 1463 2033 ostendat
1485 2004 1642 2034 credentem

843 2056 911 2085 opus
926 2052 1026 2078 habere
1040 2049 1127 2078 multa
1149 2050 1250 2078 virtute
1264 2058 1296 2078 ac
1309 2049 1444 2086 potentia.
1468 2051 1540 2078 Nam
1555 2050 1639 2087 pleri-

844 2102 896 2130 que
918 2094 1003 2123 ﬁdem
1028 2094 1239 2129 imminuerunt,
1255 2103 1306 2123 ceu
1320 2103 1379 2124 rem
1394 2095 1508 2124 minime
1521 2095 1641 2124 laborio-

845 2147 905 2167 sam
920 2148 927 2167 :
943 2147 1027 2176 opera
1043 2147 1106 2168 vero
1121 2139 1347 2177 magniﬁcarunt,
1371 2144 1403 2168 ut
1424 2148 1487 2177 qua:
1510 2140 1642 2170 sudorem

19 2174 53 2222 ξαὶ
74 2178 234 2222 ὃνπιστεύων
268 2179 386 2219 μεγοίλης
413 2181 459 2211 καὶ
483 2181 596 2216 δυνατῆς
619 2174 724 2222 ψυχῆς,
747 2180 789 2211 ἵνα

877 2193 880 2210 ξ
892 2174 971 2212 vires
977 2184 1123 2221 postulent.
1140 2174 1249 2222 Indiget
1262 2185 1357 2222 igitur,
1371 2174 1470 2222 inquit,
1477 2185 1501 2214 is
1521 2185 1568 2222 qui
1583 2193 1643 2214 cre-

19 2218 181 2268 δζακροθσηται
208 2225 270 2258 τοὺς
296 2218 344 2261 τῆς
368 2225 494 2260 ἀπιστίας
517 2218 662 2265 λογισμούς
667 2218 678 2243 ί
702 2225 792 2268 ὥσπερ

18 2258 53 2292 οὖν
68 2258 111 2311 ’καὶ
132 2258 255 2309 Ἀϐραὰμ
287 2258 535 2311 ἐνεδυναμώθη
555 2258 662 2301 luis-ret.
710 2258 792 2310 Πῶςξ

21 2319 32 2335 ε
45 2310 101 2357 Avite
123 2312 197 2348 δόξαν
218 2315 257 2354 τῷ
281 2315 345 2355 Θεῷ
359 2324 367 2332 ·
380 2326 394 2345 ι)
419 2316 467 2346 οὖκ
492 2310 682 2356 ἀνθρωπίνοις,
706 2316 791 2357 φησὶ,

18 2354 138 2399 πιστεύσας
147 2359 298 2399 λογισμοῖς,
318 2360 376 2389 ἀλλ’
391 2359 451 2395 ἄξια
467 2362 514 2397 τῆς
529 2354 574 2391 τοῦ
590 2362 662 2392 Θεοῦ
679 2354 755 2397 δόξης
765 2362 790 2381 ⁶¹

20 2398 214 2447 ξιιινοησάμενος,
240 2398 295 2434 καὶγ
317 2406 525 2447 πληροφορηθεὶς
551 2405 591 2436 ὅτι
616 2406 649 2436 τὰ
675 2405 793 2436 ἀδύνατα

20 2443 127 2477 δύναται·
152 2451 229 2479 τοῦτο
253 2451 304 2490 γὰρ
329 2443 390 2485 δόξα
410 2443 494 2482 Θεοῦ,
516 2449 585 2492 Ἄρα
609 2451 696 2481 τοίνυν
716 2453 730 2481 ὁ
755 2451 793 2491 μὴ

20 2491 144 2537 διοπεύων,
170 2493 239 2537 ἄλλα
263 2495 511 2537 πολυπραγμονῶν,
534 2491 564 2526 οὗ
586 2495 687 2532 δοξάζει
711 2497 791 2528 Θεόν.

22 2531 84 2586 ἒΕπεὶ
105 2538 131 2586 δὲ
153 2540 200 2586 οὐκ
220 2535 253 2577 ἦν
278 2542 293 2570 ὁ
316 2531 439 2582 Ἀέραόιμ
475 2531 583 2572 τελείων
598 2541 693 2572 ἑκατὸν
715 2543 794 2580 ἐτῶν,

23 2578 57 2608 διὰ
78 2585 149 2613 τοῦτο
172 2579 229 2615 εἶπε
245 2586 448 2627 κεκολασμένως
469 2586 519 2627 τὸ,
549 2598 565 2617 ιι
581 2587 796 2624 Ἑκατονταετής

24 2634 65 2654 που
78 2628 109 2660 ⁶⁵,
125 2642 136 2655 ι

10 2764 12 2770 ι
55 2754 65 2768 °
76 2753 139 2784 Gen.
153 2764 203 2790 xv,
219 2760 246 2786 5.

847 2228 899 2263 dit,
915 2237 1018 2266 magno
1036 2233 1064 2258 et
1089 2230 1194 2265 potenti
1207 2230 1314 2266 animo,
1327 2234 1359 2258 ut
1379 2230 1578 2259 incredulitatis
1591 2238 1642 2259 ra-

847 2276 1040 2305 tiocinationes
1049 2276 1179 2313 abigatac
1191 2277 1316 2313 repellat,
1332 2277 1445 2314 perinde
1456 2281 1540 2314 atque
1550 2277 1643 2306 Abra-

846 2321 946 2350 hamus
957 2321 986 2350 in
1009 2321 1062 2350 ﬁde
1077 2321 1216 2351 robustior
1228 2326 1269 2351 est
1282 2321 1418 2351 redditus.
1448 2322 1509 2358 Qua
1523 2322 1645 2352 ratione?

849 2378 861 2391 ι
875 2368 952 2395 Dans
973 2366 1090 2403 gloriam
1112 2368 1170 2395 Deo
1187 2377 1193 2396 :
1212 2378 1225 2392 ιι
1241 2375 1297 2396 non
1317 2367 1457 2403 humanis,
1482 2367 1584 2405 inquit,
1599 2376 1644 2397 ra-

847 2411 1071 2440 tiocinationibus
1097 2411 1181 2440 ﬁdem
1215 2412 1367 2447 adhibens,
1401 2413 1449 2441 sed
1482 2412 1566 2450 digna
1592 2413 1644 2443 Dei

847 2455 932 2493 gloria
955 2464 1048 2485 secum
1071 2457 1163 2485 animo
1183 2457 1311 2487 volutans
1341 2457 1507 2493 indubitate,
1536 2466 1646 2495 persua-

848 2509 895 2530 sus
909 2501 983 2538 quod
1007 2501 1189 2538 impossibilia
1209 2503 1296 2539 possit
1322 2502 1405 2532 :haec
1423 2503 1500 2532 enim
1529 2503 1579 2531 Dei
1605 2508 1647 2531 est

849 2546 943 2583 gloria.
965 2547 1097 2582 Quocirca
1110 2548 1158 2584 qui
1172 2555 1227 2576 non
1243 2548 1340 2583 credit,
1352 2548 1401 2577 sed
1410 2548 1438 2576 in
1453 2547 1551 2577 multis
1564 2547 1648 2576 rebus

851 2591 976 2620 curiosus
995 2596 1047 2627 est,
1060 2600 1115 2620 non
1130 2592 1264 2629 glorilicat
1275 2595 1367 2622 Deum
1382 2593 1463 2630 :quia
1476 2601 1540 2622 vero
1558 2591 1649 2620 Abra-

852 2637 920 2666 ham
928 2645 984 2666 non
995 2641 1053 2666 erat
1061 2637 1139 2674 plene
1146 2641 1258 2666 centum
1268 2646 1415 2675 annorum,
1428 2638 1490 2669 ideo
1504 2636 1648 2668 moderate

853 2682 933 2717 dixit,
951 2694 964 2708 α
980 2683 1128 2712 Annorum
1137 2682 1195 2713 fere
1204 2687 1326 2713 centum.
1337 2695 1352 2709 ι

702 2795 797 2826 Varia:
820 2794 969 2826 lectiones.

58 2847 75 2864 δι
90 2849 154 2878 εἶπον
168 2859 194 2880 o.
233 2852 256 2869 ⁵³
270 2854 304 2889 τῷ
315 2860 342 2882 ο.
381 2852 404 2872 ⁸³
418 2852 460 2880 καὶ
472 2852 501 2881 οὗ
515 2861 542 2883 o.
580 2853 602 2872 ⁸⁵
616 2854 708 2886 δόσεως
729 2862 768 2884 m.
806 2854 828 2874 ⁶⁸
843 2853 1019 2890 ἑκατονταετής
1033 2865 1080 2883 που
1091 2855 1126 2882 ὤν
1140 2863 1177 2883 [η
