1901 3077
250 191 302 217 309

281 251 372 279 Vsns.
388 251 474 278 22-25
488 260 501 273 σι
517 248 583 277 Ideo
608 249 780 285 imputatum
809 250 888 279 estei
902 249 939 279 ad
961 249 1044 286 justi-
1058 257 1086 289 Α

247 295 326 324 tiam.
339 296 404 322 Non
417 297 513 322 autem
538 293 675 330 scriptum
689 298 731 322 est
750 299 864 330 propter
878 295 968 330 ipsum
983 298 1046 323 tan-

247 343 310 368 tum
323 339 398 376 quod
420 339 593 375 Imputatnm
613 342 656 367 est
683 338 707 367 ei
729 339 924 376 adjustitiam,
952 339 999 368 sed
1019 343 1047 368 et

247 388 360 420 propter
381 391 444 418 nos,
467 383 567 419 quibus
600 383 788 420 imputabitur,
817 384 994 412 credentibus
1018 384 1047 412 in

246 437 313 458 eum
324 428 372 466 qui
383 427 524 457 suscitavit
532 429 628 457 Jesum
638 428 791 457 Dominum
805 433 931 457 nostrum
942 437 959 457 a
970 437 1048 457 mor—

245 474 310 508 tuis,
324 474 373 509 qui
395 472 515 502 traditus
532 477 575 501 est
589 477 701 510 propter
721 473 825 502 delicta
838 478 944 509 nostra,
965 478 993 502 el
1006 481 1048 502 re-

245 518 364 547 surrexit
389 522 502 554 propter
524 517 754 554 justiﬁcationem
784 522 920 547 nostram.
941 530 955 543 »
968 520 1049 547 Post-

245 570 330 600 quam
345 567 374 591 et
387 562 481 591 multa
500 566 528 591 et
541 570 642 599 magna
657 562 692 591 de
705 562 865 592 Abrahamo
879 563 1004 597 dixisset,
1014 571 1050 591 ne

244 608 307 644 quis
332 607 476 644 objiceret,
487 607 594 644 Ecquid
606 607 658 636 ista
684 607 720 636 ad
738 609 814 636 nos?
840 607 945 643 subdit,
972 607 1049 644 quod

247 656 360 688 propter
370 660 423 680 nos
437 652 518 680 etiam
532 652 633 688 scripta
655 652 723 687 sint,
748 657 775 681 et
788 653 867 681 nobis
881 653 949 681 ﬁdes
959 653 1051 689 impu-

248 697 332 725 tanda
346 701 390 725 est
401 696 436 725 ad
445 697 686 734 justiﬁcationem,
695 697 778 726 modo
791 705 852 726 eam
862 697 1052 728 haduerimusv

251 752 264 767 ι
278 741 431 770 Credentes
445 742 476 770 in
490 750 554 770 eum
567 742 615 778 qui
627 742 759 770 excitavit
770 743 875 771 Jesum.
898 754 911 767 ι
928 742 978 770 Sin
1012 742 1050 771 du

245 786 317 816 bitas
330 786 470 823 quomodo
490 786 635 822 justiﬁcari
650 787 750 822 possis,
767 787 804 815 ob
825 787 918 815 oculos
941 787 1045 815 mentis

244 835 299 860 tua:
313 835 403 860 statue
409 832 505 860 Jesum
519 831 567 868 qui
576 831 742 860 oblitteravit
756 835 866 868 peccata
881 836 926 860 tua
937 833 1043 865 omnia.

244 876 291 912 qui
311 881 432 905 mortem
443 876 520 911 obiit,
535 884 594 904 non
606 884 672 905 sane
683 876 719 905 ob
733 877 875 912 proprium
900 876 1042 911 delictum,

756 187 1009 216 THEOPHYLACTI
1029 186 1207 215 BULGARUE
1226 185 1384 214 ARCHIEP.
1854 183 1894 210 400

1139 262 1152 276 ι
1175 248 1223 280 Διὸ
1245 247 1291 278 καὶ
1315 246 1438 286 ἐλογίσθη
1465 246 1539 287 αὖτῷ
1566 247 1602 280 εἰς
1630 244 1824 281 δικαιοσύνην.
1847 245 1894 274 Οὖι

1100 293 1203 335 ἐγράφη
1219 293 1247 323 δὲ
1271 294 1304 321 δι’
1325 292 1404 322 αὐτὸν
1427 292 1524 330 μόνον,
1546 290 1759 335 δτι-,Ἐλογίσθη
1784 290 1854 335 αιἰτῷ
1868 291 1895 322 εἰς

1100 330 1269 374 δικαιοσύνην
1282 347 1289 354 ·
1305 336 1374 366 ἀλλὰ
1387 335 1433 366 καὶ
1446 335 1559 374 δι’ἡμᾶς
1576 330 1614 369 οἷς
1625 334 1721 374 μέλλει
1741 334 1895 374 λογίζεσθαι,

1100 385 1154 416 τοῖς
1176 382 1344 413 πιστεύουσιν
1360 380 1405 411 ἐπὶ
1419 380 1464 410 τὸν
1482 380 1621 421 ἐγείραντα
1645 379 1756 416 Ἰησοῦν
1781 379 1827 408 τὸν
1852 378 1896 409 Κύ-

1102 439 1156 468 ριον
1170 429 1248 466 ἡμῶν
1262 428 1293 456 ἐκ
1308 427 1407 467 νεκρῶν
1420 438 1426 444 ·
1445 425 1472 459 ὃς
1487 425 1621 466 παρεδόθη
1642 425 1685 454 διὰ
1701 423 1741 454 τὰ
1757 423 1896 463 παραπτῶ·

1102 484 1175 511 ματα
1189 474 1266 510 ἡμῶν
1277 494 1286 507 ,
1302 471 1348 501 xui
1367 471 1467 510 ἠγέρθη
1483 469 1527 499 διὰ
1543 469 1592 511 ¹τὴν
1616 469 1762 499 δικαίωσιν
1785 470 1871 507 ἡμῶν.
1883 478 1894 496 ν

1102 509 1215 553 Ἐπειδὴ
1237 516 1324 546 πολλὰ
1346 509 1511 555 καὶγμέγαλα
1534 509 1592 544 εἷπε
1615 514 1741 554 περὶτοῦ
1770 513 1895 553 Ἀϐραὰμ,

1103 561 1146 591 ἵνα
1159 561 1196 600 μή
1211 574 1252 596 τις
1272 561 1352 600 εἴπῃ·
1378 559 1435 590 Καὶ
1452 561 1479 590 τί
1493 563 1579 590 ταῦτα
1600 559 1665 599 πρὸς
1686 561 1782 597 ἡμᾶς
1808 558 1893 599 φησὶν,

1103 607 1143 636 ὅτι
1158 606 1213 637 Kui
1226 606 1258 636 δι’
1279 609 1351 644 ἡμᾶς
1365 605 1486 645 ἐγράφη,
1506 604 1552 634 καὶ
1573 606 1638 643 ἡμῖν
1665 603 1765 642 μέλλει
1788 606 1806 639 ἡ
1821 603 1895 636 πίστις

1103 651 1253 691 λογίζεσθαι
1281 652 1317 685 εἰς
1343 649 1499 688 δικαίωσιν,
1529 648 1609 688 μόνον
1637 648 1742 685 ταύτην
1775 647 1894 688 ἔχοιμεν,

1103 697 1271 730 πιστεύοντες
1295 695 1339 725 ἐπὶ
1363 695 1407 724 τὸν
1433 695 1571 735 ἐγείραντα
1596 693 1701 730 Ἰησοῦν
1713 692 1754 721 θσ.
1775 693 1809 723 Εἰ
1824 693 1850 721 δὲ
1864 693 1895 721 ἐν·

1105 742 1232 778 δοιάζεις,
1249 742 1305 774 πῶς
1325 740 1436 770 δύνασαι
1453 740 1627 775 δικαιωθῆναι
1648 738 1673 758 ⁶⁷
1685 761 1694 775 ,
1716 737 1846 774 ἐννόησον
1862 737 1894 766 τὸν

1099 785 1186 816 πάντα
1210 785 1396 826 ἄπαλείψαντά
1411 796 1459 814 σου
1481 784 1516 814 τὰ
1533 783 1722 825 ἁμαρτήματα
1741 782 1858 819 Ἰησοῦν,
1874 782 1894 814 ὃς

1098 830 1144 860 xui
1156 831 1296 867 ἀπέθανεν,
1311 831 1341 860 οὖ
1365 829 1398 859 δι’
1420 829 1521 859 οἰκείαν
1544 828 1696 868 ἁμαρτίαν,
1723 827 1800 858 ἀλλὰ
1821 826 1894 862 τῆν⁶⁸

1097 878 1142 905 τοῦ
1156 875 1259 915 κόσμου
1270 875 1306 905 (³ο.
1323 874 1404 905 Ἐπεὶ
1418 874 1445 904 δὲ
1460 874 1595 914 ἁμαρτίαν
1609 874 1657 904 οὐκ
1671 873 1746 913 ἔχων
1759 873 1890 909 ἀπέθανεν,

243 928 341 949 verum
359 925 470 957 propter
486 920 587 950 delicta
609 921 715 950 mundi.
734 921 805 956 Quia
817 930 881 950 vero
900 925 1042 958 peccatum

1098 920 1202 954 εἰκότως
1231 919 1277 950 xui
1302 918 1410 956 ἀνίστη.
1440 921 1503 953 Πῶς
1529 917 1580 959 γὰρ
1604 918 1718 958 ἔμελλεν
1745 918 1890 957 ἐνσχεθῆναι

243 973 300 994 non
314 965 419 994 habens
442 970 569 994 mortuus
584 970 635 999 est,
661 966 762 995 merito
773 966 859 995 etiam
881 967 1038 995 resurrexit.

243 1011 303 1047 Qua
322 1010 399 1039 enim
421 1011 525 1039 ratione
538 1011 573 1039 ab
596 1010 692 1039 inferis
704 1010 820 1039 detineri
833 1012 977 1048 potuisset,
993 1011 1041 1047 qui

245 1056 323 1084 omni
339 1064 451 1092 prorsus
465 1060 579 1092 peccato
600 1056 735 1084 vacabat?
749 1058 878 1085 Mortuus
902 1060 944 1085 est
957 1057 1041 1093 igitur

243 1104 272 1129 et
284 1100 442 1135 resurrexit,
459 1105 491 1129 ut
513 1105 542 1129 et
566 1108 582 1129 a
596 1101 716 1137 peccatis
735 1101 871 1135 liberaret,
896 1105 924 1130 et
950 1101 1042 1137 justos

243 1144 375 1174 efﬁceret.
403 1145 645 1180 Quemadmodum
665 1145 748 1182 igitur
771 1145 911 1174 Abraham
927 1145 1043 1174 eﬁetum

243 1198 325 1218 suum
348 1198 448 1227 corpus
459 1189 575 1218 credidit
594 1189 746 1219 fecundum
765 1190 841 1219 reddi
857 1200 865 1219 :
891 1199 947 1219 non
962 1189 1043 1218 dissi-

1093 966 1132 1005 τῷ
1147 965 1199 1006 ᾅδῃ
1221 967 1235 995 ὃ
1256 963 1462 1004 ἇναμάρτητος;
1480 963 1620 993 Ἀπέθανεν
1646 958 1692 992 οὖν
1709 963 1760 992 καὶ
1778 962 1885 998 ἀνέστη,

1094 1008 1137 1039 ἵνα
1155 1010 1201 1039 καὶ
1213 1009 1352 1049 ἁμαρτιῶν
1368 1008 1523 1049 ἀπαλλάξῃ,
1538 1008 1584 1038 xui
1599 1007 1720 1042 δικαίους
1735 1007 1887 1048 ἐργάσηται.

1093 1053 1203 1095 ⁴⁷Ωσπερ
1231 1055 1317 1084 τοίνυν
1345 1055 1360 1084 ὁ
1376 1053 1520 1094 Ἀϐραὰμ,
1537 1053 1567 1083 τὸ
1584 1054 1678 1082 ἑαυτοῦ
1705 1055 1790 1091 σῶμα
1812 1051 1891 1090 νεκρὸν

1096 1097 1141 1136 ὂν,
1157 1099 1296 1129 ἐπίστευσε
1319 1100 1514 1139 ζωγονηθῆναι
1525 1109 1533 1117 ·
1554 1097 1624 1127 οὕτω
1638 1097 1686 1127 xui
1709 1096 1745 1127 σὺ
1760 1096 1890 1126 πίστευσον

1096 1142 1137 1172 ὅτι
1154 1143 1256 1180 Ἰησοῦς
1280 1143 1396 1173 ἀπέθανε
1419 1143 1464 1173 καὶ
1489 1142 1608 1181 ἀνέστη,
1634 1142 1680 1172 xui
1708 1141 1887 1182 λογισθήσεται

1097 1187 1143 1217 καὶ
1159 1188 1201 1218 σοὶ
1214 1189 1249 1222 εἷς
1265 1188 1446 1227 δικαιοσύνην,
1462 1187 1553 1227 ὥσπερ
1569 1187 1615 1217 καὶ
1629 1189 1667 1227 τῷ
1689 1186 1853 1227 προπάτορι.

244 1235 342 1264 milem
355 1235 391 1264 ad
410 1234 526 1263 modum
543 1239 572 1263 et
586 1239 616 1263 tu
635 1235 717 1264 crede
735 1235 811 1271 quod
828 1236 907 1264 Jesus
923 1239 1052 1264 mortuus
1072 1241 1115 1265 est
1129 1241 1158 1266 et
1176 1237 1336 1273 resurrexit,
1355 1242 1383 1267 et
1396 1237 1579 1274 imputabitur
1597 1236 1648 1265 tibi
1667 1236 1756 1265 etiam
1769 1235 1805 1264 ad
1814 1234 1886 1271 justi-

243 1280 321 1316 tiam,
335 1288 415 1317 aeque
425 1288 457 1309 ac
468 1279 636 1317 progenitori
657 1284 706 1308 tuo
720 1280 891 1310 Abrahamo.

548 1339 671 1367 CAPUT
686 1339 720 1367 V.

279 1397 370 1425 Vnns.
388 1397 444 1429 1,2.
459 1406 471 1420 α
499 1394 646 1423 Justiﬁcati
660 1402 725 1430 ergo
746 1402 778 1422 ex
804 1394 869 1430 ﬁde,
887 1402 981 1431 pacem
996 1394 1042 1424 ha-

243 1441 358 1469 beamus
369 1448 433 1477 erga
456 1442 546 1468 Deum
569 1447 618 1476 per
631 1439 784 1468 Dominum
807 1443 935 1468 nostrum
946 1441 1041 1468 Jesum

1384 1339 1532 1370 ΚΕΦΑΛ.
1551 1338 1595 1369 E'.

1137 1401 1357 1442 «ξΔικαιωθέντες
1381 1397 1424 1431 οὖν
1448 1403 1478 1432 ἐκ
1502 1401 1630 1438 πίστεως,
1656 1400 1768 1442 εἰρήνην
1793 1401 1883 1440 ἔχωμεν

1096 1446 1159 1486 πρὸς
1173 1447 1217 1476 τὸν
1232 1447 1317 1483 Θεὸν,
1330 1446 1374 1476 διὰ
1385 1449 1429 1476 τοῦ
1443 1446 1543 1486 Κυρίου
1559 1448 1636 1485 ἡμῶν
1647 1446 1743 1482 Ἰησοῦ
1758 1447 1882 1486 Χριστσῧ’

242 1485 394 1520 Christum,
423 1492 472 1520 per
494 1492 579 1521 quem
605 1488 634 1512 et
656 1491 797 1512 accessum
825 1483 958 1513 habemus
992 1493 1040 1521 per

1098 1483 1128 1520 δι’
1143 1487 1172 1521 οὗ
1198 1491 1244 1521 xui
1268 1491 1316 1528 τὴν
1341 1483 1518 1531 προσαγωγίλιν
1546 1483 1701 1531 ἐσχήκαμεν
1726 1493 1763 1530 τῇ
1788 1483 1880 1523 πίστει,

242 1530 328 1558 ﬁdem
340 1530 369 1558 in
375 1529 493 1566 gratiam
508 1530 594 1557 istam
603 1528 633 1556 in
646 1536 699 1564 qua
714 1532 830 1563 stamus,
844 1534 873 1557 et
890 1529 1040 1566 gloriamur

1098 1537 1129 1571 εἰς
1153 1535 1201 1572 τὴν
1222 1536 1300 1577 χάριν
1314 1527 1413 1572 ταύτην
1424 1527 1440 1572 ,1
1449 1527 1481 1565 ἐν.
1527 1527 1679 1574 ἔστη-καμεν
1688 1558 1698 1575 ,
1714 1527 1763 1565 xui
1785 1533 1879 1574 καυχώ-

243 1575 273 1602 in
287 1582 335 1610 spe
348 1574 444 1610 gloriae
455 1573 516 1602 Dei.
533 1585 546 1598 ιι
570 1575 609 1601 De
623 1573 684 1602 vitae
704 1574 812 1602 ratione
835 1573 881 1602 hic
897 1573 1009 1602 disserit
1029 1583 1036 1603 :

243 1623 390 1655 postquam
405 1618 479 1646 enim
500 1618 536 1646 de
553 1617 607 1646 ﬁde
629 1617 744 1654 quidem
762 1618 893 1654 praeclara
920 1618 1037 1654 dixerat,

243 1671 326 1699 opera
336 1670 401 1691 vero
416 1663 602 1697 imminuerat,
618 1670 653 1691 ne
672 1663 732 1699 jam
751 1663 880 1691 socordes
892 1663 989 1699 simus,
1005 1664 1038 1692 de

243 1708 305 1736 vitae
311 1707 438 1743 deinceps
445 1707 565 1736 formula
575 1707 655 1736 verba
661 1707 735 1736 facit.
745 1708 816 1743 Quia
823 1707 893 1736 ﬁdes
902 1716 953 1736 nos
959 1708 1039 1745 justi-

243 1753 346 1787 ﬁcavit,
359 1752 458 1789 inquit,
471 1760 530 1781 non
542 1752 661 1789 amplius
673 1760 827 1788 peccemus,
846 1761 942 1781 verum
953 1766 965 1778 ιι
983 1755 1039 1782 Pa-

242 1805 303 1827 cem
315 1797 465 1826 habeamus
476 1805 541 1834 erga
550 1799 652 1832 Deum,
661 1809 673 1822 ιο
691 1805 739 1834 per
753 1798 839 1826 vitam
850 1798 907 1834 36
921 1799 972 1834 ipsi
984 1799 1039 1827 mi-

241 1843 518 1879 nimedisplicentem.
529 1843 675 1877 Quomodo
687 1847 781 1871 autem
789 1842 866 1871 istud
883 1843 1041 1880 continget?

243 1900 256 1913 σι
272 1890 324 1917 Per
333 1888 612 1917 Dominumnostrum
618 1889 713 1917 Jesum
719 1887 869 1917 Christum.
878 1900 892 1912 »ι
905 1889 1039 1924 Quienim

237 1932 398 1970 justiﬁcavit
411 1941 464 1962 nos
477 1941 540 1961 cum
564 1937 723 1969 peccatores
748 1941 883 1968 essemus,
904 1933 1041 1969 adiuvabit

241 1978 326 2007 etiam
334 1986 385 2006 nos
394 1982 427 2006 ut
435 1977 626 2006 custodiamur
635 1978 662 2005 in
665 1977 773 2013 justitia
781 1978 866 2013 ipsius
876 1986 882 2004 :
895 1985 943 2014 per
948 1978 1039 2014 ipsum

241 2023 316 2051 enim
323 2030 463 2050 accessum
472 2022 651 2050 obtinuimus.
663 2021 744 2057 Quod
753 2021 774 2049 si
788 2030 852 2050 cum
864 2022 957 2058 procul
969 2031 1040 2052 esse-

241 2074 304 2095 mus
312 2066 425 2095 adduxit
432 2074 494 2101 nos,
503 2066 592 2094 multo
603 2066 691 2102 magis
698 2065 844 2094 viciniores
858 2074 909 2094 nos
919 2067 1040 2097 redditos

242 2110 379 2139 retinebit.
396 2110 518 2139 Adduxit
532 2114 623 2138 autem
637 2118 689 2138 nos
711 2121 724 2135 κ
740 2110 769 2137 in
783 2111 899 2147 gratiam
922 2111 1001 2140 hanc.
1025 2125 1038 2138 ν

1094 1583 1160 1619 μεθα
1175 1581 1219 1610 ἐπὶ
1241 1580 1328 1611 ἐλπίδι
1343 1583 1389 1617 τῆς
1412 1580 1487 1618 δόξης
1509 1583 1556 1610 τοῦ
1579 1581 1663 1611 Θεοῦ.
1682 1593 1697 1609 ν
1719 1580 1791 1620 Περὶ
1814 1579 1881 1608 πολι-

1093 1625 1164 1659 τείας
1190 1627 1301 1656 ἐνταῢθα
1325 1625 1486 1664 διαλέγεται.
1526 1625 1640 1662 Ἐπειδὴ
1669 1625 1722 1666 γὰρ
1756 1624 1818 1664 περὶ
1842 1621 1879 1662 μὲν

1092 1670 1205 1704 πίστεως
1222 1665 1279 1700 εἷπε
1299 1671 1419 1710 μεγάλα,
1443 1670 1477 1701 τὰ
1495 1671 1522 1700 δὲ
1547 1670 1612 1710 ἔργα
1637 1669 1824 1707 ἐξηυτέλισεν,
1845 1666 1880 1695 ἶνα

1093 1714 1131 1754 μὴ
1152 1715 1418 1756 ἀποῤῥᾳθυμήσωμεν
1433 1715 1469 1752 ⁷ο,
1485 1716 1550 1756 φησὶ
1568 1715 1662 1745 λοιπὸν
1679 1716 1727 1745 καὶ
1743 1714 1805 1754 περὶ
1818 1712 1879 1753 βίον,

1092 1759 1132 1789 ὅτι
1147 1759 1259 1796 Ἐπειδὴ
1275 1762 1292 1796 ἡ
1307 1760 1395 1794 πίστις
1414 1760 1570 1791 ἐδικαίωσεν
1584 1762 1657 1799 ἡμᾶς
1667 1784 1674 1796 ,
1692 1759 1791 1798 μηκέτι
1805 1759 1880 1796 ἁμαρ-

1093 1804 1213 1843 τάνωμεν
1223 1827 1231 1842 ,
1246 1806 1307 1834 ἀλλ’
1320 1819 1332 1832 α
1348 1805 1465 1845 Εἰρήνην
1478 1805 1582 1846 ἔχωμεν
1597 1806 1664 1845 πρὸς
1672 1805 1718 1835 τὸν
1733 1804 1815 1839 Θεὸν,
1825 1816 1835 1828 ι
1847 1800 1879 1830 διὰ

1093 1851 1139 1878 τοῦ
1162 1850 1325 1890 ἀρεσκόντως
1346 1851 1419 1890 αὐτῷ
1436 1845 1510 1890 βιοῦν
1525 1849 1562 1881 ⁷⁴.
1594 1851 1657 1885 Πῶς
1672 1849 1699 1879 δὲ
1716 1852 1797 1880 τοῦτο
1811 1845 1879 1887 γενή-

1094 1905 1186 1931 σεται;
1208 1906 1223 1924 α
1242 1895 1295 1924 Διὰ
1315 1897 1361 1924 τοῦ
1384 1894 1482 1935 Κυρίου
1507 1897 1584 1934 ἡμῶν
1607 1894 1698 1931 Ἰησοῦ
1727 1895 1850 1935 Χριστοῦ.
1865 1902 1875 1918 ι

1094 1938 1128 1968 Ὁ
1151 1939 1203 1979 γὰρ
1223 1939 1368 1974 δικαιώσας
1388 1941 1459 1978 ἡμᾶς
1481 1939 1658 1980 ἁμαρτωλοὺς
1679 1939 1778 1977 ὄντας,
1795 1946 1876 1975 συνερ-

1093 1983 1170 2022 γήσει
1185 1983 1231 2013 καὶ
1254 1985 1291 2018 εἰς
1314 1984 1344 2014 τὸ
1362 1985 1529 2025 φυλαχθῆναι
1544 1979 1617 2024 ἡμᾶς
1634 1986 1661 2014 ἐν
1682 1987 1716 2025 τῇ
1742 1979 1878 2018 δικαιοσύνῃ

1093 2029 1184 2058 αὐτοῦ·
1200 2029 1233 2058 δι’
1250 2030 1330 2060 αὐτοῦ
1351 2029 1403 2069 γὰρ
1426 2030 1473 2059 καὶ
1484 2029 1544 2069 ,τὴν
1570 2029 1747 2070 προσαγωγὴν
1772 2027 1878 2068 ἐσχήκα-

1095 2084 1154 2110 μεν.
1168 2074 1200 2103 Εἰ
1215 2076 1276 2113 γοῦν
1295 2074 1401 2115 μακρὰν
1416 2074 1493 2109 ὄντας
1510 2075 1665 2116 προσ-ἤγαγε
1675 2097 1683 2112 ,
1704 2075 1795 2105 πολλῶ
1815 2071 1877 2110 μελ-

1094 2117 1138 2147 λον
1161 2117 1237 2157 ἔγγὺς
1260 2119 1415 2158 γενομένους
1440 2119 1554 2154 καθέξει.
1579 2120 1741 2160 Προσήγαγε
1768 2117 1795 2148 δὲ
1817 2118 1877 2154 ἡμᾶς

243 2156 304 2190 Quo
332 2154 439 2184 modo?
466 2156 498 2183 In
529 2155 592 2190 ﬁde,
609 2154 672 2205 _hoc
701 2159 753 2189 est,
779 2155 862 2184 ﬁdem
883 2155 1038 2186 afferentes.

1098 2175 1107 2188 ι
1115 2163 1151 2196 εἷς
1157 2162 1206 2198 τὴν
1214 2163 1294 2204 χάριν
1305 2163 1416 2201 ταύτην.
1428 2179 1439 2190 ιι
1450 2166 1529 2203 Πῶς;
1540 2164 1586 2196 Ἐν
1642 2165 1745 2203 πίστει,
1754 2160 1874 2195 τουτέστι,

241 2201 311 2236 Quae
325 2208 391 2229 vero
403 2200 478 2229 istaec
488 2204 531 2228 est
545 2199 646 2236 gratia?
660 2200 797 2229 Omnium
809 2200 948 2229 bonorum
965 2210 1042 2231 asse-

241 2245 326 2280 cutio,
342 2253 404 2282 quae
419 2252 466 2281 per
479 2244 618 2281 baptisma
628 2245 708 2273 nobis
728 2245 896 2282 obtigerunt.
916 2257 929 2271 α
944 2248 975 2274 In
989 2255 1042 2283 qua

241 2295 357 2326 stamus,
367 2302 380 2315 -
390 2289 590 2318 ﬁrmitudinem
596 2295 623 2318 et
630 2289 886 2320 immutabilitatem
897 2291 1040 2320 habentes.

241 2335 342 2364 Divina
349 2336 420 2363 enim
429 2335 502 2363 bona
509 2343 650 2370 nunquam
662 2342 718 2363 non
727 2339 812 2370 stant,
822 2344 911 2373 neque
920 2344 1041 2373 unquam

241 2379 380 2408 excidunt.
408 2381 467 2408 Nec
492 2388 523 2408 ea
537 2379 628 2408 solum
650 2387 712 2416 quae
732 2381 899 2417 accepimus,
923 2381 1042 2410 ﬁrmiter

240 2429 378 2460 tenemus,
400 2433 497 2453 verum
510 2425 562 2453 alia
582 2425 684 2461 pariter
698 2433 749 2454 nos
770 2433 931 2462 accepturos
953 2426 1042 2454 conﬁ-

240 2469 369 2499 dimus-
395 2470 553 2499 Gloriamur
569 2482 582 2494 ν
604 2477 735 2506 namque,
751 2470 847 2507 inquit,
873 2483 886 2496 -
913 2471 941 2499 in
964 2479 1011 2508 spe
1027 2483 1040 2496 ν

240 2515 379 2544 bonorum
392 2522 454 2551 qua:
468 2514 548 2544 nobis
570 2518 636 2543 sunt
660 2515 812 2544 obventura
829 2526 835 2544 :
851 2523 913 2553 qua:
927 2524 992 2545 cum
1006 2517 1041 2546 ad

242 2572 255 2585 ιι
284 2560 401 2597 gloriam
414 2560 466 2588 Dei
496 2571 509 2585 ι
534 2560 701 2596 pertineant,
716 2561 871 2589 necessario
889 2560 1040 2598 dabuntur,

239 2606 349 2635 etiamsi
363 2613 421 2634 non
431 2608 543 2642 propter
560 2613 612 2634 nos
632 2604 662 2634 id
674 2605 732 2640 ﬁat,
748 2613 842 2634 verum
857 2609 888 2634 ut
899 2606 956 2643 ipse
977 2607 1040 2644 glo-

239 2651 361 2681 riﬁcetur
382 2652 468 2680 Deus.

1097 2207 1187 2238 πίστιν
1212 2209 1415 2248 εἰσενεγκόντας.
1433 2209 1483 2243 Τίς
1506 2209 1533 2239 δὲ
1560 2213 1575 2246 ἡ
1603 2210 1700 2251 χάρις
1726 2209 1761 2240 Ἡ
1784 2206 1875 2236 πάντων

1096 2254 1148 2282 τῶν
1177 2253 1282 2292 ἀγαθῶν
1309 2254 1450 2294 ἐπιτυχία,
1479 2256 1530 2284 τῶν
1561 2254 1605 2284 διὰ
1632 2258 1678 2285 τοῦ
1707 2252 1877 2295 βαπτίσματος

1095 2299 1161 2335 ἡμῖν
1184 2293 1410 2338 προσγινομένων.
1441 2312 1455 2326 ι
1473 2299 1520 2330 Ἐν
1577 2293 1745 2338 ἑστήκαμεν,
1765 2310 1778 2324 ι
1795 2295 1823 2325 τὸ
1837 2293 1876 2338 βέῗ

1097 2342 1172 2372 ϐαιον
1187 2336 1291 2382 ἔχοντες
1306 2343 1351 2374 καὶ
1367 2336 1572 2384 ἀπερίτρεπτον.
1595 2345 1622 2375 Τ
1624 2344 1640 2374 ὰ
1662 2336 1714 2385 γᾶρ
1729 2344 1785 2374 θεῖα
1800 2336 1875 2385 iw,“

1096 2387 1137 2416 ἀεὶ
1152 2387 1278 2425 ἕστηκεν,
1302 2382 1428 2419 οὐδέποτε
1449 2382 1660 2428 μεταπίπτοντα.
1690 2382 1745 2420 Καὶ
1766 2387 1794 2418 οὗ
1817 2382 1873 2424 μόνα

1095 2435 1196 2470 ταῦτα,
1212 2432 1229 2462 ἃ
1244 2433 1376 2478 ἐλάϐομεν
1388 2456 1396 2471 ,
1417 2434 1531 2474 βεϐαίως
1546 2435 1642 2475 ἔχομεν
1653 2458 1661 2474 ,
1676 2433 1745 2465 ἀλλὰ
1759 2431 1806 2478 xui

1095 2477 1235 2516 ἐλπίζομεν
1249 2477 1353 2508 λαϐεῖν.
1368 2493 1380 2505 ιι
1391 2473 1563 2520 καυχώμεθα
1572 2473 1585 2506 ip
1595 2473 1657 2520 γὰρ,
1671 2479 1760 2520 φησὶν,
1772 2491 1784 2504 α
1796 2473 1834 2520 έπξ
1845 2473 1870 2508 τῇ

1095 2522 1182 2551 ἐλπίδι
1195 2537 1208 2550 ο
1220 2524 1272 2552 τῶν
1286 2523 1437 2562 μελλόντων
1452 2517 1526 2563 ⁷ἡμῖν
1542 2517 1649 2564 ἀγαθῶν
1669 2517 1785 2554 δίδοσθαι
1796 2533 1802 2539 ·
1816 2517 1872 2564 ἅπερ

1095 2567 1130 2601 εἷς
1145 2566 1221 2602 δόξαν
1245 2558 1316 2599 Θεοῦ
1332 2567 1415 2606 ὄντα,
1434 2558 1586 2609 ἀναγκαίως
1613 2569 1767 2606 δοθήσεται,
1792 2565 1813 2595 εἷ
1834 2558 1871 2591 καὶ

1095 2611 1133 2650 μὴ
1149 2612 1183 2641 δι’
1199 2614 1271 2652 ἡμᾶς
1280 2635 1290 2650 ,
1302 2613 1364 2643 ἀλλ’
1377 2612 1421 2643 ἵνα
1435 2616 1498 2654 γοῦν
1513 2614 1589 2649 αὐτὸς
1602 2614 1726 2655 δοξασθῇ.

940 2687 1046 2727 IVarias
1069 2689 1220 2722 lectiones.

274 2755 297 2774 ⁸⁸
323 2755 436 2792 Χριστον.
474 2754 497 2772 ⁸⁷
516 2754 628 2788 σωθῆναι
649 2754 691 2782 καὶ
713 2755 891 2789 δικαιωθῆναι,
914 2754 973 2782 ἀλλ’
995 2756 1129 2790 ἀξιωθῆναι
1143 2765 1170 2786 ο.

236 2796 282 2823 οὒκ
300 2798 430 2831 ἐποίησεν,
458 2795 514 2823 οὐδὲ
553 2795 638 2831 εὒρέθη
662 2796 736 2827 δόλος
767 2795 793 2824 ἐν
817 2799 853 2833 τῷ
873 2797 979 2834 στόματι
1007 2797 1084 2825 αὐτοῦ

238 2847 356 2874 μησωμιν
371 2845 399 2867 o.
440 2836 463 2855 ⁷¹
476 2836 623 2874 ἀρέσκοντος
637 2836 704 2873 αὐτῷ
720 2837 775 2872 βίου
790 2845 818 2866 ο.

1222 2757 1244 2774 σε
1258 2756 1326 2784 ἀλλὰ
1344 2757 1384 2785 διὰ
1406 2757 1452 2792 τὴν
1479 2767 1516 2788 rn.
1555 2757 1578 2776 θ’
1605 2758 1728 2795 ἁμαρτίαν
1743 2757 1788 2795 γὰρ
1809 2750 1867 2795 ei?“

1110 2807 1117 2831 ξ
1145 2797 1212 2825 ἀλλὰ
1242 2798 1287 2832 τὴν
1317 2799 1372 2836 περὶ
1401 2802 1446 2827 σοῦ
1471 2793 1665 2836 εὺσπλαγχνιαν⁷
1687 2808 1712 2830 ο.
1748 2793 1785 2814 ’τ’
1807 2793 1865 2830 ῥᾳθυ-
