1901 3077
17 198 55 224 401
479 193 653 222 EXPOSITIO
672 194 704 222 IN
724 192 830 221 EPIST.
856 192 901 220 AD
919 192 1001 220 ROM.
1023 207 1058 213 —
1076 192 1153 219 CAP.
1171 193 1205 220 V.

1603 194 1656 222 402

55 270 68 287 ιι
82 259 122 289 Οὔ
138 258 220 297 μόνον
234 258 262 289 δὲ
274 282 283 298 ,
304 258 372 289 ἀλλὰ
388 258 434 288 καὶ
450 258 613 298 καυχώμεθα
628 257 654 286 ἐν
677 256 734 290 ταῖς
747 256 805 285 θλί-

896 255 986 283 Vsas.
999 257 1057 289 3,4.
1076 266 1088 280 ι
1102 256 1165 284 Non
1179 255 1269 284 solum
1288 258 1391 289 autem,
1402 255 1450 284 sed
1468 260 1495 284 et
1505 257 1655 293 gloriamur

16 306 96 344 ψεσιν,
111 303 210 337 εἰδότες
233 304 273 333 δτι
296 306 314 341 ἡ
337 305 423 344 θλῐψις
448 302 583 341 ὑπομονὴν
601 301 801 342 κατεργάζεται·

16 351 31 383 ἡ
44 347 69 378 δὲ
82 348 204 387 ὑπομονή
218 371 226 385 ,
250 348 377 385 δοκιμήν·
400 350 418 384 ἡ
440 347 467 378 δὲ
483 347 594 387 δοκιμὴ,
607 347 703 377 ἐλπίδα
717 356 724 363 ·
741 348 758 382 ἡ
776 344 803 375 δὲ

18 393 84 426 ἐλπὶς
102 394 131 423 οὖ
147 394 334 434 καταισχύνει.
349 407 363 419 ι
388 394 430 424 Οὖ
446 392 542 431 μόνον,
564 392 662 433 φησὶν,
686 391 731 421 ἐπὶ
750 395 804 424 τοῖς

19 439 149 477 μέλλωσιν
174 440 284 478 ἀγαθοῖς
321 438 501 478 καυχώμεθα,
532 438 592 467 ἀλλ’
621 437 686 477 ὅπερ
714 435 804 475 μεῖζόν

20 485 80 519 ἐστι,
95 483 139 512 καὶ
163 483 209 512 ἐπὶ
233 485 292 516 ταῖς
306 485 351 512 νῦν
372 482 522 522 παρούσαις
542 484 607 521 ἡμῖν
621 481 738 522 θλίψεσι.
753 479 803 517 Μὴ

19 529 62 567 γὰρ
77 527 256 567 θῳυϐηθῆτε,
286 529 383 569 φησὶν,
408 528 449 557 ὅτι
474 527 637 565 θλιϐόμεθαα
663 525 727 556 αὐτὸ
751 525 804 566 γὰρ

19 575 86 601 τοῦτο
99 572 229 613 καύχημα
243 575 294 602 τοῦ
308 574 470 613 Χριστιανοῧ
482 572 518 600 ⁷⁵.
541 572 597 602 Καὶ
614 573 687 608 πῶς;
704 569 770 601 Ὀτι
785 571 802 606 ἡ

19 617 92 655 θλίψις
105 618 243 656 ὑπομονὴν
262 622 331 647 ποιεῖ
343 630 349 636 ·
369 619 387 653 ἡ
411 617 438 647 δὲ
465 616 605 656 ὑπομονὴ,
633 615 741 654 δόκιμον
757 615 803 644 τὸν

19 661 193 700 πειραζόμενον
215 662 242 682 ⁷³
263 663 460 702 ἀπεργάζεται·
485 661 591 700 δόκιμος
611 660 639 691 δὲ
664 660 803 700 γενόμενος

20 705 181 746 ὃάνθρωπος,
197 707 244 736 καὶ
261 708 364 748 easeas
379 707 424 737 ἐπὶ
446 708 486 747 τῷ
508 707 599 747 ἀγαθῷ
619 708 699 735 αῧτυῖῖ
715 716 802 735 συνει-

21 749 81 786 δότι,
100 750 139 781 ὅτι
153 751 198 781 διὰ
211 751 256 783 τὸν
277 752 347 782 Θεὸν
369 751 476 788 ἐθλίεη,
494 751 594 786 ἐλπίζει
608 750 655 784 τὰς
669 749 735 790 ὑπὲρ
749 752 803 780 τῶν

20 795 130 825 τοιούτων
154 797 269 838 θλίψεων
296 796 421 836 ἀμοιϐάς.
447 796 482 827 Ἣ
497 795 525 826 δέ
549 794 658 832 τοιαύτη
682 794 756 828 ἐλπὶς
775 795 804 824 οὗ

21 840 142 871 διαπίπτει
166 841 214 871 καὶ
237 842 409 882 καταισχύνει
433 841 478 871 τὸν
506 841 663 871 ἐλπίσαντα.
687 840 723 870 Αἱ
755 839 803 878 μὲν

21 885 62 924 γὰρ
77 886 239 926 ἀνθρώπιναι
256 886 358 920 ἐλπίδες
373 886 412 925 μὴ
438 886 628 922 ἐκϐαίνουσαι,
654 884 804 924 καταισχύο

23 942 82 959 γουσι
94 930 153 965 τοὺς
167 931 327 966 ἠλπικότας.
346 931 392 961 Ἐν
413 931 440 960 δὲ
454 935 513 964 ταῖς
527 930 609 964 θείαις
629 929 703 960 οὐδὶν
713 931 805 959 τοιοῦ-

23 985 66 1003 τον.
88 974 126 1004 '0
139 987 168 1005 τε
183 975 236 1016 γὰρ
252 976 336 1010 διδοὺς
347 975 381 1005 τὰ
396 976 483 1015 ἀγαθὰ
493 999 502 1014 ,
519 974 647 1009 ἀθάνατος
668 974 713 1004 καὶ
734 975 805 1013 ἀγα-

23 1018 56 1052 θός
66 1030 73 1038 '
86 1020 159 1058 ἡμεῖς
175 1033 205 1050 τε
220 1021 247 1040 ⁷⁴
268 1021 290 1050 οἱ
307 1021 449 1060 μέλλοντες
461 1019 553 1050 λαϐεῖν
567 1042 575 1056 ,
591 1019 640 1049 κᾶν
662 1018 804 1049 ἀποθάνω-

24 1074 76 1100 μεν,
89 1064 201 1104 ζήσομεν
215 1077 222 1084 ·
239 1065 286 1095 καὶ
299 1065 390 1095 λοιπὸν
403 1065 478 1095 οὖδὲν
497 1065 528 1095 τὸ
543 1063 644 1095 κωλύον
657 1063 704 1098 τὰς
727 1063 806 1093 ἐλπί-

24 1107 61 1141 δας
73 1111 134 1148 ἡμῖν
146 1109 272 1147 ἐκϐῆναι.

59 1189 71 1202 ι
85 1175 148 1208 Ὅτι
159 1180 176 1215 ἠ
192 1177 285 1217 ἀγάπη
300 1179 346 1208 τοῦ
363 1178 434 1208 Θεοῦ
454 1177 597 1218 ἐκκέχυται
619 1177 645 1206 ἐν
669 1176 728 1211 ταῖς
740 1188 806 1216 καρ-

26 1220 83 1255 δίαις
90 1223 164 1260 ἡμῶν
179 1223 223 1252 διὰ
240 1222 397 1262 Πνεύματος
413 1222 488 1262 ἁγίου
501 1225 547 1252 τοῦ
566 1222 686 1256 δοθέντος
701 1224 775 1260 ἡμῖν,
786 1231 801 1250 n

26 1266 156 1297 Πιστοῦται
167 1267 202 1297 τὰ
217 1268 352 1307 μέλλοντα
365 1268 417 1297 ἀπὸ
433 1270 480 1304 τῆς
495 1266 612 1307 ἀγάπης,
626 1266 659 1303 ἣν
674 1267 727 1303 ἤδη
744 1265 805 1306 περὶ

26 1311 85 1348 ἡμᾶς
98 1312 210 1346 ἐδείξατο
224 1315 239 1343 ὁ
252 1312 329 1346 Θεός.
344 1313 497 1353 Μονονουχὶ
509 1312 560 1351 γὰρ
573 1312 684 1342 τοιαῦτά
694 1312 719 1331 ⁷⁵
730 1322 804 1351 φησι·

26 1355 64 1391 Μὴ
77 1357 236 1398 ἀπιστήσῃς,
250 1357 291 1388 ὅτι
307 1361 325 1394 ἡ
341 1357 385 1387 ἐπὶ
406 1358 460 1391 τοῖς
477 1356 554 1391 θείοις
577 1358 651 1390 ἐλπὶς
665 1357 695 1386 οὗ
717 1355 806 1386 διαπί-

26 1411 85 1430 πτει.
100 1401 134 1432 Ὁ
148 1402 198 1444 γὰρ
207 1402 293 1436 οὕτως
306 1405 377 1441 ἡμᾶς
391 1403 549 1442 ἀγαπήσας,
562 1401 635 1432 ὥστε
650 1401 721 1435 υἱοὺς
735 1402 805 1431 Θεοῦ

26 1448 120 1482 ποιῆσαι
141 1448 246 1481 ἀπόνως
261 1448 376 1478 ἐντεῦθεν
392 1447 444 1485 ἤδη
467 1447 509 1477 διὰ
532 1446 689 1485 Πνεύματος
710 1445 803 1486 ἁγίου,

27 1491 73 1524 πῶς
85 1491 112 1521 οὗ
129 1492 153 1511 ⁷⁸
173 1492 256 1522 δώσει
277 1492 420 1533 στεφάνους
442 1492 510 1531 μετὰ
524 1490 585 1526 τοξος
605 1491 718 1528 πόνουςς
741 1490 805 1520 Ἐκ·

858 300 886 328 in
899 299 1132 335 tribulationibus,
1146 300 1265 329 scientes
1275 300 1352 337 quod
1375 300 1517 329 tribulatio
1544 302 1651 337 patien-

856 345 922 373 tiam
941 349 1071 381 operatur
1083 366 1092 379 ,
1114 345 1241 380 patientia
1253 349 1346 374 autem
1358 345 1561 382 probationem,
1589 354 1649 381 pro-

856 389 931 418 batio
944 398 1010 418 vero
1024 398 1114 426 spem,
1125 398 1188 426 spes
1199 394 1293 418 autem
1307 397 1365 418 non
1385 390 1539 426 pudefacit.
1557 400 1572 417 ι
1587 392 1649 419 Non

856 435 957 468 olum,
973 435 1072 472 inquit,
1087 435 1123 463 ob
1137 434 1229 464 futura
1245 435 1317 464 bona
1334 435 1496 472 gloriamur,
1515 435 1564 463 sed
1575 435 1650 472 quod

856 481 946 517 majus
957 484 1008 514 est,
1023 480 1059 508 ob
1074 484 1222 516 presentes
1236 481 1321 508 etiam
1346 485 1455 508 nostras
1476 479 1649 510 afﬁictiones.

856 526 897 553 Ne
915 525 991 553 enim
1010 525 1170 559 turbemini,
1198 525 1296 561 inquit,
1311 525 1385 561 quod
1400 525 1552 561 afﬂigimur
1568 536 1574 553 :
1597 525 1650 553 hoc

858 570 948 606 ipsum
973 569 1046 598 enim
1074 569 1222 598 Christiani
1236 574 1279 598 est
1297 570 1433 606 gloriatio.
1456 570 1516 605 Qua
1530 570 1648 598 ratione?

855 614 991 650 Quoniam
1008 627 1020 639 α
1030 614 1144 643 afﬂictio
1157 614 1242 643 efﬁcit
1251 615 1423 651 patientiam,
1438 615 1570 651 patientia
1585 622 1650 644 vero

857 659 1003 695 probatum
1028 671 1041 684 ι
1068 667 1134 688 eum
1157 660 1205 696 qui
1228 663 1351 688 tentatur
1365 659 1457 688 reddit
1482 669 1490 688 :
1520 660 1652 696 probatus

857 708 950 732 autem
963 704 1048 732 homo
1059 704 1158 738 factus,
1172 709 1200 733 et
1213 704 1284 732 bona
1299 712 1348 733 sua
1367 704 1536 733 conscientia
1551 704 1649 739 fretus,

858 748 933 785 quod
948 753 1059 785 propter
1070 751 1160 777 Deum
1170 749 1342 784 sitafﬁictus,
1355 757 1405 785 pro
1417 749 1575 786 hujusmodi
1591 754 1652 778 tan-

857 793 921 822 dem
936 794 1015 822 malis
1025 794 1235 822 retributionem
1242 799 1340 830 sperat.
1353 794 1427 822 Talis
1442 798 1535 823 autem
1544 806 1557 819 «ι
1564 802 1627 831 spes
1638 806 1651 820 ι

858 845 914 866 non
931 838 1041 872 excidit,
1058 851 1071 863 ι
1086 847 1137 867 nec
1152 839 1289 875 pudefacit
1303 850 1315 862 -
1335 843 1499 876 sperantem.
1515 840 1655 868 Humana:

858 891 977 919 namque
987 891 1050 920 spes
1072 884 1094 912 si
1106 892 1163 912 non
1176 884 1336 919 succedant,
1359 884 1433 921 ipsos
1446 888 1588 920 sperantes
1602 892 1654 921 pu-

858 927 926 956 dore
949 927 1127 957 suffundunt.
1153 930 1185 957 In
1201 928 1304 957 divinis
1318 933 1413 958 autem
1436 929 1504 957 nihil
1519 929 1573 957 tale
1586 937 1654 957 con-

858 973 949 1009 tingit.
966 974 1018 1009 Qui
1032 974 1107 1002 enim
1126 973 1198 1002 bona
1212 973 1329 1007 confert,
1344 977 1372 1002 et
1394 973 1560 1002 immortalis
1575 978 1616 1002 est
1627 978 1656 1002 et

860 1018 959 1047 bonus.
986 1020 1027 1046 Ac
1049 1026 1100 1046 nos
1126 1019 1171 1055 qui
1186 1026 1283 1047 sumus
1302 1018 1451 1055 accepturi,
1474 1018 1580 1047 etiamsi
1596 1026 1655 1047 mo-

859 1063 975 1097 riamur,
1001 1063 1123 1092 vivemus
1137 1067 1229 1092 tamen
1246 1073 1253 1091 :
1269 1068 1297 1092 et
1310 1064 1338 1091 in
1364 1067 1505 1100 posterum
1520 1063 1589 1091 nihil
1604 1064 1656 1092 erit

859 1108 1010 1144 impediens
1022 1115 1084 1145 spes
1102 1113 1220 1142 nostras,
1232 1112 1235 1125 ν
1246 1109 1397 1145 quominus
1410 1108 1566 1137 succedant.

895 1181 984 1208 Vsus.
997 1182 1023 1208 5.
1042 1191 1055 1205 α
1080 1181 1146 1216 Quia
1160 1179 1281 1209 charitas
1295 1179 1345 1208 Dei
1365 1179 1466 1209 diffusa
1483 1183 1525 1209 est
1541 1180 1570 1208 in
1593 1188 1657 1209 cor-

859 1224 939 1253 dibus
950 1225 1054 1254 nostris
1066 1233 1115 1262 per
1134 1225 1269 1262 Spiritum
1286 1229 1423 1260 sanctum,
1438 1225 1485 1261 qui
1511 1225 1594 1254 datus
1617 1230 1659 1255 est

859 1269 947 1298 nobis.
971 1281 984 1294 ιο
999 1269 1093 1299 Fidem
1111 1271 1211 1298 astruit
1224 1270 1322 1299 futuris
1345 1277 1377 1298 ex
1402 1269 1560 1301 dilectione,
1574 1278 1657 1307 quam

857 1315 915 1351 jam
928 1319 1006 1343 antea
1019 1317 1094 1343 Deus
1106 1315 1187 1343 nobis
1201 1314 1336 1343 exhibuit.
1349 1314 1560 1351 Propemodum
1585 1316 1657 1344 enim

860 1359 923 1387 talia
935 1359 1010 1387 dicit.
1027 1361 1068 1388 Ne
1081 1359 1253 1394 despondeas
1269 1359 1396 1388 animum
1414 1369 1421 1388 :
1434 1367 1498 1388 nam
1512 1367 1575 1395 spes
1586 1360 1658 1388 circa

859 1403 953 1432 divina
978 1412 1035 1432 non
1045 1404 1157 1432 excidit.
1173 1404 1224 1438 Qui
1247 1404 1322 1432 enim
1343 1404 1413 1432 adeo
1437 1412 1489 1432 nos
1503 1404 1604 1439 dilexit,
1626 1409 1658 1432 ut

859 1455 911 1477 nos
920 1448 978 1484 jam
996 1448 1058 1476 inde
1072 1448 1141 1476 ﬁlios
1156 1448 1207 1476 Dei
1222 1447 1335 1482 faceret,
1351 1448 1421 1476 citra
1435 1452 1561 1476 nostrum
1584 1449 1658 1477 labo~

859 1500 918 1521 rem
933 1500 981 1528 per
991 1492 1123 1529 Spiritum
1133 1496 1271 1526 sanctum,
1291 1492 1432 1529 quomodo
1453 1500 1509 1521 non
1519 1492 1595 1521 dabit
1606 1501 1658 1521 no-

27 1534 121 1582 ξέίγται
136 1532 206 1574 οὖνὴ
221 1537 314 1577 ἀγάπη
327 1532 373 1567 τοῦ
387 1539 458 1568 Θεοῦ
469 1539 496 1567 ἐν
508 1538 568 1571 ταῖς
582 1536 704 1576 καρδίαις
718 1537 804 1582 ἡμῶν·

896 1545 1033 1566 scoronas
1053 1541 1115 1571 post
1141 1537 1261 1566 labores?
1274 1536 1371 1566 Effusa
1384 1541 1426 1566 est
1449 1537 1531 1574 igitur
1550 1537 1658 1566 dilectio

29 1580 76 1610 ἀντὶ
93 1584 154 1621 τοῦ,
178 1582 295 1624 δαψιλὴς
319 1582 365 1612 καὶ
388 1582 503 1612 πλουσία
526 1581 666 1622 φαίνεται,
691 1580 805 1622 ἐχόντων

896 1582 913 1610 ei
929 1582 956 1610 in
971 1582 1053 1611 corda
1076 1587 1181 1617 nostra,
1196 1582 1226 1611 id
1237 1586 1289 1615 est,
1309 1582 1382 1619 larga
1394 1587 1423 1611 et
1435 1582 1513 1611 dives
1522 1587 1634 1619 apparet
1649 1592 1656 1612 :

29 1626 91 1663 ἡμῶν
104 1627 130 1656 ἐν
143 1627 265 1669 καρδίαις
275 1628 307 1658 τὸ
320 1629 433 1667 Πνεῦμα
444 1649 454 1665 ,
468 1626 482 1657 ὃ
498 1626 594 1657 ἔδωκεν
608 1629 686 1666 ἡμῖν.

61 1729 72 1741 ι
90 1715 147 1747 Ἐτὶ
169 1717 222 1758 γὰρ
238 1717 355 1758 Χριστὸς
375 1717 457 1748 ὄντων
481 1719 558 1756 ἡμῶν
583 1717 715 1754 ἀσθενῶν,
737 1715 808 1746 κατὰ

30 1760 108 1800 καιρὸν
120 1761 182 1802 ὑπὲρ
195 1762 303 1793 ἀσεϐῶν
316 1762 441 1793 ἀπέθανε.
457 1762 542 1796 Μόλις
557 1762 610 1802 γὰρ
620 1761 687 1802 ὗπὶρ
706 1760 807 1791 δικαίου

29 1815 60 1839 τις
75 1807 250 1837 ἀποθανεῖται·
273 1807 339 1848 ὑπὲρ
362 1806 413 1848 γὰρ
439 1809 485 1837 τοῦ
506 1808 604 1846 ἀγαθοῦ
623 1806 694 1847 τάχα
708 1818 748 1839 τις
762 1806 808 1835 καὶ

30 1851 103 1891 τολμᾷ
117 1852 269 1883 ἀποθανεῖν.
288 1852 434 1889 Συνίστησι
449 1852 476 1882 δὲ
495 1852 544 1888 τὴν
559 1853 653 1881 ἑαυτοῦ
669 1851 776 1891 ἀγάπην
794 1853 807 1881 ὁ

31 1894 86 1929 Θεὸς
99 1899 130 1931 εἷς
141 1900 224 1936 ἡμᾶς,
239 1898 280 1928 ὅτι
296 1897 335 1927 ἔτι
351 1897 516 1938 ἁμαρτωλῶν
540 1896 623 1938 ὄντων
636 1897 724 1934 ἡμῶν,
738 1897 807 1935 Χρι-

31 1939 80 1974 στὸς
100 1941 160 1982 ὗπὲρ
181 1944 261 1981 ἡμῶν
277 1937 522 1982 ἀπέθανε-νΠολλῷ
545 1937 590 1972 οὖν
617 1942 719 1980 μᾶλλον
732 1965 739 1978 ,
765 1942 808 1971 δι-

32 1986 166 2021 καιωθέντες
179 1990 225 2017 νῦν
242 1989 270 2018 ἐν
286 1989 326 2028 τῷ
349 1986 444 2027 αἵματι
465 1988 545 2018 αὖτῶ
555 2009 563 2024 ,
581 1986 757 2024 σωθησόμεθα
774 1986 807 2016 δι’

33 2030 98 2059 αὐτοῦ
118 2032 168 2062 ἀπὸ
184 2034 232 2069 τῆς
258 2027 348 2073 ὀργῆς.
362 2043 377 2062 ι)
405 2027 508 2069 Εἶπεν,
533 2031 574 2062 ὅτι
599 2033 616 2068 ἡ
640 2031 733 2071 ἀγάπη
761 2035 808 2062 τοῦ

33 2073 90 2104 Θεοῦ
106 2076 233 2108 δείκνυται
260 2077 426 2118 ἐκκεχυμὲνη
448 2078 476 2107 ἐν
498 2077 556 2111 ταῖς
584 2076 704 2117 καρδίαις
728 2078 807 2116 ἡμῶν

34 2119 68 2148 διὰ
81 2123 121 2151 τοῦ
137 2122 313 2162 Πνεύματος,
333 2123 347 2152 ὃ
369 2123 466 2163 ἔχομεν
489 2123 516 2152 ἐν
540 2123 631 2156 αὖταῖς
647 2121 719 2152 δοθὲν
741 2122 806 2162 παρ’

35 2165 106 2195 αὖτοῧ·
117 2167 159 2197 καὶ
172 2167 211 2198 ἔτι
228 2163 274 2198 οὖν
296 2168 411 2198 δείκνυσι
430 2168 461 2199 τὸ
479 2169 526 2204 τῆς
550 2167 655 2207 ἀγάπης
677 2166 804 2207 μέγεθος,

35 2209 59 2253 ix
68 2213 106 2241 τοῦ
118 2212 256 2243 ἀποθανεῖν
273 2213 317 2243 τὸν
338 2212 454 2253 Χριστὸν
469 2212 536 2253 ὑπὲρ
551 2226 564 2239 ι
577 2213 654 2251 ἡμῶν
669 2213 787 2242 ἀσθενῶν
796 2227 808 2238 ι

35 2252 111 2299 ὄντων,
134 2257 276 2295 τουτέστιν,
291 2252 607 2299 ἁμαρτωλῶν(ἀώένεια
621 2257 674 2297 γὰρ
689 2258 707 2294 ἡ
722 2257 811 2299 ἆμαρ-

35 2298 84 2336 τία,
96 2300 181 2343 ὥσπερ
193 2305 210 2339 ἡ
228 2298 383 2339 δικαιοσύνη
395 2303 488 2343 ὑγεία)
500 2315 507 2322 ε
520 2303 566 2333 καὶ
578 2303 608 2332 οὔ
624 2302 703 2341 μόνον
717 2298 812 2343 ἆμαρ-

35 2345 110 2374 τωλῶν
123 2347 218 2385 ὄντων,
233 2348 303 2378 ἀλλὰ
317 2349 363 2378 καὶ
379 2361 392 2375 ι
407 2347 512 2378 ἀσεϐῶν
523 2371 532 2387 ,
546 2362 558 2375 ι
574 2347 605 2378 τὸ
615 2349 714 2388 χεῖρον,
723 2348 810 2378 καίτοι

36 2389 89 2429 ὑπὲρ
101 2391 196 2423 δικαίου
220 2393 296 2433 μόλις
318 2405 357 2427 τις
377 2394 560 2425 ἀποθανεῖται.
588 2392 743 2433 Ὑπερϐολὴ
763 2389 809 2423 οὖν

37 2433 140 2477 ἀγάπης,
158 2438 187 2467 τὸ
200 2437 268 2478 ὑπὲρ
282 2439 449 2478 ἁμαρτωλῶν
464 2438 511 2468 καὶ
532 2437 637 2468 ἀσεϐῶν
654 2438 807 2470 ἀποθανεῖν.

37 2478 69 2524 ’ξὸ
81 2480 121 2518 δὲ,
145 2494 160 2510 ι
176 2483 254 2514 Κατὰ
283 2483 390 2524 καιρὸν,
407 2497 418 2510 1
440 2483 592 2522 τουτέστιν,
611 2484 638 2513 ἐν
664 2485 703 2523 τῷ
728 2494 810 2523 προσ-

38 2522 113 2570 ἥκοντι
121 2527 163 2557 καὶ
176 2522 471 2570 προωρισμένῳηχρόνῳ
480 2540 486 2547 ·
500 2528 543 2558 ὅτε
556 2528 607 2569 γὰρ
619 2524 652 2565 ἦν
668 2522 789 2569 εὗκαιρον
799 2551 809 2566 ,

38 2569 86 2599 τότε
99 2572 231 2604 ἀπέθανεν.
248 2573 326 2604 Ἐπεὶ
349 2569 394 2604 οὖν
416 2574 459 2603 διὰ
482 2573 531 2610 τὴν
548 2574 654 2613 ἀγάπην
679 2572 810 2612 ἀπέθανε,

40 2613 75 2642 διὰ
86 2615 109 2646 δὲ
118 2620 160 2646 τοῦ
172 2619 284 2649 θανάτου
300 2619 451 2656 ἐδικαίωσε,
466 2620 559 2660 πολλῷ
574 2619 675 2660 μᾷλλον
698 2619 750 2649 ἀπὸ
765 2622 811 2650 τοῦ

40 2660 76 2706 ’ἓν
88 2661 160 2706 σῴσει
175 2665 245 2701 ἡμᾶς
259 2664 314 2694 ἀπὸ
336 2665 384 2700 τῆς
398 2665 496 2706 ὀργῆς,
518 2664 562 2698 οὓς
584 2663 636 2701 ἤδη
658 2663 807 2695 ἐδικαίωσε.

40 2702 129 2748 Τδγᾶρ
150 2710 236 2747 μεῖζον
258 2708 358 2748 ἔδωκε,
383 2702 422 2740 τδ
435 2702 580 2740 δικαιῶσαι
593 2721 600 2729 ·
621 2708 668 2739 καὶ
692 2709 746 2740 ἀπὸ
766 2712 813 2747 τῆς

861 1627 964 1701 quiippe
972 1627 1020 1701 qq:
1032 1627 1165 1656 habemus
1174 1627 1204 1656 in
1215 1627 1298 1656 corde
1305 1631 1401 1656 nostro
1421 1627 1566 1664 Spiritum,
1575 1635 1659 1665 quem

862 1672 896 1701 de
916 1672 938 1700 it
961 1680 997 1701 no
1017 1672 1052 1701 is.

862 1672 938 1701 dedit
961 1672 1052 1701 nobis.

897 1729 985 1757 Vsus.
1004 1732 1061 1757 6-9.
1079 1740 1092 1754 ι
1109 1728 1238 1757 Christus
1250 1728 1336 1763 enim,
1350 1736 1417 1758 cum
1431 1728 1522 1758 adhuc
1535 1737 1659 1758 essemus

863 1772 975 1808 inﬁrmi,
992 1773 1046 1809 37
1055 1774 1135 1810 juxta
1154 1777 1263 1810 tempus
1278 1781 1328 1809 pro
1343 1773 1435 1810 impiis
1459 1778 1589 1803 mortuus
1607 1778 1658 1803 est.

863 1818 913 1846 Vix
927 1818 1004 1846 enim
1018 1826 1069 1854 pro
1087 1818 1164 1854 justo
1179 1818 1241 1854 quis
1253 1819 1388 1846 morietur
1413 1827 1419 1845 :
1435 1826 1505 1846 nam
1521 1827 1570 1854 pro
1584 1818 1660 1847 bono

862 1862 978 1891 forsitan
992 1863 1052 1898 quis
1065 1863 1152 1890 etiam
1165 1861 1248 1890 audet
1264 1862 1346 1890 mori.
1364 1862 1548 1890 Commendat
1564 1867 1658 1891 autem

862 1915 941 1936 suam
955 1907 1040 1943 ipsius
1058 1905 1237 1935 dilectionem
1261 1907 1335 1934 Deus
1350 1914 1415 1943 erga
1429 1914 1493 1941 nos,
1508 1906 1582 1942 quod
1594 1914 1659 1936 cum

862 1951 953 1980 adhuc
967 1955 1127 1988 peccatores
1143 1958 1279 1984 essemus,
1292 1950 1420 1979 Christus
1433 1959 1483 1987 pro
1494 1951 1574 1979 nobis
1588 1959 1659 1980 mor-

861 2001 926 2025 tuus
943 1995 1084 2025 est.Multo
1097 1995 1180 2032 igitur
1193 1995 1283 2032 magis
1293 1995 1435 2032 justiﬁcati
1449 2003 1522 2024 nunc
1548 1995 1577 2024 in
1595 2003 1657 2024 san-

861 2042 943 2078 guine
965 2041 1060 2078 ipsius,
1080 2039 1252 2069 servabimur
1265 2048 1313 2077 per
1335 2040 1427 2076 ipsum
1445 2040 1479 2068 ab
1493 2040 1542 2068 ira.
1557 2052 1571 2065 ιι
1587 2041 1656 2069 Cum

861 2085 974 2114 dixisset
983 2085 1056 2122 quod
1067 2084 1176 2114 dilectio
1189 2084 1240 2113 Dei
1254 2089 1427 2113 monstratur
1438 2084 1526 2113 effusa
1536 2085 1564 2113 in
1573 2085 1656 2114 corda

861 2135 956 2159 nostra
974 2138 1022 2167 per
1030 2130 1177 2167 Spiritum,
1191 2137 1273 2166 quem
1286 2129 1422 2158 habemus
1435 2129 1465 2157 in
1479 2129 1546 2166 ipsis
1557 2129 1657 2159 datum

862 2175 897 2204 ab
924 2183 967 2209 eo,
988 2183 1070 2211 porro
1084 2174 1169 2203 etiam
1197 2173 1355 2202 dilectionis
1378 2174 1597 2210 magnitudinem
1621 2175 1658 2203 ob

865 2220 959 2248 oculos
974 2219 1060 2256 ponit,
1084 2226 1117 2248 ex
1136 2226 1169 2247 eo
1188 2218 1264 2255 quod
1274 2218 1398 2247 Christus
1419 2230 1432 2243 ι
1448 2227 1498 2255 pro
1513 2218 1594 2247 nobis
1611 2218 1656 2247 in-

867 2264 955 2293 ﬁrmis
969 2268 1098 2293 mortuus
1116 2267 1168 2298 est,
1189 2274 1203 2289 ι
1218 2263 1247 2292 id
1266 2267 1317 2298 est,
1334 2264 1524 2300 peccatoribus
1540 2266 1659 2300 (pecca-

863 2314 923 2338 tum
937 2309 1011 2338 enim
1037 2308 1182 2337 inﬁrmitas
1203 2312 1262 2343 est,
1275 2309 1346 2337 sicut
1363 2308 1472 2345 justitia
1493 2308 1619 2343 sanitas),
1632 2313 1660 2338 et

863 2363 918 2383 non
929 2354 1020 2383 solum
1034 2361 1083 2390 pro
1096 2354 1294 2390 peccatoribus,
1316 2353 1365 2382 sed
1376 2353 1452 2390 quod
1464 2352 1586 2382 deterius
1605 2358 1659 2388 est,

868 2409 882 2426 α
894 2407 943 2436 pro
953 2398 1053 2435 impiis,
1069 2410 1082 2423 ιο
1093 2398 1148 2426 etsi
1159 2406 1208 2435 pro
1213 2398 1289 2435 justo
1301 2398 1345 2426 vix
1355 2398 1493 2435 quispiam
1503 2398 1573 2427 mori
1579 2399 1662 2428 susti-

864 2448 936 2473 neat.
954 2443 1111 2472 Dilectionis
1120 2443 1248 2480 igiturest
1259 2451 1398 2477 excessus,
1411 2443 1488 2479 quod
1502 2451 1552 2480 pro
1567 2451 1660 2481 pecca-

864 2489 971 2518 toribus
985 2493 1012 2517 et
1022 2488 1112 2524 impiis
1124 2488 1159 2516 sit
1167 2492 1304 2517 mortuus.
1319 2489 1401 2525 Quod
1415 2489 1465 2522 ait,
1478 2500 1490 2513 ι
1500 2488 1660 2518 Secundum

864 2537 983 2569 tempus,
992 2545 1005 2558 ι
1021 2533 1183 2562 conveniens
1192 2541 1226 2561 ac
1236 2532 1438 2570 praedeﬁnitum
1452 2538 1564 2570 tempus
1576 2533 1659 2569 signi-

864 2578 937 2606 ﬁcat.
967 2577 1084 2613 Quando
1105 2577 1179 2606 enim
1198 2582 1384 2614 opportunum
1406 2582 1474 2613 erat,
1503 2582 1563 2606 tum
1582 2578 1658 2606 obiit.

864 2624 1018 2660 Postquam
1055 2623 1138 2660 igitur
1155 2630 1211 2660 pm
1225 2623 1356 2652 charitate
1380 2627 1508 2652 mortuus
1534 2624 1586 2657 est,
1613 2629 1662 2658 per

864 2671 984 2696 mortem
996 2675 1062 2697 vero
1076 2675 1128 2697 nos
1138 2668 1314 2705 justiﬁcavit:
1328 2668 1416 2696 multo
1437 2667 1525 2704 magis
1535 2666 1661 2703 deinceps

863 2721 915 2742 nos
933 2712 1052 2743 servabit
1064 2725 1077 2738 ι
1089 2713 1126 2742 ab
1140 2713 1191 2747 ira,
1206 2724 1221 2739 ιι
1235 2720 1306 2750 quos
1314 2712 1475 2749 justiﬁcavit
1484 2711 1544 2749 jam
1564 2715 1656 2740 antea.

703 2791 800 2822 Variae
822 2790 972 2822 lectiones.

73 2855 91 2873 ⁷³
101 2857 156 2886 ἔστι.
191 2861 215 2879 ⁷³
230 2861 429 2900 ἐπηρεαζόμενον
442 2871 469 2892 o.
508 2863 530 2881 ⁷⁸
544 2863 586 2890 καὶ
599 2863 671 2899 ἡμεῖς
683 2873 709 2891 τε
728 2872 754 2893 0.
792 2863 814 2881 ’⁷³
831 2863 932 2897 τοιαύτη
946 2871 974 2892 o.
1012 2862 1035 2880 ⁷⁸
1049 2859 1104 2889 οὖν.
