1901 3077
236 180 289 209 403

741 198 747 212 ._
759 177 1018 206 THEOPHYLACTI
1037 176 1215 205 BULGARl/E
1223 175 1393 211 :ARCHIEP.
1831 176 1872 203 404

234 245 305 273 Nam
319 243 348 273 id
357 242 432 281 quod
451 242 540 279 majus
551 245 601 276 est,
616 249 716 278 nempe
731 241 959 279 justiﬁcationem
979 241 1030 270 do-

1088 241 1167 280 ὖργῆς
1180 240 1210 269 οὗ
1226 239 1323 277 σώσεις
1340 240 1453 269 Σωθεῖσι
1478 237 1505 268 δὲ
1527 237 1581 268 ἀπὸ
1603 239 1650 274 τῆς
1672 239 1772 278 ὂργτῆς,
1789 238 1832 269 καὶ
1847 238 1871 268 τὰ

236 289 323 324 navit;
338 292 366 317 et
380 288 416 317 ab
444 288 485 316 ira
498 295 557 316 non
583 287 720 316 liberabit?
742 287 862 316 Servatis
876 286 975 316 deinde
998 286 1034 314 ab

237 335 287 368 ira,
301 334 375 362 bona
395 333 478 362 etiam
490 341 539 369 pro
552 333 640 361 multa
657 340 706 361 sua
725 331 870 360 dilectione
885 331 1033 368 impertiet.

273 379 363 407 Vsas.
380 381 424 406 10.
437 389 450 402 ε
459 377 487 406 Si
508 377 582 406 enim
590 385 654 405 cum
672 376 776 405 inimici
790 384 924 410 essemus,
936 384 1032 404 recon-

239 423 323 451 ciliati
336 430 433 451 sumus
446 424 506 450 Deo
522 430 570 459 per
583 425 702 450 mortem
721 422 779 450 Filii
795 422 863 458 ejus,
877 422 965 450 multo
977 429 1036 449 ma-

238 468 281 504 gis
296 467 462 496 reconciliati
481 467 549 496 salvi
564 467 669 495 erimus
684 467 712 495 in
730 467 786 495 vita
799 466 895 503 ipsius.
912 478 924 491 υ
946 465 1033 495 Vide-

238 517 285 542 tur
299 513 390 541 dicere
406 512 485 548 plane
506 512 601 541 eadem
623 522 632 540 :
646 512 760 540 diversa:
772 515 866 540 tamen
894 516 958 540 sunt
972 519 1032 540 sen-

242 558 348 591 tentiae.
374 565 424 593 per
441 557 677 594 comparationem
697 564 842 593 expressae.
858 557 946 593 Supra
958 557 1033 585 enim

240 603 304 638 hoc,
329 602 475 637 nimirum,
497 602 573 638 quod
589 606 742 639 peccatores
760 610 868 636 sumus,
883 602 1031 638 proponit:

237 648 336 678 deinde
349 655 491 676 assumens
518 648 602 682 istud,
619 655 719 684 nempe
740 647 815 684 quod
828 647 970 684 justiﬁcati
987 655 1032 675 su-

236 701 311 728 mus,
334 693 518 729 comparative
546 692 628 721 infert
651 702 658 720 :
682 692 745 728 Qui,
784 700 848 720 cum
880 696 1033 729 peccatores

237 745 372 772 essemus,
384 745 437 766 nos
447 737 604 773 justiﬁcavit
625 745 673 774 per
685 741 816 771 mortem,
841 737 929 765 multo
943 736 1033 773 magis

236 783 402 819 justiﬁcatos
414 782 541 810 servabit.
556 783 636 810 Nune
659 790 723 811 vero
739 786 858 810 mortem
882 781 982 810 Christi
1001 790 1033 810 ac

236 827 321 856 vitam
334 835 487 862 assumens,
508 835 604 856 rursus
622 835 671 863 per
695 827 927 863 comparationem
946 827 1032 854 animi

236 877 399 909 conceptum
428 873 568 909 exprimit,
584 871 659 900 hunc
684 872 720 900 ad
734 871 849 900 modum
872 872 998 908 inquiens
1022 881 1029 900 :

1088 285 1175 326 ἀγαθὰ
1187 284 1281 323 δώσει,
1297 284 1340 314 διὰ
1356 283 1404 320 τὴν
1418 282 1520 321 πολλὴν
1535 284 1615 314 αὐτοῦ
1629 283 1752 323 ἀγάπην.

1131 387 1146 406 α
1161 377 1195 407 Εἰ
1210 375 1261 416 γὰρ
1277 375 1365 416 ἐχθροὶ
1386 374 1459 409 ὄντες
1475 374 1688 414 ’κατηλλάγημεν
1702 374 1744 414 τῷ
1762 374 1825 414 Θεῷ
1842 375 1875 404 διὰ

1087 423 1133 451 τοῦ
1149 420 1261 451 θανάτου
1276 424 1322 450 τοῦ
1342 421 1408 451 Υῖοῧ
1432 422 1527 458 αὐτοῦ,
1549 420 1641 449 πολλῶ
1659 420 1764 459 μᾶλλον
1785 421 1876 449 καταλ-

1087 465 1212 506 λαγέντες
1238 466 1416 505 σωθησόμεθα
1438 466 1463 495 ἐν
1535 467 1590 506 ζωῇ
1613 466 1704 496 αὐτοῦ.
1722 476 1738 494 ι)
1760 466 1837 495 Δοκεῖ
1849 466 1874 494 τὰ

1088 511 1156 541 αὐτὰ
1187 510 1272 551 λέγειν
1286 522 1293 530 ο
1322 511 1392 547 πλὴν
1418 510 1531 551 διάφορά
1565 512 1616 540 εἰσι
1643 511 1677 540 τα
1709 510 1875 549 ἐνθυμήματι

1089 557 1262 596 συγκριτικῶς
1289 555 1429 595 γενόμενα.
1456 555 1525 586 Ἀνω
1541 555 1589 594 μὲν
1615 554 1667 595 γὰρ
1682 555 1729 593 τὸ,
1755 556 1873 595 ἁμαρτω-

1088 601 1147 635 λοὺς
1163 596 1229 630 εἶναι
1242 603 1330 639 ἡμᾶς,
1344 600 1484 641 προτίθησι
1497 602 1524 620 ⁷⁷
1537 612 1543 619 ·
1560 600 1606 630 καὶ
1629 600 1659 630 τὸ
1669 623 1678 638 ,
1694 601 1874 637 δικαιωθῆναι,

1087 646 1194 686 ὕστερον
1209 645 1301 676 λαϐὼν
1312 669 1321 683 ,
1337 647 1511 687 συγκριτικῶς
1531 644 1620 685 ἔλεγεν
1629 669 1638 682 ,
1651 646 1694 675 δτι
1705 645 1873 685 ἁμαρτωλοὺς

1087 691 1163 725 ὄντας
1178 691 1321 725 δικαιώσας
1338 691 1382 720 διὰ
1399 694 1444 721 τοῦ
1465 690 1597 728 Θανάτου,
1618 691 1710 732 πολλῷ
1728 692 1829 729 μᾶλλον
1843 692 1875 720 δι-

1086 736 1247 770 καιωθέντας
1261 736 1353 766 σώσει.
1371 737 1426 767 Νῦν
1444 736 1472 765 δὲ
1496 736 1539 766 τὸν
1565 735 1678 766 θάνατον
1700 738 1748 765 τοῦ
1766 737 1873 776 Χριστοῦ

1087 781 1132 811 καὶ
1146 780 1194 817 τὴν
1215 781 1285 818 ζωὴν
1309 781 1415 821 λαϐὼν,
1432 781 1513 811 πάλιν
1538 782 1714 821 συγκριτικῶς
1730 781 1833 821 ἐκφέρει
1851 781 1875 810 τὸ

1085 825 1187 865 νόημα,
1208 826 1293 866 λέγων
1321 826 1409 856 οὕτω·
1434 827 1504 857 Τότε
1529 826 1741 865 κατηλλάγημεν
1770 826 1812 855 διὰ
1836 829 1873 855 τοῦ

1086 870 1198 910 αἵματος
1213 872 1259 901 καὶ
1282 874 1328 901 τοῦ
1345 871 1458 901 θανάτου
1473 871 1514 909 ⁷⁸,
1526 874 1570 900 νῦν
1588 871 1615 900 δὲ
1632 872 1659 901 ἐν
1730 873 1787 911 ζωῇ
1803 873 1869 901 αὐτοῦ

234 919 312 946 Tune
325 917 490 946 reconciliati
502 925 599 946 sumus
623 924 670 953 per
684 916 846 953 sanguinem
869 920 897 944 et
911 920 1028 944 mortem

1088 917 1114 946 οὗ
1144 916 1334 955 σωθησόμεθα;
1359 916 1394 947 Ὁ
1419 916 1471 957 γὰρ
1497 915 1534 955 μὴ
1561 916 1720 956 φεισάμενος
1747 918 1792 946 τοῦ
1818 917 1872 947 Υἷοῧ

236 962 306 998 ejus,
321 969 395 990 nunc
405 969 470 990 vero
483 969 532 998 per
554 962 640 990 vitam
655 961 740 997 ipsius
753 969 811 989 non
835 961 1030 990 servabimuri’

233 1008 285 1043 Qui
306 1007 382 1035 enim
405 1014 461 1035 non
475 1007 595 1043 pepercit
617 1006 686 1035 Filio
715 1014 776 1040 suo,
803 1005 852 1035 sed
885 1014 935 1042 pro
950 1006 1031 1034 nobis

231 1055 381 1088 nostraque
399 1051 623 1080 reconciliatione
644 1051 672 1079 in
693 1055 814 1079 mortem
826 1050 917 1085 dedit,
934 1058 1030 1080 nonne

234 1097 323 1126 multo
340 1097 430 1134 magis
448 1104 497 1133 per
511 1097 597 1125 vitam
609 1096 669 1125 Filii
678 1096 719 1124 sui
736 1095 859 1124 servabit
872 1097 942 1124 nos?

267 1143 360 1171 Vnns.
378 1144 422 1170 11.
439 1153 453 1167 α
469 1143 534 1170 Non
552 1141 644 1170 solum
657 1144 761 1175 autem,
778 1140 826 1169 sed
841 1144 869 1168 et
882 1140 1032 1177 gloriamur

234 1187 262 1216 in
274 1188 334 1216 Deo
342 1195 391 1224 per
398 1186 550 1215 Dominum
566 1190 692 1214 nostrum
703 1187 720 1213 J
722 1193 798 1214 esum
809 1185 960 1219 Christum,
983 1193 1032 1221 per

233 1240 314 1269 quem
320 1240 393 1260 nunc
401 1231 653 1260 reconciliationem
660 1230 823 1266 accepimus.
834 1241 848 1255 ι
858 1231 922 1259 Non
929 1230 1029 1264 solum,

233 1277 332 1314 inquit,
343 1277 443 1306 servati
457 1284 565 1311 sumus,
584 1284 681 1305 verum
690 1281 719 1304 et
731 1287 744 1300 ι
754 1276 905 1313 gloriamur
915 1276 942 1303 in
952 1276 1028 1303 Deo:

232 1326 344 1359 propter
356 1321 410 1350 hoc
431 1322 534 1358 ipsum,
549 1320 625 1358 quod
644 1329 708 1349 cum
721 1321 798 1357 impii
812 1328 935 1349 essemus
947 1341 955 1355 ,
969 1327 1030 1348 ser-

232 1367 287 1395 vati
300 1368 396 1402 slmus,
411 1367 495 1403 idque
512 1374 562 1402 per
583 1366 746 1402 sanguinem
758 1364 909 1402 Unigeniti.
936 1377 948 1389 -
963 1364 1031 1393 Glo-

232 1411 338 1440 riamur
360 1416 453 1440 autem
473 1419 520 1447 per
543 1411 696 1439 Dominum
716 1411 809 1438 Jesum
826 1409 968 1438 Christum
986 1418 993 1437 :
1015 1421 1028 1434 ι»

231 1464 298 1485 nam
312 1457 369 1493 ipse
387 1460 428 1484 est
446 1459 542 1484 auctor
559 1454 729 1491 gloriationis
742 1458 863 1488 nostrae,
878 1454 924 1491 qui
939 1457 967 1483 et
987 1461 1029 1482 re«

232 1501 433 1531 conciliationis
455 1505 497 1529 est
508 1504 614 1529 auctor.
848 1527 850 1529 ,

266 1547 413 1576 VnnsAa.
434 1557 448 1571 ι
460 1546 609 1582 Propterea
628 1545 698 1573 sicut
715 1552 764 1581 per
777 1552 864 1573 unum
886 1544 1027 1573 hominem

232 1595 377 1629 peccatum
386 1591 415 1619 in
432 1590 508 1619 hunc
520 1589 655 1618 mundum
670 1590 792 1624 intravit,
802 1594 830 1618 et
839 1589 896 1626 38
909 1597 959 1626 per
970 1597 1033 1626 pec—
1047 1583 1069 1615 C

232 1640 326 1664 catum
338 1643 433 1670 mors,
457 1639 487 1663 et
501 1635 540 1662 ita
564 1634 594 1662 in
613 1642 711 1663 omnes
735 1634 862 1663 homines
880 1642 956 1663 mors
969 1642 1030 1671 per-

231 1680 349 1715 transiit,
378 1680 406 1708 in
420 1687 475 1717 quo
490 1687 587 1708 omnes
600 1683 791 1715 peccaverunt.
821 1690 834 1704 r
854 1680 1029 1708 Commemo-

231 1730 293 1754 rato
307 1724 383 1762 quod
408 1725 546 1754 Dominus
557 1725 639 1753 Jesus
657 1732 710 1753 nos
725 1724 898 1761 justiﬁcavit,
912 1724 1030 1753 recurrit

232 1770 268 1800 ad
292 1770 413 1799 radicem
436 1770 513 1804 mali,
541 1774 684 1806 peccatum
710 1777 810 1806 nempe
832 1773 859 1798 et
877 1773 995 1798 mortem
1020 1779 1027 1798 :

231 1815 380 1845 ostendens
393 1814 469 1853 quod
482 1815 537 1844 duo
550 1814 610 1844 haec
620 1823 668 1851 per
677 1823 764 1844 unum
773 1814 931 1850 hominem,
948 1815 1029 1843 nimi-

230 1869 294 1890 rum
306 1860 454 1896 Adamum,
465 1861 586 1898 ingressa
601 1860 656 1889 sint
673 1860 701 1888 in
723 1860 871 1895 mundum,
887 1863 1030 1896 peccatum

231 1906 357 1936 videlicet
371 1910 400 1935 et
417 1914 503 1941 mors;
528 1914 561 1935 ac
582 1913 681 1934 rursus
702 1913 750 1942 per
772 1913 857 1934 unum
877 1905 1028 1939 hominem,

230 1955 325 1988 utpote
338 1951 490 1986 Christum,
502 1951 592 1979 ablata
606 1954 680 1979 sunt.
705 1949 778 1986 Quid
793 1953 886 1978 autem
899 1953 950 1984 est,
968 1961 981 1974 ι
998 1951 1030 1978 in

230 2005 285 2034 quo
297 2004 395 2025 omnes
407 1997 603 2032 peccaverunt?
616 2006 629 2019 υ
639 1995 693 2023 hoc
704 1998 755 2029 est,
768 1994 796 2021 in
811 1993 918 2022 Adamo
932 2001 1030 2022 omnes

229 2044 421 2078 peccaverunt.
433 2041 504 2070 Cum
530 2040 605 2068 enim
619 2039 665 2067 ille
674 2038 828 2072 cecidisset,
842 2039 928 2067 etiam
942 2039 961 2067 ii
981 2039 1029 2075 qui

229 2094 286 2114 non
313 2085 432 2114 ederunt
451 2084 486 2113 de
508 2084 594 2120 ligno,
609 2083 675 2112 facti
698 2087 806 2111 suntex
825 2083 870 2111 illo
886 2084 1027 2119 mortales,

229 2129 346 2167 perinde
359 2137 392 2158 ac
411 2129 433 2158 si
449 2129 501 2165 ipsi
511 2129 598 2157 etiam
611 2128 792 2165 impegissent
803 2128 1028 2165 quandoquidem

230 2175 275 2204 ille
290 2174 448 2212 impegerit.

265 2211 357 2249 Vnas.
388 2222 491 2255 13,14.
518 2230 531 2244 ιι
559 2219 657 2255 Usque
680 2218 756 2247 enim
776 2218 812 2247 ad
844 2219 935 2255 legem
973 2211 1073 2255 pec-D

229 2269 324 2294 catum
352 2269 413 2294 erat
450 2265 478 2293 in
502 2263 606 2293 mundo
641 2275 648 2293 :
670 2267 814 2300 peccatum
850 2267 946 2292 autem
969 2272 1026 2293 non

229 2309 426 2347 imputabatur,
468 2316 534 2337 cum
568 2316 626 2337 non
648 2312 720 2337 esset
743 2309 797 2338 lex.
822 2309 875 2338 Sed
903 2310 1028 2346 regnavit

229 2363 305 2384 mors
330 2355 366 2384 ab
391 2353 503 2383 Adamo
529 2362 617 2391 usque
637 2354 673 2383 ad
697 2355 795 2382 Mosen
818 2354 846 2383 in
874 2362 922 2383 eos
942 2355 1026 2383 etiam

228 2400 275 2437 qui
309 2407 367 2429 non
405 2403 560 2437 peccarant,
594 2399 624 2428 in
650 2399 829 2428 similitudine
866 2399 1028 2436 praevarica—

227 2445 311 2474 tionis
336 2445 446 2481 Adami,
467 2445 514 2482 qui
539 2448 582 2474 est
603 2449 685 2482 typus
700 2444 796 2472 futuri.
824 2456 838 2469 ι»
864 2445 970 2481 Scopus
986 2449 1028 2473 est

228 2490 362 2528 Apostolo
371 2490 563 2520 demonstrare
571 2489 647 2527 quod
657 2489 675 2518 ii
686 2489 768 2518 etiam
779 2490 825 2526 qui
835 2497 894 2518 non
908 2489 1029 2518 edissent

227 2535 262 2565 de
270 2536 358 2573 ligno,
373 2543 426 2564 nec
438 2543 517 2572 atque
527 2539 686 2572 peccassent
697 2539 779 2572 atque
797 2534 900 2568 Adam,
915 2538 1026 2571 propter

228 2581 299 2611 illius
319 2585 413 2610 tamen
435 2584 578 2617 peccatum
599 2580 696 2609 itidem
717 2579 942 2609 existimabantur
960 2584 1024 2608 tan-

228 2634 311 2665 quam
320 2626 405 2664 etipsi
415 2629 576 2663 peccassent
587 2633 619 2655 ac
633 2625 831 2654 moriebantur.
847 2626 940 2662 Atque
952 2625 1026 2654 istud

226 2673 264 2702 ita
282 2672 451 2702 conﬁrmat:
467 2673 617 2700 Peccatum
636 2671 772 2708 regnabat
785 2670 820 2699 ad
844 2670 912 2707 legis
934 2678 1024 2708 usque

225 2718 367 2752 lationem,
382 2716 435 2746 hoc
459 2721 512 2752 est,
535 2717 620 2746 etiam
634 2720 698 2745 ante
712 2716 813 2753 legem.
840 2715 927 2751 Quale
941 2715 1025 2752 igitur

1086 962 1187 999 αὑτοῦ,
1208 961 1278 991 ἀλλὰ
1303 961 1363 996 δοὺς
1387 961 1465 991 αὐτὸν
1492 963 1578 991 θανεῖν
1602 961 1668 1001 ὑπὲρ
1683 964 1732 998 τῆς
1757 961 1873 1000 ἡμετέρας

1086 1007 1274 1045 καταλλαγῆς,
1289 1007 1318 1037 οὗ
1333 1009 1377 1037 ν’ὑν
1393 1007 1486 1047 πολλῷ
1508 1008 1610 1046 μᾶλλον
1634 1007 1662 1036 ἐν
1735 1008 1790 1047 Coiﬁ
1805 1007 1873 1036 αὐτοῦ

1087 1051 1167 1081 σώσει
1182 1053 1253 1091 ἡμᾶς
1261 1064 1270 1090 ;

1129 1152 1142 1170 α
1155 1141 1196 1170 Οὗ
1212 1140 1290 1180 μόνον
1307 1140 1351 1177 δὲ,
1363 1140 1432 1171 ἀλλὰ
1449 1140 1494 1170 καὶ
1516 1140 1681 1181 καυχώμεθα
1700 1142 1727 1171 ἐν
1749 1142 1787 1181 τῷ
1806 1142 1871 1181 Θεῷ,

1085 1185 1130 1215 διὰ
1150 1188 1195 1215 τοῦ
1211 1186 1310 1227 Κυρίου
1327 1188 1405 1224 ἡμῶν
1428 1187 1519 1222 Ἰησοῢ
1536 1187 1668 1226 Χριστοῦ,
1689 1187 1724 1216 δι’
1738 1182 1769 1216 οὗ
1780 1189 1822 1216 ν’ὖν
1834 1186 1871 1221 τὴν

1085 1232 1257 1270 καταλλαγὴν
1287 1231 1428 1269 ἐλάϐομεν.
1453 1242 1468 1260 n
1498 1231 1539 1262 Οὐ
1568 1231 1646 1269 μόνον
1676 1231 1704 1261 δὲ
1735 1232 1872 1270 ἐσώθημεν,

1085 1276 1178 1314 φησὶν,
1201 1275 1270 1305 ἀλλὰ
1294 1276 1340 1306 καὶ
1364 1275 1528 1316 καυχώμεθα
1544 1277 1570 1305 ἐν
1596 1277 1634 1317 τῷ
1649 1278 1714 1316 Θεῷ
1732 1277 1758 1296 ⁷³
1775 1276 1806 1306 δι’
1821 1276 1873 1305 αὐτὸ

1084 1322 1177 1356 τοῦτο,
1193 1319 1234 1350 ὅτι
1258 1320 1362 1354 ἀσεϐεῖς
1386 1320 1458 1355 ὄντες
1482 1320 1636 1359 ἐσώθημεν,
1655 1321 1702 1351 καὶ
1723 1321 1819 1351 τότεθθ
1838 1321 1872 1350 διὰ

1084 1369 1130 1395 τοῦ
1147 1364 1261 1404 αἵματος
1285 1369 1331 1395 το¹ῠ
1353 1366 1530 1405 Μονογενοῧς.
1545 1365 1571 1385 ⁸⁵
1593 1366 1768 1407 Καυχώμεθα
1793 1367 1819 1396 δὲ
1838 1366 1871 1395 διὰ

1083 1412 1129 1439 τοῦ
1153 1410 1254 1450 Κυρίου
1277 1410 1368 1447 Ἰησοῦ
1386 1412 1506 1450 Χριστοῦ
1523 1422 1530 1430 ’
1559 1411 1637 1445 αὐτὸς
1660 1411 1713 1452 γὰρ
1737 1411 1819 1446 αἴτιος
1834 1413 1870 1447 τῆς

1083 1455 1237 1496 καυχήσεως
1253 1457 1317 1494 ἡμῖν
1332 1455 1370 1494 ⁸⁵³,
1387 1455 1457 1486 ὁκαὶ
1468 1458 1515 1492 τῆς
1530 1457 1702 1496 καταλλαγῆς
1717 1457 1810 1492 αἴτιος.

1128 1553 1142 1572 (ι
1156 1542 1208 1573 Διὰ
1232 1545 1309 1574 τοῦτο
1323 1543 1413 1585 ὥσπερ
1437 1544 1471 1574 δι’
1493 1543 1549 1578 ἐνὸς
1564 1543 1705 1585 ἀνθρώπου
1721 1547 1739 1582 ἡ
1764 1545 1871 1586 ἁμαρτία

1084 1589 1119 1621 εἷς
1135 1587 1178 1617 τὸν
1194 1588 1293 1627 κόσμον
1309 1590 1414 1625 εἰσῆλθε
1426 1612 1434 1626 ,
1456 1589 1502 1619 καὶ
1518 1589 1562 1620 διὰ
1583 1592 1631 1626 τ’ἤς
1652 1589 1788 1631 ἁμαρτίας
1808 1592 1822 1620 ὁ
1835 1590 1862 1620 θά

1084 1644 1175 1670 νατος,
1199 1633 1244 1663 καὶ
1265 1633 1347 1667 οὕτως
1371 1634 1407 1667 εἷς
1429 1634 1531 1668 πάντας
1556 1634 1712 1674 ἀνθρώπους
1734 1637 1750 1664 ὁ
1767 1635 1868 1668 θάνατος

1085 1679 1199 1715 διῆλθεν,
1212 1678 1251 1719 ἐφ’
1261 1674 1283 1719 ᾧ
1297 1678 1393 1713 πάντες
1412 1678 1545 1719 ἥμαρτον.
1556 1693 1568 1705 υ
1583 1679 1688 1718 Εἰπὼν,
1701 1680 1742 1710 ὅτι
1758 1680 1870 1710 ἐδικαίω-

1084 1735 1128 1752 σεν
1143 1725 1217 1762 ἡμᾶς
1232 1726 1245 1753 ὁ
1261 1723 1359 1764 Κύριος
1375 1724 1491 1762 Ἰησοῦς,
1513 1724 1653 1765 ἀνατρέχει
1669 1724 1714 1755 ἐπὶ
1742 1725 1791 1761 τὴν
1807 1726 1868 1766 ῥίζαν

1083 1770 1129 1798 τοῦ
1155 1771 1256 1805 κακοῦ,
1285 1769 1334 1805 τὴν
1365 1769 1499 1809 ἁμαρτίαν
1526 1769 1637 1799 καὶτὸν
1669 1770 1806 1800 θάνατον·
1832 1770 1868 1799 καὶ

1084 1813 1234 1850 δείκνυσιν,
1251 1815 1292 1844 ὅτι
1317 1817 1402 1844 ταῦτα
1426 1814 1460 1844 τὰ
1483 1814 1528 1844 δύο
1546 1814 1646 1848 δι’ἑνὸς
1670 1815 1811 1855 ἀνθρώπου
1833 1817 1872 1844 τοῦ

1084 1857 1167 1890 Ἀδὰμ
1191 1860 1309 1895 εἰσῆλθεν
1332 1860 1367 1893 εἷς
1385 1859 1430 1901 τον
1455 1858 1570 1898 κόσμον,
1597 1862 1614 1896 ἡ
1637 1861 1758 1901 ἆμαρτία
1784 1859 1871 1896 δηλαδὴ

1083 1903 1128 1933 καὶ
1143 1905 1157 1933 ὃ
1172 1903 1280 1937 θάνατος
1292 1916 1300 1922 ·
1316 1904 1361 1934 καὶ
1376 1899 1410 1934 αὖ
1425 1904 1458 1934 δι’
1474 1905 1528 1938 ἑνὸς
1544 1899 1709 1946 ἀνῃρέθησαν
1727 1905 1870 1946 ἀνθρώπου,

1082 1951 1128 1977 τοῦ
1150 1949 1275 1988 Χριστοῦ.
1296 1948 1331 1979 Τί
1346 1949 1374 1979 δέ
1393 1950 1450 1979 ἐστι
1465 1949 1511 1987 τὸ,
1529 1961 1544 1979 α
1562 1945 1658 1991 Ἐςρ’ᾧ
1673 1950 1772 1984 πάντες
1786 1951 1871 1989 ἥμαρ-

1082 2003 1175 2030 τονςι)
1200 1993 1362 2031 Τουτέστιν,
1389 1994 1434 2023 ἐπί
1450 1996 1488 2024 τῶ
1514 1994 1599 2033 Ἀδὰμ
1624 1995 1722 2029 πάντες
1749 1995 1869 2036 ἥμαρτον.

1083 2038 1216 2072 Πεσόντος
1233 2038 1284 2078 γὰρ
1300 2039 1416 2077 ἐκείνου,
1434 2038 1480 2069 καὶ
1506 2040 1529 2070 οἱ
1555 2040 1592 2079 μὴ
1613 2039 1741 2081 φαγόντες
1765 2039 1816 2070 ἀπὸ
1835 2041 1871 2068 τοῦ

1083 2082 1159 2117 ξύλου
1185 2083 1322 2123 γεγόνασιν
1348 2084 1374 2118 ἐξ
1399 2084 1497 2115 ἐκείνου
1515 2085 1619 2123 θνητοὶ,
1637 2087 1672 2119 ὥς
1688 2085 1721 2115 ἂν
1744 2084 1789 2115 καὶ
1804 2083 1868 2115 αὐτοὶ

1081 2128 1241 2162 πταίσαντες
1251 2150 1259 2165 ,
1276 2128 1341 2158 διότι
1358 2130 1454 2164 ἐκεῖνος
1469 2129 1607 2161 ἔπταισεν.

1132 2228 1147 2247 α
1160 2216 1238 2259 Ἄχρι
1251 2218 1302 2258 γὰρ
1316 2218 1395 2257 νόμου
1409 2220 1426 2255 ἡ
1445 2219 1564 2260 ἁμαρτία
1579 2215 1612 2256 ἧν
1628 2220 1654 2249 ἒν
1667 2219 1761 2260 κόσμῳ
1772 2232 1778 2239 ·
1791 2219 1870 2259 ἆμαρ-

1081 2261 1124 2292 τία
1140 2263 1167 2293 δὲ
1179 2264 1227 2293 οὐκ
1242 2264 1391 2302 ἐλλογεῖται
1407 2263 1434 2283 ⁸²
1445 2263 1457 2275 ¹
1473 2264 1510 2303 μὴ
1527 2264 1600 2298 ὄντος
1613 2264 1705 2303 νόμου.
1719 2264 1792 2295 Ἀλλ’
1807 2264 1865 2294 ἐϐα-

1081 2307 1200 2338 σίλευσεν
1227 2310 1240 2337 ὁ
1264 2307 1375 2342 θάνατος
1403 2310 1450 2339 ἀπ’
1467 2308 1551 2348 Ἀδὰμ
1573 2309 1652 2349 μέχρι
1669 2309 1816 2346 Μωῦσέως,
1832 2308 1870 2337 καὶ

1081 2351 1125 2381 ἐπὶ
1148 2352 1208 2386 τοὺς
1234 2353 1271 2391 μὴ
1295 2353 1503 2393 ἁμαρτήσαντας
1528 2354 1574 2383 ἐπὶ
1592 2355 1630 2394 τῷ
1656 2354 1804 2393 ὁμοιώματι
1829 2354 1869 2389 τῆς

1081 2397 1259 2437 παραϐάσεως
1286 2397 1386 2436 Ἀδὰμ,
1411 2398 1438 2432 ὃς
1453 2400 1508 2428 ἔστι
1522 2398 1604 2432 τύπος
1626 2401 1672 2428 τοῦ
1689 2399 1839 2438 μέλλοντος.
1850 2408 1862 2426 υ

1081 2442 1186 2473 Σκοπὸν
1206 2442 1263 2483 ἔχει
1287 2441 1387 2482 δεῖξαι,
1411 2443 1451 2473 ὅτι
1467 2443 1513 2473 καὶ
1525 2444 1549 2474 οἱ
1567 2443 1604 2482 μὴ
1620 2444 1749 2485 φαγόντες
1764 2443 1814 2472 ἀπὸ
1828 2443 1867 2472 τοῦ

1081 2486 1175 2525 ξύλου,
1203 2487 1270 2526 μηδὲ
1292 2487 1490 2528 ἁμαρτάνοντες
1514 2488 1612 2527 ὁμοίως
1632 2491 1671 2530 τῷ
1687 2489 1787 2527 Ἀδὰμ,
1805 2487 1868 2526 ὅμως

1081 2531 1125 2561 διὰ
1146 2531 1193 2568 τὴν
1209 2532 1309 2562 ἐκείνου
1333 2532 1466 2574 ἁμαρτίαν
1478 2557 1487 2571 ,
1508 2535 1543 2568 ὥς
1565 2533 1610 2563 καὶ
1629 2533 1703 2563 αὐτοὶ
1716 2532 1867 2574 ἁμαρτόντες

1080 2577 1245 2616 ἐλογίζοντο,
1266 2577 1312 2606 καὶ
1323 2578 1502 2616 ἀπέθνησκον.
1519 2578 1723 2613 Κατασκευάζει
1740 2574 1783 2609 οὖν
1798 2579 1868 2608 τοῦτο

1081 2621 1163 2656 οὕτως
1177 2633 1185 2640 ⁸
1199 2620 1331 2663 Ἁμαρτία
1345 2622 1453 2663 ἐκράτει
1470 2623 1534 2663 ἄχρι
1549 2625 1596 2660 τῆς
1609 2627 1655 2653 τοῦ
1672 2623 1752 2663 νόμου
1767 2622 1865 2657 δόσεως,

1079 2666 1215 2704 τουτέστι,
1230 2666 1276 2696 καὶ
1288 2667 1340 2708 πρὸ
1351 2670 1398 2698 τοῦ
1411 2668 1506 2707 νόμου.
1520 2668 1592 2699 Ποία
1605 2668 1694 2698 τοίνυν
1710 2664 1742 2705 ἦν
1759 2670 1775 2703 ἡ
1789 2667 1865 2705 ἆμαρ·

1078 2711 1122 2741 τία
1151 2711 1236 2750 αὖτης
1263 2708 1330 2752 ’Ἆρα
1349 2713 1386 2752 μὴ
1413 2715 1429 2750 ἡ
1451 2714 1481 2743 ἐκ
1504 2715 1551 2750 ἧς
1574 2713 1753 2754 παραϐάσεως
1765 2715 1809 2742 τοῦ
1822 2711 1862 2741 νό-

917 2774 1012 2805 Variae
1033 2775 1185 2807 lectiones.

263 2838 285 2855 "
302 2840 421 2875 πρότερον
436 2847 462 2868 ο,
501 2839 524 2858 ⁷⁸
541 2838 582 2867 is.
598 2838 684 2866 αὐτοῦ.
721 2838 743 2855 ”¹⁹
758 2839 855 2875 Χριστῷ
867 2845 894 2867 0.
933 2837 955 2854 9°
974 2837 1012 2866 ἴσ.
1028 2839 1112 2866 τοῦτο.
1151 2838 1172 2856 ⁸¹
1191 2837 1233 2865 καὶ
1246 2846 1272 2867 0.
1310 2838 1333 2856 ⁸³
1347 2838 1418 2875 ἡμῶν
1433 2846 1474 2868 m.
1513 2839 1546 2856 ⁸³·
1561 2838 1695 2876 ἐλλογεῖτο
1711 2846 1738 2867 0.
