  <div class='ocr_page' id='page_1' title='image "/cluster/home/n/w/nwhite01/storage/ocr_20150623/124/njp.32101010942728/298.png"; bbox 0 0 1901 3077; ppageno 0'>
   <div class='ocr_carea' id='block_1_1' title="bbox 14 188 58 216">
    <p class='ocr_par' dir='ltr' id='par_1_1' title="bbox 14 188 58 216">
     <span class='ocr_line' id='line_1_1' title="bbox 14 188 58 216; baseline -0.045 0"><span class='ocrx_word' id='word_1_1' title='bbox 14 188 58 216; x_wconf 63' lang='grc'><strong>405</strong></span> 
     </span>
    </p>
   </div>
   <div class='ocr_carea' id='block_1_2' title="bbox 476 186 1188 217">
    <p class='ocr_par' dir='ltr' id='par_1_2' title="bbox 476 186 1188 217">
     <span class='ocr_line' id='line_1_2' title="bbox 476 186 1188 217; baseline -0.003 -1"><span class='ocrx_word' id='word_1_2' title='bbox 476 187 651 217; x_wconf 81' lang='lat' dir='ltr'><strong>EXPOSITIO</strong></span> <span class='ocrx_word' id='word_1_3' title='bbox 670 187 704 216; x_wconf 86' lang='lat' dir='ltr'><strong>IN</strong></span> <span class='ocrx_word' id='word_1_4' title='bbox 721 187 823 217; x_wconf 84' lang='lat' dir='ltr'><strong>EPlST.</strong></span> <span class='ocrx_word' id='word_1_5' title='bbox 843 187 889 216; x_wconf 83' lang='lat' dir='ltr'><strong>AD</strong></span> <span class='ocrx_word' id='word_1_6' title='bbox 907 187 989 216; x_wconf 79' lang='lat' dir='ltr'><strong>ROM.</strong></span> <span class='ocrx_word' id='word_1_7' title='bbox 1009 201 1045 208; x_wconf 89' lang='lat'><strong><em>—</em></strong></span> <span class='ocrx_word' id='word_1_8' title='bbox 1058 186 1135 215; x_wconf 79' lang='lat' dir='ltr'><strong>CAP.</strong></span> <span class='ocrx_word' id='word_1_9' title='bbox 1157 187 1188 214; x_wconf 90' lang='lat' dir='ltr'><strong>V.</strong></span> 
     </span>
    </p>
   </div>
   <div class='ocr_carea' id='block_1_3' title="bbox 1607 189 1660 217">
    <p class='ocr_par' dir='ltr' id='par_1_3' title="bbox 1607 189 1660 217">
     <span class='ocr_line' id='line_1_3' title="bbox 1607 189 1660 217; baseline 0 0"><span class='ocrx_word' id='word_1_10' title='bbox 1607 189 1660 217; x_wconf 67' lang='grc'><strong>406</strong></span> 
     </span>
    </p>
   </div>
   <div class='ocr_carea' id='block_1_4' title="bbox 15 246 810 290">
    <p class='ocr_par' dir='ltr' id='par_1_4' title="bbox 15 246 810 290">
     <span class='ocr_line' id='line_1_4' title="bbox 15 246 810 290; baseline 0.001 -10"><span class='ocrx_word' id='word_1_11' title='bbox 15 260 79 289; x_wconf 69' lang='lat' dir='ltr'><strong>pou;</strong></span> <span class='ocrx_word' id='word_1_12' title='bbox 95 250 151 280; x_wconf 82' lang='grc' dir='ltr'><strong>Καὶ</strong></span> <span class='ocrx_word' id='word_1_13' title='bbox 166 251 226 284; x_wconf 79' lang='grc' dir='ltr'><strong>πῶς</strong></span> <span class='ocrx_word' id='word_1_14' title='bbox 241 250 349 287; x_wconf 79' lang='grc' dir='ltr'>τοιαύτη</span> <span class='ocrx_word' id='word_1_15' title='bbox 364 249 487 290; x_wconf 71' lang='grc' dir='ltr'>ἁμαρτία</span> <span class='ocrx_word' id='word_1_16' title='bbox 502 251 612 290; x_wconf 79' lang='grc' dir='ltr'>ἔμιλλεν</span> <span class='ocrx_word' id='word_1_17' title='bbox 627 246 695 281; x_wconf 68' lang='grc' dir='ltr'>εἶναι</span> <span class='ocrx_word' id='word_1_18' title='bbox 705 275 713 288; x_wconf 85' lang='lat'><strong>,</strong></span> <span class='ocrx_word' id='word_1_19' title='bbox 728 251 810 290; x_wconf 88' lang='grc' dir='ltr'>νόμου</span> 
     </span>
    </p>
   </div>
   <div class='ocr_carea' id='block_1_5' title="bbox 887 246 1662 290">
    <p class='ocr_par' dir='ltr' id='par_1_5' title="bbox 887 249 1662 289">
     <span class='ocr_line' id='line_1_5' title="bbox 887 249 1662 289; baseline 0.004 -11"><span class='ocrx_word' id='word_1_20' title='bbox 887 254 926 279; x_wconf 86' lang='lat' dir='ltr'><strong>rat</strong></span> <span class='ocrx_word' id='word_1_21' title='bbox 940 254 1082 287; x_wconf 86' lang='lat' dir='ltr'><strong>peccatum</strong></span> <span class='ocrx_word' id='word_1_22' title='bbox 1095 250 1184 278; x_wconf 87' lang='lat' dir='ltr'><strong>istuc?</strong></span> <span class='ocrx_word' id='word_1_23' title='bbox 1199 250 1297 277; x_wconf 90' lang='lat' dir='ltr'><strong>Nonne</strong></span> <span class='ocrx_word' id='word_1_24' title='bbox 1311 249 1385 285; x_wconf 86' lang='lat' dir='ltr'><strong>quod</strong></span> <span class='ocrx_word' id='word_1_25' title='bbox 1409 253 1495 278; x_wconf 84' lang='lat' dir='ltr'><strong>estex</strong></span> <span class='ocrx_word' id='word_1_26' title='bbox 1514 254 1662 289; x_wconf 55' lang='lat' dir='ltr'><strong>transgres.</strong></span> 
     </span>
    </p>
   </div>
   <div class='ocr_carea' id='block_1_6' title="bbox 15 295 807 336">
    <p class='ocr_par' dir='ltr' id='par_1_6' title="bbox 15 295 807 336">
     <span class='ocr_line' id='line_1_6' title="bbox 15 295 807 336; baseline 0.003 -12"><span class='ocrx_word' id='word_1_27' title='bbox 15 297 47 333; x_wconf 76' lang='grc' dir='ltr'>μὴ</span> <span class='ocrx_word' id='word_1_28' title='bbox 64 295 154 332; x_wconf 55' lang='grc' dir='ltr'>ὄντος</span> <span class='ocrx_word' id='word_1_29' title='bbox 185 295 318 335; x_wconf 80' lang='grc' dir='ltr'>Ἁμαρτία</span> <span class='ocrx_word' id='word_1_30' title='bbox 346 295 397 336; x_wconf 78' lang='grc' dir='ltr'><strong>γὰρ</strong></span> <span class='ocrx_word' id='word_1_31' title='bbox 421 295 482 326; x_wconf 73' lang='grc' dir='ltr'>τότε</span> <span class='ocrx_word' id='word_1_32' title='bbox 507 296 656 336; x_wconf 84' lang='grc' dir='ltr'>λογίζεται,</span> <span class='ocrx_word' id='word_1_33' title='bbox 683 296 727 326; x_wconf 73' lang='grc' dir='ltr'>ὅτι</span> <span class='ocrx_word' id='word_1_34' title='bbox 750 296 807 326; x_wconf 84' lang='grc' dir='ltr'>ἔστι</span> 
     </span>
    </p>
   </div>
   <div class='ocr_carea' id='block_1_7' title="bbox 14 340 808 382">
    <p class='ocr_par' dir='ltr' id='par_1_7' title="bbox 14 340 808 382">
     <span class='ocr_line' id='line_1_7' title="bbox 14 340 808 382; baseline 0.004 -13"><span class='ocrx_word' id='word_1_35' title='bbox 14 340 100 378; x_wconf 57' lang='grc' dir='ltr'>νόμος</span> <span class='ocrx_word' id='word_1_36' title='bbox 116 340 163 370; x_wconf 82' lang='grc' dir='ltr'>καὶ</span> <span class='ocrx_word' id='word_1_37' title='bbox 185 341 398 381; x_wconf 73' lang='grc' dir='ltr'>παραϐαίνοντες</span> <span class='ocrx_word' id='word_1_38' title='bbox 415 344 509 372; x_wconf 74' lang='grc' dir='ltr'>τοῦτον</span> <span class='ocrx_word' id='word_1_39' title='bbox 522 343 545 371; x_wconf 82' lang='grc' dir='ltr'>οἱ</span> <span class='ocrx_word' id='word_1_40' title='bbox 566 341 709 382; x_wconf 78' lang='grc' dir='ltr'>ἄνθρωποι,</span> <span class='ocrx_word' id='word_1_41' title='bbox 724 343 808 382; x_wconf 85' lang='grc' dir='ltr'>ἀναγ-</span> 
     </span>
    </p>
   </div>
   <div class='ocr_carea' id='block_1_8' title="bbox 14 384 808 427">
    <p class='ocr_par' dir='ltr' id='par_1_8' title="bbox 14 384 808 427">
     <span class='ocr_line' id='line_1_8' title="bbox 14 384 808 427; baseline 0.004 -13"><span class='ocrx_word' id='word_1_42' title='bbox 14 385 90 419; x_wconf 82' lang='grc' dir='ltr'>καίως</span> <span class='ocrx_word' id='word_1_43' title='bbox 105 385 234 425; x_wconf 81' lang='grc' dir='ltr'>λέγονται</span> <span class='ocrx_word' id='word_1_44' title='bbox 250 384 425 427; x_wconf 83' lang='grc' dir='ltr'>ἇμαρτάνιιν.</span> <span class='ocrx_word' id='word_1_45' title='bbox 442 385 522 417; x_wconf 77' lang='grc' dir='ltr'>Ἀλλὰ</span> <span class='ocrx_word' id='word_1_46' title='bbox 538 385 591 426; x_wconf 80' lang='grc' dir='ltr'><strong>μὴν</strong></span> <span class='ocrx_word' id='word_1_47' title='bbox 620 398 635 416; x_wconf 87' lang='grc' dir='ltr'>(ι</span> <span class='ocrx_word' id='word_1_48' title='bbox 662 388 677 417; x_wconf 99' lang='lat'><strong>6</strong></span> <span class='ocrx_word' id='word_1_49' title='bbox 697 386 808 420; x_wconf 84' lang='grc' dir='ltr'>θάνατος</span> 
     </span>
    </p>
   </div>
   <div class='ocr_carea' id='block_1_9' title="bbox 13 429 807 472">
    <p class='ocr_par' dir='ltr' id='par_1_9' title="bbox 13 429 807 472">
     <span class='ocr_line' id='line_1_9' title="bbox 13 429 807 472; baseline 0.004 -13"><span class='ocrx_word' id='word_1_50' title='bbox 13 429 177 460; x_wconf 57' lang='lat' dir='ltr'><strong>Masilam&quot;</strong></span> <span class='ocrx_word' id='word_1_51' title='bbox 197 430 262 471; x_wconf 77' lang='grc' dir='ltr'>ἄχρι</span> <span class='ocrx_word' id='word_1_52' title='bbox 278 430 432 467; x_wconf 79' lang='grc' dir='ltr'>Μωῢσέως,</span> <span class='ocrx_word' id='word_1_53' title='bbox 458 442 473 461; x_wconf 79' lang='lat' dir='ltr'><strong>n</strong></span> <span class='ocrx_word' id='word_1_54' title='bbox 494 431 628 469; x_wconf 75' lang='grc' dir='ltr'><strong>τουτέστι,</strong></span> <span class='ocrx_word' id='word_1_55' title='bbox 643 431 690 462; x_wconf 78' lang='grc' dir='ltr'>καὶ</span> <span class='ocrx_word' id='word_1_56' title='bbox 712 431 775 472; x_wconf 86' lang='grc' dir='ltr'>πρὶν</span> <span class='ocrx_word' id='word_1_57' title='bbox 793 433 807 462; x_wconf 86' lang='grc'>6</span> 
     </span>
    </p>
   </div>
   <div class='ocr_carea' id='block_1_10' title="bbox 13 472 807 517">
    <p class='ocr_par' dir='ltr' id='par_1_10' title="bbox 13 472 807 517">
     <span class='ocr_line' id='line_1_10' title="bbox 13 472 807 517; baseline 0.004 -14"><span class='ocrx_word' id='word_1_58' title='bbox 13 474 85 513; x_wconf 83' lang='grc' dir='ltr'>νόμος</span> <span class='ocrx_word' id='word_1_59' title='bbox 98 475 163 514; x_wconf 78' lang='grc' dir='ltr'>δοθῇ</span> <span class='ocrx_word' id='word_1_60' title='bbox 175 487 183 494; x_wconf 78' lang='grc' dir='ltr'><strong>ο</strong></span> <span class='ocrx_word' id='word_1_61' title='bbox 208 474 277 506; x_wconf 77' lang='grc' dir='ltr'>ὥστε</span> <span class='ocrx_word' id='word_1_62' title='bbox 301 472 332 512; x_wconf 70' lang='grc' dir='ltr'><strong>ἦν</strong></span> <span class='ocrx_word' id='word_1_63' title='bbox 347 475 467 517; x_wconf 74' lang='grc' dir='ltr'>ἁμαρτία</span> <span class='ocrx_word' id='word_1_64' title='bbox 482 477 516 506; x_wconf 84' lang='grc' dir='ltr'>δι’</span> <span class='ocrx_word' id='word_1_65' title='bbox 532 472 563 513; x_wconf 72' lang='grc' dir='ltr'><strong>ἧς</strong></span> <span class='ocrx_word' id='word_1_66' title='bbox 579 478 593 507; x_wconf 88' lang='lat'><strong>6</strong></span> <span class='ocrx_word' id='word_1_67' title='bbox 612 477 722 510; x_wconf 80' lang='grc' dir='ltr'>θάνατος</span> <span class='ocrx_word' id='word_1_68' title='bbox 742 476 807 506; x_wconf 76' lang='grc' dir='ltr'>ἐϐα-</span> 
     </span>
    </p>
   </div>
   <div class='ocr_carea' id='block_1_11' title="bbox 15 517 806 563">
    <p class='ocr_par' dir='ltr' id='par_1_11' title="bbox 15 517 806 563">
     <span class='ocr_line' id='line_1_11' title="bbox 15 517 806 563; baseline 0.005 -15"><span class='ocrx_word' id='word_1_69' title='bbox 15 519 133 550; x_wconf 81' lang='grc' dir='ltr'>σίλευσεν.</span> <span class='ocrx_word' id='word_1_70' title='bbox 151 521 214 550; x_wconf 84' lang='grc' dir='ltr'><strong>Οὖκ</strong></span> <span class='ocrx_word' id='word_1_71' title='bbox 228 520 260 550; x_wconf 78' lang='grc' dir='ltr'><strong>ἂν</strong></span> <span class='ocrx_word' id='word_1_72' title='bbox 275 521 303 550; x_wconf 83' lang='grc' dir='ltr'><strong>δὲ</strong></span> <span class='ocrx_word' id='word_1_73' title='bbox 320 521 504 563; x_wconf 75' lang='grc' dir='ltr'>ἐϐασίλευσεν,</span> <span class='ocrx_word' id='word_1_74' title='bbox 521 523 544 552; x_wconf 75' lang='lat' dir='ltr'><strong>sl</strong></span> <span class='ocrx_word' id='word_1_75' title='bbox 559 521 598 560; x_wconf 72' lang='grc' dir='ltr'><strong>μὴ</strong></span> <span class='ocrx_word' id='word_1_76' title='bbox 617 517 649 558; x_wconf 74' lang='grc' dir='ltr'><strong>ἦν</strong></span> <span class='ocrx_word' id='word_1_77' title='bbox 663 533 703 556; x_wconf 92' lang='grc' dir='ltr'><strong>τις</strong></span> <span class='ocrx_word' id='word_1_78' title='bbox 718 521 806 563; x_wconf 80' lang='grc' dir='ltr'>ἆμαρ·</span> 
     </span>
    </p>
   </div>
   <div class='ocr_carea' id='block_1_12' title="bbox 14 562 808 607">
    <p class='ocr_par' dir='ltr' id='par_1_12' title="bbox 14 562 808 607">
     <span class='ocr_line' id='line_1_12' title="bbox 14 562 808 607; baseline 0.005 -14"><span class='ocrx_word' id='word_1_79' title='bbox 14 566 51 593; x_wconf 79' lang='grc' dir='ltr'><strong>τία</strong></span> <span class='ocrx_word' id='word_1_80' title='bbox 66 567 222 596; x_wconf 78' lang='grc' dir='ltr'>συνιστῶσα</span> <span class='ocrx_word' id='word_1_81' title='bbox 236 566 326 598; x_wconf 79' lang='grc' dir='ltr'>αὐτόν.</span> <span class='ocrx_word' id='word_1_82' title='bbox 345 566 423 597; x_wconf 78' lang='grc' dir='ltr'><strong>Ἐπεὶ</strong></span> <span class='ocrx_word' id='word_1_83' title='bbox 439 562 483 597; x_wconf 64' lang='grc' dir='ltr'><strong>οὖν</strong></span> <span class='ocrx_word' id='word_1_84' title='bbox 501 567 647 607; x_wconf 78' lang='grc' dir='ltr'>ἄπεδιίχθη</span> <span class='ocrx_word' id='word_1_85' title='bbox 664 567 705 597; x_wconf 76' lang='grc' dir='ltr'>ὅτι</span> <span class='ocrx_word' id='word_1_86' title='bbox 717 568 747 597; x_wconf 68' lang='grc' dir='ltr'>ἐκ</span> <span class='ocrx_word' id='word_1_87' title='bbox 761 562 808 603; x_wconf 68' lang='grc' dir='ltr'><strong>τῆς</strong></span> 
     </span>
    </p>
   </div>
   <div class='ocr_carea' id='block_1_13' title="bbox 12 607 807 653">
    <p class='ocr_par' dir='ltr' id='par_1_13' title="bbox 12 607 807 653">
     <span class='ocr_line' id='line_1_13' title="bbox 12 607 807 653; baseline 0.005 -15"><span class='ocrx_word' id='word_1_88' title='bbox 12 610 188 650; x_wconf 75' lang='grc' dir='ltr'>παραϐάσεως</span> <span class='ocrx_word' id='word_1_89' title='bbox 215 614 261 642; x_wconf 75' lang='grc' dir='ltr'><strong>τοῦ</strong></span> <span class='ocrx_word' id='word_1_90' title='bbox 277 611 358 650; x_wconf 81' lang='grc' dir='ltr'>νόμου</span> <span class='ocrx_word' id='word_1_91' title='bbox 382 611 501 653; x_wconf 71' lang='grc' dir='ltr'>ᾇμαρτία</span> <span class='ocrx_word' id='word_1_92' title='bbox 521 611 595 642; x_wconf 81' lang='grc' dir='ltr'>οὔπω</span> <span class='ocrx_word' id='word_1_93' title='bbox 617 607 666 649; x_wconf 78' lang='grc' dir='ltr'><strong>ἦν,</strong></span> <span class='ocrx_word' id='word_1_94' title='bbox 686 612 807 643; x_wconf 75' lang='grc' dir='ltr'>λείπεται</span> 
     </span>
    </p>
   </div>
   <div class='ocr_carea' id='block_1_14' title="bbox 13 652 807 697">
    <p class='ocr_par' dir='ltr' id='par_1_14' title="bbox 13 652 807 697">
     <span class='ocr_line' id='line_1_14' title="bbox 13 652 807 697; baseline 0.003 -12"><span class='ocrx_word' id='word_1_95' title='bbox 13 655 55 691; x_wconf 75' lang='grc' dir='ltr'><strong>τὴν</strong></span> <span class='ocrx_word' id='word_1_96' title='bbox 69 658 113 686; x_wconf 82' lang='grc' dir='ltr'><strong>τοῦ</strong></span> <span class='ocrx_word' id='word_1_97' title='bbox 123 655 216 695; x_wconf 76' lang='grc' dir='ltr'>Ἀδὰμ</span> <span class='ocrx_word' id='word_1_98' title='bbox 231 656 365 697; x_wconf 71' lang='grc' dir='ltr'>ἁμαρτίαν</span> <span class='ocrx_word' id='word_1_99' title='bbox 381 652 448 686; x_wconf 74' lang='grc' dir='ltr'>ιῖναι</span> <span class='ocrx_word' id='word_1_100' title='bbox 462 657 560 694; x_wconf 83' lang='grc' dir='ltr'>ταύτην</span> <span class='ocrx_word' id='word_1_101' title='bbox 573 679 581 695; x_wconf 88' lang='grc'><strong>,</strong></span> <span class='ocrx_word' id='word_1_102' title='bbox 605 657 638 687; x_wconf 83' lang='grc' dir='ltr'>δι’</span> <span class='ocrx_word' id='word_1_103' title='bbox 652 657 685 694; x_wconf 78' lang='grc' dir='ltr'>ἣν</span> <span class='ocrx_word' id='word_1_104' title='bbox 699 659 714 687; x_wconf 90' lang='lat'><strong>6</strong></span> <span class='ocrx_word' id='word_1_105' title='bbox 726 657 807 688; x_wconf 77' lang='grc' dir='ltr'>θάνα-</span> 
     </span>
    </p>
   </div>
   <div class='ocr_carea' id='block_1_15' title="bbox 11 699 805 742">
    <p class='ocr_par' dir='ltr' id='par_1_15' title="bbox 11 699 805 742">
     <span class='ocr_line' id='line_1_15' title="bbox 11 699 805 742; baseline 0.005 -15"><span class='ocrx_word' id='word_1_106' title='bbox 11 711 49 732; x_wconf 77' lang='grc' dir='ltr'><strong>τος</strong></span> <span class='ocrx_word' id='word_1_107' title='bbox 69 699 231 731; x_wconf 73' lang='grc' dir='ltr'>ἐϐασίλευσε</span> <span class='ocrx_word' id='word_1_108' title='bbox 255 702 300 731; x_wconf 87' lang='grc' dir='ltr'>καὶ</span> <span class='ocrx_word' id='word_1_109' title='bbox 322 702 366 732; x_wconf 73' lang='grc' dir='ltr'><strong>ἐπὶ</strong></span> <span class='ocrx_word' id='word_1_110' title='bbox 381 701 440 736; x_wconf 78' lang='grc' dir='ltr'>τοὺς</span> <span class='ocrx_word' id='word_1_111' title='bbox 462 702 500 740; x_wconf 79' lang='grc' dir='ltr'><strong>μὴ</strong></span> <span class='ocrx_word' id='word_1_112' title='bbox 515 702 682 742; x_wconf 74' lang='grc' dir='ltr'>ἁμαρτόντας</span> <span class='ocrx_word' id='word_1_113' title='bbox 698 701 723 720; x_wconf 84' lang='grc'>⁸³</span> <span class='ocrx_word' id='word_1_114' title='bbox 744 703 805 741; x_wconf 75' lang='grc' dir='ltr'>μὲν,</span> 
     </span>
    </p>
   </div>
   <div class='ocr_carea' id='block_1_16' title="bbox 12 744 804 787">
    <p class='ocr_par' dir='ltr' id='par_1_16' title="bbox 12 744 804 787">
     <span class='ocr_line' id='line_1_16' title="bbox 12 744 804 787; baseline 0.005 -13"><span class='ocrx_word' id='word_1_115' title='bbox 12 744 64 774; x_wconf 73' lang='grc' dir='ltr'>ὅσον</span> <span class='ocrx_word' id='word_1_116' title='bbox 85 746 114 775; x_wconf 77' lang='grc' dir='ltr'><strong>τὸ</strong></span> <span class='ocrx_word' id='word_1_117' title='bbox 129 746 170 786; x_wconf 72' lang='grc' dir='ltr'><strong>ἐφ’</strong></span> <span class='ocrx_word' id='word_1_118' title='bbox 187 747 292 780; x_wconf 73' lang='grc' dir='ltr'>ἑαυτοῖς</span> <span class='ocrx_word' id='word_1_119' title='bbox 310 746 408 787; x_wconf 84' lang='grc' dir='ltr'>(νόμον</span> <span class='ocrx_word' id='word_1_120' title='bbox 429 746 483 787; x_wconf 75' lang='grc' dir='ltr'><strong>γὰρ</strong></span> <span class='ocrx_word' id='word_1_121' title='bbox 497 746 536 786; x_wconf 80' lang='grc' dir='ltr'><strong>μὴ</strong></span> <span class='ocrx_word' id='word_1_122' title='bbox 553 746 692 785; x_wconf 76' lang='grc' dir='ltr'>δεξάμενοι</span> <span class='ocrx_word' id='word_1_123' title='bbox 703 770 712 786; x_wconf 84' lang='grc'><strong>,</strong></span> <span class='ocrx_word' id='word_1_124' title='bbox 737 747 804 786; x_wconf 59' lang='grc' dir='ltr'>μηδὲ</span> 
     </span>
    </p>
   </div>
   <div class='ocr_carea' id='block_1_17' title="bbox 12 789 804 833">
    <p class='ocr_par' dir='ltr' id='par_1_17' title="bbox 12 789 804 833">
     <span class='ocr_line' id='line_1_17' title="bbox 12 789 804 833; baseline 0.005 -15"><span class='ocrx_word' id='word_1_125' title='bbox 12 789 174 829; x_wconf 75' lang='grc' dir='ltr'>παραϐάντες</span> <span class='ocrx_word' id='word_1_126' title='bbox 208 793 324 830; x_wconf 78' lang='grc' dir='ltr'>τοῦτον,</span> <span class='ocrx_word' id='word_1_127' title='bbox 350 790 407 821; x_wconf 77' lang='grc' dir='ltr'>οὐδὲ</span> <span class='ocrx_word' id='word_1_128' title='bbox 436 792 558 830; x_wconf 78' lang='grc' dir='ltr'>λέγονται</span> <span class='ocrx_word' id='word_1_129' title='bbox 588 792 804 833; x_wconf 71' lang='grc' dir='ltr'><strong>ἡμαρτηκέναι),</strong></span> 
     </span>
    </p>
   </div>
   <div class='ocr_carea' id='block_1_18' title="bbox 13 835 804 878">
    <p class='ocr_par' dir='ltr' id='par_1_18' title="bbox 13 835 804 878">
     <span class='ocr_line' id='line_1_18' title="bbox 13 835 804 878; baseline 0.004 -14"><span class='ocrx_word' id='word_1_130' title='bbox 13 835 74 873; x_wconf 69' lang='grc' dir='ltr'>ὅμως</span> <span class='ocrx_word' id='word_1_131' title='bbox 108 835 205 875; x_wconf 84' lang='grc' dir='ltr'>μέντοι</span> <span class='ocrx_word' id='word_1_132' title='bbox 233 837 276 866; x_wconf 74' lang='grc' dir='ltr'>ἐπὶ</span> <span class='ocrx_word' id='word_1_133' title='bbox 307 838 345 877; x_wconf 83' lang='grc' dir='ltr'><strong>τῷ</strong></span> <span class='ocrx_word' id='word_1_134' title='bbox 372 836 524 876; x_wconf 80' lang='grc' dir='ltr'>ὁμοιώματι</span> <span class='ocrx_word' id='word_1_135' title='bbox 551 839 598 873; x_wconf 75' lang='grc' dir='ltr'><strong>τῆς</strong></span> <span class='ocrx_word' id='word_1_136' title='bbox 625 837 804 878; x_wconf 74' lang='grc' dir='ltr'>παραϐάσεως</span> 
     </span>
    </p>
   </div>
   <div class='ocr_carea' id='block_1_19' title="bbox 13 879 802 922">
    <p class='ocr_par' dir='ltr' id='par_1_19' title="bbox 13 879 802 922">
     <span class='ocr_line' id='line_1_19' title="bbox 13 879 802 922; baseline 0.004 -13"><span class='ocrx_word' id='word_1_137' title='bbox 13 879 86 919; x_wconf 77' lang='grc' dir='ltr'>Ἀδὰμ</span> <span class='ocrx_word' id='word_1_138' title='bbox 119 880 357 922; x_wconf 73' lang='grc' dir='ltr'>ἁμαρτήσαντας,</span> <span class='ocrx_word' id='word_1_139' title='bbox 388 882 434 912; x_wconf 85' lang='grc' dir='ltr'><strong>καὶ</strong></span> <span class='ocrx_word' id='word_1_140' title='bbox 471 881 610 916; x_wconf 75' lang='grc' dir='ltr'>κοινωνοὺς</span> <span class='ocrx_word' id='word_1_141' title='bbox 649 883 802 921; x_wconf 78' lang='grc' dir='ltr'>γινομένους</span> 
     </span>
    </p>
   </div>
   <div class='ocr_carea' id='block_1_20' title="bbox 15 925 802 967">
    <p class='ocr_par' dir='ltr' id='par_1_20' title="bbox 15 925 802 967">
     <span class='ocr_line' id='line_1_20' title="bbox 15 925 802 967; baseline 0.004 -14"><span class='ocrx_word' id='word_1_142' title='bbox 15 925 95 966; x_wconf 77' lang='grc' dir='ltr'>ἐκείνῳ</span> <span class='ocrx_word' id='word_1_143' title='bbox 123 928 172 956; x_wconf 73' lang='grc' dir='ltr'><strong>τοῦ</strong></span> <span class='ocrx_word' id='word_1_144' title='bbox 209 927 399 965; x_wconf 80' lang='grc' dir='ltr'>πταίσματος,</span> <span class='ocrx_word' id='word_1_145' title='bbox 430 928 466 961; x_wconf 86' lang='grc' dir='ltr'>ὡς</span> <span class='ocrx_word' id='word_1_146' title='bbox 500 926 664 967; x_wconf 75' lang='grc' dir='ltr'>προπάτορι,</span> <span class='ocrx_word' id='word_1_147' title='bbox 693 927 720 961; x_wconf 80' lang='grc' dir='ltr'>ὅς</span> <span class='ocrx_word' id='word_1_148' title='bbox 746 929 802 958; x_wconf 78' lang='grc' dir='ltr'>ἐστι</span> 
     </span>
    </p>
   </div>
   <div class='ocr_carea' id='block_1_21' title="bbox 13 969 803 1012">
    <p class='ocr_par' dir='ltr' id='par_1_21' title="bbox 13 969 803 1012">
     <span class='ocr_line' id='line_1_21' title="bbox 13 969 803 1012; baseline 0.004 -14"><span class='ocrx_word' id='word_1_149' title='bbox 13 969 82 1004; x_wconf 62' lang='grc' dir='ltr'>τύπος</span> <span class='ocrx_word' id='word_1_150' title='bbox 104 972 149 1000; x_wconf 75' lang='grc' dir='ltr'><strong>τοῦ</strong></span> <span class='ocrx_word' id='word_1_151' title='bbox 166 972 300 1010; x_wconf 74' lang='grc' dir='ltr'>Χριστοῦ.</span> <span class='ocrx_word' id='word_1_152' title='bbox 327 971 378 1005; x_wconf 84' lang='grc' dir='ltr'>Ὡς</span> <span class='ocrx_word' id='word_1_153' title='bbox 393 972 445 1012; x_wconf 84' lang='grc' dir='ltr'>γὰρ</span> <span class='ocrx_word' id='word_1_154' title='bbox 460 973 474 1001; x_wconf 89' lang='lat'><strong>6</strong></span> <span class='ocrx_word' id='word_1_155' title='bbox 489 971 602 1006; x_wconf 85' lang='grc' dir='ltr'>παλαιὸς</span> <span class='ocrx_word' id='word_1_156' title='bbox 628 972 711 1011; x_wconf 76' lang='grc' dir='ltr'>Ἀδὰμ</span> <span class='ocrx_word' id='word_1_157' title='bbox 733 972 803 1002; x_wconf 87' lang='grc' dir='ltr'>πάν-</span> 
     </span>
    </p>
   </div>
   <div class='ocr_carea' id='block_1_22' title="bbox 15 1016 802 1057">
    <p class='ocr_par' dir='ltr' id='par_1_22' title="bbox 15 1016 802 1057">
     <span class='ocr_line' id='line_1_22' title="bbox 15 1016 802 1057; baseline 0.005 -14"><span class='ocrx_word' id='word_1_158' title='bbox 15 1026 53 1048; x_wconf 82' lang='grc' dir='ltr'><strong>τας</strong></span> <span class='ocrx_word' id='word_1_159' title='bbox 70 1016 211 1050; x_wconf 63' lang='lat' dir='ltr'><strong>maiqu</strong></span> <span class='ocrx_word' id='word_1_160' title='bbox 240 1016 350 1053; x_wconf 69' lang='grc' dir='ltr'>ἐποίησε</span> <span class='ocrx_word' id='word_1_161' title='bbox 366 1018 404 1057; x_wconf 81' lang='grc' dir='ltr'><strong>τῷ</strong></span> <span class='ocrx_word' id='word_1_162' title='bbox 423 1017 511 1056; x_wconf 72' lang='grc' dir='ltr'>οἰκείῳ</span> <span class='ocrx_word' id='word_1_163' title='bbox 530 1017 697 1056; x_wconf 79' lang='grc' dir='ltr'>πταίσματι,</span> <span class='ocrx_word' id='word_1_164' title='bbox 714 1017 802 1047; x_wconf 79' lang='grc' dir='ltr'>καίτοι</span> 
     </span>
    </p>
   </div>
   <div class='ocr_carea' id='block_1_23' title="bbox 14 1060 802 1102">
    <p class='ocr_par' dir='ltr' id='par_1_23' title="bbox 14 1060 802 1102">
     <span class='ocr_line' id='line_1_23' title="bbox 14 1060 802 1102; baseline 0.004 -13"><span class='ocrx_word' id='word_1_165' title='bbox 14 1060 45 1096; x_wconf 76' lang='grc' dir='ltr'>μὴ</span> <span class='ocrx_word' id='word_1_166' title='bbox 71 1060 238 1095; x_wconf 82' lang='grc' dir='ltr'>πταίσαντας</span> <span class='ocrx_word' id='word_1_167' title='bbox 263 1074 270 1082; x_wconf 91' lang='grc'><strong>·</strong></span> <span class='ocrx_word' id='word_1_168' title='bbox 319 1061 388 1092; x_wconf 76' lang='grc' dir='ltr'>οὕτω</span> <span class='ocrx_word' id='word_1_169' title='bbox 410 1062 457 1092; x_wconf 86' lang='grc' dir='ltr'><strong>καὶ</strong></span> <span class='ocrx_word' id='word_1_170' title='bbox 482 1063 496 1092; x_wconf 97' lang='lat'><strong>6</strong></span> <span class='ocrx_word' id='word_1_171' title='bbox 522 1062 638 1102; x_wconf 82' lang='grc' dir='ltr'>Χριστὸς</span> <span class='ocrx_word' id='word_1_172' title='bbox 661 1062 802 1093; x_wconf 68' lang='grc' dir='ltr'>ἐδικαίωσα</span> 
     </span>
    </p>
   </div>
   <div class='ocr_carea' id='block_1_24' title="bbox 14 1105 799 1145">
    <p class='ocr_par' dir='ltr' id='par_1_24' title="bbox 14 1105 799 1145">
     <span class='ocr_line' id='line_1_24' title="bbox 14 1105 799 1145; baseline 0.006 -12"><span class='ocrx_word' id='word_1_173' title='bbox 14 1105 123 1144; x_wconf 69' lang='grc' dir='ltr'>πάντας,</span> <span class='ocrx_word' id='word_1_174' title='bbox 152 1106 246 1137; x_wconf 79' lang='grc' dir='ltr'>καίτοι</span> <span class='ocrx_word' id='word_1_175' title='bbox 279 1107 316 1145; x_wconf 84' lang='grc' dir='ltr'><strong>μὴ</strong></span> <span class='ocrx_word' id='word_1_176' title='bbox 342 1107 505 1140; x_wconf 72' lang='grc' dir='ltr'>δικαιώσεως</span> <span class='ocrx_word' id='word_1_177' title='bbox 533 1106 594 1142; x_wconf 81' lang='grc' dir='ltr'>ἄξια</span> <span class='ocrx_word' id='word_1_178' title='bbox 623 1107 799 1144; x_wconf 84' lang='grc' dir='ltr'>ποιήσαντας.</span> 
     </span>
    </p>
   </div>
   <div class='ocr_carea' id='block_1_25' title="bbox 15 1150 800 1193">
    <p class='ocr_par' dir='ltr' id='par_1_25' title="bbox 15 1150 800 1193">
     <span class='ocr_line' id='line_1_25' title="bbox 15 1150 800 1193; baseline 0.006 -16"><span class='ocrx_word' id='word_1_179' title='bbox 15 1150 57 1178; x_wconf 82' lang='grc' dir='ltr'><strong>Διᾶ</strong></span> <span class='ocrx_word' id='word_1_180' title='bbox 70 1154 145 1182; x_wconf 78' lang='grc' dir='ltr'>τοῦτο</span> <span class='ocrx_word' id='word_1_181' title='bbox 156 1165 168 1179; x_wconf 76' lang='grc' dir='ltr'><strong>ε</strong></span> <span class='ocrx_word' id='word_1_182' title='bbox 181 1151 267 1186; x_wconf 83' lang='grc' dir='ltr'>τύπος</span> <span class='ocrx_word' id='word_1_183' title='bbox 278 1152 334 1182; x_wconf 80' lang='grc' dir='ltr'>ἐστὶ</span> <span class='ocrx_word' id='word_1_184' title='bbox 345 1154 390 1182; x_wconf 79' lang='grc' dir='ltr'><strong>τοῦ</strong></span> <span class='ocrx_word' id='word_1_185' title='bbox 403 1153 553 1191; x_wconf 78' lang='grc' dir='ltr'>μέλλοντος,</span> <span class='ocrx_word' id='word_1_186' title='bbox 565 1166 576 1179; x_wconf 74' lang='grc' dir='ltr'><strong>υ</strong></span> <span class='ocrx_word' id='word_1_187' title='bbox 589 1153 722 1191; x_wconf 81' lang='grc' dir='ltr'>τουτέστι,</span> <span class='ocrx_word' id='word_1_188' title='bbox 737 1154 800 1193; x_wconf 86' lang='grc' dir='ltr'>Χρι-</span> 
     </span>
    </p>
   </div>
   <div class='ocr_carea' id='block_1_26' title="bbox 16 1205 78 1226">
    <p class='ocr_par' dir='ltr' id='par_1_26' title="bbox 16 1205 78 1226">
     <span class='ocr_line' id='line_1_26' title="bbox 16 1205 78 1226; baseline 0.048 -3"><span class='ocrx_word' id='word_1_189' title='bbox 16 1205 78 1226; x_wconf 77' lang='grc' dir='ltr'>στου.</span> 
     </span>
    </p>
   </div>
   <div class='ocr_carea' id='block_1_27' title="bbox 51 1240 801 1282">
    <p class='ocr_par' dir='ltr' id='par_1_27' title="bbox 51 1240 801 1282">
     <span class='ocr_line' id='line_1_27' title="bbox 51 1240 801 1282; baseline 0.003 -12"><span class='ocrx_word' id='word_1_190' title='bbox 51 1252 63 1269; x_wconf 76' lang='grc' dir='ltr'>ι(</span> <span class='ocrx_word' id='word_1_191' title='bbox 77 1240 145 1271; x_wconf 79' lang='grc' dir='ltr'>Ἀλλ’</span> <span class='ocrx_word' id='word_1_192' title='bbox 165 1242 216 1282; x_wconf 79' lang='grc' dir='ltr'>οὐχ</span> <span class='ocrx_word' id='word_1_193' title='bbox 242 1243 277 1275; x_wconf 78' lang='grc' dir='ltr'>ὥς</span> <span class='ocrx_word' id='word_1_194' title='bbox 298 1242 330 1272; x_wconf 82' lang='grc' dir='ltr'>τὸ</span> <span class='ocrx_word' id='word_1_195' title='bbox 351 1241 526 1282; x_wconf 81' lang='grc' dir='ltr'>παράπτωμα</span> <span class='ocrx_word' id='word_1_196' title='bbox 539 1242 578 1279; x_wconf 80' lang='grc'><strong>⁸⁸,</strong></span> <span class='ocrx_word' id='word_1_197' title='bbox 604 1242 674 1272; x_wconf 76' lang='grc' dir='ltr'>οὕτω</span> <span class='ocrx_word' id='word_1_198' title='bbox 700 1242 746 1272; x_wconf 73' lang='grc' dir='ltr'><strong>καὶ</strong></span> <span class='ocrx_word' id='word_1_199' title='bbox 771 1243 801 1273; x_wconf 88' lang='grc' dir='ltr'><strong>τὸ</strong></span> 
     </span>
    </p>
   </div>
   <div class='ocr_carea' id='block_1_28' title="bbox 15 1284 800 1328">
    <p class='ocr_par' dir='ltr' id='par_1_28' title="bbox 15 1284 800 1328">
     <span class='ocr_line' id='line_1_28' title="bbox 15 1284 800 1328; baseline 0.005 -14"><span class='ocrx_word' id='word_1_200' title='bbox 15 1284 134 1324; x_wconf 75' lang='grc' dir='ltr'>χάρισμα.</span> <span class='ocrx_word' id='word_1_201' title='bbox 161 1287 196 1317; x_wconf 83' lang='grc' dir='ltr'><strong>Εἰ</strong></span> <span class='ocrx_word' id='word_1_202' title='bbox 209 1287 264 1328; x_wconf 84' lang='grc' dir='ltr'>γὰρ</span> <span class='ocrx_word' id='word_1_203' title='bbox 279 1289 317 1328; x_wconf 80' lang='grc' dir='ltr'><strong>τῷ</strong></span> <span class='ocrx_word' id='word_1_204' title='bbox 332 1289 378 1317; x_wconf 79' lang='grc' dir='ltr'><strong>τοῦ</strong></span> <span class='ocrx_word' id='word_1_205' title='bbox 401 1286 456 1320; x_wconf 70' lang='grc' dir='ltr'>ἐνὸς</span> <span class='ocrx_word' id='word_1_206' title='bbox 471 1288 671 1328; x_wconf 82' lang='grc' dir='ltr'>παραπτώματι</span> <span class='ocrx_word' id='word_1_207' title='bbox 686 1290 710 1318; x_wconf 79' lang='lat' dir='ltr'><strong>oi</strong></span> <span class='ocrx_word' id='word_1_208' title='bbox 733 1289 800 1318; x_wconf 87' lang='grc' dir='ltr'>πολ-</span> 
     </span>
    </p>
   </div>
   <div class='ocr_carea' id='block_1_29' title="bbox 17 1330 798 1372">
    <p class='ocr_par' dir='ltr' id='par_1_29' title="bbox 17 1330 798 1372">
     <span class='ocr_line' id='line_1_29' title="bbox 17 1330 798 1372; baseline 0.005 -14"><span class='ocrx_word' id='word_1_209' title='bbox 17 1330 50 1359; x_wconf 80' lang='grc' dir='ltr'>λοὶ</span> <span class='ocrx_word' id='word_1_210' title='bbox 60 1331 200 1368; x_wconf 81' lang='grc' dir='ltr'>ἀπέθανον,</span> <span class='ocrx_word' id='word_1_211' title='bbox 214 1333 309 1372; x_wconf 81' lang='grc' dir='ltr'>πολλῷ</span> <span class='ocrx_word' id='word_1_212' title='bbox 329 1333 432 1370; x_wconf 78' lang='grc' dir='ltr'>μᾶλλον</span> <span class='ocrx_word' id='word_1_213' title='bbox 447 1334 464 1368; x_wconf 84' lang='grc' dir='ltr'><strong>ἡ</strong></span> <span class='ocrx_word' id='word_1_214' title='bbox 487 1332 563 1372; x_wconf 83' lang='grc' dir='ltr'>χάρις</span> <span class='ocrx_word' id='word_1_215' title='bbox 578 1335 624 1362; x_wconf 76' lang='grc' dir='ltr'><strong>τοῦ</strong></span> <span class='ocrx_word' id='word_1_216' title='bbox 646 1334 717 1363; x_wconf 81' lang='grc' dir='ltr'><strong>Θεοῖι⁴</strong></span> <span class='ocrx_word' id='word_1_217' title='bbox 728 1355 736 1369; x_wconf 88' lang='grc'><strong>,</strong></span> <span class='ocrx_word' id='word_1_218' title='bbox 752 1333 798 1363; x_wconf 87' lang='grc' dir='ltr'><strong>καὶ</strong></span> 
     </span>
    </p>
   </div>
   <div class='ocr_carea' id='block_1_30' title="bbox 15 1375 798 1417">
    <p class='ocr_par' dir='ltr' id='par_1_30' title="bbox 15 1375 798 1417">
     <span class='ocr_line' id='line_1_30' title="bbox 15 1375 798 1417; baseline 0.005 -14"><span class='ocrx_word' id='word_1_219' title='bbox 15 1375 130 1415; x_wconf 73' lang='grc' dir='ltr'>ἡδωρεὰ,</span> <span class='ocrx_word' id='word_1_220' title='bbox 145 1377 172 1406; x_wconf 73' lang='grc' dir='ltr'>ιν</span> <span class='ocrx_word' id='word_1_221' title='bbox 186 1377 282 1417; x_wconf 84' lang='grc' dir='ltr'>χάριτι</span> <span class='ocrx_word' id='word_1_222' title='bbox 297 1381 342 1407; x_wconf 68' lang='grc' dir='ltr'>τοτῖ</span> <span class='ocrx_word' id='word_1_223' title='bbox 357 1377 412 1411; x_wconf 75' lang='grc' dir='ltr'>ἑνὸς</span> <span class='ocrx_word' id='word_1_224' title='bbox 423 1376 564 1416; x_wconf 80' lang='grc' dir='ltr'>ἀνθρώπου</span> <span class='ocrx_word' id='word_1_225' title='bbox 577 1377 666 1413; x_wconf 78' lang='grc' dir='ltr'>Ἰησοῦ</span> <span class='ocrx_word' id='word_1_226' title='bbox 682 1379 798 1417; x_wconf 79' lang='grc' dir='ltr'>Χριστοῦ</span> 
     </span>
    </p>
   </div>
   <div class='ocr_carea' id='block_1_31' title="bbox 18 1420 799 1463">
    <p class='ocr_par' dir='ltr' id='par_1_31' title="bbox 18 1420 799 1463">
     <span class='ocr_line' id='line_1_31' title="bbox 18 1420 799 1463; baseline 0.004 -14"><span class='ocrx_word' id='word_1_227' title='bbox 18 1420 45 1452; x_wconf 75' lang='grc' dir='ltr'><strong>εἷς</strong></span> <span class='ocrx_word' id='word_1_228' title='bbox 65 1420 118 1454; x_wconf 81' lang='grc' dir='ltr'>τοὺς</span> <span class='ocrx_word' id='word_1_229' title='bbox 141 1422 258 1455; x_wconf 85' lang='grc' dir='ltr'>πολλοὺς</span> <span class='ocrx_word' id='word_1_230' title='bbox 280 1422 463 1461; x_wconf 81' lang='grc' dir='ltr'>ἔπερίσσευσε.</span> <span class='ocrx_word' id='word_1_231' title='bbox 491 1422 545 1452; x_wconf 84' lang='grc' dir='ltr'>Καὶ</span> <span class='ocrx_word' id='word_1_232' title='bbox 560 1424 610 1463; x_wconf 80' lang='grc' dir='ltr'>οὐχ</span> <span class='ocrx_word' id='word_1_233' title='bbox 632 1424 666 1456; x_wconf 81' lang='grc' dir='ltr'>ὡς</span> <span class='ocrx_word' id='word_1_234' title='bbox 685 1423 721 1452; x_wconf 83' lang='grc' dir='ltr'>δι’</span> <span class='ocrx_word' id='word_1_235' title='bbox 745 1423 799 1456; x_wconf 73' lang='grc' dir='ltr'>ἰνὸς</span> 
     </span>
    </p>
   </div>
   <div class='ocr_carea' id='block_1_32' title="bbox 17 1465 796 1508">
    <p class='ocr_par' dir='ltr' id='par_1_32' title="bbox 17 1465 796 1508">
     <span class='ocr_line' id='line_1_32' title="bbox 17 1465 796 1508; baseline 0.005 -15"><span class='ocrx_word' id='word_1_236' title='bbox 17 1465 222 1504; x_wconf 74' lang='grc' dir='ltr'>ἁμαρτήσαντος,</span> <span class='ocrx_word' id='word_1_237' title='bbox 249 1466 280 1497; x_wconf 87' lang='grc' dir='ltr'><strong>τὸ</strong></span> <span class='ocrx_word' id='word_1_238' title='bbox 307 1467 430 1507; x_wconf 81' lang='grc' dir='ltr'>δώρημα.</span> <span class='ocrx_word' id='word_1_239' title='bbox 455 1466 495 1497; x_wconf 85' lang='grc' dir='ltr'>Τὸ</span> <span class='ocrx_word' id='word_1_240' title='bbox 517 1466 566 1506; x_wconf 84' lang='grc' dir='ltr'>μὲν</span> <span class='ocrx_word' id='word_1_241' title='bbox 590 1467 642 1508; x_wconf 82' lang='grc' dir='ltr'>γὰρ</span> <span class='ocrx_word' id='word_1_242' title='bbox 663 1471 747 1507; x_wconf 84' lang='grc' dir='ltr'>κρῖμα</span> <span class='ocrx_word' id='word_1_243' title='bbox 771 1467 796 1502; x_wconf 74' lang='grc' dir='ltr'><strong>ἐξ</strong></span> 
     </span>
    </p>
   </div>
   <div class='ocr_carea' id='block_1_33' title="bbox 19 1509 836 1556">
    <p class='ocr_par' dir='ltr' id='par_1_33' title="bbox 19 1509 836 1556">
     <span class='ocr_line' id='line_1_33' title="bbox 19 1509 836 1556; baseline 0 -14"><span class='ocrx_word' id='word_1_244' title='bbox 19 1509 62 1542; x_wconf 62' lang='grc' dir='ltr'>ἐνὸς</span> <span class='ocrx_word' id='word_1_245' title='bbox 73 1511 106 1556; x_wconf 74' lang='grc' dir='ltr'><strong>εἰς</strong></span> <span class='ocrx_word' id='word_1_246' title='bbox 113 1512 268 1551; x_wconf 72' lang='grc' dir='ltr'>κατάκριμα</span> <span class='ocrx_word' id='word_1_247' title='bbox 285 1523 292 1531; x_wconf 69' lang='grc'><strong><em>⁵</em></strong></span> <span class='ocrx_word' id='word_1_248' title='bbox 306 1511 336 1541; x_wconf 78' lang='grc' dir='ltr'><strong>τὸ</strong></span> <span class='ocrx_word' id='word_1_249' title='bbox 350 1510 377 1542; x_wconf 74' lang='grc' dir='ltr'><strong>δὲ</strong></span> <span class='ocrx_word' id='word_1_250' title='bbox 395 1511 518 1552; x_wconf 74' lang='grc' dir='ltr'>χάρισμα</span> <span class='ocrx_word' id='word_1_251' title='bbox 537 1513 566 1542; x_wconf 75' lang='grc' dir='ltr'>ἐκ</span> <span class='ocrx_word' id='word_1_252' title='bbox 581 1513 687 1542; x_wconf 82' lang='grc' dir='ltr'>πολλῶν</span> <span class='ocrx_word' id='word_1_253' title='bbox 703 1524 796 1553; x_wconf 89' lang='grc' dir='ltr'>παρα·</span> <span class='ocrx_word' id='word_1_254' title='bbox 813 1524 836 1556; x_wconf 77' lang='lat' dir='ltr'><strong><em>C</em></strong></span> 
     </span>
    </p>
   </div>
   <div class='ocr_carea' id='block_1_34' title="bbox 17 1554 797 1598">
    <p class='ocr_par' dir='ltr' id='par_1_34' title="bbox 17 1554 797 1598">
     <span class='ocr_line' id='line_1_34' title="bbox 17 1554 797 1598; baseline 0.004 -15"><span class='ocrx_word' id='word_1_255' title='bbox 17 1554 147 1593; x_wconf 76' lang='grc' dir='ltr'>πτωμάτων</span> <span class='ocrx_word' id='word_1_256' title='bbox 170 1558 207 1591; x_wconf 87' lang='grc' dir='ltr'><strong>εἶς</strong></span> <span class='ocrx_word' id='word_1_257' title='bbox 229 1557 379 1595; x_wconf 79' lang='grc' dir='ltr'>δικαίωμα.</span> <span class='ocrx_word' id='word_1_258' title='bbox 394 1567 409 1585; x_wconf 82' lang='grc'><strong>1)</strong></span> <span class='ocrx_word' id='word_1_259' title='bbox 434 1557 475 1586; x_wconf 82' lang='grc' dir='ltr'><strong>Οὔ</strong></span> <span class='ocrx_word' id='word_1_260' title='bbox 491 1559 615 1587; x_wconf 69' lang='grc' dir='ltr'>τοσοῦτον</span> <span class='ocrx_word' id='word_1_261' title='bbox 631 1557 710 1595; x_wconf 84' lang='grc' dir='ltr'>μόνον</span> <span class='ocrx_word' id='word_1_262' title='bbox 720 1580 728 1593; x_wconf 92' lang='grc'><strong>,</strong></span> <span class='ocrx_word' id='word_1_263' title='bbox 744 1569 797 1598; x_wconf 81' lang='grc' dir='ltr'><strong>φη-</strong></span> 
     </span>
    </p>
   </div>
   <div class='ocr_carea' id='block_1_35' title="bbox 20 1599 796 1642">
    <p class='ocr_par' dir='ltr' id='par_1_35' title="bbox 20 1599 796 1642">
     <span class='ocr_line' id='line_1_35' title="bbox 20 1599 796 1642; baseline 0.009 -15"><span class='ocrx_word' id='word_1_264' title='bbox 20 1599 64 1635; x_wconf 81' lang='grc' dir='ltr'>σὶν,</span> <span class='ocrx_word' id='word_1_265' title='bbox 75 1601 204 1641; x_wconf 66' lang='grc' dir='ltr'>ὠφέλησεν</span> <span class='ocrx_word' id='word_1_266' title='bbox 225 1603 242 1631; x_wconf 87' lang='lat'><strong>6</strong></span> <span class='ocrx_word' id='word_1_267' title='bbox 267 1601 401 1642; x_wconf 80' lang='grc' dir='ltr'>Χριστὸς,</span> <span class='ocrx_word' id='word_1_268' title='bbox 421 1601 482 1631; x_wconf 73' lang='grc' dir='ltr'>ὅσον</span> <span class='ocrx_word' id='word_1_269' title='bbox 499 1601 614 1642; x_wconf 66' lang='grc' dir='ltr'>ἔϐλαψεν</span> <span class='ocrx_word' id='word_1_270' title='bbox 629 1604 643 1632; x_wconf 90' lang='lat'><strong>6</strong></span> <span class='ocrx_word' id='word_1_271' title='bbox 660 1601 746 1641; x_wconf 82' lang='grc' dir='ltr'>Ἀδάμ</span> <span class='ocrx_word' id='word_1_272' title='bbox 759 1603 796 1634; x_wconf 81' lang='grc'><strong>⁸⁵.</strong></span> 
     </span>
    </p>
   </div>
   <div class='ocr_carea' id='block_1_36' title="bbox 24 1644 798 1687">
    <p class='ocr_par' dir='ltr' id='par_1_36' title="bbox 24 1644 798 1687">
     <span class='ocr_line' id='line_1_36' title="bbox 24 1644 798 1687; baseline 0.006 -15"><span class='ocrx_word' id='word_1_273' title='bbox 24 1644 47 1672; x_wconf 73' lang='grc' dir='ltr'><strong>Εἰ</strong></span> <span class='ocrx_word' id='word_1_274' title='bbox 68 1645 113 1684; x_wconf 72' lang='grc' dir='ltr'>γὰρ</span> <span class='ocrx_word' id='word_1_275' title='bbox 138 1648 154 1681; x_wconf 84' lang='grc' dir='ltr'>ἡ</span> <span class='ocrx_word' id='word_1_276' title='bbox 179 1647 302 1687; x_wconf 74' lang='grc' dir='ltr'>ἁμαρτία</span> <span class='ocrx_word' id='word_1_277' title='bbox 336 1650 457 1677; x_wconf 76' lang='grc' dir='ltr'>τοσοῦτον</span> <span class='ocrx_word' id='word_1_278' title='bbox 489 1646 616 1686; x_wconf 77' lang='grc' dir='ltr'>ἴσχυσεν,</span> <span class='ocrx_word' id='word_1_279' title='bbox 645 1646 713 1676; x_wconf 74' lang='grc' dir='ltr'>ὥστε</span> <span class='ocrx_word' id='word_1_280' title='bbox 742 1646 798 1681; x_wconf 76' lang='grc' dir='ltr'>ἑνὸς</span> 
     </span>
    </p>
   </div>
   <div class='ocr_carea' id='block_1_37' title="bbox 23 1688 798 1731">
    <p class='ocr_par' dir='ltr' id='par_1_37' title="bbox 23 1688 798 1731">
     <span class='ocr_line' id='line_1_37' title="bbox 23 1688 798 1731; baseline 0.004 -14"><span class='ocrx_word' id='word_1_281' title='bbox 23 1688 160 1724; x_wconf 79' lang='grc' dir='ltr'>πταίσαντος</span> <span class='ocrx_word' id='word_1_282' title='bbox 169 1715 178 1731; x_wconf 82' lang='grc'><strong>,</strong></span> <span class='ocrx_word' id='word_1_283' title='bbox 192 1692 298 1725; x_wconf 86' lang='grc' dir='ltr'>πάντας</span> <span class='ocrx_word' id='word_1_284' title='bbox 311 1691 371 1725; x_wconf 81' lang='grc' dir='ltr'>τοὺς</span> <span class='ocrx_word' id='word_1_285' title='bbox 384 1691 411 1725; x_wconf 78' lang='grc' dir='ltr'><strong>ἐξ</strong></span> <span class='ocrx_word' id='word_1_286' title='bbox 424 1691 524 1721; x_wconf 80' lang='grc' dir='ltr'>ἐκιίνου</span> <span class='ocrx_word' id='word_1_287' title='bbox 535 1715 543 1728; x_wconf 89' lang='grc'><strong>,</strong></span> <span class='ocrx_word' id='word_1_288' title='bbox 558 1691 646 1722; x_wconf 83' lang='grc' dir='ltr'>καίτοι</span> <span class='ocrx_word' id='word_1_289' title='bbox 660 1691 698 1730; x_wconf 81' lang='grc' dir='ltr'><strong>μὴ</strong></span> <span class='ocrx_word' id='word_1_290' title='bbox 713 1692 798 1722; x_wconf 84' lang='grc' dir='ltr'>πταί-</span> 
     </span>
    </p>
   </div>
   <div class='ocr_carea' id='block_1_38' title="bbox 21 1737 798 1777">
    <p class='ocr_par' dir='ltr' id='par_1_38' title="bbox 21 1737 798 1777">
     <span class='ocr_line' id='line_1_38' title="bbox 21 1737 798 1777; baseline 0.006 -16"><span class='ocrx_word' id='word_1_291' title='bbox 21 1744 115 1772; x_wconf 80' lang='grc' dir='ltr'>σαντας,</span> <span class='ocrx_word' id='word_1_292' title='bbox 129 1739 340 1777; x_wconf 79' lang='grc' dir='ltr'>κατακριθῆναι·</span> <span class='ocrx_word' id='word_1_293' title='bbox 358 1737 450 1776; x_wconf 84' lang='grc' dir='ltr'>πολλῷ</span> <span class='ocrx_word' id='word_1_294' title='bbox 465 1737 566 1774; x_wconf 71' lang='grc' dir='ltr'>μᾶλλον</span> <span class='ocrx_word' id='word_1_295' title='bbox 585 1738 602 1772; x_wconf 81' lang='grc' dir='ltr'><strong>ἡ</strong></span> <span class='ocrx_word' id='word_1_296' title='bbox 622 1737 701 1777; x_wconf 83' lang='grc' dir='ltr'>χάρις</span> <span class='ocrx_word' id='word_1_297' title='bbox 712 1739 730 1773; x_wconf 83' lang='grc' dir='ltr'>ἡ</span> <span class='ocrx_word' id='word_1_298' title='bbox 751 1739 798 1766; x_wconf 71' lang='grc' dir='ltr'><strong>τοῦ</strong></span> 
     </span>
    </p>
   </div>
   <div class='ocr_carea' id='block_1_39' title="bbox 22 1778 798 1821">
    <p class='ocr_par' dir='ltr' id='par_1_39' title="bbox 22 1778 798 1821">
     <span class='ocr_line' id='line_1_39' title="bbox 22 1778 798 1821; baseline 0.005 -14"><span class='ocrx_word' id='word_1_299' title='bbox 22 1778 78 1808; x_wconf 72' lang='grc' dir='ltr'>Θιῶ</span> <span class='ocrx_word' id='word_1_300' title='bbox 92 1780 132 1809; x_wconf 78' lang='grc' dir='ltr'>καὶ</span> <span class='ocrx_word' id='word_1_301' title='bbox 154 1781 278 1821; x_wconf 77' lang='grc' dir='ltr'>Πατρὸς,</span> <span class='ocrx_word' id='word_1_302' title='bbox 296 1781 325 1811; x_wconf 89' lang='grc' dir='ltr'>οὖ</span> <span class='ocrx_word' id='word_1_303' title='bbox 347 1780 428 1820; x_wconf 89' lang='grc' dir='ltr'>μόνου</span> <span class='ocrx_word' id='word_1_304' title='bbox 453 1780 567 1820; x_wconf 79' lang='grc' dir='ltr'>τούτου,</span> <span class='ocrx_word' id='word_1_305' title='bbox 595 1782 665 1811; x_wconf 74' lang='grc' dir='ltr'>ἀλλὰ</span> <span class='ocrx_word' id='word_1_306' title='bbox 686 1781 732 1811; x_wconf 78' lang='grc' dir='ltr'>καὶ</span> <span class='ocrx_word' id='word_1_307' title='bbox 751 1784 798 1811; x_wconf 79' lang='grc' dir='ltr'><strong>τοῦ</strong></span> 
     </span>
    </p>
   </div>
   <div class='ocr_carea' id='block_1_40' title="bbox 23 1823 799 1867">
    <p class='ocr_par' dir='ltr' id='par_1_40' title="bbox 23 1823 799 1867">
     <span class='ocr_line' id='line_1_40' title="bbox 23 1823 799 1867; baseline 0.003 -14"><span class='ocrx_word' id='word_1_308' title='bbox 23 1823 76 1853; x_wconf 78' lang='grc' dir='ltr'><strong>Ποῦ</strong></span> <span class='ocrx_word' id='word_1_309' title='bbox 88 1826 177 1863; x_wconf 79' lang='grc' dir='ltr'>αὐτοῦ,</span> <span class='ocrx_word' id='word_1_310' title='bbox 199 1829 238 1860; x_wconf 75' lang='grc' dir='ltr'><strong>εἰς</strong></span> <span class='ocrx_word' id='word_1_311' title='bbox 263 1825 324 1860; x_wconf 79' lang='grc' dir='ltr'>τοὺς</span> <span class='ocrx_word' id='word_1_312' title='bbox 348 1825 462 1859; x_wconf 76' lang='grc' dir='ltr'>πολλοὺς</span> <span class='ocrx_word' id='word_1_313' title='bbox 485 1825 656 1866; x_wconf 76' lang='grc' dir='ltr'>πιρισσεῦσει</span> <span class='ocrx_word' id='word_1_314' title='bbox 680 1827 799 1867; x_wconf 76' lang='grc' dir='ltr'>δαψιλῶς</span> 
     </span>
    </p>
   </div>
   <div class='ocr_carea' id='block_1_41' title="bbox 24 1870 799 1911">
    <p class='ocr_par' dir='ltr' id='par_1_41' title="bbox 24 1870 799 1911">
     <span class='ocr_line' id='line_1_41' title="bbox 24 1870 799 1911; baseline 0.003 -13"><span class='ocrx_word' id='word_1_315' title='bbox 24 1870 107 1907; x_wconf 71' lang='grc' dir='ltr'>ῥυεῖσα.</span> <span class='ocrx_word' id='word_1_316' title='bbox 119 1871 170 1901; x_wconf 76' lang='grc' dir='ltr'><strong>Καὶ</strong></span> <span class='ocrx_word' id='word_1_317' title='bbox 185 1872 234 1901; x_wconf 80' lang='grc' dir='ltr'><strong>οὐχ</strong></span> <span class='ocrx_word' id='word_1_318' title='bbox 253 1871 329 1900; x_wconf 83' lang='grc' dir='ltr'>ἔσται</span> <span class='ocrx_word' id='word_1_319' title='bbox 345 1870 375 1900; x_wconf 82' lang='grc' dir='ltr'><strong>τὸ</strong></span> <span class='ocrx_word' id='word_1_320' title='bbox 388 1871 502 1911; x_wconf 78' lang='grc' dir='ltr'>δώρημα</span> <span class='ocrx_word' id='word_1_321' title='bbox 516 1873 561 1901; x_wconf 81' lang='grc' dir='ltr'><strong>τοῦ</strong></span> <span class='ocrx_word' id='word_1_322' title='bbox 581 1871 651 1901; x_wconf 81' lang='grc' dir='ltr'>Θιοῧ</span> <span class='ocrx_word' id='word_1_323' title='bbox 666 1874 799 1907; x_wconf 77' lang='grc' dir='ltr'>τοσοῦτον,</span> 
     </span>
    </p>
   </div>
   <div class='ocr_carea' id='block_1_42' title="bbox 24 1914 798 1956">
    <p class='ocr_par' dir='ltr' id='par_1_42' title="bbox 24 1914 798 1956">
     <span class='ocr_line' id='line_1_42' title="bbox 24 1914 798 1956; baseline 0.001 -12"><span class='ocrx_word' id='word_1_324' title='bbox 24 1914 71 1943; x_wconf 74' lang='grc' dir='ltr'>ὅσον</span> <span class='ocrx_word' id='word_1_325' title='bbox 84 1915 124 1945; x_wconf 76' lang='grc' dir='ltr'><strong>καὶ</strong></span> <span class='ocrx_word' id='word_1_326' title='bbox 137 1917 167 1946; x_wconf 80' lang='grc' dir='ltr'>τὸ</span> <span class='ocrx_word' id='word_1_327' title='bbox 180 1917 212 1946; x_wconf 86' lang='grc' dir='ltr'>δι’</span> <span class='ocrx_word' id='word_1_328' title='bbox 229 1916 289 1950; x_wconf 81' lang='grc' dir='ltr'>ἑνὸς</span> <span class='ocrx_word' id='word_1_329' title='bbox 314 1916 521 1955; x_wconf 75' lang='grc' dir='ltr'>ἁμαρτήσαντος</span> <span class='ocrx_word' id='word_1_330' title='bbox 544 1916 716 1956; x_wconf 79' lang='grc' dir='ltr'>κατάκριμα;</span> <span class='ocrx_word' id='word_1_331' title='bbox 732 1929 743 1942; x_wconf 77' lang='grc' dir='ltr'><strong>ιι</strong></span> <span class='ocrx_word' id='word_1_332' title='bbox 758 1916 798 1946; x_wconf 81' lang='grc' dir='ltr'><strong>Τὸ</strong></span> 
     </span>
    </p>
   </div>
   <div class='ocr_carea' id='block_1_43' title="bbox 26 1957 799 2001">
    <p class='ocr_par' dir='ltr' id='par_1_43' title="bbox 26 1957 799 2001">
     <span class='ocr_line' id='line_1_43' title="bbox 26 1957 799 2001; baseline 0.001 -12"><span class='ocrx_word' id='word_1_333' title='bbox 26 1957 62 1995; x_wconf 73' lang='grc' dir='ltr'><strong>μὲν</strong></span> <span class='ocrx_word' id='word_1_334' title='bbox 75 1959 119 1999; x_wconf 76' lang='grc' dir='ltr'>γὰρ</span> <span class='ocrx_word' id='word_1_335' title='bbox 133 1965 230 2001; x_wconf 73' lang='grc' dir='ltr'>κρῖμα,</span> <span class='ocrx_word' id='word_1_336' title='bbox 250 1974 262 1987; x_wconf 79' lang='grc' dir='ltr'><strong>ιι</strong></span> <span class='ocrx_word' id='word_1_337' title='bbox 276 1960 411 1991; x_wconf 75' lang='grc' dir='ltr'>τουτέστιν</span> <span class='ocrx_word' id='word_1_338' title='bbox 421 1983 428 1995; x_wconf 83' lang='grc'><strong>,</strong></span> <span class='ocrx_word' id='word_1_339' title='bbox 443 1960 656 2001; x_wconf 73' lang='grc' dir='ltr'>ἣεῦκατάκριτος</span> <span class='ocrx_word' id='word_1_340' title='bbox 671 1961 697 1980; x_wconf 75' lang='grc' dir='ltr'><strong>⁸ο</strong></span> <span class='ocrx_word' id='word_1_341' title='bbox 711 1960 799 2001; x_wconf 84' lang='grc' dir='ltr'>ἆμαρ-</span> 
     </span>
    </p>
   </div>
   <div class='ocr_carea' id='block_1_44' title="bbox 25 2002 799 2047">
    <p class='ocr_par' dir='ltr' id='par_1_44' title="bbox 25 2002 799 2047">
     <span class='ocr_line' id='line_1_44' title="bbox 25 2002 799 2047; baseline -0.001 -12"><span class='ocrx_word' id='word_1_342' title='bbox 25 2002 70 2039; x_wconf 54' lang='lat' dir='ltr'><strong>fil,</strong></span> <span class='ocrx_word' id='word_1_343' title='bbox 83 2017 94 2030; x_wconf 72' lang='grc' dir='ltr'><strong>α</strong></span> <span class='ocrx_word' id='word_1_344' title='bbox 108 2005 133 2040; x_wconf 71' lang='grc' dir='ltr'><strong>ἐξ</strong></span> <span class='ocrx_word' id='word_1_345' title='bbox 147 2006 199 2040; x_wconf 73' lang='grc' dir='ltr'>ἰνὸς</span> <span class='ocrx_word' id='word_1_346' title='bbox 209 2018 224 2035; x_wconf 84' lang='grc'><strong>))</strong></span> <span class='ocrx_word' id='word_1_347' title='bbox 247 2008 293 2035; x_wconf 79' lang='grc' dir='ltr'><strong>τοῦ</strong></span> <span class='ocrx_word' id='word_1_348' title='bbox 309 2006 393 2044; x_wconf 82' lang='grc' dir='ltr'>Ἀδὰμ</span> <span class='ocrx_word' id='word_1_349' title='bbox 406 2007 514 2047; x_wconf 74' lang='grc' dir='ltr'>ῥυεῖσα,</span> <span class='ocrx_word' id='word_1_350' title='bbox 531 2016 545 2034; x_wconf 79' lang='grc' dir='ltr'><strong>ιι</strong></span> <span class='ocrx_word' id='word_1_351' title='bbox 556 2007 591 2039; x_wconf 74' lang='grc' dir='ltr'>εἰς</span> <span class='ocrx_word' id='word_1_352' title='bbox 606 2005 773 2046; x_wconf 79' lang='grc' dir='ltr'>κατάκριμα,</span> <span class='ocrx_word' id='word_1_353' title='bbox 786 2020 799 2033; x_wconf 73' lang='grc'><strong>1</strong></span> 
     </span>
    </p>
   </div>
   <div class='ocr_carea' id='block_1_45' title="bbox 26 2049 800 2091">
    <p class='ocr_par' dir='ltr' id='par_1_45' title="bbox 26 2049 800 2091">
     <span class='ocr_line' id='line_1_45' title="bbox 26 2049 800 2091; baseline 0.006 -15"><span class='ocrx_word' id='word_1_354' title='bbox 26 2049 152 2087; x_wconf 79' lang='grc' dir='ltr'>τουτέστιν,</span> <span class='ocrx_word' id='word_1_355' title='bbox 169 2052 205 2085; x_wconf 77' lang='grc' dir='ltr'>είς</span> <span class='ocrx_word' id='word_1_356' title='bbox 220 2051 353 2089; x_wconf 84' lang='grc' dir='ltr'>θάνατον,</span> <span class='ocrx_word' id='word_1_357' title='bbox 372 2051 390 2087; x_wconf 77' lang='grc' dir='ltr'><strong>ἢ</strong></span> <span class='ocrx_word' id='word_1_358' title='bbox 411 2050 456 2080; x_wconf 76' lang='grc' dir='ltr'>καὶ</span> <span class='ocrx_word' id='word_1_359' title='bbox 471 2051 579 2085; x_wconf 75' lang='grc' dir='ltr'>πλείους</span> <span class='ocrx_word' id='word_1_360' title='bbox 593 2050 742 2091; x_wconf 79' lang='grc' dir='ltr'>ἁμαρτίας,</span> <span class='ocrx_word' id='word_1_361' title='bbox 758 2051 800 2081; x_wconf 73' lang='grc' dir='ltr'><strong>ἀεὶ</strong></span> 
     </span>
    </p>
   </div>
   <div class='ocr_carea' id='block_1_46' title="bbox 26 2094 800 2136">
    <p class='ocr_par' dir='ltr' id='par_1_46' title="bbox 26 2094 800 2136">
     <span class='ocr_line' id='line_1_46' title="bbox 26 2094 800 2136; baseline -0.001 -10"><span class='ocrx_word' id='word_1_362' title='bbox 26 2097 68 2126; x_wconf 71' lang='grc' dir='ltr'><strong>τοῖς</strong></span> <span class='ocrx_word' id='word_1_363' title='bbox 80 2094 103 2128; x_wconf 81' lang='grc' dir='ltr'><strong>ἒξ</strong></span> <span class='ocrx_word' id='word_1_364' title='bbox 115 2095 209 2126; x_wconf 77' lang='grc' dir='ltr'>ἐκείνου</span> <span class='ocrx_word' id='word_1_365' title='bbox 227 2096 346 2135; x_wconf 73' lang='grc' dir='ltr'>ἕγίνιτο,</span> <span class='ocrx_word' id='word_1_366' title='bbox 368 2095 440 2126; x_wconf 82' lang='grc' dir='ltr'>ὥστι</span> <span class='ocrx_word' id='word_1_367' title='bbox 463 2097 573 2130; x_wconf 85' lang='grc' dir='ltr'>πολλαῖς</span> <span class='ocrx_word' id='word_1_368' title='bbox 596 2095 739 2136; x_wconf 76' lang='grc' dir='ltr'>ἁμαρτίαις</span> <span class='ocrx_word' id='word_1_369' title='bbox 754 2095 800 2126; x_wconf 80' lang='grc' dir='ltr'>καὶ</span> 
     </span>
    </p>
   </div>
   <div class='ocr_carea' id='block_1_47' title="bbox 27 2138 800 2181">
    <p class='ocr_par' dir='ltr' id='par_1_47' title="bbox 27 2138 800 2181">
     <span class='ocr_line' id='line_1_47' title="bbox 27 2138 800 2181; baseline 0.008 -17"><span class='ocrx_word' id='word_1_370' title='bbox 27 2138 113 2178; x_wconf 71' lang='grc' dir='ltr'>θανάτῳ</span> <span class='ocrx_word' id='word_1_371' title='bbox 126 2141 281 2181; x_wconf 69' lang='grc' dir='ltr'>ἐνσχεθῆναι</span> <span class='ocrx_word' id='word_1_372' title='bbox 294 2140 354 2175; x_wconf 77' lang='grc' dir='ltr'>τοὺς</span> <span class='ocrx_word' id='word_1_373' title='bbox 371 2139 535 2180; x_wconf 79' lang='grc' dir='ltr'>ἀνθρώπους.</span> <span class='ocrx_word' id='word_1_374' title='bbox 556 2154 567 2167; x_wconf 75' lang='grc' dir='ltr'><strong>α</strong></span> <span class='ocrx_word' id='word_1_375' title='bbox 583 2140 624 2171; x_wconf 74' lang='grc' dir='ltr'><strong>Τὸ</strong></span> <span class='ocrx_word' id='word_1_376' title='bbox 638 2141 665 2170; x_wconf 74' lang='grc' dir='ltr'><strong>δὲ</strong></span> <span class='ocrx_word' id='word_1_377' title='bbox 679 2141 800 2181; x_wconf 84' lang='grc' dir='ltr'>χάρισμα</span> 
     </span>
    </p>
   </div>
   <div class='ocr_carea' id='block_1_48' title="bbox 29 2181 802 2227">
    <p class='ocr_par' dir='ltr' id='par_1_48' title="bbox 29 2181 802 2227">
     <span class='ocr_line' id='line_1_48' title="bbox 29 2181 802 2227; baseline 0.005 -17"><span class='ocrx_word' id='word_1_378' title='bbox 29 2181 51 2210; x_wconf 78' lang='grc' dir='ltr'>ἐκ</span> <span class='ocrx_word' id='word_1_379' title='bbox 63 2185 154 2214; x_wconf 80' lang='grc' dir='ltr'>πολλῶν</span> <span class='ocrx_word' id='word_1_380' title='bbox 168 2187 399 2227; x_wconf 79' lang='grc' dir='ltr'>παραπτωμάτων</span> <span class='ocrx_word' id='word_1_381' title='bbox 414 2187 449 2220; x_wconf 84' lang='grc' dir='ltr'>ιῖς</span> <span class='ocrx_word' id='word_1_382' title='bbox 468 2185 602 2224; x_wconf 79' lang='grc' dir='ltr'>δικαίωμα</span> <span class='ocrx_word' id='word_1_383' title='bbox 611 2208 619 2223; x_wconf 85' lang='grc'><strong>,</strong></span> <span class='ocrx_word' id='word_1_384' title='bbox 632 2199 643 2212; x_wconf 74' lang='grc' dir='ltr'><strong>ι</strong></span> <span class='ocrx_word' id='word_1_385' title='bbox 657 2186 802 2222; x_wconf 82' lang='grc' dir='ltr'>τουτέστιν,</span> 
     </span>
    </p>
   </div>
   <div class='ocr_carea' id='block_1_49' title="bbox 30 2227 797 2271">
    <p class='ocr_par' dir='ltr' id='par_1_49' title="bbox 30 2227 797 2271">
     <span class='ocr_line' id='line_1_49' title="bbox 30 2227 797 2271; baseline -0.001 -10"><span class='ocrx_word' id='word_1_386' title='bbox 30 2227 42 2261; x_wconf 73' lang='grc' dir='ltr'>ἦ</span> <span class='ocrx_word' id='word_1_387' title='bbox 54 2228 119 2268; x_wconf 72' lang='grc' dir='ltr'>χάρις</span> <span class='ocrx_word' id='word_1_388' title='bbox 137 2231 164 2260; x_wconf 81' lang='grc' dir='ltr'>οὗ</span> <span class='ocrx_word' id='word_1_389' title='bbox 178 2231 225 2268; x_wconf 76' lang='grc' dir='ltr'><strong>τὴν</strong></span> <span class='ocrx_word' id='word_1_390' title='bbox 241 2232 304 2270; x_wconf 87' lang='grc' dir='ltr'>μίαν</span> <span class='ocrx_word' id='word_1_391' title='bbox 317 2231 418 2268; x_wconf 76' lang='grc' dir='ltr'>ἐκείνην</span> <span class='ocrx_word' id='word_1_392' title='bbox 433 2232 535 2261; x_wconf 78' lang='grc' dir='ltr'>ἀνεῖλεν</span> <span class='ocrx_word' id='word_1_393' title='bbox 549 2230 683 2271; x_wconf 81' lang='grc' dir='ltr'>ἁμαρτίαν</span> <span class='ocrx_word' id='word_1_394' title='bbox 700 2231 797 2270; x_wconf 85' lang='grc' dir='ltr'>μόνον,</span> 
     </span>
    </p>
   </div>
   <div class='ocr_carea' id='block_1_50' title="bbox 32 2271 797 2314">
    <p class='ocr_par' dir='ltr' id='par_1_50' title="bbox 32 2271 797 2314">
     <span class='ocr_line' id='line_1_50' title="bbox 32 2271 797 2314; baseline 0.01 -16"><span class='ocrx_word' id='word_1_395' title='bbox 32 2271 85 2301; x_wconf 66' lang='grc' dir='ltr'>ἀλλὰ</span> <span class='ocrx_word' id='word_1_396' title='bbox 100 2275 141 2304; x_wconf 82' lang='grc' dir='ltr'><strong>καὶ</strong></span> <span class='ocrx_word' id='word_1_397' title='bbox 162 2275 207 2310; x_wconf 71' lang='grc' dir='ltr'><strong>τὰς</strong></span> <span class='ocrx_word' id='word_1_398' title='bbox 230 2276 290 2314; x_wconf 78' lang='grc' dir='ltr'>μετ’</span> <span class='ocrx_word' id='word_1_399' title='bbox 315 2276 420 2312; x_wconf 71' lang='grc' dir='ltr'>ἐκείνην</span> <span class='ocrx_word' id='word_1_400' title='bbox 443 2275 656 2310; x_wconf 72' lang='grc' dir='ltr'>ἐπεισελθούσας.</span> <span class='ocrx_word' id='word_1_401' title='bbox 682 2275 797 2307; x_wconf 79' lang='grc' dir='ltr'>Πάντων</span> 
     </span>
    </p>
   </div>
   <div class='ocr_carea' id='block_1_51' title="bbox 30 2314 799 2362">
    <p class='ocr_par' dir='ltr' id='par_1_51' title="bbox 30 2314 799 2362">
     <span class='ocr_line' id='line_1_51' title="bbox 30 2314 799 2362; baseline 0.004 -15"><span class='ocrx_word' id='word_1_402' title='bbox 30 2314 69 2362; x_wconf 59' lang='grc' dir='ltr'>γὰρ</span> <span class='ocrx_word' id='word_1_403' title='bbox 87 2319 134 2348; x_wconf 73' lang='grc' dir='ltr'><strong>τῶν</strong></span> <span class='ocrx_word' id='word_1_404' title='bbox 155 2321 222 2359; x_wconf 77' lang='grc' dir='ltr'>μετὰ</span> <span class='ocrx_word' id='word_1_405' title='bbox 241 2321 291 2358; x_wconf 84' lang='grc' dir='ltr'><strong>τὴν</strong></span> <span class='ocrx_word' id='word_1_406' title='bbox 305 2321 459 2362; x_wconf 77' lang='grc' dir='ltr'>παράϐασιν</span> <span class='ocrx_word' id='word_1_407' title='bbox 477 2320 706 2362; x_wconf 83' lang='grc' dir='ltr'>παραπτωμάτων</span> <span class='ocrx_word' id='word_1_408' title='bbox 724 2321 799 2351; x_wconf 84' lang='grc' dir='ltr'>λύσιν</span> 
     </span>
    </p>
   </div>
   <div class='ocr_carea' id='block_1_52' title="bbox 32 2359 505 2406">
    <p class='ocr_par' dir='ltr' id='par_1_52' title="bbox 32 2359 505 2406">
     <span class='ocr_line' id='line_1_52' title="bbox 32 2359 505 2406; baseline 0.015 -17"><span class='ocrx_word' id='word_1_409' title='bbox 32 2359 110 2399; x_wconf 71' lang='grc' dir='ltr'>δοῦσα,</span> <span class='ocrx_word' id='word_1_410' title='bbox 123 2366 155 2398; x_wconf 77' lang='grc' dir='ltr'><strong>εἰς</strong></span> <span class='ocrx_word' id='word_1_411' title='bbox 165 2366 302 2396; x_wconf 83' lang='grc' dir='ltr'>δικαίωσιν</span> <span class='ocrx_word' id='word_1_412' title='bbox 314 2359 379 2406; x_wconf 80' lang='grc' dir='ltr'>ἡμῖν</span> <span class='ocrx_word' id='word_1_413' title='bbox 394 2366 505 2406; x_wconf 73' lang='grc' dir='ltr'><strong>ἐγένετο.</strong></span> 
     </span>
    </p>
   </div>
   <div class='ocr_carea' id='block_1_53' title="bbox 64 2407 801 2452">
    <p class='ocr_par' dir='ltr' id='par_1_53' title="bbox 64 2407 801 2452">
     <span class='ocr_line' id='line_1_53' title="bbox 64 2407 801 2452; baseline 0.003 -14"><span class='ocrx_word' id='word_1_414' title='bbox 64 2418 77 2433; x_wconf 79' lang='grc' dir='ltr'>ι</span> <span class='ocrx_word' id='word_1_415' title='bbox 91 2407 121 2452; x_wconf 77' lang='grc' dir='ltr'>Εἰ</span> <span class='ocrx_word' id='word_1_416' title='bbox 141 2409 189 2450; x_wconf 76' lang='grc' dir='ltr'>γὰρ</span> <span class='ocrx_word' id='word_1_417' title='bbox 212 2413 252 2452; x_wconf 81' lang='grc' dir='ltr'><strong>τῷ</strong></span> <span class='ocrx_word' id='word_1_418' title='bbox 273 2413 320 2442; x_wconf 79' lang='grc' dir='ltr'><strong>τοῦ</strong></span> <span class='ocrx_word' id='word_1_419' title='bbox 345 2411 400 2444; x_wconf 76' lang='grc' dir='ltr'>ἑνὸς</span> <span class='ocrx_word' id='word_1_420' title='bbox 428 2410 629 2451; x_wconf 87' lang='grc' dir='ltr'>παραπτώματι</span> <span class='ocrx_word' id='word_1_421' title='bbox 653 2412 668 2441; x_wconf 90' lang='lat'><strong>6</strong></span> <span class='ocrx_word' id='word_1_422' title='bbox 691 2410 801 2445; x_wconf 87' lang='grc' dir='ltr'>θάνατος</span> 
     </span>
    </p>
   </div>
   <div class='ocr_carea' id='block_1_54' title="bbox 34 2448 801 2497">
    <p class='ocr_par' dir='ltr' id='par_1_54' title="bbox 34 2448 801 2497">
     <span class='ocr_line' id='line_1_54' title="bbox 34 2448 801 2497; baseline 0.012 -20"><span class='ocrx_word' id='word_1_423' title='bbox 34 2448 166 2484; x_wconf 69' lang='grc' dir='ltr'>ἐϐασίλευσε</span> <span class='ocrx_word' id='word_1_424' title='bbox 176 2448 221 2486; x_wconf 60' lang='grc' dir='ltr'><strong>διὰ</strong></span> <span class='ocrx_word' id='word_1_425' title='bbox 237 2448 292 2486; x_wconf 49' lang='grc' dir='ltr'>’τοῦ</span> <span class='ocrx_word' id='word_1_426' title='bbox 314 2455 371 2490; x_wconf 75' lang='grc' dir='ltr'>ἑνὸς</span> <span class='ocrx_word' id='word_1_427' title='bbox 382 2480 390 2493; x_wconf 88' lang='grc'><strong>,</strong></span> <span class='ocrx_word' id='word_1_428' title='bbox 515 2448 618 2495; x_wconf 70' lang='grc' dir='ltr'>μᾶλλον</span> <span class='ocrx_word' id='word_1_429' title='bbox 640 2456 665 2485; x_wconf 75' lang='grc' dir='ltr'>οἳ</span> <span class='ocrx_word' id='word_1_430' title='bbox 682 2455 729 2491; x_wconf 82' lang='grc' dir='ltr'><strong>τὴν</strong></span> <span class='ocrx_word' id='word_1_431' title='bbox 749 2467 801 2486; x_wconf 69' lang='lat' dir='ltr'><strong>1r:-</strong></span> 
     </span>
    </p>
   </div>
   <div class='ocr_carea' id='block_1_55' title="bbox 34 2497 802 2542">
    <p class='ocr_par' dir='ltr' id='par_1_55' title="bbox 34 2497 802 2542">
     <span class='ocr_line' id='line_1_55' title="bbox 34 2497 802 2542; baseline 0.008 -17"><span class='ocrx_word' id='word_1_432' title='bbox 34 2497 131 2542; x_wconf 66' lang='grc' dir='ltr'>ρίσσείαν</span> <span class='ocrx_word' id='word_1_433' title='bbox 153 2501 197 2536; x_wconf 75' lang='grc' dir='ltr'><strong>τῆς</strong></span> <span class='ocrx_word' id='word_1_434' title='bbox 222 2500 347 2542; x_wconf 80' lang='grc' dir='ltr'>χάριτος,</span> <span class='ocrx_word' id='word_1_435' title='bbox 372 2501 419 2532; x_wconf 78' lang='grc' dir='ltr'>καὶ</span> <span class='ocrx_word' id='word_1_436' title='bbox 443 2501 491 2538; x_wconf 74' lang='grc' dir='ltr'><strong>τὴν</strong></span> <span class='ocrx_word' id='word_1_437' title='bbox 509 2501 610 2541; x_wconf 75' lang='grc' dir='ltr'>δωρεὰν</span> <span class='ocrx_word' id='word_1_438' title='bbox 625 2502 672 2537; x_wconf 78' lang='grc' dir='ltr'><strong>τῆς</strong></span> <span class='ocrx_word' id='word_1_439' title='bbox 699 2501 802 2531; x_wconf 84' lang='grc' dir='ltr'>δικαιο-</span> 
     </span>
    </p>
   </div>
   <div class='ocr_carea' id='block_1_56' title="bbox 35 2538 803 2586">
    <p class='ocr_par' dir='ltr' id='par_1_56' title="bbox 35 2538 803 2586">
     <span class='ocr_line' id='line_1_56' title="bbox 35 2538 803 2586; baseline 0.001 -11"><span class='ocrx_word' id='word_1_440' title='bbox 35 2538 98 2586; x_wconf 58' lang='grc' dir='ltr'><strong>ῗύγης</strong></span> <span class='ocrx_word' id='word_1_441' title='bbox 113 2538 286 2582; x_wconf 61' lang='grc' dir='ltr'>λαμϐάνοντές</span> <span class='ocrx_word' id='word_1_442' title='bbox 302 2545 339 2585; x_wconf 79' lang='grc'><strong>⁸⁷,</strong></span> <span class='ocrx_word' id='word_1_443' title='bbox 365 2547 392 2576; x_wconf 71' lang='grc' dir='ltr'>ἐν</span> <span class='ocrx_word' id='word_1_444' title='bbox 407 2547 462 2586; x_wconf 80' lang='grc' dir='ltr'><strong>ζωῇ</strong></span> <span class='ocrx_word' id='word_1_445' title='bbox 487 2538 675 2586; x_wconf 72' lang='grc' dir='ltr'>βασιλεύσουσι</span> <span class='ocrx_word' id='word_1_446' title='bbox 693 2545 737 2576; x_wconf 77' lang='grc' dir='ltr'><strong>διὰ</strong></span> <span class='ocrx_word' id='word_1_447' title='bbox 756 2549 803 2576; x_wconf 79' lang='grc' dir='ltr'><strong>τοῦ</strong></span> 
     </span>
    </p>
   </div>
   <div class='ocr_carea' id='block_1_57' title="bbox 36 2583 802 2632">
    <p class='ocr_par' dir='ltr' id='par_1_57' title="bbox 36 2583 802 2632">
     <span class='ocr_line' id='line_1_57' title="bbox 36 2583 802 2632; baseline -0.009 -7"><span class='ocrx_word' id='word_1_448' title='bbox 36 2583 78 2632; x_wconf 72' lang='grc' dir='ltr'>ενδς</span> <span class='ocrx_word' id='word_1_449' title='bbox 93 2585 172 2624; x_wconf 82' lang='grc' dir='ltr'>Ἰησοῦ</span> <span class='ocrx_word' id='word_1_450' title='bbox 198 2583 336 2632; x_wconf 38' lang='grc' dir='ltr'>Χριστοῦ..</span> <span class='ocrx_word' id='word_1_451' title='bbox 365 2590 432 2632; x_wconf 84' lang='grc' dir='ltr'>Ἄρα</span> <span class='ocrx_word' id='word_1_452' title='bbox 450 2583 498 2622; x_wconf 51' lang='grc' dir='ltr'>ὀὖν</span> <span class='ocrx_word' id='word_1_453' title='bbox 519 2593 554 2625; x_wconf 79' lang='grc' dir='ltr'>ὥς</span> <span class='ocrx_word' id='word_1_454' title='bbox 581 2591 614 2621; x_wconf 82' lang='grc' dir='ltr'>δι’</span> <span class='ocrx_word' id='word_1_455' title='bbox 634 2590 689 2625; x_wconf 79' lang='grc' dir='ltr'>ἐνὸς</span> <span class='ocrx_word' id='word_1_456' title='bbox 715 2602 802 2632; x_wconf 81' lang='grc' dir='ltr'>παρα-</span> 
     </span>
    </p>
   </div>
   <div class='ocr_carea' id='block_1_58' title="bbox 35 2628 805 2676">
    <p class='ocr_par' dir='ltr' id='par_1_58' title="bbox 35 2628 805 2676">
     <span class='ocr_line' id='line_1_58' title="bbox 35 2628 805 2676; baseline -0.003 -8"><span class='ocrx_word' id='word_1_457' title='bbox 35 2628 152 2668; x_wconf 62' lang='grc' dir='ltr'>πτώματος</span> <span class='ocrx_word' id='word_1_458' title='bbox 165 2636 200 2670; x_wconf 77' lang='grc' dir='ltr'>εἷς</span> <span class='ocrx_word' id='word_1_459' title='bbox 224 2628 327 2671; x_wconf 72' lang='grc' dir='ltr'>πάντας</span> <span class='ocrx_word' id='word_1_460' title='bbox 347 2628 501 2676; x_wconf 74' lang='grc' dir='ltr'>ἀνθρώπους</span> <span class='ocrx_word' id='word_1_461' title='bbox 521 2637 557 2670; x_wconf 73' lang='grc' dir='ltr'><strong>εἰς</strong></span> <span class='ocrx_word' id='word_1_462' title='bbox 573 2628 805 2676; x_wconf 39' lang='grc' dir='ltr'>κατάκριμαίοῧ-</span> 
     </span>
    </p>
   </div>
   <div class='ocr_carea' id='block_1_59' title="bbox 37 2675 806 2722">
    <p class='ocr_par' dir='ltr' id='par_1_59' title="bbox 37 2675 806 2722">
     <span class='ocr_line' id='line_1_59' title="bbox 37 2675 806 2722; baseline 0.009 -18"><span class='ocrx_word' id='word_1_463' title='bbox 37 2683 67 2722; x_wconf 63' lang='grc' dir='ltr'><strong>ξω</strong></span> <span class='ocrx_word' id='word_1_464' title='bbox 77 2675 115 2722; x_wconf 62' lang='grc' dir='ltr'><strong>καὶ</strong></span> <span class='ocrx_word' id='word_1_465' title='bbox 124 2678 154 2706; x_wconf 87' lang='grc' dir='ltr'>δι’</span> <span class='ocrx_word' id='word_1_466' title='bbox 169 2680 221 2715; x_wconf 67' lang='grc' dir='ltr'>ἑνὸς</span> <span class='ocrx_word' id='word_1_467' title='bbox 235 2675 415 2721; x_wconf 84' lang='grc' dir='ltr'>δικαιώματος</span> <span class='ocrx_word' id='word_1_468' title='bbox 435 2683 472 2716; x_wconf 82' lang='grc' dir='ltr'><strong>εἰς</strong></span> <span class='ocrx_word' id='word_1_469' title='bbox 483 2681 586 2716; x_wconf 80' lang='grc' dir='ltr'>πάντας</span> <span class='ocrx_word' id='word_1_470' title='bbox 603 2675 756 2722; x_wconf 76' lang='grc' dir='ltr'>ἀνθρώπους</span> <span class='ocrx_word' id='word_1_471' title='bbox 770 2682 806 2716; x_wconf 76' lang='grc' dir='ltr'><strong>εἷς</strong></span> 
     </span>
    </p>
   </div>
   <div class='ocr_carea' id='block_1_60' title="bbox 39 2715 805 2768">
    <p class='ocr_par' dir='ltr' id='par_1_60' title="bbox 39 2715 805 2768">
     <span class='ocr_line' id='line_1_60' title="bbox 39 2715 805 2768; baseline -0.004 -9"><span class='ocrx_word' id='word_1_472' title='bbox 39 2715 150 2752; x_wconf 55' lang='grc' dir='ltr'>δικαίωσιν</span> <span class='ocrx_word' id='word_1_473' title='bbox 162 2725 237 2763; x_wconf 72' lang='grc' dir='ltr'>ζωῆς.</span> <span class='ocrx_word' id='word_1_474' title='bbox 255 2739 267 2754; x_wconf 75' lang='grc' dir='ltr'><strong>ι</strong></span> <span class='ocrx_word' id='word_1_475' title='bbox 283 2728 318 2757; x_wconf 78' lang='grc' dir='ltr'>Εἰ</span> <span class='ocrx_word' id='word_1_476' title='bbox 328 2715 360 2757; x_wconf 66' lang='grc' dir='ltr'><strong>τὸ</strong></span> <span class='ocrx_word' id='word_1_477' title='bbox 370 2715 469 2768; x_wconf 75' lang='grc' dir='ltr'>φαγεῖν</span> <span class='ocrx_word' id='word_1_478' title='bbox 478 2726 531 2757; x_wconf 77' lang='grc' dir='ltr'>ἀπὸ</span> <span class='ocrx_word' id='word_1_479' title='bbox 542 2715 589 2757; x_wconf 46' lang='grc' dir='ltr'>τοῖ’)</span> <span class='ocrx_word' id='word_1_480' title='bbox 605 2715 682 2762; x_wconf 74' lang='grc' dir='ltr'>ξύλου</span> <span class='ocrx_word' id='word_1_481' title='bbox 696 2726 743 2756; x_wconf 72' lang='grc' dir='ltr'>ἕνα</span> <span class='ocrx_word' id='word_1_482' title='bbox 758 2726 805 2756; x_wconf 68' lang='grc' dir='ltr'><strong>ἄνα</strong></span> 
     </span>
    </p>
   </div>
   <div class='ocr_carea' id='block_1_61' title="bbox 813 2259 839 2291">
    <p class='ocr_par' dir='ltr' id='par_1_61' title="bbox 813 2259 839 2291">
     <span class='ocr_line' id='line_1_61' title="bbox 813 2259 839 2291; baseline 0 0"><span class='ocrx_word' id='word_1_483' title='bbox 813 2259 839 2291; x_wconf 92' lang='lat' dir='ltr'><strong>D</strong></span> 
     </span>
    </p>
   </div>
   <div class='ocr_carea' id='block_1_62' title="bbox 863 295 1660 335">
    <p class='ocr_par' dir='ltr' id='par_1_62' title="bbox 863 295 1660 335">
     <span class='ocr_line' id='line_1_62' title="bbox 863 295 1660 335; baseline 0.004 -11"><span class='ocrx_word' id='word_1_484' title='bbox 863 297 941 324; x_wconf 88' lang='lat' dir='ltr'><strong>sione</strong></span> <span class='ocrx_word' id='word_1_485' title='bbox 955 296 1039 332; x_wconf 77' lang='lat' dir='ltr'><strong>legis?</strong></span> <span class='ocrx_word' id='word_1_486' title='bbox 1057 298 1094 324; x_wconf 81' lang='lat' dir='ltr'><strong>At</strong></span> <span class='ocrx_word' id='word_1_487' title='bbox 1110 295 1250 331; x_wconf 90' lang='lat' dir='ltr'><strong>quomodo</strong></span> <span class='ocrx_word' id='word_1_488' title='bbox 1266 295 1318 322; x_wconf 79' lang='lat' dir='ltr'><strong>tale</strong></span> <span class='ocrx_word' id='word_1_489' title='bbox 1331 299 1472 331; x_wconf 77' lang='lat' dir='ltr'><strong>peccatum</strong></span> <span class='ocrx_word' id='word_1_490' title='bbox 1485 303 1544 325; x_wconf 86' lang='lat' dir='ltr'><strong>esse</strong></span> <span class='ocrx_word' id='word_1_491' title='bbox 1558 299 1660 335; x_wconf 81' lang='lat' dir='ltr'><strong>potuit,</strong></span> 
     </span>
    </p>
   </div>
   <div class='ocr_carea' id='block_1_63' title="bbox 863 342 1658 381">
    <p class='ocr_par' dir='ltr' id='par_1_63' title="bbox 863 342 1658 381">
     <span class='ocr_line' id='line_1_63' title="bbox 863 342 1658 381; baseline 0.001 -9"><span class='ocrx_word' id='word_1_492' title='bbox 863 351 928 372; x_wconf 86' lang='lat' dir='ltr'><strong>cum</strong></span> <span class='ocrx_word' id='word_1_493' title='bbox 949 343 991 372; x_wconf 84' lang='lat' dir='ltr'><strong>lex</strong></span> <span class='ocrx_word' id='word_1_494' title='bbox 1003 351 1060 372; x_wconf 90' lang='lat' dir='ltr'><strong>non</strong></span> <span class='ocrx_word' id='word_1_495' title='bbox 1073 344 1164 372; x_wconf 75' lang='lat' dir='ltr'><strong>esset?</strong></span> <span class='ocrx_word' id='word_1_496' title='bbox 1177 344 1326 372; x_wconf 87' lang='lat' dir='ltr'><strong>Peccatum</strong></span> <span class='ocrx_word' id='word_1_497' title='bbox 1337 342 1411 371; x_wconf 90' lang='lat' dir='ltr'><strong>enim</strong></span> <span class='ocrx_word' id='word_1_498' title='bbox 1425 347 1486 371; x_wconf 90' lang='lat' dir='ltr'><strong>tum</strong></span> <span class='ocrx_word' id='word_1_499' title='bbox 1498 343 1658 381; x_wconf 78' lang='lat' dir='ltr'><strong>imputatur,</strong></span> 
     </span>
    </p>
   </div>
   <div class='ocr_carea' id='block_1_64' title="bbox 862 386 1659 425">
    <p class='ocr_par' dir='ltr' id='par_1_64' title="bbox 862 386 1659 425">
     <span class='ocr_line' id='line_1_64' title="bbox 862 386 1659 425; baseline 0.001 -8"><span class='ocrx_word' id='word_1_500' title='bbox 862 388 971 425; x_wconf 84' lang='lat' dir='ltr'><strong>quando</strong></span> <span class='ocrx_word' id='word_1_501' title='bbox 989 392 1031 417; x_wconf 87' lang='lat' dir='ltr'><strong>est</strong></span> <span class='ocrx_word' id='word_1_502' title='bbox 1048 388 1092 417; x_wconf 80' lang='lat' dir='ltr'><strong>lex</strong></span> <span class='ocrx_word' id='word_1_503' title='bbox 1109 396 1116 415; x_wconf 89' lang='lat'><strong>:</strong></span> <span class='ocrx_word' id='word_1_504' title='bbox 1140 391 1170 416; x_wconf 90' lang='lat' dir='ltr'><strong>et</strong></span> <span class='ocrx_word' id='word_1_505' title='bbox 1187 388 1233 424; x_wconf 85' lang='lat' dir='ltr'><strong>qui</strong></span> <span class='ocrx_word' id='word_1_506' title='bbox 1250 386 1321 416; x_wconf 87' lang='lat' dir='ltr'><strong>hanc</strong></span> <span class='ocrx_word' id='word_1_507' title='bbox 1343 387 1591 424; x_wconf 72' lang='lat' dir='ltr'><strong>transgrediuntur,</strong></span> <span class='ocrx_word' id='word_1_508' title='bbox 1612 397 1659 418; x_wconf 87' lang='lat' dir='ltr'><strong>ne-</strong></span> 
     </span>
    </p>
   </div>
   <div class='ocr_carea' id='block_1_65' title="bbox 861 431 1660 471">
    <p class='ocr_par' dir='ltr' id='par_1_65' title="bbox 861 431 1660 471">
     <span class='ocr_line' id='line_1_65' title="bbox 861 431 1660 471; baseline 0 -8"><span class='ocrx_word' id='word_1_509' title='bbox 861 433 980 463; x_wconf 86' lang='lat' dir='ltr'><strong>cessario</strong></span> <span class='ocrx_word' id='word_1_510' title='bbox 999 433 1130 463; x_wconf 88' lang='lat' dir='ltr'><strong>dicuntur</strong></span> <span class='ocrx_word' id='word_1_511' title='bbox 1149 440 1273 470; x_wconf 87' lang='lat' dir='ltr'><strong>peccare.</strong></span> <span class='ocrx_word' id='word_1_512' title='bbox 1293 431 1377 469; x_wconf 80' lang='lat' dir='ltr'><strong>Atqui</strong></span> <span class='ocrx_word' id='word_1_513' title='bbox 1399 442 1414 459; x_wconf 79' lang='grc' dir='ltr'><strong>α</strong></span> <span class='ocrx_word' id='word_1_514' title='bbox 1441 433 1518 462; x_wconf 87' lang='lat' dir='ltr'><strong>Mors</strong></span> <span class='ocrx_word' id='word_1_515' title='bbox 1535 435 1660 471; x_wconf 74' lang='lat' dir='ltr'><strong>regnavit</strong></span> 
     </span>
    </p>
   </div>
   <div class='ocr_carea' id='block_1_66' title="bbox 861 477 1658 516">
    <p class='ocr_par' dir='ltr' id='par_1_66' title="bbox 861 477 1658 516">
     <span class='ocr_line' id='line_1_66' title="bbox 861 477 1658 516; baseline 0.001 -9"><span class='ocrx_word' id='word_1_516' title='bbox 861 479 994 516; x_wconf 82' lang='lat' dir='ltr'><strong>adusque</strong></span> <span class='ocrx_word' id='word_1_517' title='bbox 1015 479 1123 514; x_wconf 86' lang='lat' dir='ltr'><strong>Mosen,</strong></span> <span class='ocrx_word' id='word_1_518' title='bbox 1148 490 1162 503; x_wconf 75' lang='grc' dir='ltr'>ι</span> <span class='ocrx_word' id='word_1_519' title='bbox 1183 477 1236 506; x_wconf 90' lang='lat' dir='ltr'><strong>hoc</strong></span> <span class='ocrx_word' id='word_1_520' title='bbox 1252 481 1303 511; x_wconf 84' lang='lat' dir='ltr'><strong>est,</strong></span> <span class='ocrx_word' id='word_1_521' title='bbox 1326 477 1484 514; x_wconf 76' lang='lat' dir='ltr'><strong>priusquam</strong></span> <span class='ocrx_word' id='word_1_522' title='bbox 1506 478 1589 507; x_wconf 84' lang='lat' dir='ltr'><strong>etiam</strong></span> <span class='ocrx_word' id='word_1_523' title='bbox 1611 479 1658 508; x_wconf 83' lang='lat' dir='ltr'><strong>lex</strong></span> 
     </span>
    </p>
   </div>
   <div class='ocr_carea' id='block_1_67' title="bbox 861 523 1657 561">
    <p class='ocr_par' dir='ltr' id='par_1_67' title="bbox 861 523 1657 561">
     <span class='ocr_line' id='line_1_67' title="bbox 861 523 1657 561; baseline -0.001 -7"><span class='ocrx_word' id='word_1_524' title='bbox 861 523 981 554; x_wconf 81' lang='lat' dir='ltr'><strong>ferretur</strong></span> <span class='ocrx_word' id='word_1_525' title='bbox 1004 535 1010 553; x_wconf 92' lang='lat'>:</span> <span class='ocrx_word' id='word_1_526' title='bbox 1036 525 1126 561; x_wconf 83' lang='lat' dir='ltr'><strong>itaque</strong></span> <span class='ocrx_word' id='word_1_527' title='bbox 1151 528 1296 560; x_wconf 86' lang='lat' dir='ltr'><strong>peccatum</strong></span> <span class='ocrx_word' id='word_1_528' title='bbox 1320 527 1398 558; x_wconf 87' lang='lat' dir='ltr'><strong>erat,</strong></span> <span class='ocrx_word' id='word_1_529' title='bbox 1420 531 1469 560; x_wconf 91' lang='lat' dir='ltr'><strong>per</strong></span> <span class='ocrx_word' id='word_1_530' title='bbox 1488 523 1564 560; x_wconf 88' lang='lat' dir='ltr'><strong>quod</strong></span> <span class='ocrx_word' id='word_1_531' title='bbox 1580 532 1657 554; x_wconf 92' lang='lat' dir='ltr'><strong>mors</strong></span> 
     </span>
    </p>
   </div>
   <div class='ocr_carea' id='block_1_68' title="bbox 861 567 1656 606">
    <p class='ocr_par' dir='ltr' id='par_1_68' title="bbox 861 567 1656 606">
     <span class='ocr_line' id='line_1_68' title="bbox 861 567 1656 606; baseline 0.001 -8"><span class='ocrx_word' id='word_1_532' title='bbox 861 570 994 606; x_wconf 73' lang='lat' dir='ltr'><strong>regnavit.</strong></span> <span class='ocrx_word' id='word_1_533' title='bbox 1008 571 1070 598; x_wconf 83' lang='lat' dir='ltr'><strong>Non</strong></span> <span class='ocrx_word' id='word_1_534' title='bbox 1079 573 1221 606; x_wconf 78' lang='lat' dir='ltr'><strong>regnasset</strong></span> <span class='ocrx_word' id='word_1_535' title='bbox 1231 572 1336 602; x_wconf 86' lang='lat' dir='ltr'><strong>autem,</strong></span> <span class='ocrx_word' id='word_1_536' title='bbox 1344 568 1397 596; x_wconf 85' lang='lat' dir='ltr'><strong>nisi</strong></span> <span class='ocrx_word' id='word_1_537' title='bbox 1405 567 1502 597; x_wconf 82' lang='lat' dir='ltr'><strong>fuisset</strong></span> <span class='ocrx_word' id='word_1_538' title='bbox 1515 573 1656 605; x_wconf 84' lang='lat' dir='ltr'><strong>peccatum</strong></span> 
     </span>
    </p>
   </div>
   <div class='ocr_carea' id='block_1_69' title="bbox 860 613 1656 652">
    <p class='ocr_par' dir='ltr' id='par_1_69' title="bbox 860 613 1656 652">
     <span class='ocr_line' id='line_1_69' title="bbox 860 613 1656 652; baseline 0 -9"><span class='ocrx_word' id='word_1_539' title='bbox 860 614 999 652; x_wconf 82' lang='lat' dir='ltr'><strong>quoddam</strong></span> <span class='ocrx_word' id='word_1_540' title='bbox 1014 615 1102 650; x_wconf 84' lang='lat' dir='ltr'><strong>ipsam</strong></span> <span class='ocrx_word' id='word_1_541' title='bbox 1114 614 1291 643; x_wconf 88' lang='lat' dir='ltr'><strong>constituens.</strong></span> <span class='ocrx_word' id='word_1_542' title='bbox 1305 613 1376 648; x_wconf 86' lang='lat' dir='ltr'><strong>Quia</strong></span> <span class='ocrx_word' id='word_1_543' title='bbox 1396 620 1461 642; x_wconf 86' lang='lat' dir='ltr'><strong>vero</strong></span> <span class='ocrx_word' id='word_1_544' title='bbox 1479 613 1656 643; x_wconf 85' lang='lat' dir='ltr'><strong>demonstra-</strong></span> 
     </span>
    </p>
   </div>
   <div class='ocr_carea' id='block_1_70' title="bbox 859 658 1656 696">
    <p class='ocr_par' dir='ltr' id='par_1_70' title="bbox 859 658 1656 696">
     <span class='ocr_line' id='line_1_70' title="bbox 859 658 1656 696; baseline -0.001 -9"><span class='ocrx_word' id='word_1_545' title='bbox 859 663 922 688; x_wconf 90' lang='lat' dir='ltr'><strong>tum</strong></span> <span class='ocrx_word' id='word_1_546' title='bbox 944 663 995 694; x_wconf 87' lang='lat' dir='ltr'><strong>est,</strong></span> <span class='ocrx_word' id='word_1_547' title='bbox 1022 658 1097 696; x_wconf 87' lang='lat' dir='ltr'><strong>quod</strong></span> <span class='ocrx_word' id='word_1_548' title='bbox 1123 663 1264 696; x_wconf 87' lang='lat' dir='ltr'><strong>peccatum</strong></span> <span class='ocrx_word' id='word_1_549' title='bbox 1286 666 1320 687; x_wconf 80' lang='lat' dir='ltr'><strong>ex</strong></span> <span class='ocrx_word' id='word_1_550' title='bbox 1341 658 1559 694; x_wconf 75' lang='lat' dir='ltr'><strong>transgressione</strong></span> <span class='ocrx_word' id='word_1_551' title='bbox 1590 659 1656 696; x_wconf 87' lang='lat' dir='ltr'><strong>legis</strong></span> 
     </span>
    </p>
   </div>
   <div class='ocr_carea' id='block_1_71' title="bbox 859 702 1656 741">
    <p class='ocr_par' dir='ltr' id='par_1_71' title="bbox 859 702 1656 741">
     <span class='ocr_line' id='line_1_71' title="bbox 859 702 1656 741; baseline 0 -8"><span class='ocrx_word' id='word_1_552' title='bbox 859 704 984 734; x_wconf 91' lang='lat' dir='ltr'><strong>nondum</strong></span> <span class='ocrx_word' id='word_1_553' title='bbox 993 709 1063 738; x_wconf 89' lang='lat' dir='ltr'><strong>erat,</strong></span> <span class='ocrx_word' id='word_1_554' title='bbox 1072 708 1167 739; x_wconf 79' lang='lat' dir='ltr'><strong>restat,</strong></span> <span class='ocrx_word' id='word_1_555' title='bbox 1178 707 1329 740; x_wconf 88' lang='lat' dir='ltr'><strong>peccatum,</strong></span> <span class='ocrx_word' id='word_1_556' title='bbox 1341 702 1441 732; x_wconf 80' lang='lat' dir='ltr'><strong>Adami</strong></span> <span class='ocrx_word' id='word_1_557' title='bbox 1451 702 1525 732; x_wconf 88' lang='lat' dir='ltr'><strong>istud</strong></span> <span class='ocrx_word' id='word_1_558' title='bbox 1536 711 1597 733; x_wconf 82' lang='lat' dir='ltr'><strong>esse</strong></span> <span class='ocrx_word' id='word_1_559' title='bbox 1608 712 1656 741; x_wconf 87' lang='lat' dir='ltr'><strong>per</strong></span> 
     </span>
    </p>
   </div>
   <div class='ocr_carea' id='block_1_72' title="bbox 859 748 1656 786">
    <p class='ocr_par' dir='ltr' id='par_1_72' title="bbox 859 748 1656 786">
     <span class='ocr_line' id='line_1_72' title="bbox 859 748 1656 786; baseline 0 -8"><span class='ocrx_word' id='word_1_560' title='bbox 859 749 934 786; x_wconf 92' lang='lat' dir='ltr'><strong>quod</strong></span> <span class='ocrx_word' id='word_1_561' title='bbox 959 757 1035 778; x_wconf 83' lang='lat' dir='ltr'><strong>mors</strong></span> <span class='ocrx_word' id='word_1_562' title='bbox 1051 749 1176 786; x_wconf 75' lang='lat' dir='ltr'><strong>regnavit</strong></span> <span class='ocrx_word' id='word_1_563' title='bbox 1188 749 1273 778; x_wconf 87' lang='lat' dir='ltr'><strong>etiam</strong></span> <span class='ocrx_word' id='word_1_564' title='bbox 1298 748 1327 777; x_wconf 91' lang='lat' dir='ltr'><strong>in</strong></span> <span class='ocrx_word' id='word_1_565' title='bbox 1349 756 1408 783; x_wconf 88' lang='lat' dir='ltr'><strong>eos,</strong></span> <span class='ocrx_word' id='word_1_566' title='bbox 1434 748 1490 784; x_wconf 88' lang='lat' dir='ltr'><strong>qui,</strong></span> <span class='ocrx_word' id='word_1_567' title='bbox 1519 753 1656 785; x_wconf 86' lang='lat' dir='ltr'><strong>quantum</strong></span> 
     </span>
    </p>
   </div>
   <div class='ocr_carea' id='block_1_73' title="bbox 859 794 1656 831">
    <p class='ocr_par' dir='ltr' id='par_1_73' title="bbox 859 794 1656 831">
     <span class='ocr_line' id='line_1_73' title="bbox 859 794 1656 831; baseline -0.001 -8"><span class='ocrx_word' id='word_1_568' title='bbox 859 794 972 831; x_wconf 89' lang='lat' dir='ltr'><strong>quidem</strong></span> <span class='ocrx_word' id='word_1_569' title='bbox 1000 795 1026 823; x_wconf 93' lang='lat' dir='ltr'><strong>in</strong></span> <span class='ocrx_word' id='word_1_570' title='bbox 1049 794 1116 831; x_wconf 89' lang='lat' dir='ltr'><strong>ipsis</strong></span> <span class='ocrx_word' id='word_1_571' title='bbox 1139 798 1208 828; x_wconf 84' lang='lat' dir='ltr'><strong>erat,</strong></span> <span class='ocrx_word' id='word_1_572' title='bbox 1236 801 1293 822; x_wconf 90' lang='lat' dir='ltr'><strong>non</strong></span> <span class='ocrx_word' id='word_1_573' title='bbox 1318 796 1465 829; x_wconf 85' lang='lat' dir='ltr'><strong>peccarunt</strong></span> <span class='ocrx_word' id='word_1_574' title='bbox 1487 795 1565 827; x_wconf 88' lang='lat' dir='ltr'><strong>(nam</strong></span> <span class='ocrx_word' id='word_1_575' title='bbox 1590 802 1656 823; x_wconf 91' lang='lat' dir='ltr'><strong>cum</strong></span> 
     </span>
    </p>
   </div>
   <div class='ocr_carea' id='block_1_74' title="bbox 860 839 1655 876">
    <p class='ocr_par' dir='ltr' id='par_1_74' title="bbox 860 839 1655 876">
     <span class='ocr_line' id='line_1_74' title="bbox 860 839 1655 876; baseline 0.001 -8"><span class='ocrx_word' id='word_1_576' title='bbox 860 839 948 876; x_wconf 85' lang='lat' dir='ltr'><strong>legem</strong></span> <span class='ocrx_word' id='word_1_577' title='bbox 962 839 1087 868; x_wconf 91' lang='lat' dir='ltr'><strong>nondum</strong></span> <span class='ocrx_word' id='word_1_578' title='bbox 1105 839 1282 875; x_wconf 77' lang='lat' dir='ltr'><strong>accepissent,</strong></span> <span class='ocrx_word' id='word_1_579' title='bbox 1301 846 1390 876; x_wconf 89' lang='lat' dir='ltr'><strong>neque</strong></span> <span class='ocrx_word' id='word_1_580' title='bbox 1403 839 1479 867; x_wconf 80' lang='lat' dir='ltr'><strong>illam</strong></span> <span class='ocrx_word' id='word_1_581' title='bbox 1493 840 1655 876; x_wconf 81' lang='lat' dir='ltr'><strong>transgressi</strong></span> 
     </span>
    </p>
   </div>
   <div class='ocr_carea' id='block_1_75' title="bbox 860 884 1655 921">
    <p class='ocr_par' dir='ltr' id='par_1_75' title="bbox 860 884 1655 921">
     <span class='ocr_line' id='line_1_75' title="bbox 860 884 1655 921; baseline 0 -8"><span class='ocrx_word' id='word_1_582' title='bbox 860 884 982 919; x_wconf 79' lang='lat' dir='ltr'><strong>fuissent,</strong></span> <span class='ocrx_word' id='word_1_583' title='bbox 997 892 1122 921; x_wconf 81' lang='lat' dir='ltr'><strong>peccasse</strong></span> <span class='ocrx_word' id='word_1_584' title='bbox 1136 892 1192 913; x_wconf 93' lang='lat' dir='ltr'><strong>non</strong></span> <span class='ocrx_word' id='word_1_585' title='bbox 1205 884 1354 918; x_wconf 86' lang='lat' dir='ltr'><strong>dicuntur),</strong></span> <span class='ocrx_word' id='word_1_586' title='bbox 1368 887 1491 913; x_wconf 82' lang='lat' dir='ltr'><strong>attamen</strong></span> <span class='ocrx_word' id='word_1_587' title='bbox 1506 884 1535 913; x_wconf 90' lang='lat' dir='ltr'><strong>in</strong></span> <span class='ocrx_word' id='word_1_588' title='bbox 1553 884 1655 914; x_wconf 87' lang='lat' dir='ltr'><strong>simili-</strong></span> 
     </span>
    </p>
   </div>
   <div class='ocr_carea' id='block_1_76' title="bbox 858 929 1654 965">
    <p class='ocr_par' dir='ltr' id='par_1_76' title="bbox 858 929 1654 965">
     <span class='ocr_line' id='line_1_76' title="bbox 858 929 1654 965; baseline 0.001 -7"><span class='ocrx_word' id='word_1_589' title='bbox 858 929 954 958; x_wconf 88' lang='lat' dir='ltr'><strong>tudine</strong></span> <span class='ocrx_word' id='word_1_590' title='bbox 963 929 1188 965; x_wconf 80' lang='lat' dir='ltr'><strong>transgressionis</strong></span> <span class='ocrx_word' id='word_1_591' title='bbox 1200 929 1298 958; x_wconf 79' lang='lat' dir='ltr'><strong>Adami</strong></span> <span class='ocrx_word' id='word_1_592' title='bbox 1311 932 1500 965; x_wconf 85' lang='lat' dir='ltr'><strong>peccaverunt,</strong></span> <span class='ocrx_word' id='word_1_593' title='bbox 1510 937 1543 958; x_wconf 81' lang='lat' dir='ltr'><strong>ac</strong></span> <span class='ocrx_word' id='word_1_594' title='bbox 1551 930 1654 965; x_wconf 88' lang='lat' dir='ltr'><strong>peccati</strong></span> 
     </span>
    </p>
   </div>
   <div class='ocr_carea' id='block_1_77' title="bbox 856 973 1651 1010">
    <p class='ocr_par' dir='ltr' id='par_1_77' title="bbox 856 973 1651 1010">
     <span class='ocr_line' id='line_1_77' title="bbox 856 973 1651 1010; baseline -0.001 -8"><span class='ocrx_word' id='word_1_595' title='bbox 856 974 1002 1010; x_wconf 83' lang='lat' dir='ltr'><strong>participes</strong></span> <span class='ocrx_word' id='word_1_596' title='bbox 1017 973 1080 1002; x_wconf 82' lang='lat' dir='ltr'><strong>facti</strong></span> <span class='ocrx_word' id='word_1_597' title='bbox 1100 977 1165 1002; x_wconf 89' lang='lat' dir='ltr'><strong>sunt</strong></span> <span class='ocrx_word' id='word_1_598' title='bbox 1177 982 1241 1001; x_wconf 92' lang='lat' dir='ltr'><strong>cum</strong></span> <span class='ocrx_word' id='word_1_599' title='bbox 1256 973 1302 1001; x_wconf 89' lang='lat' dir='ltr'><strong>illo</strong></span> <span class='ocrx_word' id='word_1_600' title='bbox 1322 977 1454 1009; x_wconf 89' lang='lat' dir='ltr'><strong>tanquam</strong></span> <span class='ocrx_word' id='word_1_601' title='bbox 1468 974 1651 1010; x_wconf 80' lang='lat' dir='ltr'><strong>progenitore,</strong></span> 
     </span>
    </p>
   </div>
   <div class='ocr_carea' id='block_1_78' title="bbox 856 1017 1652 1055">
    <p class='ocr_par' dir='ltr' id='par_1_78' title="bbox 856 1017 1652 1055">
     <span class='ocr_line' id='line_1_78' title="bbox 856 1017 1652 1055; baseline 0.001 -8"><span class='ocrx_word' id='word_1_602' title='bbox 856 1019 903 1055; x_wconf 88' lang='lat' dir='ltr'><strong>qui</strong></span> <span class='ocrx_word' id='word_1_603' title='bbox 924 1023 966 1047; x_wconf 88' lang='lat' dir='ltr'><strong>est</strong></span> <span class='ocrx_word' id='word_1_604' title='bbox 980 1018 1067 1055; x_wconf 81' lang='lat' dir='ltr'><strong>ﬁgura</strong></span> <span class='ocrx_word' id='word_1_605' title='bbox 1081 1018 1193 1048; x_wconf 83' lang='lat' dir='ltr'><strong>Christi.</strong></span> <span class='ocrx_word' id='word_1_606' title='bbox 1211 1019 1251 1046; x_wconf 91' lang='lat' dir='ltr'><strong>Ut</strong></span> <span class='ocrx_word' id='word_1_607' title='bbox 1264 1018 1337 1046; x_wconf 91' lang='lat' dir='ltr'><strong>enim</strong></span> <span class='ocrx_word' id='word_1_608' title='bbox 1351 1021 1429 1046; x_wconf 86' lang='lat' dir='ltr'><strong>vetus</strong></span> <span class='ocrx_word' id='word_1_609' title='bbox 1446 1017 1537 1047; x_wconf 82' lang='lat' dir='ltr'><strong>Adam</strong></span> <span class='ocrx_word' id='word_1_610' title='bbox 1555 1026 1652 1048; x_wconf 89' lang='lat' dir='ltr'><strong>omnes</strong></span> 
     </span>
    </p>
   </div>
   <div class='ocr_carea' id='block_1_79' title="bbox 855 1062 1650 1100">
    <p class='ocr_par' dir='ltr' id='par_1_79' title="bbox 855 1062 1650 1100">
     <span class='ocr_line' id='line_1_79' title="bbox 855 1062 1650 1100; baseline 0 -8"><span class='ocrx_word' id='word_1_611' title='bbox 855 1063 991 1092; x_wconf 87' lang='lat' dir='ltr'><strong>obnoxios</strong></span> <span class='ocrx_word' id='word_1_612' title='bbox 1005 1063 1071 1092; x_wconf 82' lang='lat' dir='ltr'><strong>fecit</strong></span> <span class='ocrx_word' id='word_1_613' title='bbox 1087 1064 1198 1100; x_wconf 86' lang='lat' dir='ltr'><strong>proprio</strong></span> <span class='ocrx_word' id='word_1_614' title='bbox 1209 1062 1337 1099; x_wconf 88' lang='lat' dir='ltr'><strong>suiipsius</strong></span> <span class='ocrx_word' id='word_1_615' title='bbox 1350 1063 1455 1099; x_wconf 83' lang='lat' dir='ltr'><strong>lspsui,</strong></span> <span class='ocrx_word' id='word_1_616' title='bbox 1471 1063 1580 1092; x_wconf 86' lang='lat' dir='ltr'><strong>etiamsi</strong></span> <span class='ocrx_word' id='word_1_617' title='bbox 1592 1071 1650 1092; x_wconf 91' lang='lat' dir='ltr'><strong>non</strong></span> 
     </span>
    </p>
   </div>
   <div class='ocr_carea' id='block_1_80' title="bbox 855 1107 1652 1145">
    <p class='ocr_par' dir='ltr' id='par_1_80' title="bbox 855 1107 1652 1145">
     <span class='ocr_line' id='line_1_80' title="bbox 855 1107 1652 1145; baseline 0.001 -8"><span class='ocrx_word' id='word_1_618' title='bbox 855 1113 934 1137; x_wconf 88' lang='lat' dir='ltr'><strong>erant</strong></span> <span class='ocrx_word' id='word_1_619' title='bbox 948 1109 1015 1145; x_wconf 85' lang='lat' dir='ltr'><strong>lapsi</strong></span> <span class='ocrx_word' id='word_1_620' title='bbox 1032 1119 1038 1136; x_wconf 94' lang='lat'>:</span> <span class='ocrx_word' id='word_1_621' title='bbox 1053 1109 1093 1137; x_wconf 89' lang='lat' dir='ltr'><strong>sic</strong></span> <span class='ocrx_word' id='word_1_622' title='bbox 1112 1108 1234 1137; x_wconf 83' lang='lat' dir='ltr'><strong>Christus</strong></span> <span class='ocrx_word' id='word_1_623' title='bbox 1248 1115 1343 1136; x_wconf 84' lang='lat' dir='ltr'><strong>omnes</strong></span> <span class='ocrx_word' id='word_1_624' title='bbox 1352 1107 1525 1145; x_wconf 76' lang='lat' dir='ltr'><strong>justihcavit,</strong></span> <span class='ocrx_word' id='word_1_625' title='bbox 1545 1108 1652 1138; x_wconf 88' lang='lat' dir='ltr'><strong>etiamsi</strong></span> 
     </span>
    </p>
   </div>
   <div class='ocr_carea' id='block_1_81' title="bbox 851 1153 1650 1190">
    <p class='ocr_par' dir='ltr' id='par_1_81' title="bbox 851 1153 1650 1190">
     <span class='ocr_line' id='line_1_81' title="bbox 851 1153 1650 1190; baseline 0.001 -9"><span class='ocrx_word' id='word_1_626' title='bbox 851 1153 1049 1190; x_wconf 84' lang='lat' dir='ltr'><strong>justiﬁcatione</strong></span> <span class='ocrx_word' id='word_1_627' title='bbox 1062 1153 1145 1189; x_wconf 87' lang='lat' dir='ltr'><strong>digna</strong></span> <span class='ocrx_word' id='word_1_628' title='bbox 1160 1161 1218 1182; x_wconf 88' lang='lat' dir='ltr'><strong>non</strong></span> <span class='ocrx_word' id='word_1_629' title='bbox 1238 1153 1443 1190; x_wconf 82' lang='lat' dir='ltr'><strong>transegient.</strong></span> <span class='ocrx_word' id='word_1_630' title='bbox 1470 1154 1586 1190; x_wconf 82' lang='lat' dir='ltr'><strong>Propter</strong></span> <span class='ocrx_word' id='word_1_631' title='bbox 1597 1153 1650 1182; x_wconf 90' lang='lat' dir='ltr'><strong>hoc</strong></span> 
     </span>
    </p>
   </div>
   <div class='ocr_carea' id='block_1_82' title="bbox 854 1197 1401 1235">
    <p class='ocr_par' dir='ltr' id='par_1_82' title="bbox 854 1197 1401 1235">
     <span class='ocr_line' id='line_1_82' title="bbox 854 1197 1401 1235; baseline 0 -9"><span class='ocrx_word' id='word_1_632' title='bbox 854 1210 867 1223; x_wconf 75' lang='grc' dir='ltr'><strong>ιι</strong></span> <span class='ocrx_word' id='word_1_633' title='bbox 883 1203 965 1235; x_wconf 86' lang='lat' dir='ltr'><strong>typus</strong></span> <span class='ocrx_word' id='word_1_634' title='bbox 979 1203 1021 1227; x_wconf 88' lang='lat' dir='ltr'><strong>est</strong></span> <span class='ocrx_word' id='word_1_635' title='bbox 1034 1198 1129 1231; x_wconf 81' lang='lat' dir='ltr'><strong>futuri,</strong></span> <span class='ocrx_word' id='word_1_636' title='bbox 1147 1210 1160 1223; x_wconf 77' lang='grc' dir='ltr'><strong>ι</strong></span> <span class='ocrx_word' id='word_1_637' title='bbox 1174 1198 1202 1227; x_wconf 94' lang='lat' dir='ltr'><strong>id</strong></span> <span class='ocrx_word' id='word_1_638' title='bbox 1214 1202 1266 1232; x_wconf 87' lang='lat' dir='ltr'><strong>est,</strong></span> <span class='ocrx_word' id='word_1_639' title='bbox 1289 1197 1401 1227; x_wconf 86' lang='lat' dir='ltr'><strong>Christi.</strong></span> 
     </span>
    </p>
   </div>
   <div class='ocr_carea' id='block_1_83' title="bbox 889 1242 1653 1278">
    <p class='ocr_par' dir='ltr' id='par_1_83' title="bbox 889 1242 1653 1278">
     <span class='ocr_line' id='line_1_83' title="bbox 889 1242 1653 1278; baseline 0.001 -7"><span class='ocrx_word' id='word_1_640' title='bbox 889 1245 978 1273; x_wconf 67' lang='lat' dir='ltr'><strong>Vens.</strong></span> <span class='ocrx_word' id='word_1_641' title='bbox 1005 1247 1049 1276; x_wconf 81' lang='lat'><strong>15,</strong></span> <span class='ocrx_word' id='word_1_642' title='bbox 1066 1246 1109 1272; x_wconf 83' lang='lat'><strong>16.</strong></span> <span class='ocrx_word' id='word_1_643' title='bbox 1127 1254 1140 1268; x_wconf 78' lang='grc' dir='ltr'><strong>α</strong></span> <span class='ocrx_word' id='word_1_644' title='bbox 1167 1242 1220 1272; x_wconf 85' lang='lat' dir='ltr'><strong>Sed</strong></span> <span class='ocrx_word' id='word_1_645' title='bbox 1234 1251 1291 1272; x_wconf 88' lang='lat' dir='ltr'><strong>non</strong></span> <span class='ocrx_word' id='word_1_646' title='bbox 1311 1243 1381 1271; x_wconf 87' lang='lat' dir='ltr'><strong>sicut</strong></span> <span class='ocrx_word' id='word_1_647' title='bbox 1403 1242 1545 1278; x_wconf 87' lang='lat' dir='ltr'><strong>delictum,</strong></span> <span class='ocrx_word' id='word_1_648' title='bbox 1569 1243 1606 1272; x_wconf 84' lang='lat' dir='ltr'><strong>ita</strong></span> <span class='ocrx_word' id='word_1_649' title='bbox 1624 1248 1653 1273; x_wconf 90' lang='lat' dir='ltr'><strong>et</strong></span> 
     </span>
    </p>
   </div>
   <div class='ocr_carea' id='block_1_84' title="bbox 853 1287 1651 1324">
    <p class='ocr_par' dir='ltr' id='par_1_84' title="bbox 853 1287 1651 1324">
     <span class='ocr_line' id='line_1_84' title="bbox 853 1287 1651 1324; baseline 0 -7"><span class='ocrx_word' id='word_1_650' title='bbox 853 1287 969 1317; x_wconf 89' lang='lat' dir='ltr'><strong>donum.</strong></span> <span class='ocrx_word' id='word_1_651' title='bbox 985 1288 1014 1317; x_wconf 92' lang='lat' dir='ltr'><strong>Si</strong></span> <span class='ocrx_word' id='word_1_652' title='bbox 1032 1289 1106 1317; x_wconf 90' lang='lat' dir='ltr'><strong>enim</strong></span> <span class='ocrx_word' id='word_1_653' title='bbox 1121 1288 1201 1317; x_wconf 89' lang='lat' dir='ltr'><strong>unius</strong></span> <span class='ocrx_word' id='word_1_654' title='bbox 1222 1287 1325 1316; x_wconf 85' lang='lat' dir='ltr'><strong>delicto</strong></span> <span class='ocrx_word' id='word_1_655' title='bbox 1343 1287 1425 1316; x_wconf 88' lang='lat' dir='ltr'><strong>multi</strong></span> <span class='ocrx_word' id='word_1_656' title='bbox 1443 1292 1509 1316; x_wconf 89' lang='lat' dir='ltr'><strong>sunt</strong></span> <span class='ocrx_word' id='word_1_657' title='bbox 1535 1289 1651 1324; x_wconf 90' lang='lat' dir='ltr'><strong>mortui,</strong></span> 
     </span>
    </p>
   </div>
   <div class='ocr_carea' id='block_1_85' title="bbox 854 1332 1652 1370">
    <p class='ocr_par' dir='ltr' id='par_1_85' title="bbox 854 1332 1652 1370">
     <span class='ocr_line' id='line_1_85' title="bbox 854 1332 1652 1370; baseline 0.001 -8"><span class='ocrx_word' id='word_1_658' title='bbox 854 1333 942 1362; x_wconf 89' lang='lat' dir='ltr'><strong>multo</strong></span> <span class='ocrx_word' id='word_1_659' title='bbox 955 1333 1043 1369; x_wconf 83' lang='lat' dir='ltr'><strong>magis</strong></span> <span class='ocrx_word' id='word_1_660' title='bbox 1063 1334 1152 1370; x_wconf 84' lang='lat' dir='ltr'><strong>gratia</strong></span> <span class='ocrx_word' id='word_1_661' title='bbox 1174 1333 1224 1361; x_wconf 91' lang='lat' dir='ltr'><strong>Dei</strong></span> <span class='ocrx_word' id='word_1_662' title='bbox 1239 1336 1267 1362; x_wconf 89' lang='lat' dir='ltr'><strong>et</strong></span> <span class='ocrx_word' id='word_1_663' title='bbox 1284 1332 1400 1367; x_wconf 89' lang='lat' dir='ltr'><strong>donum,</strong></span> <span class='ocrx_word' id='word_1_664' title='bbox 1416 1333 1444 1361; x_wconf 93' lang='lat' dir='ltr'><strong>in</strong></span> <span class='ocrx_word' id='word_1_665' title='bbox 1464 1334 1553 1369; x_wconf 83' lang='lat' dir='ltr'><strong>gratia</strong></span> <span class='ocrx_word' id='word_1_666' title='bbox 1570 1335 1652 1363; x_wconf 87' lang='lat' dir='ltr'><strong>unius</strong></span> 
     </span>
    </p>
   </div>
   <div class='ocr_carea' id='block_1_86' title="bbox 853 1377 1651 1412">
    <p class='ocr_par' dir='ltr' id='par_1_86' title="bbox 853 1377 1651 1412">
     <span class='ocr_line' id='line_1_86' title="bbox 853 1377 1651 1412; baseline 0.001 -6"><span class='ocrx_word' id='word_1_667' title='bbox 853 1377 975 1406; x_wconf 84' lang='lat' dir='ltr'><strong>hominis</strong></span> <span class='ocrx_word' id='word_1_668' title='bbox 989 1379 1054 1407; x_wconf 85' lang='lat' dir='ltr'><strong>Jesu</strong></span> <span class='ocrx_word' id='word_1_669' title='bbox 1067 1378 1181 1412; x_wconf 84' lang='lat' dir='ltr'><strong>Christi,</strong></span> <span class='ocrx_word' id='word_1_670' title='bbox 1196 1378 1225 1406; x_wconf 88' lang='lat' dir='ltr'><strong>in</strong></span> <span class='ocrx_word' id='word_1_671' title='bbox 1249 1378 1353 1406; x_wconf 88' lang='lat' dir='ltr'><strong>multos</strong></span> <span class='ocrx_word' id='word_1_672' title='bbox 1366 1377 1527 1407; x_wconf 79' lang='lat' dir='ltr'><strong>abundavit.</strong></span> <span class='ocrx_word' id='word_1_673' title='bbox 1544 1380 1580 1407; x_wconf 85' lang='lat' dir='ltr'><strong>Et</strong></span> <span class='ocrx_word' id='word_1_674' title='bbox 1595 1387 1651 1407; x_wconf 88' lang='lat' dir='ltr'><strong>non</strong></span> 
     </span>
    </p>
   </div>
   <div class='ocr_carea' id='block_1_87' title="bbox 851 1421 1651 1460">
    <p class='ocr_par' dir='ltr' id='par_1_87' title="bbox 851 1421 1651 1460">
     <span class='ocr_line' id='line_1_87' title="bbox 851 1421 1651 1460; baseline 0.001 -9"><span class='ocrx_word' id='word_1_675' title='bbox 851 1423 923 1451; x_wconf 88' lang='lat' dir='ltr'><strong>sicut</strong></span> <span class='ocrx_word' id='word_1_676' title='bbox 936 1430 986 1459; x_wconf 89' lang='lat' dir='ltr'><strong>per</strong></span> <span class='ocrx_word' id='word_1_677' title='bbox 999 1431 1083 1451; x_wconf 91' lang='lat' dir='ltr'><strong>unum</strong></span> <span class='ocrx_word' id='word_1_678' title='bbox 1104 1423 1151 1460; x_wconf 90' lang='lat' dir='ltr'><strong>qui</strong></span> <span class='ocrx_word' id='word_1_679' title='bbox 1172 1426 1341 1459; x_wconf 82' lang='lat' dir='ltr'><strong>peccaverat,</strong></span> <span class='ocrx_word' id='word_1_680' title='bbox 1367 1421 1482 1451; x_wconf 87' lang='lat' dir='ltr'><strong>donum.</strong></span> <span class='ocrx_word' id='word_1_681' title='bbox 1509 1423 1651 1452; x_wconf 86' lang='lat' dir='ltr'><strong>Judicium</strong></span> 
     </span>
    </p>
   </div>
   <div class='ocr_carea' id='block_1_88' title="bbox 852 1467 1653 1501">
    <p class='ocr_par' dir='ltr' id='par_1_88' title="bbox 852 1467 1653 1501">
     <span class='ocr_line' id='line_1_88' title="bbox 852 1467 1653 1501; baseline 0.001 -5"><span class='ocrx_word' id='word_1_682' title='bbox 852 1467 925 1496; x_wconf 90' lang='lat' dir='ltr'><strong>enim</strong></span> <span class='ocrx_word' id='word_1_683' title='bbox 940 1475 973 1496; x_wconf 90' lang='lat' dir='ltr'><strong>ex</strong></span> <span class='ocrx_word' id='word_1_684' title='bbox 988 1475 1045 1496; x_wconf 89' lang='lat' dir='ltr'><strong>uno</strong></span> <span class='ocrx_word' id='word_1_685' title='bbox 1059 1467 1095 1496; x_wconf 88' lang='lat' dir='ltr'><strong>ad</strong></span> <span class='ocrx_word' id='word_1_686' title='bbox 1110 1467 1382 1501; x_wconf 83' lang='lat' dir='ltr'><strong>condemnationem,</strong></span> <span class='ocrx_word' id='word_1_687' title='bbox 1396 1467 1502 1496; x_wconf 87' lang='lat' dir='ltr'><strong>donum</strong></span> <span class='ocrx_word' id='word_1_688' title='bbox 1513 1472 1606 1497; x_wconf 81' lang='lat' dir='ltr'><strong>autem</strong></span> <span class='ocrx_word' id='word_1_689' title='bbox 1620 1476 1653 1497; x_wconf 81' lang='lat' dir='ltr'><strong>ex</strong></span> 
     </span>
    </p>
   </div>
   <div class='ocr_carea' id='block_1_89' title="bbox 851 1511 1654 1549">
    <p class='ocr_par' dir='ltr' id='par_1_89' title="bbox 851 1511 1654 1549">
     <span class='ocr_line' id='line_1_89' title="bbox 851 1511 1654 1549; baseline 0.002 -9"><span class='ocrx_word' id='word_1_690' title='bbox 851 1512 946 1541; x_wconf 84' lang='lat' dir='ltr'><strong>multis</strong></span> <span class='ocrx_word' id='word_1_691' title='bbox 959 1512 1067 1541; x_wconf 85' lang='lat' dir='ltr'><strong>delictis</strong></span> <span class='ocrx_word' id='word_1_692' title='bbox 1079 1511 1115 1541; x_wconf 87' lang='lat' dir='ltr'><strong>ad</strong></span> <span class='ocrx_word' id='word_1_693' title='bbox 1124 1512 1363 1548; x_wconf 84' lang='lat' dir='ltr'><strong>justiﬁcationem.</strong></span> <span class='ocrx_word' id='word_1_694' title='bbox 1377 1523 1391 1537; x_wconf 75' lang='grc' dir='ltr'>ι</span> <span class='ocrx_word' id='word_1_695' title='bbox 1409 1513 1466 1549; x_wconf 77' lang='lat'><strong>39</strong></span> <span class='ocrx_word' id='word_1_696' title='bbox 1477 1513 1540 1542; x_wconf 88' lang='lat' dir='ltr'><strong>Non</strong></span> <span class='ocrx_word' id='word_1_697' title='bbox 1551 1513 1654 1542; x_wconf 62' lang='lat' dir='ltr'><strong>solum.</strong></span> 
     </span>
    </p>
   </div>
   <div class='ocr_carea' id='block_1_90' title="bbox 853 1556 1653 1594">
    <p class='ocr_par' dir='ltr' id='par_1_90' title="bbox 853 1556 1653 1594">
     <span class='ocr_line' id='line_1_90' title="bbox 853 1556 1653 1594; baseline 0.003 -9"><span class='ocrx_word' id='word_1_698' title='bbox 853 1556 936 1585; x_wconf 87' lang='lat' dir='ltr'><strong>modo</strong></span> <span class='ocrx_word' id='word_1_699' title='bbox 962 1561 1071 1585; x_wconf 87' lang='lat' dir='ltr'><strong>tantum</strong></span> <span class='ocrx_word' id='word_1_700' title='bbox 1104 1557 1206 1594; x_wconf 84' lang='lat' dir='ltr'><strong>profuit</strong></span> <span class='ocrx_word' id='word_1_701' title='bbox 1234 1557 1370 1591; x_wconf 86' lang='lat' dir='ltr'><strong>Christus,</strong></span> <span class='ocrx_word' id='word_1_702' title='bbox 1397 1561 1531 1594; x_wconf 85' lang='lat' dir='ltr'><strong>quantum</strong></span> <span class='ocrx_word' id='word_1_703' title='bbox 1559 1559 1653 1587; x_wconf 89' lang='lat' dir='ltr'><strong>nocuit</strong></span> 
     </span>
    </p>
   </div>
   <div class='ocr_carea' id='block_1_91' title="bbox 852 1601 1654 1639">
    <p class='ocr_par' dir='ltr' id='par_1_91' title="bbox 852 1601 1654 1639">
     <span class='ocr_line' id='line_1_91' title="bbox 852 1601 1654 1639; baseline 0.001 -9"><span class='ocrx_word' id='word_1_704' title='bbox 852 1601 952 1631; x_wconf 77' lang='lat' dir='ltr'><strong>Adam.</strong></span> <span class='ocrx_word' id='word_1_705' title='bbox 967 1602 994 1630; x_wconf 90' lang='lat' dir='ltr'><strong>Si</strong></span> <span class='ocrx_word' id='word_1_706' title='bbox 1007 1603 1080 1630; x_wconf 91' lang='lat' dir='ltr'><strong>enim</strong></span> <span class='ocrx_word' id='word_1_707' title='bbox 1092 1607 1234 1638; x_wconf 87' lang='lat' dir='ltr'><strong>peccatum</strong></span> <span class='ocrx_word' id='word_1_708' title='bbox 1244 1606 1352 1631; x_wconf 85' lang='lat' dir='ltr'><strong>tantum</strong></span> <span class='ocrx_word' id='word_1_709' title='bbox 1367 1603 1467 1639; x_wconf 87' lang='lat' dir='ltr'><strong>potuit,</strong></span> <span class='ocrx_word' id='word_1_710' title='bbox 1483 1607 1515 1631; x_wconf 91' lang='lat' dir='ltr'><strong>ut</strong></span> <span class='ocrx_word' id='word_1_711' title='bbox 1524 1603 1561 1631; x_wconf 91' lang='lat' dir='ltr'><strong>ob</strong></span> <span class='ocrx_word' id='word_1_712' title='bbox 1574 1603 1654 1632; x_wconf 93' lang='lat' dir='ltr'><strong>unius</strong></span> 
     </span>
    </p>
   </div>
   <div class='ocr_carea' id='block_1_92' title="bbox 852 1646 1652 1684">
    <p class='ocr_par' dir='ltr' id='par_1_92' title="bbox 852 1646 1652 1684">
     <span class='ocr_line' id='line_1_92' title="bbox 852 1646 1652 1684; baseline 0.003 -9"><span class='ocrx_word' id='word_1_713' title='bbox 852 1646 959 1683; x_wconf 84' lang='lat' dir='ltr'><strong>lapsum</strong></span> <span class='ocrx_word' id='word_1_714' title='bbox 972 1655 1071 1676; x_wconf 90' lang='lat' dir='ltr'><strong>omnes</strong></span> <span class='ocrx_word' id='word_1_715' title='bbox 1080 1647 1138 1683; x_wconf 85' lang='lat' dir='ltr'><strong>ejus</strong></span> <span class='ocrx_word' id='word_1_716' title='bbox 1148 1647 1260 1684; x_wconf 85' lang='lat' dir='ltr'><strong>posteri,</strong></span> <span class='ocrx_word' id='word_1_717' title='bbox 1276 1647 1450 1676; x_wconf 86' lang='lat' dir='ltr'><strong>etiamsinon</strong></span> <span class='ocrx_word' id='word_1_718' title='bbox 1464 1653 1652 1684; x_wconf 87' lang='lat' dir='ltr'><strong>peccaverant,</strong></span> 
     </span>
    </p>
   </div>
   <div class='ocr_carea' id='block_1_93' title="bbox 851 1691 1650 1729">
    <p class='ocr_par' dir='ltr' id='par_1_93' title="bbox 851 1691 1650 1729">
     <span class='ocr_line' id='line_1_93' title="bbox 851 1691 1650 1729; baseline 0.003 -9"><span class='ocrx_word' id='word_1_719' title='bbox 851 1691 1114 1726; x_wconf 83' lang='lat' dir='ltr'><strong>condemnarentur;</strong></span> <span class='ocrx_word' id='word_1_720' title='bbox 1133 1693 1221 1721; x_wconf 87' lang='lat' dir='ltr'><strong>multo</strong></span> <span class='ocrx_word' id='word_1_721' title='bbox 1236 1693 1324 1729; x_wconf 86' lang='lat' dir='ltr'><strong>magis</strong></span> <span class='ocrx_word' id='word_1_722' title='bbox 1338 1693 1426 1729; x_wconf 86' lang='lat' dir='ltr'><strong>gratia</strong></span> <span class='ocrx_word' id='word_1_723' title='bbox 1441 1693 1492 1722; x_wconf 88' lang='lat' dir='ltr'><strong>Dei</strong></span> <span class='ocrx_word' id='word_1_724' title='bbox 1507 1697 1536 1721; x_wconf 89' lang='lat' dir='ltr'><strong>et</strong></span> <span class='ocrx_word' id='word_1_725' title='bbox 1549 1693 1650 1728; x_wconf 88' lang='lat' dir='ltr'><strong>Patris,</strong></span> 
     </span>
    </p>
   </div>
   <div class='ocr_carea' id='block_1_94' title="bbox 851 1737 1654 1774">
    <p class='ocr_par' dir='ltr' id='par_1_94' title="bbox 851 1737 1654 1774">
     <span class='ocr_line' id='line_1_94' title="bbox 851 1737 1654 1774; baseline 0.004 -10"><span class='ocrx_word' id='word_1_726' title='bbox 851 1741 879 1764; x_wconf 89' lang='lat' dir='ltr'><strong>et</strong></span> <span class='ocrx_word' id='word_1_727' title='bbox 892 1744 949 1765; x_wconf 93' lang='lat' dir='ltr'><strong>non</strong></span> <span class='ocrx_word' id='word_1_728' title='bbox 961 1737 1046 1766; x_wconf 89' lang='lat' dir='ltr'><strong>solius</strong></span> <span class='ocrx_word' id='word_1_729' title='bbox 1055 1737 1145 1774; x_wconf 88' lang='lat' dir='ltr'><strong>hujus,</strong></span> <span class='ocrx_word' id='word_1_730' title='bbox 1155 1745 1251 1766; x_wconf 89' lang='lat' dir='ltr'><strong>verum</strong></span> <span class='ocrx_word' id='word_1_731' title='bbox 1264 1737 1347 1766; x_wconf 86' lang='lat' dir='ltr'><strong>etiam</strong></span> <span class='ocrx_word' id='word_1_732' title='bbox 1359 1738 1420 1766; x_wconf 85' lang='lat' dir='ltr'><strong>Filii</strong></span> <span class='ocrx_word' id='word_1_733' title='bbox 1434 1738 1489 1774; x_wconf 90' lang='lat' dir='ltr'><strong>sui,</strong></span> <span class='ocrx_word' id='word_1_734' title='bbox 1505 1738 1536 1766; x_wconf 93' lang='lat' dir='ltr'><strong>in</strong></span> <span class='ocrx_word' id='word_1_735' title='bbox 1551 1738 1654 1767; x_wconf 89' lang='lat' dir='ltr'><strong>multos</strong></span> 
     </span>
    </p>
   </div>
   <div class='ocr_carea' id='block_1_95' title="bbox 851 1782 1649 1818">
    <p class='ocr_par' dir='ltr' id='par_1_95' title="bbox 851 1782 1649 1818">
     <span class='ocr_line' id='line_1_95' title="bbox 851 1782 1649 1818; baseline 0.003 -8"><span class='ocrx_word' id='word_1_736' title='bbox 851 1782 1013 1810; x_wconf 85' lang='lat' dir='ltr'><strong>exuberabit</strong></span> <span class='ocrx_word' id='word_1_737' title='bbox 1026 1783 1135 1818; x_wconf 84' lang='lat' dir='ltr'><strong>largiter</strong></span> <span class='ocrx_word' id='word_1_738' title='bbox 1150 1783 1246 1810; x_wconf 83' lang='lat' dir='ltr'><strong>ﬂuens.</strong></span> <span class='ocrx_word' id='word_1_739' title='bbox 1267 1784 1323 1810; x_wconf 85' lang='lat' dir='ltr'><strong>Nec</strong></span> <span class='ocrx_word' id='word_1_740' title='bbox 1337 1783 1390 1811; x_wconf 90' lang='lat' dir='ltr'><strong>erit</strong></span> <span class='ocrx_word' id='word_1_741' title='bbox 1403 1782 1509 1811; x_wconf 89' lang='lat' dir='ltr'><strong>donum</strong></span> <span class='ocrx_word' id='word_1_742' title='bbox 1522 1783 1574 1811; x_wconf 90' lang='lat' dir='ltr'><strong>Dei</strong></span> <span class='ocrx_word' id='word_1_743' title='bbox 1588 1788 1649 1812; x_wconf 91' lang='lat' dir='ltr'><strong>tan-</strong></span> 
     </span>
    </p>
   </div>
   <div class='ocr_carea' id='block_1_96' title="bbox 852 1827 1652 1864">
    <p class='ocr_par' dir='ltr' id='par_1_96' title="bbox 852 1827 1652 1864">
     <span class='ocr_line' id='line_1_96' title="bbox 852 1827 1652 1864; baseline 0.003 -9"><span class='ocrx_word' id='word_1_744' title='bbox 852 1831 924 1860; x_wconf 87' lang='lat' dir='ltr'><strong>tum,</strong></span> <span class='ocrx_word' id='word_1_745' title='bbox 939 1831 1040 1863; x_wconf 85' lang='lat' dir='ltr'><strong>quanta</strong></span> <span class='ocrx_word' id='word_1_746' title='bbox 1053 1831 1096 1855; x_wconf 90' lang='lat' dir='ltr'><strong>est</strong></span> <span class='ocrx_word' id='word_1_747' title='bbox 1112 1835 1173 1863; x_wconf 64' lang='lat' dir='ltr'><strong>quae</strong></span> <span class='ocrx_word' id='word_1_748' title='bbox 1190 1834 1240 1864; x_wconf 87' lang='lat' dir='ltr'><strong>per</strong></span> <span class='ocrx_word' id='word_1_749' title='bbox 1259 1834 1346 1855; x_wconf 88' lang='lat' dir='ltr'><strong>unum</strong></span> <span class='ocrx_word' id='word_1_750' title='bbox 1359 1827 1567 1864; x_wconf 83' lang='lat' dir='ltr'><strong>delinquentem</strong></span> <span class='ocrx_word' id='word_1_751' title='bbox 1577 1828 1652 1857; x_wconf 88' lang='lat' dir='ltr'><strong>venit</strong></span> 
     </span>
    </p>
   </div>
   <div class='ocr_carea' id='block_1_97' title="bbox 853 1871 1650 1909">
    <p class='ocr_par' dir='ltr' id='par_1_97' title="bbox 853 1871 1650 1909">
     <span class='ocr_line' id='line_1_97' title="bbox 853 1871 1650 1909; baseline 0.001 -9"><span class='ocrx_word' id='word_1_752' title='bbox 853 1872 1063 1900; x_wconf 81' lang='lat' dir='ltr'><strong>condemnatio?</strong></span> <span class='ocrx_word' id='word_1_753' title='bbox 1079 1883 1092 1896; x_wconf 81' lang='grc' dir='ltr'><strong>ι</strong></span> <span class='ocrx_word' id='word_1_754' title='bbox 1109 1871 1249 1900; x_wconf 76' lang='lat' dir='ltr'><strong>Iudicium</strong></span> <span class='ocrx_word' id='word_1_755' title='bbox 1269 1871 1355 1906; x_wconf 86' lang='lat' dir='ltr'><strong>enim,</strong></span> <span class='ocrx_word' id='word_1_756' title='bbox 1372 1883 1386 1897; x_wconf 69' lang='grc' dir='ltr'><strong>ι</strong></span> <span class='ocrx_word' id='word_1_757' title='bbox 1409 1871 1462 1900; x_wconf 90' lang='lat' dir='ltr'><strong>hoc</strong></span> <span class='ocrx_word' id='word_1_758' title='bbox 1485 1876 1539 1907; x_wconf 88' lang='lat' dir='ltr'><strong>est,</strong></span> <span class='ocrx_word' id='word_1_759' title='bbox 1555 1880 1650 1909; x_wconf 87' lang='lat' dir='ltr'><strong>pecca-</strong></span> 
     </span>
    </p>
   </div>
   <div class='ocr_carea' id='block_1_98' title="bbox 853 1916 1652 1951">
    <p class='ocr_par' dir='ltr' id='par_1_98' title="bbox 853 1916 1652 1951">
     <span class='ocr_line' id='line_1_98' title="bbox 853 1916 1652 1951; baseline 0.003 -7"><span class='ocrx_word' id='word_1_760' title='bbox 853 1921 913 1945; x_wconf 88' lang='lat' dir='ltr'><strong>tum</strong></span> <span class='ocrx_word' id='word_1_761' title='bbox 926 1916 1151 1946; x_wconf 84' lang='lat' dir='ltr'><strong>condemnationi</strong></span> <span class='ocrx_word' id='word_1_762' title='bbox 1174 1916 1338 1951; x_wconf 82' lang='lat' dir='ltr'><strong>obnoxium,</strong></span> <span class='ocrx_word' id='word_1_763' title='bbox 1355 1928 1368 1941; x_wconf 77' lang='grc' dir='ltr'><strong>ε</strong></span> <span class='ocrx_word' id='word_1_764' title='bbox 1384 1924 1416 1945; x_wconf 80' lang='lat' dir='ltr'><strong>ex</strong></span> <span class='ocrx_word' id='word_1_765' title='bbox 1434 1925 1490 1946; x_wconf 90' lang='lat' dir='ltr'><strong>uno</strong></span> <span class='ocrx_word' id='word_1_766' title='bbox 1516 1929 1527 1943; x_wconf 74' lang='grc' dir='ltr'><strong>ι</strong></span> <span class='ocrx_word' id='word_1_767' title='bbox 1544 1917 1652 1946; x_wconf 77' lang='lat' dir='ltr'><strong>Adamo</strong></span> 
     </span>
    </p>
   </div>
   <div class='ocr_carea' id='block_1_99' title="bbox 853 1961 1650 1999">
    <p class='ocr_par' dir='ltr' id='par_1_99' title="bbox 853 1961 1650 1999">
     <span class='ocr_line' id='line_1_99' title="bbox 853 1961 1650 1999; baseline 0.003 -9"><span class='ocrx_word' id='word_1_768' title='bbox 853 1962 1003 1999; x_wconf 88' lang='lat' dir='ltr'><strong>proﬂuens,</strong></span> <span class='ocrx_word' id='word_1_769' title='bbox 1020 1973 1034 1987; x_wconf 74' lang='grc' dir='ltr'><strong>α</strong></span> <span class='ocrx_word' id='word_1_770' title='bbox 1047 1961 1081 1990; x_wconf 84' lang='lat' dir='ltr'><strong>ad</strong></span> <span class='ocrx_word' id='word_1_771' title='bbox 1092 1961 1366 1994; x_wconf 84' lang='lat' dir='ltr'><strong>condemnationem,</strong></span> <span class='ocrx_word' id='word_1_772' title='bbox 1382 1971 1397 1988; x_wconf 75' lang='grc' dir='ltr'><strong>ιν</strong></span> <span class='ocrx_word' id='word_1_773' title='bbox 1409 1961 1462 1990; x_wconf 92' lang='lat' dir='ltr'><strong>hoc</strong></span> <span class='ocrx_word' id='word_1_774' title='bbox 1476 1966 1518 1990; x_wconf 88' lang='lat' dir='ltr'><strong>est</strong></span> <span class='ocrx_word' id='word_1_775' title='bbox 1532 1962 1566 1991; x_wconf 88' lang='lat' dir='ltr'><strong>ad</strong></span> <span class='ocrx_word' id='word_1_776' title='bbox 1577 1970 1650 1992; x_wconf 89' lang='lat' dir='ltr'><strong>mor-</strong></span> 
     </span>
    </p>
   </div>
   <div class='ocr_carea' id='block_1_100' title="bbox 854 2007 1652 2044">
    <p class='ocr_par' dir='ltr' id='par_1_100' title="bbox 854 2007 1652 2044">
     <span class='ocr_line' id='line_1_100' title="bbox 854 2007 1652 2044; baseline 0.001 -8"><span class='ocrx_word' id='word_1_777' title='bbox 854 2011 919 2043; x_wconf 88' lang='lat' dir='ltr'><strong>tem,</strong></span> <span class='ocrx_word' id='word_1_778' title='bbox 946 2011 975 2036; x_wconf 91' lang='lat' dir='ltr'><strong>et</strong></span> <span class='ocrx_word' id='word_1_779' title='bbox 993 2007 1070 2044; x_wconf 88' lang='lat' dir='ltr'><strong>plura</strong></span> <span class='ocrx_word' id='word_1_780' title='bbox 1090 2011 1209 2043; x_wconf 85' lang='lat' dir='ltr'><strong>peccata,</strong></span> <span class='ocrx_word' id='word_1_781' title='bbox 1233 2014 1376 2043; x_wconf 85' lang='lat' dir='ltr'><strong>nunquam</strong></span> <span class='ocrx_word' id='word_1_782' title='bbox 1401 2015 1458 2035; x_wconf 90' lang='lat' dir='ltr'><strong>non</strong></span> <span class='ocrx_word' id='word_1_783' title='bbox 1481 2007 1510 2035; x_wconf 90' lang='lat' dir='ltr'><strong>in</strong></span> <span class='ocrx_word' id='word_1_784' title='bbox 1536 2008 1652 2044; x_wconf 85' lang='lat' dir='ltr'><strong>posteris</strong></span> 
     </span>
    </p>
   </div>
   <div class='ocr_carea' id='block_1_101' title="bbox 853 2051 1653 2088">
    <p class='ocr_par' dir='ltr' id='par_1_101' title="bbox 853 2051 1653 2088">
     <span class='ocr_line' id='line_1_101' title="bbox 853 2051 1653 2088; baseline 0.001 -7"><span class='ocrx_word' id='word_1_785' title='bbox 853 2053 968 2087; x_wconf 80' lang='lat' dir='ltr'><strong>exstitit,</strong></span> <span class='ocrx_word' id='word_1_786' title='bbox 983 2056 1014 2081; x_wconf 93' lang='lat' dir='ltr'><strong>ut</strong></span> <span class='ocrx_word' id='word_1_787' title='bbox 1027 2056 1054 2081; x_wconf 91' lang='lat' dir='ltr'><strong>et</strong></span> <span class='ocrx_word' id='word_1_788' title='bbox 1067 2051 1162 2080; x_wconf 88' lang='lat' dir='ltr'><strong>multis</strong></span> <span class='ocrx_word' id='word_1_789' title='bbox 1182 2052 1303 2088; x_wconf 83' lang='lat' dir='ltr'><strong>peccatis</strong></span> <span class='ocrx_word' id='word_1_790' title='bbox 1317 2055 1345 2080; x_wconf 91' lang='lat' dir='ltr'><strong>et</strong></span> <span class='ocrx_word' id='word_1_791' title='bbox 1359 2056 1450 2081; x_wconf 88' lang='lat' dir='ltr'><strong>morte</strong></span> <span class='ocrx_word' id='word_1_792' title='bbox 1463 2052 1653 2082; x_wconf 85' lang='lat' dir='ltr'><strong>detinerentur</strong></span> 
     </span>
    </p>
   </div>
   <div class='ocr_carea' id='block_1_102' title="bbox 854 2097 1651 2136">
    <p class='ocr_par' dir='ltr' id='par_1_102' title="bbox 854 2097 1651 2136">
     <span class='ocr_line' id='line_1_102' title="bbox 854 2097 1651 2136; baseline 0.001 -10"><span class='ocrx_word' id='word_1_793' title='bbox 854 2098 993 2127; x_wconf 79' lang='lat' dir='ltr'><strong>homines.</strong></span> <span class='ocrx_word' id='word_1_794' title='bbox 1009 2108 1021 2122; x_wconf 83' lang='grc' dir='ltr'><strong>ι</strong></span> <span class='ocrx_word' id='word_1_795' title='bbox 1038 2099 1150 2126; x_wconf 91' lang='lat' dir='ltr'><strong>Donum</strong></span> <span class='ocrx_word' id='word_1_796' title='bbox 1166 2101 1260 2126; x_wconf 82' lang='lat' dir='ltr'><strong>autem</strong></span> <span class='ocrx_word' id='word_1_797' title='bbox 1274 2104 1306 2125; x_wconf 84' lang='lat' dir='ltr'><strong>ex</strong></span> <span class='ocrx_word' id='word_1_798' title='bbox 1321 2097 1417 2126; x_wconf 88' lang='lat' dir='ltr'><strong>multis</strong></span> <span class='ocrx_word' id='word_1_799' title='bbox 1436 2097 1544 2127; x_wconf 86' lang='lat' dir='ltr'><strong>delictis</strong></span> <span class='ocrx_word' id='word_1_800' title='bbox 1558 2098 1593 2127; x_wconf 90' lang='lat' dir='ltr'><strong>ad</strong></span> <span class='ocrx_word' id='word_1_801' title='bbox 1603 2099 1651 2136; x_wconf 94' lang='lat' dir='ltr'><strong>ju-</strong></span> 
     </span>
    </p>
   </div>
   <div class='ocr_carea' id='block_1_103' title="bbox 855 2141 1652 2179">
    <p class='ocr_par' dir='ltr' id='par_1_103' title="bbox 855 2141 1652 2179">
     <span class='ocr_line' id='line_1_103' title="bbox 855 2141 1652 2179; baseline 0.003 -8"><span class='ocrx_word' id='word_1_802' title='bbox 855 2143 1060 2177; x_wconf 79' lang='lat' dir='ltr'><strong>stiticationem,</strong></span> <span class='ocrx_word' id='word_1_803' title='bbox 1083 2155 1097 2168; x_wconf 68' lang='grc' dir='ltr'><strong>υ</strong></span> <span class='ocrx_word' id='word_1_804' title='bbox 1121 2142 1175 2171; x_wconf 87' lang='lat' dir='ltr'><strong>hoc</strong></span> <span class='ocrx_word' id='word_1_805' title='bbox 1199 2146 1252 2177; x_wconf 83' lang='lat' dir='ltr'><strong>est,</strong></span> <span class='ocrx_word' id='word_1_806' title='bbox 1273 2141 1372 2179; x_wconf 82' lang='lat' dir='ltr'><strong>gratia,</strong></span> <span class='ocrx_word' id='word_1_807' title='bbox 1400 2150 1456 2170; x_wconf 90' lang='lat' dir='ltr'><strong>non</strong></span> <span class='ocrx_word' id='word_1_808' title='bbox 1473 2151 1561 2171; x_wconf 90' lang='lat' dir='ltr'><strong>unum</strong></span> <span class='ocrx_word' id='word_1_809' title='bbox 1586 2143 1652 2173; x_wconf 88' lang='lat' dir='ltr'><strong>illud</strong></span> 
     </span>
    </p>
   </div>
   <div class='ocr_carea' id='block_1_104' title="bbox 855 2187 1653 2225">
    <p class='ocr_par' dir='ltr' id='par_1_104' title="bbox 855 2187 1653 2225">
     <span class='ocr_line' id='line_1_104' title="bbox 855 2187 1653 2225; baseline 0.003 -9"><span class='ocrx_word' id='word_1_810' title='bbox 855 2192 999 2224; x_wconf 84' lang='lat' dir='ltr'><strong>peccatum</strong></span> <span class='ocrx_word' id='word_1_811' title='bbox 1013 2188 1104 2216; x_wconf 87' lang='lat' dir='ltr'><strong>solum</strong></span> <span class='ocrx_word' id='word_1_812' title='bbox 1115 2187 1238 2220; x_wconf 80' lang='lat' dir='ltr'><strong>abstulit,</strong></span> <span class='ocrx_word' id='word_1_813' title='bbox 1253 2195 1348 2215; x_wconf 88' lang='lat' dir='ltr'><strong>verum</strong></span> <span class='ocrx_word' id='word_1_814' title='bbox 1361 2187 1445 2216; x_wconf 85' lang='lat' dir='ltr'><strong>etiam</strong></span> <span class='ocrx_word' id='word_1_815' title='bbox 1455 2188 1506 2217; x_wconf 84' lang='lat' dir='ltr'><strong>alia</strong></span> <span class='ocrx_word' id='word_1_816' title='bbox 1517 2197 1579 2225; x_wconf 68' lang='lat' dir='ltr'><strong>quae</strong></span> <span class='ocrx_word' id='word_1_817' title='bbox 1590 2193 1653 2225; x_wconf 91' lang='lat' dir='ltr'><strong>post</strong></span> 
     </span>
    </p>
   </div>
   <div class='ocr_carea' id='block_1_105' title="bbox 854 2232 1651 2270">
    <p class='ocr_par' dir='ltr' id='par_1_105' title="bbox 854 2232 1651 2270">
     <span class='ocr_line' id='line_1_105' title="bbox 854 2232 1651 2270; baseline 0.001 -9"><span class='ocrx_word' id='word_1_818' title='bbox 854 2233 919 2262; x_wconf 91' lang='lat' dir='ltr'><strong>illud</strong></span> <span class='ocrx_word' id='word_1_819' title='bbox 928 2233 1086 2261; x_wconf 89' lang='lat' dir='ltr'><strong>invaserunt</strong></span> <span class='ocrx_word' id='word_1_820' title='bbox 1095 2232 1246 2261; x_wconf 89' lang='lat' dir='ltr'><strong>hominem.</strong></span> <span class='ocrx_word' id='word_1_821' title='bbox 1253 2232 1389 2261; x_wconf 89' lang='lat' dir='ltr'><strong>Omnium</strong></span> <span class='ocrx_word' id='word_1_822' title='bbox 1394 2232 1467 2261; x_wconf 85' lang='lat' dir='ltr'><strong>enim</strong></span> <span class='ocrx_word' id='word_1_823' title='bbox 1476 2238 1538 2269; x_wconf 89' lang='lat' dir='ltr'><strong>post</strong></span> <span class='ocrx_word' id='word_1_824' title='bbox 1545 2234 1651 2270; x_wconf 80' lang='lat' dir='ltr'><strong>lapsum</strong></span> 
     </span>
    </p>
   </div>
   <div class='ocr_carea' id='block_1_106' title="bbox 855 2277 1652 2315">
    <p class='ocr_par' dir='ltr' id='par_1_106' title="bbox 855 2277 1652 2315">
     <span class='ocr_line' id='line_1_106' title="bbox 855 2277 1652 2315; baseline 0.001 -9"><span class='ocrx_word' id='word_1_825' title='bbox 855 2282 1035 2315; x_wconf 85' lang='lat' dir='ltr'><strong>peccatorum</strong></span> <span class='ocrx_word' id='word_1_826' title='bbox 1049 2277 1241 2307; x_wconf 86' lang='lat' dir='ltr'><strong>dimissionem</strong></span> <span class='ocrx_word' id='word_1_827' title='bbox 1254 2277 1370 2311; x_wconf 86' lang='lat' dir='ltr'><strong>donans,</strong></span> <span class='ocrx_word' id='word_1_828' title='bbox 1387 2277 1415 2305; x_wconf 91' lang='lat' dir='ltr'><strong>in</strong></span> <span class='ocrx_word' id='word_1_829' title='bbox 1425 2277 1652 2314; x_wconf 83' lang='lat' dir='ltr'><strong>justiﬁcationem</strong></span> 
     </span>
    </p>
   </div>
   <div class='ocr_carea' id='block_1_107' title="bbox 855 2323 1041 2352">
    <p class='ocr_par' dir='ltr' id='par_1_107' title="bbox 855 2323 1041 2352">
     <span class='ocr_line' id='line_1_107' title="bbox 855 2323 1041 2352; baseline -0.005 0"><span class='ocrx_word' id='word_1_830' title='bbox 855 2323 936 2352; x_wconf 88' lang='lat' dir='ltr'><strong>nobis</strong></span> <span class='ocrx_word' id='word_1_831' title='bbox 949 2323 1041 2352; x_wconf 86' lang='lat' dir='ltr'><strong>cessit.</strong></span> 
     </span>
    </p>
   </div>
   <div class='ocr_carea' id='block_1_108' title="bbox 891 2413 1654 2449">
    <p class='ocr_par' dir='ltr' id='par_1_108' title="bbox 891 2413 1654 2449">
     <span class='ocr_line' id='line_1_108' title="bbox 891 2413 1654 2449; baseline 0.003 -6"><span class='ocrx_word' id='word_1_832' title='bbox 891 2415 976 2444; x_wconf 78' lang='lat' dir='ltr'><strong>Vens.</strong></span> <span class='ocrx_word' id='word_1_833' title='bbox 995 2416 1039 2449; x_wconf 80' lang='lat'><strong>17,</strong></span> <span class='ocrx_word' id='word_1_834' title='bbox 1055 2415 1098 2442; x_wconf 73' lang='lat' dir='ltr'><strong>is.</strong></span> <span class='ocrx_word' id='word_1_835' title='bbox 1119 2422 1134 2440; x_wconf 74' lang='grc' dir='ltr'><strong>α</strong></span> <span class='ocrx_word' id='word_1_836' title='bbox 1153 2413 1182 2442; x_wconf 89' lang='lat' dir='ltr'><strong>Si</strong></span> <span class='ocrx_word' id='word_1_837' title='bbox 1205 2413 1281 2442; x_wconf 88' lang='lat' dir='ltr'><strong>enim</strong></span> <span class='ocrx_word' id='word_1_838' title='bbox 1303 2414 1386 2443; x_wconf 89' lang='lat' dir='ltr'><strong>unius</strong></span> <span class='ocrx_word' id='word_1_839' title='bbox 1400 2413 1500 2444; x_wconf 87' lang='lat' dir='ltr'><strong>delicto</strong></span> <span class='ocrx_word' id='word_1_840' title='bbox 1513 2422 1590 2444; x_wconf 90' lang='lat' dir='ltr'><strong>mors</strong></span> <span class='ocrx_word' id='word_1_841' title='bbox 1607 2423 1654 2445; x_wconf 81' lang='lat' dir='ltr'><strong>re-</strong></span> 
     </span>
    </p>
   </div>
   <div class='ocr_carea' id='block_1_109' title="bbox 855 2458 1654 2498">
    <p class='ocr_par' dir='ltr' id='par_1_109' title="bbox 855 2458 1654 2498">
     <span class='ocr_line' id='line_1_109' title="bbox 855 2458 1654 2498; baseline 0.004 -11"><span class='ocrx_word' id='word_1_842' title='bbox 855 2459 949 2497; x_wconf 81' lang='lat' dir='ltr'><strong>gnavit</strong></span> <span class='ocrx_word' id='word_1_843' title='bbox 964 2466 1011 2496; x_wconf 85' lang='lat' dir='ltr'><strong>per</strong></span> <span class='ocrx_word' id='word_1_844' title='bbox 1024 2466 1124 2494; x_wconf 86' lang='lat' dir='ltr'><strong>unum,</strong></span> <span class='ocrx_word' id='word_1_845' title='bbox 1138 2458 1227 2487; x_wconf 93' lang='lat' dir='ltr'><strong>multo</strong></span> <span class='ocrx_word' id='word_1_846' title='bbox 1240 2459 1329 2496; x_wconf 83' lang='lat' dir='ltr'><strong>magis</strong></span> <span class='ocrx_word' id='word_1_847' title='bbox 1343 2459 1543 2490; x_wconf 82' lang='lat' dir='ltr'><strong>abundantiam</strong></span> <span class='ocrx_word' id='word_1_848' title='bbox 1560 2461 1654 2498; x_wconf 72' lang='lat' dir='ltr'><strong>gratim</strong></span> 
     </span>
    </p>
   </div>
   <div class='ocr_carea' id='block_1_110' title="bbox 856 2504 1655 2543">
    <p class='ocr_par' dir='ltr' id='par_1_110' title="bbox 856 2504 1655 2543">
     <span class='ocr_line' id='line_1_110' title="bbox 856 2504 1655 2543; baseline 0.003 -9"><span class='ocrx_word' id='word_1_849' title='bbox 856 2513 888 2534; x_wconf 82' lang='lat' dir='ltr'><strong>ac</strong></span> <span class='ocrx_word' id='word_1_850' title='bbox 913 2505 1019 2533; x_wconf 87' lang='lat' dir='ltr'><strong>donum</strong></span> <span class='ocrx_word' id='word_1_851' title='bbox 1043 2504 1157 2541; x_wconf 65' lang='lat' dir='ltr'><strong>iustitiae</strong></span> <span class='ocrx_word' id='word_1_852' title='bbox 1176 2504 1348 2541; x_wconf 83' lang='lat' dir='ltr'><strong>accipientes,</strong></span> <span class='ocrx_word' id='word_1_853' title='bbox 1378 2505 1405 2534; x_wconf 90' lang='lat' dir='ltr'><strong>in</strong></span> <span class='ocrx_word' id='word_1_854' title='bbox 1428 2506 1483 2534; x_wconf 87' lang='lat' dir='ltr'><strong>vita</strong></span> <span class='ocrx_word' id='word_1_855' title='bbox 1502 2507 1655 2543; x_wconf 85' lang='lat' dir='ltr'><strong>regnabunt</strong></span> 
     </span>
    </p>
   </div>
   <div class='ocr_carea' id='block_1_111' title="bbox 858 2549 1655 2588">
    <p class='ocr_par' dir='ltr' id='par_1_111' title="bbox 858 2549 1655 2588">
     <span class='ocr_line' id='line_1_111' title="bbox 858 2549 1655 2588; baseline 0.003 -10"><span class='ocrx_word' id='word_1_856' title='bbox 858 2558 906 2587; x_wconf 89' lang='lat' dir='ltr'><strong>per</strong></span> <span class='ocrx_word' id='word_1_857' title='bbox 921 2557 1010 2578; x_wconf 89' lang='lat' dir='ltr'><strong>unum</strong></span> <span class='ocrx_word' id='word_1_858' title='bbox 1029 2551 1125 2578; x_wconf 79' lang='lat' dir='ltr'><strong>Iesum</strong></span> <span class='ocrx_word' id='word_1_859' title='bbox 1139 2549 1290 2578; x_wconf 87' lang='lat' dir='ltr'><strong>Christum.</strong></span> <span class='ocrx_word' id='word_1_860' title='bbox 1308 2550 1397 2587; x_wconf 81' lang='lat' dir='ltr'><strong>Igitur</strong></span> <span class='ocrx_word' id='word_1_861' title='bbox 1422 2551 1493 2579; x_wconf 89' lang='lat' dir='ltr'><strong>sicut</strong></span> <span class='ocrx_word' id='word_1_862' title='bbox 1506 2559 1554 2588; x_wconf 90' lang='lat' dir='ltr'><strong>per</strong></span> <span class='ocrx_word' id='word_1_863' title='bbox 1572 2552 1655 2580; x_wconf 90' lang='lat' dir='ltr'><strong>unius</strong></span> 
     </span>
    </p>
   </div>
   <div class='ocr_carea' id='block_1_112' title="bbox 857 2594 1656 2630">
    <p class='ocr_par' dir='ltr' id='par_1_112' title="bbox 857 2594 1656 2630">
     <span class='ocr_line' id='line_1_112' title="bbox 857 2594 1656 2630; baseline 0 -6"><span class='ocrx_word' id='word_1_864' title='bbox 857 2595 990 2624; x_wconf 88' lang='lat' dir='ltr'><strong>delictum</strong></span> <span class='ocrx_word' id='word_1_865' title='bbox 1004 2595 1033 2622; x_wconf 90' lang='lat' dir='ltr'><strong>in</strong></span> <span class='ocrx_word' id='word_1_866' title='bbox 1058 2602 1158 2624; x_wconf 88' lang='lat' dir='ltr'><strong>omnes</strong></span> <span class='ocrx_word' id='word_1_867' title='bbox 1172 2594 1298 2623; x_wconf 87' lang='lat' dir='ltr'><strong>homines</strong></span> <span class='ocrx_word' id='word_1_868' title='bbox 1320 2595 1356 2624; x_wconf 89' lang='lat' dir='ltr'><strong>ad</strong></span> <span class='ocrx_word' id='word_1_869' title='bbox 1383 2595 1656 2630; x_wconf 84' lang='lat' dir='ltr'><strong>condemnationem,</strong></span> 
     </span>
    </p>
   </div>
   <div class='ocr_carea' id='block_1_113' title="bbox 857 2639 1657 2677">
    <p class='ocr_par' dir='ltr' id='par_1_113' title="bbox 857 2639 1657 2677">
     <span class='ocr_line' id='line_1_113' title="bbox 857 2639 1657 2677; baseline 0.001 -8"><span class='ocrx_word' id='word_1_870' title='bbox 857 2640 898 2669; x_wconf 86' lang='lat' dir='ltr'><strong>sic</strong></span> <span class='ocrx_word' id='word_1_871' title='bbox 911 2647 961 2676; x_wconf 89' lang='lat' dir='ltr'><strong>per</strong></span> <span class='ocrx_word' id='word_1_872' title='bbox 975 2640 1056 2669; x_wconf 90' lang='lat' dir='ltr'><strong>unius</strong></span> <span class='ocrx_word' id='word_1_873' title='bbox 1064 2640 1204 2676; x_wconf 86' lang='lat' dir='ltr'><strong>justitiam</strong></span> <span class='ocrx_word' id='word_1_874' title='bbox 1222 2639 1251 2668; x_wconf 88' lang='lat' dir='ltr'><strong>in</strong></span> <span class='ocrx_word' id='word_1_875' title='bbox 1264 2647 1362 2670; x_wconf 85' lang='lat' dir='ltr'><strong>omnes</strong></span> <span class='ocrx_word' id='word_1_876' title='bbox 1381 2641 1506 2670; x_wconf 85' lang='lat' dir='ltr'><strong>homines</strong></span> <span class='ocrx_word' id='word_1_877' title='bbox 1521 2640 1557 2668; x_wconf 87' lang='lat' dir='ltr'><strong>ad</strong></span> <span class='ocrx_word' id='word_1_878' title='bbox 1577 2641 1657 2677; x_wconf 85' lang='lat' dir='ltr'><strong>justi-</strong></span> 
     </span>
    </p>
   </div>
   <div class='ocr_carea' id='block_1_114' title="bbox 858 2684 1657 2715">
    <p class='ocr_par' dir='ltr' id='par_1_114' title="bbox 858 2684 1657 2715">
     <span class='ocr_line' id='line_1_114' title="bbox 858 2684 1657 2715; baseline 0.001 -2"><span class='ocrx_word' id='word_1_879' title='bbox 858 2685 1014 2714; x_wconf 82' lang='lat' dir='ltr'><strong>ﬂcationem</strong></span> <span class='ocrx_word' id='word_1_880' title='bbox 1028 2684 1104 2714; x_wconf 65' lang='lat' dir='ltr'><strong>vitae.</strong></span> <span class='ocrx_word' id='word_1_881' title='bbox 1124 2696 1138 2710; x_wconf 76' lang='grc' dir='ltr'><strong><em>ι</em></strong></span> <span class='ocrx_word' id='word_1_882' title='bbox 1164 2685 1192 2714; x_wconf 91' lang='lat' dir='ltr'><strong>Si</strong></span> <span class='ocrx_word' id='word_1_883' title='bbox 1211 2685 1293 2714; x_wconf 87' lang='lat' dir='ltr'><strong>unius</strong></span> <span class='ocrx_word' id='word_1_884' title='bbox 1320 2685 1442 2715; x_wconf 84' lang='lat' dir='ltr'><strong>hominis</strong></span> <span class='ocrx_word' id='word_1_885' title='bbox 1463 2685 1597 2714; x_wconf 83' lang='lat' dir='ltr'><strong>comestio</strong></span> <span class='ocrx_word' id='word_1_886' title='bbox 1621 2685 1657 2714; x_wconf 88' lang='lat' dir='ltr'><strong>de</strong></span> 
     </span>
    </p>
   </div>
   <div class='ocr_carea' id='block_1_115' title="bbox 858 2729 1656 2768">
    <p class='ocr_par' dir='ltr' id='par_1_115' title="bbox 858 2729 1656 2768">
     <span class='ocr_line' id='line_1_115' title="bbox 858 2729 1656 2768; baseline -0.001 -9"><span class='ocrx_word' id='word_1_887' title='bbox 858 2730 933 2768; x_wconf 88' lang='lat' dir='ltr'><strong>ligno</strong></span> <span class='ocrx_word' id='word_1_888' title='bbox 947 2734 1068 2759; x_wconf 88' lang='lat' dir='ltr'><strong>mortem</strong></span> <span class='ocrx_word' id='word_1_889' title='bbox 1083 2730 1149 2759; x_wconf 78' lang='lat' dir='ltr'><strong>fecit</strong></span> <span class='ocrx_word' id='word_1_890' title='bbox 1171 2738 1298 2768; x_wconf 87' lang='lat' dir='ltr'><strong>regnare,</strong></span> <span class='ocrx_word' id='word_1_891' title='bbox 1321 2731 1410 2759; x_wconf 89' lang='lat' dir='ltr'><strong>multo</strong></span> <span class='ocrx_word' id='word_1_892' title='bbox 1425 2731 1511 2768; x_wconf 85' lang='lat' dir='ltr'><strong>magis</strong></span> <span class='ocrx_word' id='word_1_893' title='bbox 1529 2738 1592 2766; x_wconf 90' lang='lat' dir='ltr'><strong>nos,</strong></span> <span class='ocrx_word' id='word_1_894' title='bbox 1609 2729 1656 2767; x_wconf 87' lang='lat' dir='ltr'><strong>qui</strong></span> 
     </span>
    </p>
   </div>
   <div class='ocr_carea' id='block_1_116' title="bbox 699 2775 966 2807">
    <p class='ocr_par' dir='ltr' id='par_1_116' title="bbox 699 2775 966 2807">
     <span class='ocr_line' id='line_1_116' title="bbox 699 2775 966 2807; baseline 0.004 -2"><span class='ocrx_word' id='word_1_895' title='bbox 699 2775 794 2807; x_wconf 76' lang='lat' dir='ltr'><strong>Variae</strong></span> <span class='ocrx_word' id='word_1_896' title='bbox 815 2776 966 2807; x_wconf 86' lang='lat' dir='ltr'><strong>lectiones.</strong></span> 
     </span>
    </p>
   </div>
   <div class='ocr_carea' id='block_1_117' title="bbox 68 2811 331 2852">
    <p class='ocr_par' dir='ltr' id='par_1_117' title="bbox 68 2811 331 2852">
     <span class='ocr_line' id='line_1_117' title="bbox 68 2811 331 2852; baseline 0.015 -8"><span class='ocrx_word' id='word_1_897' title='bbox 68 2811 85 2852; x_wconf 53' lang='grc' dir='ltr'><strong>Ῠδ</strong></span> <span class='ocrx_word' id='word_1_898' title='bbox 107 2814 278 2852; x_wconf 78' lang='grc' dir='ltr'>ἆμαρτάνοντας</span> <span class='ocrx_word' id='word_1_899' title='bbox 305 2829 331 2850; x_wconf 91' lang='lat' dir='ltr'><strong>o.</strong></span> 
     </span>
    </p>
   </div>
   <div class='ocr_carea' id='block_1_118' title="bbox 44 2820 829 2879">
    <p class='ocr_par' dir='ltr' id='par_1_118' title="bbox 44 2820 829 2879">
     <span class='ocr_line' id='line_1_118' title="bbox 44 2820 829 2879; baseline 0.034 -15"><span class='ocrx_word' id='word_1_900' title='bbox 44 2820 278 2879; x_wconf 62' lang='grc' dir='ltr'><strong>,η</strong></span> <span class='ocrx_word' id='word_1_901' title='bbox 305 2829 331 2850; x_wconf 90' lang='lat'><strong>°-</strong></span> <span class='ocrx_word' id='word_1_902' title='bbox 381 2820 403 2838; x_wconf 83' lang='lat'><strong>&quot;</strong></span> <span class='ocrx_word' id='word_1_903' title='bbox 429 2821 587 2858; x_wconf 65' lang='grc' dir='ltr'>παράπτωμα</span> <span class='ocrx_word' id='word_1_904' title='bbox 613 2820 686 2858; x_wconf 52' lang='grc' dir='ltr'>ἡμῶν</span> <span class='ocrx_word' id='word_1_905' title='bbox 712 2821 763 2849; x_wconf 49' lang='grc' dir='ltr'><strong>ἐστί</strong></span> <span class='ocrx_word' id='word_1_906' title='bbox 789 2829 829 2850; x_wconf 65' lang='grc' dir='ltr'><strong>ω·</strong></span> 
     </span>
    </p>
   </div>
   <div class='ocr_carea' id='block_1_119' title="bbox 97 2853 207 2888">
    <p class='ocr_par' dir='ltr' id='par_1_119' title="bbox 97 2853 207 2888">
     <span class='ocr_line' id='line_1_119' title="bbox 97 2853 207 2888; baseline 0.027 -7"><span class='ocrx_word' id='word_1_907' title='bbox 97 2853 171 2888; x_wconf 70' lang='grc' dir='ltr'>δόντες</span> <span class='ocrx_word' id='word_1_908' title='bbox 181 2866 207 2888; x_wconf 85' lang='grc' dir='ltr'><strong>ο,</strong></span> 
     </span>
    </p>
   </div>
   <div class='ocr_carea' id='block_1_120' title="bbox 882 2819 1656 2858">
    <p class='ocr_par' dir='ltr' id='par_1_120' title="bbox 882 2819 1656 2858">
     <span class='ocr_line' id='line_1_120' title="bbox 882 2819 1656 2858; baseline -0.001 -11"><span class='ocrx_word' id='word_1_909' title='bbox 882 2821 903 2839; x_wconf 69' lang='grc'>⁸⁸</span> <span class='ocrx_word' id='word_1_910' title='bbox 933 2820 971 2849; x_wconf 75' lang='lat' dir='ltr'><strong>ia.</strong></span> <span class='ocrx_word' id='word_1_911' title='bbox 1003 2819 1071 2847; x_wconf 80' lang='grc' dir='ltr'>ἀλλὰ</span> <span class='ocrx_word' id='word_1_912' title='bbox 1098 2820 1188 2857; x_wconf 85' lang='grc' dir='ltr'>πολλῷ</span> <span class='ocrx_word' id='word_1_913' title='bbox 1214 2820 1301 2849; x_wconf 80' lang='grc' dir='ltr'>πλεῖον</span> <span class='ocrx_word' id='word_1_914' title='bbox 1325 2828 1352 2849; x_wconf 91' lang='grc' dir='ltr'><strong>ο.</strong></span> <span class='ocrx_word' id='word_1_915' title='bbox 1402 2820 1424 2838; x_wconf 67' lang='grc'><strong>⁸⁸</strong></span> <span class='ocrx_word' id='word_1_916' title='bbox 1448 2821 1593 2858; x_wconf 84' lang='grc' dir='ltr'>κατάκριτος</span> <span class='ocrx_word' id='word_1_917' title='bbox 1615 2827 1656 2848; x_wconf 89' lang='lat' dir='ltr'><strong>In.</strong></span> 
     </span>
    </p>
   </div>
  </div>
