1901 3077
236 154 288 181 395

737 149 995 178 THEOPHYLACTI
1014 148 1193 178 BULGARl/E
1211 151 1367 179 ARCHIEP.
1841 156 1884 183 390

232 215 354 245 haeredes
376 219 451 250 sunt,
475 213 616 243 exinanita
641 217 683 242 est
704 213 780 247 ﬁdes.
812 217 840 242 et
861 212 962 242 abolita
989 220 1018 241 es

1084 212 1180 252 νόμου,
1202 213 1381 254 κληρονόμοι·
1404 213 1548 245 κεκένωται
1565 217 1582 252 ἡ
1599 215 1703 254 πίστις,
1720 216 1770 247 καὶ
1791 218 1883 258 κατήρ-

232 261 390 298 promissio.
412 270 426 286 »
441 259 566 288 Ostendit
581 258 641 296 jam
659 262 749 293 antea,
764 258 839 295 quod
849 258 961 295 justitia
975 266 1031 287 non

232 313 266 335 ex
281 306 349 342 lege,
362 305 410 334 sed
424 313 458 333 ex
472 304 527 334 ﬁde
538 304 574 333 sit
589 313 596 332 :
612 304 702 341 pergit
715 304 810 341 itaque
830 307 1030 332 commonstra-

234 359 274 386 re,
290 349 366 387 quod
377 349 523 387 promissio
544 349 705 378 Abrahamo
721 357 777 378 non
789 357 823 377 ex
837 348 905 386 lege,
930 348 979 377 sed
998 356 1031 377 ex

233 395 288 424 ﬁde
302 395 473 432 justiﬁcante
487 395 624 432 obtigerit.
651 394 742 430 Qualis
768 398 861 423 autem
881 397 941 422 erat
963 401 1030 429 pro-

234 440 347 470 missio?
363 452 377 465 ι
391 442 432 470 Ut
443 444 515 469 esset
528 441 587 477 ipse
605 439 694 469 haeres
707 439 814 473 mundi,
831 451 844 464 ιι
860 439 913 468 hoc
927 443 979 474 est,
1000 443 1032 467 ut

233 486 261 514 in
274 486 332 522 ipso
345 485 573 515 benedicerentur
582 492 679 514 omnes
691 485 776 513 totius
787 484 882 514 mundi
892 484 1028 513 nationes.

234 531 261 559 Si
275 531 348 560 enim
361 531 414 566 lex,
431 531 530 568 inquit,
543 530 620 559 dedit
631 530 830 565 haereditatem,
843 534 974 558 evacuate
986 533 1029 558 est

235 576 312 612 ﬁdes,
322 576 352 605 id
365 581 416 612 est,
432 585 501 605 vana
514 580 542 605 et
560 576 666 604 inutilis
680 583 739 604 esse
749 583 794 604 res
807 574 1027 612 deprehenditur.

235 622 303 657 Quis
326 622 401 650 enim
421 622 536 651 ulterius
561 621 623 650 ﬁdei
643 629 740 650 curam
762 621 906 649 habiturus
930 624 982 654 est,
1007 620 1030 648 si

235 668 277 696 lex
291 667 458 704 promissam
475 667 665 696 hereditatem
678 666 776 695 daret?
798 667 904 694 Verum
918 674 976 694 non
995 665 1031 693 ita

236 721 279 742 res
300 712 383 742 habet
399 722 405 741 :
420 712 559 749 siquidem
573 712 717 741 Abraham
739 711 929 749 promissionis
944 710 1032 739 factus

235 761 277 787 est
289 758 388 792 haeres,
399 765 456 786 non
469 766 519 794 per
533 758 622 794 legem
635 757 696 791 (ubi
711 757 785 785 enim
798 761 860 785 tum
872 757 915 785 lex
935 758 1031 789 erat?)

234 803 283 832 sed
297 812 345 841 per
360 803 455 838 ﬁdem,
471 802 706 840 quemadmodum
720 803 854 839 scriptum
866 806 918 837 est,
941 810 955 828 ι(
968 802 1032 831 Cre-

234 849 305 878 didit
321 848 463 878 Abraham
475 850 534 877 Deo
549 846 608 884 ¹;ιιι.
625 860 638 874 ιι

1082 269 1162 297 γηται
1178 261 1193 295 ἡ
1210 259 1367 299 ἐπαγγελία.
1382 271 1396 289 ι)
1413 258 1534 295 Ἐδειξεν
1555 259 1595 290 δτι
1616 263 1634 297 ἡ
1650 261 1812 300 δικαιοσύνη
1823 285 1831 300 ,
1844 263 1882 292 οὔχ

1083 303 1113 332 ἐκ
1127 303 1224 342 νόμου,
1239 303 1300 334 ἀλλ’
1314 305 1344 334 ἐκ
1358 305 1385 324 ⁵³
1402 304 1517 340 πίστεως
1528 317 1536 324 ·
1563 307 1610 335 νῦν
1631 307 1767 337 δείκνυσιν
1789 307 1830 337 ὅτι
1843 308 1882 338 καὶ

1084 349 1100 384 ἡ
1123 348 1269 389 ἐπαγγελία
1283 351 1321 390 τῷ
1335 349 1461 390 Ἀϐραὰμ
1484 351 1532 381 οὗκ
1553 350 1606 381 ἀπὸ
1630 354 1677 381 τοῦ
1702 352 1809 392 νόμου,
1831 353 1883 383 ἀλλ’

1084 393 1141 438 ἀπὸ,
1155 396 1202 430 τῆς
1218 394 1372 431 δικαιούσης
1389 395 1415 414 ⁵*
1430 394 1645 438 πίστεωςηΔΠοία
1662 396 1688 427 δὲ
1711 393 1748 434 ἦν
1768 400 1787 434 ἡ
1808 399 1884 438 ἐπαγ-

1083 437 1176 477 γελίας
1196 451 1211 467 ιι
1226 439 1267 470 Τὸ
1283 439 1446 480 κληρονόμον
1462 441 1541 471 αὐτὸν
1551 436 1618 471 εἶναι
1635 444 1680 471 τοῦ
1694 442 1802 482 κόσμου
1818 443 1853 481 ⁵⁵,
1865 436 1882 471 ⁷ιι

1084 483 1235 521 τουτέστιν,
1252 485 1278 514 ἐν
1292 485 1365 526 αὐτῷ
1385 486 1550 525 εὐλογεῖσθαι
1565 486 1653 517 πάντα
1667 486 1701 517 τὰ
1715 491 1767 518 τοῦ
1786 489 1881 527 κόσμου

1085 527 1157 565 ἔθνη.
1171 530 1205 559 Εἰ
1217 528 1268 570 γὰρ
1283 531 1297 559 ὁ
1308 529 1387 568 νόμος
1397 553 1406 569 ,
1417 530 1501 572 φησὶ,
1514 531 1562 568 τὴν
1577 531 1759 573 κληρονομίαν
1782 533 1880 571 ἐδίδου,

1087 585 1100 602 α
1115 573 1259 604 κεκένωται
1271 577 1288 611 ἡ
1304 574 1410 612 πίστις,
1430 587 1444 603 ιι
1462 575 1596 614 τουτέστι,
1621 576 1697 607 κενὸν
1712 577 1763 607 καὶ
1777 578 1878 618 ἀχρεῖον

1083 623 1196 659 πρᾶγμα
1210 619 1370 660 εὑρίσκεται.
1387 619 1436 654 Τίς
1450 620 1502 662 γὰρ
1525 620 1565 651 ἔτι
1586 621 1700 656 πίστεως
1727 624 1879 663 φροντίσει,

1084 663 1129 693 ἐὰν
1143 665 1156 693 ὁ
1171 664 1247 703 νόμος
1269 665 1318 702 τὴν
1338 666 1500 705 ἐπαγγελίαν
1516 667 1580 707 διδῷ
1595 667 1638 704 ³⁶;
1655 666 1730 697 Ἀλλ’
1753 668 1802 697 οὔκ
1830 667 1880 697 ἔστι

1084 711 1170 740 τοῦτο.
1189 708 1221 740 Ὁ
1246 709 1297 750 γὰρ
1315 709 1456 751 Ἀϐραὰμ,
1478 709 1527 748 τὴν
1550 712 1717 750 ἐπαγγελίαν
1745 713 1881 753 ἐκληρονό-

1085 765 1186 793 μησεν,
1208 755 1237 784 οὗ
1263 755 1306 784 διὰ
1327 755 1410 793 νόμου
1429 756 1495 794 (ποῦ
1520 756 1572 796 γὰρ
1586 756 1647 786 τότε
1672 756 1793 797 νόμοςς)
1815 757 1879 786 ἀλλὰ

1084 798 1128 828 διὰ
1147 799 1278 836 πίστεως,
1304 799 1374 830 καθὰ
1397 799 1567 841 γέγραπται·
1594 813 1610 830 α
1627 801 1792 832 Ἐπίστευσε
1816 801 1841 832 δὲ
1857 802 1879 821 ⁵⁷

1085 843 1209 884 Ἀϐραὰμ
1222 846 1260 885 τῷ
1273 845 1347 886 Θεῷ.
1363 856 1377 874 ιι

268 895 359 923 Van.
382 896 426 922 15.
444 895 501 923 Lex
519 893 594 922 enim
617 893 686 922 iram
710 895 849 930 operatur.
865 891 922 921 Ubi
938 896 1020 921 auten

1129 900 1145 917 α
1169 890 1203 920 Ὁ
1217 888 1268 930 γὰρ
1291 890 1371 929 νόμος
1397 889 1478 930 ὀργὴν
1498 891 1692 932 κατεργάζεται
1707 899 1716 909 ⁸
1744 887 1775 922 οὗ
1790 892 1817 923 δὲ
1836 893 1876 922 οὔκ

233 946 290 967 non
303 943 345 967 est
354 939 408 974 lex,
419 946 472 967 nec
484 938 680 975 praevaricatio.
697 950 710 963 ιτ
725 938 877 967 Conﬁrmat
891 938 947 975 iam
961 945 1030 974 quo-

231 992 298 1012 nam
313 987 396 1020 pacto
415 991 464 1020 per
477 984 565 1021 legem
577 983 724 1020 promissio
745 983 896 1017 aboleatur,
912 990 975 1011 cum
989 982 1029 1010 in-

232 1029 299 1065 quit,
322 1030 428 1066 Legem
444 1029 566 1066 sequitur
592 1029 772 1065 transgressio
797 1038 805 1055 :
826 1028 894 1064 legis
931 1031 1028 1055 autem

233 1074 425 1110 transgressio,
446 1085 459 1098 ιι
476 1074 544 1102 iram
567 1077 705 1110 operatur,
727 1085 740 1098 ιο
765 1077 793 1101 et
805 1071 1029 1100 maledictionem

233 1118 421 1155 superinducit
434 1123 462 1147 et
482 1119 653 1155 supplicium.
671 1118 725 1154 Qui
739 1118 821 1155 igitur
835 1118 968 1154 supplicio
988 1121 1030 1146 est

233 1164 379 1199 obnoxius,
395 1163 548 1201 quomodo,
565 1172 669 1200 quasso,
682 1163 783 1200 dignus
797 1167 840 1192 est
852 1162 1030 1192 haereditate?

267 1209 356 1238 Vnus.
369 1212 414 1244 16,
425 1212 470 1238 17.
482 1221 496 1234 α
511 1208 578 1238 ldeo
589 1217 623 1238 ex
634 1209 698 1244 ﬁde,
707 1213 738 1237 ut
750 1207 900 1237 secundum
913 1208 1030 1245 gratiam

232 1255 312 1283 ﬁrma
343 1254 378 1283 sit
408 1254 554 1291 promissio
581 1254 658 1283 omni
681 1253 790 1288 semini,
811 1261 868 1282 non
897 1254 920 1282 ei
954 1252 1029 1289 quod

231 1308 264 1328 ex
281 1300 340 1336 lege
363 1304 484 1335 tantum,
511 1307 608 1328 verum
627 1299 711 1328 etiam
736 1299 760 1328 ei
785 1298 860 1336 quod
886 1306 920 1327 ex
936 1297 1027 1326 Abra-

230 1344 305 1373 hami
327 1345 392 1381 ﬁde,
422 1346 471 1382 qui
496 1349 539 1374 est
567 1349 646 1381 pater
670 1345 797 1373 omnium
823 1348 953 1373 nostrum
981 1342 1027 1377 (si-

229 1394 277 1418 cut
294 1390 426 1427 scriptum
439 1394 480 1419 est
502 1399 510 1419 :
533 1392 642 1419 Patrem
664 1390 815 1418 multarum
834 1389 958 1426 gentium
979 1396 1028 1424 po-

228 1435 270 1464 sui
284 1439 311 1464 te
328 1438 351 1469 1³)
365 1440 428 1464 ante
456 1437 548 1464 Deum
561 1434 605 1464 cui
617 1435 742 1464 credidit.
766 1445 780 1460 ιι
803 1435 872 1470 Quia
889 1434 933 1462 lex
954 1433 1026 1461 iram

228 1485 368 1517 operatur,
380 1485 525 1518 propterea
539 1480 639 1509 dicitur
654 1479 826 1509 Abrahamus
836 1487 870 1508 ex
884 1478 938 1507 ﬁde
948 1477 1027 1516 justi-

226 1525 312 1561 ﬁcari,
335 1534 368 1554 ac
391 1526 481 1555 haeres
504 1525 644 1560 constitui,
667 1529 699 1553 ut
727 1523 880 1553 secundum
905 1523 1024 1560 gratiam

1086 934 1142 964 ἔστι
1165 935 1258 974 νόμος,
1282 934 1341 964 οὐδὲ
1362 935 1525 975 παράϐασις.
1545 948 1560 965 ιι
1589 938 1644 967 Νῦν
1666 937 1875 974 κατασκευάζει,

1085 981 1140 1013 πῶς
1155 979 1198 1009 διὰ
1221 982 1266 1010 τοῦ
1281 979 1361 1019 νόμον
1389 981 1563 1022 καταργεῖται
1586 984 1603 1018 ἡ
1625 983 1776 1023 ἐπαγγελία
1792 991 1800 1000 ⁸
1817 984 1874 1023 φησὶ

1084 1024 1136 1064 γάρ
1152 1035 1159 1042 ·
1175 1025 1222 1065 Τῷ
1241 1024 1314 1066 νόμῳ
1335 1024 1429 1055 ἕπεται
1454 1026 1607 1066 παράϐασις
1619 1039 1627 1046 ·
1641 1029 1656 1057 ὃ
1677 1027 1707 1057 δὲ
1731 1027 1810 1067 νόμος
1829 1039 1875 1056 πα-

1086 1069 1273 1109 ραϐαινόμενος
1302 1081 1318 1100 (ι
1336 1070 1416 1112 ὀργὴν
1447 1073 1656 1112 κατεργάζεται,
1682 1083 1697 1101 ι
1727 1073 1774 1103 καὶ
1800 1072 1874 1103 κατά-

1085 1125 1132 1155 ραν
1150 1115 1284 1155 ἐπεισάγει
1307 1116 1353 1145 καὶ
1371 1116 1490 1147 κόλασιν.
1513 1118 1549 1148 ⁸0
1573 1120 1635 1158 γοῦν
1664 1118 1777 1148 κολάσει
1800 1116 1873 1147 ὑπεύ-

1084 1162 1157 1194 θυνος
1167 1182 1176 1199 ,
1190 1162 1246 1194 πῶς
1261 1160 1331 1195 ἄξιος
1346 1162 1538 1202 κληρονομεῖν;

1127 1217 1141 1234 α
1153 1204 1204 1235 Διὰ
1218 1208 1294 1235 τοῦτο
1308 1206 1338 1235 ἐκ
1347 1206 1477 1244 πίστεως,
1493 1205 1538 1237 ἵνα
1549 1207 1618 1237 κατὰ
1635 1207 1730 1248 χάριν,
1747 1208 1783 1242 εἰς
1797 1207 1826 1238 τὸ
1839 1201 1871 1237 εἷ-

1081 1261 1126 1279 ναι
1141 1250 1251 1290 βεϐαίαν
1273 1251 1320 1286 τὴν
1336 1251 1497 1292 ἐπαγγελίαν
1514 1253 1596 1282 παντὶ
1611 1255 1650 1293 τῷ
1672 1253 1826 1294 σπέρματι,
1847 1252 1872 1282 οὗ

1082 1296 1119 1336 τῷ
1131 1296 1161 1325 ἐκ
1174 1295 1254 1334 νόμου
1268 1296 1347 1335 μόνον
1358 1318 1366 1333 ,
1382 1296 1452 1327 ἀλλὰ
1463 1296 1555 1338 καὶτῷ
1568 1299 1598 1327 ἐκ
1613 1297 1730 1333 πίστεως
1745 1297 1872 1338 Ἀϐραὰμ,

1080 1340 1107 1374 ὃς
1122 1343 1178 1370 ἐστι
1192 1340 1280 1381 πατὴρ
1297 1341 1403 1372 πάντων
1421 1343 1498 1381 ἡμῶν
1517 1343 1569 1381 (ὣς
1585 1343 1692 1383 [vulg.
1714 1342 1821 1380 καθὼς]
1835 1341 1872 1382 γέ-

1080 1396 1214 1426 γραπται,
1239 1386 1279 1428 ὅτι
1301 1386 1412 1427 Πατέρα
1443 1388 1549 1417 πολλῶν
1575 1388 1656 1417 ἐθνῶν
1684 1388 1793 1418 τέθεικά
1821 1388 1871 1428 σε),

1079 1430 1220 1460 κατέναντι
1241 1426 1271 1460 οἷ
1285 1426 1422 1461 ἐπίστευσε
1437 1433 1522 1462 Θεοῦ.
1540 1443 1556 1462 ιδ
1573 1431 1687 1469 Ἐπειδὴ
1704 1435 1719 1463 ὁ
1735 1433 1814 1472 νόμος
1833 1426 1869 1472 ὀρ-

1078 1474 1128 1514 γὴν
1149 1477 1236 1512 ποιεῖ,
1263 1475 1306 1506 διὰ
1321 1478 1397 1506 τοῦτο
1413 1478 1443 1506 ἐκ
1464 1476 1597 1517 πίστεως,
1614 1477 1694 1519 φησὶ,
1716 1477 1822 1518 λέγεται
1837 1478 1868 1507 δι-

1079 1522 1218 1550 καιοῦσθαι
1238 1522 1252 1550 ὁ
1266 1521 1293 1540 ⁵⁸
1317 1521 1439 1563 ᾈϐραὰμ
1455 1522 1501 1552 καὶ
1525 1524 1719 1563 κληρονομεῖν,
1749 1522 1792 1553 ἵνα
1807 1521 1868 1553 κατᾶ

225 1572 318 1599 omnia
332 1571 410 1599 ﬁant.
426 1570 522 1599 Gratia
535 1574 629 1599 autem
653 1569 688 1598 ad
714 1569 779 1606 quid
794 1569 924 1606 prodest?
951 1578 966 1595 α
986 1568 1020 1596 Ul

1079 1565 1154 1605 χάριν
1168 1565 1202 1595 τὰ
1215 1561 1346 1609 πάντα
1367 1561 1388 1596 γα
1400 1566 1435 1597 Ἦ
1461 1567 1488 1597 δὲ
1513 1561 1590 1609 χάρις
1616 1569 1653 1602 εἷς
1677 1568 1703 1598 τί
1721 1567 1868 1608 συμϐάλλε-

227 1615 309 1643 ﬁrma
325 1615 361 1643 sit
375 1615 531 1651 promissio.
547 1626 561 1639 ιν
583 1616 646 1643 Non
667 1614 742 1643 enim
765 1614 1023 1651 praevaricationem

224 1659 308 1688 habet
327 1660 426 1696 gratia,
451 1660 687 1697 quemadmodum
707 1661 760 1695 lex,
787 1664 818 1688 ut
837 1659 947 1688 inﬁrma
968 1660 1024 1688 sint

223 1712 287 1742 qua).
299 1704 409 1733 dantur.
425 1707 463 1734 At
475 1704 607 1742 quoniam
618 1704 671 1734 hoc
684 1709 775 1734 totum
789 1705 822 1733 ﬁt
831 1705 918 1742 gratia
933 1709 960 1733 et
970 1705 1023 1734 mi-

223 1749 373 1779 sericordia
394 1751 452 1785 Dei,
473 1750 575 1779 merito
598 1749 642 1779 illa
661 1758 724 1787 qua;
738 1750 878 1779 donantur
903 1761 916 1775 ι
944 1750 1023 1779 ﬁrma

223 1799 288 1824 sunt
301 1795 375 1824 omni
387 1795 496 1831 semini,
514 1807 527 1821 ι
542 1795 596 1824 hoc
610 1799 661 1831 est,
676 1796 804 1825 omnibus
817 1795 1000 1825 credentibus
1013 1806 1019 1825 :

222 1848 280 1870 non
295 1840 329 1870 iis
343 1844 452 1870 tantum
474 1840 521 1878 qui
540 1849 575 1870 ex
594 1841 653 1878 lege
666 1845 740 1876 sunt,
760 1840 814 1870 hoc
833 1840 889 1878 34
905 1845 948 1870 est
965 1841 1021 1870 cir-

221 1886 358 1922 cumcisis,
373 1894 468 1916 verum
480 1887 565 1916 etiam
579 1886 611 1915 iis
626 1887 671 1923 qui
686 1890 751 1916 sunt
770 1887 799 1915 in
811 1887 960 1923 praeputio,
973 1887 1021 1924 qui

220 1936 285 1960 sunt
295 1939 390 1961 semen
400 1932 559 1968 Abrahami,
576 1940 609 1961 ex
622 1932 677 1961 ﬁde
689 1932 738 1969 ipsi
749 1932 896 1969 progeniti.
911 1932 1019 1968 Quam-

220 1976 316 2005 obrem
346 1977 393 2014 qui
422 1976 506 2005 ﬁdem
537 1984 595 2006 non
630 1976 724 2011 habet,
756 1984 813 2005 non
847 1981 890 2005 est
926 1985 1021 2007 semen

219 2021 350 2056 Abrahae,
374 2033 388 2046 ι
408 2022 456 2059 qui
476 2026 553 2058 pater
566 2025 610 2051 est
624 2023 752 2050 omnium
772 2025 910 2056 nostrum,
933 2033 946 2046 -
968 2022 1021 2052 hoc

220 2069 273 2100 est,
294 2065 418 2095 ﬁdelium
435 2069 444 2101 (
459 2077 472 2091 α
493 2067 565 2095 sicut
582 2067 714 2103 scriptum
729 2070 772 2095 est
791 2077 798 2095 ε
822 2067 931 2095 Patrem
952 2067 1022 2096 mul-

216 2112 311 2138 tarum
325 2111 445 2147 gentium
459 2111 537 2148 posui
552 2113 588 2144 te)
605 2116 669 2140 ante
682 2113 775 2140 Deum
800 2111 843 2140 cui
860 2111 987 2141 credidit.
1005 2124 1017 2138 ιι

217 2152 317 2183 Sensus
337 2158 380 2183 est
390 2155 547 2193 hujusmodi
563 2166 570 2184 :
584 2156 726 2185 Abraham
738 2160 779 2186 est
799 2160 876 2193 pater
895 2157 1018 2185 omnium

218 2212 232 2226 ι
247 2205 312 2230 ante
322 2203 425 2236 Deum,
443 2213 456 2227 ι
472 2201 526 2231 hoc
538 2206 590 2237 est,
600 2202 636 2231 ad
649 2202 857 2232 similitudinem
871 2202 932 2231 Dei.
947 2204 1019 2232 Nam

216 2247 288 2277 sicut
301 2248 374 2277 Deus
390 2251 432 2277 est
449 2247 577 2277 omnium
586 2248 681 2284 Pater,
691 2247 729 2277 ita
743 2252 771 2277 et
780 2248 841 2278 ille:
856 2256 914 2277 non
923 2256 1019 2278 secun-

213 2291 282 2321 dum
302 2292 457 2322 naturalem
477 2292 680 2330 cognationem,
701 2293 750 2322 sed
777 2293 929 2322 secundum
953 2293 1017 2322 ﬁdei

213 2338 571 2375 conjunctionem.Addidit
579 2342 674 2367 autem
683 2338 762 2374 illud,
774 2350 788 2364 «ι
801 2339 853 2368 Cui
865 2339 992 2374 credidit,
1002 2351 1015 2365 ι

214 2386 246 2411 ut
263 2382 430 2419 ostenderet,
449 2383 524 2421 quod
545 2387 573 2412 et
585 2383 649 2413 ﬁdei
663 2385 914 2421 compensationem
937 2393 1016 2414 acce-

214 2426 294 2463 perit,
317 2427 460 2463 nimirum,
481 2428 557 2466 quod
574 2429 611 2458 sit
628 2432 704 2466 pater
722 2429 858 2459 omnium.
876 2431 968 2467 Quare
992 2430 1015 2460 si

210 2480 268 2502 non
278 2472 430 2510 admiseris,
441 2482 459 2503 o
471 2474 578 2511 Judaae,
593 2475 686 2512 ipsum
695 2483 753 2505 esse
764 2480 874 2512 patrem
883 2476 1012 2506 omnium

212 2522 353 2554 nostrum,
376 2518 511 2549 honorem
533 2520 603 2557 ejus,
625 2528 709 2558 quem
736 2520 876 2552 credendo
897 2522 1013 2559 accepit,

212 2562 388 2593 imminuisti.

238 2621 264 2639 ,ι
278 2610 334 2648 Qui
342 2609 460 2640 viviﬁcat
470 2614 608 2645 mortuos.
617 2613 646 2640 et
658 2615 740 2641 vocat
753 2619 784 2641 ea
797 2619 859 2650 quae
869 2621 928 2643 non
935 2617 1011 2649 sunt,

247 2675 269 2690 ¹¹²
279 2674 351 2703 Gen.
364 2681 419 2709 xv,
434 2676 462 2703 ϐ.
501 2678 515 2693 ιι
530 2673 600 2704 ibid.
623 2678 648 2703 7.

1077 1622 1140 1647 ται;
1159 1620 1172 1638 (ι
1184 1611 1231 1644 Εἰς
1243 1610 1273 1640 τὸ
1285 1606 1351 1641 εἶναι
1367 1611 1479 1651 βεϐαίαν
1490 1606 1539 1649 τῆν
1551 1606 1724 1653 ἐπαγγελίαν.
1737 1606 1814 1648 1)-Μὴ
1823 1611 1868 1652 γᾶρ

1077 1654 1230 1698 παράϐασιν
1245 1655 1301 1697 ἔχει
1315 1658 1329 1693 ἧ
1342 1657 1420 1697 χάρις
1429 1679 1437 1694 ,
1450 1656 1543 1698 ὥσπερ
1556 1659 1570 1687 ὁ
1584 1658 1678 1696 νόμος,
1698 1657 1744 1688 ἵνα
1761 1657 1868 1688 ἀϐέϐαια

1076 1696 1094 1740 ᾖ
1107 1699 1141 1730 τὰ
1158 1701 1284 1740 διδόμενα
1297 1701 1332 1730 ⁵9.
1352 1696 1420 1732 Ἀλλ’
1435 1702 1493 1732 ἐπεὶ
1508 1696 1587 1743 χάρις
1607 1703 1663 1732 ἐστὶ
1676 1702 1722 1733 καὶ
1738 1704 1808 1737 ἔλεος
1827 1703 1867 1732 τοῦ

1076 1746 1148 1776 Θεοῦ
1159 1745 1190 1775 τὸ
1199 1751 1253 1776 πᾶν
1262 1768 1270 1783 ,
1286 1746 1395 1779 εἰκότως
1406 1745 1440 1776 τὰ
1456 1747 1581 1786 διδόμενα
1594 1748 1692 1788 βέϐαιά
1705 1749 1758 1778 εἰσι
1771 1762 1783 1775 ιι
1796 1745 1866 1777 παντὶ

1075 1792 1114 1832 τῷ
1130 1790 1282 1831 σπέρματι,
1301 1804 1318 1821 ιο
1331 1790 1470 1829 τουτέστι,
1493 1796 1561 1823 πᾶσι
1577 1795 1632 1828 τοῖς
1646 1793 1825 1824 πιστεύουσιν
1839 1791 1864 1821 οὗ

1076 1835 1153 1874 μόνον
1174 1837 1228 1870 τοῖς
1251 1837 1282 1866 ἐκ
1304 1835 1403 1875 νόμου,
1426 1836 1567 1875 τουτέστι,
1593 1838 1645 1873 τοῖς
1671 1837 1864 1880 ἐμπεριτόμοις,

1075 1881 1145 1911 ἀλλὰ
1170 1881 1216 1911 καὶ
1242 1885 1296 1916 τοῖς
1329 1881 1521 1923 ἆκροϐύστοις,
1557 1881 1650 1917 οἵτινές
1687 1884 1739 1913 εἰσι
1765 1882 1863 1923 σπέρμα

1075 1925 1211 1967 Ἀϐραὰμ,
1229 1927 1258 1956 ἐκ
1272 1927 1386 1961 πίστεως
1409 1927 1480 1967 αὖτῷ
1496 1927 1674 1968 γεννηθέντες.
1691 1927 1782 1959 Ὥστε
1797 1929 1811 1956 ὃ
1831 1925 1863 1965 μὴ

1074 1970 1143 2012 ἔχων
1168 1971 1272 2011 πίστιν,
1299 1971 1359 2002 οὖδὶ
1383 1972 1490 2011 σπέρμα
1519 1972 1660 2013 Ἀϐραὰμ,
1687 1984 1703 2001 α
1721 1973 1793 2006 ὅστις
1814 1970 1863 2001 ἐστὶ

1073 2015 1162 2056 πατὴρ
1172 2016 1279 2046 πάντων
1289 2017 1376 2056 ἡμῶν,
1391 2030 1405 2043 ιι
1418 2016 1548 2054 τουτέστι,
1564 2019 1617 2048 τῶν
1632 2019 1748 2056 πιστῶν,
1762 2031 1775 2045 α
1786 2015 1863 2048 καθὼς

1074 2060 1246 2105 γέγραπται,
1261 2061 1301 2091 ὅτι
1325 2061 1434 2103 Πατέρα
1455 2063 1562 2093 πολλῶν
1585 2063 1666 2093 ἐθνῶν
1689 2063 1797 2094 τέθεικά
1819 2072 1860 2096 σε,

1074 2105 1253 2136 κατέναντιοῦ
1265 2105 1404 2136 ἐπίστευσε
1418 2108 1498 2139 Θεοῦ.
1513 2120 1525 2134 ι
1537 2106 1572 2138 Ὁ
1585 2111 1644 2142 νοῦς
1659 2108 1777 2142 τοιοῦτός
1789 2107 1861 2136 ἐστιν’

1075 2149 1110 2182 Ὁ
1125 2151 1247 2193 Ἀϐραὰμ
1260 2151 1351 2192 πατήρ
1368 2152 1425 2182 ἐστι
1439 2152 1546 2182 πάντων
1562 2153 1705 2183 κατέναντι
1720 2155 1767 2183 τοῦ
1783 2152 1857 2185 Θεοῦ,

1075 2195 1134 2226 ἀντὶ
1159 2199 1221 2233 τοῦ,
1241 2195 1338 2235 ὁμοίως
1353 2198 1390 2236 τῷ
1413 2197 1488 2238 Θεῷ.
1514 2196 1621 2238 Ὥσπερ
1645 2198 1691 2228 καὶ
1763 2196 1831 2237 γὰρ]

1073 2241 1141 2276 Θεὸς
1155 2241 1260 2271 πάντων
1275 2242 1331 2272 ἐστὶ
1354 2237 1467 2282 πατὴρ,
1481 2241 1551 2272 οὕτω
1574 2237 1620 2272 καὶ
1635 2237 1731 2280 αὖτὸξ⁷
1755 2243 1783 2273 οὐ
1797 2237 1858 2271 κατὰ

1073 2286 1185 2328 φυσικὴν
1210 2286 1378 2327 συγγένειαν,
1404 2286 1474 2328 and:
1499 2288 1559 2317 κατ’
1584 2287 1716 2318 οἷκείωσιν
1741 2287 1856 2318 πίστεως·

1072 2327 1226 2374 Προσέθηκε
1243 2331 1330 2370 δὲτὸ,
1344 2343 1360 2361 n
1385 2327 1426 2363 Οῧ
1450 2331 1622 2371 ἐπίστευσεν,
1636 2344 1651 2362 ι)
1670 2331 1800 2374 ἴναᾼδείξῃ
1820 2328 1856 2358 ὅτι

1071 2372 1116 2407 καὶ
1132 2376 1246 2417 ἀμοιϐὴν
1262 2378 1308 2413 τῆς
1319 2376 1433 2411 πίστεως
1449 2376 1529 2419 ζλαϐε
1539 2401 1547 2416 ,
1561 2377 1592 2408 τὸ
1603 2377 1694 2419 πατὴρ
1710 2372 1778 2407 εἶναι
1797 2374 1856 2404 πάν-

1069 2435 1133 2454 των.
1148 2422 1237 2453 Ὥστε
1253 2423 1284 2452 ἂν
1301 2421 1338 2462 μὴ
1355 2422 1420 2463 δέχῃ
1430 2445 1439 2462 ,
1450 2417 1472 2452 ὦ
1488 2422 1601 2453 Ἰουδαῖε
1612 2447 1621 2462 ,
1639 2417 1706 2453 εἶναι
1718 2421 1794 2453 αὐτὸν
1808 2430 1854 2448 πα-

1069 2468 1132 2510 τέρα
1146 2468 1253 2499 πάντων
1274 2470 1370 2507 ἡμῶν,
1391 2467 1551 2504 ἠλάττωσας
1568 2469 1651 2499 αὐτοῦ
1665 2467 1714 2506 τὴν
1733 2465 1809 2507 τιμὴν
1822 2463 1850 2499 ἣν

1068 2512 1149 2544 ἔλαϐε
1163 2512 1309 2547 πιστεύσας
1326 2513 1363 2544 ⁵ο,

1110 2621 1126 2641 ιι
1144 2611 1200 2642 Τοῦ
1219 2611 1408 2646 ζωοποιοῦντος
1429 2608 1490 2645 τοὺς
1503 2607 1629 2651 ξνεκροῦς,
1653 2609 1699 2640 καὶ
1718 2607 1851 2640 καλοῦντος

905 2714 1003 2745 Variae
1025 2714 1178 2746 lectiones.

243 2782 265 2800 ⁵³
280 2781 333 2824 ἐπὶ).
343 2784 385 2816 τῆς
405 2790 432 2811 o.
470 2782 492 2800 ⁵⁸
514 2784 668 2824 δικαιοσύνης
683 2784 736 2811 καὶ
751 2793 778 2814 ο.
816 2785 838 2804 ⁸⁸
854 2789 903 2814 τῶν
921 2785 948 2814 ἐν
963 2787 1052 2824 κόσμῳ
1067 2794 1106 2816 m.
1146 2786 1168 2804 ⁵⁸
1187 2787 1222 2823 δῷ
1236 2793 1264 2816 o.
1302 2785 1380 2823 ⁸⁷,οὖ
1404 2785 1452 2822 γὰρ
1471 2785 1511 2815 ἐπ.
1531 2794 1571 2815 m.
1609 2786 1632 2806 ⁸⁸
1649 2787 1692 2815 rb»;
1705 2794 1732 2817 ο.
1768 2783 1789 2803 ⁸⁹
1805 2778 1842 2817 βέ-

208 2822 266 2849 ϐαια
279 2821 295 2859 ᾖ
310 2822 341 2850 τὰ
360 2824 482 2860 γινόμενα
495 2831 520 2852 ο.
559 2823 582 2842 ⁸ο
597 2825 719 2853 πιστεύων
735 2834 773 2854 m.
