1901 3077
12 223 19 228 -
63 181 111 208 397

511 181 685 209 EXPOSITIO
705 181 737 209 ΙΝ
757 180 862 208 EPIST.
882 181 928 209 AD
948 180 1028 209 ROM.
1052 195 1082 200 —
1103 180 1178 208 CAP.
1200 181 1244 207 ιν.

1659 182 1712 211 398

62 242 95 272 τὰ
107 242 146 281 μὴ
161 243 227 272 ὄντα
245 243 282 277 ὣς
293 243 365 273 ὄντα.
379 253 394 272 ι
412 242 503 284 ὀπερ
520 243 644 285 ἄνωτίρω
661 238 717 273 εἷπε
735 243 774 282 ⁶¹,
784 247 861 274 τοῦτο
875 245 902 278 Α
919 247 987 281 tanq

949 251 1053 281 nquam
1067 243 1150 272 sint»
1167 242 1250 280 Quod
1261 249 1345 279 supra
1356 242 1475 278 dixerat,
1489 242 1543 272 hoc
1561 243 1652 274 denuo
1665 253 1711 274 re-

63 288 107 317 καὶ
129 291 177 318 ν’ῠν
203 288 292 327 λέγει,
311 288 352 318 ὅτι
367 288 493 329 Ἀϐραὰμ
514 289 686 327 ἐπίστευσεν,
704 288 745 318 ὅτι
765 290 780 318 ὁ
793 289 862 323 Θεὸς

64 333 155 373 νεκρὸν
172 335 271 372 σῶμα,
299 330 352 364 οἷον
372 329 404 370 ἦν
419 334 449 364 τὸ
470 336 568 372 αὐτοῦ,
589 334 699 364 δύναται
723 335 753 364 οὗ
780 334 860 373 μόνον

63 379 185 415 (axium,
203 379 272 408 ἀλλὰ
288 379 334 408 καὶ
349 378 477 419 ζωογόνον
498 382 621 416 ποιῆσαι.
653 379 705 410 Διὰ
721 381 799 409 τοῦτο
813 379 861 409 λέ-

62 435 102 462 γει
115 425 161 452 ν’ὖν
175 435 182 442 ·
208 425 291 454 «Τοῦ
312 426 500 459 ζωοποιοῦντος
520 423 581 458 τοὺς
596 424 710 464 νεκρούς.
724 436 739 452 ιο
757 423 798 455 Τὸ
814 423 841 453 δὲ
852 446 861 461 ,

65 479 80 495 ι
97 469 250 502 Καλοῧντος
273 468 307 498 τὰ
334 469 371 508 μὴ
394 468 456 499 ὄντα
479 471 513 503 ὡς
534 469 617 505 ὄντα,
635 482 647 495 ι
665 469 757 500 τούτου
781 468 860 499 ἕνεκα

62 513 247 553 προστέθεικεν
257 536 266 550 ,
279 513 322 543 ἵνα
339 514 410 555 δείξῃ
421 537 429 553 ,
451 513 493 544 ὅτι
514 515 561 544 οὐκ
584 514 711 544 ἀδύνατον
727 516 765 555 τῷ
780 515 859 554 Θεῷ,

13 576 33 599 :-_
62 558 91 588 τὸ
105 558 166 592 τοὺς
182 558 219 597 μὴ
234 558 310 593 ὄντας
327 560 425 593 παῖδας
439 562 487 590 τοῦ
502 559 528 578 ⁶²
542 559 682 599 Ἀϐραὰμ,
699 560 797 593 παῖδας
813 561 861 589 αὖ·

61 605 107 633 τοῦ
121 594 246 640 ποιήσαι.
262 605 322 635 Οὔκ
336 599 394 634 εἷπε
407 604 434 633 δὲ
445 628 453 641 ,
473 594 691 645 Παράγοντοςτὰ
708 605 754 634 οὖκ
777 604 840 634 ὄντα
852 626 860 641 ,

20 668 31 681 η,
61 647 130 678 ἀλλὰ
141 671 150 686 ,
167 659 182 678 α
198 649 360 684 Καλοῖὶντος.
375 661 390 678 υ
417 647 529 689 Ὥσπερ
555 649 606 690 γὰρ
625 651 690 688 ἡμῖν
705 648 812 679 εὔκολον
827 650 860 679 τὰ

60 693 125 722 ὄντα
147 693 280 731 καλέσαι,
304 694 386 728 οὕτως
407 696 479 735 αὖτῷ
495 694 582 736 ῥᾴδιον
599 693 632 724 τὰ
657 695 694 733 μὴ
710 694 772 724 ὄντα
789 695 858 724 ὕπο-

93 739 111 747 α.

61 739 171 775 στῆσαι.

105 794 120 812 α
140 783 194 818 ⁸ος
214 783 281 824 παρ’
302 784 396 815 ἐλπίδα
416 784 459 815 ἐπ’
482 784 569 814 ἐλπίδι
596 783 764 822 ἐπίστευσεν,
781 785 816 818 εἷς
829 784 860 814 τὸ

59 828 182 867 γενέσθαι
197 829 276 859 αὐτὸν
299 829 403 870 πατέρα
430 830 536 859 πολλῶν
553 831 644 860 ἐθνῶν.
664 841 679 858 ι)
711 829 759 865 Μὴ
781 829 858 868 νομί-

35 895 38 900 .
61 885 109 913 σῃς
120 897 128 910 ,
145 873 242 914 φησὶν,
260 875 318 910 εἰκῆ
331 876 489 913 τετιμῆσθαι
503 874 548 904 τὸν
563 874 696 914 Ἀϐραάμ.
714 875 777 908 Πῶς
789 875 838 914 γὰρ
850 897 859 913 ,

12 1858 35 1875 ιτς

12 1905 36 1917 ν,

12 1941 13 1966 ξ
25 1946 36 1963 ς

17 1984 37 2010 ξ

18 2083 36 2103 τιν

12 2127 35 2149 πη,

12 2164 31 2193 gf
42 2171 46 2178 ι

12 2227 13 2236 ,
31 2218 34 2231 ι

12 2262 34 2284 :5

64 929 80 946 ι
95 918 122 952 ὃς
138 920 203 959 παρ’
220 919 317 948 ἐλπίδα
330 930 345 948 n
361 919 409 955 τὴν
433 919 600 960 ἀνθρωπίνην
617 933 629 946 ι
644 919 684 948 ἐπ’
700 919 810 949 ἐλπίδι-

61 962 118 1004 θεία
147 963 323 1004 ἐπίστευσεν,
357 974 372 993 (ι
392 964 432 994 ὅτι
460 964 600 1004 γενήσεται
635 963 724 1003 πατὴρ
752 965 859 994 πολλῶν

61 1009 162 1046 ἐθνῶν,
179 1021 196 1038 1
220 1009 249 1039 οὖ
261 1011 313 1038 τῶν
335 1009 514 1048 Ἰσμαηλιτῶν
529 1010 642 1049 (ἐκεῖνοι
665 1009 717 1049 γὰρ
740 1010 769 1039 οὐ
789 1008 859 1039 κατὰ

60 1052 150 1083 πίστιν
160 1077 168 1091 ,
184 1053 254 1084 ἀλλὰ
274 1054 344 1084 κατὰ
366 1053 444 1095 φύσιν
459 1055 484 1090 ἐξ
500 1055 608 1095 αὐτοῦ),
624 1053 694 1083 ἀλλὰ
717 1056 770 1084 τῶν
789 1053 859 1084 κατὰ

62 1098 150 1128 πίστιν
167 1099 241 1140 αὖτῷ
255 1100 378 1129 ἐοικότων
387 1111 396 1136 ;

107 1200 122 1219 tt
141 1188 220 1220 Κατὰ
244 1188 275 1219 τὸ
293 1188 448 1229 εἰρημένον·
472 1189 567 1224 Οὕτως
591 1189 666 1219 ἔσται
693 1189 724 1219 τὸ
752 1189 858 1230 σπέρμα

61 1246 118 1265 σου.
146 1234 202 1265 Καὶ
219 1233 256 1273 μὴ
281 1235 428 1271 ἀσθενήσας
494 1234 599 1272 πίστει,
619 1236 649 1264 οὗ
668 1235 813 1271 κατενόησε
828 1235 859 1265 τὸ

63 1281 160 1309 ἑαυτοῦ
185 1281 265 1318 σῶμα
290 1280 342 1316 ἤδη
364 1280 575 1320 νενεκρωμένον,
598 1280 788 1316 ἑκατονταετής
808 1292 859 1311 που

59 1324 189 1365 ὑπάρχων
199 1349 207 1363 ,
224 1324 271 1355 καὶ
291 1325 339 1361 τὴν
358 1325 484 1365 νέκρωσιν
499 1327 546 1361 ἧς
560 1325 664 1365 μήτρας
677 1324 794 1366 Σάῤῥας.
813 1326 860 1360 Εἰς

60 1369 88 1398 δὲ
101 1369 150 1406 τὴν
165 1370 326 1410 ἐπαγγελίαν
348 1372 393 1400 τοῦ
407 1372 478 1401 Θεοῦ
491 1371 521 1400 οὖ
541 1370 658 1409 διεκρίθη
728 1370 838 1411 ἀπιστίᾳ
849 1393 857 1408 ,

60 1415 121 1443 ἀλλ’
135 1414 320 1454 ἐνεδυναμώθη
381 1416 470 1445 πίστει
479 1439 488 1453 ,
504 1414 563 1450 δοὺς
576 1415 654 1450 δόξαν
663 1417 701 1456 τῷ
711 1417 785 1456 Θεῷ.
804 1416 858 1447 Καὶ

59 1460 272 1500 πληροφορηθεὶς
297 1459 337 1490 ὅτι
353 1460 368 1490 ὃ
391 1460 569 1499 ἐπήγγελται,
597 1460 707 1495 δυνατός
729 1462 786 1491 ἐστι
812 1461 858 1491 καὶ

58 1506 183 1540 ποιῆσαι.
194 1519 204 1531 ι
218 1504 321 1542 Εἰπὼν,
329 1504 369 1535 ὅτι
379 1519 391 1533 ι
400 1506 470 1546 Παρ’
479 1505 596 1535 ἐλπίδαά
604 1518 616 1534 ν
627 1508 640 1534 θ
651 1518 664 1545 ρ
672 1518 693 1535 ω
701 1519 722 1536 π
729 1506 738 1535 ί
745 1518 758 1534 ν
766 1519 783 1543 η
792 1518 805 1535 ν
814 1507 856 1536 ἐπ’

61 1549 151 1578 ἐλπίδι
169 1552 207 1589 τῇ
219 1553 233 1580 θ
241 1562 254 1579 e
263 1549 271 1579 ί
280 1562 296 1591 α
312 1550 463 1586 ἐπίστευσε,
477 1565 488 1576 ι
499 1553 544 1580 νῦν
556 1551 751 1586 κατασκευάζει
760 1553 838 1581 τοῦτο
848 1574 857 1591 ,

59 1593 106 1623 καί
123 1606 215 1634 φησιν,
230 1596 271 1624 ὅτι
284 1596 380 1635 egeram.
403 1597 450 1634 μὲν
472 1596 536 1636 πρὸς
556 1595 646 1635 αὐτὸν,
672 1595 712 1625 ὅτι
734 1595 857 1626 σιἚσται

60 1639 91 1667 τὸ
107 1638 215 1679 σπέρμα
231 1651 277 1670 σου
294 1642 328 1674 ὡς
350 1640 384 1670 τὰ
399 1641 484 1681 ἄστρα
507 1643 553 1670 τοῦ
575 1642 704 1681 οὐρανοῦ,
730 1641 774 1671 καὶ
789 1643 825 1675 ὡς
840 1644 856 1678 ἡ

61 1684 159 1722 ἄμμος.
175 1696 189 1713 ι
215 1684 296 1717 Αὐτὸς
309 1685 335 1714 δὲ
357 1696 371 1713 (ι
383 1685 421 1723 μὴ
438 1685 585 1721 ἀσθενήσας
649 1685 754 1723 πίστει,
772 1700 783 1712 ι
797 1687 857 1716 ἀλλ’

60 1729 174 1769 ἰσχυρὰν
190 1729 273 1765 αὐτὴν
288 1729 374 1770 ἔχων,
396 1731 444 1760 οὐκ
463 1730 613 1770 ἀπέϐλεψεν
625 1730 660 1764 εἴς
672 1743 701 1761 τε
715 1731 745 1761 τὸ
761 1733 856 1761 οἰκεῖον

60 1776 139 1813 σῶμα
151 1796 159 1810 ,
176 1774 228 1811 ἤδη
243 1776 280 1814 τῷ
294 1776 384 1815 χρόνῳ
404 1775 599 1816 νενεκρωμένον
610 1799 619 1813 ,
636 1776 682 1805 καὶ
697 1777 734 1810 εἰς
753 1777 802 1813 τὴν
818 1779 856 1807 ὀι-

59 1821 131 1855 πλῆν
155 1819 283 1859 νέκρωσιν
307 1821 354 1855 ιι-’ἤς
382 1820 485 1860 μήτρας
515 1820 624 1861 Eappa;
646 1821 712 1862 (καὶ
739 1821 790 1862 γὰρ
813 1822 858 1851 καὶ

61 1864 115 1893 ἀπὸ
130 1867 175 1893 τοῦ
192 1863 295 1904 γήρως,
311 1865 357 1894 καὶ
373 1865 426 1894 ἀπὸ
436 1867 484 1901 τῆς
498 1866 662 1905 στειρώσεως
675 1865 855 1907 νενέκρωτο)·

60 1909 119 1939 οὐδὲ
129 1909 169 1948 ⁵³,
185 1909 320 1950 ιδιεκρίθη
329 1923 341 1936 ι
353 1909 412 1939 ἀντὶ
423 1912 479 1947 τοῦ,
494 1911 543 1940 οὐκ
556 1911 703 1941 ἐνεδοίασεν
718 1912 796 1949 ὅλως,
811 1913 859 1942 οὐκ

61 1953 228 1995 ἀμφέϐαλεν,
253 1968 266 1980 ι
282 1955 341 1984 ἀλλ’
363 1954 519 1994 ἐδυναμώθη
591 1955 690 1987 πίστει.
704 1970 716 1983 ι
732 1955 806 1996 Ὅρα
819 1957 858 1994 δὲ,

60 2000 118 2033 πῶς
156 1998 272 2029 δείκνυσι
298 1999 343 2030 τὸν
381 2000 556 2039 πιστεύοντα,
592 2002 694 2038 πολλῆς
724 2002 859 2041 δυνάμεως

61 2044 196 2083 δεόμενον.
227 2045 328 2075 Πολλοὶ
356 2045 406 2085 γὰρ
435 2045 599 2082 ἐξηυτέλιζον
619 2046 668 2083 τὴν
688 2047 776 2077 πίστιν
791 2071 797 2083 ,
824 2050 859 2082 ὡς

61 2089 159 2119 ἄπονον
175 2094 289 2130 πρᾶγμα
302 2102 308 2108 ·
325 2089 359 2119 τὰ
373 2090 401 2120 δὲ
416 2090 481 2131 ἔργα
496 2091 658 2131 ἐμεγάλυνον
669 2115 677 2130 ,
692 2094 728 2126 ὡς
745 2092 859 2132 ἱδρῶτας

61 2134 158 2174 ἔχοντα
169 2157 178 2172 ,
193 2135 239 2164 καὶ
260 2134 370 2175 δύναμιν
387 2136 564 2167 ἀπαιτοῦντα.
578 2138 670 2166 Δεῖται
691 2140 766 2176 γοῦν,
782 2140 858 2178 φησὶ,

915 289 991 325 petit.
1006 296 1116 324 nempe,
1127 288 1202 325 quod
1216 287 1357 316 Abraham
1375 287 1491 316 credidit
1511 289 1604 317 Deum
1633 297 1712 318 mor-

914 338 994 362 tuum
1007 342 1117 370 corpus,
1127 333 1206 370 quale
1218 337 1278 362 erat
1290 333 1386 369 ipsius,
1400 341 1457 362 non
1464 333 1554 362 solum
1561 334 1712 370 viviﬁcare,

914 387 1012 408 vemm
1037 379 1118 408 etiam
1144 378 1295 408 fecundum
1321 378 1436 407 reddere
1451 379 1581 415 potuisse.
1603 378 1712 409 Idcirco

914 432 989 452 nunc
1003 425 1052 458 ait,
1070 434 1084 450 α
1098 424 1149 460 Qui
1162 423 1280 452 viviﬁeat
1291 427 1428 452 mortuos.
1444 433 1459 450 ν
1471 424 1533 452 Hoc
1544 431 1620 459 vero,
1633 435 1646 449 ι
1658 424 1712 461 Qui

914 474 993 498 vocat
1006 477 1039 498 ea
1067 477 1130 506 quae
1146 477 1201 497 non
1229 473 1303 503 sunt,
1319 473 1453 506 tanquam
1474 477 1506 498 ea
1527 477 1589 506 quae
1604 474 1680 504 sunt,
1696 481 1710 494 1

914 515 1050 551 apposuit,
1066 518 1098 542 ut
1113 514 1241 542 ostendat
1253 514 1327 550 quod
1343 516 1400 542 Deo
1414 522 1472 542 non
1484 514 1519 543 sit
1529 514 1710 551 impossibile,

913 567 961 588 cos
973 559 1021 596 qui
1036 567 1090 587 non
1104 563 1170 587 sunt
1184 559 1233 586 lilii
1252 558 1381 593 Abrahae,
1395 558 1480 595 ipsius
1506 558 1578 588 ﬁlios
1607 558 1710 588 facere.

915 605 975 632 Non
989 608 1082 632 autem
1097 603 1176 638 dixit,
1192 603 1244 639 Qui
1259 604 1385 640 producit
1398 611 1461 640 qua:
1483 612 1540 632 non
1555 608 1632 639 sunt,
1651 605 1711 640 sed,

915 661 928 673 ι
944 649 996 685 Qui
1011 654 1101 678 vocat.
1116 659 1130 675 »
1159 649 1201 677 Ut
1214 648 1289 677 enim
1313 649 1394 677 nobis
1406 648 1486 677 facile
1500 653 1542 678 est
1565 657 1663 678 vocare
1677 657 1710 678 ea

913 702 975 731 qua:
989 698 1061 729 sunt,
1079 695 1116 722 ita
1131 693 1171 722 illi
1186 693 1267 722 facile
1280 698 1333 729 est,
1348 702 1379 722 ea
1393 701 1456 730 quae
1478 702 1536 723 non
1547 698 1612 723 sunt
1625 695 1654 724 in
1665 703 1711 724 re-

913 747 976 767 rum
1001 743 1130 767 naturam
1141 738 1302 774 producere.

948 785 1037 812 Vsus.
1053 787 1097 812 18.
1119 795 1132 808 ι
1157 784 1210 819 Qui
1226 788 1325 820 praeter
1339 791 1417 820 spem
1431 784 1460 813 in
1471 792 1519 821 spe
1539 783 1668 819 credidit,
1680 787 1711 814 ut

914 829 991 857 ﬁeret
1005 833 1081 865 pater
1096 828 1248 857 multarum
1255 829 1391 864 gentium.
1406 839 1421 856 η
1438 830 1478 857 Ne
1493 829 1648 866 arbitreris,
1664 830 1708 859 in-

914 874 985 910 quit.
1013 878 1116 902 temere
1142 873 1312 902 honoratum
1335 874 1535 902 Abrahamum.
1561 875 1709 910 Quomodo

915 919 991 947 enim
1004 918 1057 948 hoc
1082 919 1140 947 ﬁeri
1154 919 1255 955 potuit,
1270 918 1407 955 siquidem
1433 920 1456 947 is
1472 931 1483 943 ιι
1494 923 1593 955 praeter
1607 928 1709 956 spem»

913 964 1063 992 humanam
1081 974 1095 990 α
1107 964 1135 992 in
1149 972 1197 1000 spe
1208 974 1222 990 ι)
1238 964 1331 992 divina
1348 974 1362 989 α
1386 963 1516 999 credidit,
1531 969 1562 992 ut
1573 964 1651 993 fieret
1662 973 1710 1001 pa-

913 1013 954 1037 ter
973 1009 1125 1037 multarum
1140 1009 1275 1045 gentium,
1294 1021 1307 1034 ιι
1322 1017 1381 1037 non
1405 1008 1609 1038 Ismaelitarum
1624 1011 1708 1043 (nam

911 1053 950 1082 illi
962 1062 1018 1082 non
1030 1053 1181 1083 secundum
1195 1053 1289 1088 fidem,
1302 1053 1351 1082 sed
1366 1053 1519 1082 secundum
1532 1062 1647 1083 carnem
1677 1063 1710 1084 ex

913 1107 945 1128 eo
957 1099 1160 1129 descenderunt
1170 1099 1191 1136 ),
1206 1098 1257 1128 sed
1268 1107 1365 1128 earum
1385 1107 1448 1136 qua:
1461 1099 1612 1128 secundum
1626 1099 1710 1129 fidem

914 1148 980 1173 sunt
994 1144 1032 1172 illi
1045 1144 1167 1173 similes?

947 1190 1146 1224 Vsns.19,21.
1176 1201 1189 1214 ιι
1218 1189 1377 1218 Secundum
1401 1188 1478 1226 quod
1500 1189 1607 1219 dictum
1630 1194 1672 1219 est
1700 1199 1708 1220 :

912 1234 956 1263 Sic
963 1235 1016 1263 erit
1028 1243 1123 1263 semen
1137 1238 1216 1263 tuum
1228 1237 1251 1262 °.
1267 1236 1302 1263 Et
1315 1243 1372 1263 non
1385 1234 1539 1264 inﬁrmatus
1552 1239 1592 1264 est
1601 1235 1629 1264 in
1642 1235 1710 1273 ﬁde,

911 1287 962 1308 nec
968 1279 1152 1309 consideravit
1161 1288 1244 1308 suum
1254 1280 1340 1316 ipsius
1350 1288 1449 1317 corpus
1461 1285 1630 1316 emortuum,
1645 1289 1711 1310 cum

908 1325 970 1362 jam
982 1325 1040 1354 fere
1051 1329 1164 1354 centum
1177 1329 1249 1354 esset
1267 1333 1416 1360 annorum,
1431 1329 1459 1354 et
1479 1330 1635 1355 emortuam
1647 1326 1711 1354 vul-

912 1378 975 1398 vam
990 1371 1078 1399 Sara.
1093 1371 1126 1398 In
1138 1370 1318 1407 promissione
1331 1375 1427 1399 autem
1437 1370 1488 1399 Dei
1502 1379 1560 1400 non
1574 1370 1712 1400 haesitavit

911 1415 1075 1450 difﬁdentia,
1090 1415 1138 1444 sed
1156 1415 1328 1444 confortatus
1342 1419 1385 1445 est
1406 1415 1474 1451 ﬁde,
1497 1415 1568 1445 dans
1592 1416 1710 1453 gloriam

913 1462 984 1496 Deo,
1004 1461 1161 1497 plenissime
1175 1461 1265 1490 sciens
1278 1461 1353 1498 quod
1367 1468 1538 1498 quaecunque
1551 1462 1713 1498 promiserit

911 1507 998 1540 Deus,
1015 1511 1112 1542 potens
1130 1510 1173 1535 est
1191 1505 1330 1535 etfacere.
1348 1518 1360 1532 ι
1381 1507 1452 1543 Quia
1465 1506 1582 1541 dixerat,
1607 1507 1712 1536 Praeter

911 1559 989 1587 spem
1010 1552 1158 1579 humanam
1182 1552 1212 1580 in
1226 1559 1273 1588 spe
1287 1551 1383 1580 divina
1411 1551 1537 1586 credidit,
1565 1551 1713 1581 conﬁrmat

911 1604 985 1624 nunc
1007 1596 1060 1625 hoc
1070 1596 1176 1633 ipsum,
1190 1596 1320 1633 inquiens
1343 1596 1449 1626 dictum
1474 1605 1535 1626 esse
1549 1597 1586 1626 ad
1608 1597 1711 1633 ipsum,

911 1653 924 1665 σι
941 1641 985 1669 Sic
1006 1641 1059 1670 erit
1083 1649 1179 1670 semen
1205 1646 1287 1670 tuum
1313 1646 1345 1670 ut
1368 1642 1457 1671 stella
1482 1646 1511 1671 et
1536 1647 1569 1670 ut
1582 1650 1676 1671 arena.
1694 1654 1708 1668 ιι

912 1697 924 1710 ι
940 1687 1001 1722 Ipse
1012 1694 1076 1715 vero
1103 1698 1118 1712 ι
1146 1687 1176 1715 in
1199 1687 1253 1716 ﬁde
1280 1686 1493 1729 haudquaquam
1519 1687 1711 1723 labefactatus,

910 1731 959 1759 sed
972 1730 1075 1760 fortem
1086 1739 1150 1760 eam
1170 1732 1305 1765 retinens,
1315 1740 1372 1760 non
1385 1733 1504 1768 respexit
1519 1732 1555 1761 ad
1566 1733 1711 1770 proprium

911 1784 1011 1812 corpus
1019 1784 1112 1812 suum,
1131 1776 1190 1813 ipso
1204 1781 1330 1814 tempore
1339 1777 1400 1813 jam
1415 1781 1584 1813 emortuum,
1599 1786 1650 1807 nec
1659 1786 1709 1807 ex-

912 1825 1006 1861 pendit
1036 1833 1130 1854 secum
1162 1827 1239 1855 Sarm
1282 1827 1427 1855 matricem
1473 1826 1576 1863 duplici
1600 1827 1708 1856 ratione

912 1874 1036 1899 enectam
1050 1871 1176 1905 (etenim
1191 1875 1219 1899 et
1241 1871 1318 1899 senio
1339 1875 1368 1900 et
1387 1871 1532 1900 sterilitate
1558 1871 1619 1908 jam
1649 1877 1709 1900 erat

911 1915 1056 1944 demortua
1070 1918 1090 1950 ),
1108 1925 1122 1943 α
1133 1923 1183 1944 nec
1193 1915 1338 1951 haesitavit,
1356 1927 1371 1942 ι»
1387 1915 1441 1945 hoc
1452 1920 1506 1951 est,
1518 1924 1575 1945 non
1590 1917 1706 1946 omnino

912 1959 1058 1995 dubitavit,
1072 1960 1190 1997 35non
1199 1961 1367 1998 ambigebat,
1383 1973 1396 1986 ι
1411 1961 1461 1991 sed
1474 1961 1528 1991 ﬁde
1536 1961 1710 1991 confortatus

913 2009 964 2034 est.
989 2016 1003 2031 ι’
1024 2007 1134 2035 Intuere
1156 2011 1262 2041 autem,
1274 2007 1389 2043 quinam
1404 2006 1532 2036 ostendat
1554 2007 1711 2036 credentem

912 2058 981 2087 opus
995 2054 1095 2080 habere
1109 2052 1196 2080 multa
1219 2052 1319 2080 virtute
1333 2060 1365 2080 ac
1379 2052 1513 2089 potentia.
1537 2053 1610 2081 Nam
1625 2052 1708 2089 pleri-

913 2103 966 2132 que
987 2096 1073 2124 ﬁdem
1097 2097 1308 2131 imminuerunt,
1323 2105 1375 2126 ceu
1389 2105 1448 2126 rem
1463 2097 1577 2126 minime
1591 2097 1710 2127 laborio-

914 2148 996 2169 sam:
1012 2149 1096 2178 opera
1112 2149 1176 2171 vero
1191 2142 1416 2179 magniﬁcarunt,
1441 2146 1472 2170 ut
1493 2150 1557 2180 quae
1579 2142 1711 2172 sudorem

62 2179 108 2209 καὶ
134 2181 148 2209 ὁ
172 2179 306 2209 πιστεύων
337 2181 456 2220 μεγάλης
483 2181 528 2212 καὶ
552 2183 666 2218 δυνατῆς
688 2183 792 2222 ψυχῆς,
816 2182 860 2212 ἵνα
879 2190 903 2221 D
917 2193 949 2214 ac
961 2186 987 2214 vi

947 2196 949 2211 ι
961 2186 1032 2214 vires
1046 2187 1192 2222 postulent.
1209 2187 1318 2224 Indiget
1332 2187 1426 2224 igitur,
1440 2179 1540 2225 inquit,
1547 2188 1570 2216 is
1590 2188 1638 2224 qui
1653 2195 1712 2216 cre-

62 2224 253 2270 διακρούσηται
280 2225 338 2259 τοὺς
365 2227 413 2262 τῆς
437 2226 563 2261 ἀπιστίας
587 2227 747 2266 λογισμούς·
771 2227 862 2270 ὥσπερ

62 2264 107 2298 οὖν
127 2264 177 2299 καὶ
201 2269 325 2310 Ἀϐραὰμ
356 2270 542 2310 ἐνεδυναμώθη
624 2264 731 2302 πίστει.
779 2264 862 2312 Hills;

65 2326 81 2343 α
96 2314 164 2348 Δοὺς
190 2313 268 2349 δόξαν
288 2316 327 2356 τῷ
350 2316 414 2355 Θεῷ
429 2325 436 2334 ⁸
450 2327 464 2346 ι)
488 2317 536 2346 οὗκ
561 2316 752 2357 ἀνθρωπίνοις,
775 2317 860 2359 φησὶ,

22 2358 31 2394 fr
61 2358 207 2394 πιστεύσας
216 2361 367 2401 λογισμοῖς,
387 2361 446 2390 ἀλλ’
460 2360 521 2396 ἄξια
536 2363 583 2398 τῆς
597 2364 643 2392 τοῦ
659 2363 732 2393 Θεοῦ
748 2358 824 2399 δόξης
834 2364 859 2383 ⁵³

63 2404 285 2445 διανοησάμενος,
309 2405 356 2435 καὶ
385 2407 595 2448 πληροφορηθεὶς
619 2407 661 2437 ὅτι
685 2407 719 2437 τὰ
744 2406 861 2438 ἀδύνατα

64 2449 194 2502 δύναταιο
221 2453 301 2502 toﬁs-0‘
322 2452 373 2492 γὰρ
398 2445 459 2486 δόξα
480 2445 563 2482 Θεοῦ.
586 2449 654 2492 Ἄρα
678 2452 765 2502 τοίνυν
785 2455 799 2482 ὁ
824 2453 862 2492 μὴ

12 2632 31 2652 ﬁl

63 2495 213 2533 πιστεύων,
240 2495 308 2538 ἀλλὰ
331 2496 580 2538 πολυπραγμονῶν,
603 2498 633 2527 οὐ
655 2496 756 2532 δοξάζει
780 2498 860 2529 Θεόν.

66 2539 144 2571 Ἐπεὶ
169 2541 198 2571 δὲ
221 2541 270 2583 οὐκ
289 2536 322 2578 ἧν
347 2542 362 2571 ὁ
385 2536 508 2583 Ἀϐραὰμ
544 2542 652 2573 τελείων
668 2543 762 2573 ἑκατὸν
784 2544 864 2581 ἐτῶν,

68 2585 110 2615 διὰ
137 2588 216 2616 τοῦτο
241 2580 298 2617 εἶπε
314 2580 517 2628 κεκολασμένως
538 2587 588 2627 τὸ,
617 2599 634 2617 ιι
650 2580 865 2625 Ἑκατονταετής

70 2641 120 2660 που
136 2632 173 2664 ⁵⁵,
190 2644 203 2658 ι

106 2759 119 2775 ⁰
132 2757 204 2788 Gen.
219 2765 272 2792 xv,
288 2761 314 2787 5.

916 2230 969 2265 dit,
983 2239 1087 2267 magno
1105 2235 1133 2259 et
1158 2233 1262 2267 potenti
1276 2232 1384 2268 animo,
1397 2236 1428 2260 ut
1448 2232 1648 2261 incredulitatis
1660 2241 1711 2261 ra-

916 2277 1109 2306 tiocinationes
1118 2278 1248 2315 abigatac
1260 2279 1385 2315 repellat,
1401 2279 1515 2316 perinde
1525 2283 1609 2316 atque
1620 2279 1712 2309 Abra-

916 2322 1015 2351 hamus
1026 2323 1055 2351 in
1078 2323 1131 2352 ﬁde
1146 2323 1286 2352 robustior
1297 2328 1338 2353 est
1351 2324 1487 2354 redditus.
1517 2325 1579 2360 Qua
1592 2325 1714 2354 ratione?

918 2379 931 2393 α
944 2370 1022 2396 Dans
1043 2368 1159 2404 gloriam
1180 2370 1239 2397 Deo
1256 2379 1262 2398 :
1281 2380 1294 2394 ι
1310 2377 1367 2398 non
1387 2369 1527 2406 humanis,
1551 2369 1654 2407 inquit,
1667 2378 1713 2399 ra-

916 2413 1141 2442 tiocinationibus
1166 2413 1251 2442 ﬁdem
1284 2414 1436 2449 adhibens,
1470 2415 1519 2444 sed
1552 2415 1635 2452 digna
1661 2416 1713 2445 Dei

916 2457 1001 2495 gloria
1024 2466 1118 2487 secum
1140 2459 1233 2487 animo
1252 2460 1380 2489 volutans
1411 2459 1576 2495 indubitato,
1605 2469 1715 2497 persua-

917 2510 964 2532 sus
978 2503 1052 2540 quod
1075 2503 1258 2540 impossibilia
1278 2505 1366 2541 possit
1391 2505 1475 2533 :haac
1493 2505 1569 2534 enim
1598 2505 1648 2533 Dei
1673 2510 1716 2534 est

919 2548 1012 2584 gloria.
1033 2549 1166 2584 Quocirca
1179 2550 1227 2586 qui
1242 2557 1296 2578 non
1312 2550 1409 2586 credit,
1421 2549 1470 2579 sed
1479 2549 1507 2578 in
1522 2550 1620 2579 multis
1633 2549 1717 2579 rebus

920 2593 1045 2622 curiosus
1064 2598 1116 2628 est,
1129 2601 1184 2622 non
1199 2594 1333 2631 gloriﬁcat
1344 2597 1436 2624 Deum
1451 2595 1533 2633 :quia
1546 2603 1610 2624 vero
1627 2594 1718 2623 Abra~

921 2638 989 2667 ham
998 2646 1053 2667 non
1064 2643 1123 2667 erat
1131 2639 1208 2675 plene
1215 2643 1327 2668 centum
1337 2648 1484 2677 annorum,
1497 2640 1559 2671 ideo
1574 2639 1718 2671 moderate

922 2683 1002 2718 dixit,
1020 2695 1034 2709 σι
1049 2685 1197 2714 Annorum
1207 2684 1264 2715 fere
1273 2689 1395 2715 centum.
1406 2697 1421 2711 ι

771 2796 866 2827 Variae
889 2796 1038 2828 lectiones.

109 2853 128 2871 ⁶¹
147 2853 220 2882 εἶπον
235 2861 262 2882 o.
301 2853 324 2871 ⁸³
337 2855 373 2890 τῷ
384 2861 411 2882 o.
450 2853 473 2872 ⁸³
487 2853 528 2881 καὶ
541 2853 570 2881 οὖ
583 2862 610 2884 ο.
649 2854 670 2872 ⁵⁸
684 2855 777 2887 δόσεως
798 2863 838 2885 m.
875 2856 897 2875 “
911 2855 1088 2891 ἑκατονταετής
1102 2865 1149 2884 που
1161 2857 1195 2884 ὤν
1209 2865 1246 2884 m.
