1901 3077
220 189 272 216 399

252 250 342 278 Vsns.
358 251 444 277 22-25
458 259 471 273 ι
487 247 553 276 Ideo
578 248 750 284 imputatum
779 254 822 278 est
832 250 858 278 ei
873 249 909 278 ad
932 249 1014 286 justi-
1029 257 1056 289 Α

216 293 295 322 tiam.
309 295 374 322 Non
387 297 484 321 autem
509 292 645 329 scriptum
659 297 701 322 est
720 298 834 330 propter
848 294 939 329 ipsum
954 298 1016 322 tan-

217 342 279 366 tum
293 337 368 375 quod
390 338 562 374 Imputatnm
583 342 626 366 est
653 338 677 366 ei
699 338 734 367 ad
745 339 894 375 justitiam.
922 339 970 368 sed
989 342 1018 367 et

217 387 330 420 propter
352 390 414 417 nos,
437 382 537 418 quibus
570 382 758 419 imputabitur,
787 383 964 412 credentibus
989 384 1017 411 in

216 436 283 457 eum
294 427 342 464 qui
353 427 494 456 suscitavit
502 428 598 456 Jesum
609 428 761 456 Dominum
775 433 901 457 nostrum
913 437 929 457 a
939 436 1018 457 mor-

215 472 280 507 tuis,
294 473 343 508 qui
365 471 485 500 traditus
503 476 545 500 est
559 476 671 508 propter
691 472 794 501 delicta
808 477 914 508 nostra,
935 477 963 501 et
976 481 1019 502 re-

215 517 334 546 surrexit
359 521 473 553 propter
494 517 724 553 justiﬁcationem
754 521 890 546 nostram.
911 529 925 542 κ
939 519 1020 546 Post-

215 569 300 598 quam
315 566 344 590 et
357 561 452 590 multa
470 565 498 590 et
511 569 612 598 magna
627 562 661 590 de
674 562 834 591 Abrahamo
849 562 974 597 dixisset,
984 570 1020 591 ne

214 607 277 644 quis
303 606 445 643 objiceret,
456 606 564 643 Ecquid
576 606 628 635 ista
654 606 690 636 ad
708 609 784 635 nos?
809 607 915 642 subdit,
942 607 1019 644 quod

217 655 330 687 propter
341 659 393 679 nos
407 650 488 679 etiam
502 651 602 687 scripta
625 651 692 686 sint,
717 655 745 680 et
758 652 837 680 nobis
851 652 919 680 ﬁdes
930 653 1021 688 impu-

218 695 302 724 tanda
317 700 360 724 est
371 695 406 724 ad
415 695 656 732 justiﬁeationem,
665 697 748 725 modo
761 705 822 725 eam
832 697 1022 727 haduerimus,

221 751 234 765 α
248 740 401 769 Credentes
415 741 446 768 in
460 749 524 769 eum
537 741 585 777 qui
598 741 729 770 excitavit
740 743 845 770 Jesum.
868 753 881 766 ι»
898 742 948 770 Sin
981 741 1020 770 du

215 785 287 814 bitas
299 785 440 822 quomodo
460 785 605 822 justiﬁcari
620 786 720 821 possis,
737 786 774 814 ob
795 786 888 814 oculos
911 785 1015 815 mentis

214 834 269 858 tua:
282 834 373 858 statue
380 831 475 858 Jesum
489 830 537 866 qui
546 830 712 858 oblitteravit
726 835 836 867 peccata
850 835 896 859 tua
906 832 1013 864 omnia,

214 875 261 911 qui
281 879 402 903 mortem
413 874 490 910 obiit,
505 883 564 903 non
576 883 642 904 sane
653 875 688 904 ob
703 876 845 912 proprium
869 876 1012 911 delictum,

725 187 979 216 THEOPHYLACTI
999 186 1178 215 BULGABIE
1196 185 1354 213 ARCHIEP.

1822 183 1878 210 400

1109 262 1122 276 ι
1145 248 1194 279 Διὸ
1215 247 1262 278 xui
1285 246 1408 286 ἐλογίσθη
1436 246 1509 287 αὖτῷ
1536 247 1572 280 εἷς
1601 244 1788 282 δικαιοσύνην.
1814 245 1878 274 Οὔκ

1071 293 1173 334 ἐγράφη
1189 292 1217 322 δὲ
1241 294 1275 321 δι’
1295 292 1374 322 αὐτὸν
1397 291 1494 330 μόνον,
1516 290 1724 334 ὅτιμἘλογίσθη
1747 290 1824 328 αὖτῷ
1839 290 1880 322 εἷς

1071 330 1239 374 δίκαιοσῦνην
1252 347 1259 354 ·
1275 336 1345 366 ἀλλὰ
1358 335 1404 366 καὶ
1416 335 1530 374 δι’ἡμᾶς
1547 330 1584 369 οἷς
1596 334 1689 374 μέλλει
1707 334 1882 374 λογίζεσθαι,

1070 384 1124 416 τοῖς
1147 381 1314 413 πιστεύουσιν
1330 380 1375 411 ἐπὶ
1389 380 1434 410 τὸν
1452 380 1592 421 ἐγείραντα
1615 379 1720 416 Ἰησοῦν
1745 379 1793 408 τὸν
1821 378 1885 409 Κύ-

1072 439 1126 468 ριον
1140 429 1218 466 ἡμῶν
1232 427 1263 456 εκ
1278 427 1378 467 νεκρῶν
1390 438 1396 444 ·
1415 425 1443 460 ὃς
1457 425 1592 465 παρεδόθη
1612 425 1656 454 διὰ
1671 423 1707 454 τὰ
1722 423 1886 463 παραπτώ-

1073 484 1145 511 ματα
1159 474 1236 509 ἡμῶν
1247 493 1256 507 ,
1273 471 1318 500 καὶ
1337 471 1437 510 ἠγέρθη
1453 469 1498 499 διὰ
1514 469 1562 511 τὴν
1587 468 1726 499 δικαίωσιν
1749 469 1845 507 ἡμῶν.
1862 477 1883 497 ι

1073 509 1185 552 Ἐπειδὴ
1207 516 1294 546 πολλὰ
1315 509 1481 554 καὶγμέγαλα
1505 509 1562 544 εἷπε
1585 514 1647 554 περὶ
1661 516 1707 543 τοῦ
1734 512 1886 553 Ἀϐραὰμ,

1073 561 1117 591 ἵνα
1129 561 1167 599 μή
1181 573 1222 596 τις
1242 561 1323 600 εἴπῃο
1348 559 1405 590 Καὶ
1422 560 1449 590 τί
1464 563 1549 590 ταῦτα
1571 559 1636 600 πρὸς
1657 561 1747 597 ἡμᾶςς
1773 558 1859 599 φησιν
1873 581 1883 594 ,

1073 607 1113 636 ὅτι
1128 606 1183 637 Καὶ
1196 605 1229 636 δι’
1249 608 1321 644 ἡμᾶς
1335 605 1456 645 ἐγράφη,
1476 604 1522 634 xui
1543 606 1609 643 ἡμῖν
1636 603 1730 642 μέλλει
1752 605 1772 639 ἡ
1786 603 1886 636 πίστις

1073 651 1223 690 λογίζεσθαι
1251 651 1287 685 εἷς
1314 649 1469 687 δικαίωσιν,
1500 648 1579 688 μόνον
1607 648 1709 685 ταύτην
1740 647 1859 687 ἔχοιμεν
1875 670 1886 685 ,

1074 696 1240 730 πιστεύοντες
1265 695 1309 725 ἐπὶ
1332 695 1377 724 τὸν
1403 695 1541 735 ἐγείραντα
1567 693 1671 730 Ἰησοῦν
1682 691 1720 722 ⁵⁵.
1739 693 1775 724 Εἰ
1792 693 1823 722 δὲ
1840 693 1888 722 ἐν-

1075 741 1202 777 δοιάζεις,
1219 742 1276 774 πῶς
1295 739 1406 770 δύνασαι
1423 740 1598 775 δικαιωθῆναι
1618 738 1644 758 ⁵⁷
1654 761 1664 775 ,
1684 738 1818 774 ἐννόησον
1837 738 1887 767 τὸν

1069 785 1156 815 πάντα
1180 784 1366 825 ἆπαλείψαντά
1381 796 1429 814 σου
1451 784 1486 814 τὰ
1503 783 1690 825 ἁμαρτήματα
1707 782 1833 819 Ἰησοῦν,
1853 782 1887 815 ὃς

1067 830 1113 860 καὶ
1126 830 1266 867 ἀπέθανεν,
1281 831 1311 859 οὗ
1335 829 1368 858 δι’
1390 829 1491 859 οἰκείαν
1514 828 1666 868 ἁμαρτίαν,
1690 827 1767 858 ἀλλὰ
1790 827 1887 863 αι-ὴνθε³

1067 877 1112 904 τοῦ
1126 875 1228 914 κόσμου
1240 875 1276 904 ⁶⁹.
1293 873 1374 905 Ἐπεὶ
1388 873 1415 903 δὲ
1430 874 1565 914 ἁμαρτίαν
1579 874 1627 903 οὐκ
1641 873 1712 913 ἔχων
1725 873 1880 911 ἀπέθανεν,

213 927 311 948 verum
329 924 440 956 propter
456 919 556 948 delicta
578 920 685 948 mundi.
704 920 774 955 Quia
787 929 851 949 vero
870 925 1011 957 peccatum

1090 919 1172 953 κότως
1201 919 1247 949 καὶ
1272 918 1380 956 ἀνέστη.
1410 920 1473 953 Πῶς
1499 917 1550 958 γὰρ
1574 918 1685 958 ἔμελλεν
1711 918 1883 958 ἐνσχεθῆναι

212 972 270 992 non
283 964 388 993 habens
411 969 538 993 mortuus
553 969 605 999 est,
630 965 731 993 merito
743 966 829 994 etiam
850 966 1008 994 resurrexit.

213 1010 272 1046 Qua
291 1009 368 1038 enim
391 1009 495 1038 ratione
507 1009 543 1038 ab
566 1009 661 1038 inferis
673 1009 790 1038 detineri
803 1011 947 1047 potuisset,
962 1011 1011 1047 qui

214 1054 293 1083 omni
308 1062 420 1091 prorsus
435 1058 548 1091 peccato
570 1055 705 1083 vacabat?
719 1057 848 1084 Mortuus
871 1059 914 1084 est
926 1055 1010 1092 igitur

213 1102 242 1127 et
254 1099 412 1134 resurrexit,
428 1103 460 1128 ut
483 1104 511 1128 et
535 1107 552 1127 a
566 1099 686 1136 peccatis
704 1099 841 1134 liberaret,
866 1104 894 1129 et
920 1100 1012 1136 justos

213 1143 345 1172 efﬁceret.
372 1143 615 1179 Quemadmodum
635 1144 717 1180 igitur
741 1144 881 1173 Abraham
897 1144 1012 1173 effetum

212 1196 295 1217 suum
317 1197 417 1225 corpus
428 1188 544 1217 credidit
564 1188 716 1218 fecundum
734 1189 811 1218 reddi
827 1199 835 1218 :
860 1197 917 1218 non
932 1189 1013 1218 dissi-

1063 965 1102 1004 τῷ
1117 964 1168 1005 ᾅδῃ
1190 966 1205 994 ὁ
1226 963 1432 1003 ἆναμοίρτητος;
1450 963 1590 993 Ἀπέθανεν
1616 959 1662 992 οὖν
1678 963 1726 992 καὶ
1744 963 1850 999 ἀνέστη
1864 985 1874 1000 ,

1064 1007 1107 1038 ἵνα
1125 1010 1171 1039 xui
1183 1009 1322 1048 ἁμαρτιῶν
1338 1007 1492 1048 ἀπαλλάξῃ,
1508 1008 1554 1037 xui
1569 1007 1687 1042 δικαίους
1701 1007 1876 1047 ἐργάσηται.

1063 1053 1173 1094 "no-1n?
1201 1054 1287 1084 τοίνυν
1315 1055 1330 1083 ὁ
1346 1053 1489 1093 Ἀϐραὰμ,
1507 1053 1537 1082 τὸ
1554 1054 1648 1082 ἑαυτοῦ
1673 1054 1757 1091 σῶμα
1783 1052 1885 1092 νεκρὸν

1066 1097 1111 1135 ὂν,
1126 1099 1265 1128 ἐπίστευσε
1289 1100 1484 1138 ζωγονηθῆναι
1495 1108 1503 1116 ·
1524 1097 1593 1127 οὕτω
1608 1097 1656 1127 xui
1677 1095 1711 1126 σὺ
1726 1096 1884 1128 πίστευσον

1066 1142 1106 1172 ὅτι
1124 1142 1226 1179 Ἰησοῦς
1250 1143 1365 1173 ἀπέθανε
1388 1143 1434 1173 xui
1459 1142 1578 1181 ἀνέστη,
1604 1142 1651 1172 xui
1677 1141 1880 1182 λογισθήσεται

1066 1186 1112 1216 καὶ
1129 1187 1170 1218 σοὶ
1183 1188 1219 1222 εἷς
1234 1187 1415 1226 δικαιοσύνην,
1432 1186 1523 1227 ὥσπερ
1538 1187 1585 1217 καὶ
1599 1189 1637 1227 τῷ
1659 1187 1832 1227 προπάτορι.

214 1234 311 1262 milem
324 1233 360 1262 ad
379 1233 496 1262 modum
513 1237 541 1262 et
555 1237 586 1262 tu
604 1233 687 1262 crede
705 1234 780 1270 quod
798 1235 877 1263 Jesus
892 1238 1022 1263 mortuus
1042 1240 1085 1264 est
1099 1241 1128 1265 et
1145 1237 1306 1272 resurrexit,
1325 1241 1353 1266 et
1366 1237 1549 1273 imputabitur
1567 1236 1618 1265 tibi
1637 1236 1723 1264 etiam
1735 1235 1774 1264 ad
1785 1236 1880 1272 justi-

213 1278 290 1314 tiam,
305 1286 384 1316 azque
395 1287 426 1308 ac
437 1277 605 1315 progenitori
627 1283 676 1307 tuo
689 1279 860 1308 Abrahamo.

517 1337 641 1366 CAPUT
655 1338 689 1366 V.

248 1396 340 1423 Vsus.
357 1396 413 1428 1,2.
428 1405 440 1418 ι
469 1393 615 1422 Justiﬁcati
629 1401 694 1429 ergo
715 1401 748 1421 ex
774 1393 839 1428 ﬁde,
857 1401 952 1430 pacem
966 1394 1011 1423 ha-

211 1439 327 1468 beamus
339 1447 403 1476 erga
426 1441 516 1467 Deum
538 1446 588 1474 per
601 1438 754 1466 Dominum
777 1442 905 1466 nostrum
915 1440 1010 1467 Jesum

1353 1339 1502 1369 ΚΕΦΑΔ.
1520 1338 1565 1369 Ε’.

1107 1401 1326 1442 κξΔικαιωθέντες
1350 1397 1394 1431 οὖν
1417 1403 1448 1432 ἐκ
1471 1401 1600 1437 πίστεως,
1627 1399 1735 1441 εἰρήνην
1761 1402 1878 1441 ἔχωμεν

1065 1445 1128 1485 πρὸς
1142 1447 1186 1475 τὸν
1202 1446 1286 1483 Θεὸν,
1300 1445 1343 1475 διὰ
1354 1448 1399 1476 τοῦ
1412 1445 1512 1486 Κυρίου
1528 1447 1606 1485 ἡμῶν
1617 1446 1710 1482 Ἰησοῦ
1725 1447 1857 1486 Χριστοῦ
1871 1460 1876 1466 ·

211 1484 364 1518 Christum,
392 1491 441 1519 per
463 1491 549 1519 quem
575 1487 603 1511 et
626 1490 767 1511 accessum
795 1482 928 1511 habemus
962 1491 1010 1520 per

1090 1482 1142 1520 ὗοῗῖ
1167 1490 1213 1520 xui
1237 1491 1286 1527 τὴν
1310 1482 1488 1531 προσαγωγὴν
1516 1482 1670 1531 ἐσχήκαμεν
1756 1482 1876 1528 ἰπίστει,

211 1529 297 1557 ﬁdem
309 1529 338 1556 in
345 1528 463 1564 gratiam
477 1528 564 1556 istam
573 1527 602 1555 in
616 1535 669 1563 qua
683 1531 800 1562 stamus,
814 1532 842 1556 et
859 1527 1010 1564 gloriamur

1090 1548 1099 1569 ;
1122 1534 1171 1571 τὴν
1191 1535 1268 1576 χάριν
1283 1535 1383 1572 ταύτην
1393 1559 1402 1572 ,
1419 1536 1446 1565 ἐν
1496 1536 1668 1574 ἑστήκαμεν,
1683 1535 1730 1565 καὶ
1752 1537 1876 1576 καυχώ-

212 1573 242 1601 in
256 1581 304 1609 spe
317 1572 413 1608 gloriae
424 1572 486 1600 Dei.
502 1583 515 1596 ι
539 1574 579 1600 De
592 1571 654 1600 vitae
674 1572 782 1601 ratione
805 1572 850 1600 hic
866 1571 978 1601 disserit
998 1582 1005 1602 :

212 1621 359 1654 postquam
374 1617 448 1645 enim
470 1617 506 1645 de
522 1616 577 1645 ﬁde
599 1616 713 1653 quidem
732 1617 863 1653 prazelara
889 1617 1007 1653 dixerat,

212 1669 295 1698 opera
306 1669 370 1690 vero
385 1661 572 1695 imminuerat,
588 1669 623 1689 ne
641 1661 701 1698 jam
721 1662 849 1690 socordes
861 1662 958 1697 simus,
974 1663 1008 1691 de

213 1706 275 1734 vita:
281 1706 407 1742 deinceps
415 1705 534 1734 formula
545 1706 624 1734 verba
631 1705 704 1734 facit.
715 1706 784 1741 Quia
793 1705 862 1734 ﬁdes
872 1715 922 1735 nos
928 1707 1008 1744 justi-

212 1751 316 1785 ﬁcavit,
329 1751 427 1788 inquit,
440 1759 499 1779 non
511 1751 630 1787 amplius
642 1759 796 1787 peccemus,
815 1759 911 1780 verum
922 1765 934 1777 ιι
953 1754 1008 1780 Pa-

211 1804 272 1825 cem
284 1796 434 1825 habeamus
445 1804 510 1832 erga
519 1797 621 1830 Deum,
630 1808 642 1820 ι
659 1804 708 1833 per
722 1796 808 1824 vitam
819 1797 876 1833 36
890 1797 941 1833 ipsi
953 1798 1008 1826 mi-

209 1841 487 1877 nimedisplicentem.
498 1841 644 1875 Quomodo
656 1846 750 1870 autem
759 1841 836 1870 istud
851 1842 1010 1878 continget?

211 1898 224 1911 σι
240 1888 293 1915 Per
301 1886 581 1915 Dominumnostrum
587 1886 838 1915 JesumChristum.
847 1898 860 1910 ιι
875 1887 1008 1922 Quienim

205 1931 367 1968 justiﬁcavit
379 1939 432 1960 nos
445 1939 509 1960 cum
532 1936 692 1967 peccatores
717 1939 852 1966 essemus,
873 1931 1010 1968 adiuvabit

209 1977 294 2005 etiam
302 1984 353 2004 nos
363 1980 395 2004 ut
403 1975 595 2004 custodiamur
604 1976 631 2003 in
634 1976 742 2012 justitia
750 1976 835 2011 ipsius
845 1984 851 2002 :
864 1976 1008 2012 peripsum

209 2022 284 2049 enim
291 2028 432 2049 accessum
441 2020 619 2048 obtinuimus.
632 2019 713 2055 Quod
721 2020 744 2048 si
757 2028 821 2048 cum
832 2021 926 2056 procul
938 2029 1008 2050 esse-

209 2073 273 2094 mus
280 2065 394 2093 adduxit
400 2072 463 2099 nos,
472 2064 561 2092 multo
572 2064 660 2100 magis
666 2064 813 2093 viciniores
826 2073 878 2093 nos
888 2065 1009 2095 redditos

210 2109 347 2138 retinebit.
364 2109 486 2138 Adduxit
500 2113 592 2137 autem
606 2116 657 2137 nos
679 2120 692 2133 α
708 2108 738 2136 in
752 2109 868 2145 gratiam
891 2109 970 2139 hanc.
994 2123 1006 2136 ιι

1063 1582 1129 1618 μεθα
1145 1580 1188 1609 ἐπὶ
1211 1580 1298 1610 ἐλπίδι
1312 1583 1359 1616 τῆς
1381 1580 1456 1617 δόξης
1478 1583 1525 1610 τοῦ
1548 1581 1633 1611 Θεοῦ.
1652 1593 1667 1608 ιι
1687 1580 1759 1620 Περὶ
1784 1583 1877 1611 πολι-

1063 1624 1133 1658 τείας
1160 1626 1270 1666 ἐνταῦθα
1295 1625 1456 1664 διαλέγεται.
1495 1624 1610 1661 Ἐπειδὴ
1638 1624 1691 1665 γὰρ
1723 1625 1789 1666 περὶ
1823 1626 1875 1664 μὲν

1062 1669 1174 1703 πίστεως
1191 1665 1248 1700 εἶπε
1268 1670 1388 1709 μεγάλα,
1412 1669 1446 1700 τὰ
1464 1670 1491 1700 δὲ
1516 1670 1582 1710 ἔργα
1607 1669 1796 1708 ἐξηυτέλισεν,
1828 1671 1878 1701 ἵνα.

1063 1713 1100 1753 μὴ
1122 1714 1387 1754 ἀπορῤᾳθυμήσωμεν
1402 1714 1438 1752 ⁷ο,
1454 1715 1519 1755 φησὶ
1537 1714 1632 1744 λοιπὸν
1649 1715 1696 1744 καὶ
1710 1715 1776 1754 περὶ
1790 1716 1877 1754 βίου,

1061 1758 1102 1787 ὅτι
1116 1758 1229 1795 Ἐπειδὴ
1245 1761 1261 1795 ἡ
1276 1759 1364 1793 πίστις
1383 1759 1540 1790 ἐδικαίωσεν
1553 1762 1644 1799 ἡμᾶς,
1661 1759 1760 1798 μηκέτι
1776 1761 1878 1802 ἁμαρ--

1062 1803 1183 1842 τάνωμεν
1192 1826 1200 1840 ,
1216 1805 1276 1833 ἀλλ’
1289 1818 1301 1831 α
1317 1803 1434 1844 Εἰρήνην
1447 1804 1552 1845 ἔχωμεν
1566 1805 1633 1844 πρὸς
1642 1804 1687 1834 τὸν
1701 1804 1788 1841 Θεὸν,
1799 1819 1815 1831 ι-
1831 1806 1878 1836 διὰ.

1062 1849 1108 1877 τοῦ
1131 1848 1294 1888 ἀρεσκόντως
1315 1850 1388 1889 αὐτῷ
1405 1851 1479 1889 βιοῦν
1494 1849 1531 1880 ⁷⁸.
1563 1851 1626 1884 Πῶς
1641 1849 1669 1878 δὲ
1685 1852 1767 1879 τοῦτο
1782 1851 1873 1889 γενή-

1063 1903 1155 1930 σεται,
1177 1904 1192 1922 ιι
1211 1893 1264 1923 Διὰ
1284 1896 1330 1923 τοῦ
1353 1893 1451 1934 Κυρίου
1476 1896 1553 1933 ἡμῶν
1576 1893 1667 1930 Ἰησοῦ
1695 1895 1837 1935 Χριστοῦ.
1859 1908 1873 1926 ι

1063 1936 1097 1982 Ὁ
1120 1937 1172 1977 γὰρ
1192 1937 1337 1972 δικαιώσας
1357 1940 1428 1976 ἡμᾶς
1450 1938 1628 1979 ἁμαρτωλοὺς
1649 1939 1746 1976 ὄντας,
1766 1951 1872 1982 συνερ-

1062 1981 1139 2020 γήσει
1154 1982 1200 2012 καὶ
1223 1984 1260 2016 εἷς
1283 1982 1313 2012 τὸ
1331 1984 1499 2024 φυλαχθῆναι
1515 1986 1587 2023 ἡμᾶς
1604 1985 1630 2013 ἐν
1711 1981 1877 2027 δικαιοσύήγ

1063 2027 1152 2056 αὐτοῦ·
1169 2028 1202 2056 δι’
1219 2028 1298 2058 αὐτοῦ
1320 2028 1372 2068 γὰρ
1396 2029 1442 2058 xui
1454 2028 1513 2068 ,τὴν
1539 2028 1715 2069 προσαγωγὴν
1741 2031 1877 2070 ἐσχήκαι

1064 2082 1123 2109 μεν.
1137 2072 1169 2101 Ei
1184 2074 1245 2111 γοῦν
1264 2073 1370 2113 μακρὰν
1385 2073 1462 2108 ὄντας
1479 2073 1634 2114 προσήγαγε
1644 2096 1653 2111 ,
1673 2075 1767 2104 πολλῶ
1791 2078 1871 2113 μᾶλ-

1063 2116 1107 2145 λον
1130 2116 1206 2155 ἐγγὺς
1229 2117 1384 2156 γενομένους
1409 2117 1523 2153 καθέξει.
1548 2118 1711 2159 Προσήγαγε
1738 2118 1767 2148 δὲ
1794 2122 1871 2159 ἡμᾶς

211 2155 272 2189 Quo
300 2153 408 2182 modo?
434 2155 466 2181 1n
497 2153 560 2188 ﬁde,
577 2153 641 2203 'hoc
670 2157 722 2204 est,
748 2153 831 2205 ﬁdem
851 2154 1007 2185 afferentes.

1090 2153 1175 2196 εἷς
1183 2153 1262 2202 χάριν
1274 2153 1385 2200 ταύτην.
1396 2177 1407 2189 ι
1418 2164 1498 2202 “die;
1509 2163 1556 2194 Ἐν
1612 2153 1714 2202 πίστει,
1724 2153 1870 2205 τουτέστι,

209 2200 279 2234 Qum
293 2207 359 2227 vero
371 2199 446 2227 istaec
457 2202 499 2226 est
513 2198 615 2234 gratia?
629 2198 766 2227 Omnium
778 2198 916 2228 bonorum
934 2208 1010 2229 asse-

209 2245 295 2278 cutio,
310 2252 373 2281 quae
387 2251 434 2280 per
447 2243 586 2279 baptisma
596 2243 677 2272 nobis
697 2243 865 2280 obtigerunt.
885 2256 898 2269 ι
914 2247 944 2273 In
958 2253 1011 2281 qua

209 2293 325 2324 stamus,
335 2301 348 2314 ι
358 2288 558 2317 ﬁrmitudinem
564 2293 592 2316 et
599 2287 855 2318 immutabilitatem
866 2289 1008 2318 habentes.

209 2334 310 2362 Divina
316 2335 388 2362 enim
398 2333 470 2362 bona
476 2341 619 2369 nunquam
630 2341 686 2361 non
695 2337 780 2368 stant,
791 2343 879 2371 neque
888 2343 1010 2371 unquam

209 2377 348 2407 excidunt.
376 2380 435 2407 Nec
459 2386 491 2407 ea
505 2378 595 2407 solum
618 2386 680 2414 qua:
700 2379 868 2416 accepimus,
892 2379 1010 2408 ﬁrmiter

208 2427 346 2459 tenemus,
368 2431 465 2452 verum
478 2423 529 2451 alia
550 2423 652 2459 pariter
666 2432 717 2452 nos
738 2431 900 2460 accepturos
921 2425 1010 2453 conii-

207 2467 310 2497 dimus.
324 2480 337 2494 ι
362 2468 521 2497 Gloriamur
537 2480 550 2493 ι»
572 2475 704 2504 namque,
719 2468 816 2505 inquit,
842 2481 854 2494 -
881 2469 910 2497 in
932 2477 980 2506 spe
996 2481 1008 2494 ι-

208 2513 346 2542 bonorum
360 2521 422 2550 quae
436 2513 516 2542 nobis
538 2517 604 2541 sunt
627 2513 781 2542 obventura
797 2525 803 2542 :
819 2522 881 2551 quae
895 2522 960 2543 cum
974 2515 1009 2544 ad

209 2570 222 2583 α
251 2558 368 2595 gloriam
382 2558 433 2587 Dei
464 2569 477 2583 ι
502 2558 669 2594 pertineant,
684 2558 839 2587 necessario
857 2558 1008 2596 dabuntur,

207 2604 317 2633 etiamsi
331 2611 388 2632 non
398 2607 511 2641 propter
527 2610 580 2632 nos
601 2602 630 2632 id
642 2603 700 2638 ﬁat,
716 2611 810 2632 verum
825 2607 856 2632 ut
867 2604 924 2641 ipse
945 2605 1008 2641 glo-

207 2649 329 2679 riﬁcetur
350 2650 436 2678 Deus.

1066 2206 1156 2236 πίστιν
1181 2207 1384 2246 εἰσενεγκόντας.
1402 2207 1452 2241 Τίς
1475 2208 1502 2238 δὲ
1529 2211 1544 2245 ἡ
1573 2209 1669 2249 χάρις;
1695 2208 1731 2239 Ἢ
1756 2209 1870 2240 πάντωιι

1065 2252 1117 2280 τῶν
1145 2251 1251 2290 ἀγαθῶν
1277 2252 1419 2292 ἐπιτυχία,
1447 2253 1574 2294 τῶννδιὰ
1601 2256 1647 2283 τοῦ
1676 2253 1870 2294 βαπτίσματοι

1064 2297 1129 2333 ἡμῖν
1152 2296 1379 2336 προσγινομένων.
1410 2311 1424 2325 ι
1442 2293 1525 2337 Ἐνῇ
1546 2298 1716 2336 ἑστήκαμεν,
1737 2311 1750 2325 ι
1770 2299 1803 2328 τὸ
1821 2301 1869 2340 βέ-

1066 2340 1140 2370 ϐαιον
1155 2341 1259 2381 ἔχοντες
1274 2341 1320 2371 καὶ
1336 2342 1541 2382 ἀπερίτρεπτον.
1564 2343 1609 2374 Τὰ
1631 2343 1684 2384 γὰρ
1699 2343 1757 2374 θεῖα
1776 2345 1869 2384 ἄγαθᾶ

1064 2385 1106 2414 ἀεὶ
1121 2385 1246 2423 ἕστηκεν,
1270 2387 1395 2417 οὐδέποτε
1417 2388 1630 2426 μεταπίπτοντα.
1659 2388 1716 2419 Καὶ
1738 2389 1769 2418 οὗ
1797 2390 1869 2428 μόνα

1063 2432 1164 2468 ταῦτα,
1180 2430 1197 2460 ἃ
1212 2431 1345 2469 ἐλάϐομεν
1356 2454 1364 2469 ,
1385 2432 1499 2472 βεϐαίως
1515 2433 1611 2473 ἔχομεν
1622 2456 1631 2471 ,
1645 2432 1716 2463 ἀλλὰ
1731 2433 1780 2463 xui
1796 2434 1868 2465 ἄλλα

1063 2475 1204 2514 ἐλπίζομεν
1218 2475 1321 2506 λαϐεῖν.
1336 2491 1349 2504 ιι
1358 2478 1531 2517 Καυχώμεθα
1542 2491 1554 2505 ι
1564 2478 1626 2518 γὰρ,
1640 2478 1732 2519 φησὶν,
1746 2492 1759 2505 ι
1772 2479 1820 2508 ἐπὶ
1836 2482 1868 2519 τῇ

1064 2520 1150 2565 ἐλπίδι
1163 2535 1176 2548 n
1188 2522 1241 2550 τῶν
1254 2521 1405 2560 μελλόντων
1429 2524 1494 2561 ἡμῖν
1510 2524 1618 2562 ἀγαθῶν
1638 2523 1760 2553 δίδοσθαι
1772 2535 1779 2542 ·
1796 2523 1867 2565 ἅπερ

1063 2565 1098 2598 εἰς
1113 2564 1189 2600 δόξαν
1213 2568 1285 2597 Θεοῦ
1300 2566 1383 2604 ὄντα,
1403 2567 1555 2607 ἀναγκαίως
1582 2568 1740 2606 δοθήσεται,
1768 2569 1793 2598 αἶ
1819 2564 1867 2600 xui

1063 2609 1101 2648 μὴ
1117 2610 1151 2639 δι’
1166 2612 1239 2650 ἡμᾶς
1248 2633 1258 2648 ,
1270 2611 1332 2641 ἀλλ’
1345 2611 1388 2642 ἳνα
1403 2615 1467 2652 γοῦν
1481 2612 1557 2647 αὐτὸς
1570 2612 1696 2654 δοξασθῇ.

908 2685 1014 2724 ,νατίεο
1037 2687 1188 2720 lectiones.

241 2753 264 2771 “
290 2753 403 2790 Χριστον.
441 2752 464 2770 ⁸⁷
484 2752 596 2786 σωθῆναι
616 2752 658 2780 καὶ
680 2753 859 2787 δικαιωθῆναι,
882 2752 941 2780 ἀλλ’
963 2754 1097 2788 ἀξιωθῆναι
1111 2763 1139 2784 o.

521 2793 606 2829 εὑρέθη
629 2794 704 2825 δόλος
734 2793 760 2821 ἐν
785 2797 821 2830 τῷ
841 2795 947 2831 στόματι
976 2794 1052 2822 αὑτοῦ

203 2794 249 2821 οὒκ
267 2796 397 2829 ἐποίησεν,
426 2793 482 2820 οὖδὲ

205 2845 324 2872 μησωμεν
338 2843 366 2864 o.
407 2834 431 2852 ⁷¹
444 2834 591 2871 ἀρέσκοντος
605 2833 672 2871 αὖτῷ
687 2835 742 2870 βίου
757 2843 786 2864 ο.

1190 2754 1212 2772 ⁸⁸
1227 2754 1293 2782 ἀλλὰ
1312 2755 1352 2782 διὰ
1374 2755 1420 2789 τὴν
1447 2764 1485 2786 m.
1524 2756 1547 2774 ‘9
1574 2756 1699 2793 ἁμαρτίαν
1714 2758 1765 2795 γὰρ
1792 2760 1865 2791 αὐτὸς

1079 2804 1087 2829 ς
1113 2795 1180 2822 ἀλλὰ
1210 2795 1255 2830 τὴν
1285 2797 1339 2833 περὶ
1370 2799 1415 2825 σοῦ
1439 2798 1628 2834 εὖσπλαγχνίαν
1656 2807 1681 2828 ο.
1739 2799 1762 2816 ⁷⁰
1789 2800 1863 2836 ῥᾳθυ-
