1901 3077
32 166 71 192 401
489 163 663 192 EXPOSI'I‘IO
681 163 714 192 IN
733 162 839 191 EPIST.
866 162 910 190 AD
929 162 1011 190 ROM.
1033 177 1067 183 —-
1086 162 1162 190 CAP.
1182 163 1214 191 V.

1613 166 1666 193 402

70 238 82 255 ιι
97 228 136 258 Οὐ
151 227 230 266 μόνον
244 227 271 257 δὲ
285 250 293 267 ,
314 227 382 257 ἀλλὰ
398 227 444 257 καὶ
459 227 623 268 καυχώμεθα
638 227 664 256 ἐν
688 226 744 259 ταῖς
757 225 814 255 θλί-

905 225 995 253 Vsus.
1009 228 1066 259 3,4.
1085 237 1098 250 ι
1112 227 1174 254 Non
1189 225 1279 254 solum
1297 229 1401 260 autem,
1412 227 1459 255 sed
1477 231 1505 255 et
1515 228 1665 264 gloriamur

31 274 110 312 ψεσιν,
125 271 220 306 εἰδότες
243 273 283 302 ὅτι
306 275 324 309 ἡ
347 274 433 313 θλῖψις
458 271 593 310 ὑπομονὴν
611 271 811 311 κατεργάζεται·

31 319 45 352 ἡ
59 316 83 346 δὲ
97 316 215 356 ὑπομονὴ
227 339 236 353 ,
260 317 387 354 δοκιμήν·
410 319 428 353 ἡ
450 317 477 347 δὲ
492 316 604 356 δοκιμὴ,
617 316 713 346 ἐλπίδα
727 325 733 332 ·
751 317 768 351 ἡ
785 314 813 345 δὲ

32 362 97 394 ἐλπὶς
116 363 144 392 οὗ
160 362 344 403 καταισχύνει.
359 376 373 388 ιι
398 362 440 392 οὖ
456 361 552 400 μόνον,
574 361 672 402 φησὶν,
696 360 740 390 ἐπὶ
760 365 814 394 τοῖς

33 407 162 445 μέλλωσιν
186 408 294 447 ἀγαθοῖς
330 407 511 447 καυχώμεθα,
542 407 602 436 ἀλλ’
631 406 696 446 ὅπερ
724 405 813 444 μεῖζόν

33 453 93 487 ἔστι,
108 451 152 481 καὶ
175 451 219 481 ἐπὶ
244 453 301 484 ταῖς
315 454 361 481 νῦν
382 451 532 492 παρούσαις
551 453 617 490 ἡμῖν
631 451 748 491 θλίψεσι.
762 449 813 486 Μὴ

32 497 76 536 γὰρ
90 495 266 536 θορυϐηθῆτε,
295 498 393 538 φησὶν,
418 497 458 526 ὅτι
483 496 647 534 θλιϐόμεθαο
673 495 736 525 αὐτὸ
761 495 813 535 γὰρ

32 543 98 570 τοῦτο
112 541 239 582 καύχημα
253 544 303 571 τοῦ
317 543 480 582 Χριστιανοῧ
492 541 527 570 ⁷³.
551 541 606 572 Καὶ
624 542 696 577 πῶςς
714 539 779 570 Ὀτι
794 541 812 576 ἡ

31 585 105 624 θλίψις
118 587 254 624 ὑπομονὴν
272 591 359 616 ποιεῖ·
379 588 397 622 ἡ
421 586 448 616 δὲ
475 585 615 626 ὑπομονὴ,
643 585 750 623 δόκιμον
767 584 812 614 τὸν

31 630 204 669 πειραζόμενον
225 631 252 650 ⁷³
272 632 469 671 ἀπεργάζεται’
494 630 600 670 δόκιμος
621 630 648 660 δὲ
674 630 813 670 γενόμενος

31 674 192 715 ὁάνθρωπος,
207 676 254 705 καὶ
271 677 374 716 θαρρῶν
389 676 433 706 ἐπὶ
456 677 495 716 τῷ
517 677 609 716 ἀγαθῷ
627 677 708 704 αὑτοῦ
724 686 812 705 συνει-

32 718 93 754 δὸτι,
112 719 151 749 ὅτι
164 720 208 750 διὰ
221 720 266 751 τὸν
287 721 356 751 Θεὸν
378 720 485 757 ἅθλίϐη,
504 721 603 755 ἐλπίζει
617 720 664 753 τὰς
678 719 744 760 ὓπίρ
759 722 812 749 τῶν

30 764 142 794 τοιούτων
165 765 279 806 θλίψεων
305 765 430 805 ἀμοιϐάς.
457 765 491 796 Ἡ
506 765 534 795 δὶ
559 763 668 802 τοιαύτη
691 764 765 798 ἐλπὶς
784 765 813 794 οὗ

31 808 154 839 διαπίπτει
177 810 224 839 καὶ
248 811 418 851 καταισχύνει
442 810 487 840 τὸν
515 810 672 840 ἐλπίσαντα.
696 810 733 840 Αἱ
764 809 812 848 μὲν

31 853 74 892 γὰρ
88 855 249 895 ἀνθρώπιναι
265 855 368 889 ἐλπίδες
383 855 421 894 μὴ
447 855 638 891 ἕκϐαίνουσαι,
663 854 813 894 καταισχύ-

31 910 93 928 νουσι
106 898 164 934 τοὺς
177 900 336 935 ἠλπικότας.
355 900 402 930 Ἔν
422 900 449 930 δὲ
463 904 522 933 ταῖς
537 899 618 933 θείαις
638 899 712 930 οὐδὲν
721 901 814 929 τοιοῦ-

31 954 76 972 τον.
99 942 137 973 ’⁷0
150 956 178 974 τε
193 944 247 984 γὰρ
261 945 345 978 διδοὺς
356 945 390 974 τὰ
405 945 491 984 ἀγαθὰ
502 968 511 983 ,
529 944 656 978 ἀθάνατος
677 944 722 973 καὶ
743 945 814 983 ἀγα-

32 987 66 1020 θός
76 999 83 1006 “
97 989 170 1027 ἡμεῖς
185 1001 214 1019 τε
230 990 256 1009 “
277 990 300 1018 οἱ
316 989 458 1028 μέλλοντες
470 989 562 1019 λαϐεῖν
576 1011 584 1026 ,
600 988 649 1018 κᾶν
671 988 813 1018 ἀποθάνω-

32 1043 86 1069 μεν,
100 1033 210 1073 ζήσομεν
225 1045 233 1052 ·
248 1034 294 1063 καὶ
308 1034 399 1064 λοιπὸν
413 1034 486 1064 οὐδὲν
506 1034 537 1064 τὸ
551 1033 653 1064 κωλύον
667 1033 714 1068 τὰς
735 1032 815 1063 ἐλπί-

33 1075 70 1110 δας
83 1079 144 1116 ἡμῖν
156 1078 281 1116 ἐκϐῆναι.

69 1158 80 1170 ι
95 1143 157 1176 ὀτι
169 1149 186 1183 ἦ
201 1146 294 1186 ἀγάπη
309 1148 355 1177 τοῦ
372 1147 443 1178 Θεῶ
462 1146 606 1187 ἐκκίχυται
627 1147 654 1176 ιν
678 1145 737 1180 ταῖς
748 1157 815 1186 καρ-

33 1188 173 1229 δίαις-ἡμῶν
188 1191 233 1221 διὰ
250 1191 406 1231 Πνεύματος
421 1191 497 1232 ἁγίου
510 1194 556 1221 τοῦ
575 1191 694 1225 δοθέντος
709 1193 783 1230 ἡμῖν.
795 1201 810 1219 n

33 1235 166 1266 Πιστοῢται
177 1236 210 1266 τὰ
227 1237 360 1275 μέλλοντα
373 1237 426 1266 ἀπὸ
441 1239 489 1273 τῆς
504 1235 621 1276 ἀγάπης,
635 1236 667 1272 ἣν
683 1236 736 1273 ἤδη
753 1235 814 1275 περὶ

31 1279 94 1316 ἡμᾶς
107 1280 219 1315 ἐδείξατο
234 1284 249 1311 ὁ
261 1281 337 1315 Θεός.
352 1282 506 1322 Μονονουχὶ
518 1282 569 1321 γὰρ
581 1281 693 1311 τοιαῦτά
703 1281 727 1300 ⁷⁵
738 1292 812 1320 φησι·

32 1323 72 1360 Μὴ
86 1326 246 1367 ἀπιστήσῃς,
259 1327 300 1358 ὅτι
316 1329 333 1363 ἡ
349 1327 393 1357 ἐπὶ
415 1327 469 1360 τοῖς
485 1326 562 1360 θείοις
587 1327 660 1360 ἐλπὶς
673 1326 703 1356 οὔ
726 1325 814 1356 διαπί-

31 1380 93 1399 sui.
109 1369 143 1401 ¢0
156 1371 206 1412 γὰρ
216 1371 301 1406 οὕτως
314 1374 386 1410 ἡμᾶς
399 1372 557 1412 ἀγαπήσας,
571 1370 644 1401 ὥστε
658 1370 729 1405 υἱοὺς
744 1371 813 1400 Θεοῦ

31 1417 130 1451 ποιῆσαι
150 1416 254 1450 ἀπόνως
270 1417 384 1447 ἐντεῦθεν
400 1417 452 1454 ἤδη
475 1416 518 1446 διὰ
541 1415 697 1454 Πνεῦματος
718 1415 812 1456 ἁγίου,

32 1459 80 1492 πῶς
92 1459 120 1490 οὗ
137 1460 166 1502 ⁷⁸7
182 1461 264 1491 δώσει
285 1461 428 1502 στεφάνους
450 1461 518 1501 μετὰ
532 1460 592 1495 τοὺς
614 1461 727 1498 πόνουςὲ
749 1460 813 1490 Ἐκ·

868 270 896 298 in
909 269 1142 305 tribulationibus,
1155 271 1275 299 scientes
1285 270 1361 308 quod
1385 271 1528 300 tribulatio
1554 273 1661 308 patien-

865 315 931 343 tiam
951 319 1080 351 operatur
1093 336 1102 349 ,
1123 315 1250 351 patientia
1262 320 1356 344 autem
1368 316 1570 352 probationem.
1598 325 1659 352 pro-

866 359 940 388 batio
954 367 1019 388 vero
1033 368 1124 396 spem,
1135 368 1198 397 spes
1208 365 1302 389 autem
1318 368 1375 389 non
1395 361 1549 397 pudefacit.
1567 371 1582 388 ιι
1596 363 1659 390 Νοιι

865 404 967 438 solum,
982 405 1081 442 inquit,
1096 405 1132 433 ob
1146 405 1238 434 futura
1255 406 1326 434 bona
1344 406 1505 442 gloriamur,
1525 406 1574 434 sed
1584 406 1659 443 quod

865 450 956 486 majus
967 454 1018 485 est,
1033 450 1069 478 ob
1083 455 1231 486 praesentes
1245 451 1331 479 etiam
1355 455 1465 479 nostras
1485 450 1659 481 afllictiones.

866 496 906 523 No
925 495 1000 523 enim
1020 495 1179 530 turbemini,
1207 496 1306 532 inquit,
1321 495 1394 532 quod
1410 495 1562 532 affligimur
1578 507 1584 525 ε
1606 496 1659 524 hoc

867 540 958 576 ipsum
982 540 1055 568 enim
1083 540 1231 568 Christiani
1246 545 1288 569 est
1306 541 1443 577 gloriatio.
1466 541 1526 576 Qua
1540 541 1658 570 ratione?

864 585 1001 620 Quoniam
1017 584 1153 613 uafllictio
1166 585 1251 613 efﬁcit
1260 585 1432 621 patientiam,
1448 586 1580 622 patientia
1595 593 1660 615 vero

866 629 1012 665 probatum
1037 641 1051 654 ι
1077 638 1143 658 eum
1166 630 1214 667 qui
1238 633 1360 658 tentatur
1374 630 1466 659 reddit
1491 640 1499 659 :
1530 631 1661 667 probatus

866 678 960 702 autem
972 674 1057 702 homo
1068 674 1166 708 factus,
1181 679 1209 703 et
1223 674 1294 703 bona
1308 683 1357 703 sua
1376 675 1545 703 conscientia
1560 675 1658 710 fretus,

867 718 943 754 quod
957 723 1068 755 propter
1079 721 1169 747 Deum
1179 720 1216 748 sit
1222 719 1351 755 amictus,
1364 728 1414 756 pro
1426 720 1584 756 hujusmodi
1600 725 1661 749 tan-

866 763 930 792 dem
945 764 1024 792 malis
1034 764 1244 792 retributionem
1251 769 1349 801 sperat.
1362 765 1436 793 Talis
1451 769 1544 794 autem
1553 777 1566 790 a
1573 773 1636 801 spes
1647 777 1660 791 ι

867 815 923 836 non
941 808 1050 841 excidit,
1067 821 1081 834 α
1096 817 1146 837 nec
1162 809 1298 845 pudefacit
1312 821 1325 833 ι
1344 814 1509 846 sperantem.
1525 811 1664 839 Humanis

866 861 986 889 namque
997 861 1059 889 spes
1081 854 1103 882 si
1115 862 1172 882 non
1185 854 1345 889 succedant,
1368 855 1442 891 ipsos
1455 859 1598 890 sperantes
1611 863 1663 892 pu-

828 878 854 910 B
867 878 949 926 dore,
958 878 1136 927 suffiindunt.
1162 900 1194 927 In
1210 898 1313 927 divinis
1327 878 1423 928 autem
1445 878 1513 927 nihil
1529 878 1663 928 teis-cgn-

867 943 958 979 tingit.
975 944 1027 979 Qui
1041 943 1116 972 enim
1135 944 1206 972 bona
1221 943 1337 978 confert,
1353 947 1381 972 et
1403 944 1570 973 immortalis
1584 949 1625 973 est
1637 949 1665 973 et

869 988 968 1017 bonus.
995 990 1035 1016 Ac
1058 996 1110 1016 nos
1134 989 1180 1025 qui
1195 996 1292 1017 sumus
1310 989 1460 1025 accepturi,
1483 988 1589 1017 etiamsi
1606 997 1664 1017 mo-

868 1033 984 1067 riamur,
1009 1033 1132 1061 vivemus
1147 1037 1238 1062 tamen
1255 1043 1262 1062 :
1278 1038 1306 1062 et
1319 1034 1347 1062 in
1373 1038 1514 1070 posterum
1529 1034 1599 1062 nihil
1613 1035 1665 1063 erit

867 1077 1018 1114 impediens
1031 1086 1093 1115 spes
1111 1083 1229 1113 nostras,
1241 1083 1244 1095 ν
1254 1079 1406 1115 quominus
1419 1078 1575 1107 succedant.

904 1151 993 1178 Vsus.
1006 1152 1032 1178 5.
1050 1161 1063 1175 ι
1088 1151 1155 1186 Quia
1169 1149 1290 1179 Charitas
1304 1150 1354 1179 Dei
1374 1150 1475 1179 diffusa
1491 1155 1534 1179 est
1550 1151 1579 1179 in
1602 1159 1666 1180 cor-

868 1193 947 1223 dibus
958 1195 1062 1224 nostris
1075 1203 1124 1232 per
1143 1196 1276 1232 Spiritum
1295 1199 1431 1230 sanctum,
1447 1196 1493 1232 qui
1520 1196 1602 1224 datus
1626 1201 1667 1225 est

868 1239 956 1268 nobis.
979 1252 992 1264 ι
1007 1239 1102 1268 Fidem
1120 1241 1219 1268 astruit
1232 1240 1331 1269 futuris
1353 1248 1385 1269 ex
1411 1240 1568 1271 dilectione.
1583 1249 1666 1278 quam

865 1285 924 1320 jam
936 1289 1015 1313 antea
1028 1286 1102 1313 Deus
1115 1285 1195 1313 nobis
1209 1285 1345 1313 exhibuit.
1358 1285 1568 1322 Propemodum
1593 1287 1666 1314 enim

869 1329 932 1357 talia
943 1329 1019 1357 dicit.
1036 1331 1077 1357 Ne
1090 1329 1262 1362 despondeas
1277 1330 1404 1358 animum
1422 1339 1430 1358 :
1442 1337 1507 1358 nam
1521 1338 1583 1366 spes
1594 1331 1666 1358 circa

868 1373 961 1402 divina
987 1382 1043 1402 non
1053 1374 1165 1402 excidit.
1182 1374 1232 1408 Qui
1255 1375 1331 1403 enim
1351 1374 1422 1403 adeo
1445 1383 1497 1403 nos
1511 1375 1613 1410 dilexit,
1634 1379 1666 1403 ut

868 1425 919 1447 nos
929 1418 987 1454 jam
1005 1417 1066 1446 inde
1080 1418 1149 1447 ﬁlios
1164 1419 1215 1447 Dei
1230 1417 1343 1452 faceret,
1359 1419 1428 1447 citra
1443 1423 1569 1447 nostrum
1592 1419 1666 1448 labo-

867 1470 926 1491 rem
941 1470 990 1498 per
999 1463 1131 1499 Spiritum
1141 1467 1279 1497 sanctum,
1299 1463 1440 1499 quomodo
1461 1471 1517 1492 non
1527 1463 1603 1492 dabit
1614 1471 1667 1492 no-

32 1503 130 1552 )ts'xvut
145 1501 188 1535 οὖν
199 1509 215 1543 ἡ
232 1506 322 1546 ἀγάπη
335 1501 381 1536 τοῦ
395 1507 466 1537 Θεοῦ
477 1508 504 1536 ἐν
516 1507 582 1552 rei;
590 1506 712 1546 καρδίαις
726 1507 812 1552 ἡμῶν·

904 1515 1042 1536 scoronas
1062 1511 1123 1542 post
1150 1507 1269 1536 labores?
1282 1507 1378 1537 Effusa
1392 1512 1434 1536 est
1457 1508 1539 1545 igitur
1558 1507 1666 1537 dilectio

33 1549 82 1578 ἀντὶ
101 1552 162 1590 τοῦ,
187 1551 304 1592 δαψιλὴς
327 1551 373 1581 καὶ
397 1551 511 1582 πλουσία
534 1551 674 1592 φαίνεται,
699 1550 814 1592 ἐχόντων

32 1595 99 1632 ἡμῶν
112 1596 138 1625 ἐν
151 1596 273 1638 καρδίαις
283 1597 314 1627 τὸ
328 1597 441 1636 Πνεῦμα
452 1619 462 1634 ,
476 1595 490 1626 ὃ
507 1595 603 1626 ἔδωκεν
616 1598 694 1636 ἡμῖν.

67 1698 78 1710 ι
96 1683 156 1715 Ἔτὶ
177 1686 232 1726 γὰρ
247 1686 363 1727 Χριστὸς
383 1686 465 1716 ὄντων
489 1688 566 1726 ἡμῶν
591 1687 723 1723 ἀσθενῶν,
746 1686 816 1716 κατᾶ

32 1729 115 1769 καιρὸν
127 1731 191 1772 ὑπὲρ
203 1731 311 1761 ἀσεϐῶν
324 1731 449 1762 ἀπέθανε.
466 1731 550 1766 Μόλις
565 1731 618 1772 γὰρ
628 1730 695 1772 ὑπὲρ
714 1730 815 1761 δικαίου

31 1784 64 1807 τις
81 1775 258 1806 ἀποθανεῖται·
280 1776 346 1817 ὗπὲρ
370 1776 421 1817 γὰρ
447 1779 492 1806 τοῦ
513 1777 612 1815 ἆγαοοῧ
631 1775 702 1816 τάχα
716 1787 756 1809 τις
770 1775 816 1805 καὶ

32 1820 109 1860 τολμᾷ
123 1821 277 1852 ἀποθανεῖν.
296 1820 442 1858 Συνίστησι
457 1821 484 1851 δὲ
503 1821 552 1857 τὴν
566 1822 661 1851 ἑαυτοῦ
677 1820 784 1860 ἀγάπην
801 1823 816 1851 ὃ

32 1863 92 1898 Θεὸς
104 1867 138 1900 εἷς
148 1869 235 1905 ἡμᾶς,
248 1866 288 1897 ὅτι
304 1866 343 1896 ἔτι
358 1866 524 1907 ἁμαρτωλῶν
547 1865 631 1907 ὄντων
644 1866 732 1903 ἡμῶν,
747 1866 815 1905 Χριο

32 1908 84 1942 στδς
105 1910 168 1951 ὑπὲρ
189 1912 269 1950 ἡμῶν
285 1906 529 1951 ἀπέθανεξΠολλῷ
552 1906 598 1941 οὖν
625 1911 747 1950 μᾶλλον,
773 1911 816 1940 δι-

32 1955 173 1990 καιωθέντες
186 1959 236 1986 νῦν
251 1957 278 1986 ἐν
294 1958 333 1997 τῷ
357 1955 451 1996 αἵματι
473 1957 553 1987 αὐτοῦ
563 1979 571 1994 ,
588 1956 764 1994 σωθησόμεθα
781 1955 815 1986 δι’

33 1999 104 2028 αὐτοῦ
125 2001 176 2031 ἀπὸ
192 2003 242 2038 ἧς
265 2002 356 2042 ὀργῆς.
369 2012 385 2030 ι
413 1997 515 2038 Εἶπεν,
540 2001 582 2032 ὅτι
607 2003 623 2037 ἡ
647 2000 740 2041 ἀγάπη
769 2005 816 2032 τοῦ

32 2042 94 2073 Θεοῦ
111 2045 242 2076 δείκνυται
267 2046 434 2087 ὶκκεχυμένη
456 2048 483 2076 ἐν
505 2047 563 2081 ταῖς
592 2046 712 2087 καρδίαις
735 2048 814 2086 ἡμῶν

33 2087 70 2117 διὰ
85 2092 128 2120 τοῦ
144 2091 320 2131 Πνεύματος,
340 2092 354 2122 ὃ
377 2092 473 2132 ἔχομεν
496 2092 523 2122 ἕν
547 2092 638 2126 αὐταῖς
654 2091 727 2122 δοθὲν
749 2092 814 2132 παρ’

33 2134 111 2164 αὐτοῦ·
123 2135 166 2166 καὶ
180 2135 219 2167 ἔτι
236 2132 281 2166 οὖν
304 2137 418 2167 δείκνυσι
438 2137 468 2167 τὸ
486 2139 533 2174 τῆς
558 2137 663 2176 ἀγάπης
685 2136 811 2177 μέγεθος,

34 2178 60 2223 ἐκ
70 2182 111 2210 τοῦ
124 2181 264 2212 ἀποθανεῖν
279 2181 324 2212 τὸν
345 2181 461 2223 Χριστὸν
476 2181 543 2223 ὑπὲρ
558 2195 571 2208 ι
584 2183 661 2221 ἡμῶν
677 2182 794 2212 ἀσθενῶν
803 2196 815 2208 ιν

32 2221 116 2269 ὄντων,
140 2225 283 2264 τουτέστιν,
298 2221 485 2268 ἁμαρτωλῶν(
493 2221 615 2257 ἀσθένεια
629 2226 681 2267 γὰρ
697 2228 714 2264 ἡ
729 2227 818 2269 ἆμαρ-

33 2267 71 2297 τία
79 2292 87 2306 ,
100 2269 188 2312 ὥσπερ
200 2274 218 2308 ἡ
235 2271 390 2308 δικαιοσύνη
402 2272 496 2312 ὑγεία)
508 2284 514 2291 ·
527 2272 573 2303 καὶ
585 2272 615 2302 οὗ
631 2271 710 2311 μόνον
724 2267 819 2314 ἆμαρ-

33 2315 114 2344 τωλιῗιν
127 2315 208 2346 ὄντων
217 2339 226 2354 ,
241 2317 310 2347 ἀλλὰ
324 2318 370 2347 καὶ
386 2330 399 2344 ι
415 2316 519 2347 ἀσεϐῶν
530 2340 539 2356 ,
553 2331 565 2345 ιι
582 2317 612 2348 τὸ
622 2319 721 2358 χεῖρον,
731 2318 818 2348 καίτοι

33 2359 92 2399 ὗπὲρ
105 2360 204 2392 δικαίου
227 2362 303 2401 μόλις
325 2374 364 2396 τις
383 2363 568 2394 ἀποθανεῖται.
595 2361 751 2403 Ὑπερϐολὴ
771 2358 816 2393 οὖν

33 2403 146 2446 ἀγάπης,
164 2407 194 2436 τὸ
208 2406 275 2447 ὑπὲρ
290 2407 457 2447 ἁμαρτωλῶν
472 2407 518 2438 καὶ
539 2406 644 2437 ἀσεϐῶν
662 2408 814 2440 ἀποθανεῖν.

33 2448 69 2493 Ib
82 2449 125 2487 δὲ,
150 2462 166 2479 ι
182 2451 261 2482 Κατὰ
290 2452 397 2492 καιρὸν,
414 2466 426 2479 ι
446 2452 598 2492 τουτέστιν,
617 2454 645 2483 ἰν
671 2454 710 2493 τῷ
735 2464 817 2493 προσ-

33 2491 116 2528 ήκοντι
125 2496 169 2526 καὶ
182 2491 478 2539 προωρισμένιρνχρόνῳ
487 2510 494 2517 ι
507 2497 551 2528 ὅτε
563 2491 615 2538 γᾶρ
626 2494 659 2535 ἦν
674 2491 796 2539 εῧκαιρον
806 2521 816 2536 ,

33 2538 86 2568 τότε
100 2541 238 2573 ἀπέθανεν.
254 2541 333 2572 Ἐπεὶ
356 2537 469 2572 ὤν’διδί
489 2542 538 2579 τὴν
555 2537 661 2582 ἀγάπην
685 2537 817 2582 ἀπέθανε,

35 2583 73 2612 διὰ
86 2585 111 2615 δὲ
121 2588 165 2615 τοῦ
177 2587 290 2618 θανάτου
307 2587 458 2626 ἐδικαίωσε,
473 2589 566 2629 πολλῷ
581 2589 682 2629 μᾷλλον
704 2589 757 2620 ἀπὸ
771 2592 818 2620 τοῦ

35 2630 75 2674 νῖξν
88 2630 165 2660 σώσει
181 2634 251 2670 ἡμᾶς
266 2633 320 2663 ἀπὸ
342 2634 391 2669 τῆς
405 2634 503 2674 ὀργῆς,
525 2633 568 2668 οὓς
591 2633 643 2670 ἤδη
664 2633 814 2665 ἐδικαίωσε.

34 2672 70 2703 Τὸ
83 2674 132 2716 γὰρ
154 2679 241 2716 μεῖζον
264 2677 365 2716 ἔδωκε,
390 2672 428 2709 τδ
443 2672 607 2709 δικαιῶσαι·
628 2678 675 2709 καὶ
699 2678 752 2710 ἀπὸ
772 2682 819 2716 τῆς

870 1552 921 1581 Dei
937 1552 965 1580 in
979 1552 1061 1581 corda
1083 1557 1189 1587 nostra,
1205 1552 1233 1581 id
1245 1556 1297 1586 est.
1317 1553 1389 1590 larga
1402 1557 1431 1582 et
1443 1553 1520 1582 dives
1529 1557 1642 1590 apparet
1656 1563 1664 1583 :

870 1598 973 1671 gu‘ijppe
981 1597 1029 1671 qi:
1040 1597 1173 1627 habemus
1182 1597 1212 1626 in
1223 1597 1306 1627 corde
1313 1602 1408 1627 nostro
1429 1598 1574 1635 Spiritum,
1583 1606 1667 1636 quem

890 1650 904 1670 e
924 1642 946 1670 it
969 1650 1005 1671 no
1025 1643 1060 1671 is.

905 1699 993 1727 Vens.
1012 1702 1069 1727 6-9.
1087 1710 1100 1724 ι
1117 1698 1246 1728 Christus
1258 1699 1344 1733 enim,
1358 1707 1425 1728 cum
1439 1699 1530 1728 adhuc
1543 1707 1667 1729 essemus

872 1742 984 1778 inﬁmi,
1000 1743 1054 1779 37
1063 1744 1143 1780 juxta
1162 1747 1271 1780 tempus
1286 1752 1336 1780 pro
1351 1744 1443 1780 impiis
1467 1749 1596 1773 mortuus
1615 1749 1666 1774 est.

871 1788 920 1816 Vix
935 1788 1012 1816 enim
1026 1796 1077 1824 pro
1095 1788 1172 1824 justo
1187 1788 1249 1824 quis
1261 1789 1396 1817 morietur
1420 1799 1427 1816 :
1443 1797 1512 1817 nam
1528 1797 1578 1825 pro
1592 1789 1668 1818 bono

870 1832 985 1861 forsitan
1000 1833 1060 1869 quis
1073 1833 1159 1861 etiam
1172 1832 1256 1860 audet
1272 1833 1354 1861 mori.
1372 1833 1555 1862 Commendat
1572 1838 1666 1863 autem

870 1885 949 1906 suam
963 1877 1048 1914 ipsius
1065 1876 1245 1905 dilectionem
1269 1878 1343 1905 Deus
1357 1885 1422 1914 erga
1437 1885 1500 1912 nos,
1516 1877 1590 1914 quod
1601 1886 1667 1907 cum

870 1921 961 1950 adhuc
975 1925 1135 1958 peccatores
1151 1929 1287 1955 essemus,
1300 1921 1428 1950 Christus
1441 1930 1491 1958 pro
1502 1922 1581 1951 nobis
1596 1930 1666 1951 mor-

869 1971 934 1996 tuus
951 1966 1092 1995 est.Multo
1105 1965 1188 2003 igitur
1201 1966 1291 2003 magis
1300 1966 1443 2004 justiﬁcati
1456 1975 1530 1995 nunc
1555 1967 1585 1996 in
1602 1975 1664 1996 san-

868 2012 950 2048 guine
972 2011 1068 2048 ipsius,
1088 2011 1259 2039 servabimur
1273 2019 1320 2048 per
1343 2011 1434 2047 ipsum
1452 2011 1487 2040 ab
1500 2011 1550 2040 ira.
1565 2023 1578 2037 ι
1594 2012 1664 2041 Cum

868 2055 982 2085 dixisset
991 2055 1064 2092 quod
1074 2055 1184 2084 dilectio
1196 2055 1248 2084 Dei
1262 2060 1434 2084 monstratur
1445 2055 1533 2085 elfusa
1543 2056 1571 2085 in
1580 2056 1664 2086 corda

869 2105 964 2129 nostra
982 2108 1030 2137 per
1038 2101 1185 2137 Spiritum,
1198 2108 1281 2137 quem
1293 2100 1429 2129 habemus
1442 2100 1472 2129 in
1487 2101 1553 2137 ipsis
1564 2100 1664 2130 datum

869 2145 905 2174 ab
931 2153 974 2179 eo,
996 2153 1077 2182 porro
1091 2145 1177 2173 etiam
1204 2144 1363 2174 dilectionis
1386 2145 1604 2182 magnitudinem
1628 2146 1665 2174 ob

872 2190 966 2218 oculos
981 2189 1067 2226 ponit,
1092 2197 1124 2218 ex
1143 2197 1176 2218 eo
1195 2189 1271 2226 quod
1281 2189 1405 2218 Chritus
1426 2201 1439 2214 ι
1455 2197 1505 2226 pro
1520 2189 1601 2219 nobis
1618 2190 1664 2219 in-

874 2234 962 2263 ﬁrmis
977 2238 1106 2263 mortuus
1124 2238 1176 2269 est,
1196 2245 1210 2259 ι
1225 2234 1254 2263 id
1273 2238 1324 2269 est,
1341 2235 1531 2271 peccatoribus
1547 2238 1666 2272 (pecca-

869 2284 930 2308 tum
944 2279 1019 2308 enim
1043 2278 1189 2308 inﬁrmitas
1210 2283 1269 2314 est,
1282 2280 1353 2308 sicut
1370 2279 1479 2316 justitia
1500 2280 1626 2314 sanitas),
1639 2285 1667 2309 et

870 2333 926 2353 non
936 2324 1028 2353 solum
1041 2332 1090 2360 pro
1104 2324 1301 2360 peccatoribus,
1322 2324 1371 2353 sed
1383 2324 1459 2361 quod
1470 2323 1593 2354 deterius
1612 2330 1665 2359 est,

875 2379 889 2396 α
901 2377 950 2406 pro
960 2368 1060 2405 impiis,
1076 2380 1089 2394 ιι
1100 2368 1155 2397 etsi
1167 2369 1295 2406 projusto
1308 2369 1352 2397 vix
1362 2369 1500 2406 quispiam
1509 2370 1668 2399 morisusti-

871 2418 943 2443 neat.
961 2413 1255 2450 Dilectionisigiturest
1266 2421 1404 2449 excessus,
1418 2414 1494 2451 quod
1508 2423 1559 2452 pro
1574 2423 1666 2452 pecca-

870 2459 978 2488 toribus
991 2463 1019 2488 et
1029 2458 1119 2494 impiis
1130 2458 1311 2488 sitmortuus.
1326 2460 1407 2496 Quod
1421 2459 1471 2494 ait,
1485 2471 1497 2484 ι
1506 2460 1666 2490 Secundum

870 2507 990 2540 tempus,
998 2515 1012 2528 ι
1028 2503 1189 2532 conveniens
1199 2511 1232 2532 ac
1243 2503 1444 2540 pmdeﬂnitum
1459 2509 1570 2542 tempus
1582 2505 1666 2541 signi-

871 2548 944 2576 ﬁcat.
973 2548 1091 2584 Quando
1112 2548 1186 2577 enim
1205 2553 1390 2585 opportlmum
1413 2553 1481 2584 erat,
1510 2553 1570 2578 tum
1588 2549 1665 2578 obiit.

870 2594 1024 2630 Postquam
1061 2593 1144 2630 igitur
1161 2601 1218 2630 prae
1231 2593 1362 2623 charitate
1386 2598 1514 2622 mortuus
1540 2596 1593 2628 est,
1619 2601 1668 2630 per

871 2642 990 2666 mortem
1003 2645 1068 2667 vero
1082 2646 1134 2668 nos
1144 2638 1320 2676 justiticavit;
1334 2639 1423 2667 multo
1443 2638 1532 2675 magis
1541 2637 1668 2675 deinceps

870 2691 921 2712 nos
939 2682 1083 2712 servabit:
1095 2683 1132 2713 ab
1147 2683 1197 2717 ira,
1212 2695 1227 2710 ιι
1241 2691 1312 2721 quos
1321 2683 1482 2721 jnstiticavit
1491 2683 1551 2720 jam
1571 2687 1664 2712 antea.

710 2760 806 2792 Varia;
828 2761 979 2792 lectiones.

69 2825 89 2844 τ’
101 2827 160 2855 ἔστι.
197 2829 220 2848 ⁷³
235 2830 435 2868 ἐπηρεαζόμενον
448 2840 476 2861 o.
514 2832 536 2850 7‘
551 2833 593 2859 καὶ
605 2832 678 2868 ἡμεῖς
689 2842 715 2860 τε
734 2841 761 2862 o.
798 2833 821 2851 ⁷⁵
838 2833 938 2867 τοιαύτη
952 2841 980 2862 o.
1018 2832 1042 2850 ⁷⁸
1055 2830 1110 2859 οὖν.
