1901 3077
233 190 286 218 403

738 208 743 222 ι
756 186 1014 216 THEOPHYLACTI
1034 185 1212 214 BULGARIJE
1219 184 1390 220 QARCHIEP.
1833 185 1874 212 404

231 255 302 282 Nam
316 253 345 282 id
354 252 429 290 quod
448 251 536 289 majus
547 255 598 285 est,
613 258 712 288 nempe
728 250 956 288 justiﬁcationem
975 250 1027 279 do-

1086 251 1164 289 BPﬁc
1177 249 1207 279 οὗ
1223 248 1320 286 σώσει;
1337 249 1450 279 Σωθεῑσι
1475 246 1502 277 δὲ
1524 247 1578 278 ἀπὸ
1600 248 1647 283 τῆς
1669 247 1773 287 ὀργῆς,
1791 247 1873 278 καὶτὰ

233 299 320 333 navit;
335 298 412 326 etab
440 297 482 325 ira
495 305 554 326 non
580 296 717 325 liberabit?
739 296 859 325 Servatis
872 295 972 325 deinde
995 295 1031 323 ab

234 344 284 378 ira,
297 343 372 371 bona
392 342 475 371 etiam
487 350 536 379 pro
549 342 636 370 multa
653 350 703 370 sua
722 341 867 370 dilectione
882 340 1029 377 impertiet.

270 389 360 417 Vsus.
376 390 420 416 ιο.
434 398 447 412 ι
456 387 484 415 Si
505 387 579 415 enim
587 394 651 414 cum
669 386 772 415 inimici
787 393 921 419 essemus,
934 393 1029 414 recon-

235 433 319 461 ciliati
333 440 430 460 sumus
443 433 503 460 Deo
519 439 567 468 per
580 435 700 460 mortem
717 431 776 459 Filii
792 431 860 467 ejus,
874 431 962 459 multo
974 438 1032 458 ma-

235 478 278 514 gis
293 477 459 506 reconciliati
479 476 546 505 salvi
561 477 666 505 erimus
681 476 709 504 in
727 476 782 504 vita
796 476 892 512 ipsius.
908 487 921 500 ιι
942 475 1030 504 Vide-

235 527 282 551 tur
295 522 387 551 dicere
403 522 482 558 plane
503 521 598 550 eadem
620 531 629 549 :
642 521 756 550 diversa:
769 525 863 549 tamen
891 525 955 549 sunt
969 529 1030 549 seu-

239 568 345 601 tentiae,
371 574 421 603 per
439 566 674 603 comparationem
695 574 838 603 expressas.
855 567 943 602 Supra
955 566 1030 594 enim

236 613 301 647 hoc,
326 612 472 646 nimirum,
494 611 570 648 quod
585 615 739 648 peccatores
757 619 865 646 sumus,
880 611 1028 648 proponit:

233 657 332 687 deinde
346 665 488 686 assumens
515 657 599 692 istud,
616 665 716 693 nempe
737 657 811 693 quod
824 656 967 693 justiﬁcati
984 664 1030 684 su~

233 711 308 737 mus,
331 702 515 739 comparative
542 701 625 730 infert
647 711 655 730 :
679 701 743 737 Qui.
780 709 845 730 cum
877 705 1030 738 peccatores

233 755 370 782 essemus,
382 754 434 775 nos
444 747 601 783 iustiﬁcavit
622 754 669 783 per
682 750 813 781 mortem,
838 746 925 774 multo
941 746 1030 782 magis

233 792 399 829 justiﬁcatos
411 791 537 820 servabit.
553 793 633 820 Nunc
655 799 720 820 vero
735 796 855 819 mortem
878 790 979 819 Christi
999 799 1030 819 ac

234 837 319 866 vitam
331 844 484 872 assumens,
505 844 601 865 rursus
619 844 668 872 per
691 836 924 872 comparationem
943 836 1029 864 animi

233 886 396 918 conceptum
425 882 565 918 exprimit,
581 881 656 910 hunc
681 880 717 910 ad
732 880 846 909 modum
869 881 995 917 inquiens
1019 890 1026 909 :

1085 294 1172 334 ἀγαθὰ
1184 293 1278 332 δώσει,
1294 293 1337 323 διὰ
1353 292 1401 330 τὴν
1415 292 1518 329 πολλὴν
1532 294 1612 323 αὐτοῦ
1626 292 1753 332 ἀγάπην.

1128 396 1143 415 ιι
1158 386 1193 416 Εἰ
1207 384 1258 425 γὰρ
1274 384 1362 425 ἐχθροὶ
1383 383 1456 418 ὄντες
1472 383 1687 423 ’κατηλλάγημεν
1702 383 1744 423 τῷ
1762 383 1826 423 Θεῷ
1843 384 1876 413 διὰ

1084 432 1130 460 τοῦ
1146 429 1258 460 θανάτου
1273 433 1320 459 το¹ῠ
1340 430 1405 460 Υἳοῦ
1429 431 1524 467 αὐτοῦ,
1547 429 1639 458 πολλῶ
1656 430 1765 468 μᾶλλον
1786 430 1877 458 καταλ-

1085 475 1209 515 λαγέντες
1235 475 1412 514 σωθησόμεθα
1435 476 1461 504 ἐν
1532 476 1587 515 ζωῇ
1610 475 1704 505 αὔτοίἷ.
1722 485 1738 503 ››
1760 475 1837 504 Δοκεῖ
1850 475 1875 503 τὰ

1085 520 1153 550 αὐτὰ
1185 519 1269 560 λέγειν
1283 532 1290 539 ·
1319 520 1389 556 πλὴν
1415 520 1528 560 διάφορά
1562 522 1614 549 εἶσι
1640 520 1674 549 τᾶ
1709 519 1876 558 ἐνθυμήματα

1086 567 1259 606 συγκριτικῶς
1286 565 1426 604 γενόμενα,
1453 564 1522 595 Ἀνω
1538 565 1586 604 μὲν
1612 563 1664 604 γὰρ
1679 564 1729 602 τὸ,
1755 565 1874 604 ἁμαρτω-

1085 610 1144 644 λοὺς
1160 606 1226 640 εἶναι
1239 612 1327 648 ἡμᾶς,
1341 609 1482 650 προτίθησι
1494 611 1520 629 ⁷⁷
1534 622 1540 628 ·
1557 610 1603 639 καὶ
1626 609 1656 639 τὸ
1666 632 1675 648 ,
1692 610 1875 646 δικαιωθῆναι,

1084 655 1192 695 ὕστερον
1207 654 1298 685 λαϐὼν
1309 678 1318 692 ,
1334 656 1508 696 συγκριτικῶς
1528 654 1618 694 ἔλεγεν
1627 677 1635 692 ,
1649 655 1692 684 ὅτι
1705 654 1874 694 ἁμαρτωλοὺς

1084 700 1160 734 ὄντας
1175 700 1317 734 δικαιώσας
1335 699 1379 730 διὰ
1395 703 1441 730 τοῦ
1461 699 1576 730 Θανάτου
1586 722 1594 737 ,
1615 700 1710 741 πολλῷ
1727 700 1829 738 μᾶλλον
1843 700 1877 729 δι-

1083 745 1244 779 χαιωθέντας
1258 745 1350 775 σώσει.
1368 746 1423 776 Νῦν
1441 745 1469 775 δὲ
1493 745 1536 775 τὸν
1563 744 1675 775 θάνατον
1698 747 1748 774 τοῦ
1766 745 1873 785 Χριστοῦ

1084 790 1129 820 καὶ
1143 790 1191 826 τὴν
1212 790 1282 827 ζωὴν
1306 790 1413 830 λαϐὼν,
1429 790 1510 820 πάλιν
1535 791 1713 830 συγκριτικῶς
1729 790 1832 830 ἐκφέρει
1851 790 1875 819 τὸ

1082 834 1184 874 νόημα,
1206 835 1290 874 λέγων
1318 835 1406 866 οὕτω·
1431 836 1500 866 Τότε
1526 835 1741 874 κατηλλάγημεν
1769 834 1811 864 διὰ
1835 837 1873 864 τοῦ

1083 879 1195 919 αἵματος
1210 880 1256 910 καὶ
1279 883 1325 910 τοῦ
1342 881 1455 910 θανάτου
1469 880 1511 917 ⁷⁸,
1523 883 1567 910 νῦν
1585 879 1612 910 δὲ
1629 881 1656 909 ἐν
1730 882 1786 919 ζωῇ
1802 881 1869 909 οιὖώ

231 928 310 955 Tunc
322 926 487 955 reconciliati
499 934 596 955 sumus
619 933 668 962 per
681 925 843 962 sanguinem
866 929 893 953 et
907 930 1026 954 mortem

1086 925 1112 955 οὗ
1141 925 1331 964 σωθησόμεθα,
1356 925 1391 956 Ὀ
1416 925 1468 966 γὰρ
1493 924 1531 964 μὴ
1558 926 1719 966 φεισάμενος
1746 927 1792 954 τοῦ
1817 925 1872 955 Titii

233 971 303 1008 ejus,
318 979 392 1000 nunc
403 979 467 999 vero
480 978 529 1007 per
552 971 637 999 vitam
652 970 736 1006 ipsius
750 978 808 999 non
832 970 1027 999 servabimur?

229 1017 282 1053 Qui
303 1016 380 1045 enim
402 1024 458 1044 non
472 1016 592 1052 pepercit
615 1015 683 1044 Filio
711 1023 772 1049 suo,
800 1015 849 1044 sed
882 1023 932 1052 pro
948 1015 1028 1043 nobis

229 1065 378 1098 nostraque
396 1060 620 1090 reconciliatione
641 1061 670 1088 in
690 1064 811 1088 mortem
823 1059 914 1094 dedit,
931 1067 1027 1089 nonne

230 1106 320 1135 multo
337 1107 427 1143 magis
446 1114 494 1142 per
507 1106 593 1134 vitam
606 1105 666 1134 Filii
675 1105 717 1134 sui
734 1104 857 1134 servabit
869 1106 939 1133 nos?

264 1152 357 1180 Vnus.
375 1154 418 1179 11.
437 1162 450 1176 ι
466 1152 531 1179 Non
549 1150 641 1179 solum
655 1153 759 1184 autem,
775 1149 823 1178 sed
838 1154 866 1178 et
879 1149 1029 1186 gloriamur

231 1197 258 1225 in
271 1198 331 1225 Deo
339 1204 388 1233 per
394 1195 547 1224 Dominum
564 1199 689 1223 nostrum
700 1196 796 1223 Iesum
806 1195 957 1228 Christum,
980 1202 1029 1230 per

230 1249 312 1278 quem
317 1249 391 1269 nunc
398 1241 650 1270 reconciliationem
658 1240 820 1276 accepimus.
831 1251 845 1265 ι
855 1240 918 1268 Non
926 1239 1026 1272 solum,

230 1287 329 1324 inquit,
340 1286 440 1315 servati
454 1293 562 1321 sumus,
581 1293 677 1314 verum
687 1290 716 1314 et
729 1296 740 1310 α
751 1285 902 1322 gloriamur
911 1285 939 1312 in
949 1285 1025 1312 Deo-

229 1335 341 1368 propter
354 1331 408 1360 hoc
428 1331 532 1368 ipsum,
547 1329 622 1367 quod
641 1337 704 1358 cum
718 1330 796 1366 impii
809 1337 932 1358 essemus
943 1350 952 1364 ,
967 1337 1026 1357 ser-

229 1376 284 1405 vati
297 1377 393 1411 simus,
408 1375 493 1412 idque
510 1383 559 1412 per
580 1375 743 1412 sangninem
755 1374 906 1411 Unigeniti.
932 1385 945 1398 ι
960 1373 1028 1402 Glo-

228 1420 335 1450 riamur
357 1425 450 1449 autem
470 1428 517 1456 per
541 1420 693 1448 Dominum
714 1420 807 1447 Jesum
823 1419 964 1447 Christum
983 1427 990 1446 :
1012 1431 1025 1443 -

228 1473 295 1494 nam
309 1466 366 1502 ipse
384 1470 426 1494 est
443 1468 540 1493 auctor
556 1463 727 1501 gloriationis
740 1467 842 1492 nostra:
852 1483 860 1497 ,
875 1463 921 1500 qui
936 1466 964 1492 et
984 1471 1026 1491 re-

229 1510 430 1540 conciliationis
453 1514 494 1539 est
505 1513 611 1538 auctor.
845 1536 847 1538 _

263 1557 411 1585 “1113.12.
431 1566 446 1580 ι
457 1556 606 1591 Propterea
625 1554 696 1583 sicut
712 1561 761 1590 per
774 1561 862 1582 unum
883 1553 1024 1582 hominem

229 1604 374 1638 peccatum
383 1601 413 1628 in
429 1599 505 1628 hunc
517 1599 652 1628 mundum
667 1599 789 1634 intravit,
799 1603 827 1627 et
836 1599 892 1635 38
906 1607 955 1635 per
967 1607 1030 1635 pec-
1043 1591 1067 1624 C

229 1649 324 1674 catum
335 1652 430 1679 mors,
454 1648 484 1672 et
498 1644 537 1672 ita
562 1643 592 1672 in
611 1651 708 1672 omnes
732 1643 859 1672 homines
877 1651 953 1672 mors
966 1651 1027 1680 per-

228 1690 347 1724 transiit,
375 1690 403 1718 in
417 1697 472 1726 quo
487 1696 584 1717 omnes
598 1692 788 1725 peccaverunt.
818 1699 831 1713 ιι
851 1689 1026 1717 Commemo-

228 1739 291 1764 rato
304 1734 380 1771 quod
406 1735 543 1763 Dominus
554 1735 636 1762 Jesus
655 1741 708 1762 nos
723 1733 895 1770 justiﬁcavit,
910 1733 1027 1762 recurrit

229 1780 265 1809 ad
290 1780 411 1809 radicem
433 1779 510 1814 mali,
538 1782 681 1816 peccatum
707 1786 807 1815 nempe
829 1783 856 1807 et
874 1782 992 1807 mortem
1017 1788 1024 1807 :

229 1825 376 1854 ostendens
390 1824 466 1862 quod
479 1824 534 1853 duo
547 1824 607 1853 haec
617 1832 666 1861 per
675 1831 761 1853 unum
770 1823 928 1858 hominem,
945 1824 1026 1852 nimi-

227 1878 291 1900 rum
303 1870 451 1906 Adamum,
462 1871 584 1907 ingressa
598 1869 653 1898 sint
670 1869 698 1897 in
720 1869 868 1904 mundum,
884 1873 1027 1906 peccatum

228 1916 354 1945 videlicet
368 1920 397 1945 et
414 1923 500 1951 mors;
526 1923 559 1944 ac
580 1923 678 1944 rursus
699 1922 748 1951 per
769 1922 854 1943 unum
874 1914 1024 1948 hominem,

227 1965 323 1998 utpote
335 1960 487 1996 Christum,
500 1959 589 1988 ablata
603 1963 678 1988 sunt.
702 1958 775 1995 Quid
790 1962 884 1986 autem
897 1962 948 1993 est,
965 1969 978 1983 α
995 1959 1027 1986 In

227 2014 282 2044 quo
294 2013 392 2035 omnes
405 2006 600 2042 peccaverunt?
614 2015 626 2028 n
637 2004 690 2032 hoc
701 2007 752 2038 est,
765 2003 794 2031 in
808 2003 915 2031 Adamo
929 2011 1027 2031 omnes

226 2053 418 2088 peccaverunt.
430 2051 501 2079 Cum
527 2049 602 2077 enim
616 2048 662 2077 ille
672 2047 826 2081 cecidisset,
840 2048 925 2076 etiam
940 2048 959 2076 ii
978 2048 1026 2084 qui

227 2103 283 2124 non
310 2095 429 2123 ederunt
448 2094 483 2123 de
505 2093 591 2130 ligno,
607 2092 672 2121 facti
695 2095 760 2120 sunt
772 2099 804 2120 ex
822 2091 867 2120 illo
883 2093 1024 2127 mortales,

226 2139 343 2177 perinde
356 2147 390 2167 ac
408 2139 430 2167 si
446 2138 499 2174 ipsi
509 2138 595 2167 etiam
608 2137 789 2174 impegissent
801 2137 1026 2174 quandoquidem

227 2185 272 2213 ille
287 2183 445 2221 impegerit.

262 2219 430 2263 νηὲᾟιθ,
444 2231 488 2257 14.
514 2239 528 2253 α
556 2227 655 2264 Usque
678 2227 752 2256 enim
774 2227 810 2256 ad
841 2228 932 2264 legem
971 2236 1030 2264 pec-
1045 2219 1070 2252 Ῑ)

226 2279 322 2304 catum
349 2278 410 2303 erat
447 2274 475 2302 in
498 2272 603 2302 mundo
638 2283 646 2302 :
668 2277 811 2309 peccatum
847 2276 943 2301 autem
967 2280 1024 2301 non

225 2319 424 2356 imputabatur,
466 2325 531 2346 cum
566 2325 624 2346 non
645 2321 718 2346 esset
741 2318 794 2346 lex.
819 2317 872 2346 Sed
900 2318 1026 2354 regnavit

225 2372 302 2394 mors
327 2365 363 2393 ab
388 2363 500 2393 Adamo
526 2370 615 2400 usque
635 2362 670 2391 ad
694 2364 793 2391 Mosen
816 2363 844 2391 in
872 2371 919 2391 eos
939 2363 1024 2391 etiam

226 2409 272 2447 qui
306 2417 364 2438 non
402 2412 557 2446 peccaram,
590 2409 621 2436 in
647 2407 826 2437 similitudine
863 2407 1026 2444 praevarica—

224 2454 309 2483 tionis
333 2453 443 2489 Adami,
464 2453 511 2491 qui
536 2457 579 2482 est
601 2457 682 2490 typus
697 2452 793 2482 futuri.
822 2465 835 2478 ι»
861 2454 968 2490 Scopus
983 2457 1025 2482 est

226 2499 360 2537 Apostolo
368 2499 560 2528 demonstrare
568 2498 644 2536 quod
654 2498 673 2526 ii
683 2498 766 2527 etiam
776 2499 822 2535 qui
832 2506 891 2526 non
905 2498 1026 2527 edissent

224 2545 259 2574 de
267 2545 355 2582 ligno,
370 2552 424 2573 nec
435 2552 514 2581 reque
525 2548 683 2581 peccassent
694 2548 777 2580 atque
794 2543 898 2577 Adam,
913 2547 1024 2580 propter

225 2590 296 2620 illius
316 2594 410 2619 tamen
432 2593 575 2626 peccatum
597 2589 694 2618 itidem
714 2588 940 2617 existimabantur
958 2592 1022 2616 tan-

225 2643 308 2673 quam
317 2640 346 2665 et
352 2635 402 2672 ipsi
413 2638 574 2672 peccassent
584 2642 617 2664 ac
630 2633 829 2663 moriebantur.
844 2635 937 2670 Atque
950 2633 1023 2662 istud

223 2681 261 2710 ita
279 2681 449 2710 conﬁrmat:
465 2681 614 2709 Peccatum
633 2679 769 2716 regnabat
783 2678 818 2708 ad
841 2679 910 2716 legis
932 2686 1022 2716 usque

223 2726 364 2760 lationem,
379 2725 433 2754 hoc
457 2729 510 2760 est,
533 2725 618 2754 etiam
631 2728 696 2754 ante
710 2724 810 2762 legem.
838 2724 925 2760 Quale
939 2724 1023 2760 igitur

1084 971 1184 1008 αὑτοῦ,
1205 970 1275 1000 ἀλλὰ
1300 971 1360 1005 δοὺς
1384 970 1462 1000 αὐτὸν
1489 973 1576 1000 Θανεῐν
1598 969 1665 1010 ὑπὲρ
1680 973 1732 1007 τῆς
1755 969 1873 1008 ἡμετέρας

1083 1016 1271 1054 καταλλαγῆς,
1286 1016 1315 1045 οὗ
1330 1018 1375 1045 νῦν
1390 1016 1482 1056 πολλῷ
1505 1016 1606 1055 μᾶλλον
1631 1016 1659 1045 ἐν
1734 1016 1789 1055 ζωῇ
1804 1015 1873 1044 αὐτοῦ

1084 1059 1164 1090 σώσει
1179 1062 1250 1100 ἡμᾶς
1258 1073 1267 1098 ;

1126 1161 1139 1178 ε
1153 1150 1194 1179 Οὖ
1209 1149 1287 1188 μόνον
1304 1149 1348 1186 δὲ,
1360 1149 1428 1180 ἀλλὰ
1445 1149 1492 1179 καὶ
1513 1149 1678 1190 καυχώμεθα
1698 1151 1726 1180 ἐν
1805 1150 1870 1189 Θεῷ,

1083 1193 1127 1224 διὰ
1147 1197 1192 1224 τοῦ
1208 1195 1308 1236 Κυρίου
1325 1197 1402 1233 ἡμῶν
1425 1195 1516 1231 ’Ῑησοῧ
1533 1196 1666 1235 Χριστοῦ,
1687 1195 1723 1225 δι’
1737 1190 1768 1225 οἶ
1779 1197 1820 1224 νῦν
1833 1195 1870 1229 τὴν

1081 1241 1254 1279 καταλλαγὴν
1285 1240 1426 1278 ἐλάϐομεν.
1450 1251 1465 1269 ι)
1495 1240 1536 1270 Οὐ
1565 1240 1643 1278 μόνον
1674 1239 1703 1270 δὲ
1734 1240 1871 1278 ἐσώθημεν,

1083 1285 1176 1323 φησὶν,
1198 1284 1267 1315 ἀλλὰ
1291 1285 1337 1315 καὶ
1361 1284 1525 1325 καυχώμεθα
1541 1286 1568 1314 ἐν
1593 1286 1632 1326 τῷ
1646 1287 1713 1325 Θεῷ
1731 1285 1757 1305 ⁷⁹
1773 1284 1804 1314 δι’
1818 1284 1872 1313 αὐτὸ

1081 1332 1174 1365 τοῦτο,
1190 1328 1230 1358 ὅτι
1255 1329 1359 1363 ἀσεϐεῖς
1382 1329 1455 1364 ὄντες
1479 1329 1633 1368 ἐσώθημεν,
1653 1330 1700 1360 καὶ
1722 1329 1817 1360 τότεθθ
1836 1328 1870 1357 διδι

1081 1378 1127 1404 τοῦ
1145 1373 1258 1414 αἵματος
1282 1378 1328 1404 τοῦ
1350 1375 1528 1414 Μονογενοΰς.
1542 1374 1569 1394 8'
1589 1375 1767 1416 Καυχώμεθα
1791 1374 1816 1404 δὲ
1835 1373 1869 1402 διὰ

1080 1421 1126 1448 τοῦ
1151 1419 1251 1459 Κυρίου
1275 1419 1365 1455 Ἰησοῦ
1382 1421 1503 1459 Χριστοῦ
1520 1431 1527 1438 ·
1556 1420 1634 1454 αὐτὸς
1657 1420 1712 1461 γὰρ
1735 1420 1816 1454 αἴτιος
1831 1420 1868 1454 τῆς

1080 1463 1235 1505 καυχήσεως
1251 1466 1314 1503 ἡμῖν
1329 1464 1367 1502 ⁸³,
1384 1464 1454 1494 ὁκαὶ
1465 1467 1512 1501 τῆς
1526 1466 1700 1505 καταλλαγῆς
1715 1465 1808 1499 αἴτιος.

1125 1561 1139 1581 (ί
1154 1551 1206 1582 Διὰ
1229 1554 1306 1583 τοῦτο
1320 1552 1410 1594 ὥσπερ
1434 1553 1468 1582 δι’
1490 1552 1546 1587 ἑνὸς
1561 1551 1702 1594 ἀνθρώπου
1720 1555 1737 1590 ἡ
1762 1552 1868 1592 ἁμαρτία

1081 1597 1116 1630 εἷς
1131 1597 1176 1626 τὸν
1191 1597 1291 1636 κόσμον
1306 1599 1411 1634 εἰσῆλθε
1423 1620 1431 1635 ,
1453 1597 1499 1628 καὶ
1515 1598 1560 1628 διὰ
1580 1600 1628 1634 τῆς
1650 1598 1785 1639 ἁμαρτίας
1805 1599 1818 1627 ὁ
1832 1597 1859 1627 Gai

1082 1653 1172 1679 νατος,
1196 1642 1241 1672 καὶ
1263 1642 1344 1684 οὕτως
1368 1643 1404 1676 εἷς
1426 1643 1529 1676 πάντας
1554 1643 1710 1684 ἀνθρώπους
1733 1646 1748 1673 ὁ
1764 1643 1865 1675 θάνατος

1082 1688 1196 1723 διῆλθεν,
1209 1687 1248 1728 ἐφ’
1258 1683 1280 1728 ᾧ
1294 1687 1390 1722 πάντες
1409 1687 1542 1728 ἥμαρτον.
1553 1702 1565 1714 ι·
1581 1688 1685 1726 Εἰπὼν,
1698 1689 1740 1719 ὅτι
1755 1687 1866 1718 ἐδικαίω-

1081 1743 1125 1761 σεν
1141 1734 1214 1771 ἡμᾶς
1229 1734 1243 1762 ὁ
1259 1732 1356 1772 Κύριος
1372 1732 1488 1771 Ἰησοῦς,
1510 1733 1652 1774 ἀνατρέχει
1667 1734 1712 1763 ἐπὶ
1740 1733 1788 1769 τὴν
1803 1733 1865 1773 ῥίζαν

1080 1779 1126 1807 τοῦ
1152 1780 1254 1814 κακοῦ,
1283 1777 1331 1814 τὴν
1362 1777 1496 1818 ἁμαρτίαν
1523 1778 1569 1808 καὶ
1591 1778 1635 1808 τὸν
1667 1778 1804 1808 θάνατον’
1828 1776 1864 1806 καὶ

1081 1822 1232 1858 δείκνυσιν,
1249 1823 1289 1852 ὅτι
1314 1825 1398 1852 ταῦτα
1424 1823 1457 1853 τὰ
1480 1822 1526 1852 δύο
1543 1823 1576 1852 δι’
1589 1823 1644 1857 ἑνὸς
1668 1823 1808 1864 ἀνθρώπου
1830 1823 1868 1850 τοῧ

1081 1866 1165 1898 Ἀδὰμ
1189 1868 1306 1904 εἰσῆλθεν
1329 1869 1364 1902 εἷς
1382 1868 1427 1910 τον
1452 1867 1567 1908 κόσμον,
1594 1871 1611 1904 ἡ
1635 1869 1756 1910 ἄμαρτία
1780 1865 1866 1903 δηλαδή

1080 1912 1125 1942 καὶ
1140 1914 1154 1941 ὁ
1169 1912 1277 1946 θάνατος
1290 1924 1297 1931 ·
1313 1913 1359 1942 καὶ
1373 1908 1407 1942 αὖ
1422 1913 1455 1942 δι’
1471 1913 1525 1947 ἑνὸς
1541 1908 1707 1953 ἀνῃρέθησαν
1725 1912 1866 1953 ἀνθρώπου,
1893 1922 1894 1925 ‘

1079 1959 1126 1986 τοῦ
1147 1958 1272 1997 Χριστοῦ.
1294 1957 1329 1988 Τί
1343 1958 1372 1988 δέ
1391 1959 1447 1988 ἐστι
1462 1958 1508 1995 τὸ,
1526 1969 1541 1987 α
1559 1958 1621 1999 Ἐφ’
1634 1953 1656 1999 ᾧ
1671 1958 1769 1992 πάντες
1783 1958 1867 1996 ἥμαρ-
1893 1981 1894 1993 χ

1079 2013 1172 2039 τον;ι›
1197 2002 1360 2040 Τουτέστιν,
1386 2002 1431 2032 ἐπί
1447 2004 1486 2032 τῶ
1511 2003 1596 2042 Ἀδὰμ
1621 2003 1720 2038 πάντες
1747 2002 1864 2042 ἥμαρτον.

1080 2047 1213 2080 Πεσόντος
1230 2047 1282 2087 γὰρ
1297 2047 1414 2085 ἐκείνου,
1431 2047 1477 2077 καὶ
1503 2049 1527 2078 οἱ
1552 2048 1589 2087 μὴ
1610 2048 1739 2089 φαγόντες
1762 2046 1812 2077 ἀπὸ
1830 2046 1867 2074 τοῦ

1080 2091 1156 2126 ξύλου
1183 2091 1320 2132 γεγόνασιν
1345 2092 1372 2127 ἐξ
1396 2093 1494 2124 ἐκείνου
1512 2088 1622 2132 θνητοὶ,
1635 2095 1670 2128 ὡς
1686 2093 1719 2124 ἂν
1742 2091 1786 2123 καὶ
1800 2088 1864 2121 αὐτοὶ

1079 2136 1256 2174 πταίσαντες,
1273 2136 1338 2167 διότι
1355 2138 1452 2172 ἐκεῖνος
1466 2137 1604 2169 ἔπταισεν.

1129 2237 1145 2256 α
1157 2224 1236 2268 Ἄχρι
1248 2226 1299 2266 γὰρ
1313 2226 1392 2266 νόμου
1407 2229 1423 2263 ἡ
1443 2227 1561 2269 ἃμαρτία
1577 2223 1609 2265 ἦν
1625 2229 1652 2258 ἐν
1664 2227 1758 2268 κόσμῳ
1769 2239 1776 2246 ·
1787 2225 1865 2265 ἆμαρ·

1078 2270 1122 2300 τία
1138 2271 1165 2302 δὲ
1177 2273 1225 2301 οὖκ
1240 2272 1388 2311 ἐλλογεῖται
1405 2272 1431 2291 ⁸²
1442 2272 1454 2283 ¹
1471 2273 1508 2312 μὴ
1524 2273 1598 2307 ὄντος
1611 2273 1703 2312 νόμου.
1717 2271 1788 2303 Ἀλλ’
1803 2269 1859 2300 ἐϐα-

1078 2315 1197 2346 σίλευσεν
1224 2318 1238 2345 ὁ
1261 2316 1373 2350 θάνατος
1400 2319 1447 2347 ἀπ’
1464 2317 1549 2356 Ἀδὰμ
1570 2318 1650 2358 μέχρι
1667 2317 1812 2352 Μωϋσέως,
1827 2312 1864 2343 καὶ

1078 2360 1122 2390 ἐπὶ
1146 2360 1205 2395 τοὺς
1232 2361 1269 2399 μὴ
1292 2361 1501 2402 ἁμαρτήσαντας
1525 2362 1571 2392 ἐπὶ
1589 2364 1628 2403 τῷ
1654 2363 1800 2401 ὁμοιώματι
1824 2359 1862 2393 ἧς

1078 2406 1257 2446 παραϐάσεως
1284 2405 1383 2444 Ἀδὰμ,
1408 2406 1436 2440 ὃς
1450 2408 1506 2436 ἐστι
1520 2406 1602 2440 τύπος
1624 2410 1670 2437 τοῦ
1687 2408 1856 2447 μέλλοντος.»

1079 2451 1184 2481 Σκοπὸν
1204 2450 1260 2491 ἔχει
1285 2450 1385 2490 δεῖξαι,
1408 2451 1449 2481 ὅτι
1464 2452 1510 2481 καὶ
1523 2453 1546 2482 οἱ
1564 2451 1602 2490 μὴ
1618 2453 1747 2493 φαγόντες
1761 2449 1809 2480 ἀπὸ
1822 2447 1860 2476 ιιόὖ

1079 2495 1174 2534 ξύλου,
1201 2495 1268 2534 μηδὲ
1290 2495 1487 2537 ἁμαρτάνοντες
1512 2496 1609 2536 ὁμοίως
1630 2499 1669 2538 τῷ
1685 2497 1783 2534 Ἀδὰμ,
1801 2493 1861 2531 ὅμω<

1079 2539 1123 2570 διὰ
1144 2540 1191 2576 τὴν
1207 2540 1307 2570 ἐκείνου
1330 2541 1464 2582 ἁμαρτίαν
1476 2565 1484 2580 ,
1505 2543 1541 2576 ὣς
1562 2542 1608 2571 καὶ
1626 2541 1702 2572 αὐτοὶ
1714 2538 1860 2582 ἁμαρτόντες

1078 2585 1226 2625 ἐλογίζοντο
1235 2609 1243 2623 ,
1263 2585 1310 2614 καὶ
1320 2581 1500 2624 ἀπέθνησκον.
1517 2587 1721 2622 Κατασκευάζει
1735 2581 1780 2617 οὖν
1794 2584 1860 2613 τοῦτο

1079 2629 1161 2664 οὕτως
1175 2641 1183 2649 ⁸
1197 2629 1329 2671 Ἃμαρτία
1342 2630 1450 2671 ἐκράτει
1468 2631 1532 2672 ἄχρι
1546 2633 1594 2668 τῆς
1607 2635 1654 2662 τοῦ
1671 2632 1751 2672 νόμον
1764 2628 1857 2659 δόσεως»

1077 2674 1213 2712 τουτέστι,
1228 2674 1274 2716 καὶ
1286 2675 1338 2716 πρὸ
1349 2677 1396 2706 τοῦ
1408 2676 1504 2715 νόμου.
1517 2676 1590 2707 Ποία
1603 2677 1692 2706 τοίνυν
1708 2673 1740 2714 ἦν
1757 2677 1772 2711 ἡ
1786 2673 1857 2716 ἆμαρ·

1076 2719 1120 2749 τίοι
1149 2719 1234 2758 tam;
1261 2714 1328 2760 Ἆρα
1346 2721 1384 2761 μὴ
1410 2714 1479 2758 ἧνέκ
1501 2723 1549 2758 τῆς
1571 2721 1751 2763 παραϐάσεως
1763 2721 1805 2749 τοῦ
1817 2714 1854 2745 ’16⁸

915 2783 1010 2814 Variae
1031 2783 1183 2815 lectiones.

260 2846 282 2864 ⁷⁷
299 2848 419 2883 πρότερον
433 2854 460 2876 o.
499 2846 522 2866 ¹¹⁸
539 2846 580 2875 ἴο.
595 2846 682 2874 αὺτοῦ.
719 2846 741 2864 ’⁷⁸
756 2847 852 2883 Χριστῷ
865 2854 891 2875 ο.
930 2846 952 2863 ⁸⁰
972 2845 1009 2874 ἴσ.
1026 2847 1110 2874 τοῦτο.
1149 2846 1170 2863 ³¹
1188 2846 1230 2873 καὶ
1243 2854 1270 2875 ο.
1308 2846 1331 2864 ⁸²
1345 2846 1416 2883 ἡμῶν
1431 2854 1472 2876 m.
1510 2847 1544 2864 ⁸³·
1559 2847 1693 2884 ἐλλογεῗτο
1710 2855 1737 2876 o.
