1901 3077
32 189 77 217 405

488 188 664 218 EXPOSITIO
683 189 716 218 IN
734 188 836 218 EPIST.
855 189 901 217 AD
920 189 1002 217 ROM.
1021 203 1057 210 —
1071 188 1147 217 CAP.
1170 189 1201 216 V.

1620 191 1673 220 406

33 261 97 290 μους
112 250 167 281 Καὶ
180 252 238 285 πῶς
253 251 362 288 τοιαύτη
377 251 499 292 ἁμαρτία
514 252 624 291 ἔμελλεν
640 247 708 282 ιῖναι
718 276 725 290 ,
741 253 820 292 νόμον

897 256 938 281 rat
952 256 1094 289 peccatum
1108 252 1197 280 istuc?
1211 252 1310 280 Nonne
1323 251 1398 288 quod
1421 256 1463 280 est
1475 260 1508 281 ex
1526 257 1675 291 transgres-

33 298 65 335 μὴ
82 296 169 333 ὄντος
200 296 330 336 Ἁμαρτία
359 296 410 337 γὰρ
435 297 494 327 τότε
519 297 669 337 λογίζεται,
696 297 739 328 ὅτι
763 298 820 328 ἔστι

32 341 116 379 νόμος·
132 341 178 371 καὶ
199 341 412 382 παραϐαίνοντες
428 345 521 373 τοῦτον
534 344 558 372 οἱ
578 342 721 384 ἄνθρωποι,
737 344 820 383 ἀναγ-

32 385 108 420 καίως
123 386 246 425 λέγονται
262 384 438 428 ἁμαρτάνειν.
455 387 535 418 Ἀλλὰ
550 387 603 428 μὴν
633 399 648 418 (ι
675 389 689 418 6
709 388 821 422 θάνατος

30 430 192 461 ἐϐασίλευσεν
210 431 274 473 ἄχρι
290 431 445 474 Μῗῳϋσέως,
470 443 486 462 n
506 432 641 474 τουτέστι,
655 433 703 463 καὶ
724 433 788 474 πρὶν
806 434 820 463 6

31 475 102 514 νόμος
115 477 178 515 δοθῇ
191 489 197 495 ·
221 475 290 507 ὥστε
314 473 345 514 ἦν
361 477 480 518 ἁμαρτία
495 479 528 508 δι’
544 473 575 514 ἧς
591 479 606 508 6
625 478 735 511 θάνατος
750 473 820 508 νέϐα-

33 520 149 551 σίλευσιν.
166 522 227 552 Οὐκ
240 521 272 552 ἃν
288 522 316 552 δὲ
332 522 517 560 ἐϐασίλευσαν,
533 524 556 554 εἴ
572 522 610 562 μὴ
630 518 661 560 ἦν
676 535 715 558 τις
730 523 819 564 ἆμαρ-

32 566 69 594 τία
84 568 234 598 σννιστῶσα
248 567 338 599 αὐτόν.
358 567 435 598 Ἐπεὶ
452 563 495 598 οὖν
514 569 660 609 ἀπεδείχθη
676 568 717 598 ὅτι
730 570 759 599 ίκ
774 563 820 604 ei;

30 611 202 651 παραϐάσεως
227 615 273 642 τοῦ
289 613 370 651 νόμου
394 613 513 655 ᾇμαρτία
534 613 607 643 οὔπω
629 609 677 651 ἧν,
699 614 819 644 λείπεται

31 656 73 692 τὴν
86 659 130 686 τοῦ
139 656 228 696 Ἀδὰμ.
243 657 377 698 ἁμαρτίαν
393 653 461 688 εἶναι
475 658 572 696 ταύτην
584 681 593 697 ,
618 658 650 689 δι’
664 659 698 696 ἣν
712 660 726 688 6
738 658 819 689 θάνα-

29 712 66 734 τος
87 701 244 732 ἐϐασίλευσε
268 703 312 732 καὶ
335 703 378 733 ἐπὶ
393 702 453 737 τοὺς
474 703 512 741 μή
528 703 694 743 ἁμαρτόντας
710 703 735 721 ⁸³
757 704 817 743 μὲν,

29 744 82 775 ὅσον
102 747 131 776 τὸ
146 748 186 787 ἐφ’
201 749 305 781 ἑαυτοῖς
322 747 420 788 (νόμον
441 747 495 788 γὰρ
509 747 548 788 μὴ
566 747 724 788 δεξάμενοι,
749 749 816 788 μηδὲ

29 790 189 830 παραϐάντες
221 794 336 831 τοῦτον,
362 791 419 822 οὐδὲ
448 793 570 832 λέγονται
600 793 815 834 ἡμαρτηκέναι),

29 835 90 874 ὅμως
125 836 218 876 μέντοι
245 837 289 867 ἐπὶ
319 839 357 878 τῷ
384 838 535 877 ὁμοιώματι
563 840 609 874 τῆς
637 839 816 880 παραϐάσιως

29 880 103 920 Ἀδὰμ
135 881 369 923 ἁμαρτήσαντας,
400 883 446 913 καὶ
483 883 622 917 κοινωνοὺς
661 884 814 923 γενομένους
829 903 853 935 Β

32 926 39 935 .
69 925 75 935 1
169 929 186 935 ..
284 927 290 935 ,
448 929 456 935 .
595 928 602 935 ,
709 929 720 935 .
761 931 769 935 -

30 925 111 966 ἐκείνῳ
140 929 186 956 τοῦ
222 927 411 966 πταίσματος,
442 929 477 962 ὣς
512 928 676 968 προπάτορι,
704 929 732 963 ὅς
758 931 814 959 ἐστι

28 970 99 1005 τύπος
120 974 164 1001 τοῦ
181 973 312 1012 Χριστοῦ.
339 972 390 1006 Ὧς
405 973 456 1013 γὰρ
471 974 485 1002 6
500 973 613 1008 παλαιὸς
639 973 723 1013 Ἀδὰμ
745 974 815 1004 πάν-

29 1027 69 1049 τας
86 1017 224 1051 ὑποδίκους
253 1017 362 1055 ἐποίησε
378 1020 416 1058 τῷ
435 1018 523 1057 οἰκείῳ
541 1018 709 1057 πταίσματι,
726 1019 814 1049 καίτοι

29 1060 60 1098 μή
86 1062 251 1097 πταίσαντας
275 1075 281 1083 ·
331 1063 400 1093 οὕτω
421 1063 468 1093 καὶ
494 1065 508 1093 6
534 1063 649 1103 Χριστὸς
673 1064 814 1094 ἐδικαίωσε

28 1105 138 1144 πάντας,
167 1107 258 1138 καίτοι
291 1107 328 1146 μὴ
353 1108 516 1141 δικαιώσεως
545 1107 605 1143 ἄξια
634 1109 810 1146 ποιήσαντας.

28 1150 71 1179 Διὰ
85 1155 160 1183 τοῦτο
171 1166 183 1180 ι
196 1153 278 1187 τύπος
289 1153 345 1183 ἐστὶ
356 1156 402 1183 τοῦ
414 1154 564 1192 μέλλοντος,
576 1168 588 1180 ιι
601 1154 733 1192 τουτέστι,
749 1155 812 1195 Χρι-

28 1206 91 1227 στου.

65 1253 77 1270 ι(
91 1241 159 1272 Ἀλλ’
178 1243 229 1283 οὐχ
254 1245 288 1276 ὥς
309 1243 341 1273 τὸ
362 1242 538 1283 παράπτωμα
551 1243 589 1281 ⁸⁵,
615 1243 685 1274 οὕτω
711 1244 758 1274 καὶ⁵
783 1245 813 1274 τὸ

27 1285 148 1326 χάρισμα.
175 1288 209 1318 Εἰ
221 1288 276 1328 γὰρ
291 1290 328 1329 τῷ
344 1290 389 1318 τοῦ
412 1288 468 1322 ἑνὸς
482 1289 682 1329 παραπτώματι
697 1291 721 1319 οἱ
744 1291 811 1319 πολ-

27 1330 62 1360 λοὶ
73 1332 213 1370 ἀπέθανον,
227 1335 321 1373 πολλῷ
341 1334 443 1372 μᾶλλον
458 1335 475 1369 ἡ
498 1333 574 1374 χάρις
589 1336 635 1364 τοῦ
658 1335 728 1364 Θεοῦ
739 1356 747 1371 ,
764 1334 810 1365 καὶ

26 1378 39 1411 ἡ
50 1376 143 1416 δωρεὰ,
159 1378 186 1406 ἐν
199 1377 294 1417 χάριτι
309 1382 353 1408 τοτ]
369 1378 423 1412 ἑνὸς
435 1378 575 1418 ἀνθρώπου
588 1379 677 1415 Ἰησοῦ
693 1380 809 1419 Χριστοῦ

27 1421 56 1454 ιῖς
76 1421 131 1455 τοὺς
154 1423 268 1456 πολλοὺς
291 1423 474 1463 ἐπερίσσευσε.
502 1424 557 1454 Καὶ
571 1425 622 1464 οὐχ
643 1426 677 1458 ὡς
696 1425 732 1454 δι’
756 1424 810 1458 ἑνὸς

27 1466 236 1505 ἁμαρτήσαντος,
260 1468 291 1498 τὸ
318 1468 441 1508 δώρημα.
466 1468 506 1498 Τὸ
528 1468 577 1507 μὲν
601 1468 653 1509 γὰρ
674 1473 758 1509 κρῖμα
781 1468 807 1503 ἐξ

27 1510 73 1544 ἑνὸς
84 1513 117 1558 εἰς
126 1512 279 1552 κατάκριμα
296 1525 302 1532 ·
317 1512 347 1542 1'6
361 1512 388 1543 δὲ
405 1513 529 1553 χάρισμα
548 1514 577 1543 ἐκ
592 1515 698 1544 πολλῶν
714 1525 807 1554 παροι-
824 1526 847 1558 C

25 1556 160 1594 πτωμάτων
183 1559 219 1592 εἷς
243 1558 390 1596 δικαίωμα.
404 1568 420 1586 n
445 1559 486 1587 Οὖ
503 1561 626 1588 τοσοῦτον
642 1558 721 1597 μόνον
731 1582 739 1595 ,
755 1571 808 1600 φη-

27 1599 73 1637 σὶν,
85 1601 216 1642 ὠφέλησεν
239 1604 254 1632 6
279 1602 392 1643 Χριστὸς
403 1624 412 1638 ,
432 1602 493 1633 ὅσον
510 1602 625 1644 ἔϐλαψεν
640 1606 654 1633 6
671 1603 757 1642 Ἀδάμ
770 1604 807 1635 ⁸⁵.

30 1645 56 1674 Εἰ
78 1645 124 1685 γὰρ
149 1649 166 1683 ἡ
192 1647 313 1688 ἁμαρτία
347 1651 468 1678 τοσοῦτον
500 1648 627 1688 ἴσχυσεν,
656 1647 724 1678 ὥστε
753 1648 809 1683 ἑνὸς

28 1690 172 1726 πταίσαντος
181 1715 190 1732 ,
204 1692 308 1726 πάντας
322 1691 381 1726 τοὺς
395 1693 421 1727 ἐξ
435 1692 535 1722 ἐκείνου
546 1716 554 1729 ,
568 1693 656 1723 καίτοι
671 1693 709 1732 μὴ
724 1693 809 1723 πταί-

26 1745 126 1774 σαντας,
140 1739 333 1778 κατακριθῆναι
344 1749 351 1756 ·
369 1738 460 1778 πολλῷ
475 1738 577 1776 μᾶλλον
596 1740 612 1774 ἡ
633 1738 712 1778 χάρις
723 1740 740 1774 ἡ
762 1741 809 1768 τοῦ

27 1779 87 1809 Θεῶ
101 1782 143 1811 καὶ
165 1782 289 1822 Πατρὸς,
306 1783 336 1812 οὗ
357 1781 438 1821 μόνου
463 1781 578 1821 τούτου,
606 1783 676 1812 ἀλλὰ
697 1782 743 1812 καὶ
762 1786 809 1813 τοῦ

27 1825 84 1854 Υἷοῦ
97 1827 188 1865 αὐτοῦ,
212 1829 250 1861 εἰς
274 1827 335 1861 τοὺς
359 1826 472 1860 πολλοὺς
496 1827 667 1867 πιρισσεύσει
690 1828 810 1868 δαψιλῶς

29 1871 116 1909 ῥυεῖσα.
129 1872 182 1902 Καὶ
197 1873 247 1902 οὐκ
263 1872 339 1902 ἔσται
355 1872 385 1902 τὸ
399 1872 512 1913 δώρημα
527 1875 572 1902 τοῦ
593 1873 662 1902 Θεοῦ
677 1875 810 1909 τοσοῦτον,

28 1915 78 1944 ὅσον
92 1916 134 1946 καὶ
147 1917 179 1947 τὸ
192 1918 225 1947 δι’
242 1917 299 1951 ἑνὸς
324 1917 532 1956 ἁμαρτήσαντος
556 1917 727 1957 κατάκριμα;
742 1931 754 1943 ε
769 1918 808 1948 Τὸ

30 1958 69 1997 μὲν
83 1961 129 2001 γὰρ
143 1966 243 2002 κρῖμα,
260 1976 272 1988 n
287 1961 421 1992 τουτέστιν
431 1985 439 1997 ,
453 1962 667 2002 ἡεῦκατάκριτος
681 1962 708 1982 ⁸⁶
722 1962 810 2003 ἆμαρο

29 2004 77 2042 τῖα,
91 2019 103 2032 ι
117 2006 143 2041 ἔξ
158 2007 211 2042 ἐνὸς
222 2019 237 2036 n
257 2009 303 2036 τοῦ
320 2007 404 2045 Ἀδὰμ
417 2009 524 2048 ῥυεῖσα,
542 2017 555 2036 (ι
566 2009 601 2041 εἷς
617 2007 783 2047 κατάκριμα,
797 2022 810 2034 -

29 2050 163 2088 τουτέστιν,
180 2053 217 2086 εἰς
233 2052 363 2091 θάνατον,
382 2052 400 2088 ἢ
421 2052 467 2082 καὶ
482 2052 589 2086 πλείους
604 2052 752 2092 ἁμαρτίας,
768 2053 810 2083 ἀεὶ

29 2098 74 2128 τοῖς
87 2095 111 2130 ἐξ
124 2097 222 2127 ἐκείνου
240 2097 356 2136 ἐγίνετο,
379 2096 450 2128 ὥστε
473 2099 584 2131 πολλαῖς
607 2097 749 2138 ἁμαρτίαις
764 2097 810 2127 καὶ

29 2140 122 2180 θανάτῳ
135 2143 291 2182 ἐνσχεθῆναι
304 2141 365 2177 τοὺς
381 2141 545 2182 ἀνθρώπους.
566 2156 578 2169 ι
594 2142 634 2172 Τὸ
648 2142 676 2171 δὲ
689 2142 810 2182 χάρισμα

31 2184 55 2212 ἐκ
67 2186 165 2216 πολλῶν
179 2187 409 2228 παραπτωμάτων
424 2189 460 2222 εἷς
478 2187 612 2226 δικαίωμα
622 2210 630 2224 ,
642 2201 653 2213 ι
668 2187 812 2224 τουτέστιν,

31 2230 45 2263 ἡ
58 2230 127 2270 χάρις
147 2233 175 2261 οὗ
189 2232 237 2269 τὴν
250 2233 314 2272 μίαν
327 2232 428 2269 ἐκείνην
444 2233 545 2262 ἀνεῖλεν
559 2232 693 2273 ἁμαρτίαν
711 2232 807 2271 μόνον,

32 2273 91 2303 ἀλλὰ
107 2276 151 2306 καὶ
173 2277 219 2311 τὰς
241 2278 300 2315 μετ’
326 2277 430 2313 ἐκείνην
453 2276 666 2312 ἔπεισελθούσας.
692 2277 808 2308 Πάντων

31 2317 74 2358 γὰρ
93 2321 143 2350 τῶν
165 2322 233 2360 μετὰ
251 2322 300 2359 τὴν
315 2322 469 2362 παράϐασιν
487 2321 716 2363 παραπτωμάτων
735 2322 810 2352 λύσιν

33 2363 102 2393 δοῦσα
110 2387 118 2401 ,
130 2367 164 2399 εἰς
176 2367 312 2397 δικαίωσιν
325 2369 389 2406 ἡμῖν
404 2367 515 2407 ἐγένετο.

68 2420 82 2435 ι
96 2410 128 2439 Εἰ
149 2410 199 2451 γὰρ
223 2414 261 2453 τῷ
283 2414 330 2442 τοῦ
356 2412 410 2446 ἑνὸς
438 2411 639 2452 παραπτώματι
663 2414 678 2442 6
702 2411 811 2447 θάνατος

34 2451 175 2486 ὶόασίλευσε
189 2456 232 2486 διὰ
247 2451 302 2487 ’τοῦ
325 2457 381 2491 ἑνὸς
393 2481 400 2494 ,
417 2451 509 2498 πολλῷ
525 2458 628 2496 μᾶλλον
650 2457 675 2486 οἳ
692 2457 739 2493 τὴν
759 2469 811 2487 πε-

34 2499 138 2542 ρισσείαν
162 2503 207 2537 ἧς
232 2501 357 2542 χάριτος,
383 2502 429 2532 καὶ
453 2502 502 2539 τὴν
520 2502 620 2542 δωρεὰν
635 2504 682 2538 τῆς
709 2503 812 2533 δικαιο-

34 2540 102 2587 πάγης
119 2540 296 2584 λαμϐάνοντές
313 2547 350 2586 ³⁷,
376 2548 402 2577 ἐν
418 2548 472 2587 ζωῇ
497 2540 685 2587 βασιλεύσουσι
702 2547 747 2578 διὰ
767 2551 813 2578 τοῦ

34 2585 81 2634 ἑνὸς
98 2587 181 2625 Ἰησοῦ
207 2585 345 2633 Χριστοῦ.
376 2591 442 2633 Ἄρα
460 2585 508 2622 ὀὖν
529 2594 564 2626 ὥς
592 2592 624 2622 δι’
644 2592 699 2627 ἑνὸς
725 2604 812 2634 παρα-

33 2630 159 2670 πτώματος
174 2637 210 2670 εἷς
234 2630 337 2672 πάντας
357 2630 511 2677 ἀνθρώπους
531 2638 567 2672 εἷς
583 2630 816 2678 κατάκριμαξοῦ-

35 2686 67 2723 ’ξω
79 2677 120 2723 καὶ
130 2680 161 2708 δι’
177 2681 230 2716 ἑνὸς
245 2682 426 2722 δικαιώματος
445 2683 482 2717 εἷς
493 2682 596 2717 πάντας
613 2677 766 2723 ἀνθρώπους
780 2684 816 2718 εἷς

36 2719 158 2754 δικαίωσιν
170 2727 247 2764 ζωῆς.
265 2740 278 2754 ι
293 2729 327 2758 Εἰ
339 2719 370 2758 τὸ
380 2731 472 2769 φαγεῖν
488 2727 598 2758 ἀπὸτοῦ
615 2719 691 2763 ξύλου
706 2727 753 2758 ἕνα
768 2728 814 2758 ἅν-

823 2260 849 2292 D

875 299 953 326 sione
967 298 1052 334 legis?
1068 299 1107 326 At
1122 297 1262 334 quomodo
1278 297 1331 325 tale
1343 302 1484 334 peccatum
1498 306 1557 328 esse
1571 302 1673 338 potuit,

875 352 940 374 cum
961 345 1003 374 lex
1016 353 1073 374 non
1085 346 1176 374 esset?
1189 346 1338 374 Peccatum
1349 344 1424 374 enim
1437 349 1498 373 tum
1511 345 1670 383 imputatur,

874 390 983 427 quando
1001 394 1043 419 est
1061 390 1105 419 lex
1121 398 1129 417 :
1152 393 1182 418 et
1199 390 1245 426 qui
1262 388 1333 418 hanc
1355 389 1604 426 transgrediuntur,
1625 400 1672 421 ne-

873 435 992 465 cessario
1012 435 1142 465 dicuntur
1162 441 1285 472 peccare.
1305 434 1389 471 Atqui
1411 444 1427 461 α
1453 436 1530 464 Mors
1548 437 1672 473 regnavit

873 481 907 509 ad
920 488 1007 518 usque
1027 481 1135 516 Mosen,
1160 491 1174 506 ν
1195 479 1248 508 hoc
1264 483 1315 513 est,
1338 479 1497 517 priusquam
1518 481 1602 510 etiam
1623 482 1670 511 lex

873 525 993 555 ferretur
1016 536 1022 555 :
1047 527 1138 563 itaque
1163 530 1308 562 peccatum
1333 529 1410 560 erat,
1432 533 1481 562 per
1501 525 1577 563 quod
1592 535 1670 556 mors

873 571 1006 608 regnavit.
1020 572 1082 600 Non
1090 575 1232 608 regnasset
1243 574 1348 604 autem,
1356 570 1410 599 nisi
1417 569 1515 599 fuisset
1527 575 1669 607 peccatum

872 616 1011 653 quoddam
1026 617 1114 652 ipsam
1126 616 1303 645 constituens.
1317 615 1388 651 Quia
1408 623 1473 644 vero
1492 615 1668 645 demonstra-

871 665 934 690 tum
956 665 1007 696 est,
1034 660 1109 698 quod
1135 665 1276 698 peccatum
1298 669 1332 689 ex
1353 661 1571 697 transgressione
1602 661 1668 698 legis

871 706 995 735 nondum
1005 711 1075 740 erat.
1085 710 1179 741 restat,
1190 709 1341 742 peccatum,
1353 705 1453 734 Adami
1463 705 1537 734 istud
1548 713 1609 735 esse
1620 714 1668 743 per

871 751 946 788 quod
971 759 1046 780 mors
1063 751 1187 788 regnavit
1200 751 1285 780 etiam
1310 751 1339 779 in
1361 758 1420 786 eos,
1447 751 1502 787 qui,
1531 755 1667 787 quantum

871 796 984 833 quidem
1011 796 1038 825 in
1061 796 1127 833 ipsis
1151 800 1220 830 erat,
1247 803 1305 824 non
1330 799 1477 832 peccarunt
1499 797 1576 830 (nam
1602 804 1668 826 cum

872 841 960 878 legem
973 841 1098 870 nondum
1117 841 1294 877 accepissent,
1313 848 1402 878 neque
1415 841 1491 870 illam
1504 843 1667 879 transgressi

871 885 994 921 fuissent,
1008 894 1133 923 peccasse
1147 894 1204 915 non
1216 886 1366 920 dicuntur),
1380 890 1503 915 attamen
1517 886 1547 915 in
1566 887 1667 916 simili-

869 931 965 960 tudine
974 931 1200 968 transgressionis
1211 931 1311 960 Adami
1323 934 1512 966 peccaverunt,
1522 939 1554 960 ac
1563 932 1666 968 peccati

867 976 1013 1012 participes
1029 975 1092 1004 iacti
1112 979 1177 1004 sunt
1188 983 1252 1004 cum
1269 975 1314 1004 illo
1334 979 1465 1011 tanquam
1480 976 1663 1012 progenitore,

867 1021 914 1057 qui
936 1025 978 1049 est
992 1020 1079 1057 ﬁgura
1092 1020 1204 1051 Christi.
1222 1021 1262 1048 Ut
1276 1020 1348 1048 enim
1363 1024 1440 1048 vetus
1458 1020 1549 1049 Adam
1567 1028 1664 1050 omnes

867 1065 1002 1094 obnoxios
1016 1065 1082 1094 fecit
1098 1066 1210 1102 proprio
1220 1064 1349 1102 suiipsius
1362 1065 1467 1101 lapsui,
1482 1065 1592 1094 etiamsi
1604 1074 1663 1095 non

867 1115 945 1139 erant
959 1110 1025 1146 lapsi
1043 1121 1049 1139 :
1064 1111 1104 1138 sic
1123 1110 1246 1139 Christus
1259 1118 1355 1139 omnes
1364 1109 1537 1147 justiﬁcavit,
1556 1110 1664 1140 etiamsi

863 1155 1060 1192 justiﬂcatione
1074 1155 1156 1191 digna
1172 1163 1229 1184 non
1249 1155 1454 1191 transegissent.
1481 1156 1598 1192 Propter
1609 1156 1662 1184 hoc

866 1212 879 1225 ιι
894 1204 976 1237 typus
990 1204 1032 1229 est
1045 1200 1140 1233 futuri,
1159 1212 1171 1224 ι
1185 1200 1213 1229 id
1226 1204 1277 1234 est,
1301 1200 1412 1229 Christi.

900 1246 989 1274 Vens.
1016 1248 1060 1278 15.
1078 1248 1120 1274 16.
1138 1255 1152 1270 α
1178 1245 1231 1274 Sed
1246 1253 1302 1274 non
1322 1245 1393 1273 sicut
1415 1244 1557 1280 delictum,
1581 1246 1618 1274 ita
1636 1250 1664 1275 et

864 1289 980 1318 donum.
996 1290 1026 1318 Si
1044 1291 1117 1319 enim
1132 1290 1213 1319 unius
1234 1289 1336 1318 delicto
1355 1290 1436 1318 multi
1455 1294 1521 1319 sunt
1547 1292 1663 1326 mortui,

865 1335 952 1363 multo
967 1335 1055 1371 magis
1074 1335 1163 1372 gratia
1185 1335 1236 1364 Dei
1250 1338 1279 1364 et
1295 1334 1412 1369 donum,
1427 1335 1455 1363 in
1475 1336 1564 1372 gratia
1581 1337 1662 1365 unius

864 1379 986 1408 hominis
999 1381 1065 1408 Jesu
1079 1379 1192 1414 Christi,
1207 1380 1237 1408 in
1260 1380 1364 1408 multos
1377 1379 1538 1409 abundavit.
1555 1383 1592 1410 Et
1606 1389 1663 1409 non

862 1424 934 1453 sicut
947 1432 996 1460 per
1010 1433 1095 1453 unum
1115 1425 1162 1461 qui
1183 1429 1352 1461 peccaverat,
1378 1424 1494 1453 donum.
1521 1425 1662 1455 Iudicium

863 1469 935 1497 enim
951 1477 984 1498 ex
999 1477 1056 1498 uno
1070 1469 1106 1498 ad
1121 1469 1393 1504 condemnationem,
1407 1469 1512 1499 donum
1524 1475 1618 1500 autem
1631 1478 1664 1500 ex

862 1514 957 1542 multis
969 1513 1078 1542 delictis
1090 1513 1126 1543 ad
1135 1514 1375 1550 justiﬁcationem.
1389 1526 1402 1540 n
1420 1515 1476 1551 39
1488 1516 1551 1544 Non
1562 1515 1665 1545 solum-

863 1558 947 1587 modo
973 1562 1082 1587 tantum
1115 1559 1218 1596 profuit
1245 1559 1381 1593 Christus,
1408 1564 1542 1596 quantum
1570 1561 1664 1589 nocuit

863 1603 963 1632 Adam.
978 1603 1005 1632 Si
1018 1605 1091 1632 enim
1103 1609 1245 1640 peccatum
1256 1608 1364 1633 tantum
1378 1605 1478 1641 potuit,
1494 1609 1526 1633 ut
1535 1605 1572 1634 ob
1584 1605 1665 1634 unius

863 1648 970 1685 lapsum
983 1656 1082 1678 omnes
1091 1649 1149 1685 ejus
1159 1649 1272 1686 posteri.
1287 1649 1461 1678 etiamsinon
1474 1655 1663 1686 peccaverant.

862 1693 1124 1728 condemnarentur;
1144 1695 1232 1723 multo
1247 1695 1335 1731 magis
1349 1695 1438 1731 gratia
1452 1695 1503 1724 Dei
1517 1699 1546 1724 et
1559 1696 1661 1731 Patris,

862 1742 890 1766 et
903 1746 960 1767 non
972 1739 1056 1768 solius
1066 1739 1156 1776 hujus,
1166 1747 1262 1768 verum
1275 1740 1359 1768 etiam
1370 1740 1431 1768 Filii
1445 1740 1500 1776 sui,
1516 1740 1546 1768 in
1562 1741 1664 1770 multos

862 1783 1024 1812 exuberabit
1036 1784 1146 1820 largiter
1160 1785 1258 1813 ﬂuens.
1278 1786 1335 1812 Nec
1348 1785 1401 1813 erit
1414 1784 1521 1813 donum
1533 1785 1585 1814 Dei
1598 1790 1659 1815 tan-

863 1832 935 1861 tum.
950 1833 1051 1865 quanta
1063 1833 1107 1857 est
1123 1837 1184 1865 quae.
1201 1836 1251 1866 per
1270 1836 1358 1858 unum
1370 1829 1577 1866 delinquentem
1587 1831 1662 1860 venit

863 1873 1073 1902 condemnatio?
1090 1885 1102 1898 ι
1120 1874 1260 1902 Iudicium
1280 1873 1366 1908 enim,
1383 1886 1396 1900 ι
1420 1874 1474 1902 hoc
1496 1879 1549 1909 est,
1566 1883 1661 1912 pecea-

863 1923 924 1947 tum
937 1918 1161 1949 condemnationi
1185 1918 1350 1953 obnoxium,
1366 1930 1379 1944 -
1395 1926 1428 1947 ex
1445 1927 1501 1948 uno
1527 1931 1538 1944 ιι
1554 1920 1662 1949 Adamo

864 1964 1014 2001 proﬂuens,
1031 1975 1044 1989 α
1058 1963 1092 1992 ad
1103 1963 1376 1996 condemnationem,
1393 1973 1408 1991 ν
1420 1963 1473 1992 hoc
1487 1968 1529 1993 est
1542 1964 1577 1993 ad
1587 1973 1661 1994 mor-

864 2013 930 2045 tem,
957 2013 986 2038 et
1004 2009 1081 2046 plura
1101 2013 1219 2045 peccata,
1243 2016 1387 2045 nunquam
1412 2017 1468 2038 non
1492 2009 1521 2037 in
1546 2010 1663 2047 posteris

864 2055 978 2088 exstitit,
994 2058 1024 2083 ut
1037 2058 1064 2083 et
1078 2054 1173 2083 multis
1192 2054 1314 2091 peccatis
1328 2058 1356 2083 et
1369 2058 1461 2083 morte
1474 2054 1663 2085 detinerentur

865 2100 1003 2128 homines.
1020 2110 1032 2125 α
1049 2101 1160 2128 Donum
1176 2103 1270 2128 autem
1285 2107 1317 2128 ex
1332 2099 1428 2128 multis
1447 2099 1554 2129 delictis
1568 2101 1604 2130 ad
1614 2102 1661 2138 ju-

865 2145 1070 2179 stiﬁcationem,
1093 2157 1107 2170 ι
1131 2145 1185 2173 hoc
1210 2148 1262 2179 est,
1283 2144 1382 2181 gratia.
1410 2152 1467 2173 non
1484 2153 1571 2174 unum
1596 2146 1663 2176 illud

866 2194 1009 2226 peccatum
1024 2190 1115 2218 solum
1125 2190 1248 2222 abstulit,
1263 2197 1358 2218 verum
1371 2189 1455 2218 etiam
1466 2190 1515 2219 alia
1527 2199 1590 2228 quae
1601 2195 1664 2228 post

865 2235 930 2264 illud
939 2235 1097 2264 invaserunt
1105 2235 1257 2263 hominem.
1264 2235 1399 2264 Omnium
1404 2235 1477 2263 enim
1486 2240 1548 2271 post
1555 2236 1662 2272 lapsum

866 2284 1045 2316 peccatorum
1059 2279 1251 2309 dimissionem
1264 2279 1380 2314 donans.
1397 2280 1425 2308 in
1435 2279 1662 2316 justiﬁcationem

866 2325 946 2354 nobis
960 2325 1051 2353 csit.

901 2417 987 2445 Vsns.
1005 2418 1049 2450 17,
1065 2417 1108 2444 is.
1130 2424 1144 2442 α
1163 2415 1192 2444 Si
1214 2416 1291 2445 enim
1313 2416 1397 2446 unius
1410 2416 1510 2446 delicto
1523 2425 1599 2447 mors
1617 2426 1663 2448 re-

865 2460 959 2499 gnavit
974 2468 1021 2497 per
1034 2468 1134 2496 unum,
1148 2461 1236 2489 multo
1249 2462 1339 2498 magis
1353 2462 1552 2493 abundantiam
1570 2464 1664 2500 gratiae

866 2514 898 2535 ac
923 2507 1029 2535 donum
1053 2506 1166 2543 iustitia:
1186 2507 1358 2543 accipientes,
1388 2507 1416 2536 in
1437 2508 1493 2537 vita
1512 2509 1665 2546 regnabunt

868 2560 916 2589 per
931 2559 1020 2580 unum
1039 2553 1135 2580 Iesum
1149 2551 1300 2581 Christum.
1317 2553 1407 2590 Igitur
1432 2553 1502 2582 sicut
1515 2562 1564 2590 per
1581 2554 1665 2583 unius

867 2597 1000 2626 delictum
1014 2597 1044 2625 in
1068 2604 1168 2626 omnes
1181 2596 1308 2626 homines
1330 2597 1366 2626 ad
1393 2598 1665 2634 condemnationem,

867 2642 908 2670 sic
921 2649 971 2678 per
985 2642 1065 2671 unius
1074 2642 1213 2678 justitiam
1232 2642 1261 2671 in
1273 2650 1372 2672 omnes
1390 2643 1516 2672 homines
1531 2643 1567 2671 ad
1586 2643 1666 2679 justi-

868 2687 1023 2715 tlcationem
1037 2687 1114 2716 vitae.
1134 2698 1148 2712 ι
1174 2687 1202 2716 Si
1221 2687 1303 2716 unius
1329 2688 1451 2717 hominis
1473 2687 1606 2716 comestio
1630 2687 1666 2717 de

867 2732 943 2770 ligno
957 2736 1078 2761 mortem
1092 2732 1158 2761 fecit
1181 2740 1307 2770 regnare,
1330 2733 1420 2762 multo
1434 2733 1520 2770 magis
1538 2740 1600 2768 nos,
1619 2733 1666 2770 qui

709 2777 803 2808 Variae
825 2778 976 2809 lectiones.

67 2815 86 2832 ⁸³
110 2817 288 2854 ἁμαρτάνοντας
315 2829 341 2851 o.

40 2821 86 2870 υἷ’
100 2821 288 2870 ειξμ-αρτάνοντοις
315 2829 341 2851 o.
391 2821 413 2839 ⁸⁵
439 2822 597 2859 παράπτωμα
623 2821 696 2859 ἡμῶν
722 2822 773 2850 ἔστι
799 2831 839 2852 m.

69 2855 179 2891 λαϐόντες
189 2868 216 2889 o.

891 2823 913 2840 π’
942 2822 981 2850 ἴα.
1013 2821 1080 2849 ἀλλὰ
1107 2822 1197 2859 πολλῷ
1223 2822 1310 2851 πλεῖον
1334 2831 1361 2852 o.
1412 2823 1434 2841 ⁸⁸
1458 2823 1601 2860 κατάκριτος
1624 2831 1664 2852 m.
