1901 3077
227 196 279 225 407

735 194 993 223 THEOPHYLACTI
1011 194 1190 223 BULGARIIE
1207 194 1363 223 ARCHIEP.
1825 195 1865 222 I08

228 261 324 297 gratia:
338 268 400 288 cum
417 259 632 292 exuberantiam,
658 262 719 286 tum
741 258 848 294 copiam
872 261 899 285 et
913 257 1045 293 largita-,

1089 261 1195 297 ipwwov,
1212 258 1256 287 τὸν
1273 258 1385 288 θάνατον
1397 257 1505 293 ἐποιήσε
1518 259 1676 297 βασιλεῦσαι
1687 269 1694 276 ·
1705 258 1800 296 πολλῷ
1815 259 1867 295 μᾶ)-

228 310 285 334 tcm
308 305 464 340 accepimus
488 309 516 332 et
538 303 680 340 justiﬂcati
710 311 816 335 sumus.
846 303 971 330 vivemus
1000 307 1028 330 et

230 349 408 386 regnabimus
424 357 472 385 per
494 357 581 376 unum
603 349 700 376 Jesum
715 347 867 379 Christum,
882 347 960 383 cujus
973 346 1028 375 fra-

230 400 286 423 tres
309 403 416 426 sumus,
433 394 502 422 etin
526 393 651 430 ejusdem
675 393 800 429 corporis
826 393 959 420 unitatem
983 400 1027 420 as-

232 439 349 476 sumpti,
375 443 402 467 et
425 439 497 467 sicut
522 447 621 474 corpus
642 438 731 474 capiti,
756 437 796 465 sic
819 446 871 465 nos
887 437 936 473 ipsi
958 437 1029 465 uniti

231 492 328 513 sumus
341 489 362 511 ν.
380 485 437 512 Nec
450 484 525 512 enim
541 484 656 519 simplex
672 487 699 510 et
714 482 795 510 unius
808 482 909 518 speciei
923 482 1028 510 bonum

232 529 400 565 accepimus,
417 532 447 556 ut
461 528 545 556 etiam
560 528 594 556 de
607 527 707 556 futuris
721 527 890 561 dubitemus,
905 526 954 555 sed
964 535 1028 554 exu-

231 573 353 602 berantia
373 573 470 610 gratiae
494 577 589 601 nostra
604 573 676 600 bona
689 577 774 600 sunt:
791 571 1029 608 quemadmodum

231 619 255 648 si
276 619 339 655 quis
354 625 409 647 aere
426 618 517 646 alieno
538 618 697 652 obstrictus,
712 621 740 645 et
759 617 788 644 in
811 624 952 645 carcerem
963 624 1029 645 cum

232 671 316 692 uxore
337 667 364 691 et
379 663 472 691 liberis
490 663 640 699 conjectus,
661 670 717 690 non
732 663 822 690 solum
835 669 851 690 a
873 669 982 690 carcere
1003 665 1030 690 et

233 715 251 736 a
264 707 357 736 debito
377 708 517 741 liberetur,
540 715 634 735 verum
654 706 738 735 etiam
762 706 906 734 innumera
929 707 1030 735 talenta

232 753 357 788 accipiat,
371 760 404 781 ac
430 753 460 780 in
481 752 587 788 regiam
612 751 705 780 aulam
726 751 901 780 introductus
919 759 1030 779 summo

233 797 340 826 honore
355 797 502 832 afﬁciatur,
517 797 645 833 regisque
664 796 734 824 ﬁlius
748 796 940 824 constituatur.
956 797 1030 825 Con-

232 842 347 871 eludens
362 842 445 878 igitur
459 841 636 875 sententiam,
659 841 700 869 ait
719 850 726 869 :
752 840 872 869 Proinde
891 841 962 869 sicut
982 848 1031 877 per

233 887 316 916 unius
330 886 462 914 delictum
476 886 568 922 (quod
578 893 661 922 supra
673 885 810 922 judicium
827 885 944 919 vocavit,
957 893 1031 914 nunc

1081 304 1125 333 λον
1141 305 1217 341 ἡμεῖς
1229 305 1251 332 οἱ
1266 302 1314 338 τὴν
1327 302 1479 343 περισσείαν
1494 304 1539 332 καὶ
1554 303 1692 342 δαψίλειαν
1706 303 1756 337 τῆς
1777 302 1868 341 χάριτος

1082 349 1221 385 λαϐόντες,
1246 349 1292 378 καὶ
1308 349 1508 385 δικαιωθέντες,
1524 349 1658 386 ζησόμεθα
1682 347 1729 377 καὶ
1756 348 1869 385 βασιλεὺ-

1082 406 1161 433 σομεν
1194 394 1237 423 διὰ
1268 397 1313 423 τοῦ
1340 394 1397 428 ἑνὸς
1422 394 1512 429 Ἰησοῦ
1548 395 1684 433 Χριστοῦ,
1711 388 1744 421 οὗ
1775 393 1871 432 ἆδελροί

1082 441 1182 478 ἐσμεν,
1203 439 1249 469 καὶ
1264 439 1402 477 σύσσωμοι
1425 441 1506 469 αὐτοῦ
1527 439 1704 477 κατέστημεν,
1731 438 1780 468 καὶ
1793 437 1871 478 ὥσπερ

1082 485 1160 522 σῶμα
1192 485 1312 525 κεφαλῇ,
1337 484 1419 517 οὕτως
1444 484 1517 524 αὐτῷ
1543 484 1668 521 ἡνώμεθα
1691 482 1730 514 ⁸³.
1760 483 1808 517 Μὴ
1828 483 1868 521 γὶιρ

1083 529 1182 559 ἁπλοῦν
1198 530 1243 559 καὶ
1256 529 1388 567 μονοειδὲς
1406 528 1504 568 ἀγαθὸν
1520 528 1651 565 ἐλάϐομεν
1662 551 1671 565 ,
1687 527 1734 557 ἵνα
1753 527 1800 556 καὶ
1814 527 1868 567 πρὸς

1081 573 1115 603 τὰ
1141 574 1272 611 μέλλοντα
1297 573 1474 611 ἐνδοιάσωμεν
1491 585 1498 592 ·
1523 573 1592 603 ἀλλὰ
1612 572 1753 613 περισσεία
1776 571 1871 612 χάριτος

1082 621 1147 656 ἡμῖν
1162 618 1195 647 τὰ
1210 618 1296 657 ἀγαθά
1309 630 1316 637 ·
1331 618 1422 657 ὥσπερ
1438 618 1461 647 εί
1479 629 1519 652 τις
1534 618 1647 658 ὀφείλων
1662 616 1768 654 πολλὰ,
1781 616 1827 646 καὶ
1834 617 1870 658 εἷς

1083 655 1203 704 φυλακὴν
1224 655 1365 701 ἐμϐληθεὶς
1382 655 1451 702 μετὰ
1471 655 1594 702 γυναικὸς
1617 663 1662 692 καὶ
1679 662 1802 699 παίδων,
1826 655 1871 690 εἶτα

1083 710 1111 738 οὐ
1127 708 1205 746 μόνον
1223 708 1390 747 ἀπαλλαγείη
1415 710 1463 744 τῆς
1483 708 1603 747 φυλακῆς
1624 707 1670 736 καὶ
1695 710 1743 736 τοῦ
1765 705 1871 746 χρέους1

1083 752 1152 783 ἀλλὰ
1168 752 1214 782 καὶ
1229 753 1311 792 μυρία
1325 753 1443 782 τάλαντα
1462 751 1557 788 λάϐοι,
1571 751 1617 781 καὶ
1631 753 1667 785 εἰς
1681 752 1823 791 βασιλικὰς
1836 752 1871 779 αὖ·

1082 797 1131 831 λὰς
1141 797 1281 837 εἰσαχθεὶς,
1298 799 1376 835 τιμῆς
1387 797 1413 816 ⁸9
1431 796 1553 832 ἀξιωθείη
1567 798 1671 837 ὕψηλῆς
1684 796 1733 826 καὶ
1748 795 1868 835 βασιλέως

1083 843 1135 876 υἱὸς
1151 842 1262 881 γένοιτο.
1282 841 1475 881 Συμπεραίνων
1497 841 1583 871 τοίνυν
1598 841 1628 870 τὸ
1647 841 1755 880 νόημα,
1780 839 1869 880 φησίν·

1083 885 1149 927 ΙἎρα
1180 881 1224 916 οὖν
1250 888 1285 920 ὥς
1316 886 1349 915 δι’
1375 886 1429 919 ἑνὸς
1464 885 1685 927 παραπτώματος
1712 886 1750 918 εἷς
1779 884 1870 917 πάντας

233 931 364 960 delictum
376 931 521 959 nominans
532 951 540 965 ,
557 931 611 959 hoc
628 934 685 964 est,
701 930 803 959 Adami
821 930 980 967 peccatum)
1002 931 1031 959 in

1089 925 1237 972 ὶνθρώπους
1252 927 1331 968 ἦλθεν
1345 934 1361 967 ἡ
1385 931 1491 971 κατάρα
1516 931 1599 971 (ὅπερ
1621 925 1694 960 εἷπεν
1711 930 1768 959 ἄνω
1782 933 1870 968 κρῖμα,

232 983 329 1005 omnes
343 976 468 1004 homines
481 975 639 1012 supervenit
650 975 817 1009 maledictio,
832 975 873 1003 sic
888 983 936 1012 per
945 975 1028 1012 justi-

231 1021 301 1049 tiam
322 1020 404 1049 unius
418 1020 532 1055 Christi,
546 1020 574 1048 in
589 1028 687 1048 omnes
702 1020 827 1048 homines
841 1020 938 1057 gratia,
961 1020 1030 1049 dans

231 1065 298 1102 ipsis
320 1070 348 1094 et
357 1065 585 1102 justilicationem
608 1073 659 1102 pro
683 1069 807 1101 peccato,
833 1069 861 1094 et
875 1065 961 1094 vitam
979 1073 1030 1102 pro

233 1114 332 1140 morte.

267 1201 356 1229 Vnns.
373 1202 416 1228 19.
434 1210 447 1224 ιι
462 1199 538 1228 Sicut
554 1199 629 1228 enim
649 1206 699 1235 per
713 1198 930 1228 inobedientiam
947 1199 1030 1228 unius

234 1244 355 1274 hominis
377 1248 534 1281 peccatores
562 1243 706 1273 constituti
731 1248 795 1272 sunt
823 1244 919 1278 multi,
938 1243 976 1272 ita
1003 1247 1032 1272 et

234 1298 283 1326 per
296 1289 487 1318 obedientiam
500 1289 583 1318 unius
592 1289 661 1325 justi
685 1289 892 1317 constituentur
906 1289 998 1317 multi.
1016 1300 1030 1314 ι

232 1335 296 1363 Non
307 1338 349 1363 est
361 1334 449 1363 otiosa
462 1333 585 1370 ejusdem
594 1334 732 1370 repetitio,
743 1338 774 1362 ut
782 1338 897 1370 apparet
912 1343 919 1361 :
936 1341 1031 1362 verum

233 1387 297 1408 cum
309 1387 391 1416 supra
405 1379 526 1414 dixisset,
540 1391 554 1403 ι
569 1378 812 1414 Quemadmodum
827 1386 875 1414 per
888 1379 970 1407 unius
985 1378 1032 1406 de-

233 1424 339 1457 lictum,
355 1423 413 1460 ω
425 1424 465 1452 sic
479 1428 507 1452 et
519 1431 568 1460 per
582 1423 664 1451 unius
673 1423 822 1460 justitiam,
841 1434 854 1447 ι
868 1423 928 1459 jam
946 1423 1032 1451 inter-

233 1473 357 1506 pretatur
371 1468 439 1505 quid
450 1468 487 1496 sit
501 1468 632 1496 delictum
647 1467 738 1502 unius,
750 1475 852 1503 nempe
873 1467 1032 1496 inobedien-

234 1513 285 1549 tia,
299 1521 348 1550 per
360 1520 444 1550 quam
464 1524 477 1537 ι
493 1516 653 1550 peccatores
666 1512 807 1540 constituti
823 1516 889 1540 sunt
911 1513 1000 1548 multi,
1018 1524 1031 1537 ι

235 1558 288 1587 hoc
305 1562 357 1592 est,
375 1557 488 1586 obnoxii
503 1557 649 1594 supplicio,
664 1557 760 1593 reique
782 1556 882 1585 mortis
897 1566 906 1586 :
925 1561 953 1585 et
971 1565 1034 1594 quae

1084 980 1161 1007 τοῦτο
1175 979 1220 1006 νῦν
1237 977 1321 1015 λέγων
1337 975 1362 994 ⁹⁰
1376 976 1552 1016 παράπτωμα
1561 997 1569 1011 ,
1585 975 1717 1011 τουτέστι,
1732 974 1781 1010 τὴν
1795 974 1871 1012 ἆμαρ-

1084 1022 1143 1052 τίαν
1157 1024 1204 1052 τοῦ
1219 1021 1303 1060 Ἀδὰμ
1313 1022 1337 1061 ),
1359 1019 1427 1051 οὕτω
1441 1020 1487 1050 καὶ
1511 1019 1554 1049 διὰ
1571 1022 1617 1050 τοῦ
1635 1019 1815 1058 δικαιώματος
1831 1020 1869 1047 τοῦ

1085 1066 1141 1102 ἐνὸς
1157 1067 1275 1107 Χριστοῦ
1286 1089 1295 1104 ,
1307 1066 1343 1100 εἷς
1357 1065 1456 1098 πάντας
1469 1064 1622 1103 ἀνθρώπους
1636 1067 1653 1100 ἡ
1667 1065 1760 1105 χάρις,
1777 1065 1873 1093 διδοῦσα

1086 1112 1172 1145 αὐτοῖς
1186 1112 1232 1142 καὶ
1250 1111 1388 1141 δικαίωσιν
1412 1110 1472 1140 ἀντὶ
1495 1111 1543 1146 τῆς
1570 1110 1723 1151 ἁμαρτίας,
1748 1108 1796 1138 καὶ
1815 1106 1873 1143 ζωὴν

1086 1156 1146 1187 ἀντὶ
1160 1159 1206 1186 τοῦ
1221 1155 1347 1187 θανάτου.

1129 1213 1145 1230 α
1160 1199 1271 1240 "Oaxes:
1292 1200 1344 1240 γὰρ
1361 1199 1404 1229 διὰ
1424 1201 1472 1236 τῆς
1489 1201 1628 1240 παρακοῆς
1641 1200 1687 1230 τοῦ
1708 1199 1767 1232 ἑνὸς
1782 1196 1872 1238 ἆνθρῶ-

1085 1258 1136 1277 που
1147 1268 1155 1284 ,
1174 1245 1329 1286 ἁμαρτωλοὶ
1351 1244 1553 1280 κατεστάθησαν
1573 1244 1597 1274 οἱ
1619 1243 1734 1281 πολλοὶ,
1750 1243 1818 1273 οὕτω
1835 1241 1871 1271 καὶ

1088 1291 1131 1321 διὰ
1156 1292 1204 1327 τῆς
1227 1291 1345 1326 ὑπακοῆς
1368 1293 1414 1319 τοῦ
1438 1289 1494 1322 ἑνὸς
1513 1289 1609 1319 δίκαιοι
1632 1288 1872 1324 κατασταθήσονται

1088 1337 1112 1366 οἱ
1138 1335 1242 1366 πολλοί,
1262 1347 1275 1364 ι
1297 1336 1339 1365 Οὔ
1362 1334 1522 1373 ταυτολογία
1547 1333 1639 1373 ἐστὶν,
1667 1335 1704 1367 ὡς
1728 1335 1808 1363 δοκεῖ·
1825 1330 1872 1361 ἀλλ’

1088 1379 1169 1411 εἰπὼν
1194 1380 1328 1420 ἀνωτέρω,
1352 1390 1367 1408 (ι
1380 1379 1491 1420 Ὥσπερ
1516 1378 1549 1408 δι’
1571 1379 1628 1413 ἑνὸς
1649 1377 1872 1418 παραπτώματος,

1087 1425 1156 1455 οὕτω
1169 1424 1215 1454 καὶ
1231 1425 1265 1454 δι’
1281 1425 1338 1457 ἑνὸς
1366 1423 1544 1462 δικαιώματος
1554 1446 1562 1461 ,
1585 1434 1601 1452 »
1620 1425 1665 1452 ν’ῠν
1684 1422 1838 1463 ἑρμηνεύει,
1854 1423 1873 1449 τί

1088 1465 1120 1507 ἧν
1134 1470 1165 1499 τὸ
1189 1468 1365 1510 παράπτωμα
1379 1470 1425 1498 τοῦ
1452 1468 1525 1505 ἑνὸς,
1546 1467 1593 1497 καί
1611 1479 1708 1508 φησιν,
1731 1467 1773 1497 ὅτι
1791 1469 1808 1503 ἡ
1828 1477 1874 1495 πα-

1089 1513 1172 1555 ρακοὴ
1182 1539 1188 1550 ,
1206 1515 1239 1543 δι’
1251 1509 1282 1550 ἧς
1298 1514 1477 1554 «ἁμαρτωλοὶ
1491 1513 1696 1549 κατεστάθησαν
1710 1513 1736 1542 οἱ
1751 1510 1873 1546 πολλοὶ,ι

1089 1559 1224 1590 τουτέστιν
1236 1583 1243 1596 ,
1261 1558 1400 1588 ὑπεύθυνοι
1412 1558 1531 1593 κολάσει,
1548 1557 1595 1588 καὶ
1609 1557 1752 1587 κατάδικοι
1764 1555 1873 1587 θανάτου·

235 1603 273 1632 sit
288 1602 393 1639 iustitia
419 1602 511 1636 unius,
535 1601 670 1630 nimirum
700 1601 803 1630 Christi
828 1610 836 1629 :
857 1601 1034 1636 Obedientia,

1089 1604 1135 1634 καὶ
1156 1603 1182 1633 τί
1198 1605 1255 1634 ἐστι
1275 1603 1306 1633 τὸ
1324 1602 1459 1641 δικαίωμα
1483 1605 1530 1632 τοῦ
1559 1601 1632 1640 ἑνὸς,
1660 1601 1800 1638 τουτέστι,
1817 1601 1874 1640 Χρι-

237 1647 335 1683 inquit,
351 1646 437 1683 ipsius
452 1657 466 1671 ι
492 1646 528 1674 ad
548 1650 670 1674 mortem
683 1654 780 1682 usque,
808 1650 929 1675 mortem
943 1651 1036 1676 autem

238 1691 327 1721 crucis
341 1697 354 1714 ιι
365 1701 371 1719 :
384 1701 399 1718 ν
411 1698 460 1727 per
473 1699 559 1728 quam
572 1690 771 1726 obedientiam,
795 1691 914 1720 contrita
934 1696 1035 1728 morte,

237 1735 343 1765 liberati
352 1743 450 1765 sumus
459 1743 510 1765 nos
523 1735 560 1764 ab
571 1736 656 1772 ipsius
669 1735 910 1765 condemnatione.

275 1831 365 1859 Vsus.
381 1832 426 1858 20.
444 1840 459 1855 α
474 1830 532 1858 Lex
547 1833 641 1859 autem
655 1830 826 1864 subintravit,
842 1833 874 1859 ut
883 1829 1038 1859 abundaret

238 1874 370 1904 delictum
391 1874 460 1903 :ubi
483 1879 578 1904 autem
597 1875 747 1904 abundavit
760 1875 901 1910 delictum,
924 1883 1036 1912 supera-

237 1919 371 1949 bundavit
379 1920 477 1957 gratia.
490 1931 504 1945 ιι
518 1920 589 1949 Cum
599 1920 764 1949 ostendisset
774 1928 871 1949 omnes
884 1920 919 1948 ab
928 1920 1037 1948 Adamo

237 1965 438 1994 condemnatos
451 1972 521 1999 esse,
535 1973 551 1993 a
565 1965 676 1993 Christo
690 1969 786 1993 autem
800 1969 991 1999 conservatos,
1005 1973 1038 1994 ac

237 2010 388 2041 verisimile
410 2014 483 2037 esset
506 2009 671 2038 addubitare
696 2009 856 2045 quempiam
879 2017 912 2038 ac
935 2009 1037 2043 dicere,

239 2054 314 2090 Quid
330 2053 416 2090 igitur
433 2053 475 2082 lex
487 2057 532 2081 tot
545 2061 633 2082 annos
651 2053 778 2086 faciebat,
791 2053 813 2081 si
833 2053 944 2090 quidem
958 2054 1038 2083 Chri-

240 2103 300 2127 stus
314 2106 366 2126 nos
376 2097 560 2134 justiﬁeavit?
573 2098 732 2134 respondet,
746 2097 820 2134 quod
836 2109 851 2124 ι
867 2099 925 2127 Lex
939 2099 1038 2127 subin-

240 2142 333 2177 travit,
362 2151 378 2169 α
401 2150 462 2178 pro,
484 2141 519 2171 ad
538 2146 652 2178 tempus
671 2142 725 2171 lata
746 2146 798 2179 est,
819 2151 876 2171 non
897 2143 1038 2180 primario,

240 2195 330 2224 neque
356 2187 502 2224 praecipue.
532 2187 603 2216 Cum
632 2191 727 2216 autem
750 2187 925 2224 subiugi-esss
955 2193 1038 2224 esset,

1089 1650 1152 1679 στοῢ
1164 1660 1172 1668 ο
1184 1648 1240 1678 ’καί
1254 1649 1340 1689 ’φησιν
1350 1672 1356 1683 ,
1374 1647 1416 1677 ὅτι
1437 1649 1454 1683 ἦ
1475 1646 1580 1689 ὑπακοὴ
1595 1649 1612 1683 ἡ
1629 1660 1641 1673 ι
1656 1646 1738 1687 μέχρι
1759 1645 1874 1680 θανάτου,

1088 1693 1201 1723 θανάτου
1218 1692 1246 1722 δὲ
1266 1688 1382 1733 σταυροῦ
1394 1703 1400 1711 ·
1421 1703 1436 1722 ι
1453 1693 1486 1721 δι’
1509 1688 1540 1728 ἧς
1561 1693 1681 1728 ὑπακοῆς
1707 1689 1874 1731 συντριϐέντος

1089 1741 1135 1768 τοῦ
1153 1738 1283 1776 θανάτου,
1305 1737 1501 1777 ἀπηλλάγημεν
1527 1738 1605 1775 ἡμεῖς
1629 1738 1676 1774 τῆς
1700 1737 1784 1767 αὐτοῦ
1804 1746 1873 1765 κατα-

1090 1783 1174 1820 δίκης.

1133 1839 1148 1858 (
1162 1826 1252 1866 Νόμος
1267 1826 1295 1857 δί
1309 1826 1332 1846 ⁹⁶
1352 1827 1529 1867 παρεισῆλθεν
1539 1849 1549 1864 ,
1575 1825 1620 1856 ἵνα
1637 1825 1775 1866 πλεονάσῃ
1793 1824 1822 1855 τὸ
1833 1835 1875 1853 παι

1091 1872 1241 1913 ράπτιωμα·
1273 1867 1303 1902 οὗ
1330 1871 1358 1901 δὲ
1384 1871 1545 1901 ἐπλεόνασεν
1579 1874 1597 1908 ἡ
1625 1871 1764 1910 ἁμαρτία,
1795 1871 1875 1913 ompt-

1090 1911 1261 1957 περίσσευσιν
1276 1918 1294 1952 ἡ
1318 1916 1405 1956 χάρις.
1435 1927 1450 1945 ι
1478 1915 1590 1952 Ἐπειδὴ
1614 1914 1695 1949 ἔδειξε
1710 1915 1813 1947 πάντας
1833 1911 1876 1941 ἀπὸ

1091 1961 1139 2000 μὲν
1160 1967 1205 1991 τοῦ
1229 1961 1314 1999 Ἀδὰμ
1336 1960 1599 1999 καταδικασθέντας,
1625 1961 1680 1990 ἀπὸ
1701 1959 1729 1990 δὲ
1747 1962 1792 1990 τοῦ
1813 1959 1874 1998 Χρι-

1091 2008 1153 2036 στοῦ
1170 2005 1310 2046 ῖσωθίντας
1324 2029 1332 2043 ,
1355 2006 1424 2039 εἰκὸς
1438 2004 1465 2035 δὲ
1482 2001 1514 2042 ἧν
1538 2017 1598 2036 τινα
1610 2005 1636 2024 ⁹²
1653 2007 1820 2046 ἐπαπορῆσαι
1840 2001 1876 2031 καὶ

1091 2051 1184 2081 εἰπεῖν·
1201 2050 1238 2081 Τί
1251 2045 1297 2080 οὖν
1318 2053 1333 2080 ὁ
1347 2050 1425 2089 νόμος
1439 2050 1473 2080 τὰ
1496 2053 1614 2081 τοσαῦτα
1637 2050 1684 2087 ἓτη
1699 2050 1798 2086 δποίει,
1812 2048 1876 2086 εἴπερ

1090 2097 1105 2125 δ
1119 2095 1234 2136 Χριστὸς
1255 2097 1327 2134 ἡμᾶς
1345 2095 1504 2134 “mimae;
1527 2095 1624 2136 φησὶν,
1650 2095 1692 2125 δτι
1718 2106 1734 2124 α
1752 2094 1787 2125 Ὁ
1810 2092 1876 2130 νόμος

1091 2141 1268 2181 παρεισῆλθεν
1278 2162 1286 2177 ,
1303 2151 1319 2170 n
1337 2140 1395 2170 ἀντὶ
1411 2142 1475 2178 τοῦ,
1486 2139 1552 2180 πρὸς
1566 2139 1660 2180 καιρὸν
1675 2139 1766 2176 ἰδόθη,
1782 2139 1811 2168 οὗ
1822 2147 1875 2176 προ-

1092 2180 1245 2224 ηγουμένως
1284 2184 1344 2215 οὐδὲ
1379 2184 1495 2224 κυρίως·
1526 2184 1708 2225 παρεισελθὼν
1738 2183 1781 2221 δὲ,
1806 2180 1874 2211 πλέον

242 2232 351 2262 auctius
363 2232 488 2261 reddidit
499 2231 645 2261 delictum.
660 2233 732 2260 Nam
745 2233 832 2261 multa
843 2232 974 2262 mandata
988 2233 1039 2262 da-

1093 2229 1203 2266 ἅποίησε
1216 2229 1246 2259 τὸ
1265 2229 1452 2270 παράπτωμα.
1471 2229 1581 2263 Πολλὰς
1601 2229 1653 2269 γὰρ
1667 2228 1773 2262 ἐντολὰς
1787 2226 1875 2263 ἐδίδου,

241 2277 298 2313 hat,
318 2285 381 2315 qua
405 2277 500 2306 omnia
527 2285 592 2306 cum
621 2278 877 2314 transgrederentur
900 2278 1038 2314 homines,

241 2327 377 2351 auxerunt
388 2322 530 2351 delictum.
541 2322 678 2351 Particula
691 2330 786 2360 porro,
803 2334 816 2348 ι
831 2324 881 2360 Ut,
899 2335 913 2348 υ
927 2323 972 2352 hic
983 2332 1040 2353 non

241 2371 284 2396 est
296 2375 387 2396 causae
409 2367 553 2402 redditiva,
569 2367 619 2396 sed
638 2371 767 2396 eventum
789 2368 908 2405 respicit.
929 2369 1040 2397 Sancita

242 2415 284 2441 est
304 2411 381 2441 enim
393 2411 437 2440 lex
462 2416 493 2441 ut
516 2412 655 2441 minueret
676 2415 705 2440 et
724 2412 845 2442 auferret
866 2418 1008 2449 peccatum
1031 2423 1038 2442 :

242 2456 332 2486 evenit
345 2460 439 2485 autem
451 2457 635 2492 contrarium,
650 2465 699 2493 per
707 2457 862 2486 socordiam
878 2458 1040 2493 hominum,

240 2509 299 2530 non
312 2509 360 2538 per
375 2501 443 2538 legis
455 2506 593 2531 naturam.
614 2503 765 2539 Postquam
779 2507 871 2531 autem
892 2502 1042 2531 abundavit

241 2549 387 2583 peccatum
402 2554 451 2583 per
461 2547 561 2584 legem,
577 2555 627 2583 per
646 2547 788 2576 Christum
804 2547 891 2584 gratia
904 2547 954 2576 Dei
973 2555 1041 2576 exu-

240 2590 357 2627 beravit,
381 2591 482 2620 nedum
510 2599 527 2620 ε
560 2592 678 2629 peccatis
701 2591 835 2627 liberans,
857 2591 907 2621 sed
937 2596 964 2620 et
981 2591 1041 2629 jus-

240 2635 352 2666 tiﬂcans
379 2643 448 2672 nos,
478 2640 507 2665 et
537 2636 664 2666 cmlestes
704 2636 820 2672 faciens,
853 2636 1042 2674 adoptansque

290 2719 304 2738 Ρ
316 2716 402 2744 Rom.
416 2722 490 2751 vm,
503 2718 552 2752 12;
567 2716 594 2744 Il
608 2715 673 2745 Cor.
689 2724 716 2751 x,
733 2718 776 2744 12.
813 2721 826 2739 ει
845 2715 964 2753 Philipp.
979 2723 1014 2751 ιῐ,
1031 2718 1060 2745 8.

1094 2274 1125 2308 ἃς
1143 2274 1232 2308 πάσας
1249 2274 1470 2315 παραϐαινόντων
1490 2276 1542 2304 τῶν
1563 2273 1729 2314 ἀνθρώπων,
1747 2271 1875 2304 ἐπλεόνασε

1092 2319 1124 2349 τὸ
1137 2319 1322 2360 παράπτωμα.
1345 2319 1385 2350 Τὸ
1395 2318 1440 2358 δὲ,
1460 2331 1475 2349 α
1488 2318 1550 2350 Ἵνα
1559 2343 1566 2355 ,
1589 2331 1605 2347 ν
1623 2320 1737 2348 ἐνταῦθα
1747 2318 1794 2348 οὔκ
1807 2317 1876 2360 αἰτιο-

1093 2358 1199 2404 λογικᾶν
1221 2358 1308 2401 ἔστιν,
1335 2365 1395 2394 ἀλλ’
1416 2366 1447 2394 ἑκ
1460 2366 1508 2401 τῆς
1524 2363 1694 2397 ἀποϐάσεως.
1718 2363 1813 2398 Ἐδόθη
1835 2358 1874 2398 μὲν

1094 2409 1146 2449 γὰρ
1161 2410 1176 2439 ὁ
1191 2408 1268 2448 νόμος
1283 2408 1353 2439 ὥστε
1367 2410 1481 2448 μειῶσαι
1498 2408 1545 2438 καὶ
1561 2409 1663 2438 ἀνελεῖν
1678 2407 1727 2444 τὴν
1746 2405 1874 2449 ἁμαρτίαν·

1193 2454 1221 2484 δὶ
1244 2447 1412 2491 τούναντίον,
1432 2453 1476 2483 διὰ
1497 2453 1546 2490 τὴν
1570 2453 1702 2494 ῥαθυμίαν
1715 2453 1768 2483 τῶν
1789 2447 1874 2488 ἆνθριίν

1094 2510 1170 2537 πων,
1192 2500 1222 2529 οὗ
1236 2498 1285 2535 τὴν
1309 2501 1356 2529 τοῦ
1380 2498 1462 2537 νόμου
1485 2498 1574 2539 φύσιν.
1590 2498 1670 2528 Ἐπεὶ
1684 2497 1713 2528 δὲ
1733 2495 1874 2539 inﬁniti?"

1095 2545 1111 2580 ἡ
1128 2543 1247 2583 ἁμαρτία
1265 2542 1309 2572 διὰ
1329 2545 1374 2573 τοῦ
1395 2537 1497 2582 νόμον,
1518 2542 1563 2573 διὰ
1578 2546 1625 2573 τοῦ
1641 2543 1759 2583 Χριστῶ
1776 2542 1793 2577 ἡ
1809 2537 1874 2580 χάρις

1094 2590 1140 2618 τοῦ
1166 2588 1236 2619 Θεοῦ
1270 2587 1538 2629 ὑπερεπερίσσευσεν,
1568 2589 1597 2618 οὗ
1638 2587 1717 2628 μόνον
1751 2583 1874 2629 ἁμαρτιῶν

1095 2632 1274 2668 ἀπαλλάξασα
1281 2654 1291 2670 ,
1319 2627 1394 2663 ἀλλαῂ
1412 2633 1460 2663 καὶ
1479 2627 1662 2674 δικαιώσασα,
1685 2631 1731 2663 καὶ
1756 2627 1874 2672 οὖρανίοικ

935 2787 1030 2817 Varias
1050 2786 1204 2818 lectiones.

279 2857 301 2876 ³⁸
313 2858 445 2895 ἡνὼθημ-εν
456 2866 497 2887 m.
534 2857 557 2876 '9
569 2857 650 2895 ἀρχῆς
663 2865 703 2888 m.
740 2858 764 2877 ⁹⁰
776 2858 846 2896 λέγει
857 2866 885 2888 ο.
922 2858 942 2876 ⁹¹
956 2856 1000 2887 οὖν
1012 2866 1054 2888 m.

1091 2859 1115 2877 θ’
1127 2868 1195 2891 τινας
1207 2866 1234 2888 o.
