1901 3077
140 159 188 188 ιιι

620 158 877 188 THEOPHYLACTI
894 160 1073 189 BULGARIE
1091 161 1248 190 ARCHIEP.

1736 161 1797 189 M2

141 221 259 251 surrexit
282 230 297 251 a
311 222 428 251 mortuis
454 229 502 258 per
522 221 637 258 gloriam
654 223 755 257 Patris,
772 234 784 247 ιι
809 223 861 252 hoc
886 228 936 258 est,

1034 224 1118 265 ἵισπερ
1129 226 1143 255 6
1154 224 1268 266 Χριστὸς
1283 225 1380 262 ἀνίστη
1396 226 1426 256 ἐκ
1442 226 1541 266 νεκρῶν
1562 237 1625 266 σαρ
1635 224 1670 255 xl
1686 224 1728 254 διὰ
1743 226 1799 260 τ’ἤς

141 276 190 305 per
218 268 360 305 propriam
379 267 553 296 divinitatem
575 270 650 300 (nam
676 268 762 304 gloria
786 269 876 297 Patris
897 273 938 298 est

142 313 250 348 Filius),
265 312 304 341 sic
329 316 356 341 et
374 320 425 340 nos
455 311 506 340 alia
529 307 728 341 resurrectione
746 321 936 350 resurgamus,

143 366 214 386 nova
233 357 338 386 scilicet
349 356 456 385 vivendi
471 357 591 386 ratione.
606 358 679 386 Cum
693 357 768 386 enim
785 357 937 387 fornicator

142 403 173 431 ﬁt
186 407 354 439 temperans,
369 410 432 431 ecce
446 406 566 430 mortem
580 406 608 431 et
617 403 859 438 resurrectionem,
872 404 936 433 vitio

141 448 169 476 in
190 447 302 476 homine
316 447 463 483 moriente,
477 455 509 476 ac
523 448 623 477 virtute
645 452 804 485 resurgente
823 452 851 477 et
863 450 935 478 revi-

141 493 270 522 viscente.

177 584 262 612 Vsus.
278 585 306 619 5,
325 585 352 611 6.
371 594 383 608 α
396 582 423 612 Si
442 582 515 611 enim
527 583 708 619 complantati
731 591 829 612 sumus
842 583 937 612 simili-

140 628 228 658 tudini
244 628 345 657 mortis
358 628 452 665 ipsius,
462 628 544 656 simul
558 631 586 656 et
594 629 801 657 resurrectionis
815 628 934 658 erimus:

142 674 195 703 hoc
207 674 333 706 scientes.
348 672 424 710 quod
438 677 516 701 vetus
529 677 624 702 noster
637 673 722 702 homo
746 673 828 702 simul
847 675 935 702 cruci-

141 719 211 747 ﬁxus
225 723 277 753 est,
293 722 324 747 ut
335 717 492 747 destruatur
506 726 608 755 corpus
622 719 738 755 peccati,
752 722 783 747 ut
796 719 866 747 ultra
879 727 936 747 non

140 764 290 793 serviamus
302 767 423 800 peccato.
448 775 461 788 ι»
476 765 539 792 Non
559 763 636 799 dixit,
652 763 728 800 quod
741 763 936 792 Communica-

140 809 260 838 verimus
283 808 454 837 similitudini
477 809 574 836 mortis
592 808 661 845 ejus,
687 816 782 837 verum
809 820 822 833 α
852 809 935 837 Com-

139 854 254 891 plantati
267 862 375 889 sumus,
389 866 402 879 n
419 853 595 890 plantationis
618 853 730 882 nomine
749 853 870 882 fructum
890 854 936 889 qui

992 269 1068 306 δόξης
1082 274 1126 301 τοῦ
1141 270 1261 311 Πατρὸς,
1276 282 1291 300 ι)
1305 270 1436 307 τουτέστι,
1455 271 1497 300 διὰ
1514 273 1561 306 τῆς
1575 270 1674 303 οἰκείας
1687 270 1798 306 θειότη-

990 326 1035 349 τος
1059 315 1085 334 ⁹⁸
1111 315 1186 352 (δόξα
1207 315 1258 356 γὰρ
1280 318 1326 346 τοῦ
1347 315 1455 356 Πατρὸς
1477 317 1491 345 ὁ
1516 315 1621 356 Υἱός)·
1646 315 1717 345 οὕτω
1744 314 1798 344 καὶ

992 362 1069 398 ἡμεῖς
1095 360 1188 400 ἑτέραν
1227 360 1372 391 ἀνάστασιν
1406 362 1582 399 ἀναστῶμεν,
1618 359 1667 397 τὴν
1695 358 1798 395 καινὴν

991 405 1139 436 πολιτείαν.
1165 403 1254 436 Ὅταν
1285 405 1337 446 γὰρ
1361 408 1376 436 6
1398 405 1494 446 πόρνος
1518 406 1626 446 γένηται
1651 405 1765 446 σώφρων
1780 427 1793 440 ,

991 449 1046 480 ἰδοὺ
1077 449 1188 485 θάνατος
1221 450 1267 481 καὶ
1293 451 1452 488 ἀνάστασις,
1488 452 1536 487 τῆς
1570 449 1667 484 κακίας
1695 448 1797 480 θανού-

991 506 1055 532 σης,
1077 495 1123 525 καὶ
1142 497 1191 532 τῆς
1204 497 1300 537 ἀρετῆς
1326 496 1480 533 ἀναστάσης
1503 495 1548 526 καὶ
1577 495 1665 532 ζώσης
1695 495 1722 525 ἐν
1749 495 1794 535 τῷ

991 539 1132 581 ἀνθρώπῳ.

1034 597 1047 614 α
1068 586 1102 615 Εἰ
1119 586 1171 626 γὰρ
1189 585 1322 626 σύμφυτοι
1345 586 1489 626 γεγόναμεν
1511 587 1549 626 τῷ
1569 585 1719 624 ὁμοιώματι
1741 586 1794 614 τοῦ

991 629 1104 660 θανάτου
1128 631 1225 668 αὐτοῦ,
1249 630 1318 661 ἀλλὰ
1333 631 1378 660 καὶ
1395 633 1443 667 τῆς
1457 630 1629 664 ἀναστάσεως
1650 629 1768 667 ἐσόμεθα
1781 639 1790 646 ·

989 678 1065 705 τοῦτο
1088 674 1274 714 γινώσκοντες,
1295 675 1335 706 ὅτι
1363 677 1377 705 6
1402 675 1515 710 παλαιὸς
1541 677 1619 714 ἡμῶν
1648 675 1791 715 ἄνθρωπος

991 719 1209 759 συνεσταυρώθη,
1233 719 1277 750 ἵνα
1301 723 1457 761 καταργηθῇ
1482 721 1512 750 τὸ
1527 722 1608 758 σῶμα
1625 722 1673 756 τῆς
1693 720 1789 758 ἆμαρ-

989 764 1059 806 τίας,
1076 768 1124 796 τοῦ
1139 765 1234 804 μηκέτι
1247 765 1378 795 δουλεύειν
1398 767 1471 804 ἡμᾶς
1492 768 1526 806 τῇ
1543 765 1674 805 ἁμαρτίᾳ.
1691 778 1704 791 ιι
1728 765 1792 795 Οὔκ

990 804 1079 845 εἶπεν,
1094 810 1134 839 ὅτι
1148 810 1382 849 Ἐκοινωνήσαμεν
1402 813 1441 851 τῷ
1462 810 1613 849 ὁμοιώματι
1632 812 1678 840 τοῦ
1703 809 1791 839 θανά-

989 866 1035 884 του
1052 857 1149 892 αὐτοῦ,
1167 855 1252 892 ἀλλὰ,
1282 867 1297 883 α
1317 855 1457 896 Σύμφυτοι
1472 855 1635 895 γεγόναμεν,
1655 867 1670 884 ι
1688 856 1727 895 τῷ
1739 856 1791 890 τῆς

139 907 172 928 ex
185 907 218 928 ea
240 898 367 936 provenit
377 898 554 927 adumbrans.
564 899 671 935 Corpus
689 899 763 927 enim
779 899 891 927 Domini
906 899 935 927 in

1034 899 1095 934 τείας
1119 899 1229 939 ὀνόματι
1250 900 1295 930 τὸν
1317 902 1346 931 ἐκ
1370 900 1469 937 ταύτης
1484 900 1585 940 καρπὸν
1610 899 1789 938 αἰνιξάμενος.

138 949 211 974 terra
226 944 364 981 sepultum
378 943 472 972 salutis
486 943 604 972 fructum
620 943 742 980 protulit.
758 944 830 979 Quia
842 948 935 973 autem

140 998 192 1019 nos
206 990 233 1018 in
249 997 332 1026 aqua,
345 989 389 1018 ille
409 997 474 1017 vero
493 988 522 1017 in
541 992 616 1017 terra
630 989 752 1025 sepultus
770 993 823 1024 est,
838 993 866 1018 et
884 997 937 1018 nos

140 1035 252 1073 quidem
277 1034 368 1071 quoad
398 1038 553 1070 peccatum,
585 1034 630 1062 ille
655 1042 720 1063 vero
743 1038 877 1071 quatenus
901 1034 939 1063 ad

140 1089 256 1117 corpus;
282 1080 385 1108 idcirco
409 1087 465 1107 non
488 1078 570 1113 dixit,
587 1079 682 1114 Morti,
706 1079 754 1108 sed
771 1091 784 1105 ι
804 1080 937 1108 Similitu-

140 1126 196 1154 diui
218 1125 325 1153 mortis.
341 1134 355 1151 ι)
378 1124 497 1153 Proinde
520 1128 547 1152 et
567 1124 778 1153 resurrectionis
796 1128 938 1153 consortes

141 1171 255 1205 erimus,
271 1170 334 1198 vitae
357 1173 467 1198 aeternae
485 1169 672 1198 haereditatem
695 1170 858 1205 possessuri,
874 1177 937 1206 pro-

141 1221 233 1253 pterea
248 1215 324 1252 quod
335 1223 398 1243 eam
411 1222 472 1251 quae
486 1214 513 1242 in
538 1214 593 1251 42
609 1214 740 1251 operibus
765 1214 844 1243 bonis
871 1222 937 1242 con-

140 1261 210 1290 sistit
218 1260 450 1289 resurrectionem
459 1259 536 1296 prius
547 1267 576 1288 re
580 1259 812 1296 praesentavimus.
825 1259 937 1288 Etenim

141 1318 154 1332 α
170 1311 247 1335 vetus
258 1309 353 1334 noster
368 1305 466 1340 homo,
485 1317 496 1330 ι)
513 1305 540 1333 id
553 1309 604 1340 est,
619 1305 734 1339 malitia,
751 1317 764 1329 αι
781 1305 865 1334 simul
877 1313 936 1333 cru-

138 1351 238 1381 ciﬁxus
251 1355 303 1387 est,
320 1363 333 1377 υ
350 1350 403 1379 hoc
418 1355 470 1386 est,
487 1349 598 1388 perinde
619 1354 650 1378 ut
667 1358 766 1386 corpus
781 1350 895 1383 Christi,
910 1350 937 1378 in

140 1398 305 1434 baptismate
317 1397 440 1433 sepultus
455 1399 505 1431 est,
524 1407 537 1420 ι
554 1399 584 1423 ut
599 1395 743 1424 aboleatur
756 1402 857 1431 corpus
871 1403 937 1431 pec-

139 1443 203 1478 cati,
218 1452 232 1469 »
250 1442 280 1471 id
294 1445 346 1476 est,
369 1441 427 1469 sive
448 1441 547 1469 vitium
561 1448 595 1468 ex
614 1439 695 1468 variis
716 1439 842 1477 partibus
860 1447 937 1468 com-

138 1489 260 1526 positum
279 1495 311 1516 ac
330 1492 463 1524 tanquam
482 1486 510 1514 in
535 1493 624 1514 unum
650 1493 749 1522 corpus
771 1485 936 1520 coalescens,

139 1534 196 1562 sive
211 1541 310 1569 corpus
325 1536 454 1561 nostrum
468 1531 503 1559 ad
519 1530 690 1567 peccandum
708 1530 826 1566 proclive
842 1540 848 1558 :
871 1539 939 1566 pro-

140 1582 234 1615 pterea
243 1577 336 1610 infert,
351 1588 365 1600 ι
378 1577 419 1604 Ut
430 1584 488 1604 non
499 1576 572 1604 ultra
583 1575 766 1603 inserviamus
780 1579 904 1612 peccato.
922 1587 934 1600 ιι

140 1623 211 1651 Volo
232 1623 319 1656 enim,
335 1621 435 1658 inquit,
457 1620 548 1657 ipsum
563 1628 622 1649 esse
648 1625 800 1655 mortuum,
826 1628 882 1649 non
906 1625 938 1649 ut

140 1667 309 1701 destruatur,
325 1666 373 1695 sed
393 1674 427 1695 ne
450 1670 552 1703 peccet.

176 1713 264 1740 Vsus.
278 1715 304 1740 1.
319 1723 332 1736 ι
347 1711 401 1747 Qui
415 1712 491 1740 enim
504 1714 632 1739 mortuus
649 1715 703 1746 est,
716 1710 881 1747 justiﬁcatus
894 1715 937 1740 est

139 1765 156 1786 ο
170 1761 292 1794 peccato.
307 1768 320 1781 ν
335 1758 377 1785 De
390 1756 515 1793 quolibet
528 1756 642 1785 homine
653 1756 705 1784 hoc
723 1756 763 1784 ait
777 1766 784 1784 :
800 1755 937 1791 Quemad-

140 1802 258 1831 modum
280 1813 292 1827 α
311 1801 358 1839 qui
378 1801 432 1830 vita
454 1801 563 1830 iunctus
586 1805 637 1836 est,
657 1801 824 1837 justiﬁcatus
854 1805 896 1830 est
920 1809 936 1830 a

141 1851 264 1884 peccato,
285 1858 298 1872 ι›
326 1847 380 1876 hoc
399 1851 451 1882 est,
466 1847 608 1875 absolutus
630 1850 683 1880 est.
707 1846 838 1875 liberatus
860 1850 901 1875 est
927 1855 935 1875 :

141 1893 177 1921 ita
200 1896 228 1921 et
250 1896 281 1921 tu
307 1892 352 1929 qui
373 1892 527 1929 baptizatus
555 1896 583 1921 et
614 1896 743 1921 mortuus
764 1900 794 1921 es
813 1896 935 1929 peccato,

141 1942 269 1967 mortuus
281 1942 309 1966 et
323 1945 473 1974 persevera.

178 1984 255 2012 Vers.
271 1986 349 2012 8-11.
373 1983 424 2011 «Si
438 1987 530 2011 autem
550 1982 653 2010 mortui
669 1989 765 2010 sumus
777 1989 842 2010 cum
860 1981 938 2010 Chri-

141 2033 195 2063 sto,
217 2028 355 2057 credimus
369 2027 443 2064 quod
468 2031 496 2055 et
509 2027 592 2055 simul
617 2028 742 2056 vivemus
759 2034 824 2054 cum
843 2026 901 2062 ipso
928 2036 935 2055 :

140 2074 260 2102 scientes
274 2072 349 2108 quod
370 2072 494 2100 Christus
514 2079 659 2108 resurgens
675 2080 690 2099 a
704 2071 832 2105 mortuis,
856 2079 937 2108 porro

142 2127 199 2147 non
214 2118 348 2151 moritur;
363 2124 441 2145 mors
452 2116 493 2145 illi
503 2116 575 2144 ultra
584 2124 642 2144 non
649 2115 845 2144 dominabitur.
858 2117 937 2151 Quod

143 2164 215 2192 enim
234 2166 362 2191 mortuus
383 2165 434 2195 est,
459 2165 570 2198 peccato
594 2165 721 2189 mortuus
749 2165 790 2189 est
817 2162 900 2190 semel
929 2172 934 2190 :

989 945 1081 986 Ταφὲν
1100 944 1151 986 γὰρ
1171 945 1201 975 τὸ
1217 946 1296 984 σῶμα
1310 947 1357 975 τοῦ
1381 945 1481 986 Κυρίου
1503 946 1530 975 ἐν
1610 947 1660 985 γῇ,
1679 944 1787 984 καρπὸν

989 989 1120 1030 σωτηρίας
1144 990 1262 1028 ἤνεγκεν.
1291 990 1404 1026 Ἐπειδὴ
1431 991 1458 1021 δὲ
1481 992 1559 1029 ἡμεῖς
1584 989 1632 1029 μὲν
1650 991 1677 1020 ἐν
1693 989 1789 1025 ὕδατι,

990 1035 1088 1069 ἐκεῖνος
1103 1035 1131 1064 δὲ
1147 1036 1174 1064 ἐν
1194 1037 1228 1075 τῇ
1251 1037 1286 1075 γῇ
1303 1035 1386 1075 ἐτάφη
1400 1045 1407 1053 ⁸
1423 1035 1469 1065 καὶ
1481 1037 1560 1074 ἡμεῖς
1578 1035 1626 1072 μὲν
1695 1034 1791 1076 ἅμαρ-

990 1080 1046 1120 τία,
1065 1081 1162 1114 ἐκεῖνος
1188 1080 1215 1110 δὲ
1241 1082 1280 1120 τῷ
1306 1080 1432 1119 σώματι·
1458 1080 1501 1110 διὰ
1526 1083 1605 1110 τοῦτο
1633 1081 1681 1110 οὐκ
1707 1074 1789 1115 εἶπε,

989 1126 1037 1165 Τῷ
1053 1125 1174 1166 θανάτῳ,
1193 1124 1281 1164 ἀλλὰ,
1298 1137 1311 1153 ι(
1329 1126 1378 1165 Τῷ
1397 1125 1547 1164 ὁμοιώματι
1561 1128 1607 1155 τοῦ
1624 1125 1751 1155 θανάτου.
1771 1136 1786 1152 ι

993 1169 1046 1200 Καὶ
1071 1171 1118 1205 τῆς
1140 1170 1311 1204 ἀναστάσεως
1335 1165 1380 1199 οὖν
1405 1171 1527 1200 κοινωνοὶ
1552 1170 1681 1209 ἐσόμεθα,
1714 1169 1789 1206 ζωὴν

993 1214 1098 1244 αἰώνιον
1120 1214 1264 1253 καὶΙαῦτοὶ
1289 1215 1532 1255 κληρονομοῦντες,
1560 1215 1604 1245 διὰ
1624 1217 1670 1245 τοῦ
1693 1214 1741 1250 τὴν
1762 1216 1791 1245 ἐν

991 1261 1044 1293 τοῖς
1071 1260 1178 1298 ἀγαθοῖς
1194 1259 1280 1299 ἔργοις
1304 1259 1450 1290 ἀνάστασιν
1473 1259 1664 1294 ἐπιδείξασθαι.
1696 1271 1712 1288 (ι
1733 1260 1792 1290 Καὶ

990 1303 1042 1344 γὰρ
1056 1305 1071 1334 6
1083 1303 1195 1338 παλαιὸς
1209 1306 1285 1343 ἡμῶν
1301 1303 1438 1344 ἄνθρωπος
1447 1327 1456 1341 ,
1478 1304 1628 1343 τουτέστιν,
1647 1307 1664 1341 ἡ
1681 1304 1766 1334 κακία
1780 1327 1789 1340 ,

992 1349 1209 1386 συνεσταυρώθη,
1226 1362 1242 1378 ιι
1261 1349 1415 1388 τουτέστιν,
1435 1349 1531 1388 ὁμοίως
1553 1351 1591 1389 τῷ
1611 1349 1718 1388 σώματι
1738 1353 1789 1379 τοῦ

990 1395 1127 1434 Χριστοῦ,
1143 1395 1169 1424 ἓν
1183 1395 1222 1435 τῷ
1239 1394 1406 1434 βαπτίσματι
1417 1394 1502 1435 ἐτάφη
1512 1416 1520 1431 ,
1539 1407 1554 1423 ‹ι
1570 1394 1615 1424 ἵνα
1625 1396 1790 1436 καταργηθῇ

991 1438 1021 1468 τὸ
1037 1441 1117 1478 σῶμα
1131 1441 1178 1475 τῆς
1189 1439 1335 1479 ἁμαρτίας,
1352 1452 1368 1467 »
1388 1439 1538 1476 τουτέστιν,
1553 1439 1613 1476 ἤτοι
1627 1442 1645 1476 ἡ
1662 1439 1716 1470 ἀπὸ
1730 1441 1792 1469 δια-

991 1483 1077 1525 φρρων
1098 1486 1185 1525 μερῶν
1202 1485 1363 1524 συγκειμένη
1378 1485 1474 1522 κακία,
1493 1485 1540 1515 καὶ
1554 1484 1646 1524 ὥσπερ
1657 1484 1685 1515 ἓν
1705 1486 1790 1523 σῶμα

991 1523 1057 1559 οὖσα
1073 1528 1136 1566 ⁹⁹”⁷,
1146 1529 1164 1565 ἢ
1178 1529 1223 1559 καὶ
1237 1529 1268 1559 τὸ
1281 1530 1360 1568 σῶμα
1381 1531 1459 1567 ἡμῶν
1474 1529 1504 1559 τὸ
1526 1529 1719 1570 ἁμαρτητικόν.
1737 1529 1789 1560 Διὸ

955 1593 977 1625 C
994 1573 1119 1625 ἐπιφέρει⁵
1127 1585 1134 1592 ·
1145 1586 1179 1625 ’-α
1195 1575 1250 1605 Τοῦ
1272 1574 1369 1625 μηκέτι
1391 1574 1528 1625 δουλευειν
1543 1577 1623 1625 Ίᾗμῐῖς
1643 1574 1788 1625 τῇιᾶμαρ-

992 1618 1048 1659 τίᾳ.
1065 1630 1079 1648 »
1100 1618 1236 1655 Βούλομαι
1252 1618 1320 1658 γὰρ,
1336 1619 1433 1660 φησὶν,
1452 1619 1516 1649 αὐτὸ
1534 1614 1601 1649 εἶναι
1618 1619 1722 1659 νεκρὸν,
1737 1620 1791 1660 οὔχ

989 1663 1033 1693 ἵνα
1049 1665 1198 1704 ἀφανισθῇ,
1214 1664 1274 1693 ἀλλ’
1284 1663 1327 1693 ἵνα
1342 1664 1380 1702 μὴ
1395 1663 1550 1704 ἁμαρτάνῃ.

1033 1720 1049 1736 α
1064 1708 1099 1739 Ὁ
1122 1707 1173 1748 γὰρ
1198 1708 1341 1738 ἀποθανὼν
1365 1709 1535 1739 δεδικαίωται
1560 1708 1614 1738 ἀπὸ
1628 1710 1676 1746 τῆς
1696 1709 1790 1749 ἆμαρ-

989 1753 1055 1788 τίας.
1081 1765 1096 1782 ιο
1128 1752 1195 1793 Περὶ
1221 1753 1319 1787 παντὸς
1350 1753 1489 1794 ἀνθρώπου
1519 1754 1596 1784 τοῦτό
1622 1765 1722 1795 φησιν,
1746 1753 1790 1784 ὅτι

989 1797 1099 1839 Ὥσπερ
1109 1812 1122 1824 «ι
1138 1801 1152 1829 6
1160 1798 1300 1829 ἀποθανὼν
1312 1798 1481 1828 δεδικαίωται
1493 1799 1547 1830 ἀπὸ
1558 1801 1606 1835 τῆς
1619 1799 1752 1840 ἁμαρτίας
1769 1811 1786 1829 ι

990 1843 1140 1882 τουτέστιν,
1164 1843 1343 1881 ἀπολέλυται,
1368 1843 1550 1884 ἠλευθέρωται
1564 1856 1571 1863 ·
1596 1843 1666 1874 οὕτω
1694 1844 1738 1874 καὶ
1756 1844 1791 1874 σὺ

989 1890 1003 1919 6
1031 1888 1201 1930 βαπτισθεὶς,
1237 1888 1284 1918 καὶ
1317 1888 1454 1931 νεκρωθεὶς
1557 1888 1694 1930 ἁμαρτία,
1725 1889 1789 1928 μένε

990 1935 1090 1968 νεκρός.

1053 1947 1090 1968 ος.

1035 1946 1052 2009 Ξ
1066 1980 1100 2009 Εἰ
1114 1978 1142 2008 δὲ
1164 1978 1331 2017 ἀπεθάνομεν
1356 1978 1403 2008 σὺν
1428 1980 1556 2020 Χριστῷ,
1572 1978 1733 2018 πιστεύομεν
1749 1979 1791 2010 ὅτι

991 2023 1037 2054 καὶ
1058 2023 1205 2062 συζήσομεν
1233 2025 1326 2064 αὐτῷ·
1340 2023 1445 2058 ἐἰδότες
1470 2023 1512 2054 ὅτι
1539 2023 1654 2064 Χριστὸς
1677 2024 1793 2064 ἐγερθεὶς

990 2070 1020 2098 ἐκ
1035 2071 1133 2108 νεκρῶν
1145 2092 1153 2107 ,
1173 2069 1262 2098 οὐκέτι
1274 2068 1435 2105 ἀποθνήσκει
1450 2081 1457 2088 ι
1471 2068 1583 2102 θάνατος
1597 2070 1679 2099 αὐτοῦ
1700 2068 1790 2100 οὐκέτι

991 2113 1116 2154 κυριεύει.
1130 2113 1169 2143 ’³0
1187 2113 1238 2153 γὰρ
1253 2113 1377 2150 ἀπέθανε,
1391 2115 1425 2154 τῇ
1439 2113 1557 2154 ἁμαρτίᾳ
1574 2113 1705 2143 ἀπέθανεν
1721 2114 1790 2154 ἐφά-

991 2158 1043 2193 παξ
1059 2167 1066 2175 ⁵
1082 2157 1096 2188 ὃ
1112 2158 1140 2188 δὲ
1154 2160 1202 2199 ζῇ,
1271 2160 1309 2199 τῷ
1327 2160 1400 2199 Θεῷ.
1419 2159 1501 2199 Οὕτω
1521 2159 1567 2189 καὶ
1589 2160 1663 2198 ὑμεῖς
1684 2159 1788 2198 λογίζε-

143 2207 218 2245 quod
233 2211 326 2236 autem
339 2207 416 2241 vivit,
432 2206 498 2234 vivit
517 2207 583 2235 Deo.
608 2206 652 2234 Sic
675 2210 703 2234 et
717 2214 766 2235 vos
781 2206 937 2235 existimate

1034 2215 1057 2242 ε,
1078 2198 1186 2237 ἑαυτοὺς
1208 2198 1314 2244 νεκροὶις
1335 2198 1382 2242 μὲν
1400 2198 1467 2233 εἶναι
1546 2203 1676 2245 ἁμαρτίᾳ,
1692 2205 1792 2238 ζῶντας

143 2262 192 2282 vos
205 2257 331 2282 mortuos
353 2251 466 2289 quidem
487 2259 547 2280 esse
568 2255 691 2288 peccato,
706 2252 826 2280 viventes
842 2256 937 2280 autem

142 2300 213 2333 Deo,
228 2299 258 2326 in
276 2297 384 2326 Christo
407 2298 473 2325 Jesu
490 2296 610 2325 Domino
630 2301 736 2325 nostro.
759 2308 773 2322 ιο
797 2297 938 2325 Reiterare

144 2343 219 2372 idem
232 2342 349 2377 videtur,
365 2346 394 2371 at
418 2349 496 2370 secus
518 2349 548 2370 se
569 2349 615 2370 res
638 2341 730 2370 habet.
757 2343 845 2379 Supra
864 2342 938 2371 enim

144 2387 264 2422 dicebat,
280 2387 354 2424 quod
367 2391 508 2424 oporteret
519 2394 569 2416 nos
583 2391 694 2423 peccato
707 2395 814 2423 semper
826 2395 938 2416 manere

142 2436 271 2461 mortuos
287 2441 294 2459 :
309 2440 384 2460 nunc
399 2436 492 2460 autem
512 2431 594 2460 verba
611 2431 676 2460 facit
689 2431 724 2461 de
738 2432 940 2461 resurrectione

145 2485 226 2507 novae
239 2477 314 2511 vitaz,
328 2485 414 2513 quam
428 2476 579 2506 secundum
593 2478 684 2506 Deum
698 2485 750 2505 nos
771 2485 879 2513 semper
890 2477 940 2505 ha-

144 2524 211 2552 bere
231 2522 368 2551 convenit.
384 2522 412 2550 Si
431 2523 507 2550 enim
528 2522 631 2550 mortui
646 2530 742 2551 sumus
755 2530 820 2550 cum
835 2521 942 2551 Christo

147 2576 196 2605 per
219 2567 368 2604 baptisma,
393 2567 530 2596 credimus
552 2567 627 2603 quod
651 2571 679 2596 et
699 2566 940 2602 resurrectionem,

145 2621 208 2651 qua:
221 2614 249 2642 in
273 2613 394 2642 novitate
418 2613 482 2642 vitae
503 2612 638 2647 consistit,
661 2612 850 2641 obtinebimus
871 2612 943 2649 apud

145 2667 197 2688 nos
209 2667 317 2696 semper
328 2662 499 2688 manentem.
519 2660 591 2687 Nam
614 2662 642 2687 et
655 2657 779 2687 Christus
796 2658 942 2694 excitatus,

145 2705 174 2734 in
185 2705 353 2742 sempiterna
371 2704 470 2734 saecula
484 2704 559 2739 vivit,
571 2711 627 2733 non
647 2703 765 2741 amplius
782 2703 943 2733 moriturus.

995 2248 1075 2289 δὲτῷ
1098 2249 1161 2288 Θεῷ
1184 2249 1210 2277 ἐν
1230 2249 1343 2289 Χριστῷ
1367 2248 1458 2284 Ἰησοῦ
1485 2250 1524 2289 τῷ
1548 2249 1641 2289 Κυρίῳ
1665 2250 1785 2288 ἡμῶν.»

993 2295 1073 2324 Δοκεῖ
1087 2293 1274 2333 παλιλλογεῖν,
1296 2294 1356 2323 ἀλλ’
1372 2294 1420 2323 οὐκ
1442 2293 1508 2324 ἔστι.
1529 2293 1585 2324 Καὶ
1599 2292 1651 2334 γὰρ
1665 2294 1791 2334 ἀνωτέρω

995 2338 1061 2378 μὲν,
1086 2337 1147 2378 περὶ
1176 2340 1221 2368 τοῦ
1255 2337 1297 2368 ἀεὶ
1325 2338 1379 2368 δεῖν
1405 2338 1513 2378 νεκροὺς
1542 2338 1631 2377 μένειν
1658 2340 1731 2377 ἡμᾶς

995 2382 1129 2424 ἁμαρτίᾳ,
1154 2383 1226 2423 ἔλεγε
1242 2395 1249 2402 ·
1266 2385 1312 2413 νῦν
1328 2383 1374 2420 δὲ,
1389 2385 1451 2423 περὶ
1465 2385 1511 2413 τοῦ
1529 2383 1571 2413 ἀεὶ
1585 2382 1656 2423 ἔχειν
1679 2385 1706 2412 ἐν
1726 2385 1793 2414 ἐαυ-

994 2432 1048 2462 τοῖς
1061 2427 1108 2464 τὴν
1126 2427 1270 2458 ἀνάστασιν
1286 2431 1333 2464 τῆς
1348 2427 1418 2458 κατὰ
1437 2428 1506 2458 Θεὸν
1524 2427 1671 2461 πολιτείας.
1688 2429 1722 2458 Εἰ
1737 2427 1790 2468 γὰρ

996 2472 1159 2511 ἀπεθάνομεν
1175 2472 1223 2503 σὺν
1239 2474 1349 2513 Χριστῷ
1373 2472 1417 2502 διὰ
1440 2475 1486 2503 τοῦ
1509 2471 1717 2513 βαπτίσματος,
1743 2485 1790 2502 πι-

997 2517 1143 2559 στεύομεν,
1159 2518 1200 2548 ὃτι
1212 2517 1259 2548 καὶ
1281 2517 1330 2554 τὴν
1350 2520 1377 2548 ἐν
1401 2517 1537 2555 καινότητι
1559 2519 1627 2554 ζωῆς
1643 2518 1791 2548 ἀνάστασιν

997 2564 1087 2603 ἕξομεν
1115 2563 1157 2594 ἀεὶ
1183 2565 1320 2604 παροῦσαν
1346 2565 1422 2603 ἡμῖν.
1468 2563 1523 2593 Καὶ
1551 2562 1603 2604 γὰρ
1632 2565 1646 2593 6
1675 2563 1794 2604 Χριστὸς

997 2610 1126 2650 ἐγερθεὶς,
1151 2608 1193 2639 ἀεὶ
1208 2609 1258 2648 ζῇ,
1285 2608 1374 2639 οὐκέτι
1401 2608 1590 2646 ἀποθνήσκων.
1619 2607 1674 2639 Καὶ
1705 2609 1792 2638 ἐκεῖνο

997 2653 1065 2694 γὰρ,
1089 2667 1102 2682 ι
1123 2653 1160 2684 ‘0
1184 2653 1315 2691 ἀπέθανε,
1341 2656 1375 2694 τῇ
1398 2653 1520 2695 ἁμαρτίᾳ
1535 2654 1669 2690 ἀπέθανε,
1686 2666 1699 2680 ιι
1719 2654 1792 2684 τοῦτ’

998 2699 1073 2735 ἔστι,
1102 2698 1146 2730 διὰ
1165 2698 1213 2736 τὴν
1241 2698 1377 2740 ἁμαρτίαν
1404 2698 1453 2736 τὴν
1483 2698 1637 2741 ἡμετέραν,
1666 2698 1712 2729 καὶ
1741 2698 1792 2738 οὔχ

840 2772 938 2803 Variae
958 2772 1108 2802 lectiones.

182 2829 205 2845 9“
219 2829 335 2864 θεότητος
350 2837 388 2858 m.
427 2829 469 2847 99-7
481 2829 599 2866 γινομένη
614 2836 654 2857 m.
