1901 3077
63 151 116 178 413

528 150 704 180 EXPOSITIO
723 151 756 180 IN
776 150 879 180 EPIST.
900 150 946 178 AD
970 151 1052 178 ROM.
1073 165 1109 171 —
1127 151 1204 179 CAP.
1224 151 1266 179 ιν.

1673 151 1724 180 414

63 212 212 248 ὓπεύθυνος
230 213 269 243 ὢν
283 214 321 254 τῷ
337 212 453 254 θανάτῲ.
469 227 481 240 ι
497 213 536 244 ⁸0
552 213 579 244 δὲ
591 216 641 255 ζῇ,
656 217 688 255 ζῇ
703 216 742 256 τῷ
759 215 822 255 Θεῷ
833 227 839 233 ·
856 227 868 240 ι

941 214 1037 241 Etenim
1057 213 1139 248 illud,
1157 225 1169 238 ει
1182 213 1262 248 Quod
1273 217 1398 243 mortuus
1411 217 1468 249 est,
1477 217 1587 251 peccato
1598 218 1724 242 mortuus

63 258 188 288 τουτέστι
200 281 209 297 ,
234 261 269 300 τῇ
292 259 349 300 θείᾳ
368 258 488 298 δυνάμει.
512 261 551 299 Ζῇ
567 260 617 300 γὶιρ
638 260 679 290 ἀεὶ
695 261 720 289 ἐν
736 261 769 299 τῇ
786 260 868 289 δυνά-

64 315 108 343 μει
131 306 180 333 τοῦ
205 304 283 334 Θεοῦ
305 305 350 334 καὶ
365 304 484 344 Πατρός.
511 305 624 341 Ἐπειδὴ
640 306 667 335 δὲ
686 304 805 346 δεύτερον
821 306 869 335 οὐκ

65 348 233 385 ἀποθνήσκει
266 348 398 389 Χριστὸς,
427 350 484 379 οὐδὲ
510 351 587 389 ἡμεῖς
615 350 733 390 δεύτερον
758 350 869 380 θάνατον

64 393 107 422 διὰ
137 393 236 434 ἑτέρου
267 394 453 434 βαπτίσματος
479 395 588 436 ἔχομεν.
621 395 753 434 Μένωμεν
783 395 870 426 τοίνυν

65 438 177 468 ἐπὶτῶν
202 439 359 481 προτέρων,
381 439 517 478 τουτέστι,
545 443 592 470 τοῦ
615 441 729 471 θανᾶτου
754 441 802 479 μὲν
822 443 869 477 τῆς

64 484 211 524 ἁμαρτίας,
231 485 404 518 ἀναστάσεως
421 485 449 514 δὲ
463 488 510 514 τοῦ
523 485 593 515 κατὰ
606 487 673 516 Θεὸν
689 486 757 525 βίου,
782 487 869 516 Τοῦτο

64 528 89 558 δὲ
117 529 269 568 γενήσεται
294 532 372 569 ἡμῖν,
395 544 406 557 σι
421 529 470 560 Ἐν
496 531 607 572 Χριστῷ
627 530 736 568 Ὶησοῧ,
754 545 766 557 ι
789 543 869 562 τουτ-

63 573 153 611 έστιν,
182 575 212 604 ἐν
240 577 274 616 τῇ
303 575 445 616 συμμαχίᾳ
475 575 588 607 ἐκείνου.
620 575 655 606 ⁸Ο
687 576 738 616 γὰρ
763 576 869 617 νεκροὺς

63 617 137 652 ὄντας
162 619 338 658 ἀναστήσας,
359 622 451 662 πολλῷ
472 622 574 660 μᾶλλον
599 622 699 656 ζῶντας
721 622 748 650 ἐν
814 624 868 663 ζωῇ

62 663 240 703 συντηρήσει.

101 810 113 822 ι
138 796 191 834 Μὴ
216 793 264 827 οὖν
288 797 450 838 βασιλευέτω
481 800 497 834 ἡ
522 797 641 838 ἇμαρτία
669 799 695 828 ἐν
718 799 757 839 τῷ
781 800 868 840 θνητῷ

64 843 136 880 ὑμῶν
156 842 291 881 σώματι,
318 844 354 877 εἷς
371 843 401 873 τὸ
416 843 557 873 ὑπακούειν
585 844 652 883 αὖτῇ
679 843 705 873 ἕν
724 844 782 877 ταῖς
806 845 866 874 ἐπι-

63 887 165 926 θυμίαις
182 888 267 918 αὐτοῦ
282 888 306 919 ⁸.
326 902 337 914 ι
359 888 485 925 Δεικνὺς,
510 887 551 918 ὅτι
581 889 610 918 οὗ
635 888 681 929 βίᾳ
699 888 744 918 καὶ
763 889 775 906 ⁹
795 889 863 919 ἆνᾶ-
882 899 906 930 Β
922 893 1018 929 ipsius.
1043 903 1056 916 ι

62 944 112 972 γκῃ
129 932 307 972 κατεχόμεθα
322 933 374 963 ὑπὸ
395 935 442 969 ἧς
468 933 581 972 κακίας,
599 933 658 963 ἀλλ’
680 933 800 970 ἑκόντες,
817 935 865 964 οὐκ

62 972 131 1013 εἶπε,
147 977 197 1014 Μὴ
214 979 396 1019 τυραννείτω,
424 978 512 1015 ἀλλὰ,
541 992 553 1005 α
570 977 617 1015 Μὴ
648 979 828 1018 βασιλευέτω·
851 994 864 1006 ι

63 1022 185 1061 βασιλεία
204 1023 279 1063 γὰρ,
301 1024 414 1054 ἑκόντων
429 1022 500 1052 ἐστὶν
522 1023 672 1053 ἐπιστασία.
699 1023 791 1054 Εἰπὼν
813 1024 862 1060 δὲ,

69 1077 82 1095 ιι
102 1066 150 1097 Ἐν
166 1068 207 1107 τῷ
230 1069 320 1108 θνητῷ
335 1069 409 1107 ὑμῶν
425 1067 547 1107 σώματι,
564 1081 577 1094 ι
597 1067 677 1102 ἔδειξε
693 1068 741 1097 δύο
761 1071 844 1098 ταῦτα
857 1079 864 1086 '

65 1111 90 1140 ἓν
101 1111 165 1150 μὲν,
180 1112 223 1142 ὅτι
238 1111 300 1142 οὔτε
312 1112 347 1142 τὰ
365 1112 430 1149 ἡδέα
445 1114 492 1142 τοῦ
508 1112 646 1152 σώματος,
668 1112 769 1152 μόνιμα
781 1113 861 1152 (θνη-

64 1155 105 1185 τὸν
128 1157 183 1197 γάρ
204 1157 312 1196 ἐστιν),
339 1157 407 1188 ὥστε
438 1158 468 1187 οὔ
492 1158 533 1187 δεῖ
556 1158 712 1198 χαρίζεσθαι
742 1158 812 1199 αὐτῷ
838 1160 864 1189 ἓν

65 1201 163 1236 τούτοις
177 1213 184 1221 ·
212 1202 276 1232 οὔτε
294 1201 328 1232 τὰ
352 1202 464 1232 ἐπίπονα
490 1202 640 1242 παραμένει
658 1214 665 1221 ο
681 1202 751 1232 ὥστε
775 1204 804 1232 οὗ
826 1204 865 1233 δεῖ

65 1246 169 1286 φεύγειν
206 1247 243 1277 τὰ
273 1247 402 1288 λυπηρὰ,
429 1248 474 1277 καὶ
505 1247 565 1282 τοὺς
594 1247 660 1286 πρὸς
688 1247 733 1281 τὰς
769 1247 864 1284 ἡδονὰς

66 1291 177 1330 ἀγῶνας.
202 1291 334 1332 Δεύτερον
356 1292 400 1330 δὲ,
417 1292 456 1322 ὅτι
474 1292 672 1332 ἀναμιμνήσκει
686 1294 768 1330 ἡμᾶς,
789 1292 830 1322 ὅτι
845 1295 863 1329 ἡ

66 1336 189 1373 θνητότης
206 1337 235 1372 ἐξ
261 1337 406 1378 ἁμαρτίας.
432 1337 536 1373 Μηκέτι
553 1332 598 1366 οὖν
614 1337 756 1377 δουλεύσῃς
772 1337 796 1355 ⁴⁰
812 1339 863 1367 αὐ-

65 1382 113 1419 τῇ,
183 1381 299 1412 θάνατον
324 1382 514 1422 ἒπεισαγούσῃ.
540 1383 603 1416 Πῶς
627 1382 655 1412 δὲ
683 1381 818 1422 βασιλεύει
843 1386 860 1420 ἡ

66 1425 199 1466 ἆμαρτία;
225 1426 297 1458 Ἐὰν
319 1427 513 1467 ὖπακούσωμεν
537 1428 606 1468 αὐτῇ
631 1428 658 1456 ἐν
684 1431 743 1461 ταῖς
770 1429 862 1457 ἕπιθυ-

68 1470 134 1509 μίαις
154 1474 200 1502 τοῦ
225 1472 362 1510 σώματος.
380 1471 469 1502 Ὥστε
497 1473 527 1502 οὗ
542 1472 572 1502 τὸ
590 1474 670 1510 σῶμα
694 1472 771 1512 φύσει
791 1472 861 1513 βλᾶ-

67 1527 136 1553 πτει,
158 1516 228 1546 ἀλλὰ
251 1517 283 1547 τὸ
303 1517 443 1547 ὓπακούειν
518 1517 647 1558 ἁμαρτίᾳ.
674 1515 752 1557 Ὅροι
767 1517 794 1547 δὲ
810 1517 859 1554 τὴν

65 1559 138 1600 χάριν
151 1564 197 1591 τοῦ
219 1562 354 1600 Χριστοῦ,
368 1563 424 1595 πῶς
439 1564 453 1592 ὁ
469 1563 516 1600 μὲν
529 1562 616 1600 Ἀδὰμ
630 1561 735 1602 ἥμαρτε
745 1584 754 1598 ,
770 1562 859 1593 καίτοι

67 1605 100 1642 μὴ
121 1607 210 1642 θνητὸν
234 1606 306 1646 ἔχων
325 1608 405 1645 σῶμα
418 1618 425 1626 ·
448 1608 526 1645 ἡμεῖς
546 1606 573 1636 δὲ
599 1607 626 1635 ἐν
649 1608 737 1648 θνητῷ
753 1607 860 1647 σώματι

66 1651 250 1690 περιγινόμεθα
325 1663 440 1692 περιγιν,
451 1652 463 1692 ]
476 1653 525 1687 τῆς
538 1651 682 1692 ἁμαρτίας.

924 263 980 293 est,
997 270 1009 283 ν
1025 258 1077 286 hoc
1087 262 1144 292 est,
1159 263 1271 294 propter
1284 263 1426 295 peccatum
1437 263 1576 293 nostrum,
1590 267 1656 288 cum
1670 259 1723 288 mi-

923 304 998 332 nime
1025 303 1109 332 morti
1123 303 1258 332 obnoxius
1285 307 1365 332 esset.
1390 315 1403 328 ι
1419 303 1500 339 Quod
1516 308 1611 332 autem
1636 305 1721 340 vivit,

924 349 990 377 vivit
1013 350 1088 384 Deo,
1114 360 1127 374 ιο
1145 348 1172 377 id
1200 352 1257 383 est,
1286 348 1381 377 divina
1408 349 1541 386 potentia.
1557 349 1630 377 Vivit
1650 350 1726 378 enim

924 402 1034 431 semper
1045 394 1072 422 in
1099 393 1199 422 virtute
1224 397 1252 422 et
1267 393 1385 430 potentia
1408 393 1460 422 Dei
1488 397 1515 422 et
1529 393 1627 422 Patris.
1654 394 1722 429 Quia

921 444 1016 468 autem
1035 439 1160 468 Christus
1179 439 1301 468 secundo
1321 447 1379 467 non
1401 438 1529 472 moritur,
1554 445 1645 475 neque
1669 446 1720 468 nos

923 484 1073 514 secundam
1088 488 1209 513 mortem
1224 492 1274 521 per
1294 483 1412 512 alterum
1425 483 1563 520 baptisma
1576 483 1723 514 habemus.

922 531 1086 558 Maneamus
1108 529 1188 567 igitur
1212 530 1239 558 in
1253 529 1405 566 prioribus,
1421 529 1473 557 hoc
1499 533 1556 563 est,
1583 529 1612 557 in
1631 533 1722 558 morte

922 575 1035 612 quidem
1051 575 1173 612 peccati,
1189 575 1216 602 in
1243 575 1441 603 resurrectione
1466 578 1560 603 autem
1582 574 1646 603 vita:
1659 582 1722 611 qum

922 625 964 649 est
979 620 1135 649 secundum
1159 622 1259 648 Deum.
1274 621 1335 648 [Ioc
1346 624 1440 648 autem
1461 620 1603 656 continget
1626 619 1722 655 nobis,

925 676 941 692 α
957 667 988 694 In
1001 666 1112 694 Christo
1125 666 1207 698 Jesu,
1224 677 1236 690 ι
1251 664 1280 693 id
1295 669 1351 699 est,
1362 664 1464 693 auxilio
1479 665 1558 693 illius.
1574 665 1629 701 Qui
1643 665 1719 693 enim

921 719 973 740 nos
994 715 1120 739 mortuos
1148 710 1289 745 excitavit,
1316 710 1405 738 multo
1430 710 1518 746 magis
1545 709 1669 738 viventes
1692 710 1719 738 in

922 757 978 785 vita
996 755 1176 784 conservabit.

957 803 1046 830 Vsus.
1063 803 1106 829 12.
1123 812 1136 825 «ι
1148 802 1209 829 Νοιι
1224 808 1290 837 ergo
1304 804 1400 836 regnet
1411 803 1555 836 peccatum
1567 799 1595 828 in
1608 800 1718 828 mortali

921 851 1013 875 vestro
1036 853 1165 882 corpore,
1191 849 1224 873 ut
1251 845 1384 874 obediatis
1405 845 1456 882 ipsi
1482 846 1510 873 in
1525 844 1720 882 cupiditatibus

1086 890 1243 919 Ostendens
1269 890 1342 926 quod
1361 898 1417 918 non
1438 890 1463 919 vi
1484 895 1532 919 aut
1555 891 1719 919 necessitate

918 946 934 966 a
950 937 1021 965 vitiis
1042 936 1209 970 detinemur,
1231 935 1278 964 sed
1297 939 1392 963 nostra
1416 939 1529 972 sponte,
1551 943 1607 963 non
1631 935 1702 964 dixit

916 981 1100 1020 Tyrannidem
1119 989 1175 1009 non
1190 984 1329 1014 exerceat,
1344 979 1393 1008 sed
1403 1000 1411 1014 ,
1429 991 1442 1006 ιι
1455 981 1496 1008 Νε
1509 984 1614 1016 regnet.
1638 991 1651 1004 ιι
1665 981 1719 1008 Re-

919 1036 1005 1065 gnum
1031 1027 1107 1055 enim
1133 1031 1176 1054 est
1201 1025 1419 1054 voluntariorum
1436 1025 1616 1061 principatus.
1647 1026 1719 1054 Cum

918 1077 1011 1102 autem
1023 1072 1107 1106 dixit,
1119 1081 1134 1098 ιι
1147 1073 1179 1100 In
1190 1071 1299 1099 mortali
1315 1075 1405 1098 vestro
1416 1078 1550 1106 corpore,
1565 1082 1578 1095 υ
1591 1070 1647 1099 duo
1660 1069 1719 1099 hinc

917 1117 1051 1146 indicavit
1079 1128 1086 1145 :
1116 1117 1249 1149 alterum.
1278 1117 1353 1153 quod
1378 1123 1467 1152 neque
1490 1115 1582 1144 suavia
1605 1116 1716 1152 corpori

917 1163 1029 1191 stabilia
1043 1162 1098 1190 sint
1108 1161 1164 1198 53
1186 1161 1281 1195 (morti
1295 1160 1433 1198 siquidem
1461 1165 1504 1189 est
1528 1160 1691 1197 obnoxium)
1708 1170 1715 1189 :

917 1216 1000 1245 quare
1012 1215 1068 1236 non
1089 1211 1132 1235 est
1145 1215 1194 1235 cur
1215 1205 1371 1235 istiusmodi
1384 1206 1572 1242 voluptatibus
1593 1205 1717 1234 tradatur

916 1261 1030 1289 corpus,
1057 1260 1147 1289 neque
1162 1251 1282 1280 difﬁcilia
1300 1259 1332 1279 ac
1348 1251 1485 1280 laboriosa
1502 1255 1636 1288 perpetuo
1650 1259 1716 1279 ma-

917 1302 1020 1326 neant:
1043 1297 1107 1325 hinc
1134 1297 1223 1325 tristia
1247 1295 1462 1333 haudquaquam
1485 1300 1551 1325 sunt
1570 1296 1714 1333 fugienda.

917 1351 1008 1380 neque
1027 1342 1199 1377 certamina,
1219 1349 1282 1378 quin
1302 1341 1383 1370 nobis
1407 1340 1538 1370 adversus
1562 1341 1716 1378 voluptates

917 1393 982 1416 sunt
1009 1387 1144 1421 ineunda;
1162 1387 1281 1415 alterum
1295 1391 1351 1420 est,
1365 1386 1440 1423 quod
1454 1386 1535 1415 nobis
1554 1385 1589 1414 ad
1604 1394 1715 1415 memo-

916 1433 987 1461 riam
1000 1436 1111 1461 revocat
1134 1440 1166 1460 ac
1184 1431 1266 1460 docet
1281 1431 1479 1460 mortalitatem
1494 1432 1580 1468 ipsam
1601 1439 1634 1460 ex
1650 1439 1714 1468 pec-

914 1482 976 1506 cato
1003 1485 1073 1506 esse.
1096 1478 1159 1506 Non
1185 1477 1269 1513 igitur
1296 1477 1325 1504 in
1344 1481 1486 1513 posterum
1507 1477 1545 1505 illi
1567 1477 1713 1512 inservias,

917 1527 1039 1552 mortem
1061 1522 1165 1551 scilicet
1179 1521 1316 1550 afferenti.
1331 1523 1396 1559 Quo
1420 1522 1504 1558 igitur
1517 1522 1602 1550 modo
1617 1525 1716 1558 regnat

918 1569 1081 1604 peccatum?
1100 1568 1130 1596 Si
1150 1566 1339 1596 obedierimus
1354 1567 1418 1595 eiin
1444 1567 1640 1603 cupiditatibus
1653 1575 1715 1595 cor-

914 1613 1003 1649 poris.
1022 1614 1118 1650 Itaque
1139 1620 1240 1648 corpus
1267 1620 1317 1640 sua
1341 1616 1441 1640 natura
1464 1611 1538 1641 haud
1552 1615 1651 1646 nocet,
1664 1612 1713 1640 sed

914 1657 1026 1686 obedire
1039 1662 1160 1695 peccato.
1177 1657 1299 1686 Observa
1313 1657 1357 1685 hic
1368 1657 1469 1686 Christi
1490 1657 1625 1693 gratiam,
1639 1656 1714 1694 quod

67 1698 149 1727 Adam
170 1701 285 1737 quidem
304 1701 437 1737 peccarit,
462 1701 569 1730 etiamsi
592 1709 692 1738 corpus
715 1702 832 1730 mortale
848 1711 903 1732 non
920 1703 1016 1732 habuit
1042 1714 1049 1732 :
1070 1711 1121 1732 nos
1149 1710 1215 1732 vero
1239 1703 1267 1731 in
1287 1711 1404 1739 corpore
1433 1703 1544 1731 mortali
1572 1706 1715 1739 peccatum

67 1750 230 1780 superamus.

104 1803 115 1815 ι
135 1791 210 1827 Μηδὲ
230 1790 409 1831 παριστάνετε
424 1791 457 1821 τὰ
481 1790 550 1830 μέλη
567 1792 640 1830 ὑμῶν
662 1791 732 1821 ὅπλα
755 1792 858 1826 ἀδικίας

67 1835 96 1873 τῇ
116 1834 251 1877 ἁμαρτίᾳ,
266 1836 334 1866 ἄλλᾶ
349 1836 540 1877 παραστήσατε
561 1835 671 1870 ἑαυτοὺς
685 1837 724 1876 τῷ
739 1837 802 1876 Θεῷ
823 1839 858 1871 ὡς

68 1879 94 1908 ἐκ
107 1882 201 1920 νεκρῶν
217 1883 332 1918 ζῶντας,
357 1881 403 1911 καὶ
426 1881 460 1910 τὰ
483 1881 551 1919 μέλη
573 1883 647 1921 ὑμῶν
668 1881 740 1910 ὅπλα
757 1881 859 1912 δικαιο-

68 1922 139 1960 σύνης
150 1927 186 1966 τῷ
204 1926 281 1957 Θεῶ.
297 1939 309 1953 ι
324 1927 383 1957 Ποῦ
397 1927 462 1956 εἰσιν
477 1927 500 1956 οἱ
516 1927 680 1966 Μανιχαῐοι,
700 1927 723 1955 οἱ
738 1925 859 1965 λέγοντες

69 1966 95 2012 τὸ
118 1970 193 2008 σῶμα
217 1970 296 2012 φύσει
318 1971 452 2012 πονηρόν;
480 1970 561 2001 ὅπλον
589 1971 641 2011 γάρ
674 1972 730 2001 ἔστι
744 1983 752 1989 ·
780 1971 810 2001 τὸ
830 1971 857 2002 δὲ

69 2011 157 2052 ὅπλον,
174 2011 256 2054 μέσον
271 2017 370 2056 ἄρετ’ἤς
391 2016 437 2045 καὶ
464 2015 568 2050 κακίας.
593 2017 640 2056 Τῷ
667 2015 819 2056 στρατιώτῃ
840 2019 857 2053 ἡ

71 2057 182 2099 μάχαιρα
197 2061 279 2091 ὅπλον
292 2060 358 2101 ὑπὲρ
372 2062 424 2090 τῶν
441 2061 556 2091 πολιτῶν
568 2073 574 2079 ·
594 2062 632 2102 τῷ
647 2062 733 2101 λῃστῇ
744 2084 752 2098 ,
771 2063 788 2097 ἡ
804 2061 858 2100 μᾶ-

69 2112 142 2143 χαιρα
154 2104 233 2135 ὅπλον
247 2105 318 2136 κατὰ
329 2107 381 2135 τῶν
397 2107 523 2137 πολιτῶν.
544 2120 556 2133 α
574 2106 621 2142 Μὴ
641 2105 817 2146 παριστάνετε
831 2106 853 2125 ⁴¹

71 2146 99 2192 τὰ
112 2148 176 2185 μέλη
191 2152 266 2190 ὑμῶν
289 2150 360 2181 ὅπλα
384 2150 487 2185 ἀδικίας
562 2150 694 2191 ἁμαρτίᾳ.
714 2162 728 2180 ι
755 2150 790 2181 Ὁ
804 2151 856 2192 γὰρ

72 2190 238 2234 ἆμαρτάνων,
252 2195 342 2225 ἀδικεῖ
362 2196 410 2235 μὲν
436 2196 482 2225 καὶ
504 2190 549 2225 τὸν
572 2190 685 2232 πλησίον
708 2190 854 2233 πολλάκις,

73 2235 174 2281 stin-ou
189 2239 215 2269 δὲ
237 2240 342 2272 ἑαυτόν.
366 2253 378 2268 α
395 2240 476 2270 Ἀλλὰ
490 2241 528 2281 τῷ
543 2242 606 2281 Θεῷ
622 2240 826 2281 παραστήσατε,
843 2255 855 2267 ι

73 2279 228 2326 ἐννοήσαντες
251 2285 282 2315 τὸ
308 2285 389 2323 μέσον
414 2287 461 2315 τοῦ
478 2279 549 2315 Θεοῦ
569 2279 616 2314 καὶ
645 2279 692 2321 τῆς
708 2285 856 2326 ἁμαρτίας,

73 2325 112 2370 fui
133 2327 180 2358 ἱπὸ
202 2329 253 2359 τίνι
278 2330 381 2370 βέλτιον
413 2331 556 2360 τάττεσθαι
581 2329 626 2360 καὶ
655 2330 856 2370 βασιλεύεσθαι,

74 2363 163 2417 ἆρατῇ
183 2363 341 2415 νεκρωσᾶσῃ
358 2375 495 2416 ἁμαρτίᾳ,
520 2375 537 2411 ἢ
559 2376 597 2416 τῷ
620 2363 756 2409 ζωωσαντι
781 2363 855 2417 Θεῷί

78 2427 89 2440 ι
101 2415 188 2448 Ὅπλα
198 2419 225 2450 δὲ
239 2420 406 2456 δικαιοσύνης
418 2420 451 2450 τὰ
466 2419 534 2460 μέλη
547 2433 559 2447 ι
573 2419 664 2457 εἰπὼν,
674 2420 731 2459 ἅμα
743 2420 791 2460 μὲν
805 2415 858 2450 δεί-

29 2461 32 2466 ’
73 2470 168 2506 κνυσιν,
191 2463 265 2495 δκαὶ
281 2465 407 2506 ἀνωτέρω
428 2465 552 2505 εἴρηται,
576 2465 615 2495 ὅτι
639 2466 668 2496 οὗ
691 2465 805 2506 πονηρὸν
827 2466 857 2496 τὸ

75 2505 158 2550 σῶμα,
180 2509 204 2539 εἴ
223 2521 253 2550 γε
277 2509 358 2540 ὅπλον
382 2511 552 2548 δικαιοσύνης
575 2509 685 2540 δύναται
711 2505 854 2550 γενέσθαι·

75 2548 124 2587 ἅμα
134 2552 158 2582 δὲ
169 2578 176 2589 ,
191 2548 234 2585 ὅτι
245 2555 291 2596 καὶ
309 2555 424 2594 πόλεμος
439 2555 585 2596 ἐφέστηκε,
608 2555 654 2585 καὶ
670 2548 776 2585 δεῖνῦπὸ
787 2557 853 2596 Θεῷ

76 2599 202 2648 πρατηγῷ
219 2599 243 2618 ⁴²
257 2595 341 2638 εἶναι,
362 2601 408 2631 καὶ
422 2595 544 2631 τὰγδπλα
565 2600 632 2642 ὑπὲρ
644 2602 692 2638 τῆς
707 2602 795 2641 ψυχῆς
809 2595 852 2631 τιζ

76 2639 147 2672 θέναι.

110 2696 125 2712 ι
139 2685 261 2731 Ἀμαρτία
286 2690 338 2731 γὰρ
361 2691 436 2730 ὑμῶν
460 2692 490 2721 οὒ
513 2689 638 2732 κυριεύει.
658 2691 700 2721 Οὖ
717 2690 768 2732 γάρ
793 2692 852 2722 ἔστε

948 1795 1034 1822 Vens.
1059 1795 1100 1822 13.
1118 1803 1131 1817 ι
1153 1794 1194 1821 Ne
1218 1792 1369 1820 exhibeatis
1380 1792 1504 1821 membra
1532 1796 1621 1821 vestra
1635 1800 1713 1821 arma

913 1838 1063 1875 iniquitatis
1091 1841 1221 1874 peccato,
1245 1837 1292 1866 sed
1320 1837 1448 1865 exhibete
1480 1845 1528 1865 vos
1557 1837 1631 1873 ipsos
1653 1839 1712 1866 Deo

913 1887 1047 1919 tanquam
1065 1890 1099 1910 ex
1119 1881 1238 1910 mortuis
1265 1882 1401 1915 viventes.
1417 1885 1445 1909 et
1470 1881 1596 1910 membra
1624 1886 1713 1910 vestra

912 1927 1112 1963 armajustitiae
1140 1928 1210 1955 Deo.
1229 1938 1241 1951 ιι
1259 1926 1314 1955 Ubi
1327 1925 1472 1955 Manichaei
1482 1926 1529 1964 qui
1549 1935 1650 1963 corpus
1661 1935 1712 1956 na-

911 1976 973 2000 tura
997 1979 1111 2008 pravum
1134 1970 1255 2000 dicunt?
1279 1978 1425 1999 armorum
1447 1971 1525 2000 enim
1539 1971 1584 2000 hic
1596 1972 1710 2001 nomine

912 2021 1052 2051 censetur;
1068 2024 1144 2045 arma
1167 2024 1247 2051 vero,
1269 2016 1360 2045 media
1389 2016 1460 2044 inter
1474 2016 1604 2045 virtutem
1627 2022 1656 2046 et
1669 2018 1710 2045 vi-

912 2063 994 2091 tium.
1011 2062 1113 2097 Militi,
1130 2061 1204 2090 ensis
1222 2065 1264 2090 est
1289 2062 1507 2090 instrumentum
1522 2070 1573 2099 pro
1589 2062 1708 2098 civibus;

911 2107 1046 2144 prmdoni,
1068 2107 1174 2144 gladius
1193 2107 1407 2135 instrumentum
1442 2111 1484 2136 est
1506 2112 1603 2136 contra
1629 2108 1710 2137 cives.

911 2164 924 2177 α
946 2155 987 2182 Ne
1001 2152 1125 2181 exhibete
1139 2153 1223 2189 igitur
1233 2152 1358 2180 membra
1372 2157 1462 2181 vestra
1477 2160 1553 2182 arma
1569 2153 1712 2190 injustitize

910 2202 1031 2236 peccato.
1048 2207 1062 2224 ι)
1087 2197 1143 2233 Qui
1156 2197 1231 2226 enim
1251 2201 1360 2234 peccat,
1376 2198 1504 2235 iniuriam
1527 2206 1592 2226 sane
1611 2198 1709 2233 infert;

911 2243 1037 2280 proximo
1065 2250 1154 2279 saepe,
1177 2242 1229 2271 sibi
1245 2250 1308 2271 vero
1331 2251 1450 2280 semper.
1468 2254 1482 2267 ι
1507 2243 1560 2272 Sed
1584 2243 1710 2272 exhibete

911 2296 959 2317 vos
970 2289 1043 2324 ipsos
1054 2289 1129 2322 Deo,
1143 2299 1155 2312 »ι
1165 2287 1355 2324 expendentes
1366 2291 1501 2325 quantum
1513 2288 1626 2316 interest
1639 2288 1711 2317 inter

911 2335 1004 2362 Deum
1019 2337 1047 2361 et
1060 2336 1202 2370 peccatum
1211 2353 1220 2368 ,
1234 2336 1263 2361 et
1276 2333 1331 2361 utri
1346 2333 1445 2361 melius
1459 2333 1495 2361 sit
1508 2333 1607 2370 subjici
1622 2337 1650 2362 et
1659 2341 1710 2370 gu-

911 2379 1038 2412 bernari,
1053 2377 1186 2407 occidenti
1200 2381 1329 2414 peccato,
1355 2386 1389 2406 an
1410 2377 1554 2407 viviﬁcanti
1569 2379 1639 2407 Deo.
1661 2379 1710 2407 Di.

911 2431 977 2452 cens
995 2427 1104 2459 autem,
1129 2434 1142 2447 ι
1157 2422 1299 2457 Membra,
1327 2431 1404 2451 arma
1421 2423 1552 2460 justitim,
1566 2434 1580 2449 »
1609 2425 1711 2460 partim

911 2468 1045 2501 ostendit,
1055 2467 1082 2496 id
1092 2467 1166 2505 quod
1176 2475 1259 2504 supra
1271 2467 1377 2497 dictum
1387 2472 1444 2503 est,
1458 2468 1534 2505 quod
1544 2477 1644 2506 corpus
1653 2477 1710 2498 non

910 2517 952 2542 est
981 2521 1107 2550 pravum,
1138 2512 1276 2549 siquidem
1294 2513 1408 2550 justitize
1431 2521 1507 2542 arma
1534 2514 1591 2542 sive
1605 2514 1708 2542 instru-

909 2562 1033 2587 mentum
1044 2558 1103 2586 ﬂeri
1114 2558 1218 2594 possit:
1232 2559 1332 2594 partim
1343 2558 1418 2596 quod
1432 2563 1460 2588 et
1472 2558 1601 2596 praelium
1614 2559 1709 2594 instet,

908 2607 989 2640 atque
1012 2607 1140 2640 oporteat
1158 2611 1210 2632 nos
1234 2603 1286 2633 sub
1302 2606 1360 2633 Deo
1383 2605 1547 2641 imperatOre
1569 2611 1644 2639 esse,
1658 2611 1709 2632 nec

905 2656 963 2678 non
974 2656 1050 2677 arma
1063 2657 1114 2686 pro
1136 2649 1228 2678 anima
1250 2653 1345 2678 nostra
1357 2657 1478 2678 sumere.

942 2695 1034 2723 Vitas.
1052 2697 1099 2730 14,
1117 2706 1131 2720 ι
1153 2695 1302 2724 Peccatum
1323 2695 1398 2724 enim
1415 2693 1494 2724 vobis
1507 2701 1565 2724 non
1582 2693 1709 2724 domina-

756 2763 850 2793 Varia:
870 2763 1024 2793 lectiones.

109 2816 118 2833 ⁸
131 2818 196 2854 α’)τῆς
206 2831 230 2853 0.
270 2824 281 2841 ⁸³
296 2824 351 2851 οὐδὲ
366 2832 393 2853 o.
433 2825 454 2842 ¹⁰
468 2825 642 2861 δουλεύσωμεν
657 2833 682 2854 o.
723 2826 741 2843 ¹¹
757 2827 919 2862 παριστάνετε
935 2822 978 2852 οὖν
993 2833 1030 2854 m.
1071 2825 1093 2843 ¹²
1107 2824 1247 2861 στρατηγὸν
1261 2833 1288 2854 ο.
