1901 3077
126 157 176 184 415

649 154 905 183 THEOPHYLACTI
924 152 1102 182 BULGARUE
1121 152 1277 180 ARCHIEP.

1730 154 1779 181 416

129 218 212 246 bitur.
236 218 297 246 Non
312 219 385 246 enim
409 218 474 246 estis
502 218 552 246 sub
567 218 642 255 lege,
669 218 717 246 sed
733 218 784 246 sub
799 218 893 254 gratia.
913 229 925 241 η
943 247 945 251 Α

1052 215 1133 255 νόμον
1148 238 1156 253 ,
1181 215 1250 246 ἀλλὰ
1268 216 1318 245 ὑπὸ
1340 216 1430 256 χάριν.
1452 228 1467 244 in
1493 216 1533 247 Τὸ
1557 218 1656 255 σῶμα,
1685 217 1780 258 φησὶν,

131 263 252 299 Corpus,
277 263 376 299 inquit,
392 267 519 292 vestrum
545 267 611 291 ante
629 263 731 291 Christi
746 263 897 292 adventum
916 270 931 290 a

130 312 245 345 peccato
258 307 339 336 facile
367 308 519 344 expugnari
542 309 641 345 potuit.
658 310 755 344 Neque
772 309 849 336 enim
872 307 932 343 Spi-

133 353 204 381 ritus
230 352 325 380 aderat
338 352 384 389 qui
405 357 590 387 succurreret,
605 361 694 389 neque
708 353 845 389 baptisma
859 352 933 388 quod

136 397 306 426 mortiﬁcare
330 401 435 433 posset.
459 399 608 434 Propterea
627 402 656 426 et
672 398 715 426 lex
730 398 889 434 praecipiens
907 401 934 425 et

137 450 286 479 suggerens
307 442 373 478 quid
399 442 536 479 agendum
565 447 655 476 esset,
683 443 750 470 nihil
763 442 932 479 perﬁciebat.

139 488 205 516 Post
222 487 323 516 Christi
339 492 431 515 autem
441 487 590 516 adventum
611 488 683 516 lucta
695 487 804 516 facilior
819 491 860 515 est
873 486 935 514 red-

139 532 196 560 dita
220 541 228 559 :
251 532 369 569 ideoque
389 533 540 561 certamina
562 533 683 570 majora,
698 541 746 561 ceu
761 533 862 560 auxilio
875 540 936 559 am-

138 576 218 613 pliori
240 577 322 605 nobis
339 578 519 614 suppeditato.
551 579 617 606 Non
641 578 831 606 dominabitur
855 577 936 612 igitur

137 622 218 650 nobis
241 626 397 658 peccatum,
424 623 476 651 nisi
489 623 610 650 nimium
636 631 688 651 nos
714 622 765 659 ipsi
786 621 937 650 subdideri-

139 674 212 695 mus.
228 668 291 695 Non
317 667 391 696 enim
417 673 459 696 est
483 668 526 695 lex
551 675 613 704 quae
632 668 713 704 jubet
726 671 852 701 tantum,
867 666 936 694 nihil

139 715 234 740 autem
244 712 337 740 auxilii
356 713 475 748 praebet,
497 721 592 741 verum
612 713 712 749 gratia,
728 720 790 749 quae
804 716 832 740 et
846 712 937 748 priora

140 761 249 793 peccata
274 757 446 792 remittit,et
460 757 591 786 adversus
614 757 704 786 futura
728 757 829 785 munit.

176 803 325 830 Vsas.15.
342 805 385 830 16.
408 814 421 827 «ι
443 803 514 837 Quid
533 803 634 839 igitur?
651 802 845 836 Peccabimus,
871 809 939 838 quo-

141 847 217 874 niam
236 854 291 874 non
319 855 416 875 sumus
437 848 490 875 sub
515 847 585 883 lege.
611 847 660 875 sed
675 847 727 875 sub
745 847 831 883 gratia
858 845 939 875 ΡΜ)-

985 262 1073 301 ὓμῶν,
1089 261 1141 300 πρὸ
1155 260 1211 303 μὲν
1226 263 1273 297 τῆς
1298 264 1345 290 τοῦ
1369 261 1666 303 Χριστοΰξπαρουσίας,
1684 263 1783 291 εὐκατ-

986 305 1129 346 αγώνιστον
1153 301 1184 342 ἧν
1249 306 1379 348 ἁμαρτία.
1398 301 1476 336 οὔτε
1491 301 1551 347 ξαρ
1565 308 1678 346 Πνεῦμα
1694 308 1785 347 παρῆν

986 351 1016 381 τὸ
1033 353 1160 390 βοηθοῦν,
1182 350 1241 380 οὔτε
1265 351 1405 391 βάπτισμα
1426 351 1456 381 τὸ
1472 354 1604 391 νεκρῶσαι
1622 351 1785 390 δυνάμενον.

988 395 1036 426 Διὸ
1060 396 1106 425 καὶ
1136 397 1151 424 ὁ
1174 395 1252 434 νόμος
1276 396 1449 437 ὑπαγορεύων
1478 396 1513 426 τὰ
1537 395 1677 437 πρακτέα,
1709 395 1789 425 οὐδὲν

987 441 1065 477 ἤνυεν
1077 452 1084 458 '
1097 439 1214 474 ἐλθόντος
1225 439 1253 469 δὲ
1271 443 1318 470 τοῦ
1338 442 1454 481 Χριστοῦ
1468 466 1474 477 ,
1491 441 1526 470 τὰ
1540 441 1721 480 παλαίσματα
1740 441 1788 470 εὖ-

988 484 1123 523 κολώτερα
1148 484 1238 524 γέγονε
1253 497 1260 503 ⁸
1285 485 1325 515 διὸ
1348 487 1393 515 καὶ
1422 486 1505 524 μείζω
1530 486 1564 516 τὰ
1588 485 1791 526 ἀγωνίσματα,

989 532 1024 571 ᾡς
1044 529 1159 567 μείζονος
1182 529 1303 569 βοηθείας
1327 531 1468 570 δεδομένης
1487 533 1564 570 ἡμῖν.
1588 532 1628 561 Οὖ
1653 530 1792 571 κυριεύσει

989 570 1033 604 οὖν
1048 577 1065 611 ἡ
1082 574 1200 612 ἁμαρτία
1221 576 1315 612 ἡμῶν,
1332 576 1377 604 ἐὰν
1405 575 1442 614 μὴ
1460 577 1562 617 σφόδρα
1588 570 1696 609 ἑαυτοὺς
1719 577 1790 604 ὕπο-

990 619 1203 657 κατακλίνωμεν.
1226 620 1266 649 Οὐ
1280 621 1331 661 γάρ
1347 621 1403 649 ἐστι
1424 621 1503 657 νόμος
1519 623 1532 650 ὁ
1553 620 1669 651 κελεύων
1686 620 1769 658 μόνον
1782 642 1791 654 ,

991 664 1125 703 μηδεμίαν
1145 664 1172 693 δὲ
1190 665 1314 704 βοήθειαν
1338 665 1438 702 διδοὺς,
1454 665 1523 695 ἀλλὰ
1545 666 1638 706 χάρις,
1650 667 1668 701 ἡ
1694 665 1742 694 καὶ
1757 664 1795 693 τὰ

989 709 1105 750 πρότερα
1131 709 1314 749 ἁμαρτήματα
1346 712 1472 751 ἀφιεῖσα,
1503 711 1548 740 καὶ
1572 711 1638 751 πρὸς
1663 709 1698 740 τὰ
1721 708 1796 748 μέλ-

991 755 1070 784 λοντα
1093 754 1303 793 ἀσφαλιζομένη.

1034 810 1049 825 (ι
1067 798 1102 828 Τί
1116 795 1178 835 θύη
1190 798 1383 840 ἂμαρτήσομεν
1392 822 1401 836 ,
1414 799 1454 829 ὅτι
1470 801 1516 830 οὐκ
1536 799 1617 838 ἐσμὲν
1627 799 1679 829 ὕπὸ
1690 799 1773 838 νόμον
1784 822 1795 836 ,

994 843 1053 874 ἀλλ’
1070 843 1121 873 ὑπὸ
1139 844 1233 884 χάριν;
1256 844 1303 880 Μὴ
1319 843 1433 883 γένοιτοί
1449 846 1509 875 Οὖκ
1522 845 1611 875 οἴδατε
1624 844 1664 873 ὅτι
1680 839 1703 884 ᾧ

1720 855 1796 883 παρ-

142 892 185 920 sit.
202 893 246 919 An
261 892 372 919 nescitis
389 892 463 928 quod
478 891 521 920 cui
538 892 674 920 exhibetis
690 899 739 919 vos
759 892 834 928 ipsos
848 898 942 919 servos

1043 888 1115 918 άνετι
1130 888 1236 923 ἑαυτοὺς
1259 888 1366 923 δούλους
1389 891 1425 924 εἷς
1452 889 1590 927 ὑπακοὴν,
1618 883 1707 919 δοῦλοί
1731 889 1798 918 ἐστι

141 936 175 964 ad
189 936 390 971 obedientiam,
411 937 482 965 servi
505 937 572 965 estis
589 937 633 965 cui
645 936 777 970 obeditis,
791 936 849 964 sive
869 943 937 972 pecs

141 981 197 1009 cati
215 981 249 1010 ad
271 985 409 1015 mortem,
423 982 481 1010 sive
509 981 672 1010 obedientiac
697 981 732 1009 ad
752 981 908 1017 justitiam?
924 992 936 1004 -

142 1026 252 1062 Ubique
274 1026 443 1062 objectiones
461 1026 518 1063 44
534 1027 583 1055 has
603 1031 744 1062 suspectas
758 1026 842 1054 habet
855 1035 863 1053 :
879 1024 940 1053 ideo

143 1075 171 1099 et
194 1071 322 1107 producit
346 1075 374 1099 et
397 1071 491 1107 diluit,
516 1071 753 1108 quemadmodum
775 1075 804 1099 et
820 1070 891 1098 hanc
906 1070 942 1098 ad

143 1123 228 1152 quam
243 1116 402 1152 respondet,
415 1116 512 1145 dicens
522 1138 530 1151 ,
546 1128 558 1141 α
572 1117 661 1144 Absit.
681 1128 693 1141 ι
704 1116 809 1144 Deinde
821 1114 943 1143 ostendit

143 1161 220 1197 quod
242 1159 322 1189 facile
346 1161 426 1190 nobis
439 1162 475 1190 sit
496 1169 553 1190 non
575 1169 697 1197 peccare.
722 1160 845 1197 Cogitate
869 1160 942 1188 enim

144 1205 218 1242 apud
240 1213 290 1234 vos
312 1210 406 1234 utrum
434 1206 471 1234 sit
490 1206 667 1234 commodius
686 1213 781 1234 servos
803 1213 852 1234 vos
884 1212 943 1233 esse

144 1251 263 1287 peccati,
279 1255 366 1279 vestra
392 1255 490 1287 sponte
504 1251 545 1279 illi
565 1251 704 1287 subjectos
726 1251 790 1287 (hoc
804 1250 879 1278 enim
902 1250 945 1277 in-

145 1295 219 1324 dicat
230 1304 279 1332 per
290 1296 404 1324 verbum
420 1308 432 1320 κι
447 1296 580 1324 Exhibete
594 1308 606 1320 υ
622 1298 646 1330 ),
661 1300 689 1324 et
701 1295 801 1323 lucrari
811 1299 943 1328 mortem,

144 1341 198 1369 hoc
219 1345 274 1376 est,
299 1341 382 1369 nullis
405 1349 528 1377 unquam
549 1341 658 1369 saeculis
672 1340 822 1368 ﬁniendum
840 1339 943 1375 suppli-

145 1387 220 1414 cium
235 1389 310 1420 (nam
325 1386 424 1414 Adami
440 1390 585 1422 peccatum
609 1390 732 1414 mortem
759 1385 865 1421 peperit
884 1392 945 1412 cor-

148 1430 287 1467 poralem,
311 1435 339 1458 et
363 1438 426 1466 qua:
457 1430 619 1459 dissolvitur
645 1440 654 1457 .-
688 1434 834 1466 peccatum
854 1433 947 1457 autem

146 1475 221 1511 quod
234 1483 308 1503 nunc
317 1479 374 1510 est,
389 1479 502 1503 aeternae
511 1475 615 1509 morti,
625 1482 715 1510 pinnae
728 1474 863 1502 nimirum
873 1481 947 1501 sem-

993 929 1016 974 ᾧ
1036 934 1193 970 ὑπακούετε,
1208 933 1266 970 ἤτοι
1282 934 1414 974 ἁμαρτίας
1433 936 1468 968 εἷς
1484 934 1596 964 θάνατον
1606 957 1614 972 ,
1630 933 1647 970 ἣ
1671 935 1798 969 ὑπακοῆς

995 979 1030 1012 εἰς
1044 978 1227 1015 δικαιοσύνην;
1245 990 1259 1008 ι)
1284 980 1430 1020 Πανταχοῦ
1455 979 1501 1013 τὰς
1524 979 1670 1012 ἀντιθέσεις
1693 978 1798 1012 ταύτας

995 1023 1150 1060 ὑποπτεύει,
1171 1023 1218 1052 καὶ
1233 1023 1276 1053 διὰ
1297 1027 1375 1054 τοῦτο
1395 1024 1512 1065 παράγει
1532 1024 1578 1053 καὶ
1591 1023 1678 1065 γλύει,
1700 1023 1798 1063 ὥσπερ

995 1067 1040 1097 καὶ
1054 1067 1154 1104 ταύτην
1164 1092 1171 1105 ,
1187 1067 1267 1098 εἷπὼν
1284 1081 1291 1088 ·
1311 1081 1327 1097 α
1342 1068 1389 1105 Μὴ
1402 1064 1518 1109 γένοιτοῐ
1536 1081 1550 1098 ν
1567 1064 1637 1100 Εἶτα
1648 1068 1797 1103 δείκνυσιν,

995 1113 1036 1142 ὅτι
1065 1112 1172 1143 εὔκολον
1201 1115 1265 1152 ἡμῖν
1290 1114 1321 1144 τὸ
1348 1113 1386 1152 μὴ
1415 1114 1590 1154 ἁμαρτάνειν.
1623 1113 1798 1149 Ἐννοήσατε

995 1157 1047 1198 γὰρ
1066 1162 1140 1187 ποῖον
1161 1158 1277 1199 κρεῖττον
1289 1182 1297 1196 ,
1319 1158 1425 1192 δούλους
1445 1154 1513 1189 εἶναι
1531 1158 1667 1198 ἁμαρτίας
1686 1157 1801 1191 ἑκόντας

997 1203 1179 1242 ὓπαγομένους
1217 1202 1301 1243 ταύτῃ
1336 1203 1432 1244 (τοῦτο
1458 1203 1511 1244 γὰρ
1540 1205 1618 1240 δηλοῖ
1654 1202 1699 1233 διὰ
1728 1205 1801 1238 τοῦ,

1003 1260 1017 1277 ιι
1031 1247 1216 1287 Παριστάνετε
1227 1249 1246 1286 ),
1262 1259 1276 1277 ››
1293 1247 1339 1277 καὶ
1361 1248 1507 1288 κερδαίνειν
1523 1248 1567 1278 τὸν
1580 1248 1704 1284 θάνατον,
1718 1258 1803 1276 τουτ-

998 1293 1071 1328 έστι,
1095 1292 1144 1329 τὴν
1167 1292 1295 1322 ἀθάνατον
1320 1292 1430 1322 κόλασιν
1458 1294 1495 1333 (ἡ
1512 1292 1559 1332 μὲν
1574 1293 1626 1332 γὰρ
1644 1296 1691 1322 τοῦ
1710 1291 1803 1330 Ἀδὰμ

999 1336 1136 1377 ἁμαρτία,
1161 1337 1272 1367 θάνατον
1297 1338 1450 1375 σωματικὸν
1468 1337 1514 1367 καὶ
1533 1337 1662 1376 λυόμενον
1684 1336 1778 1366 ἔτεκεν
1794 1347 1802 1354 ·

999 1384 1016 1418 ἡ
1042 1381 1068 1412 δὲ
1095 1384 1140 1410 νῦν
1165 1382 1302 1422 ἁμαρτία,
1327 1382 1433 1423 θανάτῳ
1460 1381 1575 1422 αἰωνίῳ,
1669 1381 1802 1417 κολάσει,

1000 1427 1087 1467 φημὶ,
1117 1426 1160 1456 τὸν
1199 1427 1337 1466 ἄνθρωπον
1364 1427 1576 1466 παραδίδωσιν),
1605 1426 1623 1462 ἢ
1652 1425 1803 1456 ὑπακούειν

1001 1472 1080 1512 Θεῷ,
1095 1471 1140 1502 καὶ
1160 1471 1327 1508 δικαιοσύνην
1352 1472 1496 1513 κερδαίνειν
1509 1495 1518 1510 ,
1540 1472 1586 1502 καὶ
1607 1471 1641 1500 τὰ
1655 1472 1686 1501 ἐκ
1699 1470 1805 1507 ταύτης

148 1520 262 1556 ρὶῐθτηω
285 1519 371 1548 tradit
395 1520 548 1553 hominem)
573 1527 609 1546 an
629 1519 731 1547 servire
755 1520 830 1552 Deo.
845 1522 872 1546 et
882 1518 941 1554 jus-

1043 1516 1090 1546 ιιθᾶ
1095 1541 1101 1546 .

148 1565 238 1593 titiam
258 1565 367 1601 aliaque
394 1572 427 1593 ex
460 1564 512 1592 hac
531 1563 723 1600 promanantia
737 1563 811 1591 bona
833 1563 943 1591 lucrari.

184 1610 332 1637 Vsns.17.
362 1619 374 1634 α
389 1608 485 1638 Gratia
506 1613 600 1637 autem
620 1609 692 1644 Deo,
714 1608 845 1644 quoniam
864 1608 947 1636 eratis

149 1653 218 1682 servi
249 1653 368 1690 peccati,
401 1653 531 1681 obedisth
545 1657 636 1681 autem
664 1661 698 1681 ex
723 1652 805 1681 corde
834 1653 864 1680 in
885 1660 946 1681 eam

152 1699 270 1726 formam
280 1698 413 1727 doctrinae
425 1699 455 1726 in
467 1706 550 1735 quam
561 1698 655 1726 traditi
665 1698 741 1726 estis.
754 1710 767 1723 ν
777 1714 812 1718 -
827 1708 841 1723 ι
852 1698 948 1726 Gratia

150 1745 225 1772 Deo.
244 1755 257 1768 ιι
282 1745 346 1772 Non
365 1743 438 1772 enim
459 1747 518 1772 erat
538 1744 723 1772 humanarum
749 1743 850 1771 virium
874 1743 948 1779 quod

150 1796 203 1817 nos
214 1788 249 1817 ab
263 1788 316 1817 illis
328 1788 409 1817 malis
421 1789 579 1823 liberamur,
589 1789 637 1817 sed
647 1789 726 1825 plane
739 1788 825 1816 divini
835 1788 947 1816 auxilii:

151 1838 295 1870 propterea
319 1837 348 1862 et
369 1838 462 1871 gratos
481 1842 529 1862 vos
551 1841 611 1862 esse
637 1837 756 1870 oportet.
781 1834 868 1862 Porro
891 1841 948 1861 non

151 1879 215 1907 estis
228 1879 331 1914 coacti,
341 1879 390 1908 sed
404 1883 502 1916 sponte
515 1887 548 1907 ex
561 1879 655 1907 animo
670 1878 809 1907 obedistis.
830 1877 950 1906 Proinde

152 1932 187 1952 ne
223 1924 416 1953 retrocurratis
453 1924 489 1952 ad
528 1923 556 1952 id
587 1923 660 1960 quod
693 1923 813 1951 deterius
841 1927 902 1957 est,
935 1931 949 1950 a

151 1977 206 2005 quo
229 1977 286 1998 non
309 1969 389 1997 inviti
409 1969 563 1997 destitistis.
581 1970 738 1997 Monstrans
752 1972 861 2001 autem,
875 1967 950 2004 quod

152 2014 261 2043 etiamsi
276 2014 327 2049 ipsi
338 2014 517 2047 accesserint,
532 2017 624 2041 totum
634 2017 730 2041 tamen
748 2012 837 2040 isthuc
851 2011 951 2040 divina:

153 2059 250 2096 gratiae
276 2066 346 2094 opus
367 2059 419 2092 sit,
434 2057 551 2093 adjecit,
577 2068 591 2081 ι
615 2056 722 2085 Traditi
748 2057 830 2090 estis,
859 2067 872 2080 ι
898 2056 950 2085 hoc

153 2107 210 2137 est,
231 2111 246 2131 a
259 2104 318 2130 Deo
332 2102 361 2130 in
371 2110 435 2130 eam
450 2101 582 2130 doctrinm
593 2101 717 2129 formam
731 2100 856 2137 perducti
873 2102 949 2130 estis.

154 2149 222 2184 Quae
245 2155 310 2175 vero
334 2146 410 2175 istaec
435 2145 524 2175 forma
555 2146 690 2175 doctrinm
720 2148 786 2174 est?
808 2147 895 2174 Recte
923 2151 952 2175 et

154 2200 218 2221 cum
231 2192 334 2228 optima
351 2191 561 2220 conversatione
579 2191 665 2219 vitam
697 2189 808 2219 ducere.

189 2239 279 2266 Vsus.
292 2240 341 2272 18,
355 2239 399 2265 19.
427 2247 440 2261 ιι
461 2235 583 2264 Liberati
601 2240 696 2264 autem
707 2243 723 2263 a
736 2239 866 2272 peccato,
881 2236 951 2264 servi

155 2282 219 2310 facti
233 2282 430 2318 estisjustitiae.
447 2282 609 2309 Humanum
621 2280 753 2316 quiddam
765 2281 826 2309 dico
842 2285 953 2317 propter

155 2329 344 2357 infirmitatem
363 2329 453 2356 carnis
468 2331 576 2356 vestrae.
594 2328 669 2355 Sicut
691 2328 765 2356 enim
789 2327 954 2356 exhibuistis

156 2373 283 2402 membra
304 2377 394 2401 vestra
407 2380 485 2401 serva
510 2372 695 2401 immunditize
708 2377 736 2400 et
756 2373 895 2408 iniquitati
920 2373 955 2402 ad

155 2417 340 2454 iniquitatem,
374 2418 410 2446 ita
437 2426 511 2446 nunc
545 2417 671 2446 exhibete
703 2417 829 2445 membra
865 2421 954 2446 vestra

156 2471 234 2492 serva
243 2462 356 2499 justitiaz
369 2462 403 2491 ad
417 2462 678 2491 sanctiﬁcationem.
702 2473 716 2486 ι
732 2463 795 2490 Duo
808 2462 860 2490 ista
875 2462 955 2490 bene-

156 2508 242 2536 ﬁciaa
256 2509 317 2536 Deo
329 2508 484 2544 accepistis,
500 2511 529 2536 et
542 2507 616 2544 quod
636 2507 745 2535 liberati
757 2507 822 2535 estis
840 2515 856 2535 a
880 2511 956 2535 tanta

156 2552 340 2590 turpitudine,
354 2557 382 2582 et
393 2553 467 2590 quod
480 2553 551 2581 servi
565 2551 630 2580 facti
647 2552 712 2580 estis
726 2551 844 2588 justitia:
859 2562 864 2579 :
880 2551 955 2588 quod

154 2606 268 2627 summo
290 2598 368 2627 vobis
387 2602 429 2626 est
439 2597 546 2626 honori.
567 2598 639 2625 Cum
650 2601 744 2625 autem
758 2596 848 2625 dicere
860 2596 955 2632 vellet,

154 2645 187 2672 In
201 2648 337 2682 quantum
354 2643 425 2672 servi
440 2642 528 2671 fuistis
551 2641 673 2679 peccati,
700 2641 729 2670 in
749 2645 858 2670 tantum
881 2650 957 2671 nunc

155 2689 283 2719 inservito
305 2690 381 2724 Deo,
405 2691 579 2718 antevertens
600 2687 673 2722 hoc,
701 2698 715 2712 ι
744 2688 919 2722 Humanum,
939 2697 955 2714 n

1045 1618 1059 1637 α
1073 1606 1158 1648 Χάρις
1175 1606 1203 1636 δὲ
1216 1607 1253 1647 τῷ
1269 1607 1332 1648 Θεῷ
1342 1630 1350 1644 ,
1366 1606 1407 1636 ὅτι
1416 1603 1463 1643 ἦτε
1479 1607 1568 1637 δοῦλοι
1589 1608 1636 1642 τῆς
1647 1605 1785 1645 ἁμαρτίας
1795 1627 1804 1642 ,

1002 1651 1173 1688 ὖπηκούσατε
1197 1651 1224 1681 δὲ
1247 1653 1277 1681 ἐκ
1293 1651 1402 1692 καρδίας
1423 1652 1458 1685 εἷς
1482 1651 1509 1680 ὃν
1527 1651 1693 1691 παρεδόθητε
1717 1650 1804 1680 τύπον

1002 1697 1122 1737 διδαχῆς.
1139 1709 1150 1723 ν
1164 1713 1206 1720 —
1217 1710 1228 1723 α
1240 1696 1325 1736 Χάρις
1337 1697 1375 1737 τῷ
1388 1698 1463 1736 Θεῷ.
1478 1709 1490 1722 ι
1503 1697 1561 1726 Οὖκ
1574 1695 1739 1736 ἀνθρωπίνης
1748 1695 1806 1736 γὰρ

1003 1742 1107 1782 ἰσχύος,
1122 1741 1152 1771 τὸ
1166 1740 1192 1760 ⁴³
1209 1742 1398 1781 ἀπαλλαγῆναι
1419 1743 1491 1779 ἡμᾶς
1503 1740 1610 1771 ἐκείνων
1629 1742 1682 1770 τῶν
1698 1742 1804 1777 κακῶν,

1004 1786 1074 1816 ἀλλὰ
1098 1786 1168 1820 θείας
1183 1799 1190 1805 ·
1214 1786 1255 1816 διὸ
1269 1786 1313 1815 καὶ
1329 1787 1495 1827 εὐχαριστεῖν
1522 1787 1571 1817 δεῖ.
1602 1786 1661 1816 Οὖκ
1682 1785 1806 1825 ἠναγκά-

1004 1834 1083 1868 σθητε
1100 1831 1142 1868 δὲ,
1158 1830 1216 1862 ἀλλ’
1232 1831 1336 1865 ἑκόντες
1357 1833 1384 1861 ἐν
1401 1831 1498 1871 καρδίᾳ
1515 1829 1698 1868 ὖπηκούσατε.
1712 1829 1806 1860 Ὥστε

1005 1877 1043 1915 μὴ
1063 1876 1088 1895 ⁴⁴
1113 1876 1348 1916 παλινδρομήσητε
1378 1875 1422 1906 ἐπὶ
1449 1876 1479 1906 τὸ
1511 1877 1619 1916 χεῖρον,
1641 1871 1671 1906 οἷ
1699 1875 1807 1909 ἑκόντες

1005 1920 1150 1957 ἀπέστητε.
1167 1921 1301 1951 Δεικνύων
1314 1920 1358 1959 δὲ,
1373 1921 1413 1950 ὅτι
1434 1921 1457 1950 εἳ
1477 1921 1524 1950 καὶ
1545 1921 1620 1950 αὐτοὶ
1635 1921 1806 1961 προσῆλθον,

1006 1967 1065 1995 ἀλλ’
1078 1965 1150 2003 ὅμως
1170 1968 1216 2002 τῆς
1230 1968 1278 1995 τοῦ
1301 1966 1372 1996 Θεοῦ
1388 1965 1498 2005 χάριτος
1517 1964 1547 1995 τὸ
1569 1971 1638 2002 πᾶν,
1653 1964 1806 2005 προσέθηκε

1004 2010 1053 2049 τὸ,
1073 2024 1086 2037 ιι
1104 2009 1290 2051 Παρεδόθητε·
1304 2023 1316 2036 ι
1335 2010 1486 2047 τουτέστιν,
1508 2009 1581 2041 Ὑπὸ
1602 2011 1674 2040 Θεοῦ
1692 2008 1804 2048 ὡδηγή-

1006 2059 1069 2092 θητε
1093 2057 1129 2089 εἷς
1156 2055 1201 2085 τδν
1225 2054 1307 2085 τύπον
1331 2057 1378 2091 r11":
1404 2055 1527 2095 διδαχῆς.
1555 2054 1604 2088 Τίς
1625 2054 1654 2084 δὲ
1680 2056 1695 2084 ὁ
1722 2054 1808 2088 τύπος

1006 2103 1054 2137 τῆς
1080 2101 1209 2141 διδαχῆς;
1235 2100 1275 2131 Τὸ
1296 2101 1379 2141 ὀρθῶς
1407 2101 1474 2140 ζῇν,
1502 2099 1549 2130 καὶ
1575 2099 1644 2138 μετὰ
1670 2098 1809 2133 πολιτείας

1008 2146 1130 2187 ἀρίστης.

1051 2242 1066 2261 (
1083 2230 1318 2271 Ἐλευθερωθέντες
1339 2230 1367 2260 δὲ
1389 2230 1442 2260 ἀπὸ
1457 2231 1504 2266 τῆς
1528 2229 1679 2270 ἁμαρτίας,
1694 2229 1811 2260 ἐδουλώ-

1008 2279 1071 2313 Θητε
1163 2275 1328 2316 δικαιοσύνῃ.
1372 2274 1545 2315 Ἀνθρώπινον
1574 2274 1662 2313 λέγω,
1688 2274 1732 2304 διὰ
1761 2274 1811 2310 τὴν

1009 2321 1145 2351 ἀσθένειαν
1166 2323 1213 2357 τῆς
1237 2320 1334 2360 σαρκὸς
1359 2321 1445 2359 ὓμιτιν.
1461 2317 1572 2359 Ὥσπερ
1596 2319 1648 2360 γὰρ
1667 2319 1810 2359 παρεστή-

1010 2378 1075 2396 σατε
1098 2365 1132 2395 τὰ
1163 2365 1232 2404 μέλη
1259 2367 1334 2405 ὓμῶν
1361 2365 1444 2394 δοῦλα
1529 2363 1681 2405 ἀκαθαρσίᾳ
1704 2363 1753 2394 καὶ

1011 2411 1109 2452 ἀνομίᾳ
1124 2412 1161 2444 εἰς
1177 2410 1226 2446 τὴν
1243 2409 1356 2450 ἀνομίαν
1370 2421 1378 2428 ·
1397 2409 1467 2439 οὕτω
1488 2412 1533 2438 νῦν
1558 2408 1753 2449 παραστήσατε
1775 2408 1811 2438 τὰ

1012 2457 1080 2495 μέλη
1102 2457 1175 2494 ὑμῶν
1202 2456 1284 2484 δοῦλα
1309 2456 1342 2494 τῇ
1372 2453 1526 2493 δικαιοσύνῃ
1554 2455 1591 2487 εἰς
1621 2452 1768 2493 ἁγιασμόν.
1789 2463 1806 2482 ι)

1011 2500 1065 2532 Δύο
1080 2504 1163 2531 ταῦτα
1180 2499 1372 2540 εὖηργετήθητε
1388 2498 1463 2539 παρὰ
1478 2501 1523 2528 τοῦ
1537 2499 1624 2537 Θεοῦ,
1644 2498 1676 2528 τό
1690 2509 1720 2528 τι
1735 2499 1810 2527 ἐλευ-

1012 2547 1158 2586 θερωθῆναι
1183 2547 1232 2580 τῆς
1255 2544 1388 2580 τοσαύτης
1412 2542 1558 2584 αἰσχύνης,
1581 2543 1628 2573 καὶ
1654 2543 1685 2572 τὸ
1709 2543 1811 2573 δουλω-

1011 2593 1089 2627 θῆναι
1174 2589 1326 2630 δικαιοσύνῃ
1340 2599 1347 2607 ⁶
1372 2589 1438 2630 ὅπερ
1464 2589 1521 2619 ἐστὶ
1552 2587 1630 2624 δόξης
1656 2588 1807 2617 ἀπολαῦσαι

1010 2637 1122 2673 πολλῆς.
1142 2634 1256 2666 Μέλλων
1277 2634 1304 2664 δὲ
1325 2635 1421 2672 εἰπεῖν,
1436 2632 1476 2663 ὅτι
1490 2631 1573 2664 Ὅσον
1590 2632 1764 2663 ἐδουλεύσατε
1781 2632 1808 2652 ⁴⁵

1010 2684 1045 2719 τῆ
1059 2680 1180 2723 ἁμαρτία
1190 2703 1199 2720 ,
1215 2679 1374 2711 δουλεύσατε
1389 2681 1428 2720 τῷ
1447 2680 1511 2720 Θεῷ
1526 2689 1533 2696 ·
1547 2677 1692 2719 προλαϐών
1707 2688 1788 2719 φησιν
1802 2688 1809 2695 ·

858 2764 954 2795 Varia:
974 2763 1129 2794 lectiones.

194 2819 217 2836 ¹³
235 2821 310 2847 τοῦτο
324 2827 350 2849 o.
389 2819 410 2836 ¹⁴
424 2819 487 2855 μηδὲ
499 2827 527 2848 o.
565 2819 586 2836 ¹⁵
600 2819 755 2853 ἐδουλώθητε
769 2826 797 2847 o.
