1901 3077
73 155 125 182 417

530 155 706 184 EXPOSITIO
726 157 758 184 IN
778 157 881 186 EPIST.
902 160 948 188 AD
967 161 1050 189 ROM.
1070 175 1106 181 —
1123 161 1199 189 CAP.
1220 161 1275 188 VII.

1674 160 1726 188 418

74 228 90 245 ι
107 216 286 257 Ἀνθρώπινον
295 216 377 256 λέγω·
393 227 407 245 ι
424 217 570 254 τουτέστιν,
583 218 711 256 Εὖτελὲς,
721 231 867 260 μικροπρε-
883 225 910 257 Α
924 223 1020 260 inquit,

979 223 1022 259 ait,
1038 234 1052 248 α
1067 223 1141 258 dico,
1152 233 1167 250 ι
1180 222 1233 251 hoc
1246 226 1298 256 est,
1306 222 1434 258 exiguum
1445 221 1588 258 quiddam,
1612 221 1728 257 humile,

73 261 143 299 πὲς,
170 259 381 307 σύμμετρον
400 262 522 303 ἀσθενείᾳ
545 264 632 301 ὓμῶν.
651 263 729 294 Ἔδει
749 264 797 303 μὲν
821 259 874 307 γὰρ

73 306 277 337 πολλαπλάσιον
300 306 330 336 τὸ
347 306 442 347 μέτρον
466 309 514 343 ἧς
534 307 653 342 δουλείας
679 306 874 340 ἐπιδείκνυσθαι

73 353 113 391 τῷ
129 351 211 391 Θεῷ,
235 351 305 392 ἤπερ
331 351 405 393 ’θῄτῇ
423 351 543 393 ἁμαρτίᾳ
555 365 562 371 ⁸
577 352 650 391 ὅμως
669 354 691 383 δ’
707 350 752 384 οὖν
767 355 811 384 διὰ
825 355 873 391 τὴν

75 395 214 426 ἀσθένειαν
236 391 297 426 κᾶν
310 395 341 425 τὸ
362 391 423 427 ἶσον
448 391 623 437 εἰσενέγκατε.
646 397 721 440 ⁴⁷Ορα
747 399 789 436 δὲ,
819 402 875 435 πῶς

74 441 257 480 ἐναργέστατα
298 441 346 477 τὴν
382 442 577 472 ἔθελοδουλείαν
611 445 688 482 ἡμῶν
720 444 874 484 ἐδήλωσεν,

75 486 159 515 εἰπών
177 498 185 505 ·
211 497 226 516 α
239 486 346 526 ’Ὠσπερ
371 486 423 527 γὰρ
446 487 634 528 παρεστήσατε
655 488 690 518 τὰ
714 489 782 528 μέλη
799 491 874 529 ὑμῶν

75 531 169 561 δοῦλα.
187 543 203 559 1
217 531 297 561 Αὐτοὶ
317 531 384 572 γὰρ,
407 531 504 571 φησὶν,
528 532 635 567 ἑαυτοὺς
661 534 876 574 αίχμαλωτίζον-

74 587 136 613 τες,
157 575 321 616 ὓποχειρίους
344 576 533 617 παρεστήσατε
554 580 588 618 τῇ
607 578 776 620 ἀκαθαρσία,
798 592 875 610 τουτ-

75 620 152 657 έστι,
177 620 305 661 μοιχείᾳ,
329 621 457 662 πορνείᾳ,
478 622 653 662 ἀῤῥητοποιία
668 633 676 640 ·
700 623 746 653 καὶ
764 623 790 654 τί
815 624 877 665 περὶ

50 700 52 703 τ
77 666 163 704 μόνης
188 665 353 706 ἀκαθαρσίας
371 667 442 706 λέγω
457 678 464 685 ·
486 666 561 707 πάσῃ
586 667 702 708 ἀνομίᾳ,
728 668 878 699 καθολικώ-

76 722 154 750 τερον
169 712 252 740 ποιῶν
266 710 311 740 τὸν
330 710 419 750 λόγον.
433 711 472 742 Τὸ
493 711 537 751 δὲ,
564 724 579 740 ι
596 714 644 746 Εἷς
659 713 708 749 τὴν
722 713 846 752 ἀνομίαν,
859 726 875 742 ι

77 756 152 785 τοῦτ’
178 755 265 791 ἔστιν,
284 756 321 789 εἰς
343 755 374 785 τὸ
394 756 520 786 ἰπιπλέον
546 758 665 796 ἀνομεῖν.
695 760 736 788 Οὖ
764 759 814 799 γὰρ
829 761 878 788 ὁπ-

78 801 160 837 ηνίκα
176 800 237 830 τινὰ
253 799 387 841 ἁμαρτίαν
400 800 554 838 ἐποιήσατε,
567 802 675 832 ἵστασθε
691 803 756 843 ἄχρι
767 804 876 841 ταύτης,

929 268 1107 297 imbecillitati
1128 271 1227 296 vestra:
1245 275 1409 296 consonum.
1439 267 1591 302 Oportebat
1613 267 1728 303 quidem

929 314 1016 342 multo
1050 313 1187 349 maiorem
1225 320 1284 340 esse
1307 311 1446 340 servitutis
1474 319 1633 340 mensuram
1665 319 1728 348 qua

931 359 990 387 Deo
1011 362 1070 387 erat
1083 357 1247 391 exhibenda,
1267 365 1351 393 quam
1369 363 1431 393 qua:
1445 360 1555 393 peccato
1577 364 1585 383 :
1607 359 1728 384 attamen

929 407 1042 440 propter
1071 402 1259 431 inﬁrmitatem
1295 406 1429 434 vestram.
1460 401 1595 438 aequalem
1631 400 1727 429 saltem

929 448 1066 477 exhibete.
1096 447 1291 476 Animadverte
1307 450 1419 480 autem,
1439 454 1521 482 quam
1546 445 1728 482 apertissime,

929 501 980 521 nec
988 501 1046 522 non
1060 501 1168 522 summa
1187 492 1382 529 perspicuitate
1400 490 1584 519 voluntariam
1604 494 1728 518 nostram

930 538 1090 566 servitutem
1110 537 1249 573 indicarit,
1265 536 1389 573 inquiens
1406 546 1412 564 :
1429 547 1443 561 ιι
1456 536 1532 564 Sicut
1547 535 1620 563 enim
1639 542 1728 562 mem-

931 583 979 612 bra
1001 587 1090 612 vestra
1111 582 1274 611 exhibuistis
1299 589 1387 610 serva.
1408 592 1420 606 ιι
1434 581 1487 617 Ipsi
1502 580 1578 608 enim
1594 587 1642 608 vos
1656 579 1730 616 ipsos

931 628 1108 665 captivantes,
1138 627 1294 664 subjecistis
1317 633 1365 655 vos
1382 625 1549 662 impuritati,
1588 624 1641 653 hoc
1677 629 1728 659 est,

931 673 1077 707 adulterio,
1092 671 1285 706 fornicationi,
1295 679 1389 700 rerum
1410 670 1580 699 nefariarum
1599 669 1730 706 patratio-

932 718 980 746 ni:
998 723 1026 747 et
1036 717 1103 754 quid
1121 717 1155 746 de
1180 717 1238 745 sola
1255 716 1412 752 impuritate
1437 715 1519 744 verba
1542 714 1629 743 facio?
1653 713 1730 742 omni

932 763 1024 800 potius
1041 762 1188 800 iniquitati,
1206 765 1237 790 ut
1255 761 1412 790 universum
1424 760 1526 789 dicam.
1543 759 1625 795 Quod
1639 762 1732 787 autem

932 808 970 836 ait
986 819 998 833 α
1014 807 1060 836 Ad
1082 807 1261 844 iniquitatem,
1282 818 1295 831 ι
1313 806 1367 834 hoc
1389 809 1442 840 est,
1457 804 1494 834 ad
1515 805 1604 841 legem
1618 803 1732 832 ulterius

78 846 140 875 ἀλλ’
156 844 318 883 ὓπέκκαυμα
338 845 436 883 ταύτην
457 846 532 885 ἔχετε
548 847 583 881 εἷς
599 847 628 876 τὸ
651 847 695 877 ἐπὶ
718 848 798 879 πλέον
815 849 875 878 ἄνο-
889 851 913 882 Β
931 853 1020 881 violan

979 852 1095 881 landam.
1111 853 1181 880 Nam
1197 855 1259 888 post
1275 855 1415 887 patratum
1429 849 1542 887 aliquod
1553 858 1568 878 a
1579 849 1655 878 vobis
1675 856 1724 884 pec

79 894 150 928 μεῖν.
172 891 223 931 Τῷ
237 888 287 929 ἴσῳ
311 890 397 920 τοίνυν
417 890 506 931 μέτρῳ
532 891 724 932 παραστήσατε
748 893 782 922 τὰ
809 894 877 933 μέλη

78 936 155 973 ὑμῶν
172 935 253 965 δοῦλα
267 937 301 975 τῇ
314 935 467 975 δικαιοσύνῃ
486 936 524 975 ⁴⁸,
539 936 659 967 τουτέστι
671 959 680 973 ,
693 937 767 978 πάσῃ
783 939 876 979 ἀρετῇ,

78 980 149 1009 ὥστε
167 980 196 1009 ἐν
217 981 373 1020 σωφροσύνῃ
400 980 446 1010 καὶ
466 982 592 1022 ἆγιασμῷ
614 981 732 1022 διάγειν,
754 983 812 1013 ἀντὶ
832 985 879 1020 τῆς

78 1025 211 1065 προτέρας
225 1024 402 1065 ἀκαθαρσίας.

83 1202 99 1208 __
128 1171 143 1189 ιι
162 1159 232 1208 'Qu
260 1160 310 1208 γὰρ
332 1156 494 1208 ἦτα-δοῦλοι
509 1164 558 1199 τῆς
582 1163 727 1208 ἁμαρτίας,
750 1163 881 1204 ἐλεύθεροι

81 1202 130 1249 ἦξε
191 1205 355 1246 δικαιοσύνῃ.
369 1206 439 1236 Τίνα
454 1202 499 1237 οὖν
514 1207 617 1248 καρπὸν
639 1202 725 1248 εἴχετε
744 1209 821 1246 τότε,
839 1202 879 1249 ἔφ’

82 1246 121 1284 οἷς
135 1253 182 1280 νῦν
202 1251 411 1291 ἐπαισχύνεσθες
434 1251 474 1282 Τὸ
496 1246 641 1293 γὰρ-τέλος
656 1246 779 1290 ἐκείνων,
798 1246 880 1283 θάνα-

84 1307 139 1337 τος.
161 1306 176 1325 ι)
204 1294 271 1326 Ὅτε
293 1297 320 1325 ἐν
343 1295 424 1336 κακίᾳ
448 1298 542 1335 ἐζῆτε,
565 1297 665 1337 φησὶν,
689 1298 882 1337 ἀπολελυμένοι

82 1335 132 1376 ἦτε
148 1339 203 1370 ἀπὸ
223 1343 271 1376 τῆς
295 1335 478 1377 δικαιοσύνης,
502 1341 540 1380 μὴ
561 1335 772 1382 θποτεταγμένοι
797 1335 882 1383 αὐτῇ,

85 1383 154 1423 μηδὲ
169 1384 287 1418 θέλοντες
300 1385 432 1415 δουλεύειν
447 1385 516 1420 ὅλως
533 1387 601 1427 αὐτῇ
614 1409 622 1424 ,
647 1387 705 1416 ἀλλ’
731 1387 880 1428 ἐλευθεριά-

84 1432 172 1464 ζοντες
193 1430 244 1459 ἀπὸ
259 1429 367 1466 ταύτης.
383 1431 488 1460 Οὐκοῦν
514 1430 559 1461 καὶ
583 1434 628 1461 ν’ὗν
653 1431 820 1466 δουλεύοντες

85 1474 251 1514 δικαιοσύνῃ,
268 1474 390 1513 μηδόλως
404 1475 586 1506 ὖποτάσσεσθε
657 1476 789 1518 ἁμαρτία.
807 1477 880 1508 Καί-

85 1531 126 1549 τοι
138 1519 164 1548 τί
178 1520 342 1559 ἐκαρποῧσθε
361 1519 414 1549 ἀπὸ
433 1522 480 1556 τῆς
501 1521 687 1562 ἆχαθαρσίας;
703 1522 801 1559 Οὐδὲν,
821 1522 881 1551 ἀλλ’

86 1564 103 1601 ἢ
119 1563 250 1604 αἰσχύνην
266 1576 274 1583 ο
286 1563 333 1594 καὶ
355 1563 380 1593 τί
403 1563 474 1604 λέγω
496 1566 641 1606 αἰσχύνην;
666 1566 778 1596 θάνατον
793 1579 799 1585 -
815 1580 827 1594 ι
842 1567 883 1598 Τὸ

86 1608 139 1648 γὰρ
165 1608 238 1643 τέλος
256 1609 381 1646 ἐκείνων,
409 1609 521 1644 θάνατος
537 1622 544 1629 ”
565 1625 577 1638 υ
596 1611 642 1640 καὶ
670 1611 821 1650 σωματικὸς
835 1611 883 1650 μὲν

87 1654 235 1692 πολλάκις,
251 1654 356 1688 πάντως
373 1654 400 1683 δὲ
425 1655 545 1695 ψυχικάς.
563 1655 644 1685 Ἀλλὰ
658 1659 705 1685 τοῦ
726 1656 774 1695 μὲν
800 1656 884 1686 θανά-

87 1711 134 1729 του
150 1699 324 1737 ἀπηλλάγητε
341 1698 384 1728 διὰ
399 1701 447 1735 τῆς
466 1700 575 1740 χάριτος
595 1702 642 1730 τοῦ
657 1701 774 1740 Χριστοῦ
791 1713 796 1719 ·
821 1704 838 1737 ἡ
856 1700 885 1730 δὲ

89 1743 221 1783 αἰσχύνη,
247 1744 388 1784 ἐπωφελῶς
412 1744 451 1774 ἔτι
474 1744 644 1786 παραμένει·
665 1748 709 1775 νῦν
733 1745 784 1787 γὰρ
809 1747 886 1775 ἐπαι-

89 1789 219 1830 σχύνεσθε
233 1788 278 1818 ἐπὶ
292 1788 403 1823 τούτοις.

134 1845 150 1862 ιι
168 1832 236 1863 Νυνὶ
252 1833 279 1863 δὲ
296 1834 511 1874 ἐλευθερωθέντες
531 1835 585 1865 ἀπὸ
597 1837 643 1871 τῆς
662 1834 812 1875 ἁμαρτίας,
830 1836 887 1865 δου-

89 1878 217 1912 λωθέντες
242 1878 270 1908 δὲ
288 1880 326 1918 τῷ
345 1879 428 1920 Θεῷ,
453 1879 529 1920 ἔχετε
550 1881 595 1910 τὸν
621 1880 724 1920 καρπὸν
751 1882 824 1919 ὐμῶν
852 1881 887 1914 εἰς

90 1922 224 1963 ἁγιασμόν
237 1935 243 1941 ·
258 1923 287 1953 τὸ
303 1922 330 1952 δὲ
346 1923 436 1960 τέλος,
452 1925 522 1960 ζωὴν
543 1925 660 1956 αἰώνιον.
682 1925 725 1955 Τὰ
748 1924 799 1964 γὰρ
818 1924 888 1965 ὀψώ-

90 1979 134 1998 νια
149 1969 196 2004 τῆς
211 1967 360 2009 ἁμαρτίας,
375 1968 502 2003 θάνατος·
515 1969 545 1999 τὸ
560 1970 586 1998 δὲ
603 1970 726 2010 χάρισμα
741 1972 787 1999 τοῦ
803 1971 886 2008 Θεοῦ,

91 2013 147 2048 ζωὴ
172 2013 276 2047 αἰώνιος
300 2014 326 2043 ἐν
342 2014 451 2054 Χριστῷ
476 2014 566 2050 Ἰησοῦ
586 2017 624 2055 τῷ
654 2014 744 2055 Κυρίῳ
765 2016 853 2053 ἡμῶν,
870 2025 884 2043 ι)

92 2059 157 2088 Τῶν
178 2060 226 2093 τῆς
248 2059 381 2098 ἁμαρτίας
407 2058 490 2098 ἔργων
511 2061 525 2088 ὁ
550 2059 667 2100 καρπὸς,
690 2059 806 2100 αἰσχύνη
820 2071 827 2078 ·
843 2062 889 2096 τῆς

91 2102 260 2140 δικαιοσύνης
284 2104 298 2132 6
325 2103 441 2143 καρπὸς,
467 2104 611 2144 ἁγιασμὸς,
638 2104 685 2134 καὶ
714 2104 886 2144 καθαρότης,

93 2148 141 2178 καὶ
168 2148 273 2187 ἁγνεία.
289 2148 330 2179 Τὸ
355 2148 430 2182 τέλος
456 2149 584 2186 ἐκείνων,
611 2149 739 2184 θάνατος·
766 2149 796 2178 τὸ
818 2150 891 2183 τέλος

92 2193 210 2230 ταύτης,
235 2193 290 2230 ζωὴ
305 2193 420 2228 αἰώνιος.
441 2205 456 2223 ιι
467 2194 512 2224 Τὰ
533 2194 584 2234 γὰρ
609 2194 710 2235 ὀψώνια
734 2197 782 2231 τῆς
803 2194 889 2233 ἁμαρ-

94 2239 152 2272 τίας
162 2260 170 2275 ,
190 2239 309 2272 θάνατος.
324 2249 340 2268 ))
358 2238 492 2279 Ὀψώνιον
508 2239 629 2279 λέγεται,
646 2239 676 2268 τὸ
687 2243 742 2273 τοῖς
757 2238 894 2280 στρατιώ-

94 2294 153 2316 ταις
167 2282 242 2324 παρὰ
260 2286 306 2313 τοῦ
333 2284 464 2323 βασιλέως
488 2284 623 2323 διδόμενον
650 2283 812 2324 σιτηρέσιον.
838 2283 894 2314 Καὶ

94 2329 159 2365 ὑμῖν
192 2323 236 2358 οὖν
266 2327 432 2358 δουλεύουσιν
464 2329 568 2366 ἐδίδου,
595 2329 692 2370 φησὶν,
727 2331 744 2365 ἡ
775 2328 893 2370 ἁμαρτία

94 2373 210 2414 ὀψώνιον
227 2373 273 2403 καὶ
288 2373 456 2412 ἀντιμισθίαν
480 2376 528 2410 τῆς
548 2374 682 2409 δουλείας,
703 2374 747 2403 τὸν
771 2373 893 2404 θάνατον.

98 2428 114 2448 ι
131 2419 173 2448 T‘o
187 2417 214 2447 δὲ
234 2419 357 2459 χάρισμα
380 2421 426 2450 τοῦ
441 2420 522 2449 Θεοῦ.
538 2431 551 2447 ν
569 2421 628 2449 Οὐκ
651 2414 740 2456 εἶπεν,
759 2418 797 2449 Ἦ
820 2421 894 2448 ἀντι-

96 2462 192 2502 μισθία
206 2465 223 2499 ἡ
238 2462 312 2504 παρὰ
330 2467 377 2494 τοῦ
389 2465 477 2501 Θεοῦ,
490 2464 576 2500 ἀλλὰ,
593 2477 605 2489 ι
619 2463 659 2494 Τὸ
673 2463 807 2504 χάρισμα.
826 2476 838 2490 ι
853 2464 894 2494 Οὖ

95 2507 150 2547 γὰρ
165 2508 280 2546 ἀμοιϐὴν
300 2507 346 2538 καὶ
363 2508 494 2538 ἀντίδοσιν
506 2509 593 2539 πόνων
611 2508 721 2539 ἐλάϐετε
730 2531 739 2546 ,
756 2507 825 2538 ἀλλὰ
841 2508 896 2548 χά-

98 2563 152 2593 ριτι
162 2555 248 2583 ταῦτα
262 2553 351 2583 πάντα
368 2553 394 2572 ⁴⁰
410 2553 511 2592 ἐγένετο
531 2556 557 2585 ἐν
578 2553 688 2595 Χριστῷ
702 2553 802 2591 Ἰησοῦ·
818 2552 896 2587 αὐτὸς

97 2596 151 2637 γὰρ
165 2600 252 2629 ταῦτα
266 2598 409 2639 ἐνήργησεν
415 2623 422 2630 .

397 2662 540 2694 ΚΕΦΛΛ.
564 2661 608 2693 Ζ¹.

147 2739 161 2757 α
177 2727 218 2760 Ἢ
241 2729 358 2768 ἆγνοεῖτε
371 2751 380 2768 ,
406 2730 515 2771 ἀδελφοὶ
537 2729 717 2770 (γινώσκουσι
744 2728 796 2769 γὰρ
819 2729 900 2768 νόμον

895 1544 918 1576 C

931 902 1034 931 calum,
1057 897 1100 925 hic
1118 905 1174 925 non
1192 896 1394 932 conquiescitis,
1425 894 1480 931 45
1504 894 1554 923 sed
1574 893 1733 930 augendum

932 941 1084 979 iniquitatis
1114 945 1211 970 vestra:
1237 940 1362 974 modum,
1397 940 1450 968 hoc
1477 939 1569 975 ipsum
1593 938 1672 967 vobis
1691 941 1735 966 est

933 987 959 1016 in
970 987 1103 1016 fomitem.
1115 986 1177 1014 Pari
1194 986 1284 1022 itaque
1311 992 1439 1013 mensura
1453 983 1582 1013 exhibete
1604 982 1733 1011 membra

933 1036 1023 1062 vestra
1041 1039 1118 1060 serva
1140 1030 1268 1068 justitiae,
1289 1029 1318 1058 id
1338 1033 1390 1064 est,
1417 1028 1495 1058 omni
1523 1027 1628 1062 virtuti,
1648 1031 1680 1056 ut
1705 1027 1734 1055 in

933 1076 1115 1114 temperantia
1136 1079 1164 1104 et
1187 1074 1403 1104 sanctiﬁcatione
1440 1073 1524 1102 vitam
1545 1072 1650 1102 ducetis
1683 1079 1734 1109 pro

934 1122 1020 1159 priori
1030 1121 1199 1158 impuritate.

970 1169 1113 1201 Vsss.20,
1132 1169 1176 1194 2i.
1191 1174 1206 1192 α
1221 1166 1292 1194 Cum
1303 1164 1377 1193 enim
1393 1163 1463 1193 servi
1477 1163 1572 1192 essetis
1580 1162 1695 1200 peccati,
1708 1161 1737 1190 li-

935 1211 993 1240 beri
1011 1210 1236 1247 fuistisjustitiaa.
1250 1211 1341 1245 Quem
1351 1209 1435 1246 igitur
1455 1208 1577 1237 fructum
1591 1207 1736 1236 habebatis

935 1261 995 1285 tum
1015 1256 1042 1284 in
1056 1255 1107 1284 illis
1127 1255 1155 1283 in
1176 1255 1277 1291 quibus
1292 1263 1365 1283 nunc
1381 1253 1562 1283 erubescitis?
1576 1252 1638 1281 {niis
1662 1252 1736 1280 enim

935 1301 1047 1330 illorum
1063 1308 1140 1329 mors
1160 1303 1212 1328 est.
1230 1311 1243 1324 ν
1260 1299 1376 1334 Quando
1401 1299 1430 1327 in
1444 1298 1517 1327 vitiis
1530 1302 1558 1326 et
1579 1297 1682 1326 malitia
1695 1296 1735 1324 vi-

937 1345 1052 1380 vebatis,
1069 1345 1166 1382 inquit,
1191 1344 1275 1373 eratis
1301 1345 1382 1380 plane
1400 1343 1534 1380 ajustitis
1558 1342 1653 1377 soluti,
1678 1349 1736 1370 non

937 1390 1052 1428 subjecti
1068 1390 1103 1424 ei,
1122 1393 1280 1418 recusantes
1295 1389 1346 1425 ipsi
1368 1388 1485 1417 omnino
1506 1387 1617 1421 servire,
1632 1386 1683 1415 sed
1700 1386 1737 1414 ab

937 1436 1013 1464 easin
1026 1435 1181 1464 libertatem
1196 1442 1246 1463 vos
1263 1433 1444 1462 vindicantes.
1456 1434 1559 1469 jQuare
1581 1439 1656 1460 nunc
1678 1439 1738 1459 ser-

935 1480 1039 1509 vientes
1047 1480 1168 1516 juititiae,
1190 1487 1248 1508 non
1269 1479 1384 1508 omnino
1406 1477 1589 1513 subjiciamini
1613 1480 1737 1513 peccato.

938 1527 974 1553 At
989 1532 1052 1553 vero
1079 1524 1145 1562 quid
1168 1524 1277 1553 fructus
1295 1527 1323 1552 et
1349 1522 1490 1552 commodi
1520 1530 1554 1551 ex
1580 1521 1738 1558 impuritate

939 1569 1090 1599 habuistis?
1114 1569 1201 1603 Nihil,
1230 1572 1329 1605 praeter
1345 1567 1534 1605 ignominiam,
1558 1571 1587 1595 et
1599 1566 1664 1603 quid
1679 1565 1740 1594 dico

937 1615 1134 1652 ignominiam?
1144 1618 1264 1643 mortem
1281 1624 1288 1642 :
1304 1625 1316 1637 α
1334 1613 1397 1642 ﬁnis
1406 1612 1481 1641 enim
1496 1611 1609 1640 illorum
1624 1619 1737 1646 mors,»

938 1660 1061 1696 corporis
1074 1659 1186 1696 quidem
1195 1666 1399 1695 saepenumero,
1414 1658 1515 1686 anima:
1535 1664 1601 1685 vero
1615 1656 1740 1685 omnino.

939 1706 1043 1734 Verum
1057 1713 1073 1733 a
1096 1709 1186 1733 morte
1204 1703 1310 1732 liberati
1326 1703 1394 1732 estis
1416 1711 1466 1739 per
1486 1702 1604 1739 gratiam
1627 1700 1742 1736 Christi,

941 1749 1029 1786 pudor
1045 1757 1110 1778 vero
1136 1749 1228 1778 adhuc
1242 1748 1388 1777 commode
1411 1756 1479 1776 sane
1500 1750 1647 1776 remanet:
1667 1753 1742 1775 nunc

941 1794 1017 1823 enim
1032 1793 1118 1830 pudet
1130 1801 1178 1822 vos
1191 1794 1309 1821 istorum
1319 1792 1468 1821 scelerum.

977 1841 1064 1868 Vens.
1077 1841 1122 1873 22,
1134 1841 1179 1867 23.
1196 1849 1211 1865 ιι
1221 1839 1300 1866 Nunc
1314 1845 1378 1866 vero
1393 1836 1496 1865 liberati
1509 1844 1525 1865 a
1538 1840 1659 1873 peccato,
1673 1835 1743 1864 servi

942 1890 1036 1915 autem
1048 1886 1113 1914 facti
1126 1887 1195 1919 Deo,
1208 1884 1314 1913 habetis
1332 1883 1454 1912 fructum
1475 1887 1596 1912 vestrum
1621 1883 1649 1911 in
1660 1890 1742 1910 sanc-

943 1931 1129 1965 tificationem,
1152 1929 1237 1958 ﬁnem
1263 1937 1329 1958 vero
1355 1929 1441 1957 vitam
1461 1932 1606 1957 aeternam.
1633 1927 1742 1963 Stipen-

943 1975 1021 2004 dium
1035 1975 1109 2004 enim
1122 1975 1238 2011 peccati,
1257 1982 1332 2002 mors
1348 1983 1355 2002 :
1373 1973 1478 2002 donum
1501 1976 1594 2001 autem
1614 1972 1676 2005 Dei,
1690 1971 1745 2000 vita

944 2025 1047 2050 aeterna
1068 2020 1095 2048 in
1106 2020 1214 2048 Christo
1231 2020 1299 2048 Jesu
1314 2018 1435 2047 Domino
1448 2022 1553 2047 nostro.
1579 2030 1593 2043 ν
1619 2018 1744 2053 Operum

945 2067 1048 2105 peccati
1069 2067 1176 2096 fructus
1192 2070 1234 2095 est
1248 2066 1336 2103 pudor
1352 2075 1359 2093 :
1379 2066 1495 2102 justitiaa
1517 2065 1623 2093 fructus
1642 2064 1746 2093 sancti-

946 2113 1047 2146 ﬁcatio,
1061 2116 1089 2141 et
1109 2113 1225 2148 puritas,
1237 2115 1265 2140 et
1274 2111 1395 2139 castitas.
1410 2110 1483 2139 Finis
1502 2110 1625 2145 illorum,
1649 2117 1745 2144 mors;

946 2157 1009 2186 ﬁnis
1022 2157 1107 2194 hujus
1130 2157 1183 2185 vita
1198 2161 1310 2185 aeterna.
1334 2167 1346 2180 ι
1369 2155 1509 2191 Stipendia
1530 2156 1605 2184 enim
1631 2155 1745 2191 peccati,

948 2210 1035 2231 mors.
1057 2214 1070 2228 ι
1090 2201 1264 2238 Stipendium
1285 2200 1387 2230 dicitur
1411 2200 1548 2229 cibarium
1567 2199 1698 2228 militibus
1711 2199 1746 2227 ab

947 2249 1115 2284 imperatore
1139 2247 1246 2276 datum.
1278 2246 1363 2274 Vobis
1385 2245 1469 2282 igitur
1491 2245 1544 2273 sibi
1568 2244 1748 2274 servientibus

949 2296 1092 2329 peccatum
1108 2292 1301 2328 elargiebatur,
1323 2290 1424 2327 inquit,
1453 2289 1622 2326 stipendium
1647 2294 1676 2318 et
1693 2297 1748 2318 ser-

950 2338 1044 2366 vitutis
1054 2337 1222 2371 mercedem,
1234 2340 1364 2365 mortem.
1388 2348 1401 2360 ι
1418 2337 1532 2364 Donum
1546 2339 1639 2364 autem
1653 2335 1716 2363 Dei.
1733 2346 1747 2359 ιι

949 2385 1013 2411 Non
1021 2382 1099 2416 dixit,
1107 2383 1212 2410 Merces
1221 2389 1283 2418 quae
1291 2385 1332 2410 est
1343 2389 1359 2409 a
1367 2383 1436 2416 Deo,
1443 2381 1491 2409 sed
1503 2390 1518 2407 ιι
1527 2381 1648 2409 Donum.
1662 2391 1676 2406 ι)
1688 2381 1750 2408 Non

949 2427 1026 2456 enim
1047 2427 1258 2456 retributionem
1294 2430 1322 2454 et
1346 2425 1599 2454 remunerationem
1624 2425 1750 2454 laborum

951 2479 1104 2504 vestrorum
1118 2474 1272 2510 accepistis,
1285 2473 1334 2502 sed
1349 2481 1382 2502 ex
1394 2473 1482 2510 gratia
1495 2472 1555 2502 haec
1577 2472 1673 2502 omnia
1687 2480 1751 2500 con-

950 2520 1071 2557 tigerunt
1083 2519 1228 2549 inChristo
1248 2519 1313 2548 Jesu
1326 2528 1333 2547 :
1346 2518 1405 2556 ipse
1431 2518 1508 2547 enim
1532 2517 1592 2547 haec
1619 2521 1662 2546 est
1685 2524 1751 2552 ope-

951 2569 1038 2595 ratus.

1256 2668 1381 2696 CAPUT
1392 2667 1450 2697 Vll.

990 2730 1082 2758 Vsns.
1107 2731 1162 2758 1-3.
1194 2740 1207 2754 ιι
1230 2731 1274 2758 An
1297 2728 1440 2766 ignoratis,
1461 2726 1560 2757 fratres
1583 2718 1761 2760 (scientibus

799 2786 895 2816 Variae
916 2785 1067 2816 lectiones.

140 2833 162 2852 ¹⁶
173 2834 234 2871 ὅπερ
247 2842 273 2863 o.
313 2835 334 2852 "
348 2835 447 2871 μᾶλλον
466 2845 493 2866 o.
532 2836 554 2854 ³⁸
566 2836 695 2872 ἁγιωσύνῃ
707 2844 733 2866 o.
772 2836 794 2855 ¹⁹
808 2837 888 2864 πάντα
900 2844 939 2865 ιιι.
