1901 3077
160 174 212 201 419

670 171 925 199 THEOPHYLACTI
945 171 1125 200 BULGARLE
1143 173 1302 202 ARCHIEP.

1757 177 1813 204 420

157 236 231 266 enim
245 236 333 273 legem
347 235 454 272 loquor)
467 234 542 272 quod
565 234 606 263 lex
628 233 787 264 dominatur
814 235 842 263 in
865 234 945 262 homi-

1043 236 1111 276 λῶ),
1126 236 1167 267 ὅτι
1182 238 1197 266 6
1216 237 1294 276 νόμος
1315 236 1430 278 κυριεύει
1455 240 1500 268 τοῦ
1514 237 1654 278 ἀνθρώπου
1682 239 1723 280 ἐφ’
1749 239 1813 269 ὅσον

157 290 221 310 nem
236 285 341 318 quanto
352 284 476 316 tempore
494 279 584 308 vivit?
599 281 669 308 Nam
683 288 744 316 quae
769 280 821 309 sub
833 279 889 308 viro
914 284 956 308 est

157 327 266 360 mulier,
284 325 384 354 viventi
404 325 462 353 viro
481 325 593 361 alligata
614 329 657 354 est
678 333 712 353 ex
723 325 782 362 lege
798 334 805 352 :
821 326 843 353 si
859 329 955 353 autem

159 375 285 400 mortuus
302 370 386 398 fuerit
406 369 456 405 vir,
472 370 560 398 soluta
584 374 627 399 est
649 378 665 398 a
682 370 742 407 lege
762 370 820 398 viri.
836 370 955 398 Vivente

157 417 248 452 itaque
259 416 328 451 viro,
348 415 473 444 adultera
494 415 646 450 vocabitur,
667 415 690 444 si
717 415 802 444 fuerit
819 423 883 444 cum
899 415 953 443 alio

151 462 221 491 viro.
246 461 275 490 Si
291 464 389 489 autem
414 465 541 489 mortuus
567 460 649 488 fuerit
672 460 722 494 vir,
738 460 823 488 libera
841 465 883 488 est
910 464 955 494 ,ut

153 514 212 536 non
223 506 261 535 sit
282 506 415 539 adultera,
435 505 458 533 si
479 505 563 533 fuerit
576 513 641 534 cum
656 505 712 533 alio
735 505 803 534 viro.
821 515 836 532 »
853 505 953 533 Morali

153 551 348 588 praetermissa,
365 550 400 579 ad
423 550 611 587 dogmaticam
630 550 792 579 instituendi
814 550 952 579 rationem

150 597 261 630 transit,
277 595 425 625 ostendens
449 595 524 632 quod
541 604 599 624 non
621 595 740 632 amplius
762 595 878 624 debeant
892 603 953 624 esse

152 641 204 671 sub
218 642 286 678 lege.
300 641 409 670 Etenim
425 640 478 675 lex,
498 640 595 677 inquit,
620 649 705 677 quam
729 645 757 669 et
773 649 822 669 vos
845 641 950 675 tenetis,

152 686 310 716 dominatur
342 686 371 714 in
397 685 540 714 hominem
568 686 702 722 tantisper
729 686 797 715 dum
823 686 919 714 vixerit
945 695 950 711 :

151 731 290 761 defunctis
311 731 386 760 enim
407 739 465 759 non
480 731 597 768 amplius
620 730 753 760 sancitur.
776 733 872 767 Itaque
895 731 952 767 48

151 781 179 806 et
205 785 254 806 vos
279 777 316 805 illi
341 777 444 805 mortui
470 776 545 811 estis,
572 776 705 813 vobisque
738 775 865 813 deinceps
894 784 951 804 non

151 823 270 859 amplius
280 821 448 851 dominatur.
462 823 549 851 Porro
569 822 623 850 hoc
637 821 666 850 in
679 821 810 858 principio
837 821 950 858 quidem

151 868 192 896 sic
215 867 320 902 innuit;
349 867 475 903 deinceps
509 875 573 895 vero
592 866 621 896 id
648 866 740 903 ipsum
775 866 841 894 alias
873 866 949 901 dicit,

151 912 227 950 quod
250 912 362 948 scilicet,
380 912 481 941 marito
506 916 628 947 mortuo,
651 911 759 940 mulieri
783 912 862 947 copia
877 910 950 940 facta

150 962 203 993 est,
218 961 249 986 ut
261 957 339 986 alteri
353 957 475 994 copulari
489 961 579 994 queat.
601 956 722 985 Proinde
734 960 761 985 et
778 956 822 985 hic
837 957 950 993 quidem

149 1002 191 1031 lex
205 1003 263 1031 viro
279 1002 454 1037 assimilatur,
470 1010 518 1031 vos
533 1006 628 1031 autem
649 1001 739 1030 uxori.
765 1001 870 1030 Deinde
885 1010 951 1030 con-

150 1047 295 1077 sectarium
318 1052 378 1077 erat
391 1047 482 1077 dicere
500 1049 628 1084 :ltaque,
648 1046 757 1082 fratres,
781 1055 838 1075 non
860 1046 951 1075 domi-

149 1097 232 1121 natur
244 1093 322 1121 vobis
336 1093 389 1128 lex,
404 1092 540 1130 siquidem
561 1097 603 1121 est
617 1097 726 1121 mortua
741 1101 748 1120 :
771 1100 866 1121 verum
878 1092 950 1120 hunc

150 1138 186 1166 ad
209 1137 324 1166 modum
342 1146 399 1166 non
422 1138 503 1172 dixit,
528 1146 564 1166 ne
588 1137 738 1166 offenderet
758 1137 885 1171 Judaeos;
902 1137 950 1166 sed

150 1185 289 1212 mortuam
317 1191 430 1211 uxorem
447 1182 611 1218 introduxit,
626 1183 680 1211 hoc
700 1186 752 1217 est,
765 1182 851 1218 ipsos,
868 1186 899 1210 ut
913 1182 949 1211 ita

147 1227 247 1265 duplici
268 1227 389 1257 libertate
406 1227 542 1256 fruantur.
565 1229 637 1256 Nam
659 1227 682 1256 si
709 1232 821 1256 mortuo
848 1227 948 1256 marito

147 1273 249 1302 mulier
271 1273 385 1302 liberata
409 1278 480 1302 esta
498 1277 634 1310 potestate
658 1273 735 1310 legis,
756 1272 845 1301 multo
861 1272 949 1309 magis

148 1323 249 1348 asserta
266 1323 307 1347 est
326 1318 357 1346 in
376 1318 543 1354 libertatem,
573 1318 684 1355 quando
710 1322 738 1347 et
762 1318 819 1354 ipsa
839 1322 948 1347 mortua

147 1371 207 1393 esse
217 1364 350 1392 cernitur.

182 1410 275 1438 Vsus.
291 1411 319 1437 4.
335 1420 348 1434 α
373 1410 479 1445 Itaque,
500 1406 603 1437 fratres
629 1407 696 1444 mei,
713 1407 870 1436 mortiﬁcati
885 1408 949 1436 estis

146 1457 175 1482 et
195 1462 244 1483 vos
265 1454 318 1491 legi
342 1461 391 1490 per
418 1461 519 1490 corpus
539 1453 641 1482 Christi
654 1473 662 1487 ,
688 1457 718 1481 ut
743 1453 802 1481 sitis
824 1452 948 1488 alterius,

146 1499 193 1536 qui
207 1507 240 1528 ex
260 1499 378 1528 mortuis
398 1498 556 1533 resurrexit,
571 1503 604 1526 ut
629 1497 827 1527 fructiﬁcemus
845 1500 916 1527 Deo.
935 1511 947 1522 ι·

146 1546 174 1575 Si
189 1546 242 1575 vita
268 1546 389 1574 defuncti
407 1545 482 1581 estis,
510 1545 607 1582 inquit,
636 1553 692 1573 non
714 1545 778 1574 estis
805 1545 856 1574 sub
880 1546 948 1582 lege.

146 1591 175 1620 Si
189 1591 264 1619 enim
287 1596 400 1619 mortuo
420 1591 520 1619 marito
539 1598 596 1618 non
612 1590 730 1626 amplius
755 1590 814 1627 ejus
833 1591 891 1627 lege
903 1595 943 1619 te-

146 1639 228 1664 netur
242 1644 321 1670 uxor,
333 1635 422 1664 multo
448 1636 536 1672 magis
556 1635 615 1672 ipsa
637 1639 749 1664 mortua
764 1635 878 1664 liberata
902 1641 943 1665 est

145 1689 161 1709 a
175 1680 244 1718 jugo
257 1681 333 1717 legis.
350 1680 470 1709 Observa
493 1680 538 1709 hic
562 1680 734 1717 sapientiam,
755 1681 795 1710 uti
815 1681 944 1716 ostendit,

146 1726 234 1763 ipsam
246 1726 356 1762 quidem
370 1726 458 1763 legem
468 1726 536 1755 velle
542 1729 572 1756 ut
584 1726 620 1754 ab
633 1725 691 1762 ipsa
704 1725 840 1755 deficiant.
869 1727 945 1756 Libe-

146 1771 198 1799 rati
221 1771 285 1800 estis
308 1771 389 1808 igitur
411 1775 439 1800 et
459 1779 506 1800 vos
529 1779 545 1800 a
568 1771 627 1808 lege
650 1779 697 1808 per
721 1779 820 1808 corpus
845 1771 944 1800 Christi

145 1816 267 1845 cruciﬁxi
292 1820 321 1845 et
342 1816 425 1846 occisi
455 1825 505 1853 pro
533 1816 623 1845 nobis.
650 1817 754 1853 Corpus
781 1817 856 1845 enim
875 1817 944 1846 illud

146 1866 289 1899 propterea
299 1862 424 1891 occisum
450 1866 503 1897 est,
529 1866 562 1890 ut
585 1870 635 1891 vos
657 1861 814 1891 moriamini
831 1862 944 1899 quidem

145 1907 209 1944 legi,
228 1907 384 1945 jungamini
401 1915 468 1936 vero
487 1907 567 1936 alteri
588 1907 634 1944 qui
656 1916 706 1944 pro
731 1907 808 1936 vobis
822 1912 943 1936 mortem

143 1951 219 1987 obiit,
243 1957 271 1982 et
298 1957 390 1989 postea
416 1952 547 1981 excitatus
576 1956 625 1980 est.
646 1953 704 1980 Lex
728 1953 803 1980 enim
834 1957 943 1981 mortua

142 2006 200 2026 non
223 1998 343 2034 amplius
364 1997 430 2026 vivit
450 2008 456 2026 :
482 1997 607 2025 Christus
629 2004 694 2024 vero
713 1996 767 2024 vita
797 1996 944 2026 defunctus

143 2043 217 2077 vivit,
235 2043 368 2077 Quocirca
383 2050 440 2069 non
461 2046 502 2069 est
520 2042 582 2069 data
603 2041 679 2069 vobis
692 2045 812 2077 potestas
831 2041 865 2069 ab
890 2042 942 2071 isto

144 2086 252 2115 vivente
263 2085 442 2115 desciscendi.
452 2086 554 2122 Ecquit
562 2085 624 2114 inde
637 2085 726 2114 lucri?
738 2097 750 2110 «
774 2085 943 2121 Ut_fructum

142 2131 266 2160 feramus
280 2133 351 2165 Deo,
378 2141 392 2155 ι
416 2130 470 2159 hoc
492 2135 544 2166 est,
571 2131 612 2159 Ut
635 2138 666 2158 ex
689 2129 741 2158 hac
765 2131 862 2167 copula
887 2140 942 2168 qua

143 2175 251 2205 Christo
266 2175 356 2213 juncti
378 2183 484 2211 sumus,
514 2175 615 2205 liberos
636 2183 851 2213 progeneremus
870 2178 940 2212 Deo,

142 2229 242 2259 nempe
255 2221 330 2251 bona
341 2229 432 2259 opera.

177 2313 267 2342 Vens.
279 2315 305 2341 5.
320 2324 334 2338 ν
347 2311 466 2350 Quando
479 2310 553 2340 enim
562 2319 673 2340 eramus
684 2310 711 2340 in
720 2319 813 2347 carne,
824 2310 942 2342 affectus

142 2362 318 2394 peccatorum
342 2358 402 2394 quit
426 2361 490 2386 sunt
511 2351 559 2394 per
583 2358 681 2394 legem,
708 2357 892 2393 operabantur
913 2357 941 2385 in

142 2402 275 2432 membris
297 2403 400 2431 nostris
418 2407 451 2431 ut
477 2402 680 2431 fructiﬁcarent
711 2402 807 2438 morti,
840 2414 853 2428 ιι
884 2404 942 2431 De—

142 2452 303 2477 monstrans
325 2447 400 2484 quod
423 2447 491 2476 nihil
517 2448 598 2477 nobis
611 2448 655 2476 lex
676 2447 764 2484 prosit
787 2447 823 2476 ad
838 2447 891 2476 hoc
913 2452 943 2476 ut

141 2492 307 2530 effugiamus
326 2493 448 2523 carnales
464 2492 592 2529 affectus,
615 2492 664 2522 sed
678 2501 725 2522 eos
739 2492 938 2522 tantummodo

139 2538 262 2568 indicet:
284 2539 404 2575 Quando
431 2547 554 2574 eramus,
578 2537 678 2575 inquit,
701 2538 731 2567 in
754 2538 858 2567 carnali
881 2538 939 2567 vita

138 2588 167 2614 et
193 2584 285 2622 pravis
301 2584 442 2622 operibus,
465 2583 581 2613 affectus
604 2588 797 2620 peccatorum,
818 2583 866 2621 qui
887 2591 937 2620 per

138 2630 228 2667 legem
250 2629 500 2659 manifestabantur
520 2633 548 2658 et
558 2628 788 2666 agnoscebantur,
814 2628 938 2658 efﬁcaces

137 2679 216 2705 erant
237 2683 286 2713 per
299 2676 423 2706 animam
438 2676 467 2705 in
487 2674 623 2705 membris
641 2674 755 2704 nostris.
777 2675 841 2704 Non
867 2674 939 2704 dixit

138 2721 214 2758 quod
235 2721 362 2752 membra
389 2725 568 2759 operarentur
592 2720 764 2758 pravitatem,
789 2728 824 2750 ne
843 2720 936 2750 locum

1007 280 1100 320 χρόνον
1116 283 1164 322 ζῇ;
1182 281 1217 312 Ἣ
1238 281 1290 323 γὰρ
1316 282 1448 322 ὕπανδρος
1471 282 1556 322 γυνὴ,
1571 284 1609 323 τῷ
1631 285 1712 318 ζῶντι
1737 284 1815 325 ἀνδρὶ

1009 325 1112 356 δέδεται
1136 326 1228 368 νόμῳ·
1253 327 1300 356 ἐὰν
1318 326 1345 356 δὲ
1361 327 1482 368 ἀποθάνῃ
1504 329 1518 357 6
1538 328 1616 367 ἀνὴρ,
1640 328 1815 368 κατήργηται

1009 370 1121 401 ἀπὸτοῦ
1143 371 1224 410 νόμου
1242 374 1287 402 τοῦ
1306 372 1409 412 ἀνδρός.
1431 370 1499 413 Ἄρα
1517 368 1562 403 οὖν
1577 374 1674 407 ζῶντος
1693 376 1740 403 τοῦ
1766 375 1815 402 ἀν-

1008 415 1067 455 δρὸς
1082 416 1208 456 μοιχαλὶς
1223 417 1404 457 χρηματίσει,
1421 417 1467 447 ἐὰν
1483 417 1591 458 γένηται
1606 418 1682 458 ἀνδρὶ
1704 418 1791 459 ἑτέρῳ
1803 430 1813 437 ·

1008 460 1053 490 ἐὰν
1069 461 1096 490 δὲ
1113 461 1232 502 ἀποθάνῃ
1275 462 1353 502 ἀνὴρ,
1373 461 1498 503 ἐλευθέρα
1524 462 1596 493 ἐστὶν
1619 463 1674 493 ἀπὸ
1690 466 1737 493 τοῦ
1763 463 1811 492 νό-

1008 516 1058 545 μου
1072 529 1079 543 ,
1102 509 1145 536 τοῦ
1168 501 1300 546 μὴεῖναι
1320 501 1403 543 αὐτὴν
1424 501 1589 548 μοιχαλίδα,
1603 508 1752 547 γενομένην
1768 510 1813 537 ἄν·

1008 551 1048 591 δρὶ
1064 550 1155 592 ἑτέρῳ.
1176 563 1191 581 υ
1210 551 1351 592 Ἀφέμενος
1367 554 1412 581 τοῦ
1433 554 1544 590 ἠθικοῦ,
1570 553 1614 582 ἐπὶ
1633 553 1664 582 τὸ
1680 554 1811 592 δογματι-

1007 595 1052 639 κὸν
1069 596 1242 636 μεταϐαίνει,
1255 597 1302 626 καὶ
1318 597 1465 635 δείκνυσιν,
1482 598 1523 628 ὅτι
1546 597 1633 628 οὐκέτι
1655 598 1812 639 ὀφείλουσιν

1007 636 1074 670 εἶναι
1091 641 1141 671 ὑπὸ
1157 641 1201 671 τὸν
1224 641 1315 681 νόμον.
1347 642 1402 673 Καὶ
1427 643 1478 683 γὰρ
1502 644 1516 672 6
1541 644 1636 682 νόμος,
1663 636 1765 684 φησὶν,
1782 644 1811 674 ὃν

1007 687 1052 716 καὶ
1077 688 1151 725 ὑμεῖς
1179 687 1335 726 γινώσκετε,
1363 687 1480 728 κυριεύει
1508 690 1556 717 τοῦ
1595 689 1737 729 ἀνθρώπου
1769 690 1812 729 ἐφ’

1006 730 1066 761 ὅσον
1081 731 1174 772 χρόνον
1197 734 1240 773 ζῇ.
1261 733 1323 766 Τοῖς
1339 731 1390 773 γὰρ
1404 732 1558 768 τεθνηκόσιν
1583 732 1671 763 οὐκέτι
1698 733 1813 764 διατάτ-

1006 788 1089 808 τεται.
1107 777 1196 807 Ὥστε
1211 776 1258 806 καὶ
1274 779 1347 816 ὑμεῖς
1366 777 1510 808 ἀπεθάνετε
1535 779 1607 817 αὐτῷ
1618 802 1626 816 ,
1651 778 1699 808 καὶ
1714 778 1811 808 λοιπὸν

1005 821 1093 851 οὖκέτι
1107 822 1220 862 κυριεύει
1239 824 1326 862 ὑμῶν.
1349 821 1397 853 Ἐν
1413 823 1484 863 ἀρχῇ
1506 823 1554 862 μὲν
1575 820 1619 853 οὖν
1641 823 1712 853 οὕτω
1728 826 1813 853 τοῦτο

1004 866 1128 906 ᾖνίξατο’
1145 867 1203 904 ἑξῆς
1227 867 1255 897 δὲ
1273 866 1359 901 ἄλλως
1378 867 1408 897 τὸ
1432 867 1497 897 αὖτό
1511 879 1608 909 φησιν,
1630 868 1671 898 ὅτι
1697 869 1807 898 ἀποθα-

966 928 990 960 B
1005 912 1152 960 νόντοςῗτοῧ
1168 912 1275 960 ἀνδρὸς,
1301 915 1318 948 ἡ
1343 912 1408 960 γυνὴ
1435 912 1555 960 ἐξουσίαν
1575 913 1631 960 ἔχει
1659 913 1744 960 ἑτέρῳ
1759 925 1809 960 συῒ

1007 959 1164 997 ζευχθῆναι.
1191 957 1295 987 Οὐκοῦν
1313 957 1359 987 καὶ
1382 958 1511 998 ἐνταῦθα,
1535 959 1549 987 6
1564 958 1612 997 μὲν
1634 958 1713 997 νόμος
1730 958 1813 998 ἀνδρὶ

1005 1003 1105 1042 ἔοικεν,
1120 1003 1193 1041 ὑμεῖς
1208 1001 1236 1032 δὲ
1260 1001 1376 1041 γυναικί.
1407 997 1475 1033 Εἶτα
1498 1003 1528 1033 τὸ
1553 1003 1697 1034 ἀκόλουθον
1721 999 1754 1039 ἦν
1774 997 1812 1032 εἶ-

1004 1051 1063 1076 πείν
1080 1057 1086 1064 '
1103 1045 1205 1085 ¹¹Ωστε,
1221 1047 1348 1087 ἀδελφοὶ,
1364 1050 1394 1088 οὐ
1419 1046 1535 1088 κυριεύει
1563 1049 1636 1087 ὑμῶν
1662 1050 1676 1078 6
1703 1048 1786 1087 νόμος
1802 1060 1810 1066 ·

1005 1091 1120 1122 ἀπέθανε
1134 1092 1198 1132 γάρ.
1217 1092 1289 1122 ²Αλλ’
1305 1093 1351 1122 οὐκ
1376 1087 1565 1130 εἶπεννοῧτως,
1583 1092 1628 1122 ἵνα
1653 1092 1691 1133 μὴ
1712 1093 1809 1134 πλήξῃ

1003 1136 1063 1171 τοὺς
1076 1136 1238 1176 Ἰουδαίους,
1260 1137 1329 1166 ἀλλὰ
1349 1136 1397 1174 τὴν
1413 1142 1527 1178 γυναῖκα
1550 1137 1651 1178 εἰσάγει
1677 1139 1810 1175 τελευτή·

1004 1193 1107 1220 σασαν,
1130 1182 1278 1219 τουτέστιν,
1303 1182 1418 1222 αὐτοὺς,
1440 1182 1511 1212 ὥστε
1533 1183 1628 1220 διπλῆς
1654 1183 1808 1214 ἀπολαύειν

1003 1228 1052 1263 τῆς
1075 1227 1232 1267 ἐλευθερίας.
1262 1228 1297 1258 Εἰ
1322 1227 1374 1268 γὰρ
1398 1227 1607 1265 τελευτήσαντος
1628 1230 1675 1258 τοῦ
1691 1229 1808 1268 ἀνδρὸς,

1005 1272 1176 1308 ἀπήλλακται
1192 1273 1240 1308 τῆς
1264 1271 1382 1307 ἐξουσίας
1405 1275 1451 1302 τοῦ
1466 1273 1565 1312 νόμου,
1588 1275 1680 1314 πολλῷ
1697 1275 1808 1313 μᾶλλον

1003 1317 1199 1358 ἠλευθέρωται,
1232 1317 1296 1347 ὅταν
1325 1317 1371 1347 καὶ
1397 1317 1465 1355 αὐτὴ
1503 1320 1709 1356 τετελευτηκυὴι
1738 1319 1809 1360 φαί-

1004 1374 1092 1399 νηται.

1043 1422 1056 1434 ι
1071 1407 1174 1445 Ὥστε,
1197 1407 1306 1449 ἀδελφοί
1321 1419 1370 1446 μου
1381 1431 1389 1445 ,
1406 1407 1591 1445 ἐθανατώθητε
1612 1408 1659 1438 καὶ
1674 1410 1750 1447 ὑμεῖς
1764 1411 1806 1449 τῷ

1003 1452 1075 1493 νόμῳ
1102 1452 1144 1482 διὰ
1172 1455 1217 1483 τοῦ
1240 1452 1365 1492 σώματος
1386 1455 1432 1482 τοῦ
1455 1454 1588 1493 Χριστοῦ,
1614 1454 1650 1487 εἷς
1676 1454 1706 1483 τὸ
1730 1455 1806 1494 γενέ-

1003 1500 1064 1527 σθαι
1087 1499 1154 1537 ὑμᾶς
1169 1497 1251 1538 ἑτέρῳ
1272 1500 1310 1539 τῷ
1327 1499 1357 1527 ἐκ
1376 1499 1474 1535 νεκρῶν
1497 1498 1646 1538 ἐγερθέντι,
1668 1498 1713 1528 ἵνα
1734 1511 1805 1539 καρ-

1002 1542 1196 1583 ποφορήσωμεν
1211 1544 1250 1584 τῷ
1271 1544 1346 1583 Θεῷ.
1364 1556 1375 1569 ι
1395 1544 1427 1573 Εἰ
1443 1542 1528 1582 νεκροὶ
1547 1543 1692 1582 γεγόνατε,
1706 1544 1802 1584 φησὶν,

1003 1589 1049 1618 οὐκ
1064 1588 1123 1617 ἐστὲ
1140 1588 1191 1618 ὑπὸ
1215 1588 1307 1627 νόμον.
1334 1588 1368 1618 Εἰ
1392 1587 1443 1628 γὰρ
1459 1588 1666 1624 τελευτήσαντος
1688 1591 1733 1618 τοῦ
1750 1591 1804 1618 ἀν-

1008 1617 1012 1618 ,
1182 1617 1277 1627 ,,_,
1337 1617 1436 1628 ,,.I
1563 1617 1568 1624 ,

965 1617 987 1648 C
1002 1633 1073 1674 δρὸς,
1100 1634 1147 1664 οὐκ
1170 1633 1241 1663 ἔστιν
1268 1633 1408 1666 ὑπεύθυνος
1431 1634 1448 1668 ἡ
1469 1632 1555 1672 γυνὴ,
1579 1634 1671 1673 πολλῷ
1696 1634 1804 1672 μᾶλλον

1000 1678 1067 1715 αὖτή
1090 1680 1292 1715 τετελευτηκυῖα
1316 1677 1487 1714 ἀπήλλακται
1512 1680 1558 1708 τοῦ
1587 1680 1665 1718 ζυγοῦ
1687 1681 1736 1708 τοῦ
1757 1679 1804 1710 νό-

998 1736 1061 1762 μου.
1083 1722 1156 1763 Ὅρα
1173 1724 1199 1754 δὲ
1214 1723 1324 1764 σοφίαν,
1341 1724 1397 1757 πῶς
1413 1722 1544 1753 δείκνυσιν
1560 1723 1638 1753 αὐτὸν
1653 1723 1697 1753 τὸν
1713 1723 1798 1764 νόμον

999 1767 1156 1808 βουλόμενον
1181 1769 1210 1798 τὸ
1239 1763 1390 1804 οἶποστῆναι
1419 1768 1510 1799 αὐτοῦ.
1537 1767 1724 1808 Ἀπηλλάγητε
1752 1763 1801 1798 οὖν

998 1813 1043 1843 καὶ
1058 1815 1131 1853 ὑμεῖς
1151 1816 1196 1844 τοῦ
1211 1813 1292 1852 νόμου
1313 1812 1356 1842 διὰ
1381 1815 1426 1842 τοῦ
1448 1812 1570 1852 σώματος
1593 1816 1641 1843 τοῦ
1661 1815 1800 1853 Χριστοῦ,

996 1861 1042 1888 τοῦ
1058 1858 1251 1900 σταυρωθέντος
1268 1859 1334 1898 ὑπὲρ
1350 1859 1435 1896 ἡμῶν.
1452 1858 1491 1889 Τὸ
1506 1858 1557 1898 γὰρ
1577 1861 1657 1897 σῶμα
1671 1860 1757 1888 ἐκεῖνο
1772 1859 1801 1878 ²⁰

998 1904 1041 1933 διὰ
1063 1907 1140 1934 τοῦτο
1164 1903 1334 1940 ἐθανατώθη,
1355 1901 1398 1932 ἵνα
1415 1903 1489 1942 ὑμεῖς
1511 1903 1662 1940 ἀποθάνητε
1688 1903 1736 1942 μὲν
1760 1907 1800 1943 τῷ

997 1949 1088 1990 νόμῳ,
1115 1949 1227 1988 γένησθε
1251 1949 1278 1978 δὲ
1303 1948 1352 1977 ὑπὸ
1369 1947 1456 1988 ἕτερον
1481 1948 1524 1978 τὸν
1544 1948 1711 1978 ἀποθανόντα
1732 1949 1801 1988 ὑπὲρ

998 1989 1088 2033 ἡμῶν,
1104 1989 1162 2024 εἶτα
1177 1993 1222 2023 καὶ
1246 1993 1396 2034 ἐγερθέντα.
1417 1992 1452 2023 Ὁ
1477 1992 1524 2032 μὲν
1546 1993 1598 2033 γὰρ
1620 1993 1699 2032 νόμος
1722 1994 1798 2023 ἄπο-

998 2038 1099 2076 θανὼν,
1116 2039 1205 2068 οὐκέτι
1276 2050 1282 2056 “
1298 2039 1311 2068 ὁ
1329 2038 1355 2067 δὲ
1380 2038 1492 2078 Χριστὸς
1516 2038 1615 2075 θανὼν,
1641 2040 1684 2078 ζῇ.
1707 2037 1800 2068 ⁴⁷Ωστε

997 2084 1044 2113 οὖκ
1068 2083 1142 2124 ἔχετε
1173 2083 1292 2118 ἐξουσίαν
1317 2085 1363 2113 τοῦ
1392 2084 1488 2117 ζῶντος
1513 2081 1606 2112 τούτου
1632 2084 1794 2119 ἀποστῆναι.

997 2129 1052 2158 Καὶ
1067 2129 1092 2158 τί
1107 2129 1137 2159 τὸ
1147 2129 1255 2169 κέρδος;
1271 2143 1282 2155 κ
1296 2128 1357 2159 Ἵνα
1372 2127 1619 2169 καρποφορήσωμεν
1634 2130 1672 2169 τῷ
1688 2129 1763 2170 Θεῷ,
1780 2141 1795 2158 ιι

997 2174 1146 2211 τουτέστιν,
1172 2173 1231 2204 Ἵνα
1255 2175 1285 2203 ἐκ
1308 2175 1355 2210 τῆς
1382 2173 1507 2213 συζυγίας
1533 2172 1632 2209 ταύτης
1655 2175 1704 2209 τῆς
1729 2174 1797 2214 πρὸς

995 2218 1039 2249 τὸν
1056 2219 1185 2260 Χριστὸν,
1203 2218 1435 2259 τεκνογονήσωμεν
1451 2219 1488 2259 τῷ
1501 2218 1582 2259 Θεῷ,
1599 2217 1708 2259 πράξεις
1726 2219 1795 2258 ἄγα-

957 2281 982 2313 D
996 2263 1042 2298 θὰς
1056 2264 1159 2313 δηλαδή
1166 2287 1172 2294 .

1042 2320 1056 2338 (ι
1069 2307 1137 2339 εΌτε
1152 2308 1203 2349 γὰρ
1225 2304 1292 2348 ἦμεν
1313 2309 1340 2338 ἐν
1354 2310 1386 2350 τῇ
1408 2307 1487 2348 σαρκὶ
1500 2330 1509 2346 ,
1529 2307 1564 2337 τὰ
1578 2307 1726 2347 παθήματα
1741 2309 1795 2338 τῶν

996 2354 1133 2394 ἁμαρτιῶν
1157 2353 1191 2384 τὰ
1217 2354 1260 2384 διὰ
1281 2357 1326 2384 τοῦ
1356 2353 1438 2393 νόμου
1462 2353 1598 2393 ἐνηργεῖτο
1614 2353 1642 2382 ἐν
1665 2357 1719 2387 τοῖς
1744 2353 1795 2392 μέ-

995 2401 1067 2429 λεσιν
1083 2401 1170 2439 ἡμῶν,
1185 2400 1222 2434 εἰς
1236 2398 1266 2429 τὸ
1287 2400 1492 2439 καρποφορῆσαι
1511 2399 1548 2438 τῷ
1563 2398 1681 2439 θανάτῳ.
1697 2409 1712 2427 ι)
1729 2400 1794 2429 Δει-

997 2444 1073 2483 κνὺς,
1089 2444 1130 2474 ὅτι
1153 2447 1167 2475 ὁ
1183 2444 1260 2483 νόμος
1275 2443 1349 2474 οὐδὲν
1371 2446 1435 2482 ἡμῖν
1458 2443 1590 2473 συνετέλει
1606 2442 1629 2461 ²⁶
1647 2444 1684 2476 εἰς
1698 2442 1729 2473 τὸ
1744 2456 1794 2484 φυ-

992 2490 1046 2528 γεῖν
1069 2489 1102 2531 τὰ
1123 2489 1240 2531 σαρκικὰ
1260 2490 1352 2526 πάθη,
1370 2488 1439 2518 ἀλλὰ
1463 2488 1543 2527 μόνον
1566 2488 1668 2518 ἐδείκνυ
1689 2490 1793 2526 ταῦτα,

992 2533 1061 2566 ”Οτε
1075 2530 1143 2574 ἦμεν
1156 2558 1163 2572 ,
1180 2533 1259 2575 φησὶν
1272 2559 1279 2570 ,
1294 2535 1321 2564 ἐν
1344 2535 1382 2573 τῷ
1398 2534 1519 2574 σαρκικῷ
1541 2533 1591 2574 βίῳ
1610 2533 1656 2563 καὶ
1670 2533 1728 2567 ταῖς
1742 2545 1792 2564 πο-

992 2584 1083 2621 νηραῖς
1105 2579 1235 2620 πράξεσι,
1261 2578 1295 2608 τὰ
1323 2577 1473 2617 παθήματα
1498 2579 1549 2607 τῶν
1574 2578 1730 2618 ἁμαρτιῶν,
1758 2578 1792 2609 τὰ

993 2625 1036 2655 διὰ
1061 2627 1108 2655 τοῦ
1130 2624 1209 2664 νόμου
1233 2622 1416 2665 φανερούμενοι
1438 2623 1485 2653 καὶ
1498 2623 1700 2663 γνωριζόμενα,
1717 2624 1795 2664 ἐνηρ-

991 2675 1064 2710 γεῖτο
1077 2669 1152 2711 παρὰ
1178 2671 1224 2706 τῆς
1247 2670 1335 2710 ψυχῆς
1358 2669 1386 2698 ἐν
1408 2672 1463 2702 τοῖς
1487 2669 1594 2708 μέλεσιν
1733 2669 1794 2699 Οὔκ

994 2710 1081 2753 εἶπεν,
1095 2710 1134 2746 ὅτι
1147 2714 1191 2746 Τὰ
1212 2715 1281 2754 μέλη
1299 2714 1326 2732 ²²
1341 2713 1446 2756 ἐνήργει
1460 2713 1509 2751 τὴν
1524 2713 1669 2755 πονηρίαν,
1691 2713 1737 2744 ἵνα
1753 2713 1791 2753 μὴ

837 2784 931 2815 Varia:
951 2784 1101 2816 lectiones.

178 2843 200 2862 ²⁰
216 2842 248 2872 ἵσ.
266 2844 359 2874 ἐκείνου
374 2853 402 2875 ο.
440 2844 460 2863 ’ί
476 2843 592 2874 συντελεῖ
604 2852 632 2874 0.
670 2845 691 2862 ²¹
704 2843 786 2881 ἡμῶνι
