1901 3077
56 139 106 166 421

506 139 679 167 EXPOSITIO
699 139 732 167 IN
751 139 855 167 EPIST.
876 139 921 167 AD
941 139 1024 167 ΒΟΜ.
1048 154 1083 160 -
1102 139 1176 167 CAP.
1198 140 1251 167 Vll.

1655 142 1707 170 L22

54 200 129 240 δώστι
145 201 238 243 χώραν
252 203 438 242 κατηγορῆσαι
458 203 504 238 τῆς
528 201 636 243 σαρκός.
657 201 691 232 Ἦ
708 201 759 243 γὰρ
780 202 854 242 ψυχή
868 206 895 239 Α
908 201 985 231 daret

931 205 988 230 aret
1009 201 1178 230 accusationi
1202 201 1302 230 carnis.
1330 201 1430 229 Anima
1453 202 1527 231 enim
1553 207 1596 232 est
1619 203 1707 234 instar

54 246 128 275 ἐστιν
140 242 195 288 οἶόν
210 258 250 280 τις
272 245 440 287 κιθαριστὴς,
461 246 497 276 τὰ
519 246 547 276 δὲ
568 242 641 286 μέλη
662 242 770 288 κιθάρα.
792 249 856 278 Κα-

54 287 168 325 κῶςοῧν
195 292 334 332 κρούοντος
361 294 408 322 τοῦ
436 294 608 332 κιθαριστοῦ,
633 295 722 326 κακῶς
748 294 810 333 ἠχεῖ
837 294 855 329 ἡ

53 336 165 376 κιθάρα.
182 336 255 368 Ὑπὸ
278 337 324 367 τὸν
346 337 428 376 νόμον
450 337 535 368 τοίνυν
552 337 640 377 ὄντες,
663 338 755 374 ἐπειδὴ
775 337 802 358 ³³
819 337 855 368 τὰ

54 381 129 418 πάθη
158 383 207 413 οὖκ
238 381 387 421 ἐδυνάμεθα
414 387 525 422 φυγεῖν,
561 383 778 423 ἐτεκνογονοῧμεν
806 382 855 417 τὰς

54 427 175 467 πονηρὰς
189 426 297 468 πράξεις
313 428 351 468 τῷ
367 427 483 468 θανάτῳ.

100 482 116 501 α
130 472 199 502 Νυνὶ
218 472 245 502 δὲ
261 472 470 512 κατηργήθημεν
494 472 547 502 ἀπὸ
567 475 614 502 τοῦ
638 471 737 511 νόμου,
755 474 855 504 ἀποθα-

53 516 143 551 νόντες
165 518 193 547 ἐν
216 512 239 558 ᾧ
262 517 459 557 κατειχόμεθα,
487 516 556 547 ὥστε
581 518 713 547 δουλεύειν
737 520 809 557 ἡμᾶς
828 519 854 547 ἐν

54 561 192 598 καινότητι
216 562 391 604 Πνεύματος,
409 563 454 593 καὶ
480 563 510 591 οὗ
535 562 698 599 παλαιότητι
721 563 855 604 γράμμα-

53 618 106 641 τος.
127 619 143 635 ιι
160 608 220 638 Οὖκ
235 603 323 644 εἶπεν,
346 607 386 637 ὅτι
408 607 573 648 Κατηργήθη
595 609 609 637 ὁ
626 607 724 646 νόμος,
742 603 794 637 diva
817 607 854 647 μὴ

52 651 146 692 πλήξῃ
169 652 231 687 τοὺς
257 652 414 690 Ἰουδαίους,
438 653 524 691 ἀλλὰ,
552 666 565 678 ιι
594 652 809 693 Κατηργήθημεν
834 663 850 682 ε

51 698 132 735 ἡμεῖς
162 708 178 727 α
193 697 246 727 ἀπὸ
269 699 317 727 τοῦ
347 697 428 737 νόμου
441 709 448 717 ·
466 710 478 724 ι
501 697 517 728 8
540 698 626 735 ἐστιν,
652 697 852 736 Ἀπελύθημεν,

50 741 293 783 ἠλευθερώθημεν,
318 742 493 776 ἀποθανόντες
505 765 514 782 ,
533 742 579 772 καὶ
601 742 706 783 νεκροὶ,
732 742 778 772 καὶ
793 742 853 771 ἀκί-

50 798 129 824 νητοι
154 787 289 827 γενόμενοι
306 787 372 828 πρὸς
395 787 479 817 ἐκεῖνο
501 787 532 817 τὸ
544 791 657 827 πρᾶγμα
673 788 699 817 ἐν
719 783 854 828 ᾦνκατει-

909 246 1062 281 citharcedi,
1080 246 1206 274 membra
1227 253 1294 275 vero
1316 249 1348 274 ut
1361 246 1478 275 cithara.
1494 248 1562 276 Male
1585 257 1706 287 namque

909 296 937 321 et
951 293 1040 329 inepte
1055 291 1181 328 pulsante
1194 290 1358 326 citharoedo,
1380 291 1452 320 male
1471 297 1581 321 resonat
1594 302 1706 332 quoque

909 337 1022 366 cithara.
1034 337 1104 367 Cum
1116 337 1205 374 itaque
1214 336 1266 366 sub
1282 337 1340 374 lege
1350 344 1484 372 essemus,
1499 345 1550 366 nec
1562 346 1705 374 possemus

907 382 1022 411 affectus
1052 382 1185 419 etTugere,
1221 382 1470 419 progenerabamus
1508 390 1593 420 prava
1621 392 1706 421 opera

908 427 1002 456 morti.

944 474 1032 502 Vens.
1058 475 1086 502 6.
1113 484 1127 498 ι
1151 474 1231 502 Nunc
1251 477 1346 502 autem
1371 473 1444 502 soliti
1466 481 1563 503 sumus
1590 482 1606 503 a
1631 474 1700 512 lege,

908 518 1011 546 mortui
1031 518 1067 552 ei,
1088 518 1117 546 in
1140 527 1192 555 qua
1211 518 1413 553 detinebamur,
1435 523 1466 547 ut
1487 519 1638 548 serviamus
1650 528 1702 549 nos

908 563 935 591 in
945 562 1065 591 novitate
1091 563 1219 599 Spiritus,
1231 567 1258 591 et
1274 571 1331 592 non
1343 563 1371 592 in
1390 568 1540 593 vcstustate
1556 564 1670 593 litterae.
1689 576 1702 589 ι

908 608 972 636 Non
991 607 1062 636 dixit
1084 607 1204 636 solutam
1224 616 1282 637 esse
1296 609 1396 645 legem,
1416 616 1451 636 ne
1472 608 1631 638 offenderet
1650 610 1702 637 Ju—

907 652 1000 687 daeos;
1020 653 1069 682 sed
1083 662 1098 679 ι(
1125 654 1183 682 Nos
1197 653 1280 682 soluti
1308 661 1402 682 sumus
1424 662 1440 682 a
1455 654 1523 691 lege,
1538 666 1552 679 ι
1564 653 1639 691 quod
1650 659 1702 690 est,

908 697 1024 726 absoluti
1047 697 1103 734 47
1125 706 1233 733 sumus,
1256 698 1361 727 liberati
1381 707 1489 733 sumus,
1504 698 1629 728 defuncti
1651 700 1706 729 vita

907 746 935 771 et
947 743 1060 778 mortui,
1088 747 1115 772 et
1127 743 1281 772 immobiles
1300 743 1364 772 facti
1386 743 1422 772 ad
1443 744 1518 772 illam
1533 752 1594 773 rem
1615 744 1703 782 inqua

908 787 1106 817 detinebamur.
1122 790 1161 817 Ea
1179 797 1241 817 vero
1267 797 1310 817 res
1332 793 1474 826 peccatum
1494 794 1572 818 erat:
1591 789 1620 818 in
1641 789 1701 826 ipso

50 818 176 872 χόμεθαι,
197 818 261 873 ὅπερ
275 828 307 869 ἦν
323 818 341 870 ἦ
356 818 477 874 ἀμαρτία
494 843 502 851 ³
524 833 550 862 ἐν
566 818 633 872 αὖτέῇ
657 832 709 873 γὰρ
724 818 777 862 οἶόν
800 844 852 862 τινι
868 830 892 863 Β
908 832 983 861 enim

931 832 983 861 sim
998 834 1082 862 veluti
1098 833 1207 862 vinculo
1227 818 1351 870 quodam
1371 834 1578 863 detinebamur.
1602 835 1704 864 Mortui

50 877 146 917 δεσμῷ
170 878 360 918 κατειχόμεθα.
390 877 567 916 Ἀπεθείνομεν
594 877 622 906 δὲ
650 877 715 917 πρὸς
732 877 849 913 ταύτην,

49 921 98 951 ἵνα
120 922 323 962 δουλεύσωμεν,
339 924 377 963 τῷ
398 923 462 963 Θεῷ
487 921 607 959 δηλαδὴ,
638 933 653 951 α
667 923 694 952 ἐν
716 922 853 959 καινότητι

51 967 223 1007 πνεύματος,
239 968 285 998 καὶ
302 969 332 997 οὗ
347 967 509 1004 παλαιότητι
532 966 702 1008 γράμματος.
724 979 740 996 ν
759 967 852 997 Πάλαι

52 1011 105 1051 μὲν
119 1013 170 1054 γὰρ
196 1013 409 1053 δυσκατόρθωτος
428 1008 460 1049 ἦν
476 1014 494 1049 ἡ
509 1012 608 1053 ἀρετὴ,
621 1012 669 1042 ἅτε
693 1014 740 1042 τοῦ
766 1012 852 1051 Ἀδὰμ

52 1057 79 1086 ἐν
110 1060 150 1098 τῷ
176 1060 263 1099 θνητῷ
296 1058 402 1097 σώματι
431 1057 519 1088 πολλὰ
544 1056 724 1096 ἐλαττώματα
750 1057 852 1098 φυσικὰ

52 1102 251 1141 ἀναδεξαμένου
267 1114 274 1122 ·
299 1105 344 1133 νῦν
369 1103 397 1132 δέ
424 1102 515 1144 χάριτι
540 1103 659 1142 Χριστοῦ
682 1103 709 1132 ἐν
734 1104 773 1142 τῷ
798 1104 850 1141 βα-

52 1147 204 1186 πτίσματι,
216 1150 234 1185 ἡ
246 1146 322 1189 φύσις
341 1148 418 1186 ἡμῶν
432 1147 615 1187 ἐνεδυναμώθη
632 1145 675 1176 διὰ
696 1149 742 1177 τοῦ
767 1146 853 1177 Πνεύ-

52 1203 156 1230 ματος,
180 1195 226 1222 τοῦ
241 1192 345 1226 καινοὺς
359 1193 404 1222 καὶ
427 1192 499 1226 νέους
516 1195 587 1232 ἡμᾶς
608 1191 788 1229 ποιήσαντος,
807 1191 853 1221 καὶ

53 1237 259 1272 ἆπαλλοὶξαντος
293 1240 341 1274 τῆς
366 1236 544 1273 παλαιότητος
570 1236 616 1266 καὶ
644 1236 780 1270 ἀσθενείας
805 1239 853 1266 τοῦ

50 1282 224 1322 γράμματος.
239 1282 291 1314 Διὰ
314 1284 392 1313 τοῦτο
408 1282 454 1312 καὶ
473 1283 501 1312 ἐν
526 1283 564 1322 τῷ
579 1282 653 1323 νόμῳ
677 1281 726 1321 μὲν
742 1281 852 1312 σπάνιον

50 1323 86 1364 ἦν
106 1329 123 1364 ἡ
137 1327 266 1368 παρθενία
276 1352 282 1363 ,
298 1329 344 1357 νῦν
368 1327 396 1358 δὲ
411 1329 438 1357 ἐν
505 1327 655 1367 Ἐκκλησία
668 1326 787 1368 χιλιάδες
800 1328 852 1357 τῶν

52 1374 83 1402 ἐν
108 1373 196 1413 ταύτῃ
220 1372 246 1394 ⁵4
273 1372 434 1403 εὐθυνόντων
449 1383 457 1392 ο
483 1372 529 1402 καὶ
555 1373 581 1402 ἐν
607 1374 641 1412 τῇ
665 1374 712 1402 τοῦ
739 1372 853 1402 θανάτου

52 1417 254 1458 καταφρονήσει
269 1417 300 1447 τὸ
315 1417 417 1457 ὅμοιον.

99 1474 114 1492 ε
129 1463 167 1493 Τί
180 1458 226 1493 οὖν
241 1463 368 1503 ἐροῦμεν;
381 1462 448 1493 Ὀτι
462 1463 476 1491 ὁ
490 1460 568 1500 νόμος
583 1461 720 1502 ἇμαρτία;
743 1461 790 1498 Μὴ
805 1461 849 1501 γί-

52 1510 141 1537 νοιτοί
156 1507 238 1539 Ἀλλὰ
249 1507 299 1544 τὴν
316 1507 449 1548 ἁμαρτίαν
468 1507 515 1536 οὐκ
527 1505 627 1545 ἔγνων,
648 1507 671 1536 εἰ
689 1506 727 1546 μὴ
748 1506 791 1536 διὰ
810 1507 852 1537 νό-

53 1564 118 1591 μου.
137 1553 196 1589 Τήν
209 1564 238 1583 τε
251 1552 303 1593 γὰρ
319 1552 461 1592 ἐπιθυμίαν
474 1552 522 1582 οὔκ
537 1551 621 1590 ᾔδειν,
637 1552 661 1581 εἰ
682 1550 720 1589 μὴ
739 1553 754 1580 ὁ
773 1551 853 1590 νόμος

53 1598 144 1638 ἔλεγεν
161 1609 167 1617 -
182 1599 243 1628 οὐκ
265 1597 447 1637 ἐπιθυμήσεις.
471 1608 486 1627 ι)
506 1596 601 1638 Πολλὰ
627 1596 707 1626 εἰπὼν
724 1596 741 1625 ἃ
768 1596 853 1626 ἐδόκει

53 1642 182 1679 διαϐολὴν
197 1642 285 1684 φέρειν
300 1645 346 1672 τοῦ
367 1643 448 1681 νόμου
460 1642 505 1679 ³⁵,
536 1637 591 1672 οἷον
613 1641 660 1679 τὸ,
682 1652 698 1669 α
719 1641 852 1682 Ἁμαρτία

54 1689 130 1725 ὑμῶν
155 1689 185 1718 οὖ
207 1687 359 1729 κυριεύσει·
383 1688 413 1718 οὗ
432 1687 484 1728 γάρ
505 1688 565 1717 ἐστε
592 1686 644 1717 ὑπὸ
666 1686 766 1726 νόμον,
791 1687 851 1716 ἀλλ’

54 1732 107 1762 ὑπὸ
120 1732 201 1773 χάριν
215 1745 223 1753 ’
239 1746 251 1760 ι
263 1732 328 1770 καὶ,
342 1746 354 1759 ι
366 1732 458 1773 Νόμος
471 1732 499 1763 δὲ
511 1733 703 1772 παρεισῆλθεν,
713 1731 759 1761 ἵνα
773 1733 854 1761 πλεο-

52 1777 123 1818 νάσῃ
138 1777 170 1807 τὸ
193 1777 368 1818 παράπτωμα
385 1789 392 1796 ·
409 1782 431 1814 ιζ
443 1777 490 1807 καὶ
515 1777 566 1817 πρὸ
583 1778 696 1818 μικροῦ,
720 1776 761 1806 δτι
780 1787 796 1806 α
809 1776 853 1807 Τὰ

52 1822 205 1862 παθήματα
226 1824 279 1852 τῶν
301 1823 439 1864 ἁμαρτιῶν
450 1845 459 1860 ,
475 1821 509 1852 τὰ
523 1821 567 1852 διὰ
579 1824 627 1852 τοῦ
641 1821 724 1860 νόμου
739 1833 747 1841 ο
762 1834 774 1849 ι
790 1822 852 1860 καὶ,

56 1878 72 1896 α
94 1868 273 1904 Παλαιότητα
290 1867 449 1908 γράμματος
460 1879 467 1886 ·
483 1878 498 1897 n
521 1866 662 1908 θεραπεύει
674 1866 701 1887 ³⁸
723 1866 772 1902 τὴν
787 1867 852 1897 ὑπό-

53 1924 128 1943 νοιαν
152 1913 270 1951 ταύτην,
293 1909 346 1943 οἶόν
374 1925 435 1943 τινα
463 1912 608 1954 ἀντίθεσιν*
619 1911 735 1952 εἰσάγων
760 1911 853 1954 ὥσπερ

54 1957 290 1998 συμϐουλευτικῶς
301 1980 310 1996 ,
324 1957 370 1988 καὶ
382 1957 467 1997 λέγων
480 1969 486 1977 ·
505 1971 517 1985 ι
531 1957 568 1988 Τί
578 1952 623 1987 οὖν
643 1958 753 1998 ἐροῦμεν
764 1970 776 1984 ι
791 1952 852 1998 περὶ

53 2005 100 2032 sou"
111 2003 213 2044 νόμους
226 2017 240 2030 ι
248 2001 314 2034 Ὀτι
323 2002 442 2043 ἁμαρτία
451 2014 460 2040 ;
470 2017 482 2030 ιι
494 1997 563 2033 Εἶτα
574 2001 644 2032 λύων
655 2001 767 2040 ταύτην,
779 2003 853 2042 πρῶ-

53 2059 100 2078 τον
124 2048 174 2088 μὲν
198 2049 425 2090 ἀπογορευτικῶς,
448 2049 484 2082 ὣς
505 2048 594 2077 εἴωθεν
616 2047 661 2077 ἐπὶ
684 2048 737 2077 τῶν
752 2047 853 2088 σφόδρα

906 881 1000 906 autem
1020 886 1117 907 sumus
1132 886 1196 915 erga
1212 878 1296 913 istud,
1322 891 1335 903 ι
1357 880 1397 908 Ut
1418 879 1578 908 serviamus.
1605 887 1705 916 nempe

908 923 980 957 Deo,
1006 934 1018 947 »ι
1041 923 1069 951 in
1089 923 1211 951 novitate
1232 923 1365 959 Spiritus,
1391 928 1418 952 et
1438 932 1493 952 non
1518 924 1545 952 in
1572 928 1705 953 vetustate

906 967 1014 996 litterae.
1023 979 1036 993 ε
1049 968 1198 1004 Quondam
1208 968 1284 996 cnim
1295 969 1380 996 virtus
1386 967 1535 997 difﬁculter
1550 969 1703 998 admodum

907 1012 1107 1048 perﬁciebatur,
1136 1021 1170 1042 eo
1207 1013 1281 1050 quod
1309 1013 1433 1042 Adamus
1461 1014 1563 1042 multas
1597 1019 1703 1043 natura:

906 1057 1115 1086 imminutioncs
1135 1058 1165 1086 in
1189 1058 1297 1087 mortali
1325 1066 1377 1087 suo
1402 1067 1518 1095 corpore
1544 1059 1702 1095 recepisset.

906 1103 971 1130 Jam
987 1110 1061 1131 nunc
1079 1111 1142 1131 vero
1166 1110 1215 1139 per
1233 1103 1352 1140 gratiam
1364 1103 1465 1132 Christi
1480 1104 1510 1132 in
1526 1104 1701 1140 baptismate,

904 1151 1000 1176 natura
1010 1151 1106 1176 nostra
1123 1148 1275 1177 conici-tata
1290 1153 1334 1178 est
1349 1156 1397 1185 per
1419 1149 1564 1186 Spiritum,
1591 1150 1637 1186 qui
1652 1157 1704 1179 nos

906 1200 993 1221 novos
1005 1191 1070 1220 facit
1088 1197 1116 1221 et
1135 1193 1258 1229 juvenes,
1278 1202 1310 1223 ac
1323 1194 1451 1223 liberavit
1474 1203 1490 1224 a
1504 1199 1652 1224 vestustate
1671 1203 1704 1223 ac

905 1236 1066 1266 inﬁrmitate
1089 1237 1197 1267 littera.
1233 1240 1379 1276 Propterea
1408 1243 1436 1268 et
1471 1239 1500 1268 in
1527 1240 1586 1277 lege
1608 1248 1702 1268 rarum

906 1282 1038 1318 quiddam
1058 1287 1118 1311 erat
1134 1283 1288 1320 virginitas,
1316 1292 1391 1312 nunc
1418 1288 1511 1313 autem
1532 1285 1561 1313 in
1587 1285 1702 1314 ecclesia

906 1327 1006 1356 Christi
1029 1328 1125 1357 multa;
1154 1328 1291 1365 virginum
1311 1329 1445 1358 chiliades
1469 1334 1543 1359 recte
1563 1330 1701 1368 agentium

906 1372 1097 1402 invieniuntur
1113 1383 1121 1403 :
1142 1381 1251 1403 necnon
1271 1374 1300 1403 in
1320 1378 1481 1412 contemptu
1495 1376 1596 1404 mortis
1624 1376 1702 1404 simi-

907 1416 979 1446 liter.

943 1464 1032 1492 Vans.
1045 1467 1072 1492 1.
1087 1474 1099 1488 α
1108 1463 1181 1498 Quid
1191 1472 1256 1501 ergo
1264 1464 1386 1494 dicemus
1396 1465 1471 1494 iLex
1484 1469 1629 1503 peccatum
1639 1471 1682 1494 est
1693 1467 1705 1494 ?

869 1500 891 1533 C
906 1507 996 1536 Absit.
1019 1507 1073 1537 Sed
1095 1500 1238 1545 peccatum
1258 1518 1313 1538 non
1333 1510 1450 1546 cognovi
1469 1500 1520 1539 nisi
1542 1518 1591 1547 per
1599 1510 1700 1547 legem.

905 1553 1161 1589 Concupiscentiam
1182 1555 1257 1582 enim
1275 1555 1442 1590 nesciebam,
1457 1555 1511 1584 nisi
1527 1556 1569 1584 lex
1589 1555 1702 1590 diceret,

907 1598 970 1626 Non
993 1599 1177 1635 concupisces.
1192 1600 1285 1628 nCum
1307 1600 1395 1628 multa
1416 1600 1529 1629 dixisset
1541 1608 1604 1637 qua:
1625 1600 1702 1629 vidc-

907 1643 1007 1672 bantur
1021 1644 1073 1680 legi
1086 1643 1253 1673 calumniam
1267 1644 1376 1680 afferre,
1396 1645 1477 1682 quale
1489 1649 1531 1674 est
1546 1666 1554 1680 ,
1573 1657 1586 1670 ι
1600 1646 1703 1674 Pecca-

908 1691 968 1716 tum
991 1688 1068 1717 vobis
1092 1697 1149 1717 non
1171 1689 1368 1725 dominabitur,
1391 1698 1449 1718 non
1477 1690 1554 1718 enim
1567 1690 1633 1719 estis
1651 1690 1702 1719 sub

907 1733 975 1770 lege,
988 1733 1036 1762 sed
1052 1734 1102 1762 sub
1123 1735 1211 1771 gratia
1224 1735 1250 1769 ’ς
1275 1746 1288 1760 π
1307 1739 1344 1770 et,
1367 1746 1377 1760 ι
1398 1736 1456 1764 Lex
1477 1735 1651 1771 subintravit,
1668 1740 1700 1764 ut

907 1779 1069 1807 exuberaret
1083 1778 1214 1808 delictum
1227 1784 1253 1814 ις
1278 1789 1294 1806 »
1311 1784 1339 1808 et
1352 1779 1428 1816 quod
1443 1780 1524 1816 paulo
1539 1785 1601 1809 ante
1617 1780 1698 1816 dixit,

909 1834 923 1848 «ι
947 1822 1068 1852 Affectus
1082 1828 1268 1860 peccatorum,
1285 1824 1331 1861 qui
1348 1832 1396 1860 per
1412 1824 1502 1861 legem
1519 1834 1527 1859 ;
1544 1837 1558 1850 ι
1580 1830 1608 1854 et
1623 1836 1635 1850 κ
1650 1826 1705 1854 Ve-

907 1871 1038 1896 tustatem
1053 1868 1150 1897 littera;
1167 1878 1174 1896 :
1191 1868 1360 1905 nsuspicioni
1373 1868 1436 1897 huic
1451 1869 1601 1906 quamdam
1623 1870 1706 1898 veluti

907 1913 1091 1949 objectiouem
1112 1913 1189 1950 quasi
1212 1921 1260 1950 per
1277 1913 1507 1943 consultationem
1527 1913 1705 1943 introducens

906 1958 1043 1992 medetur,
1056 1957 1184 1995 inquiens
1200 1967 1206 1986 :
1223 1958 1381 1996 Quidigitur
1392 1958 1519 1988 dicemus
1534 1971 1548 1984 ν
1569 1959 1604 1988 de
1623 1959 1681 1995 lege
1695 1961 1707 1989 Ρ

909 2015 922 2029 σι
944 2004 1125 2032 Pcccatumne
1138 2005 1196 2032 est?
1215 2014 1229 2029 η
1243 2005 1334 2041 Atque
1348 2003 1419 2033 hanc
1437 2005 1638 2041 oppositionem
1662 2004 1704 2033 di-

907 2048 959 2077 luit
986 2048 1107 2085 primum
1131 2048 1288 2083 inﬁciando,
1315 2049 1358 2078 uti
1388 2050 1534 2078 consuevit
1562 2049 1590 2078 in
1622 2049 1706 2078 vehe-

55 2093 161 2123 ἀτόπων
173 2093 259 2134 λέγειν
271 2105 278 2113 ν
293 2089 349 2123 εἶτα
366 2092 411 2123 καὶ
430 2092 573 2133 λογισμοὺς
588 2092 718 2133 προτιθείς
729 2104 735 2111 ·
751 2091 852 2133 Ἁμαρ-
866 2101 893 2133 Ῑ)
907 2097 985 2122 ment

931 2097 1014 2122 uenter
1034 2093 1161 2122 absurdis
1187 2093 1298 2129 dicere;
1333 2094 1448 2131 posthac
1469 2094 1588 2124 rationes
1622 2095 1705 2124 etiam

54 2138 99 2168 τία
120 2138 169 2178 μὲν
185 2139 233 2168 οὐκ
256 2139 331 2179 ἔστι,
355 2138 438 2179 φησὶ,
455 2137 625 2178 γνωριστικὸς
646 2136 674 2167 δὲ
695 2139 742 2174 τῆς
757 2137 851 2178 ἁμαρ-

54 2183 112 2218 τίας
125 2195 133 2202 ·
157 2184 188 2214 οὖ
201 2183 262 2224 ιγὰρ
283 2183 357 2224 ᾔδειν
378 2184 427 2220 τὴν
454 2182 610 2222 ἐπιθυμίαν,
635 2184 658 2212 εἴ
673 2182 710 2222 μὴ
735 2183 749 2212 ὁ
771 2182 852 2220 νόμος

55 2228 162 2269 ἔλεγεν·
189 2242 203 2255 ιι
226 2230 287 2259 Οὖκ
312 2227 493 2267 ἐπιθυμήσεις.
529 2228 611 2258 «Καὶ
637 2228 695 2261 πῶς
725 2227 816 2258 λοιπὸν
838 2230 852 2258 ὁ

55 2273 244 2313 κατακλυσμὸς
259 2273 368 2314 γέγονες
386 2274 451 2307 Πῶς
462 2272 497 2302 τὰ
517 2273 626 2312 Σόδομα
646 2272 814 2314 ἐνεπρήσθη,
829 2273 852 2302 εἰ

57 2318 94 2357 μὴ
108 2318 156 2348 καὶ
170 2318 222 2359 πρὸ
240 2321 286 2349 τοῦ
297 2318 378 2358 νόμου
392 2317 551 2358 ἐγινώσκετο
570 2318 651 2348 κακὸν
666 2319 683 2355 ἡ
702 2318 848 2357 ἐπιθυμίας

55 2362 234 2403 Ἐγινώσκετο
255 2363 315 2403 μὲν,
333 2363 392 2393 ἀλλ’
411 2363 462 2403 οὐχ
479 2364 496 2399 ἡ
511 2362 689 2402 ἐπιτεταμένη
704 2363 850 2402 ἐπιθυμία,

55 2409 113 2438 οὖδέ
136 2408 219 2443 οὕτως
238 2407 353 2449 ἀκριϐῶς
374 2408 420 2438 καὶ
436 2408 463 2428 ²⁷
479 2408 547 2448 μετὰ
570 2410 618 2445 τ’ῆς
635 2407 687 2438 ἀπὸ
701 2409 748 2437 τοῦ
767 2407 849 2447 νόμου

55 2453 211 2495 μαρτυρίας.
253 2453 392 2495 Πρότερον
422 2453 470 2493 μὲν
496 2453 548 2494 γὰρ
582 2453 656 2494 μόνῳ
677 2453 716 2494 τῷ
746 2453 849 2494 φυσικῷ

55 2501 127 2540 νόμῳ
150 2498 346 2539 διεγινώσκετο,
360 2498 469 2541 ὕστερον
490 2497 518 2528 δὲ
543 2499 588 2528 διὰ
612 2499 657 2528 τοῦ
681 2500 802 2540 γραπτοῢ
815 2509 822 2517 ·
836 2497 851 2528 ὃ

55 2544 98 2574 καὶ
115 2544 235 2584 μείζονος
256 2544 386 2585 τιμωρίας
407 2543 532 2585 πρόξενον
546 2555 554 2563 ⁸
572 2544 633 2574 ἀλλ’
653 2545 683 2574 οὖ
703 2543 779 2585 παρὰ
801 2543 850 2580 τὴν

56 2592 97 2620 τῶ
110 2590 193 2629 νόμου
207 2589 391 2627 διδασκαλίαν,
403 2588 473 2619 ἀλλὰ
492 2588 569 2629 παρὰ
579 2588 630 2626 τὴν
644 2589 697 2618 τῶν
714 2588 752 2628 μὴ
767 2599 851 2630 προσ-

57 2635 167 2676 εχόντων
183 2634 316 2678 ῥᾳθυμίαν
333 2644 340 2652 ·
358 2633 374 2664 ὃ
390 2634 435 2665 καὶ
450 2633 494 2664 διὰ
508 2635 561 2666 τῶν
577 2633 635 2672 εξῆς
652 2634 739 2672 δηλοῖ.

88 2731 101 2748 ⁸
114 2732 270 2768 nomn,
285 2732 331 2761 14.
367 2734 380 2751 ι
397 2731 485 2760 Rom.
506 2736 537 2767 v,
557 2731 603 2760 20.

908 2147 1075 2176 proponens,
1089 2141 1238 2168 Peccatum
1263 2138 1376 2176 quidem
1399 2147 1455 2168 non
1475 2144 1528 2175 est,
1543 2140 1640 2177 inquit,
1655 2140 1705 2169 sed

907 2184 981 2212 enim
1001 2183 1082 2213 index
1106 2184 1208 2220 peccati
1225 2193 1232 2212 :
1248 2195 1261 2209 ι
1281 2185 1344 2213 Non
1360 2184 1434 2213 enim
1458 2193 1557 2214 noram
1577 2185 1709 2222 cupiditac

907 2233 974 2262 tem,
986 2229 1041 2257 nisi
1052 2229 1096 2257 lex
1117 2229 1222 2258 diceret
1238 2238 1244 2257 :
1262 2230 1326 2258 Non
1347 2230 1532 2266 concupisces.
1551 2242 1564 2255 π
1581 2231 1618 2258 At
1628 2230 1704 2259 enim

907 2282 962 2310 qua
983 2273 1092 2303 ratione
1112 2273 1258 2303 inductum
1283 2273 1365 2303 fuerit
1378 2274 1511 2304 diluvium
1525 2277 1538 2304 ε’
1558 2275 1705 2312 Quomodo

907 2317 1027 2347 Sodoma
1049 2318 1177 2348 incendio
1201 2318 1352 2356 perierunt,
1368 2319 1392 2347 si
1406 2323 1469 2348 ante
1484 2319 1572 2356 legem
1599 2328 1702 2349 concu-

907 2363 1040 2400 piscentia
1063 2363 1168 2392 malum
1183 2371 1242 2392 esse
1261 2363 1457 2401 ignorabatur?
1477 2365 1705 2402 Cognoscebatur

907 2408 1027 2445 quidem,
1041 2407 1092 2437 sed
1103 2416 1160 2437 non
1171 2408 1279 2437 intensa
1289 2413 1317 2438 et
1327 2408 1380 2438 late
1392 2413 1488 2446 patens
1506 2411 1707 2448 concupiscen-

908 2453 957 2489 tia,
978 2461 1067 2490 neque
1085 2453 1154 2482 adeo
1175 2458 1266 2482 exacte
1287 2454 1489 2491 percipiebatur
1507 2463 1540 2484 ac
1559 2464 1622 2485 cum
1642 2456 1710 2493 legis

906 2498 1078 2527 testimonio.
1107 2498 1171 2527 Pius
1184 2498 1258 2527 enim
1276 2499 1332 2528 sola
1349 2503 1456 2529 natura;
1475 2500 1535 2537 lege
1560 2508 1710 2537 cognosce-

907 2543 998 2578 batur,
1013 2546 1109 2580 postea
1134 2551 1200 2572 vero
1223 2547 1251 2572 et
1271 2544 1375 2582 scripta
1391 2545 1460 2582 lege,
1482 2545 1559 2582 quod
1571 2549 1599 2574 et
1616 2546 1707 2582 majus

904 2588 1071 2625 supplicium
1085 2587 1176 2617 infert.
1185 2587 1217 2617 Id
1230 2597 1294 2618 vero
1308 2597 1364 2618 non
1375 2590 1474 2619 accidit
1487 2597 1520 2618 ex
1532 2589 1707 2618 institutione

907 2637 936 2663 et
947 2633 1071 2662 doctrina
1080 2633 1156 2671 legis,
1166 2633 1216 2663 sed
1228 2641 1261 2662 ex
1282 2634 1387 2672 ignavia
1401 2634 1468 2672 legis
1492 2634 1636 2671 praeceptis
1650 2640 1706 2664 non

907 2679 1128 2715 auscultantium,
1135 2678 1247 2716 perinde
1256 2687 1288 2709 ac
1299 2679 1327 2709 in
1336 2679 1515 2718 sequentibus
1527 2680 1632 2717 pateﬁt.

754 2764 1023 2806 Variae;lectiones.

91 2821 114 2839 ³³
127 2820 181 2849 ἐπεὶ
192 2829 219 2850 o.
258 2821 280 2839 "
295 2821 400 2849 ενταῦθα
410 2828 438 2850 o.
475 2819 498 2838 ³⁸
509 2820 551 2850 is.
571 2823 606 2856 τῷ
620 2820 699 2857 νόμῳ.

738 2819 760 2838 ²⁶
772 2821 815 2847 νῦν
832 2819 959 2856 θεραπεύει
973 2827 1011 2850 In.
1050 2819 1072 2838 ³⁷
1087 2818 1126 2847 io.
1140 2819 1174 2852 ὡς
1189 2821 1242 2849 καί.
