1901 3077
211 141 262 168 423

245 204 335 232 Vsns.
350 205 377 232 8.
393 214 408 228 ει
440 203 594 231 Occasione
615 206 709 231 autem
729 207 851 239 accepta,
865 207 1008 240 peccatum
1023 204 1050 236 Α

208 256 256 285 per
269 248 436 277 mandatum
451 251 598 284 operatum
612 252 655 276 est
674 248 702 275 in
715 255 761 276 me
774 256 889 276 omnem
902 256 1008 276 concu-

211 292 390 330 piscentiam.
418 292 483 321 Sine
510 292 568 329 lege
591 292 666 321 enim
691 297 833 329 peccatum
855 297 914 321 erat
931 301 1008 322 mor-

208 342 298 367 tuum.
307 347 321 364 ιν
338 339 402 366 Non
411 337 484 365 dixit
497 337 573 374 quod
585 338 628 366 lex
642 341 754 374 operata
767 338 802 366 sit
815 338 1009 374 concupiscen-

210 383 290 417 tiam,
309 382 358 411 sed
368 386 515 418 peccatum
525 382 610 419 (quod
626 387 668 411 est
680 382 834 411 secundum
849 383 1008 420 Chrysosto-

209 435 297 462 mum,
319 427 416 464 ignava
428 431 457 455 et
477 431 604 463 corrupta
630 427 774 462 voluntas),
800 427 857 456 sive
882 427 1007 457 diabolus

207 472 290 506 (hunc
317 472 393 500 enim
419 472 545 500 nonnulli
569 476 713 508 peccatum
740 480 800 501 esse
821 475 1005 509 putaverunt),

208 517 264 545 sive
284 517 434 553 voluptatis
457 516 592 552 studium,
621 525 654 546 ac
668 517 788 554 impetus
811 517 848 546 ad
868 517 1006 546 deteriora

208 562 276 599 legis
285 562 460 590 institutione
475 561 533 598 5.8
547 562 575 590 in
589 563 762 591 contrarium
784 562 923 591 utebatur.
937 565 1005 592 Per-

209 606 274 635 inde
293 607 369 635 enim
394 615 425 635 ac
447 606 471 635 si
486 606 611 636 medicus
633 607 771 644 quiSpiam
796 606 959 636 febricitanti
979 612 1007 636 et

208 651 315 687 frigidae
331 651 473 688 potionem
491 651 682 688 intempestive
707 652 842 688 expetenti
857 652 1006 688 implenda:

209 696 368 732 cupiditatis
380 697 489 732 copiam
498 705 553 725 non
567 700 711 732 praestans,
724 697 814 733 ipsam
828 701 934 734 augeat,
950 705 1005 726 non

209 744 251 770 est
276 741 462 776 accusandus;
485 741 621 778 siquidem
648 741 748 770 medici
776 746 820 770 est
848 742 1005 778 prohibere,

209 786 335 822 patientis
349 790 443 815 autem
461 794 518 814 non
534 786 627 815 bibere
642 795 649 814 :
672 786 843 815 consimilem
866 787 899 815 ad
919 787 1005 815 ratio-

207 838 272 858 nem
284 830 328 858 lex
338 831 451 867 quidem
458 830 581 859 docebat
590 836 620 859 ut
629 830 772 859 hominem
784 840 800 859 a
811 831 1005 868 concupiscen-

727 140 982 168 THEOPHYLACTI
1002 139 1180 167 ΒωλαΑῆιῶ
1199 138 1356 166 ARCHIEP.
1819 136 1860 164 42s

1108 212 1123 230 (
1138 200 1271 242 Ἀφορμὴν
1294 200 1321 230 δὲ
1345 200 1465 230 λαϐοῦσα
1522 199 1640 239 ἁμαρτία
1652 221 1662 236 ,
1680 198 1730 228 διὰ
1761 198 1860 234 ἐντολῆς

1063 245 1259 286 κατειργάσατο
1282 246 1309 274 ἐν
1332 245 1391 284 ἐμοὶ
1415 249 1505 274 πᾶσαν
1532 244 1676 286 ἐπιθυμίαν
1690 254 1698 262 ’
1715 243 1800 283 χωρὶς
1817 242 1860 284 γὰρ

1062 283 1147 330 νόμου
1162 283 1291 331 ’ἁμαρτία
1318 283 1409 330 νενιρά.
1433 301 1448 319 n
1466 290 1526 320 οὐχ
1550 283 1638 325 εἶπεν,
1665 287 1712 317 ὅτι
1734 287 1771 318 Ὁ
1793 287 1861 325 νόμος

1062 335 1257 375 κατειργάσατο
1272 334 1322 371 τὴν
1344 334 1502 374 ἐπιθυμίαν,
1527 334 1588 364 ἀλλ’
1617 344 1632 363 ιι
1645 332 1686 363 Ἢ
1714 332 1834 371 ἁμαρτία
1848 343 1859 361 ι

1061 380 1098 420 (ἥ
1114 381 1179 417 ἐστι,
1194 379 1264 409 κατὰ
1285 379 1329 409 τὸν
1349 378 1541 420 Χρυσόστομον
1553 402 1563 416 ,
1581 377 1701 420 ῥᾴθυμος
1714 377 1862 418 προαίρεσις

1061 425 1107 454 καὶ
1123 424 1335 466 διεφθαρμένη),
1350 423 1367 460 ἢ
1394 426 1408 454 ὃ
1422 423 1544 458 διάϐολος
1570 423 1681 464 (τοῦτον
1705 422 1761 463 γὰρ
1781 422 1862 462 ἆμαρσ

1060 469 1119 499 τίαν
1147 469 1215 504 τινὲς
1242 469 1383 509 ἐνόησαν),
1415 469 1433 505 ἢ
1458 471 1475 505 ἡ
1500 467 1654 510 φιληδονία,
1669 468 1721 498 καὶ
1746 469 1764 503 ἡ
1782 467 1861 497 ἐπὶτὸ

1060 517 1149 555 χεῖρον
1170 514 1243 554 ὁρμὴ
1311 516 1357 545 τοῦ
1380 513 1461 553 νόμου
1477 513 1636 553 διδασκαλίᾳ
1651 513 1725 553 πρὸς
1750 512 1782 541 τὸ
1794 514 1861 542 ἐναν-

1059 559 1114 589 τίον
1129 559 1272 600 ἐχρήσατο.
1288 557 1396 599 Ὥσπερ
1411 558 1463 599 γὰρ
1480 558 1554 592 εἴτις
1571 557 1661 598 ἰατρὸς
1684 557 1859 596 πυρέττοντι,

1059 604 1104 634 καὶ
1127 603 1309 645 ψυχροποσίας
1334 603 1451 644 ἀκαίρως
1472 604 1662 642 ἐπιθυμοῦντι,
1681 601 1724 642 μὴ
1743 601 1860 642 παρέχων

1060 649 1241 690 ἐμφορηθῆναι
1269 650 1316 685 τῆς
1335 648 1494 687 ἐπιθυμίας,
1517 647 1641 683 αὐξήσεις
1669 647 1794 684 ταύτην,
1819 647 1859 676 οὐχ

1061 693 1091 722 ἂν
1109 693 1250 734 ἐγκληθείη
1265 705 1274 712 ο
1295 695 1343 722 τοῦ
1366 693 1414 732 μὲν
1436 693 1488 733 γὰρ
1504 694 1596 733 ἰατροῦ
1612 692 1643 721 τὸ
1657 693 1786 721 κωλῦσαι
1796 713 1804 727 ,
1821 693 1859 720 τῶ

1059 739 1086 768 δὲ
1102 739 1246 777 κάμνοντος
1267 737 1297 767 τὸ
1320 738 1357 777 μὴ
1379 742 1448 767 πιεῖν
1460 749 1467 756 ·
1489 737 1560 767 οὕτω
1574 737 1620 766 καὶ
1641 738 1655 766 δ
1676 737 1763 775 νόμος
1779 735 1859 766 ἐδίδα-

1059 795 1120 813 σκεν
1141 783 1185 812 ἵνα
1205 782 1334 822 ἀπαγάγῃ
1357 785 1404 818 τῆς
1428 782 1570 821 ἐπιθυμίας
1586 793 1593 800 '
1608 783 1626 817 ἡ
1642 781 1669 811 δὲ
1689 780 1860 822 φιλαμαρτή-

1060 840 1116 865 μων
1131 829 1285 868 προαίρεσις
1299 826 1398 864 ηὔξησε
1417 826 1465 863 τὴν
1489 826 1631 865 ἐπιθυμίαν
1643 849 1651 864 ,
1673 826 1725 856 καὶ
1737 827 1768 856 οὗ
1788 825 1857 864 μίαν,

210 875 244 904 tia
259 875 407 904 abduceret
423 887 428 903 :
444 876 572 905 voluntas
586 880 679 904 autem
691 876 791 912 peccati
803 884 909 911 amans,
932 877 999 905 anxii

1061 872 1130 903 ἀλλὰ
1156 877 1245 902 πᾶσαν
1271 872 1483 912 κατειργάσατο,
1506 871 1707 910 ἐπιτεταμένως
1729 870 1763 901 τὸ
1785 871 1858 900 κακὸν

206 921 470 956 concupiscentiam,
480 925 509 949 et
521 929 577 949 non
590 929 686 956 unum,
700 921 750 950 sed
765 921 858 949 omnia
874 921 1007 958 cupidita-

205 969 266 993 tum
280 973 380 1001 genera
402 965 526 1000 admisit,
547 965 656 994 intense
676 966 750 1002 quod
765 966 871 995 malum
886 971 929 994 est
942 975 1006 1003 ope-

206 1018 285 1038 rans.
306 1011 378 1039 Cum
392 1010 466 1039 enim
482 1010 570 1046 magis
597 1010 740 1039 inhibetur
766 1011 913 1047 quispiam,
938 1015 1005 1040 tunc

205 1055 294 1091 magis
302 1054 377 1084 furit.
392 1057 464 1084 Tum
474 1055 567 1091 itaque
574 1055 701 1092 apparuit
722 1060 875 1092 peccatum,
891 1056 1002 1092 quando

205 1099 249 1128 lex
263 1105 322 1128 erat
340 1104 518 1137 transgressa.
545 1111 558 1125 ι
575 1101 647 1128 Nam
661 1100 729 1128 citra
752 1101 841 1137 legem
856 1105 1001 1137 peccatum

206 1149 249 1174 est
260 1150 416 1178 mortuum,
431 1157 444 1170 ιι
461 1145 514 1173 hoc
524 1149 576 1180 est,
591 1153 649 1174 non
663 1149 807 1182 reputatur
821 1153 890 1174 esse.
906 1147 1001 1183 Porro,

204 1190 264 1227 lege
282 1191 440 1225 exsistente,
467 1194 493 1218 et
518 1189 583 1226 quid
608 1189 705 1218 deceat
726 1190 912 1226 praecipiente,
937 1190 1004 1218 vivit

1060 918 1214 958 ἐνεργοῦσα.
1241 916 1329 948 Ὅταν
1355 917 1407 957 γὰρ
1431 915 1569 953 κωλύηταί
1595 928 1652 953 τις,
1675 916 1740 945 τότε
1763 915 1856 955 μᾶλλον

1060 962 1225 1001 ἐχμαίνεται.
1240 963 1309 992 Τότε
1330 961 1358 991 δὲ
1383 961 1429 992 καὶ
1458 962 1542 1002 ἐφάνη
1570 964 1587 998 ἠ
1612 960 1739 1001 ἁμαρτία
1753 983 1763 1000 ,
1784 960 1824 990 ὅτε
1843 962 1854 989 ὁ

1059 1007 1137 1044 νόμος
1160 1007 1349 1047 παρεϐαίνετο.
1381 1018 1397 1035 α
1419 1006 1508 1047 Χωρὶς
1531 1006 1582 1046 γὰρ
1608 1006 1713 1047 νόμου,
1745 1004 1855 1044 ἁμαρτία

1055 1051 1156 1092 νεκράο
1175 1063 1190 1081 ι
1203 1045 1371 1089 ’τουτέων-ιν,
1394 1052 1424 1082 οὖ
1446 1045 1580 1091 λογίζεται
1605 1045 1684 1081 εἶναι.
1714 1050 1809 1090 Νόμου
1832 1049 1855 1078 δὲ

1056 1095 1142 1132 ὄντος,
1160 1099 1207 1126 τοῦ
1232 1097 1263 1126 τὸ
1285 1097 1342 1126 δέον
1364 1095 1588 1137 ὖπαγορεύοντος,
1611 1097 1628 1131 ἡ
1658 1095 1787 1135 ἁμαρτία
1810 1095 1854 1134 ζῇ,

1056 1141 1211 1178 τουτέστιν,
1235 1141 1378 1182 ὑφίσταται
1403 1141 1450 1170 καὶ
1475 1140 1549 1170 δοχεῖ
1569 1140 1718 1180 ἁμαρτία,
1747 1141 1784 1172 ὥς
1809 1141 1854 1168 τῶν

1056 1185 1272 1226 παραϐαινόντων
1288 1185 1334 1216 τὸν
1350 1185 1429 1225 νόμον
1439 1209 1450 1226 ,
1472 1187 1499 1215 ἐν
1513 1185 1612 1225 γνώσει
1635 1185 1800 1215 πταιόντων.

204 1239 357 1271 peccatum,
375 1235 404 1264 id
417 1239 468 1270 est,
481 1235 606 1264 subsistit
620 1239 649 1264 et
669 1237 813 1271 peccatum
825 1243 884 1264 esse
898 1238 1020 1272 apparet,
1036 1235 1070 1263 iis
1088 1234 1230 1270 nimirum,
1252 1234 1298 1272 qui
1313 1235 1403 1271 legem
1415 1234 1666 1271 transgrediuntur,
1685 1242 1722 1263 ex
1744 1232 1853 1262 scientia

204 1281 389 1316 peccantibus.

237 1327 327 1354 Vens.
339 1327 366 1354 9.
378 1337 391 1351 ι
404 1326 463 1361 Ego
475 1329 569 1354 autem
578 1325 701 1354 vivebam
709 1324 767 1354 sine
773 1325 833 1362 lege
843 1325 999 1362 aliquando.

1101 1336 1116 1355 α
1133 1324 1206 1364 Ἐγὼ
1230 1324 1258 1354 δὲ
1282 1323 1348 1360 ἔζων
1374 1325 1456 1366 χωρὶς
1477 1325 1559 1365 νόμου
1580 1324 1645 1355 ποτέ
1662 1334 1670 1343 ’
1686 1323 1813 1360 ἐλθούσης
1829 1320 1851 1352 δὲ

200 1370 252 1399 Sed
264 1379 328 1399 cum
343 1371 463 1399 venisset
477 1370 650 1403 mandatum,
663 1375 808 1406 peccatum
827 1371 936 1405 revixit,
952 1378 999 1407 ego

1058 1371 1103 1405 τῆς
1123 1371 1245 1407 ἐντολῆς,
1269 1372 1285 1406 ἡ
1310 1369 1430 1409 ἇμαρτία
1454 1370 1597 1407 ἀνέζησεν,
1621 1369 1675 1410 ἐγὼ
1703 1369 1733 1399 δὲ
1760 1367 1853 1398 ἀπέθα-

199 1419 292 1444 autem
304 1420 431 1444 mortuus
441 1423 532 1444 sum.»
549 1417 621 1444 Ante
633 1417 743 1450 Mosen,
751 1415 841 1451 inquit
856 1436 864 1449 ,
877 1415 999 1443 vivebam

1058 1426 1110 1444 νον.
1123 1425 1138 1444 ι)
1158 1414 1218 1455 Πρὸ
1233 1417 1280 1444 τοῦ
1302 1414 1424 1449 Μωσέως
1436 1438 1445 1452 ,
1461 1415 1541 1456 φησὶν
1552 1438 1561 1452 ,
1576 1414 1641 1449 ἔζων
1656 1414 1744 1455 χωρὶς
1756 1413 1833 1452 νόμου
1844 1423 1850 1430 ⁶

199 1460 259 1488 sine
273 1460 332 1497 lege
348 1469 355 1488 :
371 1468 456 1497 quare
478 1467 568 1496 neque
593 1459 746 1489 admodum
768 1459 976 1488 condemnabar
992 1469 999 1488 ι

1058 1458 1095 1488 διὸ
1115 1459 1175 1488 οὐδὲ
1198 1459 1301 1500 σφόδρα
1323 1460 1536 1499 κατεδικαζόμην
1562 1461 1606 1500 (ἐν
1621 1462 1660 1500 τῷ
1676 1458 1770 1499 οἰκείῳ
1787 1457 1813 1487 δὲ
1829 1456 1850 1475 ³⁸

203 1505 242 1538 (in
262 1505 371 1541 propria
385 1509 481 1533 autem
501 1512 628 1541 persona,
650 1504 801 1532 humanam
814 1508 943 1532 naturam
962 1504 1004 1534 di-

203 1549 262 1583 cit.)
282 1552 322 1578 At
334 1558 397 1577 cum
418 1549 538 1577 venisset
551 1548 724 1584 mandatum,
750 1552 895 1585 peccatum
918 1558 1000 1586 appa-

198 1594 324 1622 ruitesse
339 1598 488 1629 peccatum.
505 1597 596 1622 Antea
620 1593 696 1622 enim
707 1594 813 1622 etiamsi
828 1598 1002 1630 peccassent,

201 1646 259 1667 non
281 1642 381 1667 norant
402 1642 498 1667 tamen
509 1637 648 1666 mortales.
666 1639 751 1674 Legis
773 1643 865 1667 autem
889 1639 929 1667 vel
949 1639 1002 1668 hoc

201 1687 243 1712 est
271 1683 387 1718 bonum,
416 1683 492 1720 quod
518 1683 645 1712 homines
670 1683 766 1712 fecerit
789 1684 900 1712 novisse
928 1684 1002 1720 quod

201 1732 322 1765 peccant.
335 1728 414 1762 Quod
436 1736 501 1757 vero
520 1728 598 1763 dicit,
625 1740 638 1753 ιι
656 1730 782 1757 Mortuus
796 1737 869 1762 sum,
884 1738 898 1755 «
911 1728 1001 1765 dupli-

202 1773 268 1802 citer
281 1773 424 1809 intelliges,
441 1777 469 1802 et
477 1781 536 1809 pro,
551 1773 674 1808 Peccavi,
684 1777 712 1801 et
725 1781 786 1810 pro,
802 1774 900 1810 Majori
914 1782 1003 1810 pana;

199 1818 288 1848 factus
300 1826 363 1847 sum
378 1818 525 1853 obnoxius,
538 1818 613 1855 quod
627 1827 684 1847 non
709 1818 778 1855 legis
792 1819 873 1855 culpa
899 1820 1001 1854 evenit,

199 1864 246 1893 sed
271 1864 329 1901 ejus
351 1864 397 1901 qui
422 1872 480 1892 non
503 1863 628 1892 attendit.
644 1864 748 1898 Veluti,
767 1863 884 1900 exempli
903 1864 1000 1901 gratia,

200 1910 351 1946 aegrotabat
370 1909 507 1946 quispiam
537 1912 564 1937 et
592 1909 738 1945 ignorabat
772 1917 802 1937 se
830 1913 962 1946 aegrotare
991 1918 997 1936 :

199 1955 298 1984 deinde
316 1954 465 1983 adveniens
477 1953 600 1982 medicus
617 1954 738 1982 ostendit
764 1953 789 1981 ei
814 1954 889 1990 quod
915 1961 1001 1990 aegro-

200 2003 309 2035 taret,et
321 1999 398 2036 quod
425 1999 459 2027 ab
487 1999 539 2027 hoc
558 1998 620 2026 cibo
649 2003 782 2034 tanquam
807 1999 1001 2034 aegritudinem

201 2049 320 2081 augente
338 2043 475 2071 abstinere
495 2046 641 2079 oporteat:
662 2042 685 2071 is
697 2050 762 2070 vero
786 2050 844 2070 non
862 2047 906 2071 est
919 2043 1001 2071 obse—

200 2094 280 2118 cutus
292 2087 411 2122 medico,
424 2091 451 2116 et
465 2091 592 2116 mortuus
607 2091 657 2115 est.

235 2135 327 2162 Vsns.
345 2134 389 2167 10,
405 2135 447 2160 11.
464 2143 477 2157 α
495 2133 530 2160 Et
541 2132 683 2160 inventum
696 2136 738 2160 est
751 2131 820 2160 mihi
836 2132 999 2162 mandatum

201 2178 275 2216 quod
285 2182 344 2206 erat
356 2177 390 2206 ad
405 2177 498 2211 vitam,
513 2177 567 2205 hoc
581 2185 640 2205 esse
654 2177 688 2205 ad
701 2182 831 2206 mortem.
847 2178 994 2206 Peccatum

200 2224 274 2252 enim
289 2222 435 2251 occasione
449 2225 571 2258 accepta,
586 2229 634 2258 per
648 2221 806 2250 mandatum
821 2221 929 2250 seduxit
939 2230 994 2257 me,

200 2274 227 2299 et
250 2278 298 2307 per
319 2268 388 2297 illud
417 2268 525 2297 occidit.
545 2280 558 2292 ν
571 2269 635 2296 Non
655 2268 726 2296 dixit
745 2268 819 2305 quod
833 2268 997 2297 Mandatum

199 2314 304 2343 factum
314 2318 356 2342 est
361 2314 430 2342 mihi
439 2321 525 2347 mors,
534 2313 582 2342 sed
596 2314 763 2342 «Inventum
772 2317 824 2348 est,
837 2325 850 2338 ιι
862 2321 963 2342 novam
970 2318 998 2342 et

199 2361 413 2396 inexspectatam
446 2358 645 2387 absurditatem
668 2358 703 2387 ita
725 2367 864 2395 exponens
891 2370 897 2387 :
926 2361 996 2388 Nam

199 2404 394 2441 scopusipsius
409 2403 444 2432 ad
464 2403 549 2432 vitam
572 2403 703 2439 ducebat,
729 2407 756 2432 et
776 2412 809 2432 eo
834 2404 920 2433 etiam
942 2404 997 2433 ﬁne

199 2450 295 2479 datum
319 2453 369 2477 est.
394 2448 476 2486 Quod
498 2449 519 2476 si
545 2453 637 2477 autem
651 2456 727 2477 mors
741 2448 804 2477 hinc
824 2449 924 2482 evenit,
940 2457 998 2477 non

199 2495 284 2532 ipsius
294 2499 368 2523 certe
382 2494 461 2530 culpa
473 2503 479 2521 :
491 2501 555 2521 nam
578 2497 731 2530 peccatum,
759 2493 812 2522 hoc
825 2498 866 2522 est
880 2494 998 2530 impetus

197 2541 232 2570 ad
250 2540 396 2574 deteriora,
418 2543 603 2575 corruptaque
626 2543 654 2567 et
669 2539 774 2576 peccati
796 2546 891 2567 amans
907 2538 999 2567 volun-

197 2590 241 2615 tas
254 2590 302 2615 aut
309 2583 459 2619 sententia,
473 2592 505 2612 ac
515 2588 546 2612 ut
555 2584 645 2619 magis
655 2584 764 2620 proprie
771 2583 863 2612 dicam
871 2583 1000 2620 voluptas

198 2631 309 2661 seduxit
333 2639 389 2665 me,
408 2634 436 2658 et
460 2628 561 2658 occidit
580 2637 628 2665 per
642 2628 815 2657 mandatum.
842 2629 900 2657 Nisi
924 2629 999 2657 enim

197 2677 364 2707 mandatum
373 2679 446 2705 esset
457 2674 581 2704 indicans
597 2678 753 2711 peccatum,
766 2682 857 2712 neque
870 2678 1000 2711 tanquam

1056 1503 1193 1544 προσώπῳ
1221 1503 1270 1540 τὴν
1296 1504 1462 1543 ἀνθρωπίνην
1487 1504 1565 1546 φύσιν
1589 1505 1683 1544 λέγει)
1701 1516 1709 1523 ·
1733 1501 1849 1537 ἐλθούσης

1058 1547 1085 1577 δὲ
1100 1550 1146 1585 τῆς
1166 1549 1288 1586 ἐντολῆς,
1305 1552 1323 1586 ἡ
1340 1548 1460 1588 ἁμαρτία
1476 1549 1560 1589 ἐφάνη
1576 1548 1712 1588 ἁμαρτία.
1739 1549 1776 1579 Οἱ
1795 1545 1850 1586 πρό-

1056 1604 1131 1633 τερον
1145 1593 1208 1634 γὰρ,
1225 1594 1249 1623 εἰ
1263 1593 1309 1624 καὶ
1325 1593 1480 1633 ἡμάρτανον
1492 1617 1500 1631 ,
1515 1594 1577 1623 ἀλλ’
1592 1594 1641 1623 οὐκ
1660 1593 1784 1633 ᾔδεισαν.
1801 1590 1848 1622 Καὶ

1057 1640 1133 1668 τοῦτο
1149 1637 1177 1667 δὲ
1191 1641 1238 1668 τοῦ
1253 1639 1334 1676 νόμου
1349 1638 1430 1668 καλὸν
1443 1661 1453 1678 ,
1474 1637 1514 1668 ὅτι
1535 1638 1644 1675 ἐποίησε
1669 1638 1734 1672 τοὺς
1747 1636 1850 1675 ἀνθρώ-

1058 1694 1122 1716 πους
1135 1682 1274 1721 γινώσκειν
1285 1706 1293 1720 ,
1317 1682 1358 1713 ὅτι
1373 1683 1567 1724 ἁμαρτάνουσι.
1587 1683 1627 1713 Τὸ
1644 1682 1690 1723 δὲ,
1708 1694 1725 1712 ιι
1741 1682 1848 1713 Ἀπέθα-

1062 1739 1105 1757 νον
1115 1749 1123 1764 ,
1139 1742 1151 1754 ιι
1165 1729 1263 1762 διπλῶς
1278 1727 1304 1746 ²⁹
1316 1727 1431 1765 νοήσεις,
1449 1729 1494 1757 καὶ
1507 1728 1567 1757 ἀντὶ
1583 1731 1628 1759 τοῦ
1634 1752 1642 1766 ,
1653 1728 1800 1768 Ἥμαρτον
1814 1725 1847 1763 ³⁰,

1056 1772 1102 1801 καὶ
1128 1773 1186 1802 ἀντὶ
1209 1776 1271 1812 τοῦ,
1297 1772 1482 1813 Σφοδροτέρας
1503 1772 1637 1807 κολάσεως
1660 1773 1683 1792 ³⁸
1714 1772 1847 1802 ὑπεύθυνος

1056 1817 1184 1857 ἐγενόμην
1197 1828 1203 1835 ·
1231 1817 1296 1858 ὅπερ
1311 1817 1341 1847 οὗ
1366 1820 1413 1847 τοῦ
1436 1817 1517 1856 νόμου
1545 1818 1685 1857 ἔγκλημα,
1712 1817 1782 1847 ἀλλὰ
1808 1817 1846 1844 τοῦ

1057 1862 1094 1902 μὴ
1121 1861 1297 1903 προσέχοντος
1322 1864 1394 1903 αὖτῷ
1410 1874 1418 1880 ·
1441 1857 1495 1892 οἷον
1520 1863 1547 1891 ἐν
1573 1862 1755 1902 ὑποδείγματι
1771 1872 1786 1903 '__
1805 1859 1846 1898 ήῤ·

1055 1901 1150 1948 ρώστει
1163 1901 1223 1943 τις,
1233 1906 1279 1936 καὶ
1291 1907 1351 1936 οὐδὲ
1370 1901 1427 1947 ᾔδει
1438 1929 1447 1944 ,
1462 1907 1504 1937 ὅτι
1525 1907 1659 1948 ιίῤῥωστεῖ
1674 1901 1681 1926 λ
1696 1902 1756 1937 εἶτα
1770 1901 1842 1942 ἦλθεν

1054 1952 1160 1991 ἰατρὸς,
1184 1953 1229 1981 καὶ
1254 1951 1371 1986 ἐδίδαξεν
1392 1951 1489 1991 αὐτὸν,
1514 1952 1556 1982 ὅτι
1582 1953 1736 1993 ἆρῤωστεῖ,
1751 1950 1797 1980 χαὶ
1810 1948 1844 1978 ὅτι

1054 1997 1129 2026 τοῦδε
1151 1999 1197 2026 τοῦ
1223 1995 1379 2036 βρώματος,
1404 1998 1439 2030 ὣς
1462 1996 1511 2032 τὴν
1533 1997 1684 2037 ἀῤῥωστίαν
1714 1996 1843 2031 αὔξοντος,

1054 2040 1200 2081 ἀπέχεσθαι
1213 2041 1260 2071 δεῖ.
1279 2041 1313 2072 Ὁ
1325 2041 1352 2070 δὲ
1366 2043 1414 2071 οὐχ
1431 2041 1562 2079 ἤκουσεν,
1578 2037 1636 2072 εἶτα
1651 2041 1794 2072 ἀπέθανεν.

1097 2141 1111 2159 ιι
1133 2130 1186 2161 Καὶ
1203 2131 1294 2171 εὓρέθη
1312 2142 1357 2170 μοι
1376 2133 1393 2168 ἡ
1416 2131 1510 2168 ἐντολὴ
1533 2134 1551 2168 ἡ
1566 2131 1603 2166 εἷς
1623 2131 1694 2168 ζωὴν
1705 2154 1713 2169 ,
1729 2131 1795 2167 αὕτη
1811 2127 1843 2160 εἷς

1053 2175 1175 2206 θάνατον.
1192 2175 1229 2206 ¹Η
1250 2176 1301 2216 γὰρ
1322 2176 1440 2217 ἁμαρτία
1459 2176 1582 2217 ἀφορμὴν
1598 2177 1721 2207 λαϐοῦσα
1745 2175 1786 2206 διὰ
1801 2174 1841 2208 τῆς

1049 2221 1172 2259 ἐντολῆς,
1191 2220 1341 2258 ἐξηπάτησέ
1356 2233 1403 2260 με,
1428 2222 1473 2251 καὶ
1488 2222 1523 2251 δι’
1549 2222 1630 2257 αὐτῆς
1647 2222 1807 2251 ἀπέκτεινεν.
1823 2228 1835 2245 ι

1048 2266 1106 2295 Οὐχ
1121 2260 1194 2295 εἶπεν
1205 2288 1213 2304 ,
1234 2265 1274 2295 ὅτι
1290 2265 1327 2296 Ἡ
1341 2266 1432 2303 ἐντολὴ
1448 2266 1540 2306 γέγονέ
1563 2278 1608 2306 μοι
1632 2266 1760 2302 θάνατος,
1784 2263 1837 2292 ἀλλ’

1050 2323 1061 2337 α
1070 2310 1186 2348 Εὖρέθη,
1198 2323 1209 2337 ιι
1220 2310 1249 2340 τὸ
1264 2311 1352 2340 καινὸν
1364 2311 1410 2340 καὶ
1420 2311 1567 2352 παράδοξον
1586 2313 1633 2347 τῆς
1643 2311 1753 2344 ἀτοπίας
1764 2308 1838 2352 οξτως

1050 2355 1214 2395 ἑρμηνεύων.
1237 2355 1270 2386 Ὁ
1293 2356 1340 2394 μὲν
1355 2355 1407 2396 γὰρ
1422 2349 1518 2391 σκοπὸς
1541 2357 1621 2392 αὖτῆς
1639 2357 1675 2390 εἷς
1696 2356 1764 2392 ζωὴν
1778 2349 1836 2392 ἦγε,

1050 2399 1095 2430 καὶ
1110 2400 1153 2429 διὰ
1168 2403 1246 2430 τοῦτο
1260 2401 1347 2437 ἐδόθη.
1373 2401 1407 2431 Εἰ
1429 2402 1456 2431 δὲ
1477 2402 1589 2435 θάνατος
1614 2401 1691 2438 ἐξέϐη
1716 2401 1838 2433 ἐντεῦθεν,

1050 2447 1097 2475 οὔκ
1115 2446 1196 2481 αὐτῆς
1217 2445 1247 2475 τὸ
1262 2445 1393 2485 ἔγκλημα.
1412 2446 1449 2476 Ἡ
1464 2446 1516 2487 γὰρ
1536 2445 1674 2485 ἁμαρτία,
1689 2445 1835 2477 τουτέστιν,

1051 2494 1067 2528 ἡ
1091 2491 1134 2520 ἐπὶ
1156 2491 1185 2520 τὸ
1206 2494 1295 2531 χεῖρον
1311 2491 1382 2531 ὁρμὴ
1395 2515 1403 2525 ,
1425 2491 1471 2521 καὶ
1492 2494 1509 2528 ἡ
1531 2491 1707 2531 διεφθαρμένη
1727 2491 1770 2521 καὶ
1784 2487 1835 2527 φιλ-

1051 2535 1218 2575 αμαρτήμων
1233 2535 1326 2575 γνώμη
1340 2558 1348 2572 ,
1363 2537 1465 2574 μᾶλλον
1476 2536 1523 2575 δὲ,
1538 2536 1698 2576 κυριώτερον
1712 2537 1805 2570 εἰπεῖν,
1820 2534 1834 2566 ἡ

1051 2580 1142 2616 ἡδονὴ,
1155 2579 1305 2617 ἐξηπάτησέ
1317 2592 1366 2619 με,
1383 2581 1428 2611 καὶ
1443 2581 1581 2611 ἀπέκτεινε
1593 2580 1638 2611 διὰ
1659 2583 1705 2618 τῆς
1729 2579 1833 2613 ἐντολῆς-

1052 2627 1085 2656 Εἰ
1101 2625 1138 2664 μὴ
1155 2624 1206 2665 γὰρ
1222 2620 1254 2661 ἦν
1271 2627 1286 2662 ἠ
1301 2625 1395 2659 ἐντολῆ
1420 2627 1597 2657 ὗποδεικνῗὶσα
1621 2627 1672 2663 τὴν
1694 2623 1834 2665 ἁμαρτίανι

1052 2669 1113 2700 οὔτε
1129 2671 1165 2705 ὡς
1179 2670 1314 2711 ἁμαρτίαν
1337 2670 1463 2712 πράττων
1488 2671 1644 2712 ἐλογιζόμην
1660 2672 1708 2710 ἂν,
1726 2670 1781 2701 οὔτε
1801 2677 1837 2697 κο-

888 2747 990 2788 IVariae
1013 2747 1165 2778 lectiones.

228 2804 250 2821 ¹⁸
263 2803 289 2832 ἐν
303 2803 330 2831 δὲ
344 2801 380 2840 τῷ
394 2801 437 2830 οἰκ
452 2811 479 2832 ο.
517 2802 539 2820 ²⁹
553 2803 639 2834 διττῶς
653 2809 681 2831 o.
721 2801 907 2839 ζ’θᾶἣμοῖρτανον
919 2809 948 2830 ο.
985 2801 1005 2819 ³⁸
1021 2801 1171 2837 οφοόροτέρα
1187 2801 1288 2829 κολάσει
1299 2809 1338 2830 In.
1355 2804 1384 2830 7.
