1901 3077
24 221 66 250 425

448 216 624 245 EXPOSITIO
644 218 676 245 IN
695 218 797 246 EPIST.
817 219 863 246 AD
883 218 964 247 ROM.
984 234 1020 240 —
1035 219 1111 247 CAP.
1135 219 1187 247 Vll.

1589 222 1641 252 426

19 284 104 316 λᾶσεως
121 281 259 314 ὖπεύθυνος
282 280 364 318 ἤμην.
389 279 429 310 Τὸ
452 280 504 319 γὰρ
519 304 525 315 ,
555 279 746 318 ιἈπέκτεινε,
774 293 788 309 ν
807 310 808 313 η

889 287 977 311 :cator
1005 286 1158 318 reputarer,
1172 290 1259 319 neque
1277 291 1365 318 poenae
1380 291 1468 312 essem
1493 284 1645 314 obnoxius.

19 329 52 358 ἐπ’
66 327 209 368 ἀμφοτέρων
231 325 271 354 δεῖ
293 329 379 362 νοεῖν,
402 324 447 354 καὶ
472 324 516 354 ἐπὶ
540 327 585 354 τοῦ
610 325 788 364 ἁμαρτάνειν,

19 373 55 402 καὶ
73 372 111 401 ἐπὶ
124 374 167 401 τοῦ
184 370 349 407 κολάζεσθαι,
367 369 457 410 ὥσπερ
472 369 517 399 καὶ
532 369 657 410 ἀνωτέρω
668 370 694 389 ³³
714 370 788 410 εἴρη-

19 430 55 446 ται
68 416 106 452 τὸ,
129 430 139 441 ι
153 415 304 446 Ἀπέθανον.
324 429 337 441 ν
352 414 392 445 Τὸ
413 409 458 444 οὖν
479 413 660 454 συμπέρασμα
675 419 728 444 πᾶν
743 417 790 451 τῆς

20 463 174 496 ἆποστολικῆς
189 460 286 494 ἐννοίας
310 459 427 489 τοιοῦτόν
440 460 497 488 ἐστι
514 470 521 477 ·
538 459 630 498 Νόμου
645 459 682 497 μὴ
701 459 790 496 ὄντος,

20 506 119 546 ἁμαρτία
142 506 171 534 οὗ
193 503 324 544 λογίζεται
342 515 349 522 ·
372 506 418 533 τοῦ
445 503 528 542 νόμου
546 503 574 533 δὲ
600 503 720 537 ἐλθόντος
744 503 791 533 καὶ

19 549 246 590 παραϐαινομένου,
276 549 358 589 ἐφάνη
387 550 404 584 ἡ
432 547 551 588 ἁμαρτία
580 547 626 577 καὶ
653 548 790 584 ἀνέζησεν.

17 593 86 624 Ὥστε
109 594 149 624 διὰ
169 596 215 629 τῆς
239 594 344 629 ἰντολῆς
367 592 603 632 παραϐαινομένης
617 595 634 628 ἡ
651 592 790 634 ἁμαρτία,

17 639 147 675 τουτέστιν,
165 642 181 675 ἡ
197 641 244 674 τῆς
267 637 400 678 ἁμαρτίας
423 637 547 677 ἔκφανσις
573 637 619 666 καὶ
644 638 791 672 ὑπόστασις

19 684 138 724 Spissum
152 683 191 719 ³³,
215 683 341 723 πρότερον
358 681 396 721 μὴ
419 681 600 724 ὑφισταμένης
619 682 644 703 ³4
658 682 726 720 μηδὲ
746 683 792 712 λο-

18 728 135 768 γιζομένης
155 728 191 766 ³⁵,
213 730 239 759 ἐν
268 730 305 768 τῷ
331 727 399 766 μηδὲ
420 727 500 765 νόμον
526 723 602 758 εἶναι.
630 727 720 761 Αἷτιος
743 727 791 766 μὲν

18 767 53 803 οὖν
64 767 126 802 καθ’
143 773 250 803 αὑτὸνὸ
276 772 357 812 νόμος
379 774 427 808 τῆς
454 771 585 812 ἁμαρτίας
609 773 656 801 οὐκ
681 767 737 808 ἧν·
762 773 792 802 οὗ

17 817 58 856 μὴν
75 817 128 848 οὐδὲ
148 817 334 858 λυτρώσασθαι
355 816 454 852 ταύτης
479 816 570 856 ἴσχυεν
586 817 622 846 ³⁸⁵.
640 816 725 846 Ὥστε
745 817 793 853 τῆς

15 863 106 903 χάριτος
118 863 263 902 ἐδεήθημεν
279 862 322 891 διὰ
339 862 369 891 τὸ
384 860 478 891 τούτου
495 861 648 901 ἄνίσιυρον.

51 918 64 936 ιι
74 906 153 960 Ὠστε
176 909 189 936 ὃ
205 906 352 960 μὲνἺνόμος
373 905 468 960 ἄγιρξ,
489 906 535 935 καὶ
558 907 574 941 ἦ
590 905 686 960 ’ἐντολὴ
696 905 790 960 0«Ξιγία,
807 928 830 960 Β

16 953 52 981 καὶ
64 951 162 989 δικαία,
186 951 233 981 καὶ
256 951 356 991 ἀγαθή.
379 964 391 977 ι
407 950 475 980 Ἰδοὺ
498 949 672 991 φανερώτατα
696 950 721 969 ³⁷
746 951 789 980 ἐν·

17 999 86 1025 ταῦθα
102 997 310 1036 Μαρκιωνιτῶν,
331 995 377 1025 καὶ
396 995 555 1036 Μανιχαίων
566 1018 575 1033 ,
591 994 637 1024 καὶ
653 995 791 1034 Σιμωνια-

16 1043 73 1080 νῶν,
86 1041 129 1070 καὶ
144 1041 252 1071 πάντων
270 1041 322 1070 τῶν
339 1039 387 1076 τὴν
407 1040 532 1070 Παλαιὰν
548 1039 744 1069 διαϐαλλόντων
758 1039 792 1069 τὰ

16 1086 118 1124 στόματα
142 1085 290 1127 ἐνέφραξαν.
305 1083 395 1123 Ἀγιον
409 1084 461 1125 γὰρ
482 1085 526 1114 τὸν
540 1084 619 1124 νόμον
640 1084 791 1125 ἀνακηρύτ-

15 1142 46 1159 tu
55 1133 137 1171 σαφῶς
147 1153 156 1167 ,
170 1130 219 1160 καὶ
231 1130 280 1166 τὴν
298 1129 405 1165 ἐντολὴν
427 1129 524 1167 ἁγίαν,
548 1130 593 1159 καὶ
609 1129 730 1165 δικαίαν,
747 1128 793 1158 καὶ

20 1175 116 1214 ἀγαθήν.
130 1175 257 1216 Διαφέρει
271 1175 298 1204 δὲ
312 1175 390 1213 νόμος
406 1174 432 1193 ³⁸
451 1175 574 1211 ἐντολῆς,
596 1177 631 1208 ὡς
646 1173 792 1203 καθολικὼ-

15 1231 76 1259 τερον
99 1220 290 1261 μερικωτέρου.
311 1221 367 1250 Τοῦ
379 1218 430 1260 γὰρ
444 1218 526 1257 νόμου
542 1218 575 1248 τὰ
594 1218 654 1261 μένᾼ
661 1219 717 1248 ἐστι
731 1217 794 1257 δόγ-

19 1276 95 1301 ματα,
119 1259 152 1294 τα
172 1264 199 1294 δὲ
224 1259 325 1294 ἐντολαί
349 1263 402 1294 Καὶ
422 1263 457 1294 τὰ
479 1264 600 1302 δόγματα
624 1259 668 1293 οὖν
691 1265 736 1292 τοῦ
753 1263 796 1292 νό-

15 1320 55 1345 μου
66 1309 142 1349 ἅγια,
157 1309 203 1339 καὶ
231 1310 257 1339 αἱ
272 1308 334 1348 περὶ
349 1308 471 1349 πράξεων
491 1308 610 1347 ἐντολαὶ,
636 1307 726 1346 ἅγιαι,
749 1307 794 1336 καὶ

15 1353 116 1391 δίκαιαι,
131 1353 176 1383 καὶ
192 1354 303 1393 ἀγαθαί.
328 1352 418 1383 Ὥστε
432 1355 480 1382 τοῦ
504 1353 604 1392 ἆγαθοῦ
629 1353 676 1382 καὶ
692 1352 794 1382 δικαίου

15 1399 72 1428 Θεοῦ
94 1400 143 1429 εἶσι
168 1398 391 1436 νομοθετήματα,
407 1397 457 1428 κᾶν
479 1398 504 1427 οἱ
526 1397 646 1438 ῥηθέντες
668 1396 794 1438 αἱρετικοὶ

16 1445 51 1471 τοῦ
63 1446 170 1484 πονηροῦ
183 1445 258 1474 Θεοῦ
268 1443 314 1473 τὸν
327 1442 406 1483 νόμον
422 1438 491 1472 εἶναι
502 1443 694 1484 βλασφημῶσι.

846 331 917 357 Nam
929 339 941 352 α
963 328 1078 361 Occidit,
1093 339 1106 353 η
1116 328 1153 355 de
1165 331 1282 364 utroque
1295 328 1502 364 intelligendum
1513 334 1564 363 est,
1575 334 1602 358 et
1611 330 1645 358 de

846 377 959 410 peccato
969 377 997 401 et
1008 372 1042 401 de
1051 372 1192 408 supplicio,
1206 372 1321 408 perinde
1333 381 1364 401 ac
1378 381 1458 408 supra
1471 373 1575 402 dictum
1589 379 1640 408 est,

847 431 857 443 ιι
876 420 1002 446 Mortuus
1017 425 1090 446 sum.
1104 429 1117 442 ι»
1133 419 1202 445 Tota
1217 417 1309 454 itaque
1324 418 1462 446 conclusio
1487 419 1645 454 apostolica

847 463 992 492 sententia:
1017 467 1059 491 est
1080 462 1325 498 hujusmodizﬁs
1342 464 1415 499 Lege
1431 471 1487 491 non
1500 464 1640 498 existente,

845 512 987 544 peccatum
1007 516 1065 535 non
1084 507 1237 543 imputatur
1255 516 1262 535 ι
1288 507 1345 544 lege
1361 512 1454 536 autem
1480 508 1640 537 adveniente

845 557 872 581 et
887 553 998 587 violata,
1010 552 1138 589 apparuit
1153 555 1298 588 peccatum
1318 555 1345 580 et
1357 552 1463 580 revixit.
1480 553 1579 589 Itaque
1593 562 1642 590 per

846 597 1009 626 mandatum
1020 597 1242 633 praevaricatione
1257 596 1400 631 violatum,
1416 603 1573 633 peccatum,
1589 598 1641 626 hoc

846 648 896 677 cst,
915 643 1020 680 peccati
1034 642 1218 670 manifestatio
1240 646 1267 669 et
1281 641 1457 670 subsistentia
1481 643 1565 678 subit,
1577 652 1640 672 cum

847 692 911 716 ante
925 695 1014 724 neque
1027 687 1196 720 subsisteret,
1211 695 1301 723 neque
1312 687 1507 722 imputaretur,
1518 696 1550 716 eo
1565 688 1641 724 quod

846 741 934 769 neque
947 733 990 760 lex
1001 731 1135 760 exstabat.
1151 733 1238 760 Causa
1255 732 1345 768 itaque
1358 740 1406 768 per
1423 740 1452 760 se
1474 732 1517 760 lex
1539 733 1641 768 peccati

847 777 1059 814 haudquaquam
1071 781 1131 805 erat
1147 786 1153 804 :
1178 784 1229 804 nec
1242 780 1335 804 tamen
1357 777 1392 805 ab
1406 785 1439 805 eo
1453 785 1506 806 nos
1525 777 1641 806 liberare

847 822 943 858 potuit.
963 821 1006 850 0b
1032 821 1113 858 hujus
1138 821 1229 857 itaque
1257 821 1428 850 debilitatem
1449 822 1534 859 gratia
1560 822 1641 859 plane

847 866 1022 904 indiguimus.

882 913 972 940 Vnus.
991 913 1035 939 12.
1053 923 1066 936 ι
1080 911 1177 947 Itaque
1198 910 1242 939 lex
1262 910 1376 947 quidem
1397 915 1502 947 sancta,
1519 915 1546 940 et
1556 919 1641 940 man-

847 956 943 985 datum
953 960 1089 990 sanctum,
1102 959 1130 984 et
1144 956 1261 991 justum,
1284 959 1312 984 et
1331 955 1447 984 bonum.
1470 967 1482 980 -
1499 957 1542 984 En
1555 957 1640 984 mani-

845 1001 990 1030 festissime
1023 1000 1067 1029 hic
1094 1000 1332 1035 Marcionitarum,
1366 1000 1585 1029 Manichaeorum
1613 1006 1641 1030 et

845 1046 1082 1079 Simonianorum,
1121 1044 1302 1081 omniumque
1327 1045 1413 1074 Vetus
1430 1047 1639 1075 Testamentum

846 1090 1073 1119 calumniantium
1088 1098 1137 1118 ora
1152 1089 1300 1118 obstruxit.
1315 1091 1445 1118 Sanctam
1459 1091 1532 1119 enim
1551 1091 1639 1128 legem

847 1135 936 1171 palam
957 1135 1128 1172 pronuntiat,
1153 1139 1182 1163 et
1200 1134 1365 1163 mandatum
1389 1140 1526 1171 sanctum,
1549 1140 1577 1164 et
1593 1136 1642 1172 ju-

846 1185 932 1214 stum,
958 1184 986 1208 et
1013 1180 1126 1208 bonum.
1155 1179 1255 1208 Dilfert
1281 1184 1374 1208 autem
1390 1180 1432 1208 lex
1460 1188 1476 1209 a
1495 1181 1642 1217 mandato,

845 1224 1080 1261 quemadmodum
1114 1224 1270 1252 universale
1305 1233 1321 1252 a
1355 1225 1520 1260 particulari.
1557 1226 1642 1263 Legis

845 1270 921 1298 enim
935 1269 985 1297 alia
997 1269 1106 1305 quidem
1117 1272 1180 1297 sunt
1203 1268 1329 1303 decreta,
1349 1269 1401 1297 alia
1414 1277 1477 1298 vero
1492 1270 1634 1298 mandata.

849 1315 967 1342 Decreta
1000 1313 1091 1350 itaque
1105 1313 1172 1350 legis
1203 1314 1259 1342 sive
1288 1313 1419 1350 dogmata
1451 1319 1544 1343 sancta
1568 1319 1643 1350 sunt,

847 1359 977 1387 mandata
994 1358 1081 1386 etiam
1105 1358 1138 1387 de
1152 1359 1235 1386 rebus
1251 1358 1389 1395 gerendis,
1406 1363 1510 1392 sancta,
1522 1360 1596 1395 justa
1611 1364 1639 1388 et

848 1403 920 1431 bona
941 1407 1016 1431 sunt.
1030 1403 1100 1431 Boni
1111 1403 1193 1439 igitur
1211 1407 1239 1431 et
1262 1402 1325 1437 iusti
1342 1403 1391 1430 Dei
1412 1407 1475 1431 sunt
1490 1403 1640 1440 legislatio-

848 1455 907 1480 nes,
919 1447 1025 1475 etiamsi
1046 1447 1169 1475 haeretici
1184 1447 1305 1483 praedicti
1326 1447 1402 1484 pravi
1414 1448 1465 1476 Dei
1479 1448 1569 1485 legem
1583 1456 1642 1477 esse

849 1492 933 1528 impie
946 1491 1161 1520 calumnientur.

50 1547 61 1559 ι
75 1534 113 1580 Τρ
133 1529 177 1564 οὖν
197 1533 297 1580 ἀγαθὸν
318 1533 493 1580 ζμοὶνςγέγονε
525 1533 651 1580 θάνατος
747 1532 794 1572 γέ-

889 1538 976 1566 Vsss.
994 1539 1036 1565 l3.
1054 1548 1067 1561 ι
1081 1535 1163 1572 Quod
1175 1544 1240 1572 ergo
1256 1535 1361 1565 bonum
1375 1541 1429 1571 est,
1447 1537 1516 1565 mihi
1539 1537 1642 1566 factum

16 1581 86 1608 mro!
99 1578 167 1610 Ἀλλ’
181 1581 199 1616 ἡ
222 1578 341 1619 ἁμαρτία
354 1601 362 1616 ,
376 1577 420 1607 ἵνα
438 1580 509 1619 φανῇ
527 1577 665 1618 ἁμαρτία,
685 1579 728 1608 διὰ
748 1580 794 1607 τοῦ

889 1604 890 1607 η
905 1589 981 1610 mors
993 1583 1005 1610 ἒ
1018 1581 1109 1610 Absit!
1125 1580 1179 1610 Sed
1200 1585 1354 1617 peccatum,
1368 1586 1401 1610 ut
1423 1586 1555 1618 appareat
1579 1590 1644 1618 pec—

16 1624 100 1661 ἆγαθοῢ
115 1635 158 1662 μοι
172 1622 392 1663 κατεργαζομένη
412 1623 538 1654 θάνατον,
553 1637 565 1650 ιι
580 1622 614 1653 ¢0
631 1622 679 1662 μὲν
699 1623 794 1660 νόμος,

889 1634 952 1661 :um,
976 1633 1026 1662 per
1041 1626 1147 1655 bonum
1167 1625 1237 1654 mihi
1253 1630 1399 1662 operatum
1424 1631 1465 1654 est
1486 1631 1614 1655 mortem.
1630 1638 1644 1652 ι

15 1667 97 1706 φησὶν,
111 1669 140 1698 οὗ
158 1668 252 1708 γέγονέ
267 1679 311 1706 μοι
326 1668 454 1707 θάνατος,
470 1668 532 1698 ἀλλ’
547 1669 564 1704 ἡ
586 1667 612 1687 ³⁸
628 1667 746 1708 ἁμαρτία
763 1679 796 1706 με

890 1679 917 1705 x,
932 1671 1031 1707 inquit,
1045 1678 1101 1699 non
1111 1674 1154 1699 est
1169 1669 1238 1699 facta
1253 1671 1320 1699 mihi
1337 1679 1429 1706 mors;
1440 1671 1489 1699 sed
1502 1676 1645 1707 peccatum

15 1712 162 1743 ἐθανάτωσεν
175 1735 184 1751 ,
198 1711 246 1742 ἵνα
266 1714 352 1753 φανῇ,
368 1712 481 1748 πηλίκον
503 1711 560 1743 ἐστὶ
576 1712 674 1751 κακὸν,
695 1712 743 1741 καὶ
757 1711 796 1741 ὅτι

889 1724 895 1743 ι
908 1715 1016 1750 occidit,
1032 1719 1064 1744 ut
1080 1719 1213 1751 appareat
1230 1715 1309 1751 quale
1332 1720 1521 1752 quantumque
1533 1716 1570 1744 sit
1582 1724 1644 1744 ma-

15 1756 52 1785 καὶ
68 1757 115 1787 ὑπὸ
145 1760 192 1787 τοῦ
227 1757 308 1796 νόμου
333 1757 532 1798 ἰατρευόμενον,
560 1760 649 1798 χεῖρον
684 1757 796 1796 ἐγένετο.

889 1767 920 1794 n,
931 1759 1058 1796 quodque
1074 1759 1133 1796 lege
1146 1759 1198 1795 ipsi
1215 1759 1351 1788 medelam
1364 1759 1509 1794 afferente,
1520 1759 1640 1788 deterius

14 1801 142 1843 Ἁμαρτίαν
159 1803 205 1839 δὲ,
228 1804 262 1836 ὥς
284 1802 329 1832 καὶ
344 1802 468 1842 ἀνωτέρω
484 1802 592 1841 εἴπομεν
605 1826 611 1838 ,
635 1801 738 1838 νοήσεις
752 1801 798 1831 καὶ

889 1804 987 1833 aderet.
998 1805 1145 1832 Peccatum
1164 1807 1268 1838 autem,
1283 1808 1315 1831 ut
1339 1808 1367 1832 et
1377 1812 1458 1840 supra
1473 1812 1647 1833 commemo-

14 1846 53 1881 τήν
69 1848 203 1888 φιλήδονον
228 1847 356 1886 γνώμην,
376 1847 422 1876 καὶ
438 1847 487 1883 τὴν
513 1847 557 1876 ἐπὶ
582 1847 612 1876 τὸ
636 1845 798 1886 ἁμαρτάνειν

889 1853 954 1882 tum,
974 1849 1108 1885 intelliges
1129 1853 1272 1876 amantem
1303 1848 1450 1884 voluptatis
1479 1849 1642 1876 sententiam

13 1891 168 1931 ὁρμὴν,ἤόη
182 1892 212 1923 δὲ
234 1892 280 1922 καὶ
303 1891 349 1921 τὸν
363 1891 507 1928 διάϐολον,
534 1891 581 1921 καὶ
598 1890 682 1926 αὐτὴν
750 1890 798 1926 τὴν

889 1901 901 1921 a
916 1897 1049 1926 mentem,
1063 1896 1144 1929 atque
1155 1891 1347 1920 vehementem
1369 1891 1404 1920 ad
1416 1896 1558 1928 peccatum
1582 1901 1643 1920 mo-

14 1929 153 1975 τρᾶξινδιὰ
168 1939 218 1973 ἧς
243 1937 340 1973 ἡδονῆς
360 1937 556 1977 ὓποσύρουσαν.
582 1936 668 1977 Χάρις
694 1929 739 1965 οὖν
763 1936 802 1976 τῷ

889 1945 968 1972 ιιιειῐι,
980 1941 1060 1974 atque
1072 1937 1140 1965 adeo
1159 1936 1314 1972 diabolum,
1327 1937 1473 1973 ipsumque
1487 1941 1579 1965 actum
1593 1945 1649 1973 prae

16 1980 111 2022 Χριστῷ
124 1983 162 2023 τῷ
178 1981 337 2018 τηλικούτου
353 1983 435 2012 κακοῦ
447 1983 519 2020 ἡμᾶς
535 1980 728 2014 ἆπαλλάξαντι.

890 1982 993 2019 luptate
1007 1981 1200 2018 pellicientem.
1225 1981 1332 2010 Gratias
1355 1981 1440 2018 igitur
1467 1981 1589 2017 Christo,
1602 1982 1649 2018 qui

856 2035 907 2055 nos
922 2035 938 2055 a
957 2030 1034 2055 tanto
1050 2027 1124 2055 malo
1140 2025 1271 2055 liberavit.

48 2085 60 2098 ι
71 2069 129 2103 Ἵνα
145 2072 258 2112 γένηται
273 2071 332 2102 καθ’
345 2070 496 2112 ὑπερϐολὴν
510 2071 668 2112 ἁμαρτωλὸς
679 2072 696 2107 ἡ
712 2070 801 2110 ἆμαρ-

894 2083 907 2097 ι
922 2073 962 2101 Ut
973 2071 1022 2100 ﬂat
1044 2079 1125 2108 supra
1140 2070 1257 2099 modum
1280 2078 1394 2108 peccans
1417 2075 1559 2107 peccatum
1589 2079 1652 2108 per-

16 2115 52 2144 τίι
64 2117 104 2146 διὰ
116 2120 163 2154 τῆς
181 2118 300 2153 ἐντολῆς.
321 2130 332 2143 ι
345 2117 396 2155 Τὸ,
410 2115 472 2146 Ἵνα
487 2115 597 2156 γίνηται
609 2139 618 2153 ,
632 2130 643 2142 π
660 2115 718 2145 ἀντὶ
737 2117 802 2152 τοῦ,

889 2116 1030 2145 andatum.
1045 2128 1058 2142 ιι
1069 2131 1105 2137 -—
1119 2127 1133 2141 ι
1147 2117 1188 2145 Ut
1210 2116 1267 2151 ﬁat,
1281 2128 1293 2141 ν
1309 2124 1370 2152 pro,
1382 2121 1523 2152 appareat,
1549 2121 1652 2154 quanta

18 2159 54 2190 ἵνα
65 2163 131 2202 φανῇ
152 2162 245 2199 ἡλίκος
268 2161 374 2202 ὄλεθρος
396 2162 413 2197 ἡ
429 2160 549 2201 ἁμαρτία
563 2173 569 2180 ·
585 2160 676 2201 ὥσπερ
691 2160 737 2190 καὶ
752 2159 783 2190 τὸ
794 2181 803 2198 ,

889 2170 893 2190 ;
923 2161 1027 2198 peccati
1046 2161 1177 2198 pernicies
1208 2170 1215 2189 :
1249 2161 1466 2198 quemamodum
1491 2166 1519 2189 et
1551 2161 1619 2190 illud
1645 2171 1652 2190 :

18 2216 28 2230 ι
41 2205 153 2236 Γενέσθαι
174 2207 203 2237 δὲ
222 2208 237 2236 ὁ
252 2206 320 2240 Θεὸς
343 2206 461 2243 ἀληθὴς,
483 2219 494 2231 ι
516 2205 574 2236 ἀντὶ
598 2207 659 2242 τοῦ,
681 2204 801 2246 φανήτω.

889 2206 930 2235 Sit
950 2210 1043 2235 autem
1060 2207 1135 2234 Deus
1149 2213 1241 2239 verax,
1265 2217 1278 2230 ιι
1296 2213 1358 2242 pro,
1372 2206 1466 2241 palam
1483 2205 1532 2233 ﬁat
1548 2210 1575 2234 et
1590 2214 1650 2242 per-

18 2249 94 2279 Τοῧτο
114 2251 141 2281 δὲ
157 2251 201 2281 διὰ
216 2253 265 2287 τῆς
284 2251 393 2286 ἕντολῆς
408 2250 512 2290 ἐδείχθη
527 2260 533 2267 ·
549 2250 684 2290 ἐχρήσατο
702 2249 754 2290 γὰρ

891 2251 993 2280 icuum.
1018 2250 1098 2279 Istud
1116 2256 1208 2279 autem
1229 2258 1277 2286 per
1302 2250 1465 2279 mandatum
1479 2250 1654 2279 demonstra-

19 2294 99 2335 ἐντολῇ
125 2297 161 2329 εἷς
183 2278 298 2326 θάνατον
314 2308 321 2314 ·
344 2278 434 2335 ὥσπερ
457 2278 512 2325 ἔρδ’
525 2278 648 2334 νόσημα,
671 2278 746 2324 ὅτανι
760 2281 804 2323 διδ.

892 2278 992 2324 ait};
1014 2278 1104 2324 nam
1123 2278 1164 2323 εει
1192 2278 1268 2324 enim
1287 2299 1430 2332 peccatum
1454 2278 1654 2324 mandatomad

18 2339 61 2367 τῶν
81 2340 204 2380 ἰατρικῶν
220 2340 369 2382 φαρμάκων
390 2344 480 2380 χεῖρον
501 2339 627 2379 γένηται,
652 2339 701 2375 τὴν
724 2350 805 2369 κακο-

889 2345 978 2369 ortem
994 2350 1001 2368 ι
1021 2339 1133 2376 perinde
1142 2347 1175 2368 ac
1186 2339 1333 2368 inﬁrmitas
1351 2340 1392 2368 vel
1405 2340 1530 2375 morbus,
1545 2341 1657 2377 quando

18 2383 98 2417 ήθειαν
111 2386 191 2415 αὐτοῦ
216 2385 347 2425 ἐκφαίνειν
372 2384 479 2425 λεχθείη
497 2384 541 2414 διὰ
558 2386 606 2420 τῆς
620 2384 741 2424 ἰατρικῆς
763 2382 805 2413 τέ-

889 2394 907 2414 er
917 2385 1023 2413 medica
1043 2384 1189 2421 pharmace
1206 2384 1331 2413 redditur
1341 2385 1471 2420 deterior,
1492 2386 1595 2413 malam
1611 2386 1654 2414 sui

19 2438 92 2467 χνηι,
106 2432 141 2464 ὥς
156 2429 195 2469 μὴ
210 2429 396 2471 ὠφελούμενον
420 2430 466 2460 ὑπ’
486 2430 578 2466 absit.

889 2430 1050 2458 ibitudinem
1075 2437 1124 2466 per
1150 2429 1284 2458 medicam
1319 2434 1406 2458 artem
1427 2430 1567 2459 declarare
1598 2430 1654 2459 dici

861 2479 954 2512 queat,
967 2482 1032 2503 cum
1045 2483 1078 2503 ex
1092 2482 1123 2503 ea
1137 2474 1202 2502 nihil
1213 2474 1335 2511 juvetur.

897 2520 989 2548 Vsus.
1021 2522 1065 2548 Μ.
1090 2531 1102 2545 ι
1120 2519 1231 2548 Scimus
1245 2519 1319 2548 enim
1347 2519 1420 2556 quod
1448 2519 1489 2547 lex
1511 2519 1657 2556 spiritualis

861 2564 906 2599 sit,
921 2572 973 2601 ego
989 2567 1086 2592 autem
1110 2564 1222 2598 carnali,
1239 2562 1412 2592 venundatus
1433 2564 1486 2592 sub
1502 2568 1624 2600 peccato.
1650 2575 1662 2588 ι

865 2609 935 2646 Quia
955 2609 1072 2643 dixerat,
1097 2609 1172 2645 quod
1182 2609 1242 2645 jam
1257 2617 1305 2645 per
1326 2608 1490 2637 mandatum
1518 2611 1659 2644 peccatum

863 2654 1002 2690 apparuit,
1014 2661 1050 2682 ne
1078 2653 1216 2682 arbitreris
1239 2654 1328 2690 legem
1347 2661 1458 2682 causam
1472 2660 1531 2681 esse
1546 2653 1661 2689 peccati,

864 2698 987 2728 defendit
1001 2705 1074 2734 eam,
1096 2706 1245 2727 commune
1275 2698 1438 2734 suffragium
1462 2697 1614 2733 proferens,
1637 2705 1670 2726 ac

864 2744 981 2773 dicens:
997 2755 1011 2769 ι
1037 2743 1176 2772 Novimus
1203 2743 1278 2780 quod
1306 2743 1348 2772 lex
1361 2742 1513 2779 spiritualis
1535 2745 1598 2778 est;
1614 2753 1627 2767 ι
1645 2742 1673 2771 id

55 2520 198 2561 ιοῐδαμεν
222 2520 290 2562 γὰρ,
312 2521 352 2551 ὅτι
376 2523 390 2551 ὁ
406 2520 485 2560 νόμος
511 2519 691 2559 πνευματικός
717 2520 806 2549 ἐστιν·

21 2564 66 2603 ἐγὼ
81 2565 108 2595 δὲ
127 2567 255 2606 σαρκικός
278 2567 351 2605 εἶμι,
368 2565 555 2606 πεπραγμένος
579 2564 631 2594 ὕπὸ
654 2563 701 2600 τὴν
717 2563 808 2604 ἆμαρ-

22 2609 83 2640 τίαν.
99 2622 115 2639 ι)
132 2611 247 2647 Ἐπειδὴ
272 2606 360 2648 εἶπεν,
385 2610 425 2640 ὅτι
449 2610 500 2647 ἤδη
528 2608 571 2639 διὰ
593 2611 640 2645 τῆς
664 2609 769 2644 ἐντολῆς
791 2609 809 2644 ἣ

22 2652 130 2694 ἆμαρτία
158 2656 260 2696 (priva,
283 2655 328 2685 ἵνα
349 2655 387 2695 μὴ
414 2655 525 2694 νομίσῃς
548 2654 593 2684 τὸν
620 2653 700 2693 νόμον
726 2653 810 2682 αἴτιον

22 2699 125 2738 ταύτης,
159 2701 331 2741 ἀπολογεῖται
356 2700 422 2740 ὑπὲρ
452 2700 553 2736 αὐτοῦ,
580 2699 670 2735 κοινὴν
694 2697 810 2739 ἐκφέρων

22 2744 116 2785 ψῆφον,
129 2745 178 2775 καὶ
192 2745 277 2786 λέγων
293 2755 301 2762 ·
321 2759 334 2773 α
358 2744 480 2785 Οἴδαμεν
499 2744 540 2774 ὅτι
560 2745 575 2775 ὁ
590 2743 669 2783 νόμος
687 2754 812 2782 πνευμα-

718 2795 815 2826 Variae
825 2795 985 2836 lectiones.

56 2841 76 2860 ³³
97 2843 149 2872 ἅνω
176 2853 205 2874 o.
242 2845 265 2863 ³³
288 2843 458 2881 πεφανέρωται
481 2851 521 2873 m.
559 2842 582 2860 ⁸⁵
606 2841 758 2879 ὑφισταμένη
783 2849 811 2871 o.
850 2840 873 2859 ⁸⁵
901 2839 1072 2878 λογιζομένη
1099 2847 1126 2869 o.
1166 2839 1189 2856 ⁸⁸
1214 2837 1314 2875 ἴσχυσεν
1340 2845 1380 2866 m.
1418 2837 1439 2855 ⁸⁷
1454 2838 1622 2875 φανερώτερον
1647 2846 1676 2867 m

27 2881 47 2901 ιε
61 2883 135 2921 ἅγιος.
175 2885 199 2903 ³ο
211 2884 227 2919 ἡ
240 2885 267 2913 δι
281 2893 308 2915 ο.

158 2931 280 2961 ΡΔτιιοι..
301 2931 355 2961 Gn.
376 2930 484 2960 CXXIV.

1527 2925 1560 2955 ﬂ
