1901 3077
241 154 294 182 427

747 152 1001 183 THEOPHYLACTI
1020 152 1200 182 BULGARLE
1218 150 1375 181 ARCHIEP.

1840 151 1884 179 £22;

240 217 315 245 cnim
330 221 371 245 est
383 217 412 245 in
426 216 564 251 confesso,
578 224 628 245 nec
642 217 760 253 cuipiam
774 217 936 246 obscurum.
958 218 1031 245 Tan-

1128 216 1164 250 ιός
1185 217 1266 246 ἐστιν.
1291 214 1512 255 Ὡμολογημένον
1536 214 1588 254 γάρ
1612 216 1670 244 ἐστι
1690 217 1784 249 τοῦτο,
1810 216 1884 253 φηςι,

240 268 300 292 tum
315 263 389 291 enim
404 263 483 291 abest
496 267 526 290 ut
539 262 580 290 lex
593 262 629 290 sit
650 270 733 290 causa
748 263 863 298 peccati,
876 267 908 290 ut
931 262 1038 290 virtutis

240 308 332 344 potius
358 307 393 335 sit
407 307 580 343 praeceptrix,
606 307 719 343 vitiique
742 307 851 335 inimica
868 311 894 335 et
913 307 968 343 5o
990 307 1039 336 ho-

240 353 290 380 stis
311 362 317 380 ε
334 352 388 380 hoc
403 353 477 380 enim
501 357 543 380 est
562 352 637 388 quod
660 352 709 386 ait,
741 363 754 376 σι
769 352 920 388 Spiritualis
943 356 996 380 est.
1022 362 1036 377 ι)

245 397 328 426 Unde
339 397 423 433 igitur
438 401 582 433 peccatum
598 401 714 425 enatum
727 401 779 432 est,
807 397 828 425 si
854 397 896 425 lex
910 400 971 425 tam
985 396 1038 424 mi-

245 442 331 470 randa
358 442 394 470 sit
411 442 596 478 magistra?A
621 441 820 478 discipulorum
856 440 983 470 socordia
1010 444 1038 470 et

242 487 437 516 imbecillitate.
452 499 464 511 «
474 487 531 524 Ego
544 499 556 512 ιι
567 486 654 521 enim,
669 487 769 522 inquit,
780 496 795 513 ιι
808 486 924 515 carnalis
937 494 1009 520 sum,
1023 497 1035 511 ιι

243 531 295 560 hoc
309 536 360 567 est,
381 532 506 560 universa
534 531 657 560 humana
678 535 790 565 natura,
811 539 874 560 cum
896 539 959 568 quae
973 535 1038 560 ante

243 577 375 606 sancitam
390 577 489 613 legem,
513 580 575 605 tum
603 584 665 613 quae
679 580 805 613 tempore
825 576 902 613 legis,
927 576 1038 604 univer-

243 629 303 650 sam
326 621 476 650 affectuum
501 621 614 650 turbam
646 621 700 649 sibi
725 625 900 658 aggregatam
930 620 1036 650 habuit.

243 667 306 695 Non
320 666 393 695 enim
407 670 514 694 tantum
533 666 662 694 mortales
678 665 741 694 facti
762 674 860 694 sumus
885 674 918 694 ex
936 665 1039 693 Adami

244 711 475 748 praevaricatione,
489 718 585 739 verum
604 711 688 739 etiam
707 710 825 739 affectus
833 718 931 747 pravos
940 714 1038 738 natura

244 756 366 792 recepit,
385 756 435 784 sub
452 759 563 792 peccato
584 755 697 784 vendita
722 759 749 783 et
763 755 791 783 in
813 756 973 784 servitutem
999 763 1039 784 re-

243 800 332 834 dacta,
348 800 385 828 ita
400 805 433 828 ut
446 809 479 829 ne
490 804 572 836 caput
587 800 698 836 quidem
709 800 813 836 erigere
834 803 929 836 queat.

278 846 367 873 Vsus.
394 847 436 873 15.
454 856 466 869 σι
490 844 569 880 Quod
582 845 656 873 enim
671 852 780 880 operor,
803 856 816 869 ι
831 844 930 880 inquit,
951 855 964 868 ι
980 851 1037 871 non

244 890 374 926 intelligo.
392 901 404 915 ν
418 891 481 918 Non
496 889 672 926 amnigenam
687 889 730 916 hic
750 889 934 925 ignorantiam
958 888 1036 916 dicit.

242 935 269 963 Si
296 935 370 963 enim
394 942 428 962 ex
443 934 597 970 ignorantia
620 934 778 970 peccabant,
799 933 939 970 quomodo
964 933 1038 961 dein-

241 987 305 1016 ceps
320 979 522 1015 puniebantur?
535 978 589 1008 Sed
602 979 667 1015 quid
680 979 716 1007 ait
725 980 736 1007 i’
746 979 878 1007 Tenebris
898 978 1038 1014 obsepior,

243 1024 298 1053 huc
310 1024 375 1052 illuc
384 1024 486 1060 rapior,
500 1032 551 1052 nec
565 1023 707 1060 quomodo
720 1031 766 1052 me
782 1027 925 1059 peccatum
938 1023 1038 1060 rapiat,

243 1069 317 1098 novi.
329 1070 422 1105 Quare
440 1077 504 1097 cum
517 1069 565 1103 ait,
583 1080 596 1094 α
612 1070 675 1097 Non
695 1069 769 1103 novi,
782 1079 795 1093 ιο
818 1068 892 1097 haud
911 1068 1040 1104 ignoran—

243 1114 311 1142 tiam
325 1114 364 1142 rei
374 1113 488 1150 agendaa
502 1113 616 1148 indicat,
640 1113 687 1142 sed
700 1113 937 1141 circumstantiam
951 1116 979 1140 et
993 1112 1038 1139 in-

243 1158 326 1187 sidias
336 1166 369 1186 ac
386 1158 577 1195 deceptionem
595 1162 623 1186 et
643 1161 766 1194 raptum.
796 1158 859 1186 Haec
876 1161 970 1185 autem
980 1165 1041 1185 om-

243 1203 288 1232 nia
295 1203 329 1232 de
337 1203 504 1232 mortalibus
512 1203 559 1239 qui
576 1206 640 1231 ante
653 1202 754 1231 Christi
768 1202 796 1230 in
807 1210 920 1231 carnem
934 1203 1038 1232 adven-

242 1253 303 1277 tum
327 1247 416 1284 fuere,
437 1248 514 1283 dicit,
537 1247 644 1276 etiamsi
665 1247 803 1284 propriam
820 1255 966 1284 personam
990 1256 1039 1285 po-

242 1293 339 1322 suerit.

278 1347 293 1365 α
306 1339 368 1367 Non
381 1338 456 1366 enim
475 1337 551 1374 quod
563 1337 637 1371 volo,
652 1337 706 1366 hoc
721 1345 783 1374 ago.
801 1348 814 1362 ι
837 1338 889 1365 Pro
900 1344 932 1365 eo
961 1337 1037 1374 quod

241 1387 291 1418 est,
307 1384 369 1411 Non
395 1383 470 1411 enim
485 1382 561 1418 quod
576 1383 723 1410 voluerunt
748 1382 885 1416 homines,
898 1381 945 1418 qui
976 1385 1036 1410 tum

241 1428 343 1463 vixere,
356 1427 423 1455 illud
445 1430 568 1463 egerunt.
592 1428 656 1454 Non
681 1426 785 1454 inducit
804 1430 897 1454 autem
921 1426 1037 1454 necessi-

240 1477 336 1506 tatem,
364 1480 454 1508 neque
479 1471 534 1499 vim
562 1479 610 1506 per
628 1470 790 1506 hujusmodi
821 1478 973 1499 sermones.
999 1472 1037 1499 At

241 1518 306 1553 quid
318 1518 373 1546 ait?
386 1516 466 1552 Quod
481 1524 538 1544 non
562 1515 722 1550 laudabant,
747 1515 822 1552 quod
849 1523 906 1543 non
923 1516 1034 1552 recipie-

241 1562 317 1596 bant,
332 1562 405 1597 quod
424 1569 483 1589 non
508 1560 670 1596 diligebant,
699 1560 753 1588 hoc
777 1559 920 1588 faciebant.
948 1560 1036 1589 Infert

240 1607 315 1634 enim
333 1606 462 1640 deinceps
476 1613 484 1633 :

276 1662 289 1675 ι
301 1650 355 1678 Sed
378 1649 451 1686 quod
473 1648 530 1682 odi,
543 1649 597 1677 hoc
624 1648 701 1676 facio.
719 1660 732 1673 ν
758 1648 929 1684 Viden'quod
943 1657 1034 1686 neque

239 1695 306 1730 vim,
322 1703 410 1731 neque
421 1694 610 1722 necessitatem
623 1693 670 1721 hic
684 1693 784 1721 infertiI
797 1693 874 1722 Alias
884 1693 1031 1722 intulisset.

239 1739 292 1768 Sed
308 1739 381 1775 quod
393 1747 487 1775 cogor,
501 1738 555 1766 hoc
571 1746 643 1774 ago:
661 1738 722 1774 jam
735 1745 800 1766 vero
816 1746 871 1766 non
894 1738 934 1766 sic
952 1738 1032 1774 dixit,

236 1783 295 1818 sed,
313 1795 326 1808 ι
338 1783 419 1821 Quod
429 1783 484 1812 odi.
502 1795 514 1807 »ι
532 1784 623 1819 Quare
636 1782 714 1817 illud,
731 1794 744 1808 σι
766 1783 846 1818 Quod
868 1783 943 1816 nolo,
957 1794 973 1809 ››
994 1783 1033 1811 sic

236 1829 364 1866 accipias,
375 1833 407 1857 ut
418 1829 577 1864 expositum
597 1832 648 1856 est.
665 1827 812 1863 Quomodo
831 1828 912 1864 igitur
926 1828 1032 1857 contin-

234 1875 334 1911 gebant
348 1874 420 1903 mala
442 1876 454 1903 ἲ
481 1875 533 1902 Ρθι·
549 1874 747 1910 arreptionem,
768 1881 817 1910 per
845 1873 1032 1902 infirmitatem

235 1928 289 1958 qua
316 1920 478 1948 laborabant
497 1927 531 1948 ex
567 1919 790 1955 pravaricatione
813 1918 924 1947 Adami.
951 1920 1030 1947 Hanc

233 1973 316 2001 porro
333 1965 525 1993 inﬁrmitatem
541 1964 585 1992 lex
603 1963 729 2000 profecto
747 1970 845 1991 sanare
863 1971 920 1991 non
932 1963 1029 1999 potuit,

232 2009 340 2038 etiamsi
355 2009 423 2045 quid
433 2008 569 2044 agendum
589 2012 662 2036 esset
673 2007 795 2035 dictaret
811 2016 818 2035 :
834 2007 958 2036 Christus
976 2015 1026 2036 au-

232 2057 290 2082 tem
314 2052 448 2081 accedens
472 2051 590 2080 sanavit.
611 2051 667 2079 Hic
678 2051 762 2088 igitur
781 2051 915 2087 Apostolo
931 2059 1031 2088 scopus

232 2101 275 2126 est
296 2104 345 2133 per
372 2096 467 2125 omnia
490 2104 552 2132 quae
570 2095 639 2124 dixit
654 2100 682 2124 et
695 2103 758 2132 quae
773 2095 896 2124 dicturus
909 2100 961 2130 est,
980 2096 1029 2125 de-

231 2145 388 2170 monstrare
415 2141 567 2170 humanam
586 2144 714 2169 naturam
735 2140 946 2169 immedicabilia
966 2149 1027 2177 pas.

1092 261 1138 290 καὶ
1156 266 1238 290 πᾶσιν
1259 261 1441 300 ἐγνωσμένον,
1460 259 1501 289 ὅτι
1519 261 1646 289 τοσοῦτον
1666 259 1767 299 ἀπέχει
1787 261 1832 288 τοῦ
1850 260 1884 287 ai-

1091 318 1145 340 τιος
1168 301 1234 335 εἶναι
1259 307 1272 334 ὁ
1297 305 1375 344 νόμος
1401 305 1553 346 ἁμαρτίας,
1573 304 1644 334 ὥστε
1663 304 1711 333 καὶ
1733 304 1886 336 Staium;

1092 352 1186 390 ἀρετῆς
1202 351 1274 389 ἔστι,
1291 351 1337 380 καὶ
1364 349 1460 384 κακίας
1487 349 1612 390 πολέμιος
1627 361 1635 368 ·
1663 352 1742 378 τοῦτο
1769 349 1821 388 γὰρ
1846 350 1885 383 το,

1093 409 1104 422 α
1123 395 1316 434 Πνευματικός.
1335 408 1347 421 ι
1367 394 1451 424 Πόθεν
1477 389 1521 423 οὖν
1539 397 1555 430 ἡ
1576 394 1697 434 ἁμαρτία
1715 394 1841 433 γέγονεν,
1871 394 1888 422 εί

1093 440 1162 470 οὕτω
1182 439 1333 479 θαυμαστός
1347 441 1418 470 ἐστιν
1433 441 1447 469 ὁ
1471 439 1649 474 διδάσκαλοςς
1675 439 1759 479 Παρὰ
1775 439 1825 475 τὴν
1843 440 1888 468 τῶν

1093 487 1217 524 μαθητῶν
1234 484 1364 526 ρᾳθυμίαν
1375 484 1421 514 καὶ
1437 483 1585 514 ἀσθένειαν.
1599 497 1612 510 α
1625 482 1701 523 Ἐγὼ
1712 497 1723 509 ι
1740 483 1808 523 γὰρ,
1822 483 1897 524 φησί,

1093 543 1105 556 ι
1121 529 1244 569 σαρκικός
1254 531 1321 568 εἶμι,
1332 543 1344 555 ιι
1359 528 1508 565 τουτέστιν,
1521 531 1539 564 ἦ
1552 527 1706 568 ἀνθρωπίνη
1717 533 1796 558 πᾶσα
1811 528 1888 568 φύσις,

1092 574 1110 611 ἥ
1124 586 1153 604 τε
1168 574 1219 614 πρὸ
1228 574 1308 613 νόμον
1318 598 1326 614 ,
1341 574 1385 604 καὶ
1396 575 1413 610 ἡ
1429 574 1456 603 ἐν
1470 574 1544 614 νόμῳ
1555 595 1564 610 ,
1576 573 1666 602 πάντα
1686 573 1731 602 τὸν
1747 573 1831 612 ὄχλον
1844 576 1886 602 τῶν

1092 621 1183 649 παθῶν
1194 619 1386 659 ἔπεισαχθέντα
1405 620 1473 659 αὐτῇ
1495 618 1585 658 ἔσχεν.
1601 618 1642 648 Οὖ
1657 617 1710 657 γὰρ
1733 617 1816 656 μόνον
1835 620 1888 654 θνη-

1093 664 1133 693 τοὶ
1148 664 1291 704 γεγόναμεν
1313 664 1343 693 ἐκ
1357 665 1403 699 τῆς
1429 662 1608 703 παραϐάσεως
1627 664 1673 691 τοῦ
1690 662 1780 700 Ἀδὰμ
1793 685 1802 696 ,
1826 663 1888 691 ἆλλέί

1092 708 1138 738 καὶ
1164 711 1180 743 ἡ
1198 707 1274 749 φύσις
1299 708 1405 742 ἐδέξατο
1428 707 1462 738 τὰ
1487 707 1578 743 πάθη,
1603 709 1738 747 πραθεῖσα
1764 706 1818 736 ὑπὸ
1847 708 1889 742 τὴν

1093 752 1238 794 ἁμαρτίαν,
1248 753 1293 783 καὶ
1304 752 1382 789 δούλη
1393 751 1532 793 γενομένη,
1542 750 1612 781 ὥστε
1620 773 1629 789 ,
1639 751 1708 791 μηδὲ
1717 751 1745 771 ⁴⁰
1756 752 1889 792 ἀνακύψαι

1093 798 1230 829 δύνασθαι.

1132 857 1145 870 ι
1156 843 1194 874 ⁶Ο
1205 843 1256 882 γὰρ
1268 843 1476 884 κατεργάζομαι,
1491 857 1503 869 ιι
1515 841 1606 882 φησὶν,
1616 842 1664 871 «οὗ
1675 840 1817 881 γινώσκω.
1832 855 1845 868 ι
1855 844 1889 873 Οὔ

1054 900 1078 931 Β
1093 888 1140 925 τὴν
1153 890 1270 924 παντελῆ
1287 888 1395 927 ἄγνοιαν
1416 888 1528 917 ἐνταῦθά
1541 899 1630 928 φησιν.
1651 888 1683 917 Εἰ
1699 886 1753 927 γὰρ
1768 889 1891 926 ἀγνοοῦν-

1091 946 1134 968 τες
1167 934 1335 974 ἡμάρτανον,
1359 935 1416 968 πῶς
1443 933 1534 963 λοιπὸν
1564 933 1737 974 ἐκολάζοντο;
1767 933 1851 963 Ἀλλὰ
1868 935 1889 962 τί

1093 991 1158 1020 φησι
1169 994 1175 1015 ς
1188 972 1374 1017 ἺΣκοτοῧμαι,
1391 978 1611 1017 συναρπάζομαι,
1626 978 1675 1007 οὐκ
1691 972 1767 1014 οἶδα,
1783 980 1843 1012 πῶς
1861 990 1888 1016 με

1093 1024 1278 1064 συναρπάζειὴ
1295 1024 1427 1063 ἁμαρτία.
1443 1022 1528 1053 Ὥστε
1543 1023 1584 1061 τὸ,
1596 1036 1608 1049 α
1620 1022 1810 1062 Οὖ’γινὼσκω,
1825 1037 1837 1049 ι
1848 1024 1889 1053 οὐκ

1092 1068 1200 1108 ἄγνοιαν
1216 1068 1336 1109 ἐμφαίνει
1351 1070 1396 1098 τοῦ
1412 1067 1546 1108 πρακτέου
1566 1067 1602 1104 “,
1618 1067 1688 1096 ἀλλὰ
1710 1068 1886 1106 περίστασιν,

1092 1113 1138 1143 καὶ
1153 1112 1306 1151 ἐπιϐουλὴν,
1327 1113 1373 1142 καὶ
1387 1113 1495 1148 ἀπάτην
1509 1135 1518 1150 ,
1533 1113 1577 1142 καὶ
1593 1112 1782 1153 συναρπαγήν.
1797 1113 1890 1143 Tui}?!

1092 1157 1120 1187 δὲ
1131 1158 1219 1188 πάντα
1241 1157 1303 1198 περὶ
1316 1159 1369 1187 τῶν
1388 1157 1440 1197 πρὸ
1460 1159 1508 1193 τῆς
1533 1157 1678 1196 ἐπιδημίας
1699 1159 1746 1186 τοῦ
1772 1158 1889 1198 Χριστοῦ

1092 1202 1237 1243 ἀνθρώπων
1250 1202 1340 1242 λέγει,
1357 1202 1381 1232 εἰ
1404 1201 1450 1231 καὶ
1464 1201 1494 1232 τὸ
1519 1204 1616 1232 οἰκεῖον
1639 1201 1784 1243 πρόσωπον
1810 1204 1889 1232 τέθει-

1091 1259 1136 1277 κιν
1141 1272 1147 1277 .

1133 1349 1147 1367 σ
1164 1339 1205 1368 Οὖ
1218 1336 1270 1378 γὰρ
1288 1337 1302 1368 ὃ
1316 1337 1401 1376 θέλω,
1414 1340 1491 1367 τοῦτο
1510 1337 1636 1378 πράσσω.
1654 1350 1668 1364 ι
1679 1337 1753 1367 Ἀντὶ
1769 1341 1836 1376 τοῦ,
1852 1340 1887 1369 0.5

1089 1381 1140 1423 γὰρ
1156 1382 1171 1412 ὃ
1186 1383 1278 1419 ἤθελον
1295 1384 1319 1412 οἱ
1334 1382 1394 1413 τότε
1409 1383 1561 1423 ἄνθρωποι,
1576 1385 1654 1412 τοῦτο
1669 1382 1817 1423 ἔπραττον.
1835 1385 1888 1414 Οὗιι

1090 1428 1208 1468 ἀνάγκην
1223 1427 1250 1457 δὲ
1266 1428 1384 1468 εἰσάγει,
1407 1427 1466 1458 οὐδὲ
1483 1427 1543 1468 βίαν
1560 1427 1603 1457 διὰ
1627 1429 1678 1457 τῶν
1695 1428 1828 1458 τοιούτων
1852 1430 1889 1458 λόο

1089 1485 1151 1512 γων.
1169 1473 1250 1503 Ἀλλὰ
1265 1472 1292 1502 τί
1304 1484 1399 1513 φησιν,
1418 1472 1488 1502 Ἀντὶ
1507 1475 1570 1508 τοῦ,
1592 1471 1657 1511 ὃμὴ
1675 1473 1802 1512 ἐπῄνουν,
1819 1473 1835 1502 ὃ
1855 1473 1887 1509 μή

1090 1517 1266 1558 ἀπεδέχοντο,
1290 1516 1305 1547 ὃ
1320 1517 1358 1557 μὴ
1381 1517 1512 1557 ἠγάπων,
1533 1520 1612 1548 τοῦτο
1634 1516 1740 1547 ἐποίουν
1757 1529 1765 1536 ·
1794 1518 1887 1557 ἐπάγει

1054 1573 1076 1606 c
1090 1562 1140 1603 γὰρ
1155 1562 1258 1604 ἐφεξῆς·

1132 1659 1148 1678 α
1169 1648 1246 1679 Ἀλλὰ
1261 1647 1275 1678 ὃ
1290 1649 1377 1687 μισῶ,
1393 1649 1470 1678 τοῦτο
1482 1648 1562 1678 ποιῶ.
1581 1660 1593 1674 ιο
1609 1646 1710 1688 Ὁρᾷς,
1727 1646 1769 1677 ὅτι
1781 1648 1811 1677 οὗ
1830 1648 1886 1688 βίαν

1087 1692 1203 1732 εἰσάγει,
1225 1691 1284 1723 οὐδὲ
1310 1692 1444 1733 ἀνάγκην,
1469 1692 1610 1732 Ἐπήγαγε
1634 1692 1685 1732 γὰρ
1701 1691 1751 1729 ἂν,
1779 1692 1857 1722 Ἀλλ’
1877 1694 1889 1722 δ

1088 1738 1287 1778 ἀναγκάζομαι,
1309 1740 1386 1767 τοῦτο
1409 1737 1532 1777 πράσσω.
1550 1739 1605 1767 Νῦν
1625 1737 1651 1766 δὲ
1672 1737 1723 1776 οὐχ
1743 1737 1833 1771 οὕτως
1856 1735 1889 1767 εἷ-

1086 1794 1145 1818 πεν⁷
1161 1782 1230 1820 ἀλλ’,
1244 1796 1257 1810 ι
1266 1782 1304 1813 ⁸0
1320 1784 1401 1821 μισῶ.
1411 1796 1422 1808 ι
1432 1780 1518 1812 Ὥστε
1528 1782 1567 1817 τὸ,
1582 1796 1595 1809 ιι
1603 1781 1642 1812 ⁸0
1653 1782 1682 1811 οὖ
1699 1783 1778 1819 θέλω,
1795 1783 1889 1812 ιοῧτω

1084 1827 1197 1866 νοήσεις,
1221 1828 1256 1860 ὡς
1278 1826 1418 1867 ἐξελήφθη.
1442 1827 1505 1860 Πῶς
1529 1822 1574 1856 οὖν
1590 1826 1709 1866 ἐγένοντο
1737 1826 1772 1856 τὰ
1797 1828 1890 1864 κακάς

1088 1872 1164 1902 Κατὰ
1189 1871 1376 1911 συναρπαγὴν,
1402 1870 1471 1901 κατὰ
1495 1870 1649 1908 ἀσθένειαν,
1666 1871 1698 1907 ἣν
1725 1871 1807 1911 ἔσχον
1837 1873 1891 1902 ἀπὸ

1083 1919 1131 1954 τῆς
1144 1917 1322 1957 παραϐάσεως
1336 1919 1383 1946 τοῦ
1398 1916 1493 1955 Ἀδάμ.
1510 1915 1621 1952 Ταύτην
1637 1915 1665 1945 δὲ
1680 1915 1730 1953 τὴν
1746 1916 1891 1947 ἀσθένειαν

1083 1964 1098 1991 ὁ
1112 1960 1161 2000 μὲν
1179 1961 1258 2000 νόμος
1278 1962 1326 1990 οὐκ
1346 1961 1456 2001 ἴσχυσεν
1479 1960 1624 2000 ἰάσασθαι,
1649 1960 1737 1990 καίτοι
1756 1961 1790 1990 τὸ
1813 1973 1890 2001 πρα-

1083 2006 1159 2035 κτέον
1174 2005 1353 2046 ὑπαγορεύων·
1364 2008 1378 2036 ὁ
1393 2005 1420 2036 δὲ
1442 2005 1558 2046 Χριστὸς
1574 2005 1656 2035 ἐλθὼν
1673 2005 1780 2037 ἰάσατο.
1797 2002 1891 2041 οὗτος

1083 2046 1129 2092 οὖν
1143 2052 1213 2080 ἐστιν
1231 2050 1357 2092 ὁᾲσκοπὸς
1372 2052 1410 2092 τῷ
1426 2049 1581 2090 Ἀποστόλῳ
1601 2050 1645 2079 διὰ
1660 2050 1780 2084 πάντων,
1802 2046 1844 2080 ὧν
1860 2064 1889 2081 τι

1083 2090 1170 2133 εἶπεν,
1186 2095 1232 2125 καὶ
1244 2090 1280 2125 ὧν
1295 2090 1508 2134 μίλλειᾶπεῖν,
1530 2094 1560 2124 τὸ
1575 2094 1657 2130 δεῖξαι
1677 2094 1726 2131 τὴν
1746 2096 1891 2135 ἀνθρωπί-

1081 2152 1129 2176 νην
1143 2139 1220 2181 φύσιν
1237 2139 1331 2170 ἀνίατα
1346 2142 1498 2176 παθοῦσαν,
1520 2139 1567 2169 καὶ
1589 2140 1640 2180 οὐχ
1661 2140 1714 2170 ὑπὸ
1738 2139 1822 2171 ἄλλου
1842 2142 1887 2171 ἰα-

231 2194 302 2221 sam,
317 2194 368 2215 nec
394 2186 429 2215 ab
443 2186 499 2214 ullo
519 2186 572 2214 alio
597 2185 708 2214 sanitati
720 2186 889 2220 restitutam,
913 2190 1028 2222 praeter-

1128 2197 1187 2224 ταν,
1205 2185 1222 2222 ἢ
1237 2185 1263 2204 ⁴²
1279 2185 1329 2215 ὑπὸ
1342 2189 1388 2216 τοῦ
1403 2185 1528 2226 Χριστοῦ.

231 2239 313 2269 quam
324 2239 340 2260 a
352 2231 412 2260 solo
425 2231 546 2260 Christo.

265 2279 354 2306 Vsns.
369 2280 413 2305 16.
426 2287 439 2301 ι
450 2276 480 2305 Si
494 2280 587 2304 autem
597 2275 672 2312 quod
680 2275 755 2309 nolo,
770 2274 847 2303 istud
861 2274 942 2310 facio,
957 2283 1026 2304 con-

229 2322 316 2350 sentio
331 2322 383 2357 legi
402 2321 476 2358 quod
498 2321 573 2349 bona
586 2324 638 2348 est.
662 2331 676 2345 ν
695 2320 777 2356 Quod
800 2319 874 2348 bona
898 2320 934 2348 sit
970 2320 1024 2354 lex,

229 2365 293 2394 inde
316 2370 432 2400 constat,
452 2365 528 2402 quod
553 2365 616 2394 novi
629 2365 791 2393 naturaliter
803 2364 869 2402 quid
886 2363 1023 2401 agendum

228 2411 273 2444 sit,
298 2415 325 2439 et
338 2418 395 2439 non
415 2418 479 2440 sum
501 2415 596 2440 mente
619 2415 778 2447 corruptus,
801 2410 909 2438 etiamsi
925 2409 1024 2438 vitium

228 2463 388 2492 prosequor.

263 2501 353 2529 Vens.
367 2503 458 2535 17,18.
469 2512 482 2525 α
495 2501 577 2528 Nunc
588 2504 681 2529 autem
689 2499 750 2536 jam
760 2507 815 2527 non
830 2506 930 2534 operor
943 2499 1023 2534 illud,

225 2545 273 2574 sed
296 2545 372 2582 quod
403 2545 508 2573 habitat
534 2546 561 2573 in
596 2553 642 2573 me
656 2548 809 2581 peccatum.
836 2544 906 2572 Novi
929 2548 1024 2573 autem

225 2590 298 2627 quod
312 2599 367 2619 non
380 2590 483 2618 habitet
497 2590 526 2618 in
541 2597 596 2623 me,
611 2590 663 2618 hoc
685 2594 727 2618 est
741 2589 769 2617 in
781 2597 864 2618 carne
880 2597 952 2623 mea,
975 2589 1024 2617 bo-

225 2643 306 2665 num.
323 2645 339 2664 ››
365 2637 428 2664 Νοιι
457 2634 527 2664 dixit
540 2634 615 2672 quod
631 2642 696 2664 caro
723 2634 789 2663 illud
814 2639 954 2671 operetur,
974 2634 1022 2663 sed

225 2687 238 2701 ι
252 2681 406 2713 peccatum,
419 2687 434 2702 ι
453 2675 507 2704 hoc
516 2679 557 2704 est
569 2676 674 2712 peccati
696 2675 820 2713 tyrannis
840 2683 885 2704 me
900 2674 1020 2711 rapiens.

1124 2279 1138 2297 α
1156 2268 1190 2298 Εἰ
1211 2266 1238 2297 δὲ
1252 2266 1266 2297 ὃ
1282 2268 1310 2297 οὔ
1326 2267 1410 2304 θέλω,
1427 2269 1504 2298 τοῦτο
1518 2268 1598 2305 ποιῶ,
1614 2265 1742 2310 σύμφημέ
1752 2269 1792 2308 τῷ
1807 2268 1887 2310 νόμῳ

1079 2313 1120 2342 δτι
1134 2311 1225 2346 καλός.
1239 2325 1251 2338 ι-
1262 2312 1329 2342 "Ou
1344 2313 1422 2346 καλὸς
1437 2313 1451 2341 ὁ
1464 2312 1558 2351 νόμος,
1575 2312 1653 2349 δῆλον
1675 2307 1702 2346 ἐξ
1716 2307 1753 2342 ὧν
1766 2307 1814 2342 καὶ
1830 2307 1887 2343 d6.—

1079 2357 1124 2391 τὸς
1145 2352 1204 2386 οῖδα
1227 2359 1343 2398 φυσικῶς
1363 2356 1394 2387 τὸ
1419 2358 1570 2397 πρακτέον,
1594 2356 1641 2387 καὶ
1667 2357 1698 2387 οὗ
1717 2357 1886 2399 διέφθαρμαι

1079 2401 1128 2439 τὴν
1141 2401 1249 2442 γνώμην
1265 2402 1301 2440 ⁴³,
1315 2403 1338 2431 εἶ
1351 2401 1397 2431 καὶ
1413 2401 1460 2438 τὴν
1475 2403 1572 2431 κακίαν
1585 2401 1764 2443 μετέρχομαι.

1123 2500 1138 2518 ‹
1155 2490 1211 2520 Νῦν
1236 2489 1262 2518 δὲ
1279 2489 1365 2518 οὐκέτι
1387 2486 1440 2528 ἐγὼ
1463 2487 1659 2528 κατεργάζομαι
1675 2487 1758 2526 αὐτὸ,
1782 2488 1846 2518 ἀλλ’
1865 2492 1883 2525 ἡ

1080 2535 1188 2565 οἰκοῦσα
1207 2534 1234 2563 ἐν
1254 2533 1314 2572 ἐμοὶ
1337 2533 1468 2573 ἁμαρτία.
1493 2527 1562 2563 Οἶδα
1588 2532 1615 2562 δὲ
1638 2533 1678 2562 ὅτι
1701 2534 1751 2562 οὒκ
1766 2534 1835 2563 οἰκεῖ
1853 2535 1882 2563 ἐν

1078 2580 1154 2618 ἐμοὶ,
1167 2577 1317 2614 τουτέστιν,
1333 2579 1359 2608 ἐν
1374 2580 1407 2616 τῇ
1423 2577 1503 2617 σαρκί
1517 2589 1568 2615 μου
1578 2600 1586 2614 ,
1606 2577 1715 2616 ἀγαθόν.
1730 2588 1744 2606 1)
1765 2579 1827 2608 Οὔκ
1843 2573 1885 2608 εἷς

1078 2635 1126 2654 πεν
1140 2623 1180 2653 ὅτι
1195 2625 1212 2660 ἡ
1229 2621 1294 2662 σὰρξ
1309 2622 1374 2652 αὐτὸ
1388 2623 1598 2663 κατεργάζεται,
1613 2623 1687 2661 ἀλλ’,
1707 2634 1721 2651 ‹
1739 2621 1775 2653 Ἣ
1789 2623 1884 2664 ἆμαρ-

1077 2668 1138 2708 τία,
1160 2679 1176 2699 ι)
1191 2667 1344 2707 τουτέστιν,
1361 2668 1379 2703 ἡ
1405 2669 1452 2704 τῆς
1473 2666 1606 2708 ἁμαρτίας
1629 2667 1750 2708 τυραννὶς
1777 2679 1883 2710 συναρ-

910 2743 1006 2773 Variae
1027 2742 1178 2773 lectiones.

259 2812 281 2830 ⁴⁰
294 2812 350 2840 οὖδὲ
365 2820 391 2842 o.
431 2812 451 2830 ⁴¹
471 2812 616 2848 πράγματος
625 2819 652 2840 ο.
690 2810 713 2829 ⁵³
727 2810 786 2838 ἀλλ’
798 2819 825 2840 ο.
863 2810 886 2828 ⁸⁸
899 2811 931 2848 τῇ
941 2811 1032 2847 γνώμῃ
1045 2817 1072 2838 o.
