1901 3077
10 199 47 226 429
426 195 600 224 EXPOSITIO
621 195 655 224 IN
674 193 777 223 EPIST.
798 195 844 223 AD
863 194 946 223 ROM.
966 209 1001 215 ——
1024 195 1098 222 CAP.
1120 195 1174 223 νη.

1568 197 1619 225 430

9 260 104 296 πάζουσά
127 271 168 299 με.
201 256 288 290 ’Ὥστε
316 258 343 288 τί
367 260 528 299 φλυαροῦσιν
556 259 580 289 οἱ
607 258 656 294 τὴν
681 257 769 298 σάρκα

864 258 897 286 ιίἁ
912 257 997 294 igitur
1017 257 1060 286 hic
1075 261 1213 294 nugantur
1232 260 1260 285 et
1272 257 1417 292 ganniunt,
1446 258 1492 294 qui
1506 266 1617 287 carnem

10 305 177 339 διαϐάλλοντες,
192 305 237 334 καὶ
255 304 303 340 τὴν
317 307 363 334 τοῦ
378 305 449 334 Θεοῦ
463 304 636 344 δημιουργίαν
648 303 672 320 ⁴⁴
688 304 768 332 ἀλλο-

8 353 124 391 τριοῧντεςῖ
137 349 188 380 Καὶ
203 350 275 386 πῶς,
291 349 373 390 φασὶ,
387 348 477 388 λέγει,
501 347 541 377 ὅτι
557 363 568 375 ιι
584 350 641 378 Οὖκ
662 350 728 378 οἳκεῖ
743 349 769 378 ἐν

8 395 69 433 ἐμοὶ,
81 394 220 431 τουτέστιν,
236 395 262 423 ἐν
332 393 412 434 σαρκί
427 405 495 432 μου,
513 393 628 434 ἆγαθόν;
643 407 655 420 ι
677 392 771 422 Ἄκουε

8 442 50 473 πῶς
68 438 133 469 τοῦτό
157 451 234 480 φησιν
251 450 258 457 ·
275 438 325 468 Ἐκ
347 438 393 468 δύο
409 439 423 468 ὁ
452 438 589 479 ἄνθρωπος
614 437 768 477 σύγκιιται,

8 487 74 525 ψυχῆς
96 496 121 513 τε
140 484 183 514 καὶ
205 483 303 524 σαρκός
327 495 334 503 ·
361 483 461 513 τούτων
483 483 511 513 δὲ
533 485 550 519 ἡ
577 482 625 522 μὲν
653 483 726 523 ψυχὴ
741 483 771 512 τὸ

100 528 152 568 ἔχει
177 530 203 558 ἐν
219 515 316 565 πὲσιν,
341 530 359 564 ἡ
382 528 408 558 δὲ
425 527 491 568 σὰρξ
507 515 587 564 8οέλὴ
609 515 770 557 ἐστίνίὉῦκ

9 575 57 603 οἰκεῖ
69 568 106 603 οὖν
121 574 146 602 ἐν
213 573 291 614 σαρκὶ
306 573 335 603 τὸ
349 573 446 612 ἀγαθὸν
456 595 465 609 ,
482 572 540 602 ἀντὶ
554 575 600 602 τοῦ
609 595 618 611 ,
636 573 665 602 οὖ
685 572 771 601 κεῖται

8 619 26 647 iv
38 620 64 657 τῇ
81 618 170 654 ταύτης
181 618 207 637 ⁸⁵
222 617 326 658 ἐξουσίᾳ
337 640 345 656 ,
360 618 420 647 ἀλλ’
444 618 471 647 ἐν
545 620 592 654 τῆς
613 619 712 658 ψυχῆς.
727 616 770 647 ⁶0

8 658 39 692 οὖν
51 664 133 699 ἕληται
145 665 162 699 ἡ
177 662 269 703 ψυχὴ,
292 663 377 692 ἐκεῖνο
392 661 504 702 πράττει
525 664 542 698 ἡ
567 661 644 702 σάρξ.
662 660 769 702 Ὠσπερ

8 707 23 737 ti
34 719 65 741 τις
86 706 162 745 εἴποι,
184 707 225 738 ὅτι
245 708 305 738 Οὔκ
329 706 400 737 ἔστιν
415 708 440 737 ἐν
514 706 613 747 κιθάρᾳ
631 706 661 737 τὸ
687 706 770 736 καλὸν

8 755 97 793 ιροῧμα,
111 751 203 782 ἀλλ’ἐν
224 753 262 792 τῷ
283 753 435 792 κιθαριστῇ.
461 752 502 782 Οὖ
524 751 575 792 γὰρ
589 751 637 788 τὴν
657 750 768 791 κιθάραν

8 796 131 834 ἴιαϐάλλει,
148 797 217 827 ἀλλὰ
231 796 280 833 τὴν
304 797 438 837 ὑπεροχὴν
457 798 504 827 τοῦ
519 796 643 837 τεχνίτου
660 796 723 837 πρὸς
739 796 770 826 τὸ

8 841 90 882 ὄργανον
105 842 225 873 δείκνυσι.

37 887 94 918 ιΤὸ
109 887 156 928 γὰρ
173 887 257 917 θέλειν
278 885 439 927 παράκειταί
454 898 514 926 μοι,
539 885 569 916 τὺ
591 885 618 916 δὲ
639 885 770 926 κατεργά-

8 932 111 966 {neutro
132 931 214 962 καλὸν
237 933 287 972 οὐχ
311 931 435 971 εὑρίσκω.
461 932 501 962 οὗ
517 931 568 971 γὰρ
588 930 603 961 ὃ
617 930 685 960 θέλω
699 933 767 960 ποιῶ

8 976 82 1015 ἆγιιθόν
96 986 101 991 ·
116 978 171 1007 ἀλλ’
187 975 202 1007 ὃ
217 977 246 1007 οὖ
262 977 329 1006 θέλω
346 976 428 1006 κακὸν
438 998 447 1013 ,
464 979 542 1006 τοῦτο
556 976 679 1016 πράσσω.
695 977 728 1006 Εἴ
742 975 768 1005 δὲ

8 1020 47 1050 Βοῦ
65 1022 123 1052 θέλω
143 1022 210 1061 ἐγὼ,
229 1024 306 1052 τοῦτο
324 1023 411 1060 ποιῶ,
427 1021 513 1052 οὐκέτι
532 1021 584 1061 ἐγὼ
610 1021 770 1061 κατεργάζο-

8 1078 40 1095 ιαι
53 1067 120 1105 αὐτὸ,
136 1067 223 1103 ἄλλ’-ἧ
239 1069 350 1097 οἰκοῦσα
370 1068 396 1096 ἐν
412 1067 472 1105 ἕμοὶ
490 1065 622 1105 ἁμαρτία.
639 1079 652 1093 ν
669 1065 716 1095 Ἐν
731 1067 770 1106 τῷ

8 1111 83 1149 εἰπεῖν,
96 1126 106 1138 ιι
117 1112 175 1152 Οὐχ
188 1112 321 1152 εὖρίσκω,
335 1126 346 1138 υ
364 1111 489 1152 ἐπήρειαν
505 1111 549 1140 καὶ
564 1110 709 1146 ἐπιϐουλὴν
723 1112 770 1147 τ’ἦς

8 1155 110 1197 ίμαρτίας
123 1156 243 1197 ἐνέπρηνεν
256 1169 263 1176 ·
287 1156 452 1187 ἀπαλλάττοι
466 1155 518 1196 γὰρ
535 1155 580 1186 καὶ
604 1155 653 1192 τὴν
677 1155 768 1186 οὐσίαν

8 1202 38 1236 τῆς
46 1202 122 1241 ψυιῆς
131 1225 139 1241 ,
154 1201 199 1232 καὶ
211 1202 261 1238 τὴν
273 1202 364 1231 οὗσίαν
379 1202 425 1237 τῆς
441 1201 538 1241 σαρκὸς
551 1200 718 1240 ἐγκλήματος
729 1201 768 1239 ‘5,

8 1246 72 1275 ιαὶτὺ
87 1252 135 1276 πᾶν
150 1247 193 1277 ἐπὶ
219 1246 267 1282 τὴν
289 1245 406 1286 πονηρὰν
430 1245 525 1286 πρᾶξιν
546 1245 591 1275 καὶ
617 1245 770 1286 προαίρεσιν

8 1293 100 1330 ιεθιστᾷ.
120 1291 165 1321 Ἐν
181 1290 230 1330 μὲν
243 1291 295 1331 γὰρ
309 1292 347 1331 τῷ
361 1291 454 1328 εἰπεῖν,
468 1304 480 1318 α
494 1289 533 1321 ⁶Ο
548 1291 576 1320 οὖ
599 1289 680 1327 θέλω,
694 1304 706 1316 ι
722 1289 769 1327 τὴν

8 1335 71 1375 ψυχὴν
94 1336 254 1366 ἀπαλλάττει
280 1335 447 1375 ἐγκλήματος
474 1347 482 1354 ·
504 1337 531 1365 ἕν
557 1334 585 1364 δὲ
608 1336 647 1376 τῷ
673 1336 770 1371 εἰπεῖν,

8 1380 105 1410 ιΟὺκέτι
117 1381 166 1420 ἐγὼ
185 1380 387 1421 κατεργάζομαι
403 1380 477 1418 αὐτὸ,
493 1394 506 1407 ν
524 1379 574 1416 τὴν
590 1380 678 1420 σάρκα
694 1380 770 1410 ἀδιά-

8 1423 78 1461 ἴλητον
98 1427 177 1466 τηρεῖ.
194 1426 246 1459 Τίς
268 1421 312 1455 οὖν
336 1425 366 1455 τὸ
387 1426 468 1456 κακὸν
498 1425 708 1464 κατιργάζιται;
735 1424 768 1456 Ἣ

8 1470 112 1510 ineptia,
121 1470 176 1507 ἥτις
190 1471 263 1501 ἐστὶν
272 1493 280 1507 ,
294 1472 329 1505 ὡς
348 1472 362 1500 ὁ
377 1469 568 1510 Χρυσόστομός
581 1481 678 1511 φησιν,
689 1472 707 1506 ἡ
723 1481 771 1500 πο-

8 1514 54 1554 ιηρᾶ
75 1516 223 1557 προαίρεσις
247 1516 294 1545 καὶ
318 1515 543 1556 φιλαμαρτήμων.
566 1514 645 1551 Αὕτη
671 1514 698 1544 δὲ
723 1515 771 1544 οὐκ

8 1559 46 1589 ἔστι
58 1561 240 1601 δημιούργημα
258 1561 284 1580 4⁷
299 1563 347 1590 τοῦ
361 1561 449 1598 Θεοῦ,
469 1561 528 1590 ἀλλ’
545 1559 674 1599 ἡμέτερον
696 1559 770 1595 κίνη.

822 303 1013 337 criminantur,
1032 305 1059 330 et
1074 310 1090 330 a
1105 302 1155 330 Dei
1180 301 1288 338 opiﬁcio
1316 302 1438 330 alienant
1453 302 1468 329 ?
1493 304 1527 330 Et
1547 311 1617 340 quo-

824 347 981 384 modo,51
996 348 1136 384 inquiunt,
1150 346 1188 376 ait
1203 357 1208 375 :
1225 358 1237 371 ι
1251 346 1334 383 Quod
1342 354 1398 374 non
1412 346 1515 375 habitet
1527 348 1618 376 incar-

823 400 857 421 ne
872 400 943 426 mea,
960 392 1078 421 bonum?
1093 403 1105 417 ι
1121 391 1196 420 Audi
1220 400 1274 428 qua
1289 391 1316 419 id
1331 392 1440 420 ratione
1463 391 1539 420 dicat
1555 402 1562 420 :
1578 393 1618 420 Ex

823 437 931 466 duobus
945 436 1031 465 homo
1048 436 1220 473 compositus
1243 441 1295 470 est,
1313 444 1347 464 ex
1366 436 1461 464 anima
1477 441 1506 464 et
1515 444 1598 465 carne
1612 447 1618 464 ε

822 481 924 510 horum
948 482 1077 516 alterum,
1097 481 1189 510 anima
1210 481 1345 515 videlicet,
1363 481 1512 517 imperium
1535 481 1619 510 habet

823 527 853 554 in
877 526 1028 555 omnibus:
1056 534 1121 555 caro
1149 529 1244 554 autem
1267 533 1346 554 serva
1361 529 1411 554 est.
1435 527 1497 554 Non
1513 525 1621 554 habitat

822 571 905 608 igitur
920 571 949 599 in
972 578 1054 599 carne
1074 579 1132 599 mea
1148 570 1267 605 bonum,
1282 569 1311 598 id
1325 575 1378 605 est,
1392 578 1449 598 non
1467 575 1510 599 est
1532 571 1618 599 situm

822 615 850 644 in
864 616 923 652 ejus
940 620 1087 652 potestate,
1101 615 1149 644 sed
1172 615 1315 650 infanima:
1334 615 1458 643 arbitrio.
1475 615 1619 652 Quidquid

821 660 905 697 igitur
929 661 1022 689 anima
1035 661 1156 698 elegerit,
1179 668 1244 689 caro
1270 660 1453 696 prosequitur.
1485 660 1621 695 Quemad-

821 708 937 738 modum
961 710 985 737 si
1011 709 1072 746 quis
1100 709 1189 742 dicat,
1209 710 1284 737 Bona
1306 712 1334 737 et
1349 708 1484 737 concinna
1501 709 1620 745 pulsatio

821 761 877 782 non
896 758 939 783 est
957 754 985 782 in
993 754 1109 788 cithara,
1125 753 1175 782 sed
1187 753 1215 782 in
1228 753 1397 782 citharmdo.
1412 754 1474 782 Non
1489 754 1565 782 enim
1584 754 1619 782 ci-

821 798 929 828 tharam
969 799 1165 832 calumniatur,
1191 799 1239 827 sed
1280 798 1392 827 artiﬁcis
1430 799 1619 828 excellentiam

820 843 1006 872 instrumento
1030 844 1185 880 comparati
1199 843 1332 872 ostendit.

858 889 946 917 Vens.
963 891 1056 917 18-20.
1074 889 1166 917 «Velle
1180 889 1257 917 enim
1276 889 1381 925 adjacet
1398 888 1476 923 mihi,
1490 889 1620 925 perlicere

823 937 914 961 autem
940 933 1045 962 bonum
1066 942 1122 962 non
1141 933 1260 962 invenio.
1290 935 1354 962 Non
1378 933 1452 962 enim
1462 933 1537 970 quod
1558 935 1620 962 volo

823 978 894 1007 facio
913 978 1030 1013 bonum,-
1049 978 1098 1007 sed
1132 979 1208 1015 quod
1237 978 1302 1006 nolo
1316 979 1433 1013 malum,
1449 978 1502 1007 hoc
1515 986 1575 1015 ago.
1593 980 1619 1008 Si

822 1028 917 1052 autem
929 1023 1004 1060 quod
1023 1024 1088 1052 nolo
1103 1031 1166 1060 ego,
1191 1023 1245 1051 hoc
1259 1023 1340 1057 facio,
1352 1023 1411 1060 jam
1428 1031 1484 1051 non
1496 1031 1547 1060 ego
1560 1032 1620 1060 ope-

823 1076 869 1097 ror
880 1069 957 1101 illud,
976 1068 1024 1096 sed
1038 1068 1112 1105 quod
1126 1068 1232 1097 habitat
1248 1068 1277 1096 in
1292 1076 1336 1097 me
1352 1072 1502 1104 peccatum.
1518 1080 1531 1093 ι
1547 1069 1618 1097 Cum

823 1113 872 1148 ait,
888 1125 901 1138 ι
930 1114 994 1142 Non
1015 1113 1135 1147 invenio,
1160 1123 1174 1140 ιι
1198 1113 1252 1141 vim
1267 1117 1294 1141 et
1319 1113 1429 1141 insidias
1444 1114 1550 1149 peccati
1569 1113 1620 1142 de-

823 1158 995 1186 monstravit.
1015 1157 1128 1186 Liberat
1150 1158 1225 1186 enim
1255 1165 1319 1186 eum
1352 1158 1499 1186 essentiam
1519 1158 1620 1186 anima:

823 1206 882 1230 tum
898 1203 1045 1231 essentiam
1061 1202 1151 1231 carnis
1173 1211 1190 1231 a
1204 1202 1322 1231 crimine
1337 1206 1365 1230 et
1377 1202 1558 1238 accusatione,
1577 1208 1619 1232 to-

825 1251 937 1284 tumque
964 1248 993 1276 in
1026 1255 1137 1283 pravam
1173 1247 1360 1284 operationem
1395 1252 1424 1276 et
1447 1247 1620 1276 voluntatem

824 1292 962 1321 transfert.
985 1294 1058 1321 Nam
1076 1300 1141 1320 cum
1162 1292 1236 1327 dicit,
1253 1304 1265 1317 ι
1282 1292 1362 1328 Quod
1376 1293 1451 1327 nolo,
1471 1304 1483 1318 ν
1500 1293 1620 1321 animam

824 1337 949 1366 liberata
963 1337 1078 1366 crimine
1095 1348 1101 1366 ε
1113 1345 1179 1366 cum
1201 1345 1265 1366 vero
1276 1337 1379 1372 subdit,
1397 1349 1410 1362 α
1427 1338 1489 1366 Jam
1499 1345 1556 1366 non
1570 1345 1621 1374 ego

825 1390 924 1419 operor
941 1382 1022 1417 illud,
1044 1394 1057 1407 ιο
1081 1390 1193 1411 carnem
1213 1383 1247 1411 ab
1269 1383 1443 1411 accusatione
1470 1383 1620 1411 immunem

824 1435 924 1460 servat.
950 1431 1055 1468 Ecquid
1080 1432 1164 1468 igitur
1186 1436 1228 1460 est
1252 1432 1326 1468 quod
1348 1432 1453 1460 malum
1472 1435 1621 1468 operatur?

826 1478 980 1512 Peccatum,
994 1476 1069 1513 quod
1087 1480 1138 1511 est,
1148 1477 1228 1513 juxta
1238 1477 1427 1514 Chrysostomi
1442 1477 1618 1511 sententiam,

825 1529 906 1557 prava
929 1522 1056 1550 voluntas
1075 1525 1103 1550 et
1127 1521 1256 1558 peccandi
1289 1521 1380 1550 avida.
1408 1523 1461 1550 Ista
1488 1529 1552 1550 vero
1566 1529 1621 1549 non

824 1570 867 1594 est
892 1574 963 1603 opus
980 1566 1041 1601 Dei,
1067 1566 1117 1595 sed
1148 1571 1244 1595 nostra
1264 1566 1353 1594 motio
1367 1570 1395 1594 et
1408 1565 1535 1595 affectus.
1558 1567 1621 1602 lpsa

8 1616 42 1641 sa.
63 1604 92 1636 Ἣ
108 1605 153 1644 μὲν
168 1607 222 1646 γὰρ
239 1604 330 1639 ἅπλῶς
343 1605 465 1646 βούλησις
495 1606 541 1634 τοῦ
558 1605 628 1634 Θιοῦ
642 1605 712 1633 ἐστιν
729 1602 772 1644 ιρ-

865 1602 936 1639 idem
962 1611 1122 1647 simpliciter
1146 1611 1284 1645 voluntas,
1311 1611 1364 1639 Dei
1384 1618 1453 1647 opus
1478 1615 1521 1639 est
1536 1619 1544 1638 :
1560 1610 1622 1638 talis

8 1659 37 1687 τον
50 1652 80 1685 ’ἡ
93 1650 118 1680 δὲ
130 1651 219 1680 τοιάδε
234 1650 360 1690 βούλησις
370 1673 379 1689 ,
393 1649 533 1690 ἡμέτερον,
547 1649 594 1679 καὶ
608 1651 655 1684 τῆς
662 1648 770 1688 γνώμης

8 1695 71 1732 ἱμῶν,
86 1694 195 1735 Εἴρηται
212 1695 241 1725 δὲ
258 1695 397 1736 ἀνωτέρω,
409 1694 449 1729 τίς
460 1695 531 1725 ἐστιν
543 1695 560 1730 ἡ
575 1692 713 1734 ἁμαρτία,
732 1694 771 1723 ὅτι

8 1740 15 1773 ἡ
34 1740 73 1775 τῆς
94 1740 224 1781 ἁμαρτίας
239 1739 375 1780 τυραννὶς,
399 1739 620 1781 συναρπαζούσης
641 1739 686 1769 τὸν
710 1740 770 1768 νοῦν

8 1784 62 1821 ῆμῶν
76 1784 98 1805 ⁴⁸
110 1785 150 1814 διὰ
161 1787 208 1822 τ’ῆς
225 1786 331 1822 ἡδονῆς.

34 1842 44 1855 ι
56 1829 170 1869 Εὑρίσκω
185 1830 240 1870 ἄρα
255 1829 300 1859 τὸν
313 1829 392 1869 νόμον
405 1830 444 1870 τῷ
456 1829 557 1859 θέλοντι
575 1828 634 1868 ἐμοὶ
646 1831 731 1858 ποιεῖν
743 1827 773 1857 τὸ

8 1873 86 1911 ιαλὸν,
101 1873 138 1905 ὅτι
154 1874 215 1914 ἐμοὶ
240 1874 271 1904 τὸ
285 1874 366 1904 κακὸν
384 1875 553 1915 παράκειται.
572 1885 587 1903 ι
611 1872 721 1913 Ἆσαῳὲς
744 1872 774 1902 τὸ

8 1919 132 1958 εἰρημένον,
154 1922 189 1955 ὥς
213 1921 328 1954 ἐλλιπῶς
351 1919 411 1961 ἔχον
427 1931 434 1939 ·
459 1919 511 1950 ἔδει
525 1919 577 1959 γὰρ
592 1919 661 1949 οὕτω
680 1920 775 1960 λιχθῆ-

8 1974 35 1992 ιαι
47 1975 53 1982 ·
67 1965 186 2005 Εὑρίσκω
200 1965 255 2006 ἄρα
273 1965 319 1996 τὸν
333 1964 412 2004 νόμον
428 1964 623 2005 συνηγοροῦντά
645 1975 709 2003 μοι,
732 1962 773 1993 θέ·

8 2012 58 2037 iam
70 2009 113 2048 μὶν
127 2011 210 2040 ποιεῖν
229 2009 259 2039 τὸ
274 2009 371 2046 καλὸν,
381 2009 419 2048 μὴ
433 2011 552 2039 ποιοῦντι
566 2008 594 2038 δὲ
604 2031 613 2045 ,
633 2008 700 2038 διότι
716 2006 776 2046 ἐμοὶ

8 2053 138 2093 παράκειται
162 2055 193 2085 τὸ
217 2054 314 2086 κακόν.
339 2053 378 2086 Ὃ
400 2054 428 2084 δὲ
449 2054 540 2093 λέγει,
557 2053 675 2083 τοιοῦτόν
696 2053 753 2082 ἐστι
768 2063 775 2071 ·

8 2097 48 2134 Τὴν
60 2101 149 2138 γνῶσιν
164 2103 212 2130 τοῦ
229 2100 314 2129 καλοῦ
329 2099 355 2134 ἐξ
378 2099 464 2140 ἀρχῆς
483 2097 775 2139 σνγκαταϐεϐλημίνην

8 2141 79 2183 irier
93 2144 203 2185 εὗρίσκω
218 2144 247 2174 δὲ
262 2144 308 2174 καὶ
323 2144 367 2173 τὸν
381 2144 463 2183 νόμον
480 2145 675 2184 συνηγοροῦντα
691 2142 776 2181 ταύτῃ

8 2188 38 2216 tsi
54 2190 220 2227 ἐπαινοῦντα,
235 2189 282 2219 καὶ
297 2187 365 2219 θέλω
377 2188 424 2228 μὲν
441 2193 539 2226 ποιιῐν,
554 2189 625 2225 πλὴν
642 2187 778 2228 συναρπά-

823 1659 916 1683 autem
928 1656 1052 1684 voluntas
1067 1655 1103 1684 ad
1117 1664 1169 1685 nos
1177 1656 1295 1692 pertinet
1310 1660 1337 1684 et
1350 1660 1472 1684 mentem
1485 1659 1619 1684 nostram.

825 1700 937 1729 Dictum
947 1705 988 1729 est
1001 1705 1096 1729 autem
1114 1709 1197 1737 supra
1215 1700 1282 1737 quid
1296 1700 1333 1729 sit
1349 1704 1507 1737 peccatum,
1520 1708 1621 1736 nempe

826 1746 929 1782 peccati
944 1746 1082 1782 tyrannis,
1103 1746 1229 1774 animum
1243 1749 1371 1774 nostrum
1394 1753 1443 1782 per
1451 1746 1620 1781 voluptatem

825 1790 879 1819 alio
890 1790 1034 1826 rapientis.

862 1836 954 1864 Vrsas.
971 1837 1016 1863 2t.
1044 1846 1056 1860 α
1078 1834 1190 1863 Invenio
1211 1834 1293 1870 igitur
1312 1834 1401 1870 legem
1427 1833 1529 1862 volenti
1554 1833 1621 1861 mibi

827 1879 918 1908 facere
931 1880 1046 1914 bonum,
1068 1878 1144 1915 quod
1172 1878 1242 1907 mihi
1259 1878 1363 1906 malum
1385 1878 1501 1915 adjacet.
1527 1890 1540 1902 ι
1565 1877 1622 1906 0b-

827 1933 906 1953 scure
916 1924 969 1953 hoc
990 1924 1093 1952 dictum
1103 1928 1154 1958 est,
1170 1923 1249 1960 quasi
1264 1922 1418 1960 quidquam
1429 1923 1501 1951 desit
1516 1931 1523 1950 :
1539 1922 1623 1950 debe-

828 1969 876 1998 bat
891 1969 966 1998 enim
995 1969 1035 1998 sic
1059 1968 1112 1997 dici
1129 1978 1135 1996 :
1150 1967 1261 1996 Invenio
1286 1967 1376 2004 itaque
1390 1967 1479 2004 legem
1505 1967 1624 2003 patroci-

828 2018 942 2043 nantem
956 2014 1032 2048 mihi,
1049 2013 1151 2042 volenti
1173 2012 1286 2050 quidem
1300 2012 1391 2041 facere
1413 2011 1529 2047 bonum,
1553 2011 1626 2047 quod

830 2063 921 2088 tamen
943 2067 1000 2087 non
1018 2058 1100 2094 facio,
1130 2066 1163 2086 eo
1183 2057 1260 2095 quod
1289 2057 1394 2085 malum
1419 2056 1489 2085 mihi
1509 2055 1624 2092 adjacet.

830 2105 916 2133 Porro
932 2103 1012 2140 hujus
1033 2103 1085 2132 loci
1105 2103 1168 2132 talis
1182 2106 1225 2131 est
1243 2102 1379 2131 sententia
1405 2109 1412 2128 :
1431 2101 1626 2138 Cognitionem

830 2148 895 2177 boni
908 2148 944 2177 ab
962 2148 1043 2176 initio
1057 2155 1168 2176 mecum
1190 2155 1244 2176 una
1264 2146 1406 2176 conditam
1421 2145 1504 2174 habui
1524 2155 1531 2174 :
1548 2145 1627 2174 inve-

832 2193 879 2222 nio
898 2194 981 2222 etiam
995 2193 1082 2230 legem
1095 2193 1316 2229 patrocinantem
1330 2191 1405 2226 huic,
1421 2198 1538 2227 eamque
1550 2197 1626 2218 com-

25 2215 37 2216 η
55 2215 220 2227 ...-.,,-....,
235 2215 282 2219 ..η
300 2215 363 2219 γη...
377 2215 421 2228 Γ-.
445 2215 539 2226 ..-.-..,
644 2215 763 2228 "Mr...

8 2234 81 2270 ζομαι,
95 2235 138 2264 καὶ
152 2235 182 2264 τὸ
196 2234 280 2264 κακὸν
295 2234 457 2274 παράκειταί
481 2245 545 2273 μοι·
570 2233 719 2269 τουτέστιν,
742 2232 772 2263 Ἡ

865 2215 1038 2272 endantem,°
1051 2245 1084 2266 ac
1096 2215 1175 2266 rvolo
1199 2237 1311 2273 quidem
1335 2215 1459 2271 (borium)
1485 2215 1624 2271 persequi,

8 2277 80 2316 πρᾶξις
97 2281 141 2309 τοῦ
166 2282 253 2310 κακοῦ
274 2280 322 2309 οὔκ
348 2279 480 2319 ἀνῄρηται
503 2278 549 2308 ἀπ’
573 2279 648 2317 ἐμοῦ.
675 2277 749 2313 Πλὴν
765 2278 780 2307 ὃ

8 2322 112 2362 ιωιάριος
126 2323 253 2361 Ἰωάννης
264 2347 272 2363 ,
289 2323 357 2363 μετὰ
373 2323 415 2362 τὸ,
432 2323 501 2354 καθὰ
514 2322 633 2363 εἴρηται,
652 2323 782 2362 ἑρμηνεῦ-

8 2377 39 2395 ηιι
49 2368 106 2398 αὐτὸ
115 2370 149 2402 ὡς
163 2370 286 2407 ἐλλιπὲς,
302 2368 464 2405 αἰνίττεται,
485 2368 526 2398 ὅτι
540 2367 586 2398 καὶ
600 2368 688 2401 ἄλλως
704 2366 778 2396 δύναι’

8 2421 38 2440 ιιι
57 2415 175 2449 νοηθῆναι
202 2425 210 2432 ·
224 2410 295 2451 οἷον,
322 2415 446 2454 Εὑρίσκω
469 2413 521 2454 ἄρα
546 2413 590 2443 τὸν
612 2412 707 2451 νόμον,
733 2412 782 2442 οὐκ

8 2455 63 2496 ἶλλῳ
73 2457 120 2487 τινὶ
130 2458 193 2488 ὄντα
204 2483 212 2495 ,
225 2458 286 2489 ἀλλ’
302 2459 360 2498 ἐμοὶ
373 2460 411 2499 τῷ
426 2458 528 2489 θέλοντι
541 2462 625 2488 ποιεῖν
640 2457 672 2487 τὸ
686 2456 780 2488 καλόν.

8 2500 72 2541 Μόνῳ
83 2502 133 2543 γὰρ
146 2505 184 2543 τῷ
209 2503 311 2534 θέλοντι
337 2506 421 2533 ποιεῖν
442 2503 474 2533 τὸ
501 2503 582 2533 καλὸν
607 2503 686 2541 νόμος
711 2501 782 2532 ἐστὶν

8 2545 103 2584 ἱνόμος,
116 2547 150 2578 τὰ
164 2548 234 2578 αὐτὰ
247 2549 319 2590 αὐτῷ
333 2548 501 2589 βουλόμενος.
512 2547 552 2579 ⁸0
568 2548 595 2577 δὲ
607 2547 618 2587 [
667 2546 730 2588 καὶ]
739 2546 783 2576 διὰ

8 2590 48 2618 τῶν
62 2591 145 2632 ἐφεξῆς
160 2593 240 2629 δῆλον
253 2593 292 2625 ⁴⁹.

833 2284 958 2319 adeoque
972 2290 1112 2320 peragere,
1127 2286 1249 2311 attamen
1273 2282 1298 2309 vi
1322 2280 1446 2318 quadam
1458 2280 1509 2308 alio
1524 2279 1628 2316 rapior,

833 2328 992 2364 malumque
1013 2327 1079 2356 mihi
1102 2327 1228 2364 proxime
1241 2326 1387 2354 admotum
1401 2329 1453 2359 est,
1465 2324 1494 2353 id
1508 2328 1551 2352 est
1564 2331 1628 2360 ope-

835 2373 904 2402 ratio
914 2373 980 2401 mali
994 2380 1051 2400 non
1064 2375 1106 2401 est
1117 2371 1207 2400 ablata
1221 2379 1238 2399 a
1251 2379 1306 2399 me.
1324 2372 1361 2398 At
1374 2377 1440 2398 vero
1455 2369 1535 2397 divus
1549 2370 1631 2396 Joan-

835 2426 884 2446 nes
893 2417 1107 2455 Chrysostomus
1119 2416 1202 2445 simul
1215 2420 1299 2452 atque
1312 2415 1388 2443 hunc
1403 2415 1494 2442 locum
1505 2421 1555 2441 ceu
1566 2421 1631 2441 eum

836 2463 898 2497 (uti
919 2462 1028 2491 dictum
1054 2466 1097 2490 est
1120 2461 1187 2496 )cui
1205 2459 1310 2497 aliquid
1331 2459 1412 2493 desit,
1435 2459 1630 2494 interpretatus

837 2511 888 2541 est,
902 2507 1034 2536 admonet
1055 2511 1083 2535 et
1105 2507 1156 2534 alia
1182 2505 1304 2542 quadam
1325 2504 1432 2533 ratione
1455 2503 1531 2532 hunc
1547 2509 1627 2539 posse

837 2552 974 2589 intelligi:
995 2556 1037 2587 ut,
1052 2551 1164 2580 Invenio
1185 2550 1297 2587 quidem
1308 2550 1407 2586 legem,
1426 2556 1485 2577 non
1499 2547 1545 2576 alii
1570 2546 1631 2574 cui-

837 2597 910 2634 piam
935 2598 1079 2632 sancitam,
1105 2596 1155 2625 sed
1185 2595 1255 2624 mihi
1276 2595 1378 2623 volenti
1404 2594 1492 2622 facere
1514 2592 1630 2620 bonum.

8 2637 51 2667 Soli
62 2641 128 2670 enim
151 2642 253 2671 volenti
283 2642 371 2672 facere
395 2643 502 2672 bonum
521 2642 565 2672 lex
578 2645 621 2671 est
643 2642 698 2677 lex,
713 2641 811 2672 eadem
831 2643 924 2672 volens
941 2650 1002 2680 quae
1015 2642 1083 2679 ipse.
1109 2641 1191 2677 Quod
1216 2644 1244 2669 et
1266 2640 1296 2668 in
1319 2638 1495 2677 sequentibus
1522 2636 1633 2673 planum

8 2682 59 2760 ﬁet;
71 2730 215 2771 Συντίδομ-αι
228 2733 280 2775 γὰρ
293 2734 333 2776 τῷ
344 2733 419 2775 νόμῳ
432 2736 478 2766 τοῦ
489 2733 577 2773 Θεοῦ,
590 2732 660 2764 κατὰ
674 2731 719 2764 τὸν
732 2731 785 2763 ἔσω

873 2735 961 2764 Vn.
981 2735 1074 2769 22,23.
1091 2731 1146 2768 52
1162 2743 1175 2756 σι
1199 2729 1383 2760 Condelector
1412 2728 1488 2757 enim
1506 2725 1562 2763 legi
1583 2724 1635 2754 Dei

679 2784 778 2815 Variae
800 2783 953 2814 lectiones.

39 2830 57 2848 “
80 2833 214 2872 Chrysost.
238 2837 282 2870 τῆς
304 2838 349 2864 τοῦ
377 2834 442 2864 Θιοῠ
468 2834 638 2872 δημιουργίας.
677 2833 700 2852 ⁵³
726 2833 800 2869 αὖτῆς
827 2840 855 2862 ο.
892 2831 915 2849 ⁴⁶
940 2830 1107 2868 ἰγκλημάτων
1134 2836 1161 2858 ο-
1200 2826 1221 2845 ⁸⁷
1250 2825 1399 2863 δημιουργία
1429 2832 1456 2854 o.
1494 2823 1516 2840 "
1545 2821 1635 2858 ἣμέτε’

13 2881 46 2906 ρον
56 2876 108 2902 νοῦν
121 2884 149 2906 o.
187 2876 209 2894 ⁴⁰
222 2876 299 2911 δηλοῖ
310 2884 350 2906 In.
