1901 3077
271 150 319 178 431

780 145 980 175 THEOPHYLA
985 145 1037 174 CT]
1055 143 1233 173 BULGARI/E
1252 142 1407 171 ARCHIEP.

270 211 420 240 secundum
443 211 603 239 interiorem
620 209 770 239 hominem.
806 209 894 238 Video
909 213 1000 237 autem
1014 209 1056 237 ali-

1119 207 1265 248 ἄνθρωπον.
1284 205 1379 236 Βλέπω
1394 204 1421 234 δὲ
1439 203 1525 244 ἕτερον
1538 203 1618 242 νόμον
1633 205 1662 233 ἐν
1685 209 1751 237 τοῖς
1774 203 1866 242 μέλεσι
1885 217 1888 242 ι

270 265 315 285 am
330 257 417 292 legem
430 256 457 284 in
472 255 605 284 membris
630 255 701 283 meis
721 259 918 291 repugnantem
931 254 983 290 legi
998 261 1071 282 men-

270 301 307 329 tis
322 309 402 335 meaa,
424 306 451 329 et
461 301 643 336 captivantem
655 308 701 328 me
724 300 781 336 lege
797 300 911 336 peccati,
937 307 999 335 qum
1027 303 1069 327 est

272 346 299 373 in
313 345 445 374 membris
469 345 547 373 meis.
571 356 584 369 ι
615 346 719 373 Noram
739 352 805 372 sane
827 348 855 372 et
875 345 990 372 antehac
1016 344 1066 371 bo-

274 398 342 418 num
367 399 374 418 :
399 390 541 418 inveniens
556 394 649 417 autem
672 389 776 425 ipsum,
798 390 826 417 in
847 389 946 417 litteris
968 389 1064 423 situm,

274 434 442 462 commendo
455 435 554 470 legem,
570 441 603 462 ac
616 434 752 462 assentior
765 434 790 461 ei
807 445 820 458 ιι
835 433 985 461 secundum
998 434 1067 461 inte-

271 479 372 507 riorem
389 479 540 512 hominem,
557 490 570 503 ι
582 479 639 506 sive
659 478 811 506 secundum
834 482 967 506 mentem.
982 489 995 503 α
1020 477 1067 505 Vi-

273 524 324 551 deo
335 527 427 551 autem
449 523 531 551 aliam
546 523 647 559 legem,
661 535 674 548 -
692 523 745 551 hoc
757 527 799 551 est
813 527 957 558 peccatum
969 533 975 550 :
990 522 1066 559 quod

273 568 335 596 ideo
349 568 436 604 legem
459 568 615 604 appellavit,
640 567 714 604 quod
737 567 864 595 homines
885 575 918 595 eo
948 567 1066 602 decepti,

273 612 364 640 eidem
386 612 586 648 obtemperent,
602 612 747 648 ipsumque
767 612 907 640 dimittere
931 615 1065 645 metuant,

271 664 320 684 ceu
336 657 425 693 legem
446 656 596 694 quamdam
609 664 670 693 qua}
681 657 932 693 praevaricationem
951 664 1007 684 non
1021 664 1065 684 re-

270 701 359 737 cipiat.
379 703 448 729 Haac
460 702 542 737 igitur
556 706 694 737 repugnat
709 713 721 725 ε
736 701 788 737 legi
799 701 898 729 mentis
914 708 994 735 meae,
1013 712 1024 725 τι
1037 700 1063 728 id

270 750 313 774 est
326 746 442 774 naturali
463 749 472 773 (
483 754 566 782 quem
578 750 672 774 autem
687 754 771 782 supra
794 757 809 771 (ι
831 746 989 774 interiorem
1016 745 1064 773 ho—

270 791 375 818 minem
392 802 404 815 υ
420 791 585 824 nominavit,
602 798 667 819 eum
687 798 762 818 nunc
776 795 870 826 aperte
884 794 1007 818 mentem
1020 798 1065 818 vo-

1123 251 1389 292 ἆντιστρατευόμενον
1408 252 1446 290 τῷ
1461 249 1536 289 νόμῳ
1554 252 1600 278 τοῦ
1622 248 1684 282 νοός
1704 259 1783 288 μου,
1811 249 1854 277 καὶ
1873 260 1886 277 α

1123 297 1304 336 μαλυιτίζοντά
1321 308 1354 334 με
1377 297 1416 336 τῷ
1431 295 1503 334 νόμῳ
1518 297 1564 330 τῆς
1579 293 1724 334 ἁμαρτίας
1734 318 1743 328 ,
1773 295 1814 333 τῷ
1833 293 1882 322 ὄντι

1121 344 1174 376 τοῖς
1200 341 1292 381 μέλεσί
1312 352 1373 380 μου.
1404 353 1415 367 ι
1440 338 1534 383 ’ῌδειν
1558 339 1606 377 μὲν
1629 339 1679 368 καὶ
1704 338 1766 378 πρὸ
1789 338 1878 368 τούτου

1121 387 1203 416 καλόν
1219 399 1226 406 ·
1242 385 1324 426 εὑρὼν
1341 384 1367 415 δὲ
1384 385 1449 414 αὐτὸ
1471 386 1497 414 ἐν
1523 384 1666 423 γράμμασι
1696 385 1847 421 κείμενον,
1862 385 1888 412 ἐτι

1120 433 1157 460 νῶ
1172 431 1215 461 τὸν
1230 431 1309 470 νόμον
1319 453 1326 466 ,
1350 431 1396 459 καὶ
1410 430 1638 467 συγκατατίθεμαι
1656 429 1744 468 αὐτῷ
1771 439 1786 456 α
1803 428 1872 457 κατὰ

1120 478 1174 506 ἔσω
1189 476 1336 516 ἄνθρωπον,
1353 489 1366 501 ι
1381 474 1441 510 ἤτοι
1455 473 1525 504 κατὰ
1541 474 1584 503 τὸν
1598 476 1656 502 νοῦν
1677 485 1748 511 μου.
1768 485 1784 500 ιι
1800 473 1888 502 Βλέπω

1120 521 1209 560 ἕτερον
1223 520 1302 559 νόμον
1314 542 1321 556 ,
1338 530 1352 548 ι)
1368 519 1505 555 τουτέστι,
1521 520 1568 554 τὴν
1583 518 1731 558 ἁμαρτίαν
1750 529 1757 536 ·
1775 518 1810 553 ἣν
1827 518 1888 546 ἕκάλ

1119 565 1216 602 νόμον,
1232 564 1275 594 διὰ
1289 564 1320 593 τὸ
1335 563 1470 594 πείθεσθαι
1488 565 1554 602 αὐτῇ
1570 562 1630 596 τοὺς
1643 562 1853 600 ἀπατωμένους
1863 585 1869 597 ,
1884 574 1888 590 1

1119 609 1256 650 φοϐεῖσθαι
1275 611 1379 649 ἀφεῖναι
1404 608 1506 645 αὐτὴν,
1529 609 1565 641 ὡς
1587 607 1670 646 νόμον
1696 607 1767 636 τινὰ
1793 607 1888 646 (irrupit

1119 666 1176 685 τον.
1199 654 1270 690 Αὕτη
1302 650 1347 684 οὖν
1367 653 1598 693 ἆντιστρατεύεται
1626 666 1638 678 σι
1655 654 1701 692 τῷ
1720 652 1801 692 νόμῳ
1815 655 1857 681 τοῦ
1872 663 1888 680 ν(

1121 711 1171 738 μου
1180 722 1188 735 ,
1200 713 1212 726 ν
1223 698 1343 728 τουτέστι
1352 721 1360 735 ,
1375 700 1414 738 τῷ
1429 699 1531 738 φυσικῷ
1549 697 1592 737 (ὃν
1606 696 1633 726 δὲ
1645 697 1786 735 ἀνωτέρω
1799 711 1812 722 ιι
1825 696 1874 726 ἔσω
1885 708 1888 724 ι

1118 747 1221 784 θρωπον
1235 758 1247 771 I
1259 744 1381 782 ὠνόμασε
1393 766 1401 779 ,
1414 746 1505 773 τοῦτον
1520 744 1611 782 σαφῶς
1626 745 1692 772 νοῦν
1709 743 1758 771 ὀνο
1763 742 1864 780 μάζει),
1877 754 1888 770 ι

1120 794 1180 830 νικᾷ
1196 801 1202 807 ”
1225 790 1326 828 μᾶλλον
1342 788 1368 818 δὲ
1389 787 1584 828 αἷχμαλωτίζει
1606 799 1659 826 με,
1679 787 1732 816 καὶ
1761 786 1807 816 τὸν
1822 798 1888 825 consul

270 837 342 868 cat),
359 839 438 871 atque
450 835 543 870 vincit,
559 836 615 863 imo
629 836 749 871 captivat
761 843 816 868 me,
829 839 856 863 et
865 835 1021 863 naturalem
1034 839 1056 863 el

1119 834 1164 863 καὶ
1178 834 1221 864 τὸν
1234 833 1351 874 γραπτὸν
1368 833 1449 871 νόμον
1461 833 1573 862 νικῶσα.
1588 833 1651 865 Πῶς
1666 831 1696 850 ⁵ο
1713 832 1888 871 αἶχμαλωτίζι

268 879 398 915 scriptam
413 880 501 916 legem
515 880 701 915 supprimens.
730 879 877 914 Quomodo
899 888 961 907 vero
977 879 1063 916 capti-

273 931 336 951 vum
361 923 463 952 ducit?
491 936 503 948 α
520 925 593 960 Lege
620 925 733 960 peccati,
758 936 771 949 ι
797 924 850 952 hoc
874 928 916 952 est
929 925 1061 960 potentia,

267 976 360 1004 neque
374 976 430 996 non
449 968 604 1004 tyrannide.
621 970 682 997 Non
705 973 797 996 autem
813 969 891 1001 dixit,
907 973 987 997 motu
1001 975 1062 996 car-

266 1012 320 1047 nis,
339 1017 388 1040 aut
407 1017 517 1047 natura,
546 1020 646 1041 verum
666 1014 723 1049 lege
745 1013 860 1049 peccati,
887 1021 949 1049 quae
965 1017 1063 1049 regnat

266 1061 293 1084 et
308 1057 466 1085 dominatur
487 1058 517 1085 in
531 1058 656 1086 membra
681 1066 750 1087 mea.
775 1059 842 1086 Haec
869 1066 933 1086 vero
948 1066 1006 1086 non
1020 1062 1062 1086 est

267 1101 404 1130 calumnia
415 1102 517 1130 carnis.
530 1102 774 1137 Quemadmodum
795 1102 888 1138 praedo
909 1102 1060 1138 quispiam,

266 1147 289 1174 si
305 1151 420 1182 occupet
437 1147 540 1182 regiam
564 1147 698 1183 aliquam,
712 1148 740 1175 in
759 1155 846 1184 eaque
859 1151 1060 1181 commoretur,

263 1199 320 1219 non
335 1196 376 1219 est
384 1191 479 1220 isthaec
491 1192 627 1220 calumnia
637 1193 677 1220 vel
687 1192 844 1220 criminatio
854 1191 956 1220 domus
967 1200 974 1219 :
986 1191 1060 1220 hunc

264 1235 299 1263 ad
314 1235 440 1270 modum,
454 1236 476 1264 si
489 1241 632 1272 peccatum
642 1237 747 1264 habitet
757 1237 784 1264 in
798 1236 933 1264 membris
942 1237 1055 1270 nostris,

264 1288 325 1308 eam
341 1281 377 1308 ob
395 1289 456 1309 rem
468 1289 523 1309 non
542 1286 584 1309 est
597 1289 678 1317 prava
697 1290 762 1309 caro
786 1291 793 1309 :
813 1281 950 1317 siquidem
966 1285 1059 1316 tyran-

262 1325 326 1353 nide
355 1330 396 1353 est
410 1334 530 1361 opressa.
547 1326 680 1354 Nonnulli
704 1330 824 1362 quatuor
856 1326 902 1353 hic
923 1326 995 1361 leges
1019 1324 1058 1352 fa-

263 1370 340 1397 ciunt
356 1378 363 1397 :
379 1378 464 1398 unam
478 1370 614 1404 divinam,
628 1370 776 1398 docentem
792 1378 843 1398 nos
864 1369 931 1406 quid
943 1369 1058 1398 deceat:

261 1416 377 1443 alteram
392 1415 580 1451 impugnatem
593 1422 654 1449 nos,
665 1422 726 1450 quae
747 1423 781 1442 ex
811 1414 916 1442 diaboli
929 1418 1006 1442 motu
1031 1418 1059 1442 et

261 1459 420 1494 operatione
429 1467 481 1487 nos
494 1459 599 1487 invadit
625 1459 766 1492 :tertiam,
787 1459 874 1495 legem
898 1458 1010 1493 mentis,
1029 1458 1056 1486 id
1078 1492 1095 1498 η

1091 1513 1095 1520 ⁴
1111 1502 1157 1537 τὴν
1185 1501 1411 1542 φιλαμαρτήμονα
1426 1501 1582 1541 προαίρεσιν
1604 1500 1650 1530 καὶ
1675 1500 1727 1536 τὴν
1741 1499 1806 1540 πρὸς
1818 1498 1844 1528 τὸ
1854 1508 1886 1526 xl-

262 1508 303 1530 ('St
319 1504 473 1532 naturalem
495 1513 502 1531 z
521 1507 702 1539 postremam,
721 1511 783 1539 quae
809 1507 851 1531 est
873 1503 900 1531 in
924 1503 1056 1532 membris

262 1548 377 1580 nostris,
393 1548 421 1575 id
433 1552 476 1576 est
489 1552 631 1575 amantem
657 1548 761 1583 peccati
784 1548 954 1576 voluntatem
969 1553 997 1576 et
1009 1547 1056 1577 ha-

262 1591 413 1619 bitudinem
424 1592 460 1619 ad
471 1592 587 1626 malum,
601 1600 662 1628 quae
676 1593 755 1621 nobis
768 1601 817 1629 per
829 1593 1055 1622 consuetudinem

262 1636 344 1663 veluti
356 1636 456 1664 callum
466 1636 582 1664 obduxit
592 1641 619 1664 et
638 1637 770 1665 induruit.

297 1682 385 1708 Vens.
406 1683 452 1709 24.
476 1692 489 1705 ιι
507 1680 602 1709 Infelix
615 1689 666 1718 ego
686 1682 781 1717 homo,
800 1682 861 1718 quis
874 1690 918 1710 me
932 1682 1057 1711 liberabit

260 1733 291 1752 ex
305 1733 421 1760 corpore
438 1725 537 1754 mortis
551 1725 658 1762 hujus?
674 1738 686 1750 η
699 1727 838 1754 Naturalis
861 1727 904 1755 lex
923 1735 980 1755 non
997 1727 1056 1755 suf-

261 1769 335 1804 l'ecit,
361 1770 462 1806 scripta
478 1778 535 1798 non
566 1771 666 1807 potuit,
692 1771 741 1800 sed
761 1776 878 1808 utraque
903 1772 1003 1808 peccati
1017 1777 1057 1808 ty-

259 1814 354 1842 rannis
364 1815 445 1843 vicit.
460 1815 541 1843 Unde
555 1815 638 1852 igitur
668 1819 711 1844 est
724 1817 822 1844 salutis
843 1818 925 1853 spes?
944 1828 957 1842 ι
986 1817 1055 1853 Quis

258 1867 303 1887 me
326 1859 452 1888 liberabit
466 1868 498 1888 ex
512 1868 627 1897 corpore
659 1861 782 1889 mortis?
799 1872 811 1885 ιι
825 1861 878 1889 hoc
907 1865 948 1890 est
972 1863 1054 1890 morti

256 1904 384 1933 obnoxio.
402 1900 549 1940 Postquam
569 1906 645 1933 enim
667 1913 767 1941 corpus
780 1914 828 1941 per
852 1906 1053 1942 praevaricatio-

257 1956 319 1976 nem
340 1949 466 1984 passibile
498 1948 602 1977 factum
625 1954 707 1982 esset,
733 1950 861 1985 deinceps
887 1955 914 1978 et
943 1955 1054 1986 peccato

255 1997 336 2028 captu
354 1992 432 2020 facile
446 1993 619 2021 reddebatur.
634 1993 719 2029 Atqui
735 1993 809 2021 dicet
832 1994 939 2030 aliquis,
959 1995 1055 2031 Siqui-

255 2036 319 2064 dem
340 2044 438 2072 corpus
460 2045 475 2064 a
501 2041 613 2072 peccato
636 2041 694 2065 tam
714 2037 792 2066 facile
813 2038 900 2066 invadi
915 2043 1050 2074 potuerat,

1119 893 1129 904 ι
1143 880 1190 919 Τῷ
1204 878 1276 918 νόμῳ
1289 880 1336 914 τῆς
1351 877 1483 917 ἁμαρτίας
1492 899 1500 914 ,
1513 887 1528 905 ι)
1542 875 1665 905 τουτέστι
1676 898 1686 912 ,
1759 876 1888 913 δυνάμει,¹

1117 916 1337 963 τυραννίδα-Οὐκ
1360 916 1418 951 εἷπε
1433 921 1478 957 δὲ,
1499 922 1543 959 Τῇ
1559 923 1630 960 ὁρμῇ
1652 923 1706 957 τῆς
1734 920 1888 960 σαρκὸς,ῆι

1116 966 1206 1008 φύσει,
1223 967 1291 996 ἀλλὰ
1303 989 1312 1004 ,
1334 977 1348 995 ι(
1360 967 1406 1006 Τῷ
1420 966 1494 1006 νόμῳ
1508 967 1555 1000 τῆς
1571 965 1714 1005 ἁμαρτίας
1727 989 1735 1001 ,
1754 978 1770 993 ι
1787 966 1824 1004 τῷ
1839 976 1888 993 κατι

1116 1012 1280 1051 κρατήσαντι
1294 1013 1345 1040 τῶν
1372 1012 1460 1049 μελῶν
1480 1022 1541 1048 μου.
1560 1011 1585 1040 Τ
1586 1012 1648 1039 οῧτο
1674 1010 1705 1039 δὲ
1729 1011 1779 1040 οὐκ
1799 1009 1850 1038 ἔστι
1864 1010 1888 1037 διε

1117 1055 1183 1091 ϐολὴ
1207 1059 1254 1092 τῆς
1274 1055 1380 1095 σαρκός.
1398 1054 1506 1094 αΩσικερ
1523 1054 1575 1094 γὰρ
1590 1054 1714 1094 λῃστὴς,
1731 1054 1780 1083 ἐὰν
1799 1054 1888 1091 xercitr].

1117 1101 1239 1141 βασίλεια
1249 1124 1258 1138 ,
1268 1100 1312 1130 καὶ
1325 1101 1412 1140 ἐνοικῇ
1421 1099 1444 1119 ⁵⁸
1461 1101 1549 1133 αὐτοῖς
1559 1121 1567 1136 ,
1585 1100 1616 1128 οὗ
1633 1099 1757 1134 διαϐολή
1772 1099 1828 1128 ἐστι
1844 1101 1888 1126 τοῦι

1115 1148 1160 1174 τοῦ
1175 1145 1247 1175 οἴκου
1261 1157 1267 1164 ·
1287 1144 1357 1174 οὕτω
1371 1145 1417 1174 καὶ
1428 1145 1556 1180 ἐνταῦθα,
1572 1143 1617 1174 ἐὰν
1639 1145 1705 1184 οἶχῇ
1725 1146 1743 1178 ἡ
1761 1143 1888 1183 ἇμαρτίαὶ

1114 1194 1167 1223 τοῖς
1180 1190 1286 1229 μέλεσιν
1303 1191 1391 1228 ἡμῶν,
1405 1190 1434 1218 οὐ
1448 1189 1521 1228 παρὰ
1535 1191 1627 1218 τοῦτον
1638 1188 1683 1228 [
1699 1188 1803 1226 τοῦτο]
1819 1197 1888 1224 me

1114 1237 1130 1270 ἡ
1147 1234 1212 1274 σάρξ
1229 1246 1235 1253 ·
1252 1234 1416 1274 ἓτυραννήθη
1431 1233 1495 1273 γάρ.
1518 1234 1596 1267 Τινὲς
1619 1234 1647 1262 δὲ
1672 1233 1810 1273 τέσσαρας
1826 1232 1888 1268 νόμον

1113 1279 1226 1308 ἐνταῦθά
1244 1290 1322 1319 φασιν
1339 1291 1346 1297 ·
1372 1278 1417 1307 ἕνα
1439 1278 1482 1307 τὸν
1507 1280 1553 1307 τοῦ
1578 1278 1668 1313 Θεοῦ,
1690 1277 1740 1306 τὸν
1765 1277 1888 1306 διδάσκοντι

1113 1326 1184 1361 ἡμᾶς
1216 1324 1246 1352 τὸ
1271 1323 1349 1352 δέον·
1377 1322 1512 1362 δεύτερον,
1550 1322 1595 1352 τὸν
1625 1321 1888 1362 ἀντιστρατευόμενονἶ

1111 1368 1183 1402 ὅστις
1198 1367 1269 1397 ἐστὶν
1283 1370 1297 1398 ὁ
1312 1370 1371 1397 κατ’
1391 1367 1522 1407 ἐνέργειαν
1534 1367 1560 1385 ⁵³
1572 1369 1618 1396 τοῦ
1636 1367 1770 1396 διαϐόλου
1786 1363 1888 1395 ἐπεισιὼτ

1112 1415 1176 1451 ἡμῖν
1194 1425 1200 1432 ·
1216 1412 1304 1452 τρίτον
1315 1434 1324 1450 ,
1343 1411 1386 1441 τὸν
1402 1411 1481 1450 νόμον
1497 1413 1542 1441 τοῦ
1556 1411 1614 1445 νοὸς
1619 1435 1628 1448 ,
1650 1411 1779 1441 τουτέστι
1789 1433 1798 1450 ,
1810 1410 1848 1439 τὸν
1858 1420 1888 1448 ξίν

1112 1458 1184 1487 σικόν
1198 1468 1205 1476 ·
1227 1457 1353 1498 τέταρτον
1365 1479 1373 1493 ,
1389 1456 1433 1485 τὸν
1450 1456 1514 1486 ὄντα
1528 1457 1555 1485 ἐν
1568 1457 1621 1489 τοῖς
1641 1457 1756 1494 μέλεσι,
1779 1454 1887 1487 τουτέστι,

1110 1546 1155 1576 xcv
1169 1546 1259 1586 σχέσιν
1270 1570 1276 1581 ,
1289 1546 1332 1575 διὰ
1346 1548 1394 1582 τῆς
1405 1545 1543 1582 συνηθείας
1558 1546 1785 1586 ἐνσκιῤῥωθεῖσαν
1799 1542 1860 1582 ἡμῖν.
1886 1573 1887 1577 η

1153 1694 1167 1711 σ
1183 1682 1360 1722 Ταλαίπωρος
1386 1680 1438 1720 ἐγὼ
1460 1681 1610 1722 ἄνθρωπος,
1633 1681 1675 1715 τίς
1695 1693 1730 1719 με
1749 1679 1845 1721 ῥύσεται

1109 1730 1155 1757 τοῦ
1167 1726 1289 1765 σώματος
1312 1729 1359 1756 τοῦ
1379 1726 1490 1756 θανάτου
1511 1725 1620 1763 τούτου;
1639 1736 1655 1755 ι)
1676 1725 1714 1756 “0
1738 1723 1840 1766 φυσικὸς
1855 1720 1883 1766 νὴ

1111 1783 1158 1810 μος
1181 1764 1228 1802 οὐκ
1245 1771 1370 1811 ἤρκεσεν,
1394 1772 1408 1800 ὁ
1424 1771 1540 1811 γραπτὸς
1563 1772 1612 1800 οὐκ
1636 1764 1766 1811 ἴσχυσεν,
1781 1767 1835 1797 ἀλλ’
1849 1764 1882 1811 in",

1109 1809 1176 1852 κησε
1198 1819 1244 1846 καὶ
1259 1809 1462 1856 ἄμφοτέρουςνῖἦ
1485 1815 1605 1855 τυραννὶς
1624 1809 1831 1853 τῆξᾶμαρτίας.
1845 1809 1881 1856 Πὸ]

1109 1863 1150 1890 θεν
1163 1856 1207 1890 οὖν
1224 1862 1279 1890 ἐστι
1295 1854 1427 1900 σωτήρίας
1440 1854 1531 1898 ante;
1549 1871 1563 1887 α
1578 1860 1627 1894 Τίς
1644 1872 1680 1898 με
1697 1859 1800 1900 ῥύσεται
1813 1858 1838 1886 ἐκ
1849 1854 1880 1895 τοῖς

1109 1905 1233 1944 σώματος
1244 1909 1290 1934 τοῦ
1303 1906 1433 1941 θανάτους
1452 1918 1463 1931 -
1476 1903 1613 1940 τουτέστι,
1624 1907 1671 1934 τοῦ
1684 1903 1788 1943 θανάτῳ
1801 1903 1879 1939 Win

1110 1950 1199 1987 μένου.
1224 1949 1337 1984 Ἐπειδὴ
1363 1948 1414 1988 γὰρ
1440 1948 1559 1985 παθητὸν
1584 1949 1690 1988 ἐγένετο
1706 1950 1735 1978 ἐκ
1749 1949 1794 1982 τῆς
1810 1954 1878 1987 MP";

1109 1994 1226 2031 ϐάσεως,
1253 1994 1299 2024 καὶ
1324 1993 1522 2033 εὐεπιχείρητον
1543 1993 1635 2023 λοιπὸν
1714 1989 1825 2031 ἁμαρτία
1843 1997 1877 2033 κῃ

1106 2025 1294 2074 τέστη.-’Ἀλλ¹
1320 2040 1374 2077 ἐρεῖ
1398 2025 1449 2072 ’,ἆςί
1467 2025 1526 2068 Καὶ
1541 2038 1633 2074 ἐπειδὴ
1659 2025 1843 2077 εδεπιξμίρηέον

255 2088 304 2107 cur
316 2081 401 2116 puniti
417 2085 483 2108 sunt
497 2081 524 2116 ii,
543 2082 589 2117 qui
616 2084 678 2108 ante
690 2081 788 2109 Christi
817 2072 967 2111 adventum
987 2072 1050 2120 pec?

1113 2083 1134 2112 τὸ
1160 2072 1287 2129 σι’ὖματῇ
1314 2072 1452 2129 ἀξιαρτῖᾳ,
1477 2082 1571 2129 διὰ-τί
1595 2072 1819 2129 ἐκολάσθησαν,οἷ
1838 2072 1875 2129 πή

255 2129 353 2152 narunt
373 2126 384 2151 Ρ
407 2124 478 2160 Quia
498 2125 566 2152 talia
593 2125 722 2161 imperata
749 2130 838 2161 erant,
857 2134 919 2164 qua
942 2133 1053 2164 peccato

253 2169 335 2196 etiam
348 2168 511 2197 dominante
519 2169 671 2205 potuissent
684 2174 757 2198 recte
770 2179 911 2208 peragere.

287 2260 374 2288 Vens.
390 2261 433 2287 25.
451 2270 464 2283 «ι
481 2259 588 2288 Gratias
600 2267 651 2296 ago
665 2262 723 2289 Deo
739 2269 787 2297 per
803 2262 898 2290 Iesum
911 2263 1052 2292 Christum

252 2303 406 2331 Dominum
427 2308 564 2332 nostrum.
592 2316 605 2329 ιι
625 2305 695 2340 Quia
715 2305 746 2334 in
769 2307 909 2343 angustias
924 2308 1052 2337 redactus

250 2352 317 2381 erat,
358 2356 409 2376 nec
441 2349 526 2377 alium
551 2350 722 2378 Servatorem
751 2351 864 2386 invenit,
896 2353 1050 2381 necessario

248 2392 389 2420 Christum
405 2393 514 2422 invenit.
536 2394 609 2422 Hinc
621 2398 649 2422 et
662 2395 764 2431 gratias
780 2396 836 2432 agit
858 2408 871 2421 ι
886 2398 947 2425 Deo
963 2398 1046 2432 Patri,

248 2444 295 2471 per
305 2437 401 2465 Jesum
421 2438 560 2466 Christum
586 2440 737 2468 Dominum
754 2445 892 2474 nostrum,
910 2453 922 2466 ι
938 2441 990 2470 hoc
1005 2447 1045 2470 est

247 2488 327 2508 causa
356 2483 507 2516 gratiarum
534 2483 651 2511 actionis
673 2485 806 2512 existente
833 2485 887 2521 53
925 2485 1044 2515 Christo.

247 2526 308 2560 Ipse
328 2526 416 2559 enim,
444 2526 543 2563 inquit,
567 2529 694 2563 praestitit
708 2536 741 2556 ac
766 2530 897 2565 transegit
915 2538 977 2566 qua:
1003 2531 1044 2559 lex

246 2580 303 2600 non
317 2572 408 2608 potuit
423 2582 430 2601 :
454 2573 511 2609 ipse
526 2581 571 2602 me
588 2574 622 2603 ab
638 2574 824 2604 imbecillitate
835 2577 959 2612 corporis
975 2577 1042 2606 libe-

244 2617 323 2651 ravit,
337 2617 496 2646 confortans
506 2618 572 2646 illud
583 2623 613 2647 ut
622 2627 678 2647 non
692 2628 775 2656 porro
783 2622 887 2657 peccati
898 2622 1043 2658 tyrannide

243 2662 426 2697 opprimatur.
442 2663 496 2691 Sed
518 2663 757 2699 quemadmodum
773 2673 821 2702 per
838 2667 1040 2702 pravaricatio-

243 2713 308 2735 nem
328 2706 430 2736 Adami
465 2708 582 2737 mortale
601 2708 714 2746 factum,
745 2715 855 2747 peccato
885 2716 1044 2748 expugnatu

1109 2129 1226 2168 Χριστοῦ
1249 2127 1462 2167 ἇμαρτάνοντες;
1487 2127 1561 2157 Διότι
1584 2130 1695 2157 τοιαῦτα
1718 2123 1874 2167 ἐπετάγησανῂ

1107 2167 1150 2202 οἶα
1169 2172 1215 2202 καὶ
1241 2174 1289 2208 τῆς
1311 2171 1446 2212 ἁμαρτίας
1471 2170 1621 2212 κρατούσης
1646 2171 1775 2208 ἠδύναντο
1797 2173 1873 2207 autem

1107 2219 1179 2246 θοῦν.

1147 2234 1332 2302 ινίίὔχαριστῶ
1344 2263 1381 2302 τῷ
1394 2262 1457 2302 Θεῷ
1472 2261 1506 2291 δι’
1515 2261 1605 2298 Ἰησοῦ
1617 2262 1734 2302 Χριστοῦ
1741 2259 1784 2287 τοῦ
1794 2234 1872 2302 κυρίίλ

1105 2308 1193 2343 ἡμῶν.
1207 2295 1349 2342 ς’ίίπειδὴ
1363 2295 1526 2346 έξηπέρήθη,
1544 2295 1589 2335 καὶ
1604 2295 1655 2346 οὐχί
1667 2301 1738 2345 εὗρεν
1758 2301 1827 2332 ἄλλον
1839 2295 1870 2346 τόη

1104 2351 1236 2387 σώζοντα,
1259 2350 1408 2390 ἀναγκαίως
1431 2345 1489 2391 εἶρε
1514 2351 1638 2391 Χριστόν.
1650 2345 1708 2381 νΔιὸ
1722 2347 1764 2393 καὶ
1779 2345 1869 2393 εὖχαξνγ

1103 2397 1160 2425 στεῖ
1173 2398 1211 2437 τῷ
1225 2397 1288 2436 Θεῷ
1304 2396 1349 2425 καὶ
1362 2390 1469 2435 Πατρὶς
1484 2395 1517 2424 δι’
1529 2390 1619 2430 Ἰησοῦ
1633 2394 1678 2424 τοῦ
1695 2391 1788 2437 Κυρίοξδ

1101 2435 1248 2478 τουτέστιν,
1268 2435 1353 2470 αἰτίου
1369 2440 1440 2473 ὄντος
1455 2442 1503 2475 τῆς
1518 2440 1688 2480 εὖχαριστίας
1706 2439 1748 2467 τοῦ
1762 2435 1867 2480 Χρισξῖθγ

1100 2485 1186 2519 Αὐτὸς
1206 2474 1267 2524 γὰρ,
1289 2485 1370 2525 φησὶ,
1387 2474 1594 2524 κατώρθωσεῖξ
1605 2484 1622 2513 ἃ
1635 2486 1649 2514 ὁ
1665 2484 1739 2522 νόμος
1761 2474 1866 2525 οὖξήδῩὟ

1099 2530 1166 2566 νήθη
1182 2540 1188 2547 ·
1206 2523 1283 2562 άῦἒός
1295 2523 1342 2568 ’με
1361 2523 1490 2570 ἓῤῥύσαέο
1505 2530 1536 2558 εκ
1558 2530 1605 2565 τῆς
1623 2527 1753 2559 ἀσθενείας
1771 2523 1865 2572 τοῗῗῗῖι

1100 2586 1182 2613 ματος
1193 2596 1201 2611 ,
1218 2563 1406 2613 ἐνδυναμώσας
1423 2574 1498 2610 αὖτὸ,
1510 2572 1580 2603 ὥστε
1596 2573 1691 2611 μηκέτι
1709 2563 1864 2613 τυραννξξσθίίι

1097 2607 1149 2648 imo
1174 2607 1220 2655 ἧς
1239 2607 1383 2659 ἁμαρτίας.
1409 2617 1480 2649 Ἀλλ’
1491 2607 1601 2658 ’ὥσπερ
1617 2607 1660 2647 έιὰ
1675 2617 1720 2652 τὴν
1735 2607 1864 2659 τᾳρέεασίτ

1096 2666 1142 2692 τοῦ
1157 2653 1241 2703 Ἄδαρ.
1252 2653 1345 2700 θνητὸν
1360 2663 1483 2703 γεγονὸς,
1503 2653 1727 2702 εὐκαταγώνιστον
1747 2658 1776 2694 τῇ
1789 2653 1862 2691 ἀμαιΡή

1097 2708 1141 2749 τίᾳ
1161 2707 1298 2745 κατέστη·
1323 2707 1393 2738 οὕτω
1418 2706 1461 2736 διὰ
1485 2707 1532 2743 τὴν
1558 2707 1677 2744 ὓπακοὴν
1702 2703 1773 2734 αὐτοῦ
1794 2704 1854 2726 στίν

927 2757 1032 2798 .Variaa
1042 2792 1046 2797 Α
1055 2758 1205 2790 lectiones.

279 2791 302 2808 ⁶⁰
316 2794 366 2824 πῶς
378 2791 404 2819 δὲ
416 2800 454 2822 ΠΙ.
494 2793 513 2811 ⁵¹
532 2793 571 2824 ἔν.
612 2795 634 2812 ³⁸
651 2795 725 2832 ἔργον
740 2804 768 2826 ο.
