  <div class='ocr_page' id='page_1' title='image "/cluster/home/n/w/nwhite01/storage/ocr_20150623/124/njp.32101010942728/318.png"; bbox 0 0 1901 3077; ppageno 0'>
   <div class='ocr_carea' id='block_1_1' title="bbox 0 208 1212 242">
    <p class='ocr_par' dir='ltr' id='par_1_1' title="bbox 0 208 1212 242">
     <span class='ocr_line' id='line_1_1' title="bbox 0 208 1212 242; baseline -0.004 -1"><span class='ocrx_word' id='word_1_1' title='bbox 0 214 36 242; x_wconf 86' lang='lat'><strong>33</strong></span> <span class='ocrx_word' id='word_1_2' title='bbox 454 209 628 238; x_wconf 77' lang='lat' dir='ltr'><strong>EXPOSITIO</strong></span> <span class='ocrx_word' id='word_1_3' title='bbox 648 209 681 237; x_wconf 82' lang='grc' dir='ltr'><strong>ΙΝ</strong></span> <span class='ocrx_word' id='word_1_4' title='bbox 701 208 808 236; x_wconf 86' lang='lat' dir='ltr'><strong>EPIST.</strong></span> <span class='ocrx_word' id='word_1_5' title='bbox 828 208 874 236; x_wconf 81' lang='lat' dir='ltr'><strong>AD</strong></span> <span class='ocrx_word' id='word_1_6' title='bbox 892 208 975 236; x_wconf 79' lang='lat' dir='ltr'><strong>ROM.</strong></span> <span class='ocrx_word' id='word_1_7' title='bbox 995 223 1029 228; x_wconf 91' lang='lat'><em>—</em></span> <span class='ocrx_word' id='word_1_8' title='bbox 1048 209 1123 236; x_wconf 77' lang='lat' dir='ltr'><strong>CAP.</strong></span> <span class='ocrx_word' id='word_1_9' title='bbox 1144 209 1212 237; x_wconf 86' lang='lat' dir='ltr'><strong>Vlll.</strong></span> 
     </span>
    </p>
   </div>
   <div class='ocr_carea' id='block_1_2' title="bbox 1602 212 1653 240">
    <p class='ocr_par' dir='ltr' id='par_1_2' title="bbox 1602 212 1653 240">
     <span class='ocr_line' id='line_1_2' title="bbox 1602 212 1653 240; baseline 0 0"><span class='ocrx_word' id='word_1_10' title='bbox 1602 212 1653 240; x_wconf 72' lang='grc'>434</span> 
     </span>
    </p>
   </div>
   <div class='ocr_carea' id='block_1_3' title="bbox 0 270 783 313">
    <p class='ocr_par' dir='ltr' id='par_1_3' title="bbox 0 271 783 313">
     <span class='ocr_line' id='line_1_3' title="bbox 0 271 783 313; baseline -0.006 -8"><span class='ocrx_word' id='word_1_11' title='bbox 0 275 142 313; x_wconf 71' lang='grc' dir='ltr'>υθέντος,</span> <span class='ocrx_word' id='word_1_12' title='bbox 162 271 221 305; x_wconf 76' lang='grc' dir='ltr'>εἶτα</span> <span class='ocrx_word' id='word_1_13' title='bbox 247 273 423 310; x_wconf 74' lang='grc' dir='ltr'>ἀναστάντος,</span> <span class='ocrx_word' id='word_1_14' title='bbox 445 275 493 310; x_wconf 76' lang='grc' dir='ltr'><strong>τῆς</strong></span> <span class='ocrx_word' id='word_1_15' title='bbox 509 273 655 313; x_wconf 72' lang='grc' dir='ltr'><strong>ἀφθαρσίας</strong></span> <span class='ocrx_word' id='word_1_16' title='bbox 674 271 734 305; x_wconf 83' lang='grc' dir='ltr'>τοὺς</span> <span class='ocrx_word' id='word_1_17' title='bbox 751 272 783 309; x_wconf 80' lang='grc' dir='ltr'><strong>ἆῤ</strong></span> 
     </span>
    </p>
   </div>
   <div class='ocr_carea' id='block_1_4' title="bbox 879 270 1653 313">
    <p class='ocr_par' dir='ltr' id='par_1_4' title="bbox 879 270 1653 309">
     <span class='ocr_line' id='line_1_4' title="bbox 879 270 1653 309; baseline 0.005 -11"><span class='ocrx_word' id='word_1_18' title='bbox 879 271 934 299; x_wconf 56' lang='grc' dir='ltr'>ηοίιθ</span> <span class='ocrx_word' id='word_1_19' title='bbox 959 270 1142 299; x_wconf 81' lang='lat' dir='ltr'><strong>reddebatur:</strong></span> <span class='ocrx_word' id='word_1_20' title='bbox 1170 271 1210 299; x_wconf 92' lang='lat' dir='ltr'><strong>sic</strong></span> <span class='ocrx_word' id='word_1_21' title='bbox 1233 279 1280 307; x_wconf 89' lang='lat' dir='ltr'><strong>per</strong></span> <span class='ocrx_word' id='word_1_22' title='bbox 1316 272 1373 308; x_wconf 86' lang='lat' dir='ltr'><strong>ejus</strong></span> <span class='ocrx_word' id='word_1_23' title='bbox 1396 272 1583 302; x_wconf 78' lang='lat' dir='ltr'><strong>obedientiam</strong></span> <span class='ocrx_word' id='word_1_24' title='bbox 1608 275 1653 309; x_wconf 76' lang='lat' dir='ltr'><strong>qui</strong></span> 
     </span>
    </p>
   </div>
   <div class='ocr_carea' id='block_1_5' title="bbox 0 314 793 359">
    <p class='ocr_par' dir='ltr' id='par_1_5' title="bbox 0 314 793 359">
     <span class='ocr_line' id='line_1_5' title="bbox 0 314 793 359; baseline -0.008 -9"><span class='ocrx_word' id='word_1_25' title='bbox 0 321 116 354; x_wconf 71' lang='grc' dir='ltr'>ιϐῶνας</span> <span class='ocrx_word' id='word_1_26' title='bbox 141 320 302 359; x_wconf 73' lang='grc' dir='ltr'><strong>δεξάμενον,</strong></span> <span class='ocrx_word' id='word_1_27' title='bbox 325 318 396 349; x_wconf 81' lang='grc' dir='ltr'>κατὰ</span> <span class='ocrx_word' id='word_1_28' title='bbox 422 321 468 355; x_wconf 80' lang='grc' dir='ltr'>τῆς</span> <span class='ocrx_word' id='word_1_29' title='bbox 491 317 624 358; x_wconf 77' lang='grc' dir='ltr'>ἁμαρτίας</span> <span class='ocrx_word' id='word_1_30' title='bbox 646 316 756 346; x_wconf 77' lang='grc' dir='ltr'>ἵσταται</span> <span class='ocrx_word' id='word_1_31' title='bbox 768 314 793 333; x_wconf 73' lang='grc'><strong>⁸³</strong></span> 
     </span>
    </p>
   </div>
   <div class='ocr_carea' id='block_1_6' title="bbox 0 365 131 400">
    <p class='ocr_par' dir='ltr' id='par_1_6' title="bbox 0 365 131 400">
     <span class='ocr_line' id='line_1_6' title="bbox 0 365 131 400; baseline 0.008 -5"><span class='ocrx_word' id='word_1_32' title='bbox 0 365 131 400; x_wconf 67' lang='grc' dir='ltr'>Νναίως.</span> 
     </span>
    </p>
   </div>
   <div class='ocr_carea' id='block_1_7' title="bbox 280 427 495 460">
    <p class='ocr_par' dir='ltr' id='par_1_7' title="bbox 280 427 495 460">
     <span class='ocr_line' id='line_1_7' title="bbox 280 427 495 460; baseline -0.009 0"><span class='ocrx_word' id='word_1_33' title='bbox 280 430 303 460; x_wconf 82' lang='grc' dir='ltr'>Κ</span> <span class='ocrx_word' id='word_1_34' title='bbox 311 429 423 460; x_wconf 78' lang='grc' dir='ltr'><strong>ΕΦΑΛ.</strong></span> <span class='ocrx_word' id='word_1_35' title='bbox 448 427 495 458; x_wconf 86' lang='lat' dir='ltr'><strong>H&#39;.</strong></span> 
     </span>
    </p>
   </div>
   <div class='ocr_carea' id='block_1_8' title="bbox 21 498 793 545">
    <p class='ocr_par' dir='ltr' id='par_1_8' title="bbox 21 498 793 545">
     <span class='ocr_line' id='line_1_8' title="bbox 21 498 793 545; baseline -0.008 -10"><span class='ocrx_word' id='word_1_36' title='bbox 21 519 34 531; x_wconf 82' lang='lat'><strong>-</strong></span> <span class='ocrx_word' id='word_1_37' title='bbox 60 504 140 545; x_wconf 80' lang='grc' dir='ltr'>Ἆρα</span> <span class='ocrx_word' id='word_1_38' title='bbox 159 498 206 533; x_wconf 61' lang='grc' dir='ltr'><strong>οὖν</strong></span> <span class='ocrx_word' id='word_1_39' title='bbox 229 503 305 537; x_wconf 77' lang='grc' dir='ltr'>αὐτὸς</span> <span class='ocrx_word' id='word_1_40' title='bbox 330 501 383 542; x_wconf 80' lang='grc' dir='ltr'><strong>ἐγὼ</strong></span> <span class='ocrx_word' id='word_1_41' title='bbox 403 503 441 543; x_wconf 83' lang='grc' dir='ltr'><strong>τῷ</strong></span> <span class='ocrx_word' id='word_1_42' title='bbox 457 501 505 540; x_wconf 86' lang='grc' dir='ltr'>μὲν</span> <span class='ocrx_word' id='word_1_43' title='bbox 519 498 558 531; x_wconf 71' lang='grc' dir='ltr'><strong>νοῒ</strong></span> <span class='ocrx_word' id='word_1_44' title='bbox 581 499 698 531; x_wconf 77' lang='grc' dir='ltr'><strong>δουλεύω</strong></span> <span class='ocrx_word' id='word_1_45' title='bbox 718 499 793 539; x_wconf 80' lang='grc' dir='ltr'>νόμῳ</span> 
     </span>
    </p>
   </div>
   <div class='ocr_carea' id='block_1_9' title="bbox 1 545 791 589">
    <p class='ocr_par' dir='ltr' id='par_1_9' title="bbox 1 545 791 589">
     <span class='ocr_line' id='line_1_9' title="bbox 1 545 791 589; baseline -0.009 -9"><span class='ocrx_word' id='word_1_46' title='bbox 1 553 50 580; x_wconf 55' lang='lat' dir='ltr'><strong>eo?</strong></span> <span class='ocrx_word' id='word_1_47' title='bbox 62 573 72 586; x_wconf 90' lang='lat'><strong>,</strong></span> <span class='ocrx_word' id='word_1_48' title='bbox 150 549 180 578; x_wconf 80' lang='grc' dir='ltr'><strong>δὲ</strong></span> <span class='ocrx_word' id='word_1_49' title='bbox 197 549 277 588; x_wconf 74' lang='grc' dir='ltr'>σαρκὶ</span> <span class='ocrx_word' id='word_1_50' title='bbox 292 547 365 588; x_wconf 82' lang='grc' dir='ltr'>νόμῳ</span> <span class='ocrx_word' id='word_1_51' title='bbox 379 546 521 587; x_wconf 76' lang='grc' dir='ltr'>ἁμαρτίας.</span> <span class='ocrx_word' id='word_1_52' title='bbox 539 545 625 576; x_wconf 75' lang='grc' dir='ltr'>Οὐδὲν</span> <span class='ocrx_word' id='word_1_53' title='bbox 639 546 691 586; x_wconf 83' lang='grc' dir='ltr'><strong>ἄρα</strong></span> <span class='ocrx_word' id='word_1_54' title='bbox 706 545 791 574; x_wconf 80' lang='grc' dir='ltr'>κατά-</span> 
     </span>
    </p>
   </div>
   <div class='ocr_carea' id='block_1_10' title="bbox 0 589 794 633">
    <p class='ocr_par' dir='ltr' id='par_1_10' title="bbox 0 589 794 633">
     <span class='ocr_line' id='line_1_10' title="bbox 0 589 794 633; baseline -0.008 -9"><span class='ocrx_word' id='word_1_55' title='bbox 0 607 67 633; x_wconf 73' lang='grc' dir='ltr'>)ιμα</span> <span class='ocrx_word' id='word_1_56' title='bbox 90 597 143 623; x_wconf 79' lang='grc' dir='ltr'>ν’ὖν</span> <span class='ocrx_word' id='word_1_57' title='bbox 167 595 222 627; x_wconf 81' lang='grc' dir='ltr'>τοῖς</span> <span class='ocrx_word' id='word_1_58' title='bbox 249 594 275 622; x_wconf 81' lang='grc' dir='ltr'><strong>ἐν</strong></span> <span class='ocrx_word' id='word_1_59' title='bbox 299 593 407 633; x_wconf 75' lang='grc' dir='ltr'>Χριστῷ</span> <span class='ocrx_word' id='word_1_60' title='bbox 424 591 533 628; x_wconf 73' lang='grc' dir='ltr'>Ἰησοῦ,</span> <span class='ocrx_word' id='word_1_61' title='bbox 558 590 595 629; x_wconf 85' lang='grc' dir='ltr'><strong>μὴ</strong></span> <span class='ocrx_word' id='word_1_62' title='bbox 615 590 684 619; x_wconf 73' lang='grc' dir='ltr'>κατὰ</span> <span class='ocrx_word' id='word_1_63' title='bbox 708 589 794 629; x_wconf 76' lang='grc' dir='ltr'>σάρκα</span> 
     </span>
    </p>
   </div>
   <div class='ocr_carea' id='block_1_11' title="bbox 0 633 793 679">
    <p class='ocr_par' dir='ltr' id='par_1_11' title="bbox 0 633 793 679">
     <span class='ocr_line' id='line_1_11' title="bbox 0 633 793 679; baseline -0.008 -10"><span class='ocrx_word' id='word_1_64' title='bbox 0 642 204 679; x_wconf 78' lang='grc' dir='ltr'>εριπατσῢσιν,</span> <span class='ocrx_word' id='word_1_65' title='bbox 217 637 286 667; x_wconf 74' lang='grc' dir='ltr'><strong>ἀλλὰ</strong></span> <span class='ocrx_word' id='word_1_66' title='bbox 298 637 367 667; x_wconf 78' lang='grc' dir='ltr'>κατὰ</span> <span class='ocrx_word' id='word_1_67' title='bbox 383 639 500 675; x_wconf 75' lang='grc' dir='ltr'>πνεῦμα.</span> <span class='ocrx_word' id='word_1_68' title='bbox 516 650 529 662; x_wconf 73' lang='grc' dir='ltr'><strong>ι</strong></span> <span class='ocrx_word' id='word_1_69' title='bbox 540 636 581 666; x_wconf 83' lang='grc' dir='ltr'>Τὸ</span> <span class='ocrx_word' id='word_1_70' title='bbox 591 659 598 672; x_wconf 94' lang='grc'><strong>,</strong></span> <span class='ocrx_word' id='word_1_71' title='bbox 612 649 623 662; x_wconf 78' lang='grc' dir='ltr'>ι</span> <span class='ocrx_word' id='word_1_72' title='bbox 637 633 793 679; x_wconf 49' lang='grc' dir='ltr'>Δουλιύωμ</span> 
     </span>
    </p>
   </div>
   <div class='ocr_carea' id='block_1_12' title="bbox 0 678 793 721">
    <p class='ocr_par' dir='ltr' id='par_1_12' title="bbox 0 678 793 721">
     <span class='ocr_line' id='line_1_12' title="bbox 0 678 793 721; baseline -0.008 -8"><span class='ocrx_word' id='word_1_73' title='bbox 0 678 33 712; x_wconf 69' lang='grc' dir='ltr'><strong>ντὶ</strong></span> <span class='ocrx_word' id='word_1_74' title='bbox 52 687 110 713; x_wconf 75' lang='grc' dir='ltr'><strong>τοῦ</strong></span> <span class='ocrx_word' id='word_1_75' title='bbox 121 707 128 716; x_wconf 88' lang='grc'><strong>,</strong></span> <span class='ocrx_word' id='word_1_76' title='bbox 156 682 293 713; x_wconf 76' lang='grc' dir='ltr'><strong>ἐδούλευον</strong></span> <span class='ocrx_word' id='word_1_77' title='bbox 307 693 313 699; x_wconf 92' lang='grc'>·</span> <span class='ocrx_word' id='word_1_78' title='bbox 333 683 386 711; x_wconf 79' lang='grc' dir='ltr'><strong>τῶν</strong></span> <span class='ocrx_word' id='word_1_79' title='bbox 403 680 453 721; x_wconf 77' lang='grc' dir='ltr'><strong>γὰρ</strong></span> <span class='ocrx_word' id='word_1_80' title='bbox 479 680 614 721; x_wconf 76' lang='grc' dir='ltr'><strong>προτέρων</strong></span> <span class='ocrx_word' id='word_1_81' title='bbox 639 678 793 717; x_wconf 79' lang='grc' dir='ltr'>ἀναμιμνή-</span> 
     </span>
    </p>
   </div>
   <div class='ocr_carea' id='block_1_13' title="bbox 0 725 794 767">
    <p class='ocr_par' dir='ltr' id='par_1_13' title="bbox 0 725 794 767">
     <span class='ocr_line' id='line_1_13' title="bbox 0 725 794 767; baseline -0.01 -7"><span class='ocrx_word' id='word_1_82' title='bbox 0 741 45 760; x_wconf 78' lang='grc' dir='ltr'>ιει.</span> <span class='ocrx_word' id='word_1_83' title='bbox 62 728 196 759; x_wconf 82' lang='grc' dir='ltr'><strong>Μέλλων</strong></span> <span class='ocrx_word' id='word_1_84' title='bbox 211 727 262 767; x_wconf 82' lang='grc' dir='ltr'><strong>γὰρ</strong></span> <span class='ocrx_word' id='word_1_85' title='bbox 278 727 359 756; x_wconf 78' lang='grc' dir='ltr'>εἰπεῖν</span> <span class='ocrx_word' id='word_1_86' title='bbox 370 750 378 766; x_wconf 88' lang='lat'><strong>,</strong></span> <span class='ocrx_word' id='word_1_87' title='bbox 392 726 431 756; x_wconf 77' lang='grc' dir='ltr'><strong>ὅτι</strong></span> <span class='ocrx_word' id='word_1_88' title='bbox 444 740 457 752; x_wconf 73' lang='grc' dir='ltr'>ι</span> <span class='ocrx_word' id='word_1_89' title='bbox 473 725 557 756; x_wconf 78' lang='grc' dir='ltr'>Οὐδὲν</span> <span class='ocrx_word' id='word_1_90' title='bbox 574 725 625 764; x_wconf 81' lang='grc' dir='ltr'><strong>ἄρα</strong></span> <span class='ocrx_word' id='word_1_91' title='bbox 641 725 794 764; x_wconf 79' lang='grc' dir='ltr'>κατάκριμα</span> 
     </span>
    </p>
   </div>
   <div class='ocr_carea' id='block_1_14' title="bbox 0 768 794 810">
    <p class='ocr_par' dir='ltr' id='par_1_14' title="bbox 0 768 794 810">
     <span class='ocr_line' id='line_1_14' title="bbox 0 768 794 810; baseline -0.005 -9"><span class='ocrx_word' id='word_1_92' title='bbox 0 777 37 810; x_wconf 67' lang='grc' dir='ltr'><strong>ἓν,</strong></span> <span class='ocrx_word' id='word_1_93' title='bbox 54 787 69 800; x_wconf 69' lang='grc'><strong>1</strong></span> <span class='ocrx_word' id='word_1_94' title='bbox 89 774 143 802; x_wconf 78' lang='grc' dir='ltr'><strong>καὶ</strong></span> <span class='ocrx_word' id='word_1_95' title='bbox 159 773 195 802; x_wconf 77' lang='grc' dir='ltr'>τὰ</span> <span class='ocrx_word' id='word_1_96' title='bbox 210 772 277 808; x_wconf 76' lang='grc' dir='ltr'><strong>ἑξῆς,</strong></span> <span class='ocrx_word' id='word_1_97' title='bbox 287 771 332 800; x_wconf 79' lang='grc' dir='ltr'><strong>καὶ</strong></span> <span class='ocrx_word' id='word_1_98' title='bbox 342 771 461 806; x_wconf 81' lang='grc' dir='ltr'>δηλῶσαι</span> <span class='ocrx_word' id='word_1_99' title='bbox 476 770 525 805; x_wconf 85' lang='grc' dir='ltr'><strong>τὴν</strong></span> <span class='ocrx_word' id='word_1_100' title='bbox 539 769 639 810; x_wconf 71' lang='grc' dir='ltr'>ἄφατον</span> <span class='ocrx_word' id='word_1_101' title='bbox 654 768 733 809; x_wconf 84' lang='grc' dir='ltr'>χάριν</span> <span class='ocrx_word' id='word_1_102' title='bbox 748 771 794 798; x_wconf 79' lang='grc' dir='ltr'><strong>τοῦ</strong></span> 
     </span>
    </p>
   </div>
   <div class='ocr_carea' id='block_1_15' title="bbox 2 813 794 859">
    <p class='ocr_par' dir='ltr' id='par_1_15' title="bbox 2 813 794 859">
     <span class='ocr_line' id='line_1_15' title="bbox 2 813 794 859; baseline -0.008 -11"><span class='ocrx_word' id='word_1_103' title='bbox 2 821 108 859; x_wconf 78' lang='grc' dir='ltr'>ριστοῧ</span> <span class='ocrx_word' id='word_1_104' title='bbox 123 841 133 857; x_wconf 78' lang='lat'><strong>,</strong></span> <span class='ocrx_word' id='word_1_105' title='bbox 157 817 372 856; x_wconf 77' lang='grc' dir='ltr'>ἀναμιμνήσκει,</span> <span class='ocrx_word' id='word_1_106' title='bbox 387 817 444 849; x_wconf 76' lang='grc' dir='ltr'>πῶς</span> <span class='ocrx_word' id='word_1_107' title='bbox 458 816 584 855; x_wconf 82' lang='grc' dir='ltr'>πρότερον</span> <span class='ocrx_word' id='word_1_108' title='bbox 605 814 712 855; x_wconf 76' lang='grc' dir='ltr'>εἴχομεν</span> <span class='ocrx_word' id='word_1_109' title='bbox 722 837 730 852; x_wconf 91' lang='grc'><strong>,</strong></span> <span class='ocrx_word' id='word_1_110' title='bbox 747 813 794 843; x_wconf 82' lang='grc' dir='ltr'><strong>καὶ</strong></span> 
     </span>
    </p>
   </div>
   <div class='ocr_carea' id='block_1_16' title="bbox 0 859 794 901">
    <p class='ocr_par' dir='ltr' id='par_1_16' title="bbox 0 859 794 901">
     <span class='ocr_line' id='line_1_16' title="bbox 0 859 794 901; baseline -0.008 -8"><span class='ocrx_word' id='word_1_111' title='bbox 0 877 14 891; x_wconf 82' lang='grc' dir='ltr'><strong>ἰ</strong></span> <span class='ocrx_word' id='word_1_112' title='bbox 28 865 171 901; x_wconf 62' lang='grc' dir='ltr'>ἐννοοῦμεν</span> <span class='ocrx_word' id='word_1_113' title='bbox 187 862 216 891; x_wconf 75' lang='grc' dir='ltr'><strong>τὸ</strong></span> <span class='ocrx_word' id='word_1_114' title='bbox 230 861 310 890; x_wconf 77' lang='grc' dir='ltr'>καλὸν</span> <span class='ocrx_word' id='word_1_115' title='bbox 320 884 328 899; x_wconf 83' lang='grc'><strong>,</strong></span> <span class='ocrx_word' id='word_1_116' title='bbox 344 871 359 890; x_wconf 78' lang='lat' dir='ltr'><strong>n</strong></span> <span class='ocrx_word' id='word_1_117' title='bbox 429 862 509 900; x_wconf 78' lang='grc' dir='ltr'>σαρκὶ</span> <span class='ocrx_word' id='word_1_118' title='bbox 524 874 536 886; x_wconf 72' lang='grc' dir='ltr'><strong>υ</strong></span> <span class='ocrx_word' id='word_1_119' title='bbox 556 859 584 889; x_wconf 81' lang='grc' dir='ltr'><strong>δὲ</strong></span> <span class='ocrx_word' id='word_1_120' title='bbox 594 881 602 896; x_wconf 94' lang='grc'><strong>,</strong></span> <span class='ocrx_word' id='word_1_121' title='bbox 619 859 747 896; x_wconf 74' lang='grc' dir='ltr'><strong>τουτέστι,</strong></span> 
     </span>
    </p>
   </div>
   <div class='ocr_carea' id='block_1_17' title="bbox 0 903 792 948">
    <p class='ocr_par' dir='ltr' id='par_1_17' title="bbox 0 903 792 948">
     <span class='ocr_line' id='line_1_17' title="bbox 0 903 792 948; baseline -0.006 -11"><span class='ocrx_word' id='word_1_122' title='bbox 0 911 20 944; x_wconf 75' lang='grc' dir='ltr'>ῖς</span> <span class='ocrx_word' id='word_1_123' title='bbox 54 907 169 948; x_wconf 80' lang='grc' dir='ltr'>σαρκὸς</span> <span class='ocrx_word' id='word_1_124' title='bbox 205 905 339 944; x_wconf 74' lang='grc' dir='ltr'><strong>ἀσθενείᾳ,</strong></span> <span class='ocrx_word' id='word_1_125' title='bbox 368 905 551 943; x_wconf 76' lang='grc' dir='ltr'>ὖπεπίπτομεν</span> <span class='ocrx_word' id='word_1_126' title='bbox 581 905 618 944; x_wconf 77' lang='grc' dir='ltr'><strong>τῷ</strong></span> <span class='ocrx_word' id='word_1_127' title='bbox 645 903 718 943; x_wconf 84' lang='grc' dir='ltr'>νόμῳ</span> <span class='ocrx_word' id='word_1_128' title='bbox 746 904 792 938; x_wconf 76' lang='grc' dir='ltr'><strong>τῆς</strong></span> 
     </span>
    </p>
   </div>
   <div class='ocr_carea' id='block_1_18' title="bbox 849 315 1653 353">
    <p class='ocr_par' dir='ltr' id='par_1_18' title="bbox 849 315 1653 353">
     <span class='ocr_line' id='line_1_18' title="bbox 849 315 1653 353; baseline 0.001 -10"><span class='ocrx_word' id='word_1_129' title='bbox 849 315 997 344; x_wconf 79' lang='lat' dir='ltr'><strong>cruciﬁxus</strong></span> <span class='ocrx_word' id='word_1_130' title='bbox 1010 321 1052 344; x_wconf 83' lang='lat' dir='ltr'><strong>est</strong></span> <span class='ocrx_word' id='word_1_131' title='bbox 1074 320 1103 344; x_wconf 88' lang='lat' dir='ltr'><strong>et</strong></span> <span class='ocrx_word' id='word_1_132' title='bbox 1120 316 1279 350; x_wconf 75' lang='lat' dir='ltr'><strong>resurrexit,</strong></span> <span class='ocrx_word' id='word_1_133' title='bbox 1297 317 1379 345; x_wconf 85' lang='lat' dir='ltr'><strong>arrha</strong></span> <span class='ocrx_word' id='word_1_134' title='bbox 1391 321 1512 352; x_wconf 81' lang='lat' dir='ltr'><strong>accepta,</strong></span> <span class='ocrx_word' id='word_1_135' title='bbox 1539 323 1653 353; x_wconf 65' lang='lat' dir='ltr'><strong>peccato</strong></span> 
     </span>
    </p>
   </div>
   <div class='ocr_carea' id='block_1_19' title="bbox 849 359 1084 390">
    <p class='ocr_par' dir='ltr' id='par_1_19' title="bbox 849 359 1084 390">
     <span class='ocr_line' id='line_1_19' title="bbox 849 359 1084 390; baseline 0.004 -3"><span class='ocrx_word' id='word_1_136' title='bbox 849 359 960 388; x_wconf 78' lang='lat' dir='ltr'><strong>fortiter</strong></span> <span class='ocrx_word' id='word_1_137' title='bbox 973 361 1084 390; x_wconf 77' lang='lat' dir='ltr'><strong>resistit.</strong></span> 
     </span>
    </p>
   </div>
   <div class='ocr_carea' id='block_1_20' title="bbox 1132 437 1368 467">
    <p class='ocr_par' dir='ltr' id='par_1_20' title="bbox 1132 437 1368 467">
     <span class='ocr_line' id='line_1_20' title="bbox 1132 437 1368 467; baseline 0 -1"><span class='ocrx_word' id='word_1_138' title='bbox 1132 437 1212 466; x_wconf 72' lang='lat' dir='ltr'><strong>CAP.</strong></span> <span class='ocrx_word' id='word_1_139' title='bbox 1228 438 1368 467; x_wconf 79' lang='lat' dir='ltr'><strong>Vll-Vlll.</strong></span> 
     </span>
    </p>
   </div>
   <div class='ocr_carea' id='block_1_21' title="bbox 887 513 1647 551">
    <p class='ocr_par' dir='ltr' id='par_1_21' title="bbox 887 513 1647 551">
     <span class='ocr_line' id='line_1_21' title="bbox 887 513 1647 551; baseline 0 -10"><span class='ocrx_word' id='word_1_140' title='bbox 887 513 976 543; x_wconf 67' lang='lat' dir='ltr'><strong>Vsus.</strong></span> <span class='ocrx_word' id='word_1_141' title='bbox 1001 517 1046 548; x_wconf 79' lang='lat'><strong>25,</strong></span> <span class='ocrx_word' id='word_1_142' title='bbox 1064 516 1087 542; x_wconf 77' lang='grc'><strong>1.</strong></span> <span class='ocrx_word' id='word_1_143' title='bbox 1102 525 1115 538; x_wconf 75' lang='grc' dir='ltr'><strong>ε</strong></span> <span class='ocrx_word' id='word_1_144' title='bbox 1139 514 1226 550; x_wconf 82' lang='lat' dir='ltr'><strong>Igitur</strong></span> <span class='ocrx_word' id='word_1_145' title='bbox 1240 522 1292 550; x_wconf 87' lang='lat' dir='ltr'><strong>ego</strong></span> <span class='ocrx_word' id='word_1_146' title='bbox 1309 514 1367 551; x_wconf 90' lang='lat' dir='ltr'><strong>ipse</strong></span> <span class='ocrx_word' id='word_1_147' title='bbox 1382 518 1473 542; x_wconf 82' lang='lat' dir='ltr'><strong>mente</strong></span> <span class='ocrx_word' id='word_1_148' title='bbox 1490 515 1580 543; x_wconf 82' lang='lat' dir='ltr'><strong>servio</strong></span> <span class='ocrx_word' id='word_1_149' title='bbox 1595 515 1647 551; x_wconf 71' lang='lat' dir='ltr'><strong>lngi</strong></span> 
     </span>
    </p>
   </div>
   <div class='ocr_carea' id='block_1_22' title="bbox 847 559 1649 596">
    <p class='ocr_par' dir='ltr' id='par_1_22' title="bbox 847 559 1649 596">
     <span class='ocr_line' id='line_1_22' title="bbox 847 559 1649 596; baseline -0.001 -8"><span class='ocrx_word' id='word_1_150' title='bbox 847 560 909 594; x_wconf 91' lang='lat' dir='ltr'><strong>Dei,</strong></span> <span class='ocrx_word' id='word_1_151' title='bbox 929 567 1011 588; x_wconf 91' lang='lat' dir='ltr'><strong>carne</strong></span> <span class='ocrx_word' id='word_1_152' title='bbox 1027 563 1121 587; x_wconf 86' lang='lat' dir='ltr'><strong>autem</strong></span> <span class='ocrx_word' id='word_1_153' title='bbox 1140 559 1194 596; x_wconf 90' lang='lat' dir='ltr'><strong>legi</strong></span> <span class='ocrx_word' id='word_1_154' title='bbox 1216 560 1329 595; x_wconf 88' lang='lat' dir='ltr'><strong>peccati.</strong></span> <span class='ocrx_word' id='word_1_155' title='bbox 1344 559 1419 587; x_wconf 87' lang='lat' dir='ltr'><strong>Nihil</strong></span> <span class='ocrx_word' id='word_1_156' title='bbox 1437 567 1504 596; x_wconf 87' lang='lat' dir='ltr'><strong>ergo</strong></span> <span class='ocrx_word' id='word_1_157' title='bbox 1517 567 1590 588; x_wconf 90' lang='lat' dir='ltr'><strong>nunc</strong></span> <span class='ocrx_word' id='word_1_158' title='bbox 1601 560 1649 588; x_wconf 84' lang='lat' dir='ltr'><strong>da-</strong></span> 
     </span>
    </p>
   </div>
   <div class='ocr_carea' id='block_1_23' title="bbox 848 604 1644 641">
    <p class='ocr_par' dir='ltr' id='par_1_23' title="bbox 848 604 1644 641">
     <span class='ocr_line' id='line_1_23' title="bbox 848 604 1644 641; baseline -0.001 -9"><span class='ocrx_word' id='word_1_159' title='bbox 848 605 998 633; x_wconf 86' lang='lat' dir='ltr'><strong>mnationis</strong></span> <span class='ocrx_word' id='word_1_160' title='bbox 1008 608 1050 632; x_wconf 87' lang='lat' dir='ltr'><strong>est</strong></span> <span class='ocrx_word' id='word_1_161' title='bbox 1064 604 1096 632; x_wconf 90' lang='lat' dir='ltr'><strong>iis</strong></span> <span class='ocrx_word' id='word_1_162' title='bbox 1111 604 1156 640; x_wconf 91' lang='lat' dir='ltr'><strong>qui</strong></span> <span class='ocrx_word' id='word_1_163' title='bbox 1169 608 1233 632; x_wconf 89' lang='lat' dir='ltr'><strong>sunt</strong></span> <span class='ocrx_word' id='word_1_164' title='bbox 1247 605 1275 632; x_wconf 90' lang='lat' dir='ltr'><strong>in</strong></span> <span class='ocrx_word' id='word_1_165' title='bbox 1290 604 1398 632; x_wconf 87' lang='lat' dir='ltr'><strong>Christo</strong></span> <span class='ocrx_word' id='word_1_166' title='bbox 1414 605 1490 638; x_wconf 86' lang='lat' dir='ltr'><strong>Jesu,</strong></span> <span class='ocrx_word' id='word_1_167' title='bbox 1516 604 1562 641; x_wconf 89' lang='lat' dir='ltr'><strong>qui</strong></span> <span class='ocrx_word' id='word_1_168' title='bbox 1591 614 1644 631; x_wconf 75' lang='lat' dir='ltr'><strong>non</strong></span> 
     </span>
    </p>
   </div>
   <div class='ocr_carea' id='block_1_24' title="bbox 847 649 1648 685">
    <p class='ocr_par' dir='ltr' id='par_1_24' title="bbox 847 649 1648 685">
     <span class='ocr_line' id='line_1_24' title="bbox 847 649 1648 685; baseline -0.002 -7"><span class='ocrx_word' id='word_1_169' title='bbox 847 649 1001 678; x_wconf 88' lang='lat' dir='ltr'><strong>secundum</strong></span> <span class='ocrx_word' id='word_1_170' title='bbox 1016 657 1132 677; x_wconf 79' lang='lat' dir='ltr'><strong>carnem</strong></span> <span class='ocrx_word' id='word_1_171' title='bbox 1156 649 1310 682; x_wconf 81' lang='lat' dir='ltr'><strong>ambulant,</strong></span> <span class='ocrx_word' id='word_1_172' title='bbox 1324 649 1372 677; x_wconf 88' lang='lat' dir='ltr'><strong>sed</strong></span> <span class='ocrx_word' id='word_1_173' title='bbox 1393 649 1546 677; x_wconf 86' lang='lat' dir='ltr'><strong>secundum</strong></span> <span class='ocrx_word' id='word_1_174' title='bbox 1569 650 1648 685; x_wconf 83' lang='lat' dir='ltr'><strong>spiri-</strong></span> 
     </span>
    </p>
   </div>
   <div class='ocr_carea' id='block_1_25' title="bbox 848 693 1648 730">
    <p class='ocr_par' dir='ltr' id='par_1_25' title="bbox 848 693 1648 730">
     <span class='ocr_line' id='line_1_25' title="bbox 848 693 1648 730; baseline -0.003 -8"><span class='ocrx_word' id='word_1_175' title='bbox 848 699 918 722; x_wconf 85' lang='lat' dir='ltr'><strong>tum.</strong></span> <span class='ocrx_word' id='word_1_176' title='bbox 937 706 950 719; x_wconf 74' lang='grc' dir='ltr'><strong>ιι</strong></span> <span class='ocrx_word' id='word_1_177' title='bbox 965 705 1022 718; x_wconf 76' lang='grc' dir='ltr'><strong>-α</strong></span> <span class='ocrx_word' id='word_1_178' title='bbox 1035 693 1140 728; x_wconf 84' lang='lat' dir='ltr'><strong>Servio,</strong></span> <span class='ocrx_word' id='word_1_179' title='bbox 1154 705 1167 718; x_wconf 70' lang='grc' dir='ltr'><strong><em>ι</em></strong></span> <span class='ocrx_word' id='word_1_180' title='bbox 1180 702 1230 729; x_wconf 91' lang='lat' dir='ltr'><strong>pro</strong></span> <span class='ocrx_word' id='word_1_181' title='bbox 1241 693 1404 727; x_wconf 85' lang='lat' dir='ltr'><strong>serviebam,</strong></span> <span class='ocrx_word' id='word_1_182' title='bbox 1420 693 1488 721; x_wconf 84' lang='lat' dir='ltr'><strong>dixit</strong></span> <span class='ocrx_word' id='word_1_183' title='bbox 1500 704 1506 722; x_wconf 86' lang='lat'><strong>:</strong></span> <span class='ocrx_word' id='word_1_184' title='bbox 1524 694 1648 730; x_wconf 84' lang='lat' dir='ltr'><strong>priorum</strong></span> 
     </span>
    </p>
   </div>
   <div class='ocr_carea' id='block_1_26' title="bbox 847 738 1649 776">
    <p class='ocr_par' dir='ltr' id='par_1_26' title="bbox 847 738 1649 776">
     <span class='ocr_line' id='line_1_26' title="bbox 847 738 1649 776; baseline -0.002 -9"><span class='ocrx_word' id='word_1_185' title='bbox 847 747 967 776; x_wconf 89' lang='lat' dir='ltr'><strong>namque</strong></span> <span class='ocrx_word' id='word_1_186' title='bbox 980 738 1116 767; x_wconf 88' lang='lat' dir='ltr'><strong>meminit.</strong></span> <span class='ocrx_word' id='word_1_187' title='bbox 1132 739 1263 767; x_wconf 84' lang='lat' dir='ltr'><strong>Dicturus</strong></span> <span class='ocrx_word' id='word_1_188' title='bbox 1276 739 1361 772; x_wconf 90' lang='lat' dir='ltr'><strong>enim,</strong></span> <span class='ocrx_word' id='word_1_189' title='bbox 1377 750 1390 762; x_wconf 79' lang='grc' dir='ltr'><strong>ι</strong></span> <span class='ocrx_word' id='word_1_190' title='bbox 1407 738 1481 766; x_wconf 85' lang='lat' dir='ltr'><strong>Nihil</strong></span> <span class='ocrx_word' id='word_1_191' title='bbox 1493 746 1558 775; x_wconf 82' lang='lat' dir='ltr'><strong>ergo</strong></span> <span class='ocrx_word' id='word_1_192' title='bbox 1575 747 1649 766; x_wconf 75' lang='lat' dir='ltr'><strong>nunr-</strong></span> 
     </span>
    </p>
   </div>
   <div class='ocr_carea' id='block_1_27' title="bbox 848 782 1647 819">
    <p class='ocr_par' dir='ltr' id='par_1_27' title="bbox 848 782 1647 819">
     <span class='ocr_line' id='line_1_27' title="bbox 848 782 1647 819; baseline -0.001 -7"><span class='ocrx_word' id='word_1_193' title='bbox 848 783 1040 818; x_wconf 83' lang='lat' dir='ltr'><strong>damnationis,</strong></span> <span class='ocrx_word' id='word_1_194' title='bbox 1055 795 1068 808; x_wconf 77' lang='grc' dir='ltr'><strong>ι</strong></span> <span class='ocrx_word' id='word_1_195' title='bbox 1084 788 1150 819; x_wconf 88' lang='lat' dir='ltr'><strong>etc.,</strong></span> <span class='ocrx_word' id='word_1_196' title='bbox 1169 791 1276 812; x_wconf 89' lang='lat' dir='ltr'><strong>necnon</strong></span> <span class='ocrx_word' id='word_1_197' title='bbox 1290 783 1464 811; x_wconf 85' lang='lat' dir='ltr'><strong>indicaturus</strong></span> <span class='ocrx_word' id='word_1_198' title='bbox 1478 782 1647 811; x_wconf 73' lang='lat' dir='ltr'><strong>ineﬂ‘abilvm</strong></span> 
     </span>
    </p>
   </div>
   <div class='ocr_carea' id='block_1_28' title="bbox 846 828 1649 865">
    <p class='ocr_par' dir='ltr' id='par_1_28' title="bbox 846 828 1649 865">
     <span class='ocr_line' id='line_1_28' title="bbox 846 828 1649 865; baseline -0.002 -9"><span class='ocrx_word' id='word_1_199' title='bbox 846 829 961 865; x_wconf 79' lang='lat' dir='ltr'><strong>gratiam</strong></span> <span class='ocrx_word' id='word_1_200' title='bbox 976 828 1090 862; x_wconf 83' lang='lat' dir='ltr'><strong>Christi,</strong></span> <span class='ocrx_word' id='word_1_201' title='bbox 1105 828 1140 856; x_wconf 84' lang='lat' dir='ltr'><strong>ad</strong></span> <span class='ocrx_word' id='word_1_202' title='bbox 1158 828 1324 856; x_wconf 84' lang='lat' dir='ltr'><strong>memoriam</strong></span> <span class='ocrx_word' id='word_1_203' title='bbox 1352 831 1462 856; x_wconf 77' lang='lat' dir='ltr'><strong>revocat</strong></span> <span class='ocrx_word' id='word_1_204' title='bbox 1482 828 1577 863; x_wconf 86' lang='lat' dir='ltr'><strong>quales</strong></span> <span class='ocrx_word' id='word_1_205' title='bbox 1599 837 1649 855; x_wconf 85' lang='lat' dir='ltr'><strong>nos</strong></span> 
     </span>
    </p>
   </div>
   <div class='ocr_carea' id='block_1_29' title="bbox 848 872 1647 909">
    <p class='ocr_par' dir='ltr' id='par_1_29' title="bbox 848 872 1647 909">
     <span class='ocr_line' id='line_1_29' title="bbox 848 872 1647 909; baseline -0.003 -8"><span class='ocrx_word' id='word_1_206' title='bbox 848 878 927 901; x_wconf 85' lang='lat' dir='ltr'><strong>antea</strong></span> <span class='ocrx_word' id='word_1_207' title='bbox 950 873 1127 909; x_wconf 80' lang='lat' dir='ltr'><strong>gesserimus,</strong></span> <span class='ocrx_word' id='word_1_208' title='bbox 1144 877 1171 900; x_wconf 83' lang='lat' dir='ltr'><strong>et</strong></span> <span class='ocrx_word' id='word_1_209' title='bbox 1185 872 1259 908; x_wconf 92' lang='lat' dir='ltr'><strong>quod</strong></span> <span class='ocrx_word' id='word_1_210' title='bbox 1283 872 1386 900; x_wconf 86' lang='lat' dir='ltr'><strong>bonum</strong></span> <span class='ocrx_word' id='word_1_211' title='bbox 1415 872 1647 909; x_wconf 58' lang='lat' dir='ltr'><strong>intelligebamus,</strong></span> 
     </span>
    </p>
   </div>
   <div class='ocr_carea' id='block_1_30' title="bbox 850 916 1647 951">
    <p class='ocr_par' dir='ltr' id='par_1_30' title="bbox 850 916 1647 951">
     <span class='ocr_line' id='line_1_30' title="bbox 850 916 1647 951; baseline -0.004 -5"><span class='ocrx_word' id='word_1_212' title='bbox 850 930 863 943; x_wconf 78' lang='grc' dir='ltr'>ι</span> <span class='ocrx_word' id='word_1_213' title='bbox 883 926 966 946; x_wconf 90' lang='lat' dir='ltr'><strong>carne</strong></span> <span class='ocrx_word' id='word_1_214' title='bbox 985 929 998 942; x_wconf 74' lang='grc' dir='ltr'>ιο</span> <span class='ocrx_word' id='word_1_215' title='bbox 1027 925 1102 950; x_wconf 88' lang='lat' dir='ltr'><strong>vero,</strong></span> <span class='ocrx_word' id='word_1_216' title='bbox 1126 916 1178 945; x_wconf 83' lang='lat' dir='ltr'><strong>hoc</strong></span> <span class='ocrx_word' id='word_1_217' title='bbox 1195 921 1236 945; x_wconf 85' lang='lat' dir='ltr'><strong>est</strong></span> <span class='ocrx_word' id='word_1_218' title='bbox 1257 917 1349 944; x_wconf 88' lang='lat' dir='ltr'><strong>carnis</strong></span> <span class='ocrx_word' id='word_1_219' title='bbox 1372 916 1570 951; x_wconf 82' lang='lat' dir='ltr'><strong>imbecillitate,</strong></span> <span class='ocrx_word' id='word_1_220' title='bbox 1597 917 1647 950; x_wconf 60' lang='lat' dir='ltr'><strong>logi</strong></span> 
     </span>
    </p>
   </div>
   <div class='ocr_carea' id='block_1_31' title="bbox 0 945 783 999">
    <p class='ocr_par' dir='ltr' id='par_1_31' title="bbox 0 945 783 993">
     <span class='ocr_line' id='line_1_31' title="bbox 0 945 783 993; baseline -0.006 -11"><span class='ocrx_word' id='word_1_221' title='bbox 0 945 136 993; x_wconf 63' lang='grc' dir='ltr'>ιαρτίοξς.</span> <span class='ocrx_word' id='word_1_222' title='bbox 187 950 267 980; x_wconf 75' lang='grc' dir='ltr'><strong>Ἀλλὰ</strong></span> <span class='ocrx_word' id='word_1_223' title='bbox 296 953 340 979; x_wconf 85' lang='grc' dir='ltr'>ν’ὖν</span> <span class='ocrx_word' id='word_1_224' title='bbox 381 950 455 979; x_wconf 78' lang='grc' dir='ltr'>οὐδὲν</span> <span class='ocrx_word' id='word_1_225' title='bbox 487 949 642 988; x_wconf 76' lang='grc' dir='ltr'><strong>κατάκριμα</strong></span> <span class='ocrx_word' id='word_1_226' title='bbox 679 952 734 981; x_wconf 82' lang='grc' dir='ltr'>τοῖς</span> <span class='ocrx_word' id='word_1_227' title='bbox 763 949 783 977; x_wconf 76' lang='grc' dir='ltr'>ἐι</span> 
     </span>
    </p>
   </div>
   <div class='ocr_carea' id='block_1_32' title="bbox 879 945 1649 999">
    <p class='ocr_par' dir='ltr' id='par_1_32' title="bbox 879 961 1649 998">
     <span class='ocr_line' id='line_1_32' title="bbox 879 961 1649 998; baseline -0.003 -8"><span class='ocrx_word' id='word_1_228' title='bbox 879 962 952 990; x_wconf 58' lang='grc' dir='ltr'>προδῐί</span> <span class='ocrx_word' id='word_1_229' title='bbox 975 961 1230 990; x_wconf 85' lang='lat' dir='ltr'><strong>succumbebamus.</strong></span> <span class='ocrx_word' id='word_1_230' title='bbox 1244 962 1327 998; x_wconf 82' lang='lat' dir='ltr'><strong>Atqui</strong></span> <span class='ocrx_word' id='word_1_231' title='bbox 1343 969 1416 989; x_wconf 89' lang='lat' dir='ltr'><strong>nunc</strong></span> <span class='ocrx_word' id='word_1_232' title='bbox 1431 961 1505 989; x_wconf 90' lang='lat' dir='ltr'><strong>nulla</strong></span> <span class='ocrx_word' id='word_1_233' title='bbox 1519 965 1562 989; x_wconf 87' lang='lat' dir='ltr'><strong>est</strong></span> <span class='ocrx_word' id='word_1_234' title='bbox 1583 970 1649 988; x_wconf 74' lang='lat' dir='ltr'><strong>cm:-</strong></span> 
     </span>
    </p>
   </div>
   <div class='ocr_carea' id='block_1_33' title="bbox 3 992 793 1038">
    <p class='ocr_par' dir='ltr' id='par_1_33' title="bbox 3 992 793 1038">
     <span class='ocr_line' id='line_1_33' title="bbox 3 992 793 1038; baseline -0.006 -12"><span class='ocrx_word' id='word_1_235' title='bbox 3 992 98 1038; x_wconf 78' lang='grc' dir='ltr'>ριστῷ</span> <span class='ocrx_word' id='word_1_236' title='bbox 114 996 208 1033; x_wconf 80' lang='grc' dir='ltr'><strong>Ἰησοῦ</strong></span> <span class='ocrx_word' id='word_1_237' title='bbox 216 1018 225 1031; x_wconf 95' lang='grc'><strong>,</strong></span> <span class='ocrx_word' id='word_1_238' title='bbox 241 993 361 1025; x_wconf 80' lang='grc' dir='ltr'>τουτέστι</span> <span class='ocrx_word' id='word_1_239' title='bbox 370 1017 378 1031; x_wconf 84' lang='grc'><strong>,</strong></span> <span class='ocrx_word' id='word_1_240' title='bbox 390 998 444 1027; x_wconf 82' lang='grc' dir='ltr'>τοῖς</span> <span class='ocrx_word' id='word_1_241' title='bbox 456 996 501 1023; x_wconf 78' lang='grc' dir='ltr'><strong>τοῦ</strong></span> <span class='ocrx_word' id='word_1_242' title='bbox 518 994 704 1033; x_wconf 75' lang='grc' dir='ltr'>βαπτίσματος</span> <span class='ocrx_word' id='word_1_243' title='bbox 716 992 793 1026; x_wconf 74' lang='grc' dir='ltr'>ἀξιω-</span> 
     </span>
    </p>
   </div>
   <div class='ocr_carea' id='block_1_34' title="bbox 0 1038 790 1076">
    <p class='ocr_par' dir='ltr' id='par_1_34' title="bbox 0 1038 790 1076">
     <span class='ocr_line' id='line_1_34' title="bbox 0 1038 790 1076; baseline -0.008 -4"><span class='ocrx_word' id='word_1_244' title='bbox 0 1045 74 1072; x_wconf 82' lang='grc' dir='ltr'>ἷσιν.</span> <span class='ocrx_word' id='word_1_245' title='bbox 113 1039 234 1075; x_wconf 77' lang='grc' dir='ltr'><strong>Ἐπειδὴ</strong></span> <span class='ocrx_word' id='word_1_246' title='bbox 258 1040 285 1069; x_wconf 86' lang='grc' dir='ltr'><strong>δὲ</strong></span> <span class='ocrx_word' id='word_1_247' title='bbox 306 1039 399 1069; x_wconf 83' lang='grc' dir='ltr'>πολλοὶ</span> <span class='ocrx_word' id='word_1_248' title='bbox 421 1039 466 1068; x_wconf 79' lang='grc' dir='ltr'><strong>καὶ</strong></span> <span class='ocrx_word' id='word_1_249' title='bbox 494 1039 561 1076; x_wconf 74' lang='grc' dir='ltr'>μετὰ</span> <span class='ocrx_word' id='word_1_250' title='bbox 588 1038 618 1067; x_wconf 83' lang='grc' dir='ltr'>τὸ</span> <span class='ocrx_word' id='word_1_251' title='bbox 649 1038 790 1074; x_wconf 79' lang='grc' dir='ltr'>Βάπτισμα</span> 
     </span>
    </p>
   </div>
   <div class='ocr_carea' id='block_1_35' title="bbox 0 1081 791 1127">
    <p class='ocr_par' dir='ltr' id='par_1_35' title="bbox 0 1081 791 1127">
     <span class='ocr_line' id='line_1_35' title="bbox 0 1081 791 1127; baseline -0.006 -11"><span class='ocrx_word' id='word_1_252' title='bbox 0 1087 199 1127; x_wconf 71' lang='grc' dir='ltr'>ιαρτάνουσι,</span> <span class='ocrx_word' id='word_1_253' title='bbox 223 1085 369 1123; x_wconf 79' lang='grc' dir='ltr'>προσέθηκε</span> <span class='ocrx_word' id='word_1_254' title='bbox 392 1096 399 1103; x_wconf 72' lang='grc'><strong><em>⁸</em></strong></span> <span class='ocrx_word' id='word_1_255' title='bbox 429 1097 440 1110; x_wconf 75' lang='grc' dir='ltr'>ι</span> <span class='ocrx_word' id='word_1_256' title='bbox 459 1085 522 1117; x_wconf 83' lang='grc' dir='ltr'><strong>Τοῖς</strong></span> <span class='ocrx_word' id='word_1_257' title='bbox 548 1082 586 1121; x_wconf 82' lang='grc' dir='ltr'><strong>μὴ</strong></span> <span class='ocrx_word' id='word_1_258' title='bbox 607 1082 676 1112; x_wconf 80' lang='grc' dir='ltr'>κατὰ</span> <span class='ocrx_word' id='word_1_259' title='bbox 703 1081 791 1122; x_wconf 83' lang='grc' dir='ltr'>σάρκα</span> 
     </span>
    </p>
   </div>
   <div class='ocr_carea' id='block_1_36' title="bbox 0 1127 792 1171">
    <p class='ocr_par' dir='ltr' id='par_1_36' title="bbox 0 1127 792 1171">
     <span class='ocr_line' id='line_1_36' title="bbox 0 1127 792 1171; baseline -0.006 -11"><span class='ocrx_word' id='word_1_260' title='bbox 0 1133 170 1171; x_wconf 74' lang='grc' dir='ltr'>εριπατῶσι</span> <span class='ocrx_word' id='word_1_261' title='bbox 183 1142 189 1148; x_wconf 90' lang='grc'><strong>·</strong></span> <span class='ocrx_word' id='word_1_262' title='bbox 205 1142 221 1157; x_wconf 66' lang='grc' dir='ltr'><strong>ν</strong></span> <span class='ocrx_word' id='word_1_263' title='bbox 238 1128 356 1165; x_wconf 77' lang='grc' dir='ltr'>δεικνὺς,</span> <span class='ocrx_word' id='word_1_264' title='bbox 372 1128 413 1158; x_wconf 73' lang='grc' dir='ltr'>ὅτι</span> <span class='ocrx_word' id='word_1_265' title='bbox 427 1128 458 1157; x_wconf 78' lang='grc' dir='ltr'>τὸ</span> <span class='ocrx_word' id='word_1_266' title='bbox 472 1133 525 1157; x_wconf 76' lang='grc' dir='ltr'><strong>πᾶν</strong></span> <span class='ocrx_word' id='word_1_267' title='bbox 540 1130 586 1163; x_wconf 79' lang='grc' dir='ltr'>τῆς</span> <span class='ocrx_word' id='word_1_268' title='bbox 602 1127 730 1168; x_wconf 77' lang='grc' dir='ltr'>ῥᾳθυμίας</span> <span class='ocrx_word' id='word_1_269' title='bbox 745 1129 792 1162; x_wconf 76' lang='grc' dir='ltr'><strong>τῆς</strong></span> 
     </span>
    </p>
   </div>
   <div class='ocr_carea' id='block_1_37' title="bbox 0 1171 789 1216">
    <p class='ocr_par' dir='ltr' id='par_1_37' title="bbox 0 1171 789 1216">
     <span class='ocr_line' id='line_1_37' title="bbox 0 1171 789 1216; baseline -0.006 -11"><span class='ocrx_word' id='word_1_270' title='bbox 0 1176 131 1216; x_wconf 82' lang='grc' dir='ltr'>ιετέρας.</span> <span class='ocrx_word' id='word_1_271' title='bbox 149 1175 269 1205; x_wconf 82' lang='grc' dir='ltr'>Δυνατὸν</span> <span class='ocrx_word' id='word_1_272' title='bbox 289 1174 340 1213; x_wconf 83' lang='grc' dir='ltr'><strong>γὰρ</strong></span> <span class='ocrx_word' id='word_1_273' title='bbox 357 1177 402 1203; x_wconf 80' lang='grc' dir='ltr'>ν’ὗν</span> <span class='ocrx_word' id='word_1_274' title='bbox 415 1173 440 1192; x_wconf 63' lang='lat'><strong>5“</strong></span> <span class='ocrx_word' id='word_1_275' title='bbox 463 1172 507 1202; x_wconf 70' lang='lat' dir='ltr'><strong>xui</strong></span> <span class='ocrx_word' id='word_1_276' title='bbox 526 1173 633 1216; x_wconf 59' lang='grc' dir='ltr'>ῥᾴδιον,</span> <span class='ocrx_word' id='word_1_277' title='bbox 659 1171 696 1210; x_wconf 85' lang='grc' dir='ltr'><strong>μὴ</strong></span> <span class='ocrx_word' id='word_1_278' title='bbox 720 1171 789 1201; x_wconf 76' lang='grc' dir='ltr'>κατὰ</span> 
     </span>
    </p>
   </div>
   <div class='ocr_carea' id='block_1_38' title="bbox 0 1212 788 1261">
    <p class='ocr_par' dir='ltr' id='par_1_38' title="bbox 0 1212 788 1261">
     <span class='ocr_line' id='line_1_38' title="bbox 0 1212 788 1261; baseline -0.009 -10"><span class='ocrx_word' id='word_1_279' title='bbox 0 1212 71 1261; x_wconf 49' lang='grc' dir='ltr'>ἔρια.</span> <span class='ocrx_word' id='word_1_280' title='bbox 83 1223 250 1260; x_wconf 82' lang='grc' dir='ltr'>περιπατεῖν</span> <span class='ocrx_word' id='word_1_281' title='bbox 262 1241 270 1255; x_wconf 91' lang='grc'><strong>,</strong></span> <span class='ocrx_word' id='word_1_282' title='bbox 287 1219 302 1247; x_wconf 81' lang='grc' dir='ltr'><strong>ὃ</strong></span> <span class='ocrx_word' id='word_1_283' title='bbox 316 1218 374 1248; x_wconf 78' lang='grc' dir='ltr'>τότε</span> <span class='ocrx_word' id='word_1_284' title='bbox 391 1212 566 1257; x_wconf 78' lang='grc' dir='ltr'>παγχάλεπον</span> <span class='ocrx_word' id='word_1_285' title='bbox 587 1212 629 1252; x_wconf 74' lang='grc' dir='ltr'><strong>ἧν.</strong></span> <span class='ocrx_word' id='word_1_286' title='bbox 646 1218 688 1247; x_wconf 85' lang='grc' dir='ltr'>Οὐ</span> <span class='ocrx_word' id='word_1_287' title='bbox 709 1215 788 1254; x_wconf 85' lang='grc' dir='ltr'>μόνον</span> 
     </span>
    </p>
   </div>
   <div class='ocr_carea' id='block_1_39' title="bbox 16 1261 788 1306">
    <p class='ocr_par' dir='ltr' id='par_1_39' title="bbox 16 1261 788 1306">
     <span class='ocr_line' id='line_1_39' title="bbox 16 1261 788 1306; baseline -0.006 -11"><span class='ocrx_word' id='word_1_288' title='bbox 16 1265 186 1306; x_wconf 71' lang='grc' dir='ltr'>ἆπέχεσθαι</span> <span class='ocrx_word' id='word_1_289' title='bbox 206 1266 252 1293; x_wconf 79' lang='grc' dir='ltr'><strong>τοῦ</strong></span> <span class='ocrx_word' id='word_1_290' title='bbox 275 1263 346 1293; x_wconf 80' lang='grc' dir='ltr'>κατὰ</span> <span class='ocrx_word' id='word_1_291' title='bbox 361 1262 447 1302; x_wconf 82' lang='grc' dir='ltr'>σάρκα</span> <span class='ocrx_word' id='word_1_292' title='bbox 462 1265 617 1302; x_wconf 77' lang='grc' dir='ltr'>περιπατεῖν</span> <span class='ocrx_word' id='word_1_293' title='bbox 641 1262 694 1297; x_wconf 77' lang='grc' dir='ltr'><strong>δεῖ,</strong></span> <span class='ocrx_word' id='word_1_294' title='bbox 720 1261 788 1306; x_wconf 72' lang='grc' dir='ltr'>ᾇλλὰ</span> 
     </span>
    </p>
   </div>
   <div class='ocr_carea' id='block_1_40' title="bbox 0 1305 787 1349">
    <p class='ocr_par' dir='ltr' id='par_1_40' title="bbox 0 1305 787 1349">
     <span class='ocr_line' id='line_1_40' title="bbox 0 1305 787 1349; baseline -0.003 -12"><span class='ocrx_word' id='word_1_295' title='bbox 40 1312 72 1330; x_wconf 80' lang='grc'>⁵⁵</span> <span class='ocrx_word' id='word_1_296' title='bbox 91 1311 242 1349; x_wconf 85' lang='grc' dir='ltr'>προσεῖναι</span> <span class='ocrx_word' id='word_1_297' title='bbox 260 1308 305 1337; x_wconf 82' lang='grc' dir='ltr'>καὶ</span> <span class='ocrx_word' id='word_1_298' title='bbox 319 1307 350 1338; x_wconf 75' lang='grc' dir='ltr'>τὸ</span> <span class='ocrx_word' id='word_1_299' title='bbox 366 1319 382 1335; x_wconf 80' lang='lat'><strong>¢</strong></span> <span class='ocrx_word' id='word_1_300' title='bbox 400 1307 469 1337; x_wconf 85' lang='grc' dir='ltr'>κατὰ</span> <span class='ocrx_word' id='word_1_301' title='bbox 486 1309 604 1345; x_wconf 76' lang='grc' dir='ltr'>πνεῦμα.</span> <span class='ocrx_word' id='word_1_302' title='bbox 625 1319 637 1333; x_wconf 72' lang='grc' dir='ltr'><strong><em>ι</em></strong></span> <span class='ocrx_word' id='word_1_303' title='bbox 651 1306 692 1336; x_wconf 83' lang='grc' dir='ltr'><strong>Οὖ</strong></span> <span class='ocrx_word' id='word_1_304' title='bbox 704 1305 756 1346; x_wconf 82' lang='grc' dir='ltr'><strong>γὰρ</strong></span> <span class='ocrx_word' id='word_1_305' title='bbox 771 1308 787 1341; x_wconf 90' lang='grc' dir='ltr'><strong>ἡ</strong></span> 
     </span>
    </p>
   </div>
   <div class='ocr_carea' id='block_1_41' title="bbox 0 1350 788 1396">
    <p class='ocr_par' dir='ltr' id='par_1_41' title="bbox 0 1350 788 1396">
     <span class='ocr_line' id='line_1_41' title="bbox 0 1350 788 1396; baseline -0.008 -11"><span class='ocrx_word' id='word_1_306' title='bbox 0 1356 68 1396; x_wconf 54' lang='lat' dir='ltr'><strong>tor},</strong></span> <span class='ocrx_word' id='word_1_307' title='bbox 96 1357 152 1390; x_wconf 77' lang='grc' dir='ltr'><strong>τῆς</strong></span> <span class='ocrx_word' id='word_1_308' title='bbox 167 1353 262 1386; x_wconf 76' lang='grc' dir='ltr'>κακίας</span> <span class='ocrx_word' id='word_1_309' title='bbox 279 1352 417 1392; x_wconf 64' lang='grc' dir='ltr'>στεφανοῖ,</span> <span class='ocrx_word' id='word_1_310' title='bbox 443 1351 503 1380; x_wconf 76' lang='grc' dir='ltr'><strong>ἀλλ’</strong></span> <span class='ocrx_word' id='word_1_311' title='bbox 525 1354 542 1388; x_wconf 88' lang='grc' dir='ltr'><strong>ἡ</strong></span> <span class='ocrx_word' id='word_1_312' title='bbox 558 1353 605 1387; x_wconf 82' lang='grc' dir='ltr'><strong>τῆς</strong></span> <span class='ocrx_word' id='word_1_313' title='bbox 629 1352 723 1391; x_wconf 79' lang='grc' dir='ltr'>ἄριτῆς</span> <span class='ocrx_word' id='word_1_314' title='bbox 742 1350 788 1380; x_wconf 87' lang='grc' dir='ltr'>καὶ</span> 
     </span>
    </p>
   </div>
   <div class='ocr_carea' id='block_1_42' title="bbox 0 1396 476 1438">
    <p class='ocr_par' dir='ltr' id='par_1_42' title="bbox 0 1396 476 1438">
     <span class='ocr_line' id='line_1_42' title="bbox 0 1396 476 1438; baseline -0.006 -8"><span class='ocrx_word' id='word_1_315' title='bbox 0 1404 22 1430; x_wconf 81' lang='lat' dir='ltr'><strong>&#39;w</strong></span> <span class='ocrx_word' id='word_1_316' title='bbox 41 1399 249 1438; x_wconf 76' lang='grc' dir='ltr'>πνευματικῶν</span> <span class='ocrx_word' id='word_1_317' title='bbox 264 1397 346 1438; x_wconf 75' lang='grc' dir='ltr'>ἔργων</span> <span class='ocrx_word' id='word_1_318' title='bbox 363 1396 476 1436; x_wconf 83' lang='grc' dir='ltr'>μετοχή.</span> 
     </span>
    </p>
   </div>
   <div class='ocr_carea' id='block_1_43' title="bbox 14 1531 788 1573">
    <p class='ocr_par' dir='ltr' id='par_1_43' title="bbox 14 1531 788 1573">
     <span class='ocr_line' id='line_1_43' title="bbox 14 1531 788 1573; baseline -0.006 -9"><span class='ocrx_word' id='word_1_319' title='bbox 14 1547 30 1564; x_wconf 88' lang='lat' dir='ltr'><strong>u</strong></span> <span class='ocrx_word' id='word_1_320' title='bbox 67 1535 113 1565; x_wconf 72' lang='lat'><strong>‘0</strong></span> <span class='ocrx_word' id='word_1_321' title='bbox 140 1533 197 1573; x_wconf 78' lang='grc' dir='ltr'><strong>γὰρ</strong></span> <span class='ocrx_word' id='word_1_322' title='bbox 223 1532 299 1571; x_wconf 83' lang='grc' dir='ltr'>νόμος</span> <span class='ocrx_word' id='word_1_323' title='bbox 324 1534 369 1562; x_wconf 79' lang='grc' dir='ltr'><strong>τοῦ</strong></span> <span class='ocrx_word' id='word_1_324' title='bbox 394 1531 550 1570; x_wconf 78' lang='grc' dir='ltr'>Πνιύματος</span> <span class='ocrx_word' id='word_1_325' title='bbox 574 1532 621 1567; x_wconf 63' lang='lat' dir='ltr'><strong>sic</strong></span> <span class='ocrx_word' id='word_1_326' title='bbox 656 1532 725 1567; x_wconf 79' lang='grc' dir='ltr'><strong>ζωῆς</strong></span> <span class='ocrx_word' id='word_1_327' title='bbox 762 1531 788 1559; x_wconf 75' lang='grc' dir='ltr'>ἐν</span> 
     </span>
    </p>
   </div>
   <div class='ocr_carea' id='block_1_44' title="bbox 842 1005 1645 1043">
    <p class='ocr_par' dir='ltr' id='par_1_44' title="bbox 842 1005 1645 1043">
     <span class='ocr_line' id='line_1_44' title="bbox 842 1005 1645 1043; baseline -0.002 -8"><span class='ocrx_word' id='word_1_328' title='bbox 842 1006 981 1035; x_wconf 88' lang='lat' dir='ltr'><strong>demnatio</strong></span> <span class='ocrx_word' id='word_1_329' title='bbox 998 1007 1031 1035; x_wconf 89' lang='lat' dir='ltr'><strong>iis</strong></span> <span class='ocrx_word' id='word_1_330' title='bbox 1047 1007 1095 1043; x_wconf 89' lang='lat' dir='ltr'><strong>qui</strong></span> <span class='ocrx_word' id='word_1_331' title='bbox 1109 1011 1174 1034; x_wconf 90' lang='lat' dir='ltr'><strong>sunt</strong></span> <span class='ocrx_word' id='word_1_332' title='bbox 1189 1007 1218 1034; x_wconf 94' lang='lat' dir='ltr'><strong>in</strong></span> <span class='ocrx_word' id='word_1_333' title='bbox 1235 1005 1345 1034; x_wconf 86' lang='lat' dir='ltr'><strong>Christo</strong></span> <span class='ocrx_word' id='word_1_334' title='bbox 1362 1008 1440 1039; x_wconf 86' lang='lat' dir='ltr'><strong>Jesu,</strong></span> <span class='ocrx_word' id='word_1_335' title='bbox 1456 1005 1510 1034; x_wconf 89' lang='lat' dir='ltr'><strong>hoc</strong></span> <span class='ocrx_word' id='word_1_336' title='bbox 1525 1009 1577 1038; x_wconf 88' lang='lat' dir='ltr'><strong>est,</strong></span> <span class='ocrx_word' id='word_1_337' title='bbox 1599 1006 1645 1042; x_wconf 86' lang='lat' dir='ltr'><strong>qui</strong></span> 
     </span>
    </p>
   </div>
   <div class='ocr_carea' id='block_1_45' title="bbox 842 1050 1644 1088">
    <p class='ocr_par' dir='ltr' id='par_1_45' title="bbox 842 1050 1644 1088">
     <span class='ocr_line' id='line_1_45' title="bbox 842 1050 1644 1088; baseline -0.001 -9"><span class='ocrx_word' id='word_1_338' title='bbox 842 1051 878 1080; x_wconf 90' lang='lat' dir='ltr'><strong>ad</strong></span> <span class='ocrx_word' id='word_1_339' title='bbox 899 1052 1066 1088; x_wconf 84' lang='lat' dir='ltr'><strong>baptismum</strong></span> <span class='ocrx_word' id='word_1_340' title='bbox 1081 1055 1146 1079; x_wconf 88' lang='lat' dir='ltr'><strong>sunt</strong></span> <span class='ocrx_word' id='word_1_341' title='bbox 1160 1050 1286 1079; x_wconf 83' lang='lat' dir='ltr'><strong>admissi.</strong></span> <span class='ocrx_word' id='word_1_342' title='bbox 1303 1051 1372 1086; x_wconf 89' lang='lat' dir='ltr'><strong>Quia</strong></span> <span class='ocrx_word' id='word_1_343' title='bbox 1384 1058 1449 1078; x_wconf 90' lang='lat' dir='ltr'><strong>vero</strong></span> <span class='ocrx_word' id='word_1_344' title='bbox 1463 1050 1542 1078; x_wconf 92' lang='lat' dir='ltr'><strong>multi</strong></span> <span class='ocrx_word' id='word_1_345' title='bbox 1562 1051 1644 1078; x_wconf 78' lang='lat' dir='ltr'><strong>etiam</strong></span> 
     </span>
    </p>
   </div>
   <div class='ocr_carea' id='block_1_46' title="bbox 844 1095 1647 1132">
    <p class='ocr_par' dir='ltr' id='par_1_46' title="bbox 844 1095 1647 1132">
     <span class='ocr_line' id='line_1_46' title="bbox 844 1095 1647 1132; baseline -0.002 -8"><span class='ocrx_word' id='word_1_346' title='bbox 844 1100 907 1132; x_wconf 91' lang='lat' dir='ltr'><strong>post</strong></span> <span class='ocrx_word' id='word_1_347' title='bbox 920 1096 1088 1132; x_wconf 81' lang='lat' dir='ltr'><strong>baptismum</strong></span> <span class='ocrx_word' id='word_1_348' title='bbox 1103 1100 1228 1132; x_wconf 74' lang='lat' dir='ltr'><strong>peccant,</strong></span> <span class='ocrx_word' id='word_1_349' title='bbox 1249 1095 1359 1132; x_wconf 89' lang='lat' dir='ltr'><strong>adjecit,</strong></span> <span class='ocrx_word' id='word_1_350' title='bbox 1377 1107 1390 1119; x_wconf 76' lang='grc' dir='ltr'><strong>σι</strong></span> <span class='ocrx_word' id='word_1_351' title='bbox 1406 1095 1459 1130; x_wconf 90' lang='lat' dir='ltr'><strong>Qui</strong></span> <span class='ocrx_word' id='word_1_352' title='bbox 1472 1103 1527 1122; x_wconf 92' lang='lat' dir='ltr'><strong>non</strong></span> <span class='ocrx_word' id='word_1_353' title='bbox 1549 1103 1647 1123; x_wconf 81' lang='lat' dir='ltr'><strong>secun-</strong></span> 
     </span>
    </p>
   </div>
   <div class='ocr_carea' id='block_1_47' title="bbox 843 1139 1645 1176">
    <p class='ocr_par' dir='ltr' id='par_1_47' title="bbox 843 1139 1645 1176">
     <span class='ocr_line' id='line_1_47' title="bbox 843 1139 1645 1176; baseline -0.002 -7"><span class='ocrx_word' id='word_1_354' title='bbox 843 1140 912 1169; x_wconf 89' lang='lat' dir='ltr'><strong>dum</strong></span> <span class='ocrx_word' id='word_1_355' title='bbox 927 1148 1040 1169; x_wconf 86' lang='lat' dir='ltr'><strong>carnem</strong></span> <span class='ocrx_word' id='word_1_356' title='bbox 1056 1141 1207 1174; x_wconf 84' lang='lat' dir='ltr'><strong>ambulant,</strong></span> <span class='ocrx_word' id='word_1_357' title='bbox 1223 1152 1235 1164; x_wconf 77' lang='grc' dir='ltr'><strong>ιι</strong></span> <span class='ocrx_word' id='word_1_358' title='bbox 1252 1141 1372 1168; x_wconf 84' lang='lat' dir='ltr'><strong>inuuens</strong></span> <span class='ocrx_word' id='word_1_359' title='bbox 1394 1139 1469 1176; x_wconf 87' lang='lat' dir='ltr'><strong>quod</strong></span> <span class='ocrx_word' id='word_1_360' title='bbox 1483 1143 1570 1168; x_wconf 84' lang='lat' dir='ltr'><strong>totum</strong></span> <span class='ocrx_word' id='word_1_361' title='bbox 1595 1148 1645 1167; x_wconf 76' lang='lat' dir='ltr'><strong>no-</strong></span> 
     </span>
    </p>
   </div>
   <div class='ocr_carea' id='block_1_48' title="bbox 842 1184 1640 1221">
    <p class='ocr_par' dir='ltr' id='par_1_48' title="bbox 842 1184 1640 1221">
     <span class='ocr_line' id='line_1_48' title="bbox 842 1184 1640 1221; baseline -0.001 -8"><span class='ocrx_word' id='word_1_362' title='bbox 842 1189 907 1214; x_wconf 59' lang='lat' dir='ltr'><strong>stra;</strong></span> <span class='ocrx_word' id='word_1_363' title='bbox 923 1185 958 1213; x_wconf 85' lang='lat' dir='ltr'><strong>sit</strong></span> <span class='ocrx_word' id='word_1_364' title='bbox 974 1185 1098 1221; x_wconf 72' lang='lat' dir='ltr'><strong>ignaviae.</strong></span> <span class='ocrx_word' id='word_1_365' title='bbox 1115 1186 1196 1213; x_wconf 88' lang='lat' dir='ltr'><strong>Nunc</strong></span> <span class='ocrx_word' id='word_1_366' title='bbox 1219 1185 1292 1212; x_wconf 88' lang='lat' dir='ltr'><strong>enim</strong></span> <span class='ocrx_word' id='word_1_367' title='bbox 1307 1189 1335 1212; x_wconf 88' lang='lat' dir='ltr'><strong>et</strong></span> <span class='ocrx_word' id='word_1_368' title='bbox 1351 1184 1480 1220; x_wconf 87' lang='lat' dir='ltr'><strong>possibile</strong></span> <span class='ocrx_word' id='word_1_369' title='bbox 1506 1188 1547 1212; x_wconf 87' lang='lat' dir='ltr'><strong>est</strong></span> <span class='ocrx_word' id='word_1_370' title='bbox 1559 1189 1586 1212; x_wconf 90' lang='lat' dir='ltr'><strong>et</strong></span> <span class='ocrx_word' id='word_1_371' title='bbox 1601 1184 1640 1212; x_wconf 84' lang='lat' dir='ltr'><strong>fa-</strong></span> 
     </span>
    </p>
   </div>
   <div class='ocr_carea' id='block_1_49' title="bbox 841 1228 1645 1265">
    <p class='ocr_par' dir='ltr' id='par_1_49' title="bbox 841 1228 1645 1265">
     <span class='ocr_line' id='line_1_49' title="bbox 841 1228 1645 1265; baseline -0.002 -7"><span class='ocrx_word' id='word_1_372' title='bbox 841 1230 901 1264; x_wconf 82' lang='lat' dir='ltr'><strong>cile,</strong></span> <span class='ocrx_word' id='word_1_373' title='bbox 915 1238 971 1258; x_wconf 93' lang='lat' dir='ltr'><strong>non</strong></span> <span class='ocrx_word' id='word_1_374' title='bbox 985 1230 1128 1258; x_wconf 88' lang='lat' dir='ltr'><strong>ambulare</strong></span> <span class='ocrx_word' id='word_1_375' title='bbox 1140 1229 1294 1257; x_wconf 88' lang='lat' dir='ltr'><strong>secundum</strong></span> <span class='ocrx_word' id='word_1_376' title='bbox 1307 1237 1418 1257; x_wconf 88' lang='lat' dir='ltr'><strong>carnem</strong></span> <span class='ocrx_word' id='word_1_377' title='bbox 1434 1229 1461 1257; x_wconf 91' lang='lat' dir='ltr'><strong>id</strong></span> <span class='ocrx_word' id='word_1_378' title='bbox 1479 1228 1554 1265; x_wconf 90' lang='lat' dir='ltr'><strong>quod</strong></span> <span class='ocrx_word' id='word_1_379' title='bbox 1578 1233 1645 1257; x_wconf 89' lang='lat' dir='ltr'><strong>tunc</strong></span> 
     </span>
    </p>
   </div>
   <div class='ocr_carea' id='block_1_50' title="bbox 842 1274 1644 1310">
    <p class='ocr_par' dir='ltr' id='par_1_50' title="bbox 842 1274 1644 1310">
     <span class='ocr_line' id='line_1_50' title="bbox 842 1274 1644 1310; baseline -0.004 -8"><span class='ocrx_word' id='word_1_380' title='bbox 842 1274 975 1310; x_wconf 86' lang='lat' dir='ltr'><strong>temporis</strong></span> <span class='ocrx_word' id='word_1_381' title='bbox 1000 1274 1243 1310; x_wconf 78' lang='lat' dir='ltr'><strong>perdifﬁcillimum</strong></span> <span class='ocrx_word' id='word_1_382' title='bbox 1259 1277 1326 1301; x_wconf 87' lang='lat' dir='ltr'><strong>erat.</strong></span> <span class='ocrx_word' id='word_1_383' title='bbox 1349 1275 1411 1302; x_wconf 81' lang='lat' dir='ltr'><strong>Non</strong></span> <span class='ocrx_word' id='word_1_384' title='bbox 1435 1274 1526 1301; x_wconf 91' lang='lat' dir='ltr'><strong>solum</strong></span> <span class='ocrx_word' id='word_1_385' title='bbox 1551 1278 1644 1301; x_wconf 69' lang='lat' dir='ltr'><strong>autem</strong></span> 
     </span>
    </p>
   </div>
   <div class='ocr_carea' id='block_1_51' title="bbox 841 1318 1645 1354">
    <p class='ocr_par' dir='ltr' id='par_1_51' title="bbox 841 1318 1645 1354">
     <span class='ocr_line' id='line_1_51' title="bbox 841 1318 1645 1354; baseline -0.001 -7"><span class='ocrx_word' id='word_1_386' title='bbox 841 1318 1055 1354; x_wconf 83' lang='lat' dir='ltr'><strong>temperandum</strong></span> <span class='ocrx_word' id='word_1_387' title='bbox 1074 1323 1115 1346; x_wconf 89' lang='lat' dir='ltr'><strong>est</strong></span> <span class='ocrx_word' id='word_1_388' title='bbox 1133 1319 1212 1346; x_wconf 90' lang='lat' dir='ltr'><strong>nobis</strong></span> <span class='ocrx_word' id='word_1_389' title='bbox 1226 1326 1260 1346; x_wconf 91' lang='lat' dir='ltr'><strong>ne</strong></span> <span class='ocrx_word' id='word_1_390' title='bbox 1285 1318 1437 1346; x_wconf 86' lang='lat' dir='ltr'><strong>secundum</strong></span> <span class='ocrx_word' id='word_1_391' title='bbox 1454 1326 1567 1346; x_wconf 87' lang='lat' dir='ltr'><strong>carnem</strong></span> <span class='ocrx_word' id='word_1_392' title='bbox 1586 1327 1645 1346; x_wconf 83' lang='lat' dir='ltr'><strong>am-</strong></span> 
     </span>
    </p>
   </div>
   <div class='ocr_carea' id='block_1_52' title="bbox 842 1362 1644 1399">
    <p class='ocr_par' dir='ltr' id='par_1_52' title="bbox 842 1362 1644 1399">
     <span class='ocr_line' id='line_1_52' title="bbox 842 1362 1644 1399; baseline -0.002 -7"><span class='ocrx_word' id='word_1_393' title='bbox 842 1363 985 1396; x_wconf 88' lang='lat' dir='ltr'><strong>bulemus,</strong></span> <span class='ocrx_word' id='word_1_394' title='bbox 1016 1371 1112 1391; x_wconf 89' lang='lat' dir='ltr'><strong>verum</strong></span> <span class='ocrx_word' id='word_1_395' title='bbox 1145 1367 1256 1399; x_wconf 88' lang='lat' dir='ltr'><strong>oportet</strong></span> <span class='ocrx_word' id='word_1_396' title='bbox 1279 1363 1365 1391; x_wconf 90' lang='lat' dir='ltr'><strong>etiam</strong></span> <span class='ocrx_word' id='word_1_397' title='bbox 1400 1362 1467 1390; x_wconf 93' lang='lat' dir='ltr'><strong>illud</strong></span> <span class='ocrx_word' id='word_1_398' title='bbox 1503 1362 1644 1396; x_wconf 84' lang='lat' dir='ltr'><strong>accedere,</strong></span> 
     </span>
    </p>
   </div>
   <div class='ocr_carea' id='block_1_53' title="bbox 841 1407 1645 1444">
    <p class='ocr_par' dir='ltr' id='par_1_53' title="bbox 841 1407 1645 1444">
     <span class='ocr_line' id='line_1_53' title="bbox 841 1407 1645 1444; baseline -0.001 -8"><span class='ocrx_word' id='word_1_399' title='bbox 841 1416 942 1444; x_wconf 88' lang='lat' dir='ltr'><strong>nempe</strong></span> <span class='ocrx_word' id='word_1_400' title='bbox 955 1419 968 1433; x_wconf 78' lang='grc' dir='ltr'>α</span> <span class='ocrx_word' id='word_1_401' title='bbox 988 1407 1139 1436; x_wconf 89' lang='lat' dir='ltr'><strong>secundum</strong></span> <span class='ocrx_word' id='word_1_402' title='bbox 1150 1408 1288 1444; x_wconf 87' lang='lat' dir='ltr'><strong>spiritum.</strong></span> <span class='ocrx_word' id='word_1_403' title='bbox 1311 1419 1324 1432; x_wconf 75' lang='grc' dir='ltr'><strong>ι</strong></span> <span class='ocrx_word' id='word_1_404' title='bbox 1340 1408 1401 1436; x_wconf 79' lang='lat' dir='ltr'><strong>Non</strong></span> <span class='ocrx_word' id='word_1_405' title='bbox 1417 1407 1492 1435; x_wconf 90' lang='lat' dir='ltr'><strong>enim</strong></span> <span class='ocrx_word' id='word_1_406' title='bbox 1507 1407 1645 1435; x_wconf 88' lang='lat' dir='ltr'><strong>abstinen-</strong></span> 
     </span>
    </p>
   </div>
   <div class='ocr_carea' id='block_1_54' title="bbox 841 1452 1642 1489">
    <p class='ocr_par' dir='ltr' id='par_1_54' title="bbox 841 1452 1642 1489">
     <span class='ocr_line' id='line_1_54' title="bbox 841 1452 1642 1489; baseline -0.001 -9"><span class='ocrx_word' id='word_1_407' title='bbox 841 1452 878 1480; x_wconf 88' lang='lat' dir='ltr'><strong>tia</strong></span> <span class='ocrx_word' id='word_1_408' title='bbox 901 1461 917 1481; x_wconf 89' lang='lat' dir='ltr'><strong>a</strong></span> <span class='ocrx_word' id='word_1_409' title='bbox 936 1452 1006 1480; x_wconf 84' lang='lat' dir='ltr'><strong>vitiis</strong></span> <span class='ocrx_word' id='word_1_410' title='bbox 1026 1455 1151 1487; x_wconf 85' lang='lat' dir='ltr'><strong>coronat,</strong></span> <span class='ocrx_word' id='word_1_411' title='bbox 1166 1452 1214 1481; x_wconf 87' lang='lat' dir='ltr'><strong>sed</strong></span> <span class='ocrx_word' id='word_1_412' title='bbox 1227 1452 1335 1481; x_wconf 90' lang='lat' dir='ltr'><strong>virtutis</strong></span> <span class='ocrx_word' id='word_1_413' title='bbox 1359 1460 1533 1489; x_wconf 89' lang='lat' dir='ltr'><strong>operumque</strong></span> <span class='ocrx_word' id='word_1_414' title='bbox 1559 1452 1642 1488; x_wconf 82' lang='lat' dir='ltr'><strong>spiri-</strong></span> 
     </span>
    </p>
   </div>
   <div class='ocr_carea' id='block_1_55' title="bbox 842 1497 1157 1533">
    <p class='ocr_par' dir='ltr' id='par_1_55' title="bbox 842 1497 1157 1533">
     <span class='ocr_line' id='line_1_55' title="bbox 842 1497 1157 1533; baseline 0 -8"><span class='ocrx_word' id='word_1_415' title='bbox 842 1497 958 1525; x_wconf 89' lang='lat' dir='ltr'><strong>tualium</strong></span> <span class='ocrx_word' id='word_1_416' title='bbox 975 1497 1157 1533; x_wconf 82' lang='lat' dir='ltr'><strong>participatio.</strong></span> 
     </span>
    </p>
   </div>
   <div class='ocr_carea' id='block_1_56' title="bbox 878 1542 1642 1578">
    <p class='ocr_par' dir='ltr' id='par_1_56' title="bbox 878 1542 1642 1578">
     <span class='ocr_line' id='line_1_56' title="bbox 878 1542 1642 1578; baseline 0.001 -9"><span class='ocrx_word' id='word_1_417' title='bbox 878 1543 967 1571; x_wconf 76' lang='lat' dir='ltr'><strong>Vsus.</strong></span> <span class='ocrx_word' id='word_1_418' title='bbox 988 1544 1015 1570; x_wconf 82' lang='grc'><strong>2.</strong></span> <span class='ocrx_word' id='word_1_419' title='bbox 1033 1551 1047 1568; x_wconf 76' lang='grc' dir='ltr'><strong>α</strong></span> <span class='ocrx_word' id='word_1_420' title='bbox 1071 1543 1131 1570; x_wconf 83' lang='lat' dir='ltr'><strong>Lex</strong></span> <span class='ocrx_word' id='word_1_421' title='bbox 1155 1542 1229 1570; x_wconf 89' lang='lat' dir='ltr'><strong>enim</strong></span> <span class='ocrx_word' id='word_1_422' title='bbox 1252 1542 1368 1578; x_wconf 90' lang='lat' dir='ltr'><strong>Spiritus</strong></span> <span class='ocrx_word' id='word_1_423' title='bbox 1391 1542 1453 1570; x_wconf 69' lang='lat' dir='ltr'><strong>vita:</strong></span> <span class='ocrx_word' id='word_1_424' title='bbox 1479 1542 1508 1570; x_wconf 92' lang='lat' dir='ltr'><strong>in</strong></span> <span class='ocrx_word' id='word_1_425' title='bbox 1530 1542 1642 1571; x_wconf 89' lang='lat' dir='ltr'><strong>Christo</strong></span> 
     </span>
    </p>
   </div>
   <div class='ocr_carea' id='block_1_57' title="bbox 0 1575 783 1629">
    <p class='ocr_par' dir='ltr' id='par_1_57' title="bbox 0 1575 783 1629">
     <span class='ocr_line' id='line_1_57' title="bbox 0 1575 783 1622; baseline -0.005 -12"><span class='ocrx_word' id='word_1_426' title='bbox 0 1581 93 1622; x_wconf 76' lang='grc' dir='ltr'>ριστῷ</span> <span class='ocrx_word' id='word_1_427' title='bbox 118 1578 214 1614; x_wconf 82' lang='grc' dir='ltr'><strong>Ἰησοῦ</strong></span> <span class='ocrx_word' id='word_1_428' title='bbox 239 1576 404 1616; x_wconf 78' lang='grc' dir='ltr'>ἠλευθέρωσέ</span> <span class='ocrx_word' id='word_1_429' title='bbox 428 1588 461 1616; x_wconf 85' lang='grc' dir='ltr'><strong>με</strong></span> <span class='ocrx_word' id='word_1_430' title='bbox 490 1576 544 1606; x_wconf 80' lang='grc' dir='ltr'>ἀπὸ</span> <span class='ocrx_word' id='word_1_431' title='bbox 568 1578 614 1605; x_wconf 79' lang='grc' dir='ltr'><strong>τοῦ</strong></span> <span class='ocrx_word' id='word_1_432' title='bbox 639 1575 720 1614; x_wconf 82' lang='grc' dir='ltr'>νόμου</span> <span class='ocrx_word' id='word_1_433' title='bbox 742 1577 783 1612; x_wconf 65' lang='grc' dir='ltr'>τῆς</span> 
     </span>
     <span class='ocr_line' id='line_1_58' title="bbox 75 1620 779 1629; baseline 0 0"><span class='ocrx_word' id='word_1_434' title='bbox 75 1625 81 1629; x_wconf 98' lang='grc'>.</span> <span class='ocrx_word' id='word_1_435' title='bbox 187 1622 193 1629; x_wconf 91' lang='lat'><strong>.</strong></span> <span class='ocrx_word' id='word_1_436' title='bbox 249 1624 265 1629; x_wconf 70' lang='lat'><strong>-</strong></span> <span class='ocrx_word' id='word_1_437' title='bbox 292 1625 301 1629; x_wconf 81' lang='lat'><strong>-</strong></span> <span class='ocrx_word' id='word_1_438' title='bbox 349 1621 355 1629; x_wconf 83' lang='grc'><strong><em>,</em></strong></span> <span class='ocrx_word' id='word_1_439' title='bbox 479 1621 519 1629; x_wconf 77' lang='grc' dir='ltr'><strong>-.ι</strong></span> <span class='ocrx_word' id='word_1_440' title='bbox 586 1621 610 1629; x_wconf 77' lang='grc'><strong>.-</strong></span> <span class='ocrx_word' id='word_1_441' title='bbox 650 1620 655 1627; x_wconf 68' lang='grc' dir='ltr'><strong>ρ</strong></span> <span class='ocrx_word' id='word_1_442' title='bbox 774 1620 779 1629; x_wconf 58' lang='grc' dir='ltr'><strong>η</strong></span> 
     </span>
    </p>
   </div>
   <div class='ocr_carea' id='block_1_58' title="bbox 879 1575 1639 1629">
    <p class='ocr_par' dir='ltr' id='par_1_58' title="bbox 879 1575 1639 1623">
     <span class='ocr_line' id='line_1_59' title="bbox 879 1575 1639 1623; baseline -0.003 -8"><span class='ocrx_word' id='word_1_443' title='bbox 879 1594 908 1615; x_wconf 83' lang='lat' dir='ltr'><strong>su</strong></span> <span class='ocrx_word' id='word_1_444' title='bbox 922 1587 1046 1615; x_wconf 84' lang='lat' dir='ltr'><strong>liberavit</strong></span> <span class='ocrx_word' id='word_1_445' title='bbox 1062 1595 1106 1615; x_wconf 92' lang='lat' dir='ltr'><strong>me</strong></span> <span class='ocrx_word' id='word_1_446' title='bbox 1117 1595 1134 1615; x_wconf 86' lang='lat' dir='ltr'><strong>a</strong></span> <span class='ocrx_word' id='word_1_447' title='bbox 1148 1587 1207 1623; x_wconf 86' lang='lat' dir='ltr'><strong>lege</strong></span> <span class='ocrx_word' id='word_1_448' title='bbox 1228 1575 1331 1622; x_wconf 75' lang='lat' dir='ltr'><strong>peccati</strong></span> <span class='ocrx_word' id='word_1_449' title='bbox 1346 1590 1374 1614; x_wconf 88' lang='lat' dir='ltr'><strong>et</strong></span> <span class='ocrx_word' id='word_1_450' title='bbox 1385 1586 1492 1615; x_wconf 90' lang='lat' dir='ltr'><strong>mortis.</strong></span> <span class='ocrx_word' id='word_1_451' title='bbox 1512 1599 1524 1612; x_wconf 78' lang='grc' dir='ltr'>ιο</span> <span class='ocrx_word' id='word_1_452' title='bbox 1537 1588 1639 1623; x_wconf 82' lang='lat' dir='ltr'><strong>Legem</strong></span> 
     </span>
    </p>
   </div>
   <div class='ocr_carea' id='block_1_59' title="bbox 0 1620 786 1665">
    <p class='ocr_par' dir='ltr' id='par_1_59' title="bbox 0 1620 786 1665">
     <span class='ocr_line' id='line_1_60' title="bbox 0 1620 786 1665; baseline -0.008 -10"><span class='ocrx_word' id='word_1_453' title='bbox 0 1620 120 1665; x_wconf 75' lang='grc' dir='ltr'>ιαρτίας</span> <span class='ocrx_word' id='word_1_454' title='bbox 149 1622 198 1652; x_wconf 82' lang='grc' dir='ltr'>καὶ</span> <span class='ocrx_word' id='word_1_455' title='bbox 221 1624 266 1652; x_wconf 76' lang='grc' dir='ltr'><strong>τοῦ</strong></span> <span class='ocrx_word' id='word_1_456' title='bbox 289 1621 414 1652; x_wconf 75' lang='grc' dir='ltr'>Θανάτου.</span> <span class='ocrx_word' id='word_1_457' title='bbox 434 1635 447 1647; x_wconf 77' lang='grc' dir='ltr'>ι</span> <span class='ocrx_word' id='word_1_458' title='bbox 479 1621 569 1659; x_wconf 83' lang='grc' dir='ltr'>Νόμον</span> <span class='ocrx_word' id='word_1_459' title='bbox 586 1620 741 1658; x_wconf 80' lang='grc' dir='ltr'>Πνεὺματος</span> <span class='ocrx_word' id='word_1_460' title='bbox 757 1620 786 1649; x_wconf 83' lang='grc' dir='ltr'><strong>τὸ</strong></span> 
     </span>
    </p>
   </div>
   <div class='ocr_carea' id='block_1_60' title="bbox 0 1664 786 1705">
    <p class='ocr_par' dir='ltr' id='par_1_60' title="bbox 0 1664 786 1705">
     <span class='ocr_line' id='line_1_61' title="bbox 0 1664 786 1705; baseline -0.008 -6"><span class='ocrx_word' id='word_1_461' title='bbox 0 1664 48 1700; x_wconf 57' lang='grc' dir='ltr'><strong>ἰον</strong></span> <span class='ocrx_word' id='word_1_462' title='bbox 81 1669 205 1704; x_wconf 76' lang='grc' dir='ltr'>Πνεῦμα</span> <span class='ocrx_word' id='word_1_463' title='bbox 231 1668 324 1702; x_wconf 83' lang='grc' dir='ltr'>καλεῖ,</span> <span class='ocrx_word' id='word_1_464' title='bbox 348 1665 438 1705; x_wconf 82' lang='grc' dir='ltr'>ὥσπερ</span> <span class='ocrx_word' id='word_1_465' title='bbox 463 1665 508 1696; x_wconf 86' lang='grc' dir='ltr'><strong>καὶ</strong></span> <span class='ocrx_word' id='word_1_466' title='bbox 532 1665 613 1703; x_wconf 86' lang='grc' dir='ltr'>νόμον</span> <span class='ocrx_word' id='word_1_467' title='bbox 637 1664 786 1705; x_wconf 70' lang='grc' dir='ltr'>ἁμαρτίας,</span> 
     </span>
    </p>
   </div>
   <div class='ocr_carea' id='block_1_61' title="bbox 0 1709 785 1752">
    <p class='ocr_par' dir='ltr' id='par_1_61' title="bbox 0 1709 785 1752">
     <span class='ocr_line' id='line_1_62' title="bbox 0 1709 785 1752; baseline -0.006 -9"><span class='ocrx_word' id='word_1_468' title='bbox 0 1728 18 1751; x_wconf 65' lang='grc' dir='ltr'>ρο</span> <span class='ocrx_word' id='word_1_469' title='bbox 49 1712 210 1752; x_wconf 71' lang='grc' dir='ltr'>ἁμαρτίαν.</span> <span class='ocrx_word' id='word_1_470' title='bbox 242 1713 319 1746; x_wconf 82' lang='grc' dir='ltr'><strong>Ζωῆς</strong></span> <span class='ocrx_word' id='word_1_471' title='bbox 345 1711 372 1740; x_wconf 79' lang='grc' dir='ltr'><strong>δὲ</strong></span> <span class='ocrx_word' id='word_1_472' title='bbox 396 1710 478 1748; x_wconf 85' lang='grc' dir='ltr'>νόμον</span> <span class='ocrx_word' id='word_1_473' title='bbox 505 1709 596 1740; x_wconf 74' lang='grc' dir='ltr'>τοῦτόν</span> <span class='ocrx_word' id='word_1_474' title='bbox 623 1720 698 1749; x_wconf 82' lang='grc' dir='ltr'>φησι,</span> <span class='ocrx_word' id='word_1_475' title='bbox 720 1709 785 1749; x_wconf 81' lang='grc' dir='ltr'>πρὸς</span> 
     </span>
    </p>
   </div>
   <div class='ocr_carea' id='block_1_62' title="bbox 0 1754 783 1795">
    <p class='ocr_par' dir='ltr' id='par_1_62' title="bbox 0 1754 783 1795">
     <span class='ocr_line' id='line_1_63' title="bbox 0 1754 783 1795; baseline -0.006 -6"><span class='ocrx_word' id='word_1_476' title='bbox 0 1756 197 1792; x_wconf 70' lang='grc' dir='ltr'>πιδιιιστολὴν</span> <span class='ocrx_word' id='word_1_477' title='bbox 223 1759 268 1785; x_wconf 81' lang='grc' dir='ltr'><strong>τοῦ</strong></span> <span class='ocrx_word' id='word_1_478' title='bbox 282 1758 330 1791; x_wconf 80' lang='grc' dir='ltr'><strong>τῆς</strong></span> <span class='ocrx_word' id='word_1_479' title='bbox 347 1755 480 1795; x_wconf 77' lang='grc' dir='ltr'>ἁμαρτίας</span> <span class='ocrx_word' id='word_1_480' title='bbox 500 1754 596 1793; x_wconf 78' lang='grc' dir='ltr'>νόμου,</span> <span class='ocrx_word' id='word_1_481' title='bbox 614 1756 660 1784; x_wconf 74' lang='grc' dir='ltr'><strong>τοῦ</strong></span> <span class='ocrx_word' id='word_1_482' title='bbox 681 1754 726 1783; x_wconf 77' lang='grc' dir='ltr'><strong>καὶ</strong></span> <span class='ocrx_word' id='word_1_483' title='bbox 741 1754 783 1784; x_wconf 80' lang='grc' dir='ltr'><strong>τὸν</strong></span> 
     </span>
    </p>
   </div>
   <div class='ocr_carea' id='block_1_63' title="bbox 0 1799 784 1842">
    <p class='ocr_par' dir='ltr' id='par_1_63' title="bbox 0 1799 784 1842">
     <span class='ocr_line' id='line_1_64' title="bbox 0 1799 784 1842; baseline -0.008 -9"><span class='ocrx_word' id='word_1_484' title='bbox 0 1815 91 1833; x_wconf 83' lang='grc' dir='ltr'>νατον</span> <span class='ocrx_word' id='word_1_485' title='bbox 125 1801 348 1842; x_wconf 77' lang='grc' dir='ltr'>προξενήσαντος.</span> <span class='ocrx_word' id='word_1_486' title='bbox 382 1799 419 1829; x_wconf 88' lang='grc' dir='ltr'><strong>Ἦ</strong></span> <span class='ocrx_word' id='word_1_487' title='bbox 447 1799 525 1840; x_wconf 83' lang='grc' dir='ltr'>χάρις</span> <span class='ocrx_word' id='word_1_488' title='bbox 554 1799 606 1839; x_wconf 82' lang='grc' dir='ltr'><strong>γὰρ</strong></span> <span class='ocrx_word' id='word_1_489' title='bbox 636 1801 683 1828; x_wconf 73' lang='grc' dir='ltr'><strong>τοῦ</strong></span> <span class='ocrx_word' id='word_1_490' title='bbox 711 1800 784 1829; x_wconf 74' lang='grc' dir='ltr'>Θεοῦ</span> 
     </span>
    </p>
   </div>
   <div class='ocr_carea' id='block_1_64' title="bbox 0 1843 783 1885">
    <p class='ocr_par' dir='ltr' id='par_1_64' title="bbox 0 1843 783 1885">
     <span class='ocr_line' id='line_1_65' title="bbox 0 1843 783 1885; baseline -0.008 -7"><span class='ocrx_word' id='word_1_491' title='bbox 0 1849 136 1878; x_wconf 75' lang='grc' dir='ltr'>ινάτωσε</span> <span class='ocrx_word' id='word_1_492' title='bbox 155 1845 204 1883; x_wconf 82' lang='grc' dir='ltr'>μὲν</span> <span class='ocrx_word' id='word_1_493' title='bbox 225 1845 273 1882; x_wconf 81' lang='grc' dir='ltr'><strong>τὴν</strong></span> <span class='ocrx_word' id='word_1_494' title='bbox 298 1843 431 1885; x_wconf 73' lang='grc' dir='ltr'>ἁμαρτίαν</span> <span class='ocrx_word' id='word_1_495' title='bbox 447 1844 493 1874; x_wconf 77' lang='grc' dir='ltr'>καὶ</span> <span class='ocrx_word' id='word_1_496' title='bbox 515 1843 559 1873; x_wconf 80' lang='grc' dir='ltr'><strong>τὸν</strong></span> <span class='ocrx_word' id='word_1_497' title='bbox 575 1843 686 1873; x_wconf 87' lang='grc' dir='ltr'>θάνατον</span> <span class='ocrx_word' id='word_1_498' title='bbox 699 1855 706 1862; x_wconf 78' lang='lat'><strong>&#39;</strong></span> <span class='ocrx_word' id='word_1_499' title='bbox 721 1846 783 1873; x_wconf 76' lang='grc' dir='ltr'>κοῦ-</span> 
     </span>
    </p>
   </div>
   <div class='ocr_carea' id='block_1_65' title="bbox 0 1887 784 1930">
    <p class='ocr_par' dir='ltr' id='par_1_65' title="bbox 0 1887 784 1930">
     <span class='ocr_line' id='line_1_66' title="bbox 0 1887 784 1930; baseline -0.005 -9"><span class='ocrx_word' id='word_1_500' title='bbox 0 1907 14 1923; x_wconf 73' lang='grc' dir='ltr'><strong>ν</strong></span> <span class='ocrx_word' id='word_1_501' title='bbox 49 1893 83 1922; x_wconf 82' lang='grc' dir='ltr'><strong>δὲ</strong></span> <span class='ocrx_word' id='word_1_502' title='bbox 114 1891 182 1929; x_wconf 79' lang='grc' dir='ltr'>ἡμῖν</span> <span class='ocrx_word' id='word_1_503' title='bbox 205 1891 248 1920; x_wconf 79' lang='grc' dir='ltr'><strong>τὸν</strong></span> <span class='ocrx_word' id='word_1_504' title='bbox 272 1892 363 1930; x_wconf 76' lang='grc' dir='ltr'>ἀγῶνα</span> <span class='ocrx_word' id='word_1_505' title='bbox 392 1889 546 1925; x_wconf 82' lang='grc' dir='ltr'>ποιήσασα,</span> <span class='ocrx_word' id='word_1_506' title='bbox 576 1887 658 1921; x_wconf 74' lang='grc' dir='ltr'>οὕτως</span> <span class='ocrx_word' id='word_1_507' title='bbox 683 1887 727 1917; x_wconf 67' lang='grc' dir='ltr'><strong>ἰπὶ</strong></span> <span class='ocrx_word' id='word_1_508' title='bbox 751 1887 784 1917; x_wconf 75' lang='grc' dir='ltr'><strong>τὰ</strong></span> 
     </span>
    </p>
   </div>
   <div class='ocr_carea' id='block_1_66' title="bbox 2 1932 783 1975">
    <p class='ocr_par' dir='ltr' id='par_1_66' title="bbox 2 1932 783 1975">
     <span class='ocr_line' id='line_1_67' title="bbox 2 1932 783 1975; baseline -0.009 -7"><span class='ocrx_word' id='word_1_509' title='bbox 2 1938 166 1975; x_wconf 77' lang='grc' dir='ltr'>λαίσματα</span> <span class='ocrx_word' id='word_1_510' title='bbox 191 1935 341 1975; x_wconf 74' lang='grc' dir='ltr'>εἰσήγαγεν.</span> <span class='ocrx_word' id='word_1_511' title='bbox 367 1934 541 1971; x_wconf 82' lang='grc' dir='ltr'>Ἐτόλμησαν</span> <span class='ocrx_word' id='word_1_512' title='bbox 564 1932 592 1962; x_wconf 58' lang='grc' dir='ltr'><strong>δὲ</strong></span> <span class='ocrx_word' id='word_1_513' title='bbox 617 1934 645 1962; x_wconf 79' lang='grc' dir='ltr'>αἱ</span> <span class='ocrx_word' id='word_1_514' title='bbox 668 1932 783 1972; x_wconf 82' lang='grc' dir='ltr'>πονηραὶ</span> 
     </span>
    </p>
   </div>
   <div class='ocr_carea' id='block_1_67' title="bbox 0 1977 784 2020">
    <p class='ocr_par' dir='ltr' id='par_1_67' title="bbox 0 1977 784 2020">
     <span class='ocr_line' id='line_1_68' title="bbox 0 1977 784 2020; baseline -0.009 -7"><span class='ocrx_word' id='word_1_515' title='bbox 0 1987 103 2014; x_wconf 67' lang='lat' dir='ltr'><strong>Sicca:</strong></span> <span class='ocrx_word' id='word_1_516' title='bbox 126 1979 208 2018; x_wconf 87' lang='grc' dir='ltr'>νόμον</span> <span class='ocrx_word' id='word_1_517' title='bbox 224 1979 356 2020; x_wconf 72' lang='grc' dir='ltr'>ἁμαρτίας</span> <span class='ocrx_word' id='word_1_518' title='bbox 376 1980 489 2008; x_wconf 78' lang='grc' dir='ltr'>ἐνταῦθα</span> <span class='ocrx_word' id='word_1_519' title='bbox 511 1979 594 2007; x_wconf 73' lang='grc' dir='ltr'>εἰπεῖν</span> <span class='ocrx_word' id='word_1_520' title='bbox 608 1977 652 2007; x_wconf 79' lang='grc' dir='ltr'><strong>τὸν</strong></span> <span class='ocrx_word' id='word_1_521' title='bbox 667 1978 784 2008; x_wconf 85' lang='grc' dir='ltr'>Μωσαῖ-</span> 
     </span>
    </p>
   </div>
   <div class='ocr_carea' id='block_1_68' title="bbox 0 2022 783 2065">
    <p class='ocr_par' dir='ltr' id='par_1_68' title="bbox 0 2022 783 2065">
     <span class='ocr_line' id='line_1_69' title="bbox 0 2022 783 2065; baseline -0.006 -9"><span class='ocrx_word' id='word_1_522' title='bbox 0 2042 13 2057; x_wconf 73' lang='grc' dir='ltr'><strong>ν</strong></span> <span class='ocrx_word' id='word_1_523' title='bbox 30 2027 124 2065; x_wconf 78' lang='grc' dir='ltr'>νόμον</span> <span class='ocrx_word' id='word_1_524' title='bbox 136 2037 143 2044; x_wconf 90' lang='grc'><strong>·</strong></span> <span class='ocrx_word' id='word_1_525' title='bbox 156 2025 186 2054; x_wconf 76' lang='grc' dir='ltr'>ὃν</span> <span class='ocrx_word' id='word_1_526' title='bbox 197 2027 212 2054; x_wconf 75' lang='grc' dir='ltr'>ὁ</span> <span class='ocrx_word' id='word_1_527' title='bbox 231 2024 388 2057; x_wconf 80' lang='grc' dir='ltr'>Ἀπόστολος</span> <span class='ocrx_word' id='word_1_528' title='bbox 404 2024 522 2061; x_wconf 76' lang='grc' dir='ltr'>οὖδαμοῦ</span> <span class='ocrx_word' id='word_1_529' title='bbox 538 2022 620 2055; x_wconf 77' lang='grc' dir='ltr'>οὕτως</span> <span class='ocrx_word' id='word_1_530' title='bbox 631 2022 783 2061; x_wconf 81' lang='grc' dir='ltr'>ὠνόμασεν,</span> 
     </span>
    </p>
   </div>
   <div class='ocr_carea' id='block_1_69' title="bbox 0 2066 781 2111">
    <p class='ocr_par' dir='ltr' id='par_1_69' title="bbox 0 2066 781 2111">
     <span class='ocr_line' id='line_1_70' title="bbox 0 2066 781 2111; baseline -0.005 -11"><span class='ocrx_word' id='word_1_531' title='bbox 0 2074 29 2102; x_wconf 74' lang='grc' dir='ltr'><strong>λ’</strong></span> <span class='ocrx_word' id='word_1_532' title='bbox 55 2072 141 2111; x_wconf 77' lang='grc' dir='ltr'>ἅγιον</span> <span class='ocrx_word' id='word_1_533' title='bbox 168 2069 214 2099; x_wconf 82' lang='grc' dir='ltr'>καὶ</span> <span class='ocrx_word' id='word_1_534' title='bbox 243 2069 433 2107; x_wconf 80' lang='grc' dir='ltr'>πνευματικόν.</span> <span class='ocrx_word' id='word_1_535' title='bbox 460 2066 514 2098; x_wconf 74' lang='grc' dir='ltr'><strong>Καὶ</strong></span> <span class='ocrx_word' id='word_1_536' title='bbox 538 2068 561 2096; x_wconf 81' lang='grc' dir='ltr'>εἰ</span> <span class='ocrx_word' id='word_1_537' title='bbox 586 2069 781 2106; x_wconf 82' lang='grc' dir='ltr'>πνευματικὸς,</span> 
     </span>
    </p>
   </div>
   <div class='ocr_carea' id='block_1_70' title="bbox 0 2111 781 2154">
    <p class='ocr_par' dir='ltr' id='par_1_70' title="bbox 0 2111 781 2154">
     <span class='ocr_line' id='line_1_71' title="bbox 0 2111 781 2154; baseline -0.006 -8"><span class='ocrx_word' id='word_1_538' title='bbox 0 2119 51 2147; x_wconf 73' lang='grc' dir='ltr'>ισὶν</span> <span class='ocrx_word' id='word_1_539' title='bbox 61 2140 72 2154; x_wconf 87' lang='grc'><strong>,</strong></span> <span class='ocrx_word' id='word_1_540' title='bbox 93 2116 157 2144; x_wconf 84' lang='grc' dir='ltr'>ἔστι</span> <span class='ocrx_word' id='word_1_541' title='bbox 170 2114 216 2144; x_wconf 76' lang='grc' dir='ltr'>καὶ</span> <span class='ocrx_word' id='word_1_542' title='bbox 231 2116 245 2142; x_wconf 82' lang='grc' dir='ltr'>ὁ</span> <span class='ocrx_word' id='word_1_543' title='bbox 266 2113 410 2146; x_wconf 80' lang='grc' dir='ltr'>Μωσαῖκὸς</span> <span class='ocrx_word' id='word_1_544' title='bbox 419 2135 427 2149; x_wconf 86' lang='grc'><strong>,</strong></span> <span class='ocrx_word' id='word_1_545' title='bbox 441 2112 468 2142; x_wconf 81' lang='grc' dir='ltr'><strong>τί</strong></span> <span class='ocrx_word' id='word_1_546' title='bbox 481 2112 577 2142; x_wconf 83' lang='grc' dir='ltr'>λοιπὸν</span> <span class='ocrx_word' id='word_1_547' title='bbox 600 2111 722 2148; x_wconf 73' lang='grc' dir='ltr'>διέστηκε</span> <span class='ocrx_word' id='word_1_548' title='bbox 736 2114 781 2141; x_wconf 77' lang='grc' dir='ltr'><strong>τοῦ</strong></span> 
     </span>
    </p>
   </div>
   <div class='ocr_carea' id='block_1_71' title="bbox 0 2155 782 2197">
    <p class='ocr_par' dir='ltr' id='par_1_71' title="bbox 0 2155 782 2197">
     <span class='ocr_line' id='line_1_72' title="bbox 0 2155 782 2197; baseline -0.009 -5"><span class='ocrx_word' id='word_1_549' title='bbox 0 2173 53 2192; x_wconf 61' lang='lat' dir='ltr'><strong>acu</strong></span> <span class='ocrx_word' id='word_1_550' title='bbox 81 2163 133 2190; x_wconf 80' lang='grc' dir='ltr'><strong>τοῦ</strong></span> <span class='ocrx_word' id='word_1_551' title='bbox 151 2159 328 2197; x_wconf 60' lang='lat' dir='ltr'><strong>“minume;</strong></span> <span class='ocrx_word' id='word_1_552' title='bbox 360 2158 507 2196; x_wconf 83' lang='grc' dir='ltr'>Πάμπολυ.</span> <span class='ocrx_word' id='word_1_553' title='bbox 533 2156 569 2186; x_wconf 71' lang='grc' dir='ltr'><strong>Ὀ</strong></span> <span class='ocrx_word' id='word_1_554' title='bbox 588 2155 641 2197; x_wconf 14' lang='grc' dir='ltr'>μὲν,</span> <span class='ocrx_word' id='word_1_555' title='bbox 659 2155 713 2196; x_wconf 83' lang='grc' dir='ltr'><strong>γὰρ</strong></span> <span class='ocrx_word' id='word_1_556' title='bbox 735 2159 782 2186; x_wconf 74' lang='grc' dir='ltr'><strong>τοῦ</strong></span> 
     </span>
    </p>
   </div>
   <div class='ocr_carea' id='block_1_72' title="bbox 0 2195 780 2242">
    <p class='ocr_par' dir='ltr' id='par_1_72' title="bbox 0 2195 780 2242">
     <span class='ocr_line' id='line_1_73' title="bbox 0 2195 780 2242; baseline -0.01 -5"><span class='ocrx_word' id='word_1_557' title='bbox 0 2195 123 2238; x_wconf 51' lang='grc' dir='ltr'>ίυῦσέως</span> <span class='ocrx_word' id='word_1_558' title='bbox 139 2203 193 2233; x_wconf 78' lang='grc' dir='ltr'>ὑπὸ</span> <span class='ocrx_word' id='word_1_559' title='bbox 220 2195 376 2242; x_wconf 83' lang='grc' dir='ltr'>Πνεύματος</span> <span class='ocrx_word' id='word_1_560' title='bbox 400 2202 478 2241; x_wconf 86' lang='grc' dir='ltr'>μόνον</span> <span class='ocrx_word' id='word_1_561' title='bbox 498 2201 592 2237; x_wconf 81' lang='grc' dir='ltr'>ἐδόθη·</span> <span class='ocrx_word' id='word_1_562' title='bbox 613 2196 686 2234; x_wconf 63' lang='grc' dir='ltr'>οὗτος</span> <span class='ocrx_word' id='word_1_563' title='bbox 703 2201 731 2230; x_wconf 77' lang='grc' dir='ltr'><strong>δὲ</strong></span> <span class='ocrx_word' id='word_1_564' title='bbox 753 2201 780 2221; x_wconf 73' lang='grc'><strong>⁵⁵</strong></span> 
     </span>
    </p>
   </div>
   <div class='ocr_carea' id='block_1_73' title="bbox 1 2247 309 2288">
    <p class='ocr_par' dir='ltr' id='par_1_73' title="bbox 1 2247 309 2288">
     <span class='ocr_line' id='line_1_74' title="bbox 1 2247 309 2288; baseline -0.013 -6"><span class='ocrx_word' id='word_1_565' title='bbox 1 2254 13 2281; x_wconf 80' lang='grc' dir='ltr'>ὶ</span> <span class='ocrx_word' id='word_1_566' title='bbox 30 2252 161 2286; x_wconf 73' lang='grc' dir='ltr'>Πνεῦμα</span> <span class='ocrx_word' id='word_1_567' title='bbox 178 2247 309 2288; x_wconf 66' lang='grc' dir='ltr'>ἐχορήγει.</span> 
     </span>
    </p>
   </div>
   <div class='ocr_carea' id='block_1_74' title="bbox 8 2285 783 2333">
    <p class='ocr_par' dir='ltr' id='par_1_74' title="bbox 8 2285 783 2333">
     <span class='ocr_line' id='line_1_75' title="bbox 8 2285 783 2333; baseline -0.008 -8"><span class='ocrx_word' id='word_1_568' title='bbox 8 2309 24 2325; x_wconf 79' lang='grc' dir='ltr'><strong>ιι</strong></span> <span class='ocrx_word' id='word_1_569' title='bbox 40 2296 87 2327; x_wconf 82' lang='grc' dir='ltr'>Τὸ</span> <span class='ocrx_word' id='word_1_570' title='bbox 105 2285 162 2333; x_wconf 78' lang='grc' dir='ltr'><strong>γὰρ</strong></span> <span class='ocrx_word' id='word_1_571' title='bbox 178 2285 304 2323; x_wconf 66' lang='grc' dir='ltr'>άέύνατσν</span> <span class='ocrx_word' id='word_1_572' title='bbox 327 2294 374 2321; x_wconf 80' lang='grc' dir='ltr'><strong>τοῦ</strong></span> <span class='ocrx_word' id='word_1_573' title='bbox 398 2291 496 2330; x_wconf 88' lang='grc' dir='ltr'>νόμου,</span> <span class='ocrx_word' id='word_1_574' title='bbox 520 2292 546 2320; x_wconf 83' lang='grc' dir='ltr'><strong>ἐν</strong></span> <span class='ocrx_word' id='word_1_575' title='bbox 568 2285 591 2331; x_wconf 70' lang='grc' dir='ltr'>ᾧ</span> <span class='ocrx_word' id='word_1_576' title='bbox 613 2289 717 2327; x_wconf 84' lang='grc' dir='ltr'>ἠσθένει</span> <span class='ocrx_word' id='word_1_577' title='bbox 739 2290 783 2320; x_wconf 81' lang='grc' dir='ltr'>διὰ</span> 
     </span>
    </p>
   </div>
   <div class='ocr_carea' id='block_1_75' title="bbox 1 2335 784 2380">
    <p class='ocr_par' dir='ltr' id='par_1_75' title="bbox 1 2335 784 2380">
     <span class='ocr_line' id='line_1_76' title="bbox 1 2335 784 2380; baseline -0.009 -9"><span class='ocrx_word' id='word_1_578' title='bbox 1 2355 13 2375; x_wconf 85' lang='grc' dir='ltr'>ς</span> <span class='ocrx_word' id='word_1_579' title='bbox 26 2339 139 2380; x_wconf 75' lang='grc' dir='ltr'>σαρκὸς</span> <span class='ocrx_word' id='word_1_580' title='bbox 149 2361 158 2374; x_wconf 96' lang='grc'><strong>,</strong></span> <span class='ocrx_word' id='word_1_581' title='bbox 175 2339 189 2367; x_wconf 80' lang='grc' dir='ltr'>ὁ</span> <span class='ocrx_word' id='word_1_582' title='bbox 199 2338 266 2371; x_wconf 82' lang='grc' dir='ltr'>Θεὸς</span> <span class='ocrx_word' id='word_1_583' title='bbox 289 2337 332 2366; x_wconf 79' lang='grc' dir='ltr'><strong>τὸν</strong></span> <span class='ocrx_word' id='word_1_584' title='bbox 345 2338 438 2367; x_wconf 78' lang='grc' dir='ltr'>ἑαυτοῦ</span> <span class='ocrx_word' id='word_1_585' title='bbox 448 2336 514 2366; x_wconf 80' lang='grc' dir='ltr'>Υἱὸν</span> <span class='ocrx_word' id='word_1_586' title='bbox 526 2335 634 2375; x_wconf 84' lang='grc' dir='ltr'>πέμψας</span> <span class='ocrx_word' id='word_1_587' title='bbox 645 2336 672 2380; x_wconf 82' lang='grc' dir='ltr'>ἐν</span> <span class='ocrx_word' id='word_1_588' title='bbox 686 2335 784 2374; x_wconf 76' lang='grc' dir='ltr'>ὁμοιώ-</span> 
     </span>
    </p>
   </div>
   <div class='ocr_carea' id='block_1_76' title="bbox 0 2379 782 2423">
    <p class='ocr_par' dir='ltr' id='par_1_76' title="bbox 0 2379 782 2423">
     <span class='ocr_line' id='line_1_77' title="bbox 0 2379 782 2423; baseline -0.009 -8"><span class='ocrx_word' id='word_1_589' title='bbox 0 2399 35 2416; x_wconf 73' lang='grc' dir='ltr'><strong>ιτι</strong></span> <span class='ocrx_word' id='word_1_590' title='bbox 71 2379 182 2423; x_wconf 20' lang='grc' dir='ltr'>νσαρκὸς</span> <span class='ocrx_word' id='word_1_591' title='bbox 211 2382 356 2422; x_wconf 78' lang='grc' dir='ltr'>ἁμαρτίας,</span> <span class='ocrx_word' id='word_1_592' title='bbox 388 2381 434 2411; x_wconf 85' lang='grc' dir='ltr'><strong>καὶ</strong></span> <span class='ocrx_word' id='word_1_593' title='bbox 467 2380 529 2421; x_wconf 74' lang='grc' dir='ltr'>περὶ</span> <span class='ocrx_word' id='word_1_594' title='bbox 561 2379 694 2420; x_wconf 74' lang='grc' dir='ltr'>ἁμαρτίας</span> <span class='ocrx_word' id='word_1_595' title='bbox 733 2391 782 2409; x_wconf 88' lang='grc' dir='ltr'>κα-</span> 
     </span>
    </p>
   </div>
   <div class='ocr_carea' id='block_1_77' title="bbox 0 2424 781 2471">
    <p class='ocr_par' dir='ltr' id='par_1_77' title="bbox 0 2424 781 2471">
     <span class='ocr_line' id='line_1_78' title="bbox 0 2424 781 2471; baseline -0.004 -13"><span class='ocrx_word' id='word_1_596' title='bbox 0 2442 76 2471; x_wconf 75' lang='grc' dir='ltr'>ιιρινε</span> <span class='ocrx_word' id='word_1_597' title='bbox 84 2429 150 2469; x_wconf 41' lang='grc' dir='ltr'><strong>ιιι-ὴν</strong></span> <span class='ocrx_word' id='word_1_598' title='bbox 173 2427 306 2467; x_wconf 74' lang='grc' dir='ltr'>ἁμαρτίαν</span> <span class='ocrx_word' id='word_1_599' title='bbox 329 2427 355 2456; x_wconf 80' lang='grc' dir='ltr'>ἐν</span> <span class='ocrx_word' id='word_1_600' title='bbox 377 2428 411 2467; x_wconf 82' lang='grc' dir='ltr'><strong>τῇ</strong></span> <span class='ocrx_word' id='word_1_601' title='bbox 435 2425 526 2466; x_wconf 84' lang='grc' dir='ltr'>σαρκί.</span> <span class='ocrx_word' id='word_1_602' title='bbox 546 2436 560 2454; x_wconf 64' lang='lat'><strong>3</strong></span> <span class='ocrx_word' id='word_1_603' title='bbox 576 2424 715 2471; x_wconf 77' lang='grc' dir='ltr'>Ἐμνήσθη</span> <span class='ocrx_word' id='word_1_604' title='bbox 736 2427 781 2471; x_wconf 64' lang='grc' dir='ltr'>τοῖξ</span> 
     </span>
    </p>
   </div>
   <div class='ocr_carea' id='block_1_78' title="bbox 0 2469 783 2513">
    <p class='ocr_par' dir='ltr' id='par_1_78' title="bbox 0 2469 783 2513">
     <span class='ocr_line' id='line_1_79' title="bbox 0 2469 783 2513; baseline -0.008 -9"><span class='ocrx_word' id='word_1_605' title='bbox 0 2469 160 2513; x_wconf 76' lang='grc' dir='ltr'>νεύματος,</span> <span class='ocrx_word' id='word_1_606' title='bbox 188 2471 349 2511; x_wconf 72' lang='grc' dir='ltr'>μνημονεύει</span> <span class='ocrx_word' id='word_1_607' title='bbox 372 2473 417 2500; x_wconf 78' lang='grc' dir='ltr'><strong>νῦν</strong></span> <span class='ocrx_word' id='word_1_608' title='bbox 437 2470 484 2500; x_wconf 79' lang='grc' dir='ltr'>καὶ</span> <span class='ocrx_word' id='word_1_609' title='bbox 511 2472 557 2500; x_wconf 81' lang='grc' dir='ltr'><strong>τοῦ</strong></span> <span class='ocrx_word' id='word_1_610' title='bbox 587 2469 707 2509; x_wconf 80' lang='grc' dir='ltr'>Πατρὸς,</span> <span class='ocrx_word' id='word_1_611' title='bbox 737 2469 783 2499; x_wconf 78' lang='grc' dir='ltr'><strong>καὶ</strong></span> 
     </span>
    </p>
   </div>
   <div class='ocr_carea' id='block_1_79' title="bbox 0 2514 781 2557">
    <p class='ocr_par' dir='ltr' id='par_1_79' title="bbox 0 2514 781 2557">
     <span class='ocr_line' id='line_1_80' title="bbox 0 2514 781 2557; baseline -0.008 -8"><span class='ocrx_word' id='word_1_612' title='bbox 0 2523 13 2549; x_wconf 80' lang='grc' dir='ltr'><strong>ὗ</strong></span> <span class='ocrx_word' id='word_1_613' title='bbox 40 2521 132 2554; x_wconf 76' lang='grc' dir='ltr'><strong>Υῐοῦ,</strong></span> <span class='ocrx_word' id='word_1_614' title='bbox 159 2516 209 2552; x_wconf 86' lang='grc' dir='ltr'><strong>τὴν</strong></span> <span class='ocrx_word' id='word_1_615' title='bbox 222 2516 327 2557; x_wconf 82' lang='grc' dir='ltr'>Τριάδα</span> <span class='ocrx_word' id='word_1_616' title='bbox 355 2515 486 2545; x_wconf 77' lang='grc' dir='ltr'>διδάσκων</span> <span class='ocrx_word' id='word_1_617' title='bbox 506 2515 543 2545; x_wconf 88' lang='grc'><strong>⁵⁷.</strong></span> <span class='ocrx_word' id='word_1_618' title='bbox 564 2514 619 2545; x_wconf 77' lang='grc' dir='ltr'><strong>Καὶ</strong></span> <span class='ocrx_word' id='word_1_619' title='bbox 638 2514 711 2544; x_wconf 79' lang='grc' dir='ltr'>δοκεῖ</span> <span class='ocrx_word' id='word_1_620' title='bbox 733 2514 781 2553; x_wconf 88' lang='grc' dir='ltr'>μὲν</span> 
     </span>
    </p>
   </div>
   <div class='ocr_carea' id='block_1_80' title="bbox 1 2558 780 2600">
    <p class='ocr_par' dir='ltr' id='par_1_80' title="bbox 1 2558 780 2600">
     <span class='ocr_line' id='line_1_81' title="bbox 1 2558 780 2600; baseline -0.006 -7"><span class='ocrx_word' id='word_1_621' title='bbox 1 2564 42 2593; x_wconf 73' lang='grc' dir='ltr'><strong>τὰ</strong></span> <span class='ocrx_word' id='word_1_622' title='bbox 58 2566 112 2593; x_wconf 74' lang='grc' dir='ltr'><strong>τοῦ</strong></span> <span class='ocrx_word' id='word_1_623' title='bbox 126 2562 210 2600; x_wconf 83' lang='grc' dir='ltr'>νόμου</span> <span class='ocrx_word' id='word_1_624' title='bbox 224 2561 330 2600; x_wconf 78' lang='grc' dir='ltr'>λέγειν,</span> <span class='ocrx_word' id='word_1_625' title='bbox 351 2561 399 2590; x_wconf 81' lang='grc' dir='ltr'><strong>οὒκ</strong></span> <span class='ocrx_word' id='word_1_626' title='bbox 422 2561 478 2590; x_wconf 85' lang='grc' dir='ltr'>ἔστι</span> <span class='ocrx_word' id='word_1_627' title='bbox 502 2559 530 2589; x_wconf 69' lang='grc' dir='ltr'><strong>δὲ</strong></span> <span class='ocrx_word' id='word_1_628' title='bbox 551 2563 640 2589; x_wconf 73' lang='grc' dir='ltr'>τοῦτο.</span> <span class='ocrx_word' id='word_1_629' title='bbox 670 2560 711 2589; x_wconf 83' lang='grc' dir='ltr'>Οὐ</span> <span class='ocrx_word' id='word_1_630' title='bbox 728 2558 780 2600; x_wconf 79' lang='grc' dir='ltr'><strong>γὰρ</strong></span> 
     </span>
    </p>
   </div>
   <div class='ocr_carea' id='block_1_81' title="bbox 0 2599 779 2647">
    <p class='ocr_par' dir='ltr' id='par_1_81' title="bbox 0 2599 779 2647">
     <span class='ocr_line' id='line_1_82' title="bbox 0 2599 779 2647; baseline -0.006 -8"><span class='ocrx_word' id='word_1_631' title='bbox 0 2621 29 2639; x_wconf 76' lang='grc' dir='ltr'><strong>τε</strong></span> <span class='ocrx_word' id='word_1_632' title='bbox 38 2633 47 2645; x_wconf 86' lang='grc'><strong>,</strong></span> <span class='ocrx_word' id='word_1_633' title='bbox 65 2609 112 2638; x_wconf 77' lang='grc' dir='ltr'><strong>Τὸ</strong></span> <span class='ocrx_word' id='word_1_634' title='bbox 125 2599 241 2647; x_wconf 78' lang='grc' dir='ltr'>πονηρὸν</span> <span class='ocrx_word' id='word_1_635' title='bbox 257 2599 302 2636; x_wconf 80' lang='grc' dir='ltr'>τοῦ</span> <span class='ocrx_word' id='word_1_636' title='bbox 316 2606 414 2644; x_wconf 85' lang='grc' dir='ltr'>νόμου,</span> <span class='ocrx_word' id='word_1_637' title='bbox 436 2607 462 2635; x_wconf 78' lang='grc' dir='ltr'><strong>ἐν</strong></span> <span class='ocrx_word' id='word_1_638' title='bbox 511 2604 683 2644; x_wconf 77' lang='grc' dir='ltr'>ἐκακούργει,</span> <span class='ocrx_word' id='word_1_639' title='bbox 698 2604 779 2641; x_wconf 81' lang='grc' dir='ltr'>ἀλλὰ,</span> 
     </span>
    </p>
   </div>
   <div class='ocr_carea' id='block_1_82' title="bbox 0 2647 779 2692">
    <p class='ocr_par' dir='ltr' id='par_1_82' title="bbox 0 2647 779 2692">
     <span class='ocr_line' id='line_1_83' title="bbox 0 2647 779 2692; baseline -0.006 -8"><span class='ocrx_word' id='word_1_640' title='bbox 0 2654 47 2685; x_wconf 80' lang='grc' dir='ltr'><strong>Τὸ</strong></span> <span class='ocrx_word' id='word_1_641' title='bbox 63 2652 214 2689; x_wconf 77' lang='grc' dir='ltr'>ἀδύνατον,</span> <span class='ocrx_word' id='word_1_642' title='bbox 228 2652 254 2681; x_wconf 71' lang='grc' dir='ltr'><strong>ἐν</strong></span> <span class='ocrx_word' id='word_1_643' title='bbox 271 2647 293 2692; x_wconf 75' lang='grc' dir='ltr'><strong>ᾧ</strong></span> <span class='ocrx_word' id='word_1_644' title='bbox 310 2650 422 2687; x_wconf 80' lang='grc' dir='ltr'>ἠσθένει.</span> <span class='ocrx_word' id='word_1_645' title='bbox 436 2663 450 2677; x_wconf 71' lang='grc' dir='ltr'>ι</span> <span class='ocrx_word' id='word_1_646' title='bbox 468 2651 530 2684; x_wconf 79' lang='grc' dir='ltr'><strong>Πῶς</strong></span> <span class='ocrx_word' id='word_1_647' title='bbox 547 2649 574 2679; x_wconf 83' lang='grc' dir='ltr'><strong>δὲ</strong></span> <span class='ocrx_word' id='word_1_648' title='bbox 586 2647 712 2686; x_wconf 81' lang='grc' dir='ltr'>ἠσθένιι;</span> <span class='ocrx_word' id='word_1_649' title='bbox 727 2649 779 2679; x_wconf 83' lang='grc' dir='ltr'>Διὰ</span> 
     </span>
    </p>
   </div>
   <div class='ocr_carea' id='block_1_83' title="bbox 0 2694 780 2738">
    <p class='ocr_par' dir='ltr' id='par_1_83' title="bbox 0 2694 780 2738">
     <span class='ocr_line' id='line_1_84' title="bbox 0 2694 780 2738; baseline -0.004 -11"><span class='ocrx_word' id='word_1_650' title='bbox 0 2703 18 2734; x_wconf 53' lang='grc' dir='ltr'>ζς</span> <span class='ocrx_word' id='word_1_651' title='bbox 35 2697 155 2738; x_wconf 79' lang='grc' dir='ltr'>σαρκὸς,</span> <span class='ocrx_word' id='word_1_652' title='bbox 170 2696 308 2738; x_wconf 59' lang='grc' dir='ltr'>τοοτέστι,</span> <span class='ocrx_word' id='word_1_653' title='bbox 330 2697 376 2725; x_wconf 72' lang='grc' dir='ltr'>τοῦ</span> <span class='ocrx_word' id='word_1_654' title='bbox 401 2698 528 2735; x_wconf 80' lang='grc' dir='ltr'>σαρκικοῖῐ</span> <span class='ocrx_word' id='word_1_655' title='bbox 547 2694 726 2735; x_wconf 82' lang='grc' dir='ltr'>φρονήματος.</span> <span class='ocrx_word' id='word_1_656' title='bbox 746 2695 780 2724; x_wconf 88' lang='grc' dir='ltr'>Ὁ</span> 
     </span>
    </p>
   </div>
   <div class='ocr_carea' id='block_1_84' title="bbox 13 2736 778 2780">
    <p class='ocr_par' dir='ltr' id='par_1_84' title="bbox 13 2736 778 2780">
     <span class='ocr_line' id='line_1_85' title="bbox 13 2736 778 2780; baseline -0.004 -9"><span class='ocrx_word' id='word_1_657' title='bbox 13 2736 82 2776; x_wconf 16' lang='lat' dir='ltr'><strong>eoae?</strong></span> <span class='ocrx_word' id='word_1_658' title='bbox 95 2741 183 2779; x_wconf 78' lang='grc' dir='ltr'>ἅπας,</span> <span class='ocrx_word' id='word_1_659' title='bbox 201 2736 237 2771; x_wconf 69' lang='grc' dir='ltr'><strong>ὧν</strong></span> <span class='ocrx_word' id='word_1_660' title='bbox 257 2741 345 2780; x_wconf 82' lang='grc' dir='ltr'>ἔλεγεν</span> <span class='ocrx_word' id='word_1_661' title='bbox 368 2741 383 2769; x_wconf 82' lang='grc' dir='ltr'><strong>ὁ</strong></span> <span class='ocrx_word' id='word_1_662' title='bbox 400 2740 570 2776; x_wconf 84' lang='grc' dir='ltr'>Ἀπόστολος,</span> <span class='ocrx_word' id='word_1_663' title='bbox 590 2740 701 2769; x_wconf 75' lang='grc' dir='ltr'>ἐνταῦθα</span> <span class='ocrx_word' id='word_1_664' title='bbox 717 2740 778 2768; x_wconf 76' lang='grc' dir='ltr'>ἂνα-</span> 
     </span>
    </p>
   </div>
   <div class='ocr_carea' id='block_1_85' title="bbox 0 2782 779 2826">
    <p class='ocr_par' dir='ltr' id='par_1_85' title="bbox 0 2782 779 2826">
     <span class='ocr_line' id='line_1_86' title="bbox 0 2782 779 2826; baseline -0.005 -8"><span class='ocrx_word' id='word_1_665' title='bbox 0 2788 159 2818; x_wconf 78' lang='grc' dir='ltr'>ιλύπτεται.</span> <span class='ocrx_word' id='word_1_666' title='bbox 183 2786 264 2826; x_wconf 83' lang='grc' dir='ltr'>Λέγει</span> <span class='ocrx_word' id='word_1_667' title='bbox 282 2785 354 2825; x_wconf 82' lang='grc' dir='ltr'>γὰρ,</span> <span class='ocrx_word' id='word_1_668' title='bbox 372 2786 408 2819; x_wconf 85' lang='grc' dir='ltr'><strong>ὡς</strong></span> <span class='ocrx_word' id='word_1_669' title='bbox 430 2785 476 2814; x_wconf 78' lang='grc' dir='ltr'>καὶ</span> <span class='ocrx_word' id='word_1_670' title='bbox 504 2783 629 2824; x_wconf 79' lang='grc' dir='ltr'>ἀνωτέρω</span> <span class='ocrx_word' id='word_1_671' title='bbox 653 2782 779 2822; x_wconf 79' lang='grc' dir='ltr'>εἴπομεν,</span> 
     </span>
    </p>
   </div>
   <div class='ocr_carea' id='block_1_86' title="bbox 840 1631 1640 1667">
    <p class='ocr_par' dir='ltr' id='par_1_86' title="bbox 840 1631 1640 1667">
     <span class='ocr_line' id='line_1_87' title="bbox 840 1631 1640 1667; baseline -0.001 -8"><span class='ocrx_word' id='word_1_672' title='bbox 840 1631 955 1667; x_wconf 89' lang='lat' dir='ltr'><strong>Spiritus</strong></span> <span class='ocrx_word' id='word_1_673' title='bbox 983 1631 1117 1667; x_wconf 87' lang='lat' dir='ltr'><strong>Spiritum</strong></span> <span class='ocrx_word' id='word_1_674' title='bbox 1148 1635 1273 1659; x_wconf 88' lang='lat' dir='ltr'><strong>sanctum</strong></span> <span class='ocrx_word' id='word_1_675' title='bbox 1300 1635 1389 1665; x_wconf 84' lang='lat' dir='ltr'><strong>vocat,</strong></span> <span class='ocrx_word' id='word_1_676' title='bbox 1420 1631 1532 1667; x_wconf 86' lang='lat' dir='ltr'><strong>perinde</strong></span> <span class='ocrx_word' id='word_1_677' title='bbox 1557 1636 1640 1667; x_wconf 80' lang='lat' dir='ltr'><strong>atque</strong></span> 
     </span>
    </p>
   </div>
   <div class='ocr_carea' id='block_1_87' title="bbox 839 1676 1640 1713">
    <p class='ocr_par' dir='ltr' id='par_1_87' title="bbox 839 1676 1640 1713">
     <span class='ocr_line' id='line_1_88' title="bbox 839 1676 1640 1713; baseline -0.001 -9"><span class='ocrx_word' id='word_1_678' title='bbox 839 1676 928 1712; x_wconf 83' lang='lat' dir='ltr'><strong>legem</strong></span> <span class='ocrx_word' id='word_1_679' title='bbox 951 1676 1053 1712; x_wconf 86' lang='lat' dir='ltr'><strong>peccati</strong></span> <span class='ocrx_word' id='word_1_680' title='bbox 1076 1676 1166 1712; x_wconf 91' lang='lat' dir='ltr'><strong>ipsum</strong></span> <span class='ocrx_word' id='word_1_681' title='bbox 1181 1680 1335 1712; x_wconf 89' lang='lat' dir='ltr'><strong>peccatum.</strong></span> <span class='ocrx_word' id='word_1_682' title='bbox 1350 1676 1420 1704; x_wconf 62' lang='lat' dir='ltr'><strong>Vita!</strong></span> <span class='ocrx_word' id='word_1_683' title='bbox 1439 1680 1534 1704; x_wconf 88' lang='lat' dir='ltr'><strong>autem</strong></span> <span class='ocrx_word' id='word_1_684' title='bbox 1552 1676 1640 1713; x_wconf 83' lang='lat' dir='ltr'><strong>legem</strong></span> 
     </span>
    </p>
   </div>
   <div class='ocr_carea' id='block_1_88' title="bbox 838 1720 1640 1757">
    <p class='ocr_par' dir='ltr' id='par_1_88' title="bbox 838 1720 1640 1757">
     <span class='ocr_line' id='line_1_89' title="bbox 838 1720 1640 1757; baseline 0 -9"><span class='ocrx_word' id='word_1_685' title='bbox 838 1720 909 1748; x_wconf 89' lang='lat' dir='ltr'><strong>hanc</strong></span> <span class='ocrx_word' id='word_1_686' title='bbox 924 1722 1052 1757; x_wconf 85' lang='lat' dir='ltr'><strong>appellat,</strong></span> <span class='ocrx_word' id='word_1_687' title='bbox 1068 1724 1099 1748; x_wconf 88' lang='lat' dir='ltr'><strong>ut</strong></span> <span class='ocrx_word' id='word_1_688' title='bbox 1113 1725 1232 1756; x_wconf 86' lang='lat' dir='ltr'><strong>opponat</strong></span> <span class='ocrx_word' id='word_1_689' title='bbox 1245 1728 1305 1748; x_wconf 84' lang='lat' dir='ltr'><strong>eam</strong></span> <span class='ocrx_word' id='word_1_690' title='bbox 1325 1720 1377 1756; x_wconf 83' lang='lat' dir='ltr'><strong>legi</strong></span> <span class='ocrx_word' id='word_1_691' title='bbox 1400 1721 1515 1756; x_wconf 83' lang='lat' dir='ltr'><strong>peccati,</strong></span> <span class='ocrx_word' id='word_1_692' title='bbox 1536 1728 1599 1756; x_wconf 64' lang='lat' dir='ltr'><strong>quae</strong></span> <span class='ocrx_word' id='word_1_693' title='bbox 1613 1728 1640 1748; x_wconf 89' lang='lat' dir='ltr'><strong>ct</strong></span> 
     </span>
    </p>
   </div>
   <div class='ocr_carea' id='block_1_89' title="bbox 839 1765 1639 1800">
    <p class='ocr_par' dir='ltr' id='par_1_89' title="bbox 839 1765 1639 1800">
     <span class='ocr_line' id='line_1_90' title="bbox 839 1765 1639 1800; baseline 0 -8"><span class='ocrx_word' id='word_1_694' title='bbox 839 1769 959 1793; x_wconf 87' lang='lat' dir='ltr'><strong>mortem</strong></span> <span class='ocrx_word' id='word_1_695' title='bbox 984 1765 1064 1793; x_wconf 89' lang='lat' dir='ltr'><strong>nobis</strong></span> <span class='ocrx_word' id='word_1_696' title='bbox 1089 1765 1320 1793; x_wconf 86' lang='lat' dir='ltr'><strong>subministravit.</strong></span> <span class='ocrx_word' id='word_1_697' title='bbox 1343 1765 1451 1792; x_wconf 78' lang='lat' dir='ltr'><strong>Etenim</strong></span> <span class='ocrx_word' id='word_1_698' title='bbox 1479 1765 1565 1800; x_wconf 86' lang='lat' dir='ltr'><strong>gratia</strong></span> <span class='ocrx_word' id='word_1_699' title='bbox 1588 1765 1639 1792; x_wconf 65' lang='lat' dir='ltr'><strong>Dei</strong></span> 
     </span>
    </p>
   </div>
   <div class='ocr_carea' id='block_1_90' title="bbox 838 1809 1640 1845">
    <p class='ocr_par' dir='ltr' id='par_1_90' title="bbox 838 1809 1640 1845">
     <span class='ocr_line' id='line_1_91' title="bbox 838 1809 1640 1845; baseline 0 -9"><span class='ocrx_word' id='word_1_700' title='bbox 838 1809 939 1837; x_wconf 86' lang='lat' dir='ltr'><strong>occidit</strong></span> <span class='ocrx_word' id='word_1_701' title='bbox 968 1813 1110 1845; x_wconf 89' lang='lat' dir='ltr'><strong>peccatum</strong></span> <span class='ocrx_word' id='word_1_702' title='bbox 1138 1813 1166 1836; x_wconf 89' lang='lat' dir='ltr'><strong>et</strong></span> <span class='ocrx_word' id='word_1_703' title='bbox 1189 1813 1330 1836; x_wconf 85' lang='lat' dir='ltr'><strong>mortem:</strong></span> <span class='ocrx_word' id='word_1_704' title='bbox 1354 1816 1473 1844; x_wconf 87' lang='lat' dir='ltr'><strong>cumque</strong></span> <span class='ocrx_word' id='word_1_705' title='bbox 1497 1812 1640 1836; x_wconf 84' lang='lat' dir='ltr'><strong>certamen</strong></span> 
     </span>
    </p>
   </div>
   <div class='ocr_carea' id='block_1_91' title="bbox 837 1852 1638 1888">
    <p class='ocr_par' dir='ltr' id='par_1_91' title="bbox 837 1852 1638 1888">
     <span class='ocr_line' id='line_1_92' title="bbox 837 1852 1638 1888; baseline -0.001 -7"><span class='ocrx_word' id='word_1_706' title='bbox 837 1853 916 1882; x_wconf 85' lang='lat' dir='ltr'><strong>nobis</strong></span> <span class='ocrx_word' id='word_1_707' title='bbox 927 1853 984 1881; x_wconf 88' lang='lat' dir='ltr'><strong>leve</strong></span> <span class='ocrx_word' id='word_1_708' title='bbox 998 1852 1173 1885; x_wconf 81' lang='lat' dir='ltr'><strong>reddidisset,</strong></span> <span class='ocrx_word' id='word_1_709' title='bbox 1183 1853 1217 1880; x_wconf 89' lang='lat' dir='ltr'><strong>ad</strong></span> <span class='ocrx_word' id='word_1_710' title='bbox 1229 1853 1373 1880; x_wconf 75' lang='lat' dir='ltr'><strong>conflictus</strong></span> <span class='ocrx_word' id='word_1_711' title='bbox 1387 1853 1422 1880; x_wconf 85' lang='lat' dir='ltr'><strong>ita</strong></span> <span class='ocrx_word' id='word_1_712' title='bbox 1435 1860 1487 1880; x_wconf 91' lang='lat' dir='ltr'><strong>nos</strong></span> <span class='ocrx_word' id='word_1_713' title='bbox 1500 1853 1638 1888; x_wconf 85' lang='lat' dir='ltr'><strong>perduxit.</strong></span> 
     </span>
    </p>
   </div>
   <div class='ocr_carea' id='block_1_92' title="bbox 838 1897 1638 1933">
    <p class='ocr_par' dir='ltr' id='par_1_92' title="bbox 838 1897 1638 1933">
     <span class='ocr_line' id='line_1_93' title="bbox 838 1897 1638 1933; baseline -0.001 -7"><span class='ocrx_word' id='word_1_714' title='bbox 838 1900 921 1926; x_wconf 69' lang='lat' dir='ltr'><strong>Ausa:</strong></span> <span class='ocrx_word' id='word_1_715' title='bbox 941 1902 1006 1926; x_wconf 91' lang='lat' dir='ltr'><strong>sunt</strong></span> <span class='ocrx_word' id='word_1_716' title='bbox 1025 1901 1120 1925; x_wconf 80' lang='lat' dir='ltr'><strong>autem</strong></span> <span class='ocrx_word' id='word_1_717' title='bbox 1140 1905 1278 1933; x_wconf 75' lang='lat' dir='ltr'><strong>perversae</strong></span> <span class='ocrx_word' id='word_1_718' title='bbox 1304 1897 1404 1933; x_wconf 73' lang='lat' dir='ltr'><strong>lingua:</strong></span> <span class='ocrx_word' id='word_1_719' title='bbox 1423 1897 1510 1933; x_wconf 84' lang='lat' dir='ltr'><strong>legem</strong></span> <span class='ocrx_word' id='word_1_720' title='bbox 1534 1898 1638 1933; x_wconf 84' lang='lat' dir='ltr'><strong>peccati</strong></span> 
     </span>
    </p>
   </div>
   <div class='ocr_carea' id='block_1_93' title="bbox 837 1942 1638 1978">
    <p class='ocr_par' dir='ltr' id='par_1_93' title="bbox 837 1942 1638 1978">
     <span class='ocr_line' id='line_1_94' title="bbox 837 1942 1638 1978; baseline -0.002 -7"><span class='ocrx_word' id='word_1_721' title='bbox 837 1942 881 1971; x_wconf 92' lang='lat' dir='ltr'><strong>hic</strong></span> <span class='ocrx_word' id='word_1_722' title='bbox 894 1943 983 1971; x_wconf 87' lang='lat' dir='ltr'><strong>dicere</strong></span> <span class='ocrx_word' id='word_1_723' title='bbox 1003 1942 1154 1970; x_wconf 85' lang='lat' dir='ltr'><strong>Mosaicam</strong></span> <span class='ocrx_word' id='word_1_724' title='bbox 1167 1942 1265 1978; x_wconf 84' lang='lat' dir='ltr'><strong>legem,</strong></span> <span class='ocrx_word' id='word_1_725' title='bbox 1280 1950 1364 1977; x_wconf 89' lang='lat' dir='ltr'><strong>quam</strong></span> <span class='ocrx_word' id='word_1_726' title='bbox 1383 1946 1476 1970; x_wconf 83' lang='lat' dir='ltr'><strong>tamen</strong></span> <span class='ocrx_word' id='word_1_727' title='bbox 1491 1942 1638 1977; x_wconf 81' lang='lat' dir='ltr'><strong>Apostolus</strong></span> 
     </span>
    </p>
   </div>
   <div class='ocr_carea' id='block_1_94' title="bbox 838 1986 1638 2024">
    <p class='ocr_par' dir='ltr' id='par_1_94' title="bbox 838 1986 1638 2024">
     <span class='ocr_line' id='line_1_95' title="bbox 838 1986 1638 2024; baseline -0.001 -9"><span class='ocrx_word' id='word_1_728' title='bbox 838 1994 976 2024; x_wconf 85' lang='lat' dir='ltr'><strong>nusquam</strong></span> <span class='ocrx_word' id='word_1_729' title='bbox 990 1987 1042 2015; x_wconf 92' lang='lat' dir='ltr'><strong>nisi</strong></span> <span class='ocrx_word' id='word_1_730' title='bbox 1055 1990 1179 2015; x_wconf 87' lang='lat' dir='ltr'><strong>sanctam</strong></span> <span class='ocrx_word' id='word_1_731' title='bbox 1191 1990 1218 2014; x_wconf 94' lang='lat' dir='ltr'><strong>et</strong></span> <span class='ocrx_word' id='word_1_732' title='bbox 1238 1986 1409 2022; x_wconf 81' lang='lat' dir='ltr'><strong>spiritualem</strong></span> <span class='ocrx_word' id='word_1_733' title='bbox 1424 1986 1580 2022; x_wconf 88' lang='lat' dir='ltr'><strong>appellavit.</strong></span> <span class='ocrx_word' id='word_1_734' title='bbox 1600 1989 1638 2014; x_wconf 78' lang='lat' dir='ltr'><strong>At</strong></span> 
     </span>
    </p>
   </div>
   <div class='ocr_carea' id='block_1_95' title="bbox 837 2030 1634 2069">
    <p class='ocr_par' dir='ltr' id='par_1_95' title="bbox 837 2030 1634 2069">
     <span class='ocr_line' id='line_1_96' title="bbox 837 2030 1634 2069; baseline -0.003 -9"><span class='ocrx_word' id='word_1_735' title='bbox 837 2033 860 2061; x_wconf 88' lang='lat' dir='ltr'><strong>si</strong></span> <span class='ocrx_word' id='word_1_736' title='bbox 879 2031 1026 2069; x_wconf 85' lang='lat' dir='ltr'><strong>spiritualis</strong></span> <span class='ocrx_word' id='word_1_737' title='bbox 1040 2036 1090 2067; x_wconf 88' lang='lat' dir='ltr'><strong>est,</strong></span> <span class='ocrx_word' id='word_1_738' title='bbox 1105 2031 1243 2068; x_wconf 90' lang='lat' dir='ltr'><strong>inquiunt,</strong></span> <span class='ocrx_word' id='word_1_739' title='bbox 1256 2035 1284 2059; x_wconf 88' lang='lat' dir='ltr'><strong>et</strong></span> <span class='ocrx_word' id='word_1_740' title='bbox 1297 2031 1336 2058; x_wconf 87' lang='lat' dir='ltr'><strong>lex</strong></span> <span class='ocrx_word' id='word_1_741' title='bbox 1351 2031 1481 2066; x_wconf 87' lang='lat' dir='ltr'><strong>Mosaica,</strong></span> <span class='ocrx_word' id='word_1_742' title='bbox 1500 2030 1567 2067; x_wconf 92' lang='lat' dir='ltr'><strong>quid</strong></span> <span class='ocrx_word' id='word_1_743' title='bbox 1583 2031 1634 2068; x_wconf 87' lang='lat' dir='ltr'><strong>igi-</strong></span> 
     </span>
    </p>
   </div>
   <div class='ocr_carea' id='block_1_96' title="bbox 836 2075 1634 2114">
    <p class='ocr_par' dir='ltr' id='par_1_96' title="bbox 836 2075 1634 2114">
     <span class='ocr_line' id='line_1_97' title="bbox 836 2075 1634 2114; baseline -0.001 -9"><span class='ocrx_word' id='word_1_744' title='bbox 836 2081 884 2105; x_wconf 92' lang='lat' dir='ltr'><strong>tur</strong></span> <span class='ocrx_word' id='word_1_745' title='bbox 909 2077 1046 2114; x_wconf 86' lang='lat' dir='ltr'><strong>discrepat</strong></span> <span class='ocrx_word' id='word_1_746' title='bbox 1069 2085 1085 2105; x_wconf 92' lang='lat' dir='ltr'><strong>a</strong></span> <span class='ocrx_word' id='word_1_747' title='bbox 1111 2077 1169 2113; x_wconf 88' lang='lat' dir='ltr'><strong>lege</strong></span> <span class='ocrx_word' id='word_1_748' title='bbox 1182 2077 1299 2113; x_wconf 89' lang='lat' dir='ltr'><strong>Spiritus</strong></span> <span class='ocrx_word' id='word_1_749' title='bbox 1313 2076 1490 2104; x_wconf 65' lang='lat' dir='ltr'><strong>FPlurimum</strong></span> <span class='ocrx_word' id='word_1_750' title='bbox 1510 2075 1634 2112; x_wconf 90' lang='lat' dir='ltr'><strong>quidem.</strong></span> 
     </span>
    </p>
   </div>
   <div class='ocr_carea' id='block_1_97' title="bbox 837 2120 1637 2158">
    <p class='ocr_par' dir='ltr' id='par_1_97' title="bbox 837 2120 1637 2158">
     <span class='ocr_line' id='line_1_98' title="bbox 837 2120 1637 2158; baseline 0 -9"><span class='ocrx_word' id='word_1_751' title='bbox 837 2122 894 2149; x_wconf 81' lang='lat' dir='ltr'><strong>Lex</strong></span> <span class='ocrx_word' id='word_1_752' title='bbox 913 2122 988 2150; x_wconf 89' lang='lat' dir='ltr'><strong>enim</strong></span> <span class='ocrx_word' id='word_1_753' title='bbox 1011 2121 1137 2150; x_wconf 85' lang='lat' dir='ltr'><strong>Mosaica</strong></span> <span class='ocrx_word' id='word_1_754' title='bbox 1163 2121 1266 2158; x_wconf 84' lang='lat' dir='ltr'><strong>Spiritu</strong></span> <span class='ocrx_word' id='word_1_755' title='bbox 1286 2125 1395 2150; x_wconf 87' lang='lat' dir='ltr'><strong>tantum</strong></span> <span class='ocrx_word' id='word_1_756' title='bbox 1416 2120 1471 2149; x_wconf 87' lang='lat' dir='ltr'><strong>lata</strong></span> <span class='ocrx_word' id='word_1_757' title='bbox 1495 2125 1555 2156; x_wconf 85' lang='lat' dir='ltr'><strong>est;</strong></span> <span class='ocrx_word' id='word_1_758' title='bbox 1578 2120 1637 2149; x_wconf 79' lang='lat' dir='ltr'><strong>haec</strong></span> 
     </span>
    </p>
   </div>
   <div class='ocr_carea' id='block_1_98' title="bbox 835 2165 1350 2203">
    <p class='ocr_par' dir='ltr' id='par_1_98' title="bbox 835 2165 1350 2203">
     <span class='ocr_line' id='line_1_99' title="bbox 835 2165 1350 2203; baseline -0.002 -8"><span class='ocrx_word' id='word_1_759' title='bbox 835 2170 929 2195; x_wconf 83' lang='lat' dir='ltr'><strong>autem</strong></span> <span class='ocrx_word' id='word_1_760' title='bbox 943 2170 972 2195; x_wconf 85' lang='lat' dir='ltr'><strong>et</strong></span> <span class='ocrx_word' id='word_1_761' title='bbox 994 2166 1128 2203; x_wconf 87' lang='lat' dir='ltr'><strong>Spiritum</strong></span> <span class='ocrx_word' id='word_1_762' title='bbox 1148 2165 1350 2203; x_wconf 83' lang='lat' dir='ltr'><strong>suppeditabat.</strong></span> 
     </span>
    </p>
   </div>
   <div class='ocr_carea' id='block_1_99' title="bbox 872 2294 1635 2332">
    <p class='ocr_par' dir='ltr' id='par_1_99' title="bbox 872 2294 1635 2332">
     <span class='ocr_line' id='line_1_100' title="bbox 872 2294 1635 2332; baseline -0.001 -9"><span class='ocrx_word' id='word_1_763' title='bbox 872 2296 961 2324; x_wconf 83' lang='lat' dir='ltr'><strong>Vsns.</strong></span> <span class='ocrx_word' id='word_1_764' title='bbox 978 2299 1004 2324; x_wconf 83' lang='lat'><strong>3.</strong></span> <span class='ocrx_word' id='word_1_765' title='bbox 1018 2306 1031 2320; x_wconf 71' lang='grc' dir='ltr'><strong>ι</strong></span> <span class='ocrx_word' id='word_1_766' title='bbox 1046 2296 1117 2324; x_wconf 86' lang='lat' dir='ltr'><strong>Nam</strong></span> <span class='ocrx_word' id='word_1_767' title='bbox 1129 2295 1203 2332; x_wconf 90' lang='lat' dir='ltr'><strong>quod</strong></span> <span class='ocrx_word' id='word_1_768' title='bbox 1212 2299 1272 2324; x_wconf 86' lang='lat' dir='ltr'><strong>erat</strong></span> <span class='ocrx_word' id='word_1_769' title='bbox 1282 2295 1452 2332; x_wconf 89' lang='lat' dir='ltr'><strong>impossibile</strong></span> <span class='ocrx_word' id='word_1_770' title='bbox 1464 2294 1526 2331; x_wconf 85' lang='lat' dir='ltr'><strong>legi,</strong></span> <span class='ocrx_word' id='word_1_771' title='bbox 1542 2294 1570 2322; x_wconf 96' lang='lat' dir='ltr'><strong>in</strong></span> <span class='ocrx_word' id='word_1_772' title='bbox 1580 2303 1635 2331; x_wconf 91' lang='lat' dir='ltr'><strong>quo</strong></span> 
     </span>
    </p>
   </div>
   <div class='ocr_carea' id='block_1_100' title="bbox 835 2339 1633 2376">
    <p class='ocr_par' dir='ltr' id='par_1_100' title="bbox 835 2339 1633 2376">
     <span class='ocr_line' id='line_1_101' title="bbox 835 2339 1633 2376; baseline -0.001 -8"><span class='ocrx_word' id='word_1_773' title='bbox 835 2340 1029 2368; x_wconf 86' lang='lat' dir='ltr'><strong>inﬁrmabatur</strong></span> <span class='ocrx_word' id='word_1_774' title='bbox 1043 2348 1089 2376; x_wconf 91' lang='lat' dir='ltr'><strong>per</strong></span> <span class='ocrx_word' id='word_1_775' title='bbox 1110 2347 1233 2374; x_wconf 86' lang='lat' dir='ltr'><strong>carnem,</strong></span> <span class='ocrx_word' id='word_1_776' title='bbox 1246 2341 1322 2368; x_wconf 88' lang='lat' dir='ltr'><strong>Deus</strong></span> <span class='ocrx_word' id='word_1_777' title='bbox 1345 2340 1430 2368; x_wconf 89' lang='lat' dir='ltr'><strong>misso</strong></span> <span class='ocrx_word' id='word_1_778' title='bbox 1444 2339 1512 2368; x_wconf 89' lang='lat' dir='ltr'><strong>Filio</strong></span> <span class='ocrx_word' id='word_1_779' title='bbox 1538 2347 1589 2368; x_wconf 88' lang='lat' dir='ltr'><strong>suo</strong></span> <span class='ocrx_word' id='word_1_780' title='bbox 1606 2339 1633 2367; x_wconf 95' lang='lat' dir='ltr'><strong>in</strong></span> 
     </span>
    </p>
   </div>
   <div class='ocr_carea' id='block_1_101' title="bbox 836 2383 1634 2420">
    <p class='ocr_par' dir='ltr' id='par_1_101' title="bbox 836 2383 1634 2420">
     <span class='ocr_line' id='line_1_102' title="bbox 836 2383 1634 2420; baseline 0 -8"><span class='ocrx_word' id='word_1_781' title='bbox 836 2384 1012 2413; x_wconf 89' lang='lat' dir='ltr'><strong>similitudine</strong></span> <span class='ocrx_word' id='word_1_782' title='bbox 1030 2385 1120 2412; x_wconf 88' lang='lat' dir='ltr'><strong>carnis</strong></span> <span class='ocrx_word' id='word_1_783' title='bbox 1136 2383 1251 2420; x_wconf 87' lang='lat' dir='ltr'><strong>peccati,</strong></span> <span class='ocrx_word' id='word_1_784' title='bbox 1273 2384 1307 2412; x_wconf 90' lang='lat' dir='ltr'><strong>de</strong></span> <span class='ocrx_word' id='word_1_785' title='bbox 1327 2388 1440 2420; x_wconf 90' lang='lat' dir='ltr'><strong>peccato</strong></span> <span class='ocrx_word' id='word_1_786' title='bbox 1465 2383 1634 2412; x_wconf 89' lang='lat' dir='ltr'><strong>condemna-</strong></span> 
     </span>
    </p>
   </div>
   <div class='ocr_carea' id='block_1_102' title="bbox 835 2428 1633 2465">
    <p class='ocr_par' dir='ltr' id='par_1_102' title="bbox 835 2428 1633 2465">
     <span class='ocr_line' id='line_1_103' title="bbox 835 2428 1633 2465; baseline 0 -8"><span class='ocrx_word' id='word_1_787' title='bbox 835 2429 873 2457; x_wconf 88' lang='lat' dir='ltr'><strong>vit</strong></span> <span class='ocrx_word' id='word_1_788' title='bbox 883 2434 1026 2465; x_wconf 86' lang='lat' dir='ltr'><strong>peccatum</strong></span> <span class='ocrx_word' id='word_1_789' title='bbox 1036 2430 1064 2457; x_wconf 94' lang='lat' dir='ltr'><strong>in</strong></span> <span class='ocrx_word' id='word_1_790' title='bbox 1072 2437 1165 2457; x_wconf 89' lang='lat' dir='ltr'><strong>carne.</strong></span> <span class='ocrx_word' id='word_1_791' title='bbox 1179 2441 1192 2454; x_wconf 79' lang='grc' dir='ltr'><strong>ιι</strong></span> <span class='ocrx_word' id='word_1_792' title='bbox 1204 2429 1333 2456; x_wconf 86' lang='lat' dir='ltr'><strong>Meminit</strong></span> <span class='ocrx_word' id='word_1_793' title='bbox 1347 2428 1403 2465; x_wconf 66' lang='grc'>54</span> <span class='ocrx_word' id='word_1_794' title='bbox 1417 2429 1548 2464; x_wconf 83' lang='lat' dir='ltr'><strong>Spiritus,</strong></span> <span class='ocrx_word' id='word_1_795' title='bbox 1558 2436 1633 2457; x_wconf 88' lang='lat' dir='ltr'><strong>nunc</strong></span> 
     </span>
    </p>
   </div>
   <div class='ocr_carea' id='block_1_103' title="bbox 836 2473 1632 2507">
    <p class='ocr_par' dir='ltr' id='par_1_103' title="bbox 836 2473 1632 2507">
     <span class='ocr_line' id='line_1_104' title="bbox 836 2473 1632 2507; baseline 0 -5"><span class='ocrx_word' id='word_1_796' title='bbox 836 2474 1005 2502; x_wconf 88' lang='lat' dir='ltr'><strong>mentionem</strong></span> <span class='ocrx_word' id='word_1_797' title='bbox 1030 2473 1093 2502; x_wconf 82' lang='lat' dir='ltr'><strong>facit</strong></span> <span class='ocrx_word' id='word_1_798' title='bbox 1105 2478 1133 2502; x_wconf 89' lang='lat' dir='ltr'><strong>et</strong></span> <span class='ocrx_word' id='word_1_799' title='bbox 1147 2473 1232 2502; x_wconf 83' lang='lat' dir='ltr'><strong>Patris</strong></span> <span class='ocrx_word' id='word_1_800' title='bbox 1249 2477 1278 2501; x_wconf 90' lang='lat' dir='ltr'><strong>et</strong></span> <span class='ocrx_word' id='word_1_801' title='bbox 1297 2473 1371 2507; x_wconf 82' lang='lat' dir='ltr'><strong>Filii,</strong></span> <span class='ocrx_word' id='word_1_802' title='bbox 1393 2474 1559 2502; x_wconf 89' lang='lat' dir='ltr'><strong>Trinitatem</strong></span> <span class='ocrx_word' id='word_1_803' title='bbox 1578 2473 1632 2502; x_wconf 91' lang='lat' dir='ltr'><strong>do-</strong></span> 
     </span>
    </p>
   </div>
   <div class='ocr_carea' id='block_1_104' title="bbox 834 2518 1631 2554">
    <p class='ocr_par' dir='ltr' id='par_1_104' title="bbox 834 2518 1631 2554">
     <span class='ocr_line' id='line_1_105' title="bbox 834 2518 1631 2554; baseline 0 -7"><span class='ocrx_word' id='word_1_804' title='bbox 834 2526 910 2547; x_wconf 86' lang='lat' dir='ltr'><strong>cens.</strong></span> <span class='ocrx_word' id='word_1_805' title='bbox 939 2521 980 2547; x_wconf 78' lang='lat' dir='ltr'><strong>Ac</strong></span> <span class='ocrx_word' id='word_1_806' title='bbox 993 2518 1102 2547; x_wconf 87' lang='lat' dir='ltr'><strong>videtur</strong></span> <span class='ocrx_word' id='word_1_807' title='bbox 1116 2518 1161 2546; x_wconf 90' lang='lat' dir='ltr'><strong>hic</strong></span> <span class='ocrx_word' id='word_1_808' title='bbox 1173 2526 1238 2546; x_wconf 88' lang='lat' dir='ltr'><strong>sane</strong></span> <span class='ocrx_word' id='word_1_809' title='bbox 1253 2522 1349 2547; x_wconf 83' lang='lat' dir='ltr'><strong>contra</strong></span> <span class='ocrx_word' id='word_1_810' title='bbox 1366 2518 1453 2554; x_wconf 84' lang='lat' dir='ltr'><strong>legem</strong></span> <span class='ocrx_word' id='word_1_811' title='bbox 1467 2519 1568 2552; x_wconf 85' lang='lat' dir='ltr'><strong>dicere,</strong></span> <span class='ocrx_word' id='word_1_812' title='bbox 1583 2527 1631 2547; x_wconf 87' lang='lat' dir='ltr'><strong>ve-</strong></span> 
     </span>
    </p>
   </div>
   <div class='ocr_carea' id='block_1_105' title="bbox 834 2563 1631 2592">
    <p class='ocr_par' dir='ltr' id='par_1_105' title="bbox 834 2563 1631 2592">
     <span class='ocr_line' id='line_1_106' title="bbox 834 2563 1631 2592; baseline -0.003 0"><span class='ocrx_word' id='word_1_813' title='bbox 834 2571 899 2592; x_wconf 87' lang='lat' dir='ltr'><strong>rum</strong></span> <span class='ocrx_word' id='word_1_814' title='bbox 919 2564 947 2592; x_wconf 89' lang='lat' dir='ltr'><strong>id</strong></span> <span class='ocrx_word' id='word_1_815' title='bbox 959 2571 1020 2592; x_wconf 87' lang='lat' dir='ltr'><strong>sese</strong></span> <span class='ocrx_word' id='word_1_816' title='bbox 1029 2564 1064 2592; x_wconf 83' lang='lat' dir='ltr'><strong>ita</strong></span> <span class='ocrx_word' id='word_1_817' title='bbox 1077 2571 1133 2592; x_wconf 90' lang='lat' dir='ltr'><strong>non</strong></span> <span class='ocrx_word' id='word_1_818' title='bbox 1146 2563 1237 2591; x_wconf 87' lang='lat' dir='ltr'><strong>habet.</strong></span> <span class='ocrx_word' id='word_1_819' title='bbox 1254 2564 1317 2592; x_wconf 84' lang='lat' dir='ltr'><strong>Non</strong></span> <span class='ocrx_word' id='word_1_820' title='bbox 1332 2563 1409 2592; x_wconf 87' lang='lat' dir='ltr'><strong>enim</strong></span> <span class='ocrx_word' id='word_1_821' title='bbox 1429 2563 1516 2592; x_wconf 81' lang='lat' dir='ltr'><strong>dixit:</strong></span> <span class='ocrx_word' id='word_1_822' title='bbox 1537 2564 1631 2591; x_wconf 87' lang='lat' dir='ltr'><strong>Pravi-</strong></span> 
     </span>
    </p>
   </div>
   <div class='ocr_carea' id='block_1_106' title="bbox 835 2607 1631 2645">
    <p class='ocr_par' dir='ltr' id='par_1_106' title="bbox 835 2607 1631 2645">
     <span class='ocr_line' id='line_1_107' title="bbox 835 2607 1631 2645; baseline -0.003 -9"><span class='ocrx_word' id='word_1_823' title='bbox 835 2612 880 2637; x_wconf 85' lang='lat' dir='ltr'><strong>tas</strong></span> <span class='ocrx_word' id='word_1_824' title='bbox 909 2609 980 2645; x_wconf 89' lang='lat' dir='ltr'><strong>legis</strong></span> <span class='ocrx_word' id='word_1_825' title='bbox 990 2609 1018 2636; x_wconf 90' lang='lat' dir='ltr'><strong>in</strong></span> <span class='ocrx_word' id='word_1_826' title='bbox 1033 2616 1085 2644; x_wconf 89' lang='lat' dir='ltr'><strong>qua</strong></span> <span class='ocrx_word' id='word_1_827' title='bbox 1099 2616 1224 2644; x_wconf 84' lang='lat' dir='ltr'><strong>perverse</strong></span> <span class='ocrx_word' id='word_1_828' title='bbox 1242 2609 1350 2645; x_wconf 77' lang='lat' dir='ltr'><strong>agebat,</strong></span> <span class='ocrx_word' id='word_1_829' title='bbox 1361 2608 1409 2637; x_wconf 90' lang='lat' dir='ltr'><strong>sed</strong></span> <span class='ocrx_word' id='word_1_830' title='bbox 1425 2619 1438 2634; x_wconf 78' lang='grc' dir='ltr'>ι(</span> <span class='ocrx_word' id='word_1_831' title='bbox 1451 2607 1631 2644; x_wconf 88' lang='lat' dir='ltr'><strong>impossibili—</strong></span> 
     </span>
    </p>
   </div>
   <div class='ocr_carea' id='block_1_107' title="bbox 835 2651 1632 2689">
    <p class='ocr_par' dir='ltr' id='par_1_107' title="bbox 835 2651 1632 2689">
     <span class='ocr_line' id='line_1_108' title="bbox 835 2651 1632 2689; baseline -0.004 -8"><span class='ocrx_word' id='word_1_832' title='bbox 835 2658 882 2682; x_wconf 88' lang='lat' dir='ltr'><strong>tas</strong></span> <span class='ocrx_word' id='word_1_833' title='bbox 899 2653 948 2681; x_wconf 69' lang='lat' dir='ltr'><strong>uin</strong></span> <span class='ocrx_word' id='word_1_834' title='bbox 973 2661 1026 2689; x_wconf 88' lang='lat' dir='ltr'><strong>qua</strong></span> <span class='ocrx_word' id='word_1_835' title='bbox 1061 2652 1209 2681; x_wconf 86' lang='lat' dir='ltr'><strong>imbecillis</strong></span> <span class='ocrx_word' id='word_1_836' title='bbox 1236 2657 1304 2681; x_wconf 83' lang='lat' dir='ltr'><strong>erat.</strong></span> <span class='ocrx_word' id='word_1_837' title='bbox 1331 2653 1383 2688; x_wconf 88' lang='lat' dir='ltr'><strong>Qui</strong></span> <span class='ocrx_word' id='word_1_838' title='bbox 1405 2660 1468 2681; x_wconf 89' lang='lat' dir='ltr'><strong>vero</strong></span> <span class='ocrx_word' id='word_1_839' title='bbox 1490 2651 1632 2680; x_wconf 85' lang='lat' dir='ltr'><strong>imbecillis</strong></span> 
     </span>
    </p>
   </div>
   <div class='ocr_carea' id='block_1_108' title="bbox 835 2695 1629 2733">
    <p class='ocr_par' dir='ltr' id='par_1_108' title="bbox 835 2695 1629 2733">
     <span class='ocr_line' id='line_1_109' title="bbox 835 2695 1629 2733; baseline -0.004 -7"><span class='ocrx_word' id='word_1_840' title='bbox 835 2699 915 2726; x_wconf 84' lang='lat' dir='ltr'><strong>erat?</strong></span> <span class='ocrx_word' id='word_1_841' title='bbox 930 2699 982 2725; x_wconf 85' lang='lat' dir='ltr'><strong>Per</strong></span> <span class='ocrx_word' id='word_1_842' title='bbox 1007 2705 1131 2730; x_wconf 85' lang='lat' dir='ltr'><strong>carnem,</strong></span> <span class='ocrx_word' id='word_1_843' title='bbox 1145 2697 1173 2725; x_wconf 89' lang='lat' dir='ltr'><strong>id</strong></span> <span class='ocrx_word' id='word_1_844' title='bbox 1195 2702 1238 2725; x_wconf 89' lang='lat' dir='ltr'><strong>est</strong></span> <span class='ocrx_word' id='word_1_845' title='bbox 1250 2705 1300 2733; x_wconf 87' lang='lat' dir='ltr'><strong>per</strong></span> <span class='ocrx_word' id='word_1_846' title='bbox 1325 2698 1463 2726; x_wconf 88' lang='lat' dir='ltr'><strong>carnalem</strong></span> <span class='ocrx_word' id='word_1_847' title='bbox 1486 2695 1629 2724; x_wconf 80' lang='lat' dir='ltr'><strong>affectum.</strong></span> 
     </span>
    </p>
   </div>
   <div class='ocr_carea' id='block_1_109' title="bbox 834 2740 1631 2777">
    <p class='ocr_par' dir='ltr' id='par_1_109' title="bbox 834 2740 1631 2777">
     <span class='ocr_line' id='line_1_110' title="bbox 834 2740 1631 2777; baseline -0.003 -7"><span class='ocrx_word' id='word_1_848' title='bbox 834 2743 936 2771; x_wconf 87' lang='lat' dir='ltr'><strong>Sensus</strong></span> <span class='ocrx_word' id='word_1_849' title='bbox 947 2746 1039 2770; x_wconf 82' lang='lat' dir='ltr'><strong>autem</strong></span> <span class='ocrx_word' id='word_1_850' title='bbox 1051 2742 1193 2770; x_wconf 81' lang='lat' dir='ltr'><strong>universus</strong></span> <span class='ocrx_word' id='word_1_851' title='bbox 1204 2749 1301 2770; x_wconf 88' lang='lat' dir='ltr'><strong>eorum</strong></span> <span class='ocrx_word' id='word_1_852' title='bbox 1315 2749 1377 2777; x_wconf 71' lang='lat' dir='ltr'><strong>qua:</strong></span> <span class='ocrx_word' id='word_1_853' title='bbox 1391 2742 1461 2769; x_wconf 89' lang='lat' dir='ltr'><strong>dixit</strong></span> <span class='ocrx_word' id='word_1_854' title='bbox 1471 2740 1631 2777; x_wconf 78' lang='lat' dir='ltr'><strong>Apostolus,</strong></span> 
     </span>
    </p>
   </div>
   <div class='ocr_carea' id='block_1_110' title="bbox 834 2784 1630 2822">
    <p class='ocr_par' dir='ltr' id='par_1_110' title="bbox 834 2784 1630 2822">
     <span class='ocr_line' id='line_1_111' title="bbox 834 2784 1630 2822; baseline -0.003 -6"><span class='ocrx_word' id='word_1_855' title='bbox 834 2787 878 2816; x_wconf 91' lang='lat' dir='ltr'><strong>bic</strong></span> <span class='ocrx_word' id='word_1_856' title='bbox 893 2787 1038 2815; x_wconf 87' lang='lat' dir='ltr'><strong>revelatur.</strong></span> <span class='ocrx_word' id='word_1_857' title='bbox 1062 2787 1109 2814; x_wconf 79' lang='lat' dir='ltr'><strong>Ait</strong></span> <span class='ocrx_word' id='word_1_858' title='bbox 1131 2786 1214 2821; x_wconf 89' lang='lat' dir='ltr'><strong>enim,</strong></span> <span class='ocrx_word' id='word_1_859' title='bbox 1241 2790 1273 2814; x_wconf 89' lang='lat' dir='ltr'><strong>ut</strong></span> <span class='ocrx_word' id='word_1_860' title='bbox 1285 2789 1314 2815; x_wconf 90' lang='lat' dir='ltr'><strong>et</strong></span> <span class='ocrx_word' id='word_1_861' title='bbox 1333 2794 1415 2822; x_wconf 87' lang='lat' dir='ltr'><strong>supra</strong></span> <span class='ocrx_word' id='word_1_862' title='bbox 1439 2784 1630 2820; x_wconf 86' lang='lat' dir='ltr'><strong>indicavimus,</strong></span> 
     </span>
    </p>
   </div>
   <div class='ocr_carea' id='block_1_111' title="bbox 695 2829 965 2859">
    <p class='ocr_par' dir='ltr' id='par_1_111' title="bbox 695 2829 965 2859">
     <span class='ocr_line' id='line_1_112' title="bbox 695 2829 965 2859; baseline 0 -2"><span class='ocrx_word' id='word_1_863' title='bbox 695 2829 791 2859; x_wconf 83' lang='lat' dir='ltr'><strong>Variae</strong></span> <span class='ocrx_word' id='word_1_864' title='bbox 815 2829 965 2859; x_wconf 87' lang='lat' dir='ltr'><strong>lectiones.</strong></span> 
     </span>
    </p>
   </div>
   <div class='ocr_carea' id='block_1_112' title="bbox 10 2872 691 2904">
    <p class='ocr_par' dir='ltr' id='par_1_112' title="bbox 10 2872 691 2904">
     <span class='ocr_line' id='line_1_113' title="bbox 10 2872 691 2904; baseline -0.003 0"><span class='ocrx_word' id='word_1_865' title='bbox 10 2878 34 2894; x_wconf 72' lang='grc'><strong>⁵³</strong></span> <span class='ocrx_word' id='word_1_866' title='bbox 45 2877 169 2904; x_wconf 78' lang='grc' dir='ltr'>ἵστασθαι</span> <span class='ocrx_word' id='word_1_867' title='bbox 183 2883 211 2904; x_wconf 95' lang='lat'><strong>0.</strong></span> <span class='ocrx_word' id='word_1_868' title='bbox 251 2874 273 2892; x_wconf 70' lang='grc'><strong>⁵⁵</strong></span> <span class='ocrx_word' id='word_1_869' title='bbox 288 2872 333 2901; x_wconf 74' lang='grc' dir='ltr'>οὖν</span> <span class='ocrx_word' id='word_1_870' title='bbox 347 2883 373 2903; x_wconf 89' lang='lat'><strong>0.</strong></span> <span class='ocrx_word' id='word_1_871' title='bbox 411 2875 434 2893; x_wconf 67' lang='lat'><strong>55</strong></span> <span class='ocrx_word' id='word_1_872' title='bbox 447 2875 489 2902; x_wconf 80' lang='grc' dir='ltr'><strong>δεῖ·</strong></span> <span class='ocrx_word' id='word_1_873' title='bbox 500 2882 527 2903; x_wconf 92' lang='lat'><strong>0.</strong></span> <span class='ocrx_word' id='word_1_874' title='bbox 566 2873 587 2892; x_wconf 74' lang='grc'><em>⁵⁵</em></span> <span class='ocrx_word' id='word_1_875' title='bbox 599 2874 614 2901; x_wconf 82' lang='grc' dir='ltr'><strong>ὃ</strong></span> <span class='ocrx_word' id='word_1_876' title='bbox 624 2873 650 2901; x_wconf 81' lang='grc' dir='ltr'><strong>δὲ</strong></span> <span class='ocrx_word' id='word_1_877' title='bbox 664 2882 691 2902; x_wconf 90' lang='lat'><strong>0.</strong></span> 
     </span>
    </p>
   </div>
   <div class='ocr_carea' id='block_1_113' title="bbox 729 2872 1099 2908">
    <p class='ocr_par' dir='ltr' id='par_1_113' title="bbox 729 2872 1099 2908">
     <span class='ocr_line' id='line_1_114' title="bbox 729 2872 1099 2908; baseline -0.008 -7"><span class='ocrx_word' id='word_1_878' title='bbox 729 2874 749 2892; x_wconf 65' lang='lat'><strong>57</strong></span> <span class='ocrx_word' id='word_1_879' title='bbox 764 2874 852 2906; x_wconf 77' lang='grc' dir='ltr'>ἑνίζων</span> <span class='ocrx_word' id='word_1_880' title='bbox 866 2881 894 2902; x_wconf 86' lang='grc' dir='ltr'>ο.</span> <span class='ocrx_word' id='word_1_881' title='bbox 931 2872 1046 2908; x_wconf 80' lang='grc' dir='ltr'>συνάγων</span> <span class='ocrx_word' id='word_1_882' title='bbox 1061 2879 1099 2900; x_wconf 82' lang='lat' dir='ltr'><strong>nl.</strong></span> 
     </span>
    </p>
   </div>
  </div>
