1901 3077
210 175 261 202 435

732 172 990 202 THEOPHYLACTI
1007 172 1185 201 BULGARIIE
1203 171 1361 201 ARCHIEP.

1818 169 1869 196 438

211 236 285 273 quod
298 236 340 265 lex
354 236 472 265 docebat
483 235 605 273 quidem,
621 244 677 264 non
690 236 782 272 potuit
796 240 890 264 autem
900 236 1002 264 vincere

1085 247 1105 265 τι
1119 236 1133 265 6
1146 235 1225 274 νόμος
1241 235 1363 265 ἐδίδασκε
1379 233 1442 273 μὶν,
1465 235 1514 264 οὐκ
1528 233 1643 270 ἠδύνατο
1665 233 1694 263 δὲ
1708 234 1826 269 νικῆσαι
1841 231 1870 260 τὸ

210 281 392 310 carnaliorem
414 280 555 309 affectum.
579 280 698 310 Proinde
727 282 810 310 Pater
830 281 909 309 misit
930 288 1010 309 suum

210 326 297 363 ipsius
315 326 416 355 Filium
430 336 443 351 ι
463 326 492 354 in
505 325 685 354 similitudine
699 326 788 354 carnis
802 326 917 362 peccati,
932 337 944 350 α
959 325 1011 354 hoc

211 375 262 404 est,
276 378 388 399 carnem
402 370 550 399 habentem
565 370 681 399 similem
694 370 848 399 secundum
865 370 1009 399 essentiam

211 419 316 444 nostrae
338 415 491 451 peccatrici,
517 419 657 444 carentem
684 420 777 444 autem
796 415 872 444 omni
887 419 1007 452 peccato.

211 460 284 496 Quia
305 461 379 488 enim
393 461 520 488 meminit
532 460 647 496 peccati,
667 459 731 488 ideo
745 459 950 489 similitudinem
963 468 1009 496 ap-

211 505 313 542 posuit.
343 506 406 533 Non
420 505 496 533 enim
523 505 606 534 aliam
632 513 744 533 carnem
771 506 933 541 assumpsit,
962 504 1009 533 sed

212 550 302 587 ipsam
330 550 401 578 hanc
435 557 587 581 assumens,
615 549 796 578 sanctiﬁcavit
813 553 841 578 et
859 549 1009 584 coronavit,

212 595 398 624 condemnatis
416 599 560 632 peccatum
569 595 598 623 in
614 598 754 631 assumpta
763 602 856 629 carne,
869 599 896 623 et
915 599 1007 623 osten-

210 639 280 668 dens
294 648 409 668 carnem
417 647 474 668 non
482 648 541 669 esse
552 644 651 669 natura
663 640 853 676 peccatricem.
863 641 888 668 Α
897 639 1008 668 Christo

210 692 276 721 ergo
291 685 403 721 perinde
414 684 517 713 factum
531 689 582 719 est,
598 693 630 713 ac
637 685 659 713 si
673 685 735 721 quis
750 685 778 713 in
792 684 853 713 foro
868 685 1008 713 mulierem

210 730 388 766 vapulantem
402 738 527 764 cernens,
551 729 626 759 dicat
650 737 678 758 se
693 730 752 766 ejus
769 729 871 765 filium,
886 737 951 758 cum
975 730 1010 758 sit

210 778 291 803 natus
307 775 390 811 regis,
413 782 499 811 eaque
519 775 630 803 ratione
653 774 750 803 liberet
772 774 861 811 ipsam
878 782 894 803 a
910 774 1005 803 verbe-

210 819 345 848 rantibus.
364 821 452 848 Porro
475 819 548 856 quod
568 820 618 855 ait,
636 831 649 844 ι»
675 820 708 848 de
733 823 854 856 peccato,
880 829 894 846 η
918 823 1009 856 potest

209 864 292 893 etiam
309 864 460 901 simplicius
477 864 601 901 intelligi,
617 864 687 892 hanc
702 864 737 893 ad
757 864 895 893 rationem
911 873 919 893 :
933 864 1008 893 Misit

208 909 308 938 Filium
329 917 411 938 suum
434 910 517 938 Pater
539 917 589 945 pro
610 913 733 945 peccato,
754 909 784 959 id
812 914 862 944 est,
887 917 949 937 eam
970 909 1005 937 ob
1022 928 1046 959 Β

208 962 279 989 rem,
294 959 325 982 ut
347 954 494 983 debellaret
508 958 660 990 peccatum.
685 953 765 990 Quod
785 962 851 983 sane
863 954 1005 983 declarans

208 1007 326 1036 magnus
339 999 386 1027 ille
408 1001 531 1028 Joannes
537 999 753 1036 Chrysostomus
769 1009 775 1027 :
788 1000 888 1036 Arguit
900 999 1007 1035 (inquit)

208 1048 236 1073 et
262 1044 439 1081 reprehendit
467 1048 613 1080 peccatum
638 1044 774 1078 Christus,
808 1044 907 1081 quippe
933 1044 1007 1080 quod

209 1089 386 1118 vehementer
416 1093 444 1118 et
475 1097 558 1126 supra
586 1089 701 1118 modum
736 1093 883 1125 peccasset.
911 1091 1005 1126 Quan-

208 1134 256 1163 diu
281 1135 357 1163 enim
381 1138 524 1170 peccatum
551 1138 709 1170 peccatores
730 1134 840 1169 occidit,
864 1134 937 1170 juste
967 1134 1007 1162 eis

208 1183 330 1208 mortem
343 1179 446 1208 intulit.
460 1180 611 1215 Postquam
621 1186 687 1207 vero
699 1186 799 1215 corpus
816 1178 940 1213 Domini,
950 1179 1006 1207 im-

207 1224 342 1261 peccabile
356 1224 423 1252 illud
443 1224 591 1261 reperiens,
613 1224 688 1253 letho
709 1223 842 1259 dedisset,
862 1224 944 1253 veluti
961 1223 1004 1252 in-

206 1269 308 1306 juriam
323 1269 424 1298 faciens
435 1273 461 1297 et
482 1276 610 1305 peccans,
633 1268 849 1298 condemnatum
863 1273 914 1298 est.
933 1269 1006 1298 Misit

208 1314 292 1350 igitur
311 1314 414 1343 Filium
428 1322 510 1342 suum
528 1315 614 1349 Deus,
629 1321 694 1342 cum
705 1317 736 1342 ut
760 1313 918 1342 ostenderet
938 1321 1003 1349 pec-

208 1363 302 1387 catum
328 1363 356 1387 et
379 1359 514 1395 injustum
533 1366 593 1387 esse
607 1363 635 1387 et
657 1366 794 1395 peccasse,
809 1363 870 1387 tum
883 1362 915 1387 ut
931 1358 1005 1394 juste

207 1404 299 1440 ipsum
324 1403 530 1438 condemnaret,
559 1411 594 1432 ne
618 1403 692 1433 dicat
713 1403 851 1438 diabolus,
880 1402 1005 1431 Christus

208 1449 296 1477 instar
310 1448 388 1478 fortis
406 1457 450 1477 me
466 1449 542 1477 vicit.

244 1495 332 1522 Vsus.
341 1495 367 1522 4.
382 1503 396 1520 ιι
410 1495 451 1523 Ut
458 1493 619 1530 justiﬁcatio
634 1492 700 1529 legis
713 1493 861 1529 impleatur
870 1492 898 1520 in
910 1492 1003 1526 nobis,

207 1539 255 1575 qui
268 1547 325 1567 non
341 1539 492 1567 secundum
511 1546 621 1567 carnem
641 1537 826 1572 ambulamus,
842 1537 891 1566 sed
911 1545 1008 1565 secun-

209 1584 276 1612 dum
298 1583 436 1620 spiritum.
454 1595 468 1610 ι)
489 1585 529 1611 Ne
544 1583 605 1618 quis
619 1581 703 1616 dicat,
719 1581 827 1618 Ecquid
840 1582 875 1610 ad
898 1590 959 1617 me,
981 1581 1003 1610 si

208 1629 333 1657 Christus
346 1629 376 1657 in
389 1637 481 1662 carne,
492 1635 578 1664 quam
594 1627 752 1662 assumpsit,
769 1627 916 1655 victoriam
933 1626 1003 1655 obti-

207 1673 269 1702 nuit
281 1676 293 1702 P
306 1678 448 1710 propterea
461 1673 559 1708 inquit,
569 1673 630 1700 lmo
638 1671 758 1700 maxime
770 1671 842 1700 istud
856 1676 904 1700 tua
918 1672 1001 1700 inter-

206 1723 257 1747 est.
273 1720 345 1747 Nam
361 1730 374 1743 α
386 1717 544 1754 justiﬁcatio
557 1716 633 1752 legis,
649 1725 664 1742 »
680 1716 708 1744 id
723 1720 765 1745 est
785 1717 847 1745 ﬁnis
859 1721 887 1745 et
904 1724 1005 1753 scopus

208 1763 320 1800 (scopus
333 1762 408 1791 enim
429 1762 454 1789 ei
469 1765 529 1789 erat
538 1761 692 1797 justiﬁcare
709 1761 862 1798 hominem)
880 1773 893 1786 α
909 1761 1005 1798 imple-

206 1812 262 1843 tur,
280 1820 293 1833 ιο
309 1807 407 1843 inquit,
426 1815 440 1832 ι(
454 1806 480 1834 in
492 1806 582 1835 nobis.
597 1817 610 1831 υ
637 1805 719 1843 Quod
737 1807 811 1834 enim
827 1807 869 1834 lex
896 1806 1005 1835 volebat

206 1853 332 1889 quidem,
346 1850 483 1879 inﬁrmior
501 1855 594 1880 autem
610 1855 668 1880 erat
681 1859 765 1888 quam
783 1855 814 1880 ut
835 1855 937 1888 posset,
952 1851 1005 1879 hoc

207 1897 330 1927 Christus
348 1895 413 1925 fecit
434 1900 547 1933 propter
569 1904 620 1926 nos
648 1905 655 1925 :
675 1900 703 1925 et
725 1900 864 1925 certamen
892 1896 1005 1933 quidem

206 1942 278 1970 illius
292 1941 355 1977 fuit,
380 1949 433 1970 nos
455 1950 519 1971 vero
537 1941 650 1970 victoria
668 1941 749 1978 potiti
779 1949 885 1970 sumus.
913 1942 1005 1977 Quare

206 1994 379 2023 nequaquam
402 1986 485 2015 etiam
505 1987 690 2023 peccabimus,
704 1986 755 2014 nisi
771 1986 920 2014 secundum
944 1993 1006 2014 car-

207 2039 271 2060 nem
286 2031 567 2064 obambulaverimus,
591 2030 646 2059 hoc
660 2034 713 2064 est,
739 2031 860 2059 carnalia
874 2031 1006 2067 expetive-

207 2076 312 2105 rimus:
327 2076 384 2104 imo
398 2084 462 2104 vero
474 2083 532 2104 non
545 2075 611 2103 satis
633 2079 677 2103 est
690 2075 775 2110 istud,
793 2076 934 2111 nimirum,
950 2084 1005 2104 non

205 2129 300 2158 sapere
315 2121 447 2155 carnalia,
468 2124 602 2149 caeterum
616 2124 726 2157 oportet
740 2120 826 2149 etiam
847 2122 942 2150 adesse
953 2129 1005 2150 no-

205 2165 257 2201 bis,
272 2170 304 2195 ut
317 2173 399 2202 supra
413 2169 666 2193 commemoratum
681 2169 732 2200 est,
748 2165 919 2201 spiritualem
932 2165 1000 2194 affe-
1017 2163 1042 2195 D

208 2215 296 2240 ctum.
306 2211 427 2246 ideoque
433 2209 558 2244 addidit,
568 2220 579 2234 ι
589 2209 636 2238 sed
644 2209 795 2238 secundum
805 2211 942 2246 spiritum.
950 2222 1005 2236 υ-

206 2268 219 2281 e
239 2256 353 2285 Declina
363 2267 376 2280 ν
388 2254 463 2283 enim
478 2263 492 2280 ι(
501 2262 516 2282 a
529 2254 602 2283 malo
611 2255 630 2289 ι,
641 2263 655 2281 ››
670 2253 761 2291 inquit
770 2255 869 2289 David,
883 2263 935 2284 nec
950 2255 1003 2283 hoc

204 2301 258 2338 55
270 2301 477 2334 solum,verum
489 2310 502 2324 «ι
514 2298 558 2327 fac
569 2311 582 2324 υ
593 2299 677 2328 etiam
690 2311 702 2324 ι
711 2299 824 2329 bonum.
835 2312 849 2325 ιο
858 2302 921 2329 Non
930 2301 1002 2329 enim

204 2351 353 2383 postquam
371 2344 527 2374 audivimus
540 2344 613 2381 quod
628 2344 754 2374 Christus
767 2346 848 2375 uobis
858 2346 1002 2375 victoriam

204 2390 329 2424 donavit,
351 2389 466 2418 omnino
490 2390 661 2426 recidamus;
687 2390 737 2420 sed
760 2391 861 2420 lavacri
887 2391 1002 2428 gratiam

204 2435 343 2464 custodire
367 2438 486 2471 oportet.
507 2435 630 2464 Omnino
652 2436 726 2464 enim
740 2435 823 2465 nobis
836 2443 910 2464 nunc
929 2435 1001 2464 lucta

203 2484 244 2509 est
261 2480 377 2514 facilior,
392 2487 475 2516 quam
484 2481 609 2509 antehac.

238 2526 328 2554 Vnus.
342 2527 367 2553 5.
382 2536 394 2550 α
410 2526 463 2562 Qui
475 2526 550 2554 enim
559 2525 712 2555 secundum
725 2533 838 2554 carnem
849 2528 924 2560 sunt,
937 2532 1001 2562 quae

203 2570 293 2600 carnis
303 2574 378 2605 sunt,
399 2571 530 2608 sapiunt:
545 2572 593 2608 qui
616 2579 681 2600 vero
693 2570 845 2600 secundum
858 2569 999 2607 spiritum,

202 2624 264 2652 qua:
287 2620 350 2645 sunt
364 2615 487 2653 spiritus.
511 2627 525 2643 ν
542 2616 594 2652 Qui
607 2624 668 2646 sese
694 2615 806 2650 dedunt,
832 2615 933 2652 inquit,
950 2616 1000 2645 im-

204 2661 354 2691 moderata:
370 2662 462 2691 carnis
475 2661 610 2696 servituti,
625 2669 687 2698 quas
699 2661 788 2690 carnis
802 2665 876 2696 sunt,
891 2668 1001 2698 semper

248 2730 258 2748 ι
266 2729 338 2758 Psal.
355 2737 473 2764 χχχιιι,
489 2731 531 2757 15.

1066 279 1261 320 σαρκικώτερον
1274 279 1409 320 φρόνημα.
1425 278 1460 309 Ὃ
1481 278 1566 309 τοίνυν
1582 278 1679 318 Πατὴρ
1699 278 1810 318 ἔπεμψε
1826 275 1871 306 τὸν

1065 327 1158 354 ἑαυτοῦ
1174 325 1238 355 Υἱὸν
1254 339 1266 351 -ι
1280 326 1306 354 ἐν
1322 323 1473 364 ὁμοιώματι
1488 323 1584 364 σαρκὸς
1599 323 1734 364 ἁμαρτίας
1745 345 1753 361 ,
1773 335 1788 348 ι
1812 333 1872 351 του-

1064 369 1150 407 τέστι,
1175 369 1262 409 σάρκα
1287 369 1382 410 ἔχοντα
1407 369 1500 408 ὁμοίαν
1529 368 1576 407 μὲν
1602 368 1672 397 κατὰ
1694 367 1745 402 τὴν
1769 367 1871 396 οὐσίαν

1064 416 1096 452 τῇ
1111 415 1230 455 ἡμετέρᾳ
1253 416 1286 454 τῇ
1308 414 1480 454 ἁμαρτωλῷ,
1505 413 1693 452 ἀναμάρτητον
1721 411 1763 442 δέ.
1793 412 1873 442 Διότι

1063 459 1114 500 γὰρ
1127 459 1245 498 ἐμνήσθη
1261 459 1409 498 ἁμαρτίας,
1432 457 1475 488 διὰ
1491 462 1568 488 τοῦτο
1587 457 1617 486 τὸ
1632 457 1757 496 ὁμοίωμα
1778 468 1873 496 προσ-

1064 505 1166 540 έθηκεν.
1179 505 1220 534 Οὖ
1234 503 1286 544 γὰρ
1301 503 1332 540 δὴ
1347 503 1431 539 ἄλλην
1445 503 1532 543 σάρκα
1544 502 1685 538 ἀνέλαϐεν,
1702 501 1764 531 ἀλλ’
1782 501 1874 538 αὐτὴν

1062 548 1162 584 ταύτην
1177 547 1268 578 λαϐὼν
1280 571 1289 586 ,
1305 547 1400 588 ἡγίασε
1419 548 1464 577 καὶ
1488 547 1655 588 ἐστεφάνωσε
1666 569 1674 583 ,
1695 546 1872 587 κατακρίνας

1062 592 1110 629 τὴν
1136 593 1271 633 ἁμαρτίαν
1296 594 1322 622 ἐν
1403 592 1482 632 σαρκὶ
1505 594 1539 632 τῇ
1567 591 1793 632 προσληφθείσῃ,
1825 591 1873 620 καὶ

1064 638 1166 674 δείξας,
1191 639 1232 667 ὅτι
1257 639 1286 667 οὗ
1312 636 1389 678 φύσει
1413 636 1572 678 ἁμαρτωλὸς
1596 639 1614 672 ἡ
1639 636 1716 675 σάρξ.
1743 635 1871 674 Ὅμοιον

1063 677 1107 713 οὖν
1131 683 1236 722 γέγονεν
1260 682 1311 712 ὑπὸ
1328 683 1464 723 Χριστοῦ,
1492 678 1545 711 οἷον
1570 681 1646 714 εἴτις
1667 682 1694 710 ἐν
1711 681 1805 721 ἀγορᾷ
1820 681 1871 716 τὴν

1062 731 1174 767 γυναῖκα
1196 722 1363 765 τυπτομένην
1388 727 1467 764 ἰδὼν,
1496 726 1566 756 εἴποι
1589 727 1670 761 dum”:
1698 722 1769 755 εἶναι
1792 725 1872 764 υἱὸς,

1064 772 1194 812 βασιλέως
1216 771 1253 801 ὢν
1268 771 1338 810 υἱὸς,
1358 771 1404 801 καὶ
1428 770 1509 805 οὕτως
1528 770 1611 807 αὐτὴν
1630 770 1798 805 ἀπαλλάξειε
1814 772 1869 800 τῶν

1061 817 1224 848 τυπτόντων.
1240 816 1280 847 Τὸ
1300 817 1342 854 δὲ,
1362 828 1377 846 (‹
1393 816 1448 847 Καὶ
1470 816 1532 857 περὶ
1547 815 1680 856 ἁμαρτίας
1693 838 1702 853 ,
1721 829 1733 841 υ
1751 814 1870 844 δύναται

1062 861 1110 902 μὲν
1136 864 1261 898 νοηθῆναι
1291 861 1338 892 καὶ
1367 860 1565 901 ἁπλούστερον,
1589 859 1649 890 ἀντὶ
1676 863 1738 896 τοῦ,
1756 859 1869 900 ἔπεμψε

1062 907 1105 937 τὸν
1120 907 1184 937 Υἱὸν
1199 909 1213 936 6
1232 906 1326 946 Πατὴρ
1345 906 1406 947 περὶ
1425 906 1575 946 ἁμαρτίας,
1601 905 1739 935 τουτέστιν
1751 928 1761 944 ,
1783 904 1867 934 ἕνεκα

1062 954 1108 981 τοῦ
1129 951 1362 992 καταγωνίσασθαι
1377 950 1425 987 τὴν
1448 950 1592 990 ἁμαρτίαν.
1611 949 1644 980 Ὁ
1662 949 1689 978 δὲ
1713 949 1868 989 πάμμεγας

1060 996 1187 1034 Ἰωάννης
1209 998 1287 1026 τοῦτο
1310 997 1411 1033 δηλῶν,
1435 995 1531 1036 ἔφησεν
1551 994 1590 1034 ⁵⁸,
1606 993 1647 1024 ὅτι
1671 993 1792 1033 Ἧλεγξε
1815 994 1866 1030 τὴν

1061 1041 1194 1081 ἁμαρτίαν
1212 1043 1225 1071 6
1239 1041 1356 1081 Χριστὸς
1371 1040 1476 1080 μεγάλα
1497 1042 1699 1080 ἡμαρτηκυῐαν.
1722 1038 1802 1073 "Em;
1816 1038 1865 1078 μὲν

1060 1086 1111 1127 γὰρ
1127 1085 1299 1126 ἁμαρτωλοὺς
1322 1085 1446 1115 ἐθανάτου
1464 1087 1481 1121 ἦ
1496 1084 1635 1125 ἁμαρτία,
1658 1083 1729 1113 κατὰ
1745 1084 1793 1114 τὸν
1819 1087 1866 1113 τοῦ

1059 1131 1161 1161 δικαίου
1182 1130 1259 1170 λόγον
1281 1132 1363 1169 ἐπῆγε
1383 1129 1483 1164 τούτοις
1506 1128 1554 1165 τὴν
1577 1128 1716 1164 τελευτήν.
1742 1128 1864 1165 Ἐπειδὴ

1060 1175 1088 1205 δὲ
1103 1175 1128 1194 ⁵³
1145 1175 1332 1216 ἀναμάρτητον
1344 1176 1456 1215 εὑροῦσα
1470 1176 1549 1213 σῶμα
1563 1174 1594 1203 τὸ
1607 1178 1653 1204 τοῦ
1678 1173 1781 1214 Κυρίου
1801 1175 1866 1204 ἐθα-

1058 1220 1192 1259 νάτωσεν,
1210 1223 1245 1254 ὡς
1268 1219 1419 1256 ἀδικήσασα
1449 1219 1495 1249 καὶ
1516 1219 1677 1258 ἃμαρτοῧσα
1701 1219 1864 1259 κατεκρίθη.

1058 1264 1189 1307 Ἐπεμψε
1202 1267 1265 1304 γοῦν
1279 1265 1322 1294 τὸν
1344 1264 1410 1294 Υῖὸν
1428 1265 1509 1294 αὐτοῦ
1524 1265 1538 1294 6
1560 1263 1630 1297 Θεὸς
1641 1285 1649 1299 ,
1665 1263 1710 1293 καὶ
1725 1264 1793 1304 περὶ
1815 1266 1862 1293 τοῦ

1059 1309 1140 1345 δεῖξαι
1163 1309 1212 1346 τὴν
1231 1309 1366 1350 ἁμαρτίαν
1386 1309 1475 1339 ἄδικον
1501 1308 1547 1338 καὶ
1572 1311 1787 1349 ἡμαρτηκυῑαν,
1815 1311 1861 1338 καὶ

1059 1360 1216 1395 κατακρῐναι
1233 1355 1316 1390 αὐτὴν
1340 1353 1462 1390 δικαίως,
1486 1354 1531 1383 ἵνα
1547 1353 1585 1392 μὴ
1607 1353 1658 1394 ἔχῃ
1683 1353 1709 1372 ⁶⁰
1730 1353 1824 1393 λέγειν
1849 1355 1862 1383 6

1059 1399 1194 1437 διάϐολος,
1210 1399 1250 1429 ὅτι
1262 1399 1313 1433 Ὡς
1324 1399 1432 1440 ἰσχυρός
1447 1411 1480 1438 με
1495 1398 1614 1435 ἐνίκησεν
1629 1401 1644 1428 6
1656 1398 1788 1439 Χριστός.

1103 1503 1117 1522 ι(
1127 1491 1188 1523 Ἵνα
1204 1491 1235 1522 τὸ
1259 1491 1394 1531 δικαίωμα
1419 1495 1465 1522 τοῦ
1487 1491 1569 1530 νόμου
1589 1493 1718 1532 πληρωθῇ
1736 1493 1764 1521 ἐν
1797 1494 1864 1532 ἡμῖν

1059 1538 1111 1571 τοῖς
1126 1535 1163 1576 μὴ
1185 1536 1253 1566 κατὰ
1277 1537 1365 1577 σάρκα
1379 1539 1571 1577 περιπατοῦσιν
1581 1558 1590 1575 ,
1608 1536 1677 1566 ἀλλὰ
1692 1536 1765 1566 κατὰ
1781 1540 1864 1566 πνεῦ-

1061 1594 1110 1620 μα.
1130 1592 1144 1610 ι
1159 1579 1219 1612 Ἵνα
1239 1581 1277 1620 μή
1296 1593 1335 1615 τις
1350 1581 1429 1621 εἴπῃ,
1449 1581 1502 1611 Καὶ
1516 1581 1542 1610 τί
1558 1580 1623 1622 πρὸς
1638 1581 1701 1621 ἐμὲ,
1715 1582 1737 1611 εἷ
1759 1583 1775 1611 ὃ
1797 1583 1865 1622 Χρι-

1057 1625 1117 1660 στὸς
1142 1626 1168 1655 ἐν
1194 1628 1228 1665 τῇ
1253 1625 1352 1666 σαρκὶ,
1382 1626 1416 1662 ἣν
1442 1625 1642 1668 προσείληφεν,
1661 1626 1790 1663 ἐνίκησε;
1822 1627 1865 1656 διὰ

1056 1673 1133 1700 τοῦτο
1146 1670 1229 1701 ταῦτά
1245 1682 1323 1712 φησιν
1333 1693 1341 1708 ,
1357 1669 1397 1700 ὅτι
1412 1671 1483 1711 Πρὸς
1502 1670 1532 1700 σὲ
1545 1667 1592 1711 μὲν
1612 1667 1658 1701 οὖν
1671 1671 1805 1709 μάλιστα.
1826 1671 1866 1701 Τὸ

1057 1715 1108 1756 γὰρ
1119 1715 1253 1752 δικαίωμα
1265 1718 1310 1745 τοῦ
1323 1715 1404 1755 νόμου
1415 1738 1423 1751 ,
1436 1716 1556 1746 τουτέστι
1567 1739 1575 1755 ,
1590 1716 1621 1746 τὸ
1636 1715 1720 1752 τέλος,
1734 1717 1748 1745 6
1761 1716 1864 1749 σκοπὸς

1059 1760 1172 1799 (σκοπὸν
1194 1761 1246 1801 γὰρ
1266 1756 1322 1801 εἶχε
1336 1760 1365 1790 τὸ
1390 1761 1507 1790 δικαιοῦν
1529 1761 1574 1791 τὸν
1598 1760 1767 1801 ἄνθρωπον),
1791 1762 1865 1797 πλη-

1059 1807 1163 1846 ροῦται,
1186 1805 1285 1844 φησὶν,
1310 1807 1336 1836 ἐν
1357 1808 1434 1844 ἡμῖν.
1458 1805 1497 1836 ⁸0
1514 1806 1565 1846 γὰρ
1581 1808 1595 1835 6
1620 1805 1700 1844 νόμος
1722 1805 1861 1841 ἠϐούλετο

1059 1849 1107 1889 μὲν
1117 1873 1125 1888 ,
1139 1850 1242 1886 ἠσθένει
1265 1850 1312 1889 δὲ,
1327 1853 1403 1881 τοῦτο
1425 1852 1439 1880 6
1452 1851 1569 1890 Χριστὸς
1590 1850 1699 1887 ἐποίησε
1715 1851 1749 1880 δι’
1763 1852 1842 1888 ἡμᾶς
1856 1862 1863 1869 ·

1058 1895 1104 1924 καὶ
1125 1895 1156 1924 τὸ
1171 1895 1219 1933 μὲν
1241 1894 1381 1934 ἀγώνισμα
1403 1895 1509 1934 γέγονεν
1532 1895 1641 1936 ἐκείνῳ,
1663 1897 1742 1933 ἡμεῖς
1767 1895 1799 1925 δὲ
1814 1898 1862 1932 τῆς

1059 1938 1132 1975 νίκης
1158 1939 1359 1978 ἀπελαύσαμεν.
1401 1940 1449 1970 Διὸ
1480 1940 1526 1969 καὶ
1555 1941 1604 1980 οὐχ
1630 1939 1861 1979 ἁμαρτησόμεθα,

1060 1983 1105 2014 ἐὰν
1128 1983 1166 2023 μὴ
1189 1984 1259 2014 κατᾶ
1273 1984 1360 2025 σάρκα
1384 1987 1573 2025 περιπατῶμεν
1587 2009 1595 2022 ,
1623 1984 1763 2022 τουτέστι,
1792 1997 1861 2025 σαρ-

1059 2027 1122 2058 κικὰ
1137 2030 1272 2070 φρονῶμεν
1288 2040 1295 2048 ο
1312 2030 1414 2069 μᾶλλον
1439 2029 1466 2059 δὲ
1483 2031 1530 2059 οὔκ
1551 2030 1629 2070 ἀρκεῖ
1649 2032 1729 2060 τοῦτο
1743 2052 1752 2069 ,
1768 2030 1803 2059 τὸ
1820 2030 1858 2068 μὴ

1059 2077 1162 2114 φρονεῖν
1186 2074 1316 2114 σαρκικὰ,
1339 2074 1410 2104 ἀλλὰ
1436 2075 1475 2104 δεῖ
1497 2079 1635 2115 προσεῖναι
1659 2074 1739 2112 ἡμῖν,
1760 2075 1798 2108 ὣς
1814 2075 1859 2104 καὶ

1059 2117 1184 2159 ἀνωτέρω
1215 2118 1334 2159 εἴρηται,
1362 2118 1408 2148 καὶ
1433 2119 1614 2158 πνευματικὸν
1643 2118 1777 2159 φρόνημα.
1811 2119 1860 2150 Διὸ

1056 2163 1203 2204 προσέθηκε
1215 2176 1222 2182 ·
1242 2175 1256 2193 ιι
1271 2163 1352 2194 Ἀλλὰ
1366 2163 1435 2193 κατὰ
1449 2167 1565 2204 πνεῦμα.
1581 2178 1593 2190 ι
1608 2181 1648 2188 —
1662 2178 1673 2190 α
1684 2163 1833 2194 Ἐκκλινον
1847 2177 1858 2190 ι

1059 2207 1111 2248 γὰρ
1128 2221 1139 2235 α
1153 2208 1206 2238 ἀπὸ
1227 2211 1330 2246 κακοῦ,
1345 2221 1357 2235 ιι
1374 2209 1418 2238 καὶ
1439 2211 1468 2239 οὖ
1491 2209 1570 2248 μόνον
1585 2211 1677 2245 τοῦτο,
1694 2208 1763 2239 ἀλλὰ
1783 2223 1797 2236 ι
1814 2209 1859 2238 καὶ

1057 2252 1166 2289 ποίησον
1182 2253 1289 2292 ἀγαθόν.
1302 2268 1315 2280 ι
1333 2254 1379 2289 Μὴ
1398 2253 1468 2294 γὰρ,
1485 2253 1576 2290 ἐπειδὴ
1594 2253 1763 2292 ἠκούσαμεν,
1785 2253 1829 2283 ὅτι
1844 2255 1857 2283 6

1058 2298 1171 2337 Χριστὸς
1198 2300 1262 2336 ἡμῖν
1298 2298 1346 2334 τὴν
1381 2298 1457 2335 νίκην
1487 2298 1648 2339 ἐχαρίσατο,
1677 2298 1856 2337 ἀνα-πέσωμεν

1056 2341 1144 2379 πάντη
1159 2353 1167 2361 ·
1191 2343 1261 2374 ἀλλὰ
1283 2343 1322 2373 δεῖ
1343 2344 1482 2384 φυλάττειν
1506 2343 1556 2380 τὴν
1571 2346 1616 2373 τοῦ
1632 2346 1742 2384 λουτροῦ
1762 2344 1854 2384 χάριν.

1057 2387 1169 2423 Πάντως
1183 2387 1235 2429 γὰρ
1250 2388 1415 2429 εὖκολωτέρα
1438 2391 1504 2428 ἡμῖν
1518 2390 1535 2425 ἡ
1560 2388 1634 2425 πάλη
1659 2391 1704 2418 νῦν
1715 2412 1724 2426 ,
1750 2388 1768 2425 ἢ
1785 2388 1855 2428 πρό-

1055 2443 1140 2473 τερον.

1095 2536 1109 2551 ι
1124 2525 1161 2554 Οἱ
1184 2523 1235 2564 γὰρ
1250 2522 1320 2554 κατὰ
1336 2523 1423 2564 σάρκα
1447 2523 1519 2558 ὄντες
1545 2523 1578 2554 τὰ
1593 2525 1640 2560 τῆς
1665 2523 1764 2565 σαρκὸς
1788 2536 1855 2565 φρο-

1054 2570 1142 2598 νοῦσιν
1156 2581 1164 2588 ·
1178 2569 1202 2599 οἱ
1217 2568 1244 2598 δὲ
1258 2568 1327 2598 κατὰ
1348 2571 1472 2609 πνεῦμα,
1495 2568 1528 2600 τὰ
1545 2571 1592 2599 τοῦ
1607 2568 1768 2608 πνεύματος.
1791 2582 1804 2596 ι
1819 2570 1854 2600 Οἱ

1054 2613 1190 2652 ἐκδόντες,
1219 2613 1314 2654 φησὶν,
1348 2614 1457 2648 ἑαυτοὺς
1545 2616 1591 2651 τῆς
1614 2613 1712 2655 σαρκὸς
1745 2614 1854 2655 ἀμέτρῳ

1053 2657 1174 2700 δουλείᾳ,
1197 2658 1231 2688 τὰ
1246 2661 1296 2700 ,τῆς
1323 2659 1420 2700 σαρκὸς
1445 2659 1486 2690 ἀεὶ
1505 2662 1647 2700 φρονοῦσι,
1677 2658 1761 2699 μηδὲν
1786 2662 1853 2690 θεῖον

898 2770 992 2801 Variae
1014 2770 1164 2802 lectiones.

242 2833 264 2851 ⁵⁸
277 2833 323 2869 ἔφη
338 2841 365 2862 ο.
405 2832 431 2868 ⁵³,
442 2831 494 2860 ἐπεὶ
507 2831 534 2859 δὲ
546 2839 577 2860 o.
618 2832 640 2849 5°
654 2832 710 2868 ἔχοι
725 2840 751 2862 ο,
