1901 3077
11 174 55 201 437
454 169 630 199 EXPOSITIO
648 170 681 198 IN
701 167 807 197 EPIST.
832 168 877 196 AD
896 169 979 199 R011.
1000 187 1035 194 —
1054 173 1131 201 CAP.
1150 174 1218 202 Vill.

1600 174 1652 202 438

9 237 182 277 περινοοῖἱντες
196 247 204 255 ·
232 236 256 265 οἱ
280 234 307 265 δὲ
330 233 504 274 ὑποταγέντες
529 235 624 268 ὃλικῶς
646 234 686 274 τῷ
712 231 796 262 πνεύ-

890 235 989 271 gitant,
1005 236 1075 265 nihil
1087 236 1173 265 divini
1183 237 1391 266 considerantes
1405 246 1412 266 :
1425 238 1473 274 qui
1492 245 1558 267 vero
1571 245 1650 274 pror-

10 295 69 323 ματι
84 282 176 311 πάντα
192 280 361 321 πνευματικὰ
373 281 419 309 καὶ
434 282 556 322 φρονοῦσι
567 280 613 309 καὶ
626 281 741 310 ποιοῦσι.

45 387 55 399 ι
69 373 110 404 Τὸ
130 373 182 413 γὰρ
210 373 332 413 φρόνημα
352 374 398 409 τῆς
427 371 543 412 σαρκὸς,
568 371 696 404 θάνατος·
725 371 755 400 τὸ
770 369 798 400 δὲ

8 418 122 458 φρόνημα
143 421 191 447 τοῦ
215 417 379 455 πνεύματος,
407 416 461 453 ζωὴ
487 416 533 446 καὶ
561 415 662 456 εἰρήνη.
680 430 692 442 ι
721 415 797 455 Φρό-

9 476 74 502 νημα
100 463 198 502 σαρκὸς
234 462 282 497 τὴν
311 462 462 502 παχυτέραν
499 461 618 491 διάνοιαν
655 461 796 499 ὀνομάζει,

10 509 56 537 ἀπὸ
68 511 111 536 τοῦ
135 508 255 548 χείρονος
279 507 360 541 αὐτὴν
385 506 507 540 καλέσας.
533 507 574 536 Οὖ
597 505 648 546 γὰρ
674 505 706 541 δὴ
731 505 797 540 αὑτὴ

9 552 62 582 καθ’
82 553 178 587 ἑαυτὴν
201 554 218 588 ἡ
234 551 299 592 σὰρξ
314 551 378 581 ἴδιον
403 551 458 592 ἔχει
479 550 611 592 φρόνημα,
627 550 686 580 ἀλλ’
700 553 717 587 ἡ
742 561 797 579 πα-

9 601 62 637 χεῖα
81 597 124 626 καὶ
145 597 226 633 ὑλικὴ
256 597 357 626 διάνοια
383 597 507 637 φρόνημά
529 597 585 626 ἔστι
614 595 732 637 σαρκὸς,
763 596 798 628 ὡς

9 642 37 670 ἄν
54 653 90 676 τις
112 641 198 678 εἴποι,
225 644 284 676 νοῦς
308 641 423 682 σαρκικὰ
449 641 582 682 φρονήσας
605 653 611 660 ·
633 640 726 680 ὥσπερ
751 638 797 668 καὶ

9 686 121 726 φρόνημα
137 689 185 716 τοῦ
201 689 366 726 πνεύματος,
379 687 427 723 τὴν
443 687 560 716 διάνοιαν
576 686 624 722 τὴν
647 688 794 726 φρονοῦσαν

9 730 38 760 τὰ
50 734 93 761 τοῖ’)
107 731 260 770 πνεύματος
269 743 276 750 ·
290 731 348 768 ἥτις
363 736 441 772 γεννᾷ
455 745 467 759 α
481 730 561 768 ζωὴν,
576 744 588 757 ι
603 730 667 771 πρὸς
677 729 796 760 ἀντιδια-

10 776 96 812 στολὴν
116 779 162 806 τοῦ
185 777 301 806 Θανάτου
313 799 322 814 ,
346 777 375 806 8v
399 780 478 816 γεννᾷ
493 778 510 812 ἡ
527 775 642 815 σαρκικὴ
666 775 770 804 διάνοια
786 785 794 792 ·

11 821 70 850 ἀλλὰ
79 821 124 850 καὶ
137 835 149 847 ι
165 822 273 862 εἰρήνην
283 844 291 858 ,
304 835 316 848 ι
331 821 396 861 πρὸς
413 819 615 857 ἀντιδιαστολὴν
630 822 676 850 τοῦ
691 818 793 860 ὶφεξῆς.

11 864 111 905 Ἐπᾶγει
125 866 187 906 γάρ·

48 911 142 941 «Διότι
159 911 190 941 τὸ
215 911 341 952 φρόνημα
365 912 413 947 ei:
435 910 531 950 σαρκὸς
553 910 636 950 ἔχθρα
660 910 696 943 εἷς
716 909 797 940 Θεόν.

13 958 54 996 Τῷ
66 955 114 997 γὰρ
129 956 204 997 νόμῳ
219 959 266 986 τοῦ
284 957 354 987 Θεοῦ
369 957 419 996 οὐχ
441 956 621 986 ὑποτάσσεται
632 966 639 974 ·
661 955 721 984 οὖδὲ
746 954 798 995 γὰρ

13 1001 120 1032 δύναται.
151 1012 167 1030 n
210 1002 246 1032 Ἦ
279 1001 327 1040 μὲν
361 1001 530 1040 πνευματικὴ
559 1000 662 1030 διάνοια
692 1000 798 1040 εἰρήνην

14 1051 80 1086 γεννᾷ
102 1058 115 1087 1
135 1049 151 1083 ἡ
179 1046 221 1087 δὲν
239 1048 369 1087 φρονοῧσα
397 1046 431 1076 τὰ
455 1046 588 1086 σαρκικὰ,
611 1045 708 1086 ἔχθραν
735 1045 799 1085 πρὸς

14 1085 83 1121 Θεόνν.
100 1085 168 1131 ’Ἆρα
201 1085 249 1121 οὖν
261 1085 363 1131 ’χεῖρας
395 1085 513 1131 ἀνταίρει
539 1092 578 1131 τῷ
604 1092 682 1130 Gai-:3;
707 1090 797 1129 Οὐχὶ,

16 1136 100 1176 φησὶν,
123 1135 193 1166 ἀλλὰ
216 1137 256 1175 τῷ
277 1136 350 1176 νόμῳ
372 1137 451 1165 αὐτοῦ
473 1136 509 1173 μὴ
531 1136 554 1154 ⁵⁴
572 1134 796 1173 ὗποτασσομίνη,

15 1180 106 1218 λέγεται
120 1180 201 1220 ἔχθρα
218 1177 287 1210 εἶναι
302 1182 340 1220 τῷ
356 1181 431 1221 Θεῷ.
453 1181 500 1215 Μὴ
515 1179 662 1220 θορυϐηθῇς
675 1181 702 1210 δὲ
717 1180 797 1210 ἀκού-

17 1236 57 1258 σας
67 1225 108 1263 τὸ,
124 1240 134 1250 -
145 1225 215 1255 Οὗδὲ
232 1224 284 1265 γὰρ
299 1225 422 1262 δύναται,
435 1239 448 1251 ι
463 1225 532 1255 ἀλλὰ
547 1225 600 1254 νόει
615 1225 797 1265 τὸλεγόμενον

17 1271 46 1302 ὡς
59 1270 103 1299 δεῖ.
117 1271 156 1300 οὗ
169 1269 222 1310 γὰρ
240 1270 350 1300 δύναται
367 1271 397 1300 τὸ
412 1270 535 1311 φρόνημα
554 1271 602 1305 τῆς
619 1269 716 1307 σαρκὸς
726 1293 734 1309 ,
751 1269 799 1303 ἕως

18 1314 44 1342 ἂν
63 1315 125 1354 μένῃ
149 1318 282 1350 τοιοῦτον,
302 1317 469 1354 ὓποταγῆναι
484 1315 547 1355 Θεῷ
568 1315 594 1334 ⁶²
619 1327 627 1334 ο
647 1315 746 1345 ὡσανεί
760 1327 799 1348 τις

18 1358 76 1388 εἴποι
95 1360 120 1380 ⁸³
135 1371 142 1378 ·
161 1359 195 1390 Ἦ
220 1360 306 1399 πόρνη
329 1361 358 1390 οὗ
384 1360 493 1390 δύναται
511 1356 576 1390 εἶναι
598 1359 721 1400 σώφρων.
745 1360 798 1390 Καὶ

20 1403 62 1443 γὰρ
74 1405 117 1434 οὔκ
129 1400 210 1441 εἶπεν,
226 1404 267 1434 ὅτι
284 1405 324 1435 Οὖ
337 1404 488 1444 δυνήσεται⁷
503 1406 574 1442 ἀλλ’,
590 1418 601 1430 ι
610 1407 652 1436 Οὐ
664 1403 773 1435 δύναται
786 1417 798 1430 I

20 1451 71 1486 νῦν,
95 1449 216 1489 σαρκικὸν
241 1450 328 1488 μένον.
353 1449 432 1481 Ἐπεὶ
455 1451 511 1484 πῶς
534 1450 611 1484 αὐτὸς
630 1451 739 1485 Παῦλος
755 1449 797 1489 ⁵⁸,

21 1495 66 1527 πῶς
88 1494 170 1535 μυρίοι
193 1495 288 1529 ἁπλῶς
308 1495 338 1525 ἐκ
353 1497 474 1536 πονηρῶν
499 1496 592 1535 ἀγαθοὶ
617 1496 752 1536 ἐγίνοντο,
775 1497 798 1525 si

853 287 900 308 sus
914 281 1023 315 spiritui
1044 281 1160 318 subjecti
1179 286 1255 315 sunt,
1277 283 1368 311 omnia
1391 283 1543 319 spiritualia
1571 284 1648 320 plane

852 329 880 353 et
893 326 1001 361 sapiunt
1012 331 1039 354 et
1054 326 1166 355 faciunt.

890 372 974 399 Vsus.
991 375 1018 400 6.
1035 383 1048 396 ι
1069 371 1194 400 Affectus
1207 372 1284 401 enim
1304 373 1404 407 carnis,
1420 381 1495 401 mors
1510 382 1518 401 :
1533 372 1649 402 affectus

852 419 945 444 autem
960 417 1087 453 spiritus,
1102 417 1154 445 vita
1174 422 1202 446 et
1216 425 1275 454 pax.
1293 429 1304 443 ι
1320 418 1459 446 Affectum
1480 418 1570 446 carnis
1592 419 1650 454 pin-

851 461 975 496 guiorem
989 462 1184 497 cogitationem
1201 464 1340 498 nominat,
1362 471 1377 492 a
1403 463 1487 500 pejori
1502 463 1526 492 ei
1544 472 1647 492 nomen

851 505 958 534 indens.
983 507 1130 536 Enimvero
1145 508 1202 544 ipsa
1218 516 1266 544 per
1280 509 1396 545 seipsam
1418 516 1484 537 caro
1507 509 1648 544 proprium

851 550 982 579 affectum
1004 560 1060 580 non
1074 552 1166 587 habet,
1180 553 1229 581 sed
1243 554 1353 590 pinguis
1373 558 1403 582 et
1413 561 1504 582 crassa
1518 553 1648 590 cogitatio

851 599 892 623 est
914 594 1031 624 affectus
1054 598 1156 631 carnis,
1175 598 1256 627 veluti
1278 598 1301 626 si
1315 599 1378 635 quis
1392 599 1478 634 dicat,
1497 607 1577 627 mens
1591 606 1649 626 car-

850 639 923 668 nalia
945 641 1068 676 spirans:
1085 642 1323 678 quemadmodum
1340 647 1368 671 et
1388 643 1504 671 affectus
1525 644 1648 680 spiritus,

849 685 980 721 cogitatio
997 690 1128 723 expetens
1148 691 1178 715 et
1187 687 1319 716 anhelam
1337 687 1373 716 ad
1386 695 1418 717 ea
1431 696 1493 725 quin
1510 693 1576 717 sunt
1595 689 1651 724 spi-

849 730 921 758 ritus
937 741 945 759 ε
969 738 1030 766 qua:
1046 742 1059 755 ι
1075 731 1159 761 vitam
1173 743 1187 757 ι
1207 732 1289 769 parit,
1310 737 1342 760 ut
1371 733 1453 761 morti
1482 737 1649 769 opponatur,

849 783 933 811 quam
955 776 1068 804 carnalis
1089 777 1219 813 cogitatio
1233 777 1336 813 gignit:
1354 785 1462 806 necnon
1484 790 1497 802 ι
1512 786 1618 814 pacem.
1637 790 1648 803 -

848 824 879 848 ut
899 824 1037 849 statuatur
1056 821 1085 850 in
1100 821 1269 850 contrarium
1282 822 1307 850 ei
1326 822 1402 858 quod
1415 823 1548 860 sequitur.
1563 822 1649 852 Infert

848 872 923 893 enim
935 874 943 893 2

889 911 974 939 Vsus.
995 914 1020 938 7.
1033 921 1046 935 ι
1060 911 1131 939 Nam
1141 910 1258 940 affectus
1272 912 1363 941 carnis
1386 913 1527 941 inimicitia
1550 917 1594 943 est
1621 915 1649 942 in

851 955 961 983 Deum:
977 955 1027 992 legi
1045 955 1122 984 enim
1140 956 1192 985 Dei
1206 964 1262 984 non
1285 957 1442 993 subjicitur.
1467 959 1562 994 Neque
1575 959 1648 987 enim

852 1003 951 1036 potest.
967 1010 982 1025 ι
997 1001 1150 1037 Spiritualis
1167 1001 1298 1038 cogitatio
1320 1010 1415 1038 pacem
1440 1007 1562 1039 generat,
1589 1011 1650 1032 ear-

851 1045 923 1072 nalia
940 1053 1004 1073 vero
1028 1045 1172 1079 affectans,
1188 1046 1345 1075 inimicitias
1368 1056 1432 1083 erga
1449 1049 1549 1076 Deum.
1575 1050 1647 1076 Num

851 1089 935 1126 igitur
946 1098 1047 1118 manus
1059 1095 1155 1119 contra
1163 1093 1250 1119 Deum
1262 1092 1362 1120 attollit
1374 1094 1387 1120 Ρ
1397 1093 1470 1126 Non,
1484 1093 1584 1129 inquit.
1599 1094 1647 1121 sed

851 1134 903 1170 legi
917 1135 976 1171 ejus
990 1143 1046 1163 non
1062 1136 1193 1173 subjecta,
1207 1136 1310 1165 dicitur
1324 1145 1382 1165 esse
1397 1137 1505 1166 inimica
1527 1140 1594 1166 Deo.
1608 1139 1648 1166 Nc

851 1179 973 1208 turberis
996 1184 1089 1209 autem
1104 1189 1169 1209 cum
1183 1181 1274 1215 audis.
1291 1194 1303 1206 -
1319 1184 1411 1218 Neque
1423 1183 1497 1211 enim
1513 1187 1617 1218 potest;
1635 1195 1646 1207 -

852 1232 946 1252 verum
960 1225 988 1253 id
999 1225 1073 1261 quod
1084 1225 1197 1260 dicitur,
1210 1226 1330 1263 intellige
1343 1227 1424 1255 sicuti
1447 1232 1565 1263 oportet.
1587 1229 1648 1256 Non

853 1274 944 1306 potest
953 1270 1026 1298 enim
1039 1269 1157 1299 affectus
1168 1272 1270 1305 carnis,
1285 1271 1407 1308 quandiu
1419 1272 1579 1308 hujusmodi
1590 1281 1650 1309 per-

853 1315 995 1349 manserit,
1020 1315 1100 1343 subdi
1125 1317 1205 1344 Deo:
1229 1324 1308 1352 aeque
1340 1324 1373 1345 ac
1393 1317 1417 1345 si
1443 1316 1516 1345 dicat
1539 1317 1648 1354 aliquis,

852 1359 1024 1388 Fornicatrix
1046 1368 1105 1389 non
1125 1365 1217 1397 potest
1237 1369 1296 1390 esse
1312 1365 1478 1397 temperans.
1496 1363 1558 1391 Non
1571 1362 1647 1390 enim

851 1404 999 1440 dixitquod
1006 1413 1062 1433 non
1072 1406 1171 1442 poterit
1179 1415 1314 1443 unquam,
1327 1414 1422 1435 verum
1432 1418 1445 1431 ι
1456 1408 1518 1435 Non
1531 1411 1621 1444 potest
1637 1419 1649 1431 ι

849 1449 908 1486 jam
921 1458 996 1478 nunc
1009 1450 1077 1478 dum
1091 1451 1209 1479 carnalis
1230 1456 1384 1487 permanet.
1406 1452 1555 1487 Quomodo
1574 1452 1648 1481 enim

853 1495 910 1530 ipse
924 1495 1037 1528 Paulus,
1047 1496 1188 1531 quomodo
1202 1497 1284 1530 latro,
1296 1497 1437 1532 quomodo
1453 1497 1590 1525 innumeri
1605 1497 1651 1525 alii

22 1538 130 1574 ἀδύνατος
143 1536 174 1577 ἦν
188 1544 204 1577 ἡ
222 1540 378 1580 μεταϐολής
394 1541 475 1571 Οὕτω
489 1540 535 1570 καὶ
549 1541 576 1570 ἔν
589 1542 627 1581 τῷ
645 1541 798 1581 Εὗαγγελίῳ

890 1540 991 1568 :semel
1016 1539 1118 1574 dicam)
1132 1541 1266 1574 scelerosi.
1293 1549 1326 1569 ex
1347 1541 1425 1570 malis
1439 1542 1501 1570 boni
1523 1542 1581 1570 ﬁeri
1605 1550 1652 1578 po-

23 1585 34 1612 δ
55 1583 141 1624 Κύριος
167 1581 241 1616 εἶπεν
263 1597 271 1604 ·
304 1595 318 1614 ιι
347 1587 388 1616 Οὐ
415 1585 524 1615 δύναται
554 1586 659 1625 δένδρον
685 1587 799 1625 πονηρὸν

23 1629 122 1667 καρποὺς
134 1630 231 1665 καλοὺς
248 1635 333 1661 ποιεῖν
352 1642 359 1649 ·
374 1645 386 1657 ι
403 1631 461 1660 ἀντὶ
474 1633 521 1660 τοῦ
531 1654 540 1669 ,
554 1630 579 1664 ἔς
591 1631 614 1660 τ’
631 1630 662 1660 ἂν
712 1642 798 1666 πονη-

26 1674 69 1711 ρόν.
95 1675 138 1711 Μὴ
153 1676 241 1705 τοίνυν
269 1675 384 1716 σαρκικὰ
411 1677 566 1716 φρονῶμεν,
595 1675 665 1705 ἀλλὰ
695 1675 728 1705 τὰ
752 1677 800 1704 τοῦ

25 1718 169 1757 πνεύματος,
182 1722 226 1750 ἵνα
249 1721 357 1760 ιίρήνην
377 1720 479 1761 ἔχωμεν
494 1721 558 1761 πρὸς
575 1720 620 1750 τὸν
635 1721 705 1750 Θεὸν
722 1720 800 1749 δόντα

24 1765 76 1800 ἡμῖν
90 1764 117 1794 τὸ
130 1766 242 1804 Πνεῦμα
255 1790 262 1803 ,
279 1766 312 1795 δι’
332 1761 361 1795 οἶ
384 1766 474 1796 πάντα
499 1765 555 1806 ῥᾴω
576 1767 640 1804 ἡμῖν
662 1766 696 1795 τὰ
720 1766 746 1794 ἐν
764 1767 802 1805 τῷ

25 1809 85 1846 νόμῳ
98 1809 310 1850 δυσκατόρθωτα.

58 1953 69 1965 ι
83 1940 114 1969 Οἱ
129 1939 154 1970 δὲ
175 1942 202 1972 ἐν
223 1941 306 1981 σαρκὶ
325 1941 396 1975 ὄντες
415 1942 478 1981 Θεῷ
501 1941 594 1981 ἀρέσαι
619 1942 648 1971 οὖ
664 1942 800 1972 δύνανται.

27 1983 105 2022 Ὑμεῖς
118 1985 143 2015 δὲ
164 1987 209 2016 οὐκ
234 1986 292 2016 ἐστὶ
317 1987 344 2016 ἐν
370 1986 467 2026 σαρκὶ,
491 1987 551 2015 ἀλλ’
573 1987 600 2016 ἐν
624 1985 767 2025 πνεύματι.
784 1998 800 2015 ι

27 2029 166 2068 Ἰὀυτίστιν,
191 2033 229 2062 Οἱ
253 2031 284 2060 τὸ
304 2031 430 2072 σαρκικὸν
458 2031 581 2072 φρόνημα
605 2032 709 2072 ἔχοντες
732 2032 758 2051 ⁶⁵
773 2033 803 2062 οὖ

30 2072 134 2117 δᾷνανται
148 2076 209 2116 Θεῷ
225 2075 335 2117 ἀρέσαι,
350 2075 400 2111 ἕως
423 2076 453 2105 ἂν
474 2071 525 2106 ὦσι
540 2071 665 2106 τοιοῦτον..
691 2077 733 2107 Οὖ
752 2075 803 2117 γὰρ

29 2115 161 2152 τὴν-οὐσίαν
175 2115 221 2157 τῆς
247 2115 358 2162 σαρκὸς,
381 2121 450 2151 ἀλλὰ
471 2123 516 2151 τὸν
532 2121 622 2161 παχὺν
642 2121 687 2151 καὶ
705 2115 800 2162 σαρκιέ

853 1585 978 1619 tuissent,
986 1585 1010 1614 si
1023 1585 1083 1614 hac
1095 1586 1260 1622 permutatio
1269 1586 1446 1622 impossibilis
1460 1588 1555 1614 esset?
1572 1586 1651 1615 Haud

854 1628 1054 1659 dissimilemad
1064 1631 1179 1660 modum
1189 1632 1326 1660 Dominus
1336 1632 1363 1659 in
1376 1631 1523 1668 Evangelia
1535 1632 1603 1660 dixit
1611 1636 1626 1650 ιι
1645 1641 1651 1659 2

857 1685 870 1698 ι
891 1675 952 1702 Non
973 1680 1063 1712 potest
1082 1677 1165 1704 arbor
1180 1677 1249 1705 mala
1262 1675 1368 1704 fructus
1393 1676 1483 1705 bonos
1510 1676 1599 1705 facere
1616 1687 1622 1705 ε
1637 1689 1649 1702 ι

855 1727 957 1755 nempe
981 1721 1116 1756 tantisper
1132 1721 1200 1749 dum
1224 1721 1297 1748 mala
1316 1722 1489 1749 remanserit.
1510 1723 1550 1750 Ne
1571 1722 1653 1758 igitur

855 1764 974 1792 carnalia
995 1763 1169 1799 affectemus,
1194 1765 1241 1794 sed
1255 1773 1317 1801 qua
1335 1770 1402 1794 sunt
1414 1767 1537 1802 spiritus,
1559 1771 1589 1794 ut
1608 1776 1652 1802 pa-

855 1817 917 1837 cem
931 1809 1081 1838 habeamus
1096 1809 1132 1838 ad
1150 1811 1252 1843 Deum,
1269 1810 1316 1845 qui
1330 1810 1462 1846 Spiritum
1476 1810 1554 1838 nobis
1570 1819 1651 1838 suum

856 1854 997 1890 impertiit,
1018 1862 1066 1890 per
1086 1862 1170 1890 quem
1191 1854 1284 1882 omnia
1297 1854 1377 1882 nobis
1401 1853 1488 1883 facilia
1507 1858 1573 1883 sunt
1590 1862 1652 1891 qua:

856 1898 885 1927 in
904 1899 962 1935 lege
975 1898 1049 1927 factu
1066 1903 1144 1926 erant
1155 1898 1284 1927 difﬁcilia.

892 1944 980 1973 Vsus.
997 1947 1024 1977 8,
1037 1945 1065 1971 9.
1083 1955 1096 1968 ι
1120 1943 1172 1979 Qui
1186 1943 1317 1972 autemin
1330 1951 1413 1972 carne
1425 1947 1503 1978 sunt,
1520 1945 1580 1972 Deo
1593 1944 1653 1980 pla-

857 1996 918 2017 cere
936 1996 992 2017 non
1011 1993 1137 2025 possunt.
1160 1989 1216 2017 Vos
1238 1993 1331 2017 autem
1347 1996 1403 2017 non
1425 1989 1491 2016 estis
1514 1989 1541 2017 in
1559 1997 1653 2022 carne,

857 2033 906 2062 sed
923 2033 953 2062 in
971 2034 1078 2069 spiritu.
1095 2046 1108 2059 ι
1134 2035 1195 2062 Hoc
1217 2037 1269 2067 est,
1289 2034 1341 2069 Qui
1360 2034 1497 2062 carnalem
1520 2033 1651 2062 affectum

858 2077 969 2112 habent,
984 2080 1045 2107 Deo
1061 2079 1168 2115 placere
1186 2083 1337 2115 nequeunt,
1352 2079 1484 2115 tantisper
1501 2078 1568 2108 dum
1585 2079 1655 2108 tales

856 2123 967 2152 fuerint.
981 2125 1043 2153 Non
1061 2123 1136 2153 enim
1151 2123 1332 2153 substantiam
1351 2124 1453 2159 carnis,
1467 2124 1515 2153 sed
1534 2132 1653 2153 crassam

31 2162 67 2190 κῆν
81 2164 129 2202 βίον
141 2187 149 2202 ,
170 2166 214 2196 καὶ
228 2160 290 2196 ὅλον
310 2167 336 2186 ⁴⁵⁶
352 2169 562 2206 σαρκοποιοῦντα
585 2166 629 2196 τὸν
650 2166 798 2206 ὀίνθρωϊεον²

896 2169 1032 2198 carnalem
1052 2169 1149 2203 vitam,
1163 2173 1190 2197 et
1201 2177 1264 2206 qua!
1283 2173 1374 2197 totum
1385 2169 1528 2198 hominem
1541 2177 1653 2198 carnem

31 2206 99 2242 οὕτως
121 2211 256 2251 ὀνομάζει⁷
277 2210 347 2241 καθὰ
361 2211 406 2241 καὶ
423 2213 448 2240 ἐν
521 2212 633 2252 Παλαιᾷ
650 2223 656 2230 ·
679 2225 691 2238 ι
705 2213 747 2242 Οὐ
764 2211 802 2251 μὴ

35 2254 162 2297 καταμείνῃ
173 2257 202 2286 τὸ
217 2256 332 2295 Πνεῧμά
347 2269 396 2295 μου
413 2257 439 2286 ἓν
459 2261 511 2290 τοῖς
527 2257 675 2297 ἀνθρώποις
691 2257 802 2293 τούτοις,

33 2296 108 2328 διὰτὸ
128 2295 191 2331 εἶναι
211 2301 304 2336 αὖτοὺς
328 2301 440 2342 σάρκας.
460 2313 475 2330 α
491 2302 545 2332 Καὶ
566 2295 617 2341 τὸ,
637 2315 650 2328 ι
667 2301 760 2341 Ὑμεῖς
775 2302 803 2332 δὲ

33 2342 70 2370 οὐκ
82 2344 133 2373 ἐστὶ
146 2346 170 2375 ἐν
184 2346 281 2386 σαρκὶ,
296 2360 309 2372 ν
324 2346 440 2376 τοιοῦτόν
454 2347 534 2383 ἐστιν,
547 2346 603 2375 ἀντὶ
618 2349 673 2384 τοῦ,
687 2348 728 2376 Οὐ
743 2348 804 2377 δου-

33 2385 106 2433 λεύετε
117 2391 152 2430 τῷ
165 2392 283 2433 σαρκικῷ
307 2391 357 2432 βίῳ
369 2413 378 2428 ,
403 2391 472 2421 ἀλλὰ
486 2392 524 2431 τῷ
547 2394 731 2433 πνευματικῷ.
748 2392 803 2422 Καὶ

36 2430 88 2478 τίνος
101 2432 180 2465 ἕνεκεν
195 2430 241 2466 οὐκ
253 2430 325 2466 εἶπεν
331 2430 348 2474 ,Π
360 2435 455 2476 ⁴Υμεῖς
479 2430 515 2466 δὲγ
528 2437 575 2466 οὐκ
595 2436 652 2466 ἐστὶ
665 2438 692 2466 ἐν
707 2430 804 2478 *ἆμαρ-

35 2475 105 2523 ξίαιςς
116 2478 172 2510 Ἵνα
190 2482 275 2523 μάθῃς
289 2482 330 2512 ὅτι
353 2482 414 2522 οὖχὶ
432 2482 479 2518 τὴν
495 2481 636 2521 τυραννίδα
658 2481 737 2521 μόνον
757 2475 804 2518 ἧς

38 2519 148 2561 ἀμαρτίας
167 2519 271 2558 ἔοϐεσέν
297 2529 311 2557 ὁ
335 2519 468 2568 Χριστὸς,
491 2519 560 2557 ἀλλὰ
580 2527 626 2557 καὶ
649 2519 696 2563 τὴν
719 2527 805 2567 σάρκα

39 2569 176 2614 κξλδφοτέραν
197 2574 242 2602 καὶ
265 2571 518 2612 πνευματικωτέραν
544 2572 677 2609 ἐποίησεν.
696 2571 806 2614 Ὥσπερ

39 2610 79 2649 γὰρ
98 2615 154 2655 πυρὶ
173 2617 274 2658 σίδηρος
295 2610 427 2658 ὁμιλήσας
444 2610 498 2659 π’ῧρ
519 2617 620 2659 γίνεται
635 2628 643 2636 '
668 2619 737 2648 οὕτω
760 2610 806 2648 καὶ

73 2698 222 2736 “Mattvn,
238 2707 280 2732 18.
310 2709 323 2722 '
337 2703 409 2733 Gen.
426 2710 470 2739 vt,
491 2707 517 2732 3.

857 2213 952 2250 efﬁcit,
983 2214 1023 2242 sic
1057 2214 1192 2249 nominat,
1218 2214 1313 2243 itidem
1334 2219 1364 2243 ut
1386 2215 1417 2242 in
1441 2215 1533 2243 Veteri
1557 2216 1655 2243 Testa-

858 2263 971 2287 mento'
991 2268 998 2287 :
1017 2270 1030 2284 ι
1054 2261 1126 2291 Non.
1141 2270 1153 2283 ι
1174 2259 1229 2295 56
1243 2259 1342 2296 inquit,
1360 2269 1375 2286 α
1387 2259 1557 2296 permanebit
1570 2259 1654 2296 Spiri-

857 2307 901 2332 tus
914 2312 994 2333 meus
1006 2305 1035 2333 in
1054 2304 1108 2339 his,
1131 2304 1194 2341 quia
1205 2313 1269 2333 caro
1284 2309 1357 2333 sunt.
1376 2317 1389 2329 ιν
1408 2306 1496 2333 Porro
1514 2305 1588 2341 quod
1607 2305 1654 2338 ait,

859 2357 874 2376 α
894 2351 951 2378 Vos
964 2354 1057 2378 autem
1079 2357 1136 2378 non
1157 2350 1222 2378 estis
1236 2350 1264 2378 in
1285 2358 1378 2385 carne,
1396 2361 1408 2374 ι
1428 2349 1585 2386 hujusmodi
1602 2354 1655 2385 est,

856 2396 919 2423 Non
936 2395 1042 2424 servitis
1058 2395 1160 2423 carnali
1179 2395 1262 2430 vita,
1283 2395 1331 2424 sed
1357 2395 1501 2431 spirituali.
1519 2397 1553 2424 Et
1571 2403 1655 2432 quare

857 2448 913 2468 non
938 2440 1017 2473 dixit,
1037 2441 1094 2469 Vos
1108 2444 1199 2469 autem
1212 2448 1269 2468 non
1283 2441 1349 2468 estis
1363 2440 1389 2468 in
1404 2440 1522 2476 peccatis
1536 2441 1600 2470 PUt
1617 2441 1658 2470 di-

858 2493 929 2519 scas,
948 2484 1024 2522 quod
1045 2485 1147 2514 nedum
1171 2485 1271 2522 peccati
1295 2485 1471 2522 tyrannidem
1492 2485 1654 2514 exstinxerit

860 2530 995 2564 Christus,
1008 2538 1103 2558 verum
1117 2530 1201 2559 etiam
1216 2539 1328 2559 carnem
1347 2535 1375 2559 et
1387 2531 1518 2559 leviorem
1531 2535 1559 2559 et
1574 2531 1656 2566 spiri-

862 2576 1004 2604 tualiorem
1026 2575 1186 2604 reddiderit.
1207 2575 1448 2611 Quemadmodum
1462 2577 1536 2604 enim
1551 2575 1655 2604 ferrum

861 2621 889 2649 in
908 2621 969 2657 igne
982 2628 1168 2655 commorans,
1183 2621 1252 2657 ignis
1263 2621 1294 2649 ﬁt
1311 2631 1317 2649 :
1329 2622 1370 2650 sic
1383 2626 1409 2649 et
1421 2629 1485 2650 caro
1496 2629 1592 2650 eorum
1608 2619 1654 2656 qui

704 2767 804 2799 Varie
826 2766 975 2797 lectiones.

71 2836 87 2853 "
100 2839 142 2876 οὖν,
152 2850 176 2871 ο.
212 2845 232 2862 ⁵³
246 2847 280 2882 τῷ
292 2845 374 2882 Κυρίῳ
385 2853 412 2874 o.

463 2845 486 2862 ⁸³
495 2844 552 2882 εἴπῃ
564 2853 592 2874 o.
629 2844 651 2862 ⁸³
664 2847 713 2876 πῶς
728 2845 841 2881 Παῦλοςξς
851 2847 901 2876 πῶς
910 2844 1018 2882 λῃστήςς
1035 2853 1074 2873 m.
1112 2845 1134 2862 ⁵⁸
1147 2845 1288 2880 στέργοντες
1301 2851 1328 2872 o.
1366 2842 1389 2860 “
1402 2841 1468 2874 ὅλως
1481 2850 1520 2871 m.
