1901 3077
116 71 168 101 439

630 73 886 102 THEOPHYLACTI
905 73 1083 102 BULGARl/E
1101 71 1258 100 ARCHIEP.

1711 66 1782 97 440

116 145 165 174 per
189 136 323 173 baptisma
342 137 476 173 Spiritum
493 142 674 174 acceperunt,
688 141 747 165 tota
765 136 912 173 spiritualis

1016 135 1063 176 ὰρξ
1077 136 1128 164 τῶν
1148 134 1191 163 διὰ
1210 136 1257 163 τοῦ
1274 132 1461 173 βαπτίσματος
1475 132 1504 163 τὸ
1520 133 1635 171 Πνεῦμα
1650 132 1776 171 δεξαμέ-

115 181 244 210 efﬁcitur.

155 227 240 254 Vsus.
257 229 300 254 10.
317 238 330 251 ‹‹
348 226 491 263 Siquidem
510 226 626 262 Spiritus
637 226 690 255 Dei
703 226 809 255 habitat
823 226 852 254 in
862 234 913 254 vo-

118 271 172 300 bis.
187 282 200 296 ιι
215 286 250 292 -
263 282 277 296 ιι
298 271 440 307 Siquidem
457 283 470 297 ιι
486 271 531 300 hic
547 279 605 300 non
617 271 695 308 ponit
711 271 774 308 quia
795 271 913 305 dubitet,

119 324 215 344 verum
229 316 291 352 quia
307 316 385 345 valde
396 316 500 350 credat,
514 323 565 352 pro
584 324 617 345 e0
631 316 705 352 quod
717 320 769 351 est,
786 316 915 351 Quando-

118 360 233 397 quidem
246 360 307 397 jam
324 360 440 396 Spiritus
454 361 504 389 Dei
526 361 686 390 demoratur
699 361 728 389 in
751 361 839 396 vobis,
852 369 915 398 pro-

120 409 210 442 pterea
223 405 252 433 iu
265 405 362 441 spiritu
377 406 451 434 estis.

158 461 171 474 ις
189 450 218 478 Si
233 450 294 486 quis
308 454 400 478 autem
414 450 546 486 Spiritum
562 450 662 479 Christi
683 458 740 479 non
764 451 855 485 habet,
872 451 916 479 hic

119 503 174 524 non
187 499 229 523 est
244 495 312 531 ejus.
326 507 338 520 ιι
355 496 417 524 Νοιι
431 495 510 530 dixit,
525 495 554 524 Si
568 499 661 524 autem
672 496 804 532 Spiritum
817 496 915 524 Christi

120 548 177 568 non
192 539 312 574 habetis,
327 539 363 568 ob
371 540 505 568 sermonis
514 541 691 576 asperitatem
703 545 729 568 et
743 541 913 569 molestiam:

121 584 181 618 sed,
195 597 207 608 «ε
224 585 251 613 Si
263 585 325 621 quis
345 585 475 620 Spiritum
488 593 545 613 non
570 585 664 619 habet,
677 597 690 609 ι»
709 585 849 613 indeﬁnite
863 586 915 614 sci-

122 629 196 661 licet.
213 641 226 654 ιι
252 637 308 657 non
332 634 373 657 est
397 630 508 664 Christi,
526 641 538 654 ιι
566 630 649 667 idque
676 638 732 658 non
753 630 915 658 immerito:

122 673 237 710 Spiritus
260 674 335 702 enim
355 674 411 710 ipse
434 674 550 711 sigillum
573 679 625 702 est.
651 674 769 703 Proinde
792 675 838 710 qui
862 683 918 702 non

123 721 213 755 gestat
233 719 363 755 sigillum,
388 727 446 747 non
469 723 511 748 est
521 719 646 754 Domini,
662 720 709 756 qui
728 727 777 756 per
798 719 918 756 sigillum

125 762 193 791 illud
203 763 380 799 signiﬁcatur.

162 819 175 832 ι
195 808 223 836 Si
240 813 331 836 autem
354 808 478 837 Christus
494 809 521 836 in
534 809 612 837 vobis
627 813 678 843 est,
694 816 795 845 corpus
810 809 918 845 quidem

125 857 266 881 mortuum
288 858 330 881 est
350 858 461 890 propter
477 858 631 890 peccatum,
653 854 762 890 spiritus
781 861 846 882 vero
866 854 919 882 vita

125 901 166 926 est
189 902 300 933 propter
316 898 462 934 justitiam.
485 910 498 923 ιι
514 900 620 926 Rursus
641 906 688 927 eos
707 898 839 926 exhilarat
857 907 920 926 cum

126 942 226 978 inquit,
244 954 257 967 α
279 943 307 971 Si
334 942 460 971 Christus
479 947 522 971 est
536 943 564 970 in
590 943 675 972 vobis.
693 955 706 968 ι›
731 943 859 971 Nonnulli
876 943 922 971 hic

126 995 175 1023 per
187 987 327 1015 Christum
342 987 473 1023 Spiritum
497 987 699 1022 intellexerunt,
725 996 820 1016 verum
841 988 870 1016 id
884 996 922 1016 se-

126 1040 175 1060 cus
195 1031 286 1060 habet.
317 1033 456 1061 Caeterum
474 1033 626 1068 Apostolus
651 1032 704 1061 hoc
736 1032 921 1067 demonstrat,

127 1076 200 1112 quod
216 1077 261 1104 cui
275 1077 392 1113 Spiritus
406 1077 534 1112 adfuerit,
560 1077 585 1105 ei
604 1078 689 1106 etiam
702 1077 773 1106 adsit
788 1077 922 1106 Christus.

126 1121 182 1150 Ubi
203 1121 276 1149 enim
297 1126 339 1150 est
353 1130 408 1150 una
429 1127 612 1151 sacrosanctae
634 1122 777 1150 Trinitatis
794 1129 922 1158 persona,

127 1166 182 1193 illic
202 1166 287 1194 etiam
319 1166 431 1202 reliqua:
454 1171 530 1195 sunt.
561 1165 667 1203 Ecquid
682 1166 734 1194 erit
755 1166 779 1194 si
800 1166 923 1195 Christus

128 1210 212 1238 fuerit
228 1210 256 1238 in
276 1210 355 1239 nobis
371 1212 383 1239 Ρ
399 1212 439 1240 Ut
451 1219 551 1248 corpus
565 1212 602 1239 sit
618 1215 771 1245 mortuum,
788 1215 924 1247 quatenus

129 1255 163 1284 ad
182 1259 325 1292 peccatum
338 1265 345 1285 :
358 1256 474 1292 Spiritus
489 1261 581 1284 autem
600 1260 711 1284 sanctus
732 1255 760 1284 iu
777 1256 853 1284 vobis
869 1255 924 1284 vita

128 1299 174 1334 sit,
196 1300 249 1329 hoc
265 1305 315 1333 est,
330 1301 404 1337 quod
423 1309 478 1329 non
493 1301 584 1329 solum
597 1301 653 1337 ipse
666 1301 748 1334 vivat,
773 1300 821 1329 sed
840 1300 924 1328 etiam

129 1344 190 1373 aliis
203 1349 233 1372 ut
249 1345 340 1374 vivant
356 1350 484 1382 praestare
504 1346 602 1374 valeat.
619 1357 632 1370 α
655 1345 773 1381 Spiritus
791 1352 854 1373 vero
868 1345 925 1372 vita

129 1393 170 1418 est
184 1395 294 1426 propter
311 1390 461 1427 justitiam,
478 1390 547 1419 uhoc
563 1394 614 1425 est,
629 1390 704 1426 quod
715 1389 858 1427 justiﬁcati
877 1397 924 1417 su-

131 1441 191 1462 mus
214 1442 230 1461 a
252 1436 326 1468 Deo;
348 1442 380 1462 ac
399 1434 426 1462 in
440 1434 521 1463 nobis
539 1443 571 1463 ea
583 1435 687 1471 justitia
700 1435 756 1463 sive
767 1433 925 1471 justificatio

131 1483 255 1507 servatur
270 1489 276 1507 z
289 1487 342 1515 qua
365 1483 483 1513 servata,
504 1484 646 1515 peccatum
667 1487 725 1507 non
734 1480 927 1516 erit:peccato

131 1531 194 1551 vero
208 1523 327 1558 sublato,
341 1523 446 1551 tollitur
455 1528 483 1551 et
495 1532 581 1558 mors,
592 1532 623 1552 ac
638 1524 801 1560 relinquitur
815 1531 926 1560 prorsus

131 1568 198 1602 vita,
212 1568 272 1595 etin
279 1568 408 1604 praesenti
420 1568 532 1604 saeculo,
547 1568 658 1604 quando
668 1569 822 1597 secundum
836 1570 926 1597 Deum

132 1612 282 1640 vixerimus
300 1613 365 1646 (ista
384 1612 457 1641 enim
478 1614 588 1649 proprie
611 1614 666 1641 vita
686 1613 795 1648 dicitur,
818 1613 926 1650 quando

132 1661 245 1692 peccato
261 1657 363 1684 mortui
385 1657 500 1693 sumus),
516 1662 544 1685 et
567 1658 595 1686 in
615 1657 720 1693 futuro,
741 1658 795 1687 vita
810 1658 927 1687 indisso-

132 1701 233 1729 lubilis.

169 1747 261 1774 Vens.
279 1749 322 1774 ιι.
340 1757 353 1771 ιι
374 1747 455 1783 Quod
469 1747 493 1776 si
505 1747 622 1784 Spiritus
638 1748 706 1784 ejus,
725 1748 772 1784 qui
788 1749 928 1777 suscitavit

131 1792 227 1819 Jesum
249 1799 282 1819 ex
302 1791 429 1827 mortuis,
444 1792 548 1821 habitat
566 1793 595 1821 in
609 1793 696 1827 vobis,
720 1794 767 1829 qui
786 1794 928 1822 suscitavit

131 1835 272 1864 Christum
288 1844 303 1864 a
318 1837 445 1871 mortuis,
462 1837 612 1866 viviﬁcabit
624 1843 652 1866 et
668 1838 792 1866 mortalia
812 1846 927 1874 corpora

131 1885 219 1908 vestra
243 1885 354 1918 propter
377 1881 580 1911 inhabitantem
597 1883 732 1919 Spiritum
752 1884 810 1920 ejus
835 1876 928 1912 invo-

130 1925 181 1954 bis.
200 1937 212 1949 ιι
228 1927 270 1954 De
295 1927 495 1955 resurrectione
511 1927 555 1955 hic
569 1935 667 1956 rursus
693 1935 850 1956 sermonem
864 1936 928 1956 mo-

131 1974 185 2005 vet,
203 1971 328 2006 inquiens
343 1981 349 1999 :
366 1972 405 2000 Ne
418 1972 525 2008 angaris
541 1972 637 2006 animi,
654 1972 729 2008 quod
742 1972 852 2000 mortali
866 1981 928 2001 cor-

130 2023 196 2051 pore
209 2016 315 2044 cinctus
341 2023 390 2044 es:
407 2015 494 2045 habes
523 2017 600 2044 enim
625 2016 759 2052 Spiritum
790 2017 852 2052 Dei,
882 2017 930 2053 qui

129 2061 258 2089 excitavit
273 2060 415 2089 Christum
436 2069 470 2089 ex
491 2060 625 2089 mortuis:
646 2065 674 2089 et
694 2060 928 2097 quemadmodum

128 2105 208 2133 illum
228 2106 366 2140 excitavit,
379 2106 420 2134 sic
433 2110 461 2134 et
481 2109 509 2133 te
534 2105 720 2139 resuscitabit,
742 2105 799 2134 imo
815 2106 931 2134 viviﬁca-

964 193 1016 211 νων
1037 180 1084 216 δ’λη
1101 177 1267 217 πνευματικὴ
1283 178 1394 217 γίνεται.

1010 236 1024 255 α
1040 224 1125 264 Εἴπερ
1146 225 1258 263 Πνεῦμα
1276 223 1347 254 Θεοῦ
1367 225 1434 253 οἰκεῖ
1450 223 1477 252 ἐν
1491 223 1567 260 ὑμῖν.
1587 233 1601 251 ι
1618 221 1675 259 Τὸ,
1697 235 1710 248 ι
1724 221 1779 252 Εἴ-

966 282 1033 310 περ,
1047 281 1060 299 l)
1080 269 1128 298 οὒκ
1149 268 1327 309 ἆμφιϐάλλων
1355 267 1477 307 τίθησιν,
1502 267 1572 297 ἀλλὰ
1599 266 1646 296 καὶ
1669 267 1779 307 σφόδρα

966 313 1115 349 πιστεύων,
1131 313 1189 343 ἀντὶ
1205 317 1250 343 τοῦ
1262 335 1270 350 ,
1294 312 1460 353 Ἐπειδήπερ
1483 314 1600 351 Πνεῦμα
1616 312 1690 342 Θεοῦ
1705 311 1782 342 οἰκεῖ

968 361 994 390 ἐν
1012 361 1073 398 ὗμῒν
1083 382 1090 396 ,
1101 358 1144 388 διὰ
1158 361 1236 388 τοῦτο
1251 360 1277 388 ἐν
1291 357 1425 396 πνεύματί
1440 358 1512 387 ἐστε.

1014 461 1028 480 ιι
1044 451 1077 480 Εἰ
1093 448 1121 478 δέ
1142 461 1182 483 τις
1199 451 1311 486 Πνεῦμα
1328 448 1448 487 Χριστοῦ
1472 448 1520 478 οὔκ
1534 447 1610 488 ἔχει,
1627 441 1706 480 οἶτος
1726 448 1776 475 οὐκ

969 495 1040 526 ἔστιν
1055 496 1146 524 αὐτοῦ.
1162 508 1174 521 ιο
1190 495 1249 525 Οὔκ
1263 489 1347 531 εἶπεν,
1368 494 1400 523 Εἰ
1415 493 1443 522 δὲ
1461 494 1574 530 Πνεῦμα
1590 492 1712 531 Χριστῶ
1727 493 1775 520 οὐκ

969 541 1061 581 ἔχετε,
1084 539 1127 568 διὰ
1141 538 1228 568 τὸτοῦ
1242 538 1321 577 λόγου
1336 537 1466 581 ἐξαχθὲς,
1492 538 1564 573 ἀλλ’,
1582 550 1594 563 ι
1609 535 1645 566 Εἴ
1666 547 1707 570 τις
1724 538 1774 565 οὐκ

970 578 1025 626 ἔξει
1038 586 1182 622 Πνεῦμα,ιι
1197 584 1325 624 ἀορίστως
1335 578 1393 620 οῦν,
1407 583 1473 612 κούκ
1487 582 1543 612 ἔστι
1557 582 1686 622 Χριστοῦ·
1703 595 1715 606 ιι
1728 582 1776 610 καὶ

972 624 1088 663 εἶκότως.
1113 628 1148 659 Ἣ
1164 628 1214 668 γὰρ
1237 628 1347 668 σφραγὶς
1370 626 1400 656 τὸ
1422 627 1534 665 Πνεῦμά
1556 627 1637 655 ἐστιν.
1653 624 1744 656 Ὥστε
1763 627 1778 654 ὁ

973 674 1011 714 μὴ
1025 674 1092 714 ἔχων
1103 673 1151 709 τὴν
1167 674 1301 714 σφραγῖδα
1316 673 1364 702 οὒκ
1379 672 1434 702 ἔστι
1451 674 1498 701 τοῦ
1517 671 1654 702 Δισπότου
1667 673 1718 701 τοῦ
1731 670 1778 700 διὰ

972 722 1018 756 τῆς
1033 719 1175 760 σφραγῖδος
1190 718 1288 755 ἐκείνης
1304 717 1478 755 δηλουμένου.

1015 822 1027 835 ι
1042 809 1076 838 Εἰ
1088 807 1116 837 δὲ
1132 807 1247 847 Χριστὸς
1264 807 1291 836 ἐν
1307 808 1386 846 ὑμῖν,
1402 806 1432 836 τὸ
1457 805 1506 844 μὲν
1525 807 1604 844 σῶμα
1629 804 1723 845 νεκρὸν
1740 805 1780 834 δι’

976 852 1108 894 ἁμαρτίαν
1125 865 1132 872 ·
1155 852 1185 882 τὸ
1211 852 1238 881 δὲ
1263 853 1386 890 πνεῦμα,
1411 850 1464 886 ζωὴ
1486 851 1530 880 διὰ
1557 850 1742 886 δικαιοσύνην.
1767 865 1781 874 ι-

975 898 1062 928 Πάλιν
1079 897 1196 938 ίλαρύνει
1217 896 1310 930 αὖτοὺς
1332 895 1376 925 διὰ
1390 898 1435 925 τοῦ
1454 896 1535 924 εἰπεῖν
1553 907 1560 913 ·
1580 908 1593 921 ι
1607 896 1641 925 Εἰ
1661 895 1689 924 δὲ
1703 896 1781 934 Χρι-

975 943 1035 976 στὸς
1050 944 1076 972 ἐν
1088 944 1160 981 ὑμῖν.
1177 955 1188 969 ν
1203 941 1281 975 Τινὶς
1295 940 1323 971 δὲ
1339 940 1455 980 Χριστὸν
1468 940 1499 970 τὸ
1517 941 1630 978 Πνεῦμα
1646 938 1762 975 ἐνόησαν
1772 951 1780 958 ο

975 989 1024 1018 οὐκ
1041 987 1099 1017 ἔστι
1124 987 1167 1024 δὲ,
1181 986 1260 1027 φησὶ,
1295 988 1372 1015 τοῦτο
1387 997 1394 1004 ·
1413 984 1481 1015 ἀλλὰ
1509 987 1588 1014 τοῦτο
1614 984 1750 1015 δείκνυσιν
1765 986 1784 1013 ὁ

975 1031 1149 1068 Ἀπόστολος,
1174 1031 1213 1061 ὅτι
1237 1033 1251 1061 ὁ
1272 1031 1302 1060 τὸ
1317 1032 1430 1068 Πνεῦμα
1454 1029 1526 1069 ἔχων
1550 1029 1596 1058 καὶ
1621 1029 1700 1058 αὖτὸν
1717 1029 1782 1070 ἔχει

974 1078 1019 1107 τὸν
1048 1076 1187 1117 Χριστόν·
1208 1076 1270 1106 ἔνθα
1297 1075 1348 1116 γὰρ
1377 1074 1425 1113 μία
1451 1074 1597 1108 ὗπόστασις
1621 1076 1668 1110 τῆς
1698 1074 1782 1117 ἁγίας

976 1114 1102 1162 Τριάδος,
1118 1122 1173 1151 ἐκεῖ
1193 1120 1239 1150 καὶ
1262 1121 1289 1150 αἱ
1304 1114 1413 1162 λοιπαί.
1433 1119 1487 1150 Καὶ
1501 1119 1527 1148 τί
1550 1118 1640 1156 ἔσται,
1664 1118 1710 1148 ἐὰν
1765 1120 1784 1148 ὁ

977 1160 1091 1206 Χριστὸς
1104 1167 1130 1195 ἐν
1149 1167 1233 1205 ἡμῖνῖ,
1249 1165 1289 1196 Τὸ
1305 1160 1372 1195 εἶναι
1387 1165 1418 1194 τὸ
1434 1165 1515 1203 σῶμα
1532 1163 1625 1203 νεκρὸν
1635 1186 1643 1199 ,
1660 1163 1696 1196 ὥς
1711 1164 1783 1202 πρὸς

977 1210 1026 1247 τὴν
1041 1210 1185 1250 ἁμαρτίαν.
1203 1210 1244 1240 Τὸ
1266 1210 1293 1240 δὲ
1316 1211 1343 1238 ἕν
1359 1211 1422 1248 ὑμῖν
1436 1209 1461 1228 ⁶⁷
1478 1208 1552 1248 ἅγιον
1570 1209 1685 1246 Πνεῦμα
1700 1207 1758 1244 ζωὴ
1769 1231 1780 1243 ,

978 1255 1128 1293 τουτέστιν,
1152 1257 1181 1285 οὖ
1207 1255 1285 1293 μόνον
1312 1253 1376 1284 αὐτὸ
1397 1256 1428 1293 ζῇ
1442 1253 1480 1290 ⁸⁵⁸,
1509 1253 1577 1282 ἀλλὰ
1605 1253 1650 1283 καὶ
1677 1251 1785 1292 ἑτέροις

979 1303 1055 1330 τοῦτο
1070 1299 1180 1329 δύναται
1190 1299 1216 1319 θθ
1229 1299 1365 1340 παρέχειν·
1379 1313 1390 1326 ει
1407 1297 1487 1328 Ἐστι
1503 1297 1530 1327 δὲ
1545 1297 1602 1334 ζωὴ
1615 1297 1645 1326 τὸ
1660 1298 1782 1335 Πνεῦμα

980 1344 1023 1374 διὰ
1033 1343 1202 1381 δικαιοσύνην
1211 1355 1217 1362 ·
1232 1358 1244 1371 ι
1258 1343 1391 1382 τουτέστι,
1407 1343 1474 1373 διότι
1485 1342 1510 1362 ⁷⁰
1524 1341 1717 1381 ἐδικαιώθημεν
1728 1343 1784 1372 ὑπὸ

979 1392 1026 1418 τοῦ
1043 1390 1114 1420 Θεοῦ
1129 1400 1136 1407 ·
1151 1389 1197 1419 καὶ
1209 1390 1331 1428 τηρεῖται
1347 1389 1372 1418 ἐν
1393 1391 1458 1426 ἡμῖν
1472 1389 1488 1424 ἡ
1500 1387 1654 1423 δικαιοσύνη
1677 1386 1781 1425 ἐκείνη,

980 1434 1039 1470 ἤτοι
1049 1433 1185 1467 δικαίωσις
1197 1445 1203 1452 -
1214 1432 1313 1469 ταύτης
1325 1432 1352 1462 δὲ
1366 1432 1389 1452 ⁷⁸
1404 1431 1581 1472 τηρουμένης,
1595 1431 1715 1471 ἁμαρτία
1729 1433 1780 1461 οὐκ

981 1478 1075 1509 ἔσται·
1093 1477 1225 1518 ἁμαρτίας
1251 1477 1279 1507 δὲ
1306 1477 1344 1517 μὴ
1369 1476 1466 1513 οὔσης,
1492 1476 1551 1506 οὐδὲ
1576 1476 1687 1510 θάνατος
1702 1487 1709 1494 ο
1732 1476 1783 1505 καὶ

945 1513 967 1544 C
981 1523 1072 1553 λοιπὸν
1154 1513 1196 1552 ’τὸ
1217 1526 1290 1562 πᾶν,
1306 1513 1361 1552 ﬁt
1377 1523 1403 1552 ἐν
1419 1523 1456 1561 τῷ
1472 1523 1518 1550 νῦν
1543 1521 1590 1560 μὲν
1608 1521 1696 1557 αἰῶνι,
1715 1519 1785 1550 ὅταν

980 1567 1050 1598 κατὰ
1074 1567 1143 1598 Θεὸν
1159 1569 1246 1606 ζῶμεν
1270 1566 1357 1607 (αὕτη
1379 1566 1430 1606 γὰρ
1452 1565 1547 1605 κυρίως
1567 1564 1639 1602 ζωὴ,
1664 1565 1783 1602 ὁπηνίκα

981 1613 1046 1652 πρὸς
1067 1611 1116 1648 τὴν
1140 1612 1273 1652 ἁμαρτίαν
1298 1611 1378 1650 ἐσμὲν
1402 1610 1526 1651 νεκροὶ),
1548 1609 1638 1640 καὶέν
1654 1611 1693 1651 τῷ
1709 1609 1783 1649 μέλ-

981 1658 1052 1687 λοντι
1072 1657 1099 1687 δὲ
1109 1680 1118 1696 ,
1133 1659 1151 1694 ἡ
1170 1656 1337 1690 ἄκατάλυτος
1350 1655 1416 1692 ζωή.

1027 1757 1041 1776 (‹
1057 1747 1091 1777 Εἰ
1106 1745 1133 1776 δὲ
1152 1746 1182 1776 τὸ
1197 1747 1310 1786 Πνεῦμα
1334 1748 1380 1775 τοῦ
1404 1744 1552 1786 ἐγείραντος
1568 1745 1673 1781 Ἰησοῦν
1689 1745 1721 1774 ἐκ
1737 1756 1784 1775 νε-

982 1792 1052 1831 κρῶν
1065 1793 1132 1821 οἰκεῖ
1145 1792 1171 1821 ἐν
1185 1791 1261 1829 ὑμῖν,
1282 1793 1296 1821 ὁ
1318 1791 1419 1830 ἐγείρας
1442 1790 1486 1820 τὸν
1510 1789 1628 1830 Χριστὸν
1645 1789 1670 1809 ⁷³
1690 1790 1721 1819 ἐκ
1735 1801 1785 1820 νε-

982 1838 1052 1876 κρῶν
1067 1835 1225 1871 ζωοποιήσει
1251 1835 1296 1866 καὶ
1319 1836 1352 1865 τὰ
1379 1834 1460 1872 θνητὰ
1485 1835 1600 1874 σώματα
1625 1835 1716 1872 ὑμῶν,
1735 1835 1783 1864 διὰ

982 1881 1012 1910 τὸ
1029 1881 1144 1910 ἐνοικοῦν
1160 1881 1240 1909 αὐτοῦ
1263 1882 1376 1919 Πνεῦμα
1393 1881 1418 1909 ἐν
1432 1881 1504 1919 ὑμῖν.
1523 1893 1535 1906 ν
1552 1879 1641 1910 Πάλιν
1656 1879 1700 1908 τὸν
1718 1879 1783 1920 περὶ

984 1925 1153 1958 ἀναστάσεως
1173 1924 1240 1954 κινεῖ
1260 1924 1338 1964 λόγον
1351 1946 1359 1961 ,
1382 1924 1426 1954 καί
1453 1936 1547 1964 φησιν,
1574 1923 1615 1953 ὅτι
1639 1923 1686 1959 Μὴ
1705 1925 1783 1964 θορυ-

985 1968 1077 2010 ϐηθῇς,
1094 1967 1136 1998 ὅτι
1149 1968 1239 2010 νεκρὸν
1253 1969 1403 2010 περίκεισαι
1413 1969 1439 1988 ⁷³
1451 1970 1530 2008 σῶμα
1544 1980 1550 1987 ·
1564 1969 1634 2009 ἔχεις
1645 1968 1669 1988 ⁷¹
1681 1969 1732 2008 γὰρ
1749 1970 1782 1999 τὸ

986 2015 1100 2052 Πνεῦμα
1131 2018 1176 2044 τοῦ
1201 2014 1271 2044 Θεοῦ
1297 2016 1342 2044 τοῦ
1368 2014 1516 2054 ἐγείραντος
1541 2013 1585 2043 τὸν
1612 2013 1728 2053 Χριστὸν
1753 2016 1786 2045 ἐκ

986 2060 1085 2099 νεκρῶν
1101 2070 1108 2077 ·
1132 2058 1178 2088 καὶ
1201 2057 1291 2099 ὥσπερ
1315 2059 1414 2088 ἐκεῖνον
1446 2059 1568 2099 ἤγειρεν,
1592 2057 1661 2088 οὕτω
1684 2058 1730 2088 καὶ
1754 2060 1786 2089 σὲ

986 2103 1091 2138 πάντως
1120 2103 1283 2141 ἀναστήσει,
1314 2104 1415 2142 μᾶλλον
1443 2103 1470 2133 δὲ
1496 2103 1666 2139 ζωοποιήσει.
1707 2103 1785 2133 Ἇνα-

128 2150 179 2178 bit.
194 2151 350 2187 Resurgent
363 2151 467 2178 etenim
479 2154 507 2178 et
516 2150 553 2178 illi
565 2150 666 2186 quibus
677 2150 731 2186 57
748 2150 865 2186 Spiritus
877 2152 918 2179 De

1016 2148 1131 2185 ήσονται
1146 2148 1193 2186 μὲν
1209 2147 1261 2188 γὰρ
1275 2150 1300 2178 οἱ
1313 2148 1344 2178 τὸ
1370 2149 1483 2187 Πνεῦμα
1508 2148 1545 2186 μὴ
1566 2147 1686 2188 ἔχοντες,
1712 2148 1784 2178 ἀλλὰ

129 2203 186 2223 non
209 2195 309 2230 fuerit,
326 2194 376 2224 sed
390 2195 425 2223 ad
439 2194 605 2231 supplicium
622 2205 628 2223 :
648 2195 695 2231 qui
713 2203 777 2223 vero
801 2195 930 2232 Spiritum

128 2240 286 2275 habuerint,
313 2241 344 2268 in
359 2239 452 2268 vitam.
478 2241 628 2276 Propterea
644 2247 700 2268 non
726 2239 795 2268 dixit
809 2243 929 2276 Aposto-

127 2284 180 2319 lus,
197 2284 384 2313 Resuscitabit
396 2292 507 2320 corpus,
521 2284 579 2312 sed.
597 2295 610 2309 α
625 2284 792 2319 Viviﬁcabit,
806 2296 818 2309 ι
840 2285 876 2313 ob
891 2285 930 2313 in-

127 2329 299 2357 habitantem
318 2329 348 2357 in
367 2333 394 2357 te
407 2328 551 2365 Spiritum.
574 2330 630 2358 Nec
649 2329 735 2365 dixit,
761 2330 810 2366 qui
822 2329 928 2359 inhabi-

127 2374 203 2408 tavit,
220 2373 279 2407 sed,
297 2385 309 2397 ιι
325 2373 372 2409 qui
388 2373 532 2408 inhabitat,
545 2374 590 2410 qui
605 2373 641 2402 ad
657 2374 741 2403 ﬁnem
755 2382 840 2411 usque
865 2383 926 2411 per-

988 2195 1023 2227 εἰς
1051 2193 1161 2223 κόλασιν
1177 2204 1184 2212 ο
1206 2195 1230 2222 οἱ
1245 2193 1272 2222 δὲ
1295 2195 1341 2222 τοῦ
1363 2192 1538 2232 Πνεύματος,
1564 2194 1601 2226 εἷς
1622 2192 1702 2228 ζωήν.
1731 2193 1785 2223 Διὰ

985 2240 1061 2268 τοῦτο
1087 2238 1133 2268 καὶ
1158 2239 1172 2267 ὃ
1198 2236 1356 2272 Ἀπόστολος
1384 2238 1433 2267 οὐκ
1455 2232 1544 2276 εἶπεν,
1569 2237 1725 2273 Ἀναστήσει
1752 2238 1786 2267 τὸ

984 2284 1082 2321 σῶμα,
1099 2282 1180 2319 ἀλλὰ,
1195 2293 1211 2311 ιι
1231 2281 1416 2321 Ζωοποιήσει,
1434 2294 1449 2310 ιιι
1466 2281 1509 2311 διᾶ
1524 2282 1553 2312 τὸ
1565 2283 1681 2311 ἐνοικοῦν
1698 2282 1724 2311 ἐν
1740 2282 1784 2312 σοὶ

984 2328 1106 2366 Πνεῦμα.
1128 2327 1187 2357 Οὔκ
1202 2321 1273 2363 εἶπε,
1288 2327 1329 2357 Τὸ
1349 2327 1503 2365 ἐνοικῆσαν,
1525 2326 1614 2366 ἀλλὰ,
1633 2340 1646 2353 α
1661 2326 1703 2357 Τὸ
1716 2327 1785 2356 ἐνοι-

981 2375 1042 2401 κοῦν
1053 2394 1061 2410 ,
1076 2386 1089 2398 ιι
1112 2371 1143 2401 τὸ
1159 2371 1222 2412 ἄχρι
1236 2371 1326 2405 τέλους
1345 2371 1514 2412 παραμένον.
1530 2373 1571 2402 Οὐ
1589 2371 1641 2412 γὰρ
1660 2370 1782 2406 ἀνέξεται

125 2422 230 2446 manet.
245 2429 258 2442 ι»
272 2418 335 2446 Non
350 2418 426 2446 enim
438 2418 582 2447 sustinebit
592 2421 679 2456 Deus,
696 2419 743 2447 ubi
757 2419 856 2448 viderit
863 2420 918 2456 Spi-

1016 2415 1094 2453 Θεὸς,
1111 2415 1172 2445 ἰδὼν
1189 2416 1219 2445 τὸ
1240 2417 1351 2454 Πνεῦμα
1365 2417 1444 2445 αὐτοῦ
1465 2418 1491 2446 ἐν
1506 2416 1561 2454 σοὶ,
1575 2416 1615 2456 μὴ
1633 2417 1742 2456 ἀγαγεῖν
1754 2416 1781 2436 ⁷³

124 2463 210 2491 ritum
224 2470 307 2491 suum
321 2462 350 2491 in
363 2466 402 2497 te,
417 2471 475 2491 non
486 2463 661 2493 introducere
674 2468 704 2492 te
720 2464 749 2492 in
770 2463 918 2492 thalamum

1024 2462 1061 2495 εἷς
1081 2461 1126 2491 τὸν
1146 2462 1275 2502 νυμφῶνα
1291 2461 1370 2490 αὖτοῦ
1387 2471 1394 2478 '
1416 2460 1507 2500 ὥσπερ
1531 2460 1576 2490 ἐὰν
1600 2461 1648 2490 οὐκ
1667 2461 1733 2501 ἔχῃς
1750 2461 1782 2490 τὸ

125 2515 206 2536 suum
222 2507 478 2544 :quemadmodum
493 2508 516 2537 si
550 2516 609 2537 non
633 2509 759 2538 habueris
786 2508 918 2545 Spiritum

1016 2508 1107 2544 πεῦμα,
1134 2506 1221 2546 ἀπολῇ
1248 2505 1370 2544 πάντως,
1393 2505 1444 2535 κᾶν
1476 2507 1601 2546 ἀναστῇς.
1630 2504 1779 2546 Νέκρωσον

822 2599 915 2629 Variae
935 2600 1095 2639 lectionem}

159 2675 179 2692 ⁸⁷
202 2675 264 2712 ἡμῖν
289 2685 316 2705 0.
354 2676 376 2694 ⁸⁸
399 2678 444 2713 ζῇν
469 2685 496 2705 ο.
536 2676 558 2694 ⁸ο
571 2676 704 2713 ⁵’δύνασθαι
729 2684 756 2705 ο.
796 2676 819 2694 ⁷ο
843 2677 881 2703 ὅτι
910 2685 935 2705 ο.
975 2675 995 2694 ⁷¹
1018 2675 1066 2712 γὰρ
1080 2684 1108 2705 o.
1144 2676 1166 2694 ⁷²
1180 2675 1270 2712 Κύριον
1295 2684 1322 2705 ο.
1362 2676 1384 2694 ⁷³
1397 2676 1532 2712 περίκειται
1553 2683 1595 2704 m.

1639 2675 1662 2692 τι
1688 2675 1732 2711 ἔχε
1747 2684 1775 2704 ο.

122 2717 144 2734 ⁷⁵
159 2718 312 2753 συναγαγεῖν
327 2726 366 2745 m.
