  <div class='ocr_page' id='page_1' title='image "/cluster/home/n/w/nwhite01/storage/ocr_20150623/124/njp.32101010942728/322.png"; bbox 0 0 1901 3077; ppageno 0'>
   <div class='ocr_carea' id='block_1_1' title="bbox 38 141 79 170">
    <p class='ocr_par' dir='ltr' id='par_1_1' title="bbox 38 141 79 170">
     <span class='ocr_line' id='line_1_1' title="bbox 38 141 79 170; baseline -0.024 0"><span class='ocrx_word' id='word_1_1' title='bbox 38 141 79 170; x_wconf 62' lang='lat' dir='ltr'><strong>Hi</strong></span> 
     </span>
    </p>
   </div>
   <div class='ocr_carea' id='block_1_2' title="bbox 458 139 1217 170">
    <p class='ocr_par' dir='ltr' id='par_1_2' title="bbox 458 139 1217 170">
     <span class='ocr_line' id='line_1_2' title="bbox 458 139 1217 170; baseline 0.001 -2"><span class='ocrx_word' id='word_1_2' title='bbox 458 140 634 169; x_wconf 80' lang='lat' dir='ltr'><strong>EXPOSITIO</strong></span> <span class='ocrx_word' id='word_1_3' title='bbox 653 140 685 169; x_wconf 86' lang='lat' dir='ltr'><strong>IN</strong></span> <span class='ocrx_word' id='word_1_4' title='bbox 706 139 811 168; x_wconf 83' lang='lat' dir='ltr'><strong>EPIST.</strong></span> <span class='ocrx_word' id='word_1_5' title='bbox 830 140 877 168; x_wconf 83' lang='lat' dir='ltr'><strong>AD</strong></span> <span class='ocrx_word' id='word_1_6' title='bbox 896 140 978 169; x_wconf 79' lang='lat' dir='ltr'><strong>ROM.</strong></span> <span class='ocrx_word' id='word_1_7' title='bbox 1001 156 1031 162; x_wconf 88' lang='lat'>—</span> <span class='ocrx_word' id='word_1_8' title='bbox 1052 141 1128 170; x_wconf 77' lang='lat' dir='ltr'><strong>CAP.</strong></span> <span class='ocrx_word' id='word_1_9' title='bbox 1150 142 1217 170; x_wconf 80' lang='lat' dir='ltr'><strong>Vlll.</strong></span> 
     </span>
    </p>
   </div>
   <div class='ocr_carea' id='block_1_3' title="bbox 1628 142 1680 171">
    <p class='ocr_par' dir='ltr' id='par_1_3' title="bbox 1628 142 1680 171">
     <span class='ocr_line' id='line_1_3' title="bbox 1628 142 1680 171; baseline 0 0"><span class='ocrx_word' id='word_1_10' title='bbox 1628 142 1680 171; x_wconf 69' lang='lat' dir='ltr'><strong>H2</strong></span> 
     </span>
    </p>
   </div>
   <div class='ocr_carea' id='block_1_4' title="bbox 37 201 825 244">
    <p class='ocr_par' dir='ltr' id='par_1_4' title="bbox 37 201 823 244">
     <span class='ocr_line' id='line_1_4' title="bbox 37 201 823 244; baseline -0.001 -10"><span class='ocrx_word' id='word_1_11' title='bbox 37 204 113 234; x_wconf 73' lang='grc' dir='ltr'>τοίνυν</span> <span class='ocrx_word' id='word_1_12' title='bbox 127 203 156 233; x_wconf 76' lang='grc' dir='ltr'><strong>τὸ</strong></span> <span class='ocrx_word' id='word_1_13' title='bbox 169 204 264 242; x_wconf 78' lang='grc' dir='ltr'>σῶμα,</span> <span class='ocrx_word' id='word_1_14' title='bbox 280 201 325 232; x_wconf 73' lang='grc' dir='ltr'><strong>ἵνα</strong></span> <span class='ocrx_word' id='word_1_15' title='bbox 348 204 409 243; x_wconf 78' lang='grc' dir='ltr'>οἰκῇ</span> <span class='ocrx_word' id='word_1_16' title='bbox 434 202 464 233; x_wconf 70' lang='grc' dir='ltr'>τὸ</span> <span class='ocrx_word' id='word_1_17' title='bbox 480 204 595 242; x_wconf 83' lang='grc' dir='ltr'>Πνεῦμα</span> <span class='ocrx_word' id='word_1_18' title='bbox 611 204 638 233; x_wconf 72' lang='grc' dir='ltr'>ἄν</span> <span class='ocrx_word' id='word_1_19' title='bbox 655 202 712 244; x_wconf 73' lang='grc' dir='ltr'>σοὶ,</span> <span class='ocrx_word' id='word_1_20' title='bbox 728 203 774 233; x_wconf 79' lang='grc' dir='ltr'>καὶ</span> <span class='ocrx_word' id='word_1_21' title='bbox 789 203 823 233; x_wconf 87' lang='grc' dir='ltr'>δι’</span> 
     </span>
    </p>
   </div>
   <div class='ocr_carea' id='block_1_5' title="bbox 900 201 1677 244">
    <p class='ocr_par' dir='ltr' id='par_1_5' title="bbox 900 204 1677 241">
     <span class='ocr_line' id='line_1_5' title="bbox 900 204 1677 241; baseline 0.005 -10"><span class='ocrx_word' id='word_1_22' title='bbox 900 205 943 238; x_wconf 70' lang='lat' dir='ltr'><strong>Dei,</strong></span> <span class='ocrx_word' id='word_1_23' title='bbox 970 212 1064 240; x_wconf 86' lang='lat' dir='ltr'><strong>pereas</strong></span> <span class='ocrx_word' id='word_1_24' title='bbox 1089 212 1233 234; x_wconf 84' lang='lat' dir='ltr'><strong>necessum</strong></span> <span class='ocrx_word' id='word_1_25' title='bbox 1259 204 1288 233; x_wconf 88' lang='lat' dir='ltr'><strong>in</strong></span> <span class='ocrx_word' id='word_1_26' title='bbox 1315 204 1516 241; x_wconf 86' lang='lat' dir='ltr'><strong>sempiternum</strong></span> <span class='ocrx_word' id='word_1_27' title='bbox 1539 205 1625 235; x_wconf 82' lang='lat' dir='ltr'><strong>etiam</strong></span> <span class='ocrx_word' id='word_1_28' title='bbox 1654 206 1677 235; x_wconf 96' lang='lat' dir='ltr'><strong>si</strong></span> 
     </span>
    </p>
   </div>
   <div class='ocr_carea' id='block_1_6' title="bbox 39 247 343 289">
    <p class='ocr_par' dir='ltr' id='par_1_6' title="bbox 39 247 343 289">
     <span class='ocr_line' id='line_1_6' title="bbox 39 247 343 289; baseline -0.007 -11"><span class='ocrx_word' id='word_1_29' title='bbox 39 247 97 279; x_wconf 80' lang='grc' dir='ltr'>αὐτὸ</span> <span class='ocrx_word' id='word_1_30' title='bbox 191 259 232 278; x_wconf 90' lang='grc' dir='ltr'><strong>σοι</strong></span> <span class='ocrx_word' id='word_1_31' title='bbox 245 250 261 284; x_wconf 85' lang='grc' dir='ltr'>ἠ</span> <span class='ocrx_word' id='word_1_32' title='bbox 277 247 343 284; x_wconf 83' lang='grc' dir='ltr'>ζωή.</span> 
     </span>
    </p>
   </div>
   <div class='ocr_carea' id='block_1_7' title="bbox 72 377 822 423">
    <p class='ocr_par' dir='ltr' id='par_1_7' title="bbox 72 377 822 423">
     <span class='ocr_line' id='line_1_7' title="bbox 72 377 822 423; baseline 0.004 -13"><span class='ocrx_word' id='word_1_33' title='bbox 72 397 83 409; x_wconf 80' lang='grc' dir='ltr'><strong>ι</strong></span> <span class='ocrx_word' id='word_1_34' title='bbox 111 382 176 423; x_wconf 82' lang='grc' dir='ltr'>Ἄρα</span> <span class='ocrx_word' id='word_1_35' title='bbox 203 377 264 419; x_wconf 62' lang='grc' dir='ltr'>οὖν,</span> <span class='ocrx_word' id='word_1_36' title='bbox 293 383 414 423; x_wconf 77' lang='grc' dir='ltr'>ἀδελφοὶ,</span> <span class='ocrx_word' id='word_1_37' title='bbox 437 382 572 423; x_wconf 78' lang='grc' dir='ltr'>ὀφειλέται</span> <span class='ocrx_word' id='word_1_38' title='bbox 605 381 703 422; x_wconf 81' lang='grc' dir='ltr'>ἐσμὲν,</span> <span class='ocrx_word' id='word_1_39' title='bbox 732 384 762 413; x_wconf 86' lang='grc' dir='ltr'>οὖ</span> 
     </span>
    </p>
   </div>
   <div class='ocr_carea' id='block_1_8' title="bbox 37 426 824 468">
    <p class='ocr_par' dir='ltr' id='par_1_8' title="bbox 37 426 824 468">
     <span class='ocr_line' id='line_1_8' title="bbox 37 426 824 468; baseline 0.001 -11"><span class='ocrx_word' id='word_1_40' title='bbox 37 427 120 467; x_wconf 73' lang='grc' dir='ltr'>σαρκὶ,</span> <span class='ocrx_word' id='word_1_41' title='bbox 143 429 189 457; x_wconf 81' lang='grc' dir='ltr'><strong>τοῦ</strong></span> <span class='ocrx_word' id='word_1_42' title='bbox 205 426 275 457; x_wconf 80' lang='grc' dir='ltr'>κατὰ</span> <span class='ocrx_word' id='word_1_43' title='bbox 298 427 386 468; x_wconf 80' lang='grc' dir='ltr'>σάρκα</span> <span class='ocrx_word' id='word_1_44' title='bbox 412 430 469 468; x_wconf 77' lang='grc' dir='ltr'>ζῇν.</span> <span class='ocrx_word' id='word_1_45' title='bbox 489 442 501 455; x_wconf 76' lang='grc' dir='ltr'><strong>ι</strong></span> <span class='ocrx_word' id='word_1_46' title='bbox 523 427 631 463; x_wconf 79' lang='grc' dir='ltr'>Δείξας,</span> <span class='ocrx_word' id='word_1_47' title='bbox 649 427 710 457; x_wconf 74' lang='grc' dir='ltr'>ὅσον</span> <span class='ocrx_word' id='word_1_48' title='bbox 726 428 824 468; x_wconf 64' lang='grc' dir='ltr'>ὠφελεῖ</span> 
     </span>
    </p>
   </div>
   <div class='ocr_carea' id='block_1_9' title="bbox 37 471 822 512">
    <p class='ocr_par' dir='ltr' id='par_1_9' title="bbox 37 471 822 512">
     <span class='ocr_line' id='line_1_9' title="bbox 37 471 822 512; baseline 0.001 -11"><span class='ocrx_word' id='word_1_49' title='bbox 37 471 232 510; x_wconf 76' lang='grc' dir='ltr'>ὁπνευματικὸς</span> <span class='ocrx_word' id='word_1_50' title='bbox 253 471 324 512; x_wconf 84' lang='grc' dir='ltr'>βίος,</span> <span class='ocrx_word' id='word_1_51' title='bbox 346 472 386 502; x_wconf 80' lang='grc' dir='ltr'><strong>ὅτι</strong></span> <span class='ocrx_word' id='word_1_52' title='bbox 407 472 524 512; x_wconf 81' lang='grc' dir='ltr'>Χριστὸν</span> <span class='ocrx_word' id='word_1_53' title='bbox 550 473 649 502; x_wconf 79' lang='grc' dir='ltr'>ἔνοικον</span> <span class='ocrx_word' id='word_1_54' title='bbox 673 473 761 511; x_wconf 83' lang='grc' dir='ltr'>ποιεῖ,</span> <span class='ocrx_word' id='word_1_55' title='bbox 777 473 822 502; x_wconf 76' lang='grc' dir='ltr'><strong>καὶ</strong></span> 
     </span>
    </p>
   </div>
   <div class='ocr_carea' id='block_1_10' title="bbox 38 516 821 557">
    <p class='ocr_par' dir='ltr' id='par_1_10' title="bbox 38 516 821 557">
     <span class='ocr_line' id='line_1_10' title="bbox 38 516 821 557; baseline 0.001 -11"><span class='ocrx_word' id='word_1_56' title='bbox 38 518 150 550; x_wconf 80' lang='grc' dir='ltr'>ζωοποιεῖ</span> <span class='ocrx_word' id='word_1_57' title='bbox 168 516 204 546; x_wconf 76' lang='grc' dir='ltr'><strong>τὰ</strong></span> <span class='ocrx_word' id='word_1_58' title='bbox 229 517 311 553; x_wconf 70' lang='grc' dir='ltr'>θνητὰ</span> <span class='ocrx_word' id='word_1_59' title='bbox 331 516 459 556; x_wconf 86' lang='grc' dir='ltr'>σώματα,</span> <span class='ocrx_word' id='word_1_60' title='bbox 480 517 572 546; x_wconf 83' lang='grc' dir='ltr'>λοιπὸν</span> <span class='ocrx_word' id='word_1_61' title='bbox 596 516 644 553; x_wconf 82' lang='grc' dir='ltr'><strong>τὴν</strong></span> <span class='ocrx_word' id='word_1_62' title='bbox 666 517 821 557; x_wconf 75' lang='grc' dir='ltr'>παραίνεσιν</span> 
     </span>
    </p>
   </div>
   <div class='ocr_carea' id='block_1_11' title="bbox 37 560 820 602">
    <p class='ocr_par' dir='ltr' id='par_1_11' title="bbox 37 560 820 602">
     <span class='ocr_line' id='line_1_11' title="bbox 37 560 820 602; baseline 0.003 -12"><span class='ocrx_word' id='word_1_63' title='bbox 37 562 140 600; x_wconf 74' lang='grc' dir='ltr'>εἰσάγει,</span> <span class='ocrx_word' id='word_1_64' title='bbox 163 560 210 590; x_wconf 73' lang='grc' dir='ltr'>καὶ</span> <span class='ocrx_word' id='word_1_65' title='bbox 233 560 383 599; x_wconf 76' lang='grc' dir='ltr'>δείκνυσιν,</span> <span class='ocrx_word' id='word_1_66' title='bbox 407 561 448 592; x_wconf 72' lang='grc' dir='ltr'><strong>ὅτι</strong></span> <span class='ocrx_word' id='word_1_67' title='bbox 468 563 515 591; x_wconf 75' lang='grc' dir='ltr'><strong>οὐκ</strong></span> <span class='ocrx_word' id='word_1_68' title='bbox 536 561 616 598; x_wconf 80' lang='grc' dir='ltr'>ἐσμὲν</span> <span class='ocrx_word' id='word_1_69' title='bbox 639 563 772 602; x_wconf 74' lang='grc' dir='ltr'>ὀφειλέται</span> <span class='ocrx_word' id='word_1_70' title='bbox 788 564 820 601; x_wconf 79' lang='grc' dir='ltr'><strong>τῇ</strong></span> 
     </span>
    </p>
   </div>
   <div class='ocr_carea' id='block_1_12' title="bbox 39 605 819 646">
    <p class='ocr_par' dir='ltr' id='par_1_12' title="bbox 39 605 819 646">
     <span class='ocr_line' id='line_1_12' title="bbox 39 605 819 646; baseline 0.004 -12"><span class='ocrx_word' id='word_1_71' title='bbox 39 606 124 645; x_wconf 77' lang='grc' dir='ltr'>σαρκὶ,</span> <span class='ocrx_word' id='word_1_72' title='bbox 137 605 208 635; x_wconf 79' lang='grc' dir='ltr'>ἀλλὰ</span> <span class='ocrx_word' id='word_1_73' title='bbox 223 608 261 646; x_wconf 85' lang='grc' dir='ltr'><strong>τῷ</strong></span> <span class='ocrx_word' id='word_1_74' title='bbox 277 606 418 645; x_wconf 82' lang='grc' dir='ltr'>Πνεύματι</span> <span class='ocrx_word' id='word_1_75' title='bbox 433 606 563 642; x_wconf 82' lang='grc' dir='ltr'>δηλονότι.</span> <span class='ocrx_word' id='word_1_76' title='bbox 582 607 627 637; x_wconf 83' lang='grc' dir='ltr'><strong>Τὰ</strong></span> <span class='ocrx_word' id='word_1_77' title='bbox 646 606 694 645; x_wconf 84' lang='grc' dir='ltr'>μὲν</span> <span class='ocrx_word' id='word_1_78' title='bbox 709 607 761 646; x_wconf 77' lang='grc' dir='ltr'><strong>γὰρ</strong></span> <span class='ocrx_word' id='word_1_79' title='bbox 775 612 819 638; x_wconf 78' lang='grc' dir='ltr'><strong>τοῦ</strong></span> 
     </span>
    </p>
   </div>
   <div class='ocr_carea' id='block_1_13' title="bbox 36 650 818 692">
    <p class='ocr_par' dir='ltr' id='par_1_13' title="bbox 36 650 818 692">
     <span class='ocr_line' id='line_1_13' title="bbox 36 650 818 692; baseline 0.003 -13"><span class='ocrx_word' id='word_1_80' title='bbox 36 651 97 681; x_wconf 82' lang='grc' dir='ltr'>Θεοῦ</span> <span class='ocrx_word' id='word_1_81' title='bbox 120 651 155 683; x_wconf 82' lang='grc' dir='ltr'>εἷς</span> <span class='ocrx_word' id='word_1_82' title='bbox 176 653 249 689; x_wconf 76' lang='grc' dir='ltr'>ἡμᾶς</span> <span class='ocrx_word' id='word_1_83' title='bbox 271 651 361 690; x_wconf 77' lang='grc' dir='ltr'>χάριτι</span> <span class='ocrx_word' id='word_1_84' title='bbox 372 651 463 690; x_wconf 78' lang='grc' dir='ltr'>γέγονε</span> <span class='ocrx_word' id='word_1_85' title='bbox 481 663 488 669; x_wconf 70' lang='grc' dir='ltr'><strong>ο</strong></span> <span class='ocrx_word' id='word_1_86' title='bbox 503 650 537 681; x_wconf 76' lang='grc' dir='ltr'><strong>τὰ</strong></span> <span class='ocrx_word' id='word_1_87' title='bbox 550 651 577 680; x_wconf 80' lang='grc' dir='ltr'><em>δὲ</em></span> <span class='ocrx_word' id='word_1_88' title='bbox 593 652 711 691; x_wconf 79' lang='grc' dir='ltr'>ἡμέτερα</span> <span class='ocrx_word' id='word_1_89' title='bbox 725 652 818 692; x_wconf 80' lang='grc' dir='ltr'>ὀφειλή</span> 
     </span>
    </p>
   </div>
   <div class='ocr_carea' id='block_1_14' title="bbox 36 694 818 736">
    <p class='ocr_par' dir='ltr' id='par_1_14' title="bbox 36 694 818 736">
     <span class='ocr_line' id='line_1_14' title="bbox 36 694 818 736; baseline 0.003 -12"><span class='ocrx_word' id='word_1_90' title='bbox 36 697 79 725; x_wconf 82' lang='grc' dir='ltr'>εἶσι</span> <span class='ocrx_word' id='word_1_91' title='bbox 91 694 135 736; x_wconf 63' lang='grc' dir='ltr'>καὶ</span> <span class='ocrx_word' id='word_1_92' title='bbox 151 695 341 735; x_wconf 71' lang='grc' dir='ltr'><strong>ἀπαραιτήτως</strong></span> <span class='ocrx_word' id='word_1_93' title='bbox 366 696 562 735; x_wconf 76' lang='grc' dir='ltr'>ἆπαιτούμενα.</span> <span class='ocrx_word' id='word_1_94' title='bbox 586 695 761 736; x_wconf 80' lang='grc' dir='ltr'>Ἑρμηνιύων</span> <span class='ocrx_word' id='word_1_95' title='bbox 776 697 818 735; x_wconf 76' lang='grc' dir='ltr'>δὲ,</span> 
     </span>
    </p>
   </div>
   <div class='ocr_carea' id='block_1_15' title="bbox 35 735 819 781">
    <p class='ocr_par' dir='ltr' id='par_1_15' title="bbox 35 735 819 781">
     <span class='ocr_line' id='line_1_15' title="bbox 35 735 819 781; baseline 0.003 -12"><span class='ocrx_word' id='word_1_96' title='bbox 35 742 83 773; x_wconf 75' lang='grc' dir='ltr'><strong>πῶς</strong></span> <span class='ocrx_word' id='word_1_97' title='bbox 94 735 148 769; x_wconf 76' lang='grc' dir='ltr'>εἶπε</span> <span class='ocrx_word' id='word_1_98' title='bbox 159 762 170 777; x_wconf 81' lang='grc'><strong>,</strong></span> <span class='ocrx_word' id='word_1_99' title='bbox 195 754 208 766; x_wconf 81' lang='grc' dir='ltr'>ι</span> <span class='ocrx_word' id='word_1_100' title='bbox 280 740 378 780; x_wconf 78' lang='grc' dir='ltr'>σαρκὶ,</span> <span class='ocrx_word' id='word_1_101' title='bbox 396 753 408 766; x_wconf 75' lang='grc' dir='ltr'><strong>ν</strong></span> <span class='ocrx_word' id='word_1_102' title='bbox 430 739 473 769; x_wconf 74' lang='grc' dir='ltr'><strong>ἵνα</strong></span> <span class='ocrx_word' id='word_1_103' title='bbox 496 740 534 780; x_wconf 87' lang='grc' dir='ltr'><strong>μὴ</strong></span> <span class='ocrx_word' id='word_1_104' title='bbox 551 742 587 775; x_wconf 82' lang='grc' dir='ltr'><strong>εἰς</strong></span> <span class='ocrx_word' id='word_1_105' title='bbox 599 740 647 777; x_wconf 76' lang='grc' dir='ltr'><strong>τὴν</strong></span> <span class='ocrx_word' id='word_1_106' title='bbox 661 743 708 776; x_wconf 78' lang='grc' dir='ltr'><strong>τῆς</strong></span> <span class='ocrx_word' id='word_1_107' title='bbox 723 742 819 780; x_wconf 80' lang='grc' dir='ltr'>σαρκὸς</span> 
     </span>
    </p>
   </div>
   <div class='ocr_carea' id='block_1_16' title="bbox 35 784 817 826">
    <p class='ocr_par' dir='ltr' id='par_1_16' title="bbox 35 784 817 826">
     <span class='ocr_line' id='line_1_16' title="bbox 35 784 817 826; baseline 0.003 -13"><span class='ocrx_word' id='word_1_108' title='bbox 35 787 102 814; x_wconf 81' lang='grc' dir='ltr'>τοῦτο</span> <span class='ocrx_word' id='word_1_109' title='bbox 127 784 213 824; x_wconf 74' lang='grc' dir='ltr'>λάϐῃς</span> <span class='ocrx_word' id='word_1_110' title='bbox 243 785 335 825; x_wconf 78' lang='grc' dir='ltr'>φύσιν,</span> <span class='ocrx_word' id='word_1_111' title='bbox 367 785 485 824; x_wconf 75' lang='grc' dir='ltr'>ἐπήγαγε</span> <span class='ocrx_word' id='word_1_112' title='bbox 510 785 554 822; x_wconf 81' lang='grc' dir='ltr'><strong>τὸ,</strong></span> <span class='ocrx_word' id='word_1_113' title='bbox 586 799 598 811; x_wconf 81' lang='grc' dir='ltr'>ι</span> <span class='ocrx_word' id='word_1_114' title='bbox 622 785 701 816; x_wconf 81' lang='grc' dir='ltr'>Κατὰ</span> <span class='ocrx_word' id='word_1_115' title='bbox 731 786 817 826; x_wconf 72' lang='grc' dir='ltr'>σάρκα</span> 
     </span>
    </p>
   </div>
   <div class='ocr_carea' id='block_1_17' title="bbox 35 828 815 871">
    <p class='ocr_par' dir='ltr' id='par_1_17' title="bbox 35 828 815 871">
     <span class='ocr_line' id='line_1_17' title="bbox 35 828 815 871; baseline 0.003 -13"><span class='ocrx_word' id='word_1_116' title='bbox 35 831 84 868; x_wconf 75' lang='grc' dir='ltr'>ζῇν.</span> <span class='ocrx_word' id='word_1_117' title='bbox 101 842 113 855; x_wconf 76' lang='grc' dir='ltr'><strong>ι</strong></span> <span class='ocrx_word' id='word_1_118' title='bbox 129 830 170 860; x_wconf 78' lang='grc' dir='ltr'><strong>Οὔ</strong></span> <span class='ocrx_word' id='word_1_119' title='bbox 184 829 236 869; x_wconf 77' lang='grc' dir='ltr'><strong>γὰρ</strong></span> <span class='ocrx_word' id='word_1_120' title='bbox 251 828 300 865; x_wconf 86' lang='grc' dir='ltr'><strong>τὴν</strong></span> <span class='ocrx_word' id='word_1_121' title='bbox 316 828 382 868; x_wconf 78' lang='grc' dir='ltr'>ὑπὲρ</span> <span class='ocrx_word' id='word_1_122' title='bbox 403 832 450 864; x_wconf 79' lang='grc' dir='ltr'><strong>τῆς</strong></span> <span class='ocrx_word' id='word_1_123' title='bbox 465 830 562 869; x_wconf 80' lang='grc' dir='ltr'>σαρκὸς</span> <span class='ocrx_word' id='word_1_124' title='bbox 580 831 680 870; x_wconf 79' lang='grc' dir='ltr'>ἀναιρῶ</span> <span class='ocrx_word' id='word_1_125' title='bbox 696 831 721 850; x_wconf 81' lang='grc'><strong>⁷⁸</strong></span> <span class='ocrx_word' id='word_1_126' title='bbox 735 843 815 871; x_wconf 76' lang='grc' dir='ltr'>φρον-</span> 
     </span>
    </p>
   </div>
   <div class='ocr_carea' id='block_1_18' title="bbox 36 873 817 916">
    <p class='ocr_par' dir='ltr' id='par_1_18' title="bbox 36 873 817 916">
     <span class='ocr_line' id='line_1_18' title="bbox 36 873 817 916; baseline 0.003 -14"><span class='ocrx_word' id='word_1_127' title='bbox 36 873 85 902; x_wconf 77' lang='grc' dir='ltr'>τίδα</span> <span class='ocrx_word' id='word_1_128' title='bbox 107 873 166 912; x_wconf 87' lang='grc' dir='ltr'>(καὶ</span> <span class='ocrx_word' id='word_1_129' title='bbox 188 873 241 914; x_wconf 79' lang='grc' dir='ltr'><strong>γὰρ</strong></span> <span class='ocrx_word' id='word_1_130' title='bbox 266 873 353 903; x_wconf 87' lang='grc' dir='ltr'>πολλὰ</span> <span class='ocrx_word' id='word_1_131' title='bbox 381 874 449 913; x_wconf 78' lang='grc' dir='ltr'>αὐτῇ</span> <span class='ocrx_word' id='word_1_132' title='bbox 475 874 634 913; x_wconf 72' lang='grc' dir='ltr'>ὀφείλομεν,</span> <span class='ocrx_word' id='word_1_133' title='bbox 662 875 692 904; x_wconf 72' lang='grc' dir='ltr'>τὸ</span> <span class='ocrx_word' id='word_1_134' title='bbox 714 875 817 916; x_wconf 75' lang='grc' dir='ltr'>τρέφειν</span> 
     </span>
    </p>
   </div>
   <div class='ocr_carea' id='block_1_19' title="bbox 36 917 818 958">
    <p class='ocr_par' dir='ltr' id='par_1_19' title="bbox 36 917 818 958">
     <span class='ocr_line' id='line_1_19' title="bbox 36 917 818 958; baseline 0.004 -12"><span class='ocrx_word' id='word_1_135' title='bbox 36 918 121 956; x_wconf 69' lang='grc' dir='ltr'>αὐτὴν,</span> <span class='ocrx_word' id='word_1_136' title='bbox 137 917 167 947; x_wconf 74' lang='grc' dir='ltr'><strong>τὸ</strong></span> <span class='ocrx_word' id='word_1_137' title='bbox 191 917 335 958; x_wconf 79' lang='grc' dir='ltr'>θάλπειν),</span> <span class='ocrx_word' id='word_1_138' title='bbox 364 917 434 948; x_wconf 74' lang='grc' dir='ltr'>ἀλλὰ</span> <span class='ocrx_word' id='word_1_139' title='bbox 461 917 507 954; x_wconf 74' lang='grc' dir='ltr'>τὴν</span> <span class='ocrx_word' id='word_1_140' title='bbox 534 919 650 956; x_wconf 78' lang='grc' dir='ltr'>σπουδὴν</span> <span class='ocrx_word' id='word_1_141' title='bbox 665 920 690 939; x_wconf 91' lang='grc'><strong>⁷⁷</strong></span> <span class='ocrx_word' id='word_1_142' title='bbox 712 920 754 949; x_wconf 74' lang='grc' dir='ltr'>ἐπὶ</span> <span class='ocrx_word' id='word_1_143' title='bbox 770 920 818 955; x_wconf 79' lang='grc' dir='ltr'><strong>τὴν</strong></span> 
     </span>
    </p>
   </div>
   <div class='ocr_carea' id='block_1_20' title="bbox 35 962 819 1004">
    <p class='ocr_par' dir='ltr' id='par_1_20' title="bbox 35 962 819 1004">
     <span class='ocr_line' id='line_1_20' title="bbox 35 962 819 1004; baseline 0.004 -13"><span class='ocrx_word' id='word_1_144' title='bbox 35 962 156 1002; x_wconf 74' lang='grc' dir='ltr'>ἁμαρτίαν</span> <span class='ocrx_word' id='word_1_145' title='bbox 184 962 314 1002; x_wconf 75' lang='grc' dir='ltr'><strong>ἄγουσαν.</strong></span> <span class='ocrx_word' id='word_1_146' title='bbox 343 962 422 993; x_wconf 78' lang='grc' dir='ltr'>Κατὰ</span> <span class='ocrx_word' id='word_1_147' title='bbox 452 963 538 1003; x_wconf 81' lang='grc' dir='ltr'>σάρκα</span> <span class='ocrx_word' id='word_1_148' title='bbox 562 964 614 1004; x_wconf 79' lang='grc' dir='ltr'><strong>γὰρ</strong></span> <span class='ocrx_word' id='word_1_149' title='bbox 697 965 711 993; x_wconf 81' lang='grc'>6</span> <span class='ocrx_word' id='word_1_150' title='bbox 737 966 819 994; x_wconf 79' lang='grc' dir='ltr'>ποιῶν</span> 
     </span>
    </p>
   </div>
   <div class='ocr_carea' id='block_1_21' title="bbox 35 1006 817 1049">
    <p class='ocr_par' dir='ltr' id='par_1_21' title="bbox 35 1006 817 1049">
     <span class='ocr_line' id='line_1_21' title="bbox 35 1006 817 1049; baseline 0.006 -15"><span class='ocrx_word' id='word_1_151' title='bbox 35 1006 75 1042; x_wconf 80' lang='grc' dir='ltr'><strong>τὴν</strong></span> <span class='ocrx_word' id='word_1_152' title='bbox 89 1007 171 1047; x_wconf 80' lang='grc' dir='ltr'>σάρκα</span> <span class='ocrx_word' id='word_1_153' title='bbox 193 1007 289 1047; x_wconf 81' lang='grc' dir='ltr'>κυρίαν</span> <span class='ocrx_word' id='word_1_154' title='bbox 312 1009 360 1044; x_wconf 80' lang='grc' dir='ltr'><strong>τῆς</strong></span> <span class='ocrx_word' id='word_1_155' title='bbox 386 1008 455 1044; x_wconf 81' lang='grc' dir='ltr'>ζωῆς</span> <span class='ocrx_word' id='word_1_156' title='bbox 476 1009 524 1044; x_wconf 78' lang='grc' dir='ltr'><strong>τῆς</strong></span> <span class='ocrx_word' id='word_1_157' title='bbox 545 1007 692 1049; x_wconf 73' lang='grc' dir='ltr'>ἡμετέρας,</span> <span class='ocrx_word' id='word_1_158' title='bbox 714 1009 759 1038; x_wconf 81' lang='grc' dir='ltr'><strong>καὶ</strong></span> <span class='ocrx_word' id='word_1_159' title='bbox 774 1009 817 1039; x_wconf 83' lang='grc' dir='ltr'><strong>δί-</strong></span> 
     </span>
    </p>
   </div>
   <div class='ocr_carea' id='block_1_22' title="bbox 36 1053 304 1092">
    <p class='ocr_par' dir='ltr' id='par_1_22' title="bbox 36 1053 304 1092">
     <span class='ocr_line' id='line_1_22' title="bbox 36 1053 304 1092; baseline 0.011 -12"><span class='ocrx_word' id='word_1_160' title='bbox 36 1062 132 1081; x_wconf 80' lang='grc' dir='ltr'>σποιναν</span> <span class='ocrx_word' id='word_1_161' title='bbox 146 1054 193 1089; x_wconf 62' lang='grc' dir='ltr'>ἧς</span> <span class='ocrx_word' id='word_1_162' title='bbox 207 1053 304 1092; x_wconf 59' lang='grc' dir='ltr'>ψυχῆς.</span> 
     </span>
    </p>
   </div>
   <div class='ocr_carea' id='block_1_23' title="bbox 72 1186 820 1227">
    <p class='ocr_par' dir='ltr' id='par_1_23' title="bbox 72 1186 820 1227">
     <span class='ocr_line' id='line_1_23' title="bbox 72 1186 820 1227; baseline 0.003 -11"><span class='ocrx_word' id='word_1_163' title='bbox 72 1200 83 1213; x_wconf 81' lang='grc' dir='ltr'><strong>ι</strong></span> <span class='ocrx_word' id='word_1_164' title='bbox 101 1187 133 1216; x_wconf 77' lang='grc' dir='ltr'>Εἰ</span> <span class='ocrx_word' id='word_1_165' title='bbox 145 1186 197 1227; x_wconf 74' lang='grc' dir='ltr'><strong>γὰρ</strong></span> <span class='ocrx_word' id='word_1_166' title='bbox 217 1186 289 1217; x_wconf 79' lang='grc' dir='ltr'>κατᾶ</span> <span class='ocrx_word' id='word_1_167' title='bbox 313 1187 400 1227; x_wconf 74' lang='grc' dir='ltr'>σάρκα</span> <span class='ocrx_word' id='word_1_168' title='bbox 420 1188 502 1224; x_wconf 84' lang='grc' dir='ltr'>ζ’ἧτε,</span> <span class='ocrx_word' id='word_1_169' title='bbox 529 1187 640 1226; x_wconf 75' lang='grc' dir='ltr'>μέλλετε</span> <span class='ocrx_word' id='word_1_170' title='bbox 651 1187 677 1206; x_wconf 79' lang='grc'><strong>⁷⁸</strong></span> <span class='ocrx_word' id='word_1_171' title='bbox 699 1189 820 1226; x_wconf 76' lang='grc' dir='ltr'>ἀποθνή-</span> 
     </span>
    </p>
   </div>
   <div class='ocr_carea' id='block_1_24' title="bbox 35 1231 819 1272">
    <p class='ocr_par' dir='ltr' id='par_1_24' title="bbox 35 1231 819 1272">
     <span class='ocr_line' id='line_1_24' title="bbox 35 1231 819 1272; baseline 0.005 -12"><span class='ocrx_word' id='word_1_172' title='bbox 35 1243 97 1261; x_wconf 82' lang='grc' dir='ltr'>σκειν</span> <span class='ocrx_word' id='word_1_173' title='bbox 113 1243 119 1250; x_wconf 94' lang='grc'><strong>·</strong></span> <span class='ocrx_word' id='word_1_174' title='bbox 145 1233 168 1261; x_wconf 79' lang='grc' dir='ltr'>εἰ</span> <span class='ocrx_word' id='word_1_175' title='bbox 192 1231 220 1261; x_wconf 78' lang='grc' dir='ltr'><strong>δὲ</strong></span> <span class='ocrx_word' id='word_1_176' title='bbox 254 1232 392 1271; x_wconf 79' lang='grc' dir='ltr'>Πνεύματι</span> <span class='ocrx_word' id='word_1_177' title='bbox 419 1232 466 1265; x_wconf 79' lang='grc' dir='ltr'><strong>τὰς</strong></span> <span class='ocrx_word' id='word_1_178' title='bbox 495 1232 602 1272; x_wconf 75' lang='grc' dir='ltr'>πράξεις</span> <span class='ocrx_word' id='word_1_179' title='bbox 626 1235 672 1263; x_wconf 85' lang='grc' dir='ltr'><strong>τοῦ</strong></span> <span class='ocrx_word' id='word_1_180' title='bbox 696 1233 819 1272; x_wconf 82' lang='grc' dir='ltr'>σώματος</span> 
     </span>
    </p>
   </div>
   <div class='ocr_carea' id='block_1_25' title="bbox 35 1277 818 1317">
    <p class='ocr_par' dir='ltr' id='par_1_25' title="bbox 35 1277 818 1317">
     <span class='ocr_line' id='line_1_25' title="bbox 35 1277 818 1317; baseline 0.004 -12"><span class='ocrx_word' id='word_1_181' title='bbox 35 1278 179 1313; x_wconf 76' lang='grc' dir='ltr'>θανατοῦτε,</span> <span class='ocrx_word' id='word_1_182' title='bbox 203 1277 328 1313; x_wconf 77' lang='grc' dir='ltr'>ζήσεσθε.</span> <span class='ocrx_word' id='word_1_183' title='bbox 353 1288 368 1306; x_wconf 76' lang='lat' dir='ltr'><strong>n</strong></span> <span class='ocrx_word' id='word_1_184' title='bbox 387 1277 511 1308; x_wconf 80' lang='grc' dir='ltr'>Θάνατον</span> <span class='ocrx_word' id='word_1_185' title='bbox 537 1277 608 1317; x_wconf 80' lang='grc' dir='ltr'><strong>λέγει</strong></span> <span class='ocrx_word' id='word_1_186' title='bbox 636 1278 684 1316; x_wconf 82' lang='grc' dir='ltr'>μὲν</span> <span class='ocrx_word' id='word_1_187' title='bbox 700 1278 746 1308; x_wconf 79' lang='grc' dir='ltr'><strong>καὶ</strong></span> <span class='ocrx_word' id='word_1_188' title='bbox 770 1279 818 1315; x_wconf 79' lang='grc' dir='ltr'><strong>τὴν</strong></span> 
     </span>
    </p>
   </div>
   <div class='ocr_carea' id='block_1_26' title="bbox 35 1321 818 1360">
    <p class='ocr_par' dir='ltr' id='par_1_26' title="bbox 35 1321 818 1360">
     <span class='ocr_line' id='line_1_26' title="bbox 35 1321 818 1360; baseline 0.004 -11"><span class='ocrx_word' id='word_1_189' title='bbox 35 1321 57 1349; x_wconf 74' lang='grc' dir='ltr'>ἓν</span> <span class='ocrx_word' id='word_1_190' title='bbox 69 1321 153 1360; x_wconf 82' lang='grc' dir='ltr'>γεέννῃ</span> <span class='ocrx_word' id='word_1_191' title='bbox 170 1321 301 1350; x_wconf 78' lang='grc' dir='ltr'>ἀθάνατον</span> <span class='ocrx_word' id='word_1_192' title='bbox 325 1322 434 1351; x_wconf 79' lang='grc' dir='ltr'><strong>κόλασιν</strong></span> <span class='ocrx_word' id='word_1_193' title='bbox 449 1333 456 1341; x_wconf 87' lang='grc'>·</span> <span class='ocrx_word' id='word_1_194' title='bbox 473 1322 542 1357; x_wconf 82' lang='grc' dir='ltr'>πλὴν</span> <span class='ocrx_word' id='word_1_195' title='bbox 567 1322 613 1351; x_wconf 79' lang='grc' dir='ltr'><strong>καὶ</strong></span> <span class='ocrx_word' id='word_1_196' title='bbox 637 1322 685 1358; x_wconf 85' lang='grc' dir='ltr'><strong>τὴν</strong></span> <span class='ocrx_word' id='word_1_197' title='bbox 706 1324 818 1353; x_wconf 83' lang='grc' dir='ltr'>ἐνταῦθα</span> 
     </span>
    </p>
   </div>
   <div class='ocr_carea' id='block_1_27' title="bbox 36 1365 818 1409">
    <p class='ocr_par' dir='ltr' id='par_1_27' title="bbox 36 1365 818 1409">
     <span class='ocr_line' id='line_1_27' title="bbox 36 1365 818 1409; baseline 0.004 -15"><span class='ocrx_word' id='word_1_198' title='bbox 36 1365 64 1409; x_wconf 47' lang='grc' dir='ltr'><strong>ἐξ</strong></span> <span class='ocrx_word' id='word_1_199' title='bbox 76 1369 197 1405; x_wconf 85' lang='grc' dir='ltr'><strong>πονηραῖς</strong></span> <span class='ocrx_word' id='word_1_200' title='bbox 228 1365 342 1406; x_wconf 79' lang='grc' dir='ltr'>πράξεσι</span> <span class='ocrx_word' id='word_1_201' title='bbox 368 1366 436 1402; x_wconf 85' lang='grc' dir='ltr'>ζωὴν</span> <span class='ocrx_word' id='word_1_202' title='bbox 461 1366 572 1397; x_wconf 78' lang='grc' dir='ltr'>Θάνατον</span> <span class='ocrx_word' id='word_1_203' title='bbox 598 1368 700 1397; x_wconf 80' lang='grc' dir='ltr'>καλεῖ·</span> <span class='ocrx_word' id='word_1_204' title='bbox 727 1367 818 1409; x_wconf 84' lang='grc' dir='ltr'>ὥσπερ</span> 
     </span>
    </p>
   </div>
   <div class='ocr_carea' id='block_1_28' title="bbox 37 1404 819 1451">
    <p class='ocr_par' dir='ltr' id='par_1_28' title="bbox 37 1404 819 1451">
     <span class='ocr_line' id='line_1_28' title="bbox 37 1404 819 1451; baseline 0.004 -12"><span class='ocrx_word' id='word_1_205' title='bbox 37 1404 64 1438; x_wconf 67' lang='grc' dir='ltr'><strong>αὖ</strong></span> <span class='ocrx_word' id='word_1_206' title='bbox 75 1409 98 1429; x_wconf 80' lang='grc'><strong>⁷⁹</strong></span> <span class='ocrx_word' id='word_1_207' title='bbox 111 1412 132 1439; x_wconf 80' lang='grc' dir='ltr'>εἰ</span> <span class='ocrx_word' id='word_1_208' title='bbox 144 1404 190 1440; x_wconf 20' lang='grc' dir='ltr'>νδιὰ</span> <span class='ocrx_word' id='word_1_209' title='bbox 202 1404 442 1449; x_wconf 32' lang='grc' dir='ltr'>τοῦ-πνευματικοῦ</span> <span class='ocrx_word' id='word_1_210' title='bbox 458 1411 516 1451; x_wconf 85' lang='grc' dir='ltr'>βίου</span> <span class='ocrx_word' id='word_1_211' title='bbox 531 1411 577 1445; x_wconf 85' lang='grc' dir='ltr'><strong>τὰς</strong></span> <span class='ocrx_word' id='word_1_212' title='bbox 588 1411 696 1451; x_wconf 79' lang='grc' dir='ltr'>πράξεις</span> <span class='ocrx_word' id='word_1_213' title='bbox 710 1411 756 1446; x_wconf 77' lang='grc' dir='ltr'><strong>τὰς</strong></span> <span class='ocrx_word' id='word_1_214' title='bbox 770 1404 819 1442; x_wconf 51' lang='grc' dir='ltr'><strong>ποζ</strong></span> 
     </span>
    </p>
   </div>
   <div class='ocr_carea' id='block_1_29' title="bbox 36 1454 818 1494">
    <p class='ocr_par' dir='ltr' id='par_1_29' title="bbox 36 1454 818 1494">
     <span class='ocr_line' id='line_1_29' title="bbox 36 1454 818 1494; baseline 0.005 -12"><span class='ocrx_word' id='word_1_215' title='bbox 36 1454 105 1494; x_wconf 75' lang='grc' dir='ltr'>νηρὰς</span> <span class='ocrx_word' id='word_1_216' title='bbox 122 1457 166 1484; x_wconf 84' lang='grc' dir='ltr'><strong>τοῦ</strong></span> <span class='ocrx_word' id='word_1_217' title='bbox 192 1455 318 1494; x_wconf 82' lang='grc' dir='ltr'>σώματος</span> <span class='ocrx_word' id='word_1_218' title='bbox 336 1457 516 1494; x_wconf 77' lang='grc' dir='ltr'>θανατοῦμεν,</span> <span class='ocrx_word' id='word_1_219' title='bbox 532 1456 666 1494; x_wconf 80' lang='grc' dir='ltr'>ζησόμεθα</span> <span class='ocrx_word' id='word_1_220' title='bbox 690 1457 736 1486; x_wconf 79' lang='grc' dir='ltr'><strong>καὶ</strong></span> <span class='ocrx_word' id='word_1_221' title='bbox 758 1457 818 1487; x_wconf 84' lang='grc' dir='ltr'>τότε</span> 
     </span>
    </p>
   </div>
   <div class='ocr_carea' id='block_1_30' title="bbox 36 1497 818 1543">
    <p class='ocr_par' dir='ltr' id='par_1_30' title="bbox 36 1497 818 1543">
     <span class='ocr_line' id='line_1_30' title="bbox 36 1497 818 1543; baseline 0.004 -14"><span class='ocrx_word' id='word_1_222' title='bbox 36 1497 76 1534; x_wconf 78' lang='grc' dir='ltr'><strong>τὴν</strong></span> <span class='ocrx_word' id='word_1_223' title='bbox 89 1499 250 1530; x_wconf 76' lang='grc' dir='ltr'>ἁκατᾶλυτον</span> <span class='ocrx_word' id='word_1_224' title='bbox 272 1500 357 1537; x_wconf 80' lang='grc' dir='ltr'>ζωὴν,</span> <span class='ocrx_word' id='word_1_225' title='bbox 373 1501 419 1530; x_wconf 81' lang='grc' dir='ltr'><strong>καὶ</strong></span> <span class='ocrx_word' id='word_1_226' title='bbox 433 1503 478 1530; x_wconf 91' lang='grc' dir='ltr'><strong>νῦν</strong></span> <span class='ocrx_word' id='word_1_227' title='bbox 500 1500 549 1536; x_wconf 83' lang='grc' dir='ltr'><strong>τὴν</strong></span> <span class='ocrx_word' id='word_1_228' title='bbox 565 1502 591 1530; x_wconf 80' lang='grc' dir='ltr'><strong>ἐν</strong></span> <span class='ocrx_word' id='word_1_229' title='bbox 606 1501 697 1541; x_wconf 77' lang='grc' dir='ltr'>ἀρετῇ.</span> <span class='ocrx_word' id='word_1_230' title='bbox 717 1500 752 1532; x_wconf 70' lang='grc'><strong>’0</strong></span> <span class='ocrx_word' id='word_1_231' title='bbox 766 1502 818 1543; x_wconf 74' lang='grc' dir='ltr'><strong>γὰρ</strong></span> 
     </span>
    </p>
   </div>
   <div class='ocr_carea' id='block_1_31' title="bbox 37 1543 817 1585">
    <p class='ocr_par' dir='ltr' id='par_1_31' title="bbox 37 1543 817 1585">
     <span class='ocr_line' id='line_1_31' title="bbox 37 1543 817 1585; baseline 0.004 -12"><span class='ocrx_word' id='word_1_232' title='bbox 37 1543 112 1585; x_wconf 62' lang='grc' dir='ltr'>νεκρὸς</span> <span class='ocrx_word' id='word_1_233' title='bbox 135 1546 172 1584; x_wconf 86' lang='grc' dir='ltr'><strong>τῷ</strong></span> <span class='ocrx_word' id='word_1_234' title='bbox 196 1544 310 1585; x_wconf 77' lang='grc' dir='ltr'>κόσμῳ,</span> <span class='ocrx_word' id='word_1_235' title='bbox 339 1547 435 1579; x_wconf 74' lang='grc' dir='ltr'>ἐκεῖνος</span> <span class='ocrx_word' id='word_1_236' title='bbox 459 1547 501 1584; x_wconf 76' lang='grc' dir='ltr'><strong>ζῇ.</strong></span> <span class='ocrx_word' id='word_1_237' title='bbox 525 1543 600 1585; x_wconf 85' lang='grc' dir='ltr'>Ὅρα</span> <span class='ocrx_word' id='word_1_238' title='bbox 627 1545 670 1583; x_wconf 80' lang='grc' dir='ltr'>δὲ,</span> <span class='ocrx_word' id='word_1_239' title='bbox 697 1548 754 1579; x_wconf 84' lang='grc' dir='ltr'><strong>πῶς</strong></span> <span class='ocrx_word' id='word_1_240' title='bbox 769 1547 817 1576; x_wconf 84' lang='grc' dir='ltr'><strong>οὖχ</strong></span> 
     </span>
    </p>
   </div>
   <div class='ocr_carea' id='block_1_32' title="bbox 37 1583 815 1631">
    <p class='ocr_par' dir='ltr' id='par_1_32' title="bbox 37 1583 815 1631">
     <span class='ocr_line' id='line_1_32' title="bbox 37 1583 815 1631; baseline 0.006 -15"><span class='ocrx_word' id='word_1_241' title='bbox 37 1583 111 1624; x_wconf 73' lang='grc' dir='ltr'>εἶπεν,</span> <span class='ocrx_word' id='word_1_242' title='bbox 124 1583 163 1618; x_wconf 66' lang='grc' dir='ltr'>ὅτι</span> <span class='ocrx_word' id='word_1_243' title='bbox 183 1589 225 1620; x_wconf 79' lang='grc' dir='ltr'><strong>Τὸ</strong></span> <span class='ocrx_word' id='word_1_244' title='bbox 243 1583 324 1627; x_wconf 65' lang='grc' dir='ltr'>σῦμα</span> <span class='ocrx_word' id='word_1_245' title='bbox 344 1583 486 1620; x_wconf 71' lang='grc' dir='ltr'>θανατοῦτε</span> <span class='ocrx_word' id='word_1_246' title='bbox 504 1583 595 1630; x_wconf 76' lang='grc' dir='ltr'>(τοῦτο</span> <span class='ocrx_word' id='word_1_247' title='bbox 608 1589 660 1630; x_wconf 79' lang='grc' dir='ltr'><strong>γὰρ</strong></span> <span class='ocrx_word' id='word_1_248' title='bbox 685 1591 815 1631; x_wconf 70' lang='grc' dir='ltr'>ἀνδροφο-</span> 
     </span>
    </p>
   </div>
   <div class='ocr_carea' id='block_1_33' title="bbox 36 1631 816 1674">
    <p class='ocr_par' dir='ltr' id='par_1_33' title="bbox 36 1631 816 1674">
     <span class='ocr_line' id='line_1_33' title="bbox 36 1631 816 1674; baseline 0.004 -12"><span class='ocrx_word' id='word_1_249' title='bbox 36 1631 93 1672; x_wconf 77' lang='grc' dir='ltr'>νία),</span> <span class='ocrx_word' id='word_1_250' title='bbox 107 1633 188 1671; x_wconf 76' lang='grc' dir='ltr'>ἀλλὰ,</span> <span class='ocrx_word' id='word_1_251' title='bbox 206 1648 218 1660; x_wconf 84' lang='grc' dir='ltr'>ι</span> <span class='ocrx_word' id='word_1_252' title='bbox 228 1633 288 1668; x_wconf 80' lang='grc' dir='ltr'>Τὰς</span> <span class='ocrx_word' id='word_1_253' title='bbox 302 1633 408 1674; x_wconf 80' lang='grc' dir='ltr'>πράξεις</span> <span class='ocrx_word' id='word_1_254' title='bbox 422 1637 467 1664; x_wconf 87' lang='grc' dir='ltr'><strong>τοῦ</strong></span> <span class='ocrx_word' id='word_1_255' title='bbox 481 1633 603 1672; x_wconf 87' lang='grc' dir='ltr'>σώματος</span> <span class='ocrx_word' id='word_1_256' title='bbox 612 1659 621 1672; x_wconf 88' lang='grc'><strong>,</strong></span> <span class='ocrx_word' id='word_1_257' title='bbox 633 1649 645 1661; x_wconf 86' lang='lat'><strong><em>-</em></strong></span> <span class='ocrx_word' id='word_1_258' title='bbox 657 1635 704 1664; x_wconf 83' lang='grc' dir='ltr'>καὶ</span> <span class='ocrx_word' id='word_1_259' title='bbox 718 1635 816 1669; x_wconf 78' lang='grc' dir='ltr'>ταύτας</span> 
     </span>
    </p>
   </div>
   <div class='ocr_carea' id='block_1_34' title="bbox 36 1676 816 1720">
    <p class='ocr_par' dir='ltr' id='par_1_34' title="bbox 36 1676 816 1720">
     <span class='ocr_line' id='line_1_34' title="bbox 36 1676 816 1720; baseline 0.006 -15"><span class='ocrx_word' id='word_1_260' title='bbox 36 1676 123 1714; x_wconf 76' lang='grc' dir='ltr'>δηλαδὴ</span> <span class='ocrx_word' id='word_1_261' title='bbox 145 1678 190 1712; x_wconf 74' lang='grc' dir='ltr'><strong>τὰς</strong></span> <span class='ocrx_word' id='word_1_262' title='bbox 214 1679 341 1718; x_wconf 77' lang='grc' dir='ltr'>πονηράς.</span> <span class='ocrx_word' id='word_1_263' title='bbox 364 1680 405 1710; x_wconf 81' lang='grc' dir='ltr'><strong>Οὐ</strong></span> <span class='ocrx_word' id='word_1_264' title='bbox 428 1678 480 1720; x_wconf 81' lang='grc' dir='ltr'><strong>γὰρ</strong></span> <span class='ocrx_word' id='word_1_265' title='bbox 508 1679 540 1715; x_wconf 74' lang='grc' dir='ltr'>δὴ</span> <span class='ocrx_word' id='word_1_266' title='bbox 561 1679 591 1708; x_wconf 81' lang='grc' dir='ltr'>τὸ</span> <span class='ocrx_word' id='word_1_267' title='bbox 616 1681 679 1719; x_wconf 82' lang='grc' dir='ltr'>ὃρᾷν</span> <span class='ocrx_word' id='word_1_268' title='bbox 707 1679 816 1719; x_wconf 77' lang='grc' dir='ltr'>ἅπλῶς,</span> 
     </span>
    </p>
   </div>
   <div class='ocr_carea' id='block_1_35' title="bbox 35 1721 814 1764">
    <p class='ocr_par' dir='ltr' id='par_1_35' title="bbox 35 1721 814 1764">
     <span class='ocr_line' id='line_1_35' title="bbox 35 1721 814 1764; baseline 0.005 -14"><span class='ocrx_word' id='word_1_269' title='bbox 35 1721 113 1752; x_wconf 72' lang='grc' dir='ltr'>καὶτὸ</span> <span class='ocrx_word' id='word_1_270' title='bbox 133 1723 236 1753; x_wconf 78' lang='grc' dir='ltr'>ἀκούειν</span> <span class='ocrx_word' id='word_1_271' title='bbox 260 1722 354 1761; x_wconf 78' lang='grc' dir='ltr'>(ἅτινά</span> <span class='ocrx_word' id='word_1_272' title='bbox 376 1724 441 1754; x_wconf 80' lang='grc' dir='ltr'>εἰσιν</span> <span class='ocrx_word' id='word_1_273' title='bbox 455 1722 520 1764; x_wconf 82' lang='grc' dir='ltr'>ἔργα</span> <span class='ocrx_word' id='word_1_274' title='bbox 537 1723 636 1764; x_wconf 75' lang='grc' dir='ltr'>φυσικὰ</span> <span class='ocrx_word' id='word_1_275' title='bbox 650 1726 695 1754; x_wconf 88' lang='grc' dir='ltr'><strong>τοῦ</strong></span> <span class='ocrx_word' id='word_1_276' title='bbox 719 1724 814 1763; x_wconf 86' lang='grc' dir='ltr'>σώμα-</span> 
     </span>
    </p>
   </div>
   <div class='ocr_carea' id='block_1_36' title="bbox 36 1765 582 1808">
    <p class='ocr_par' dir='ltr' id='par_1_36' title="bbox 36 1765 582 1808">
     <span class='ocr_line' id='line_1_36' title="bbox 36 1765 582 1808; baseline 0.005 -13"><span class='ocrx_word' id='word_1_277' title='bbox 36 1765 95 1806; x_wconf 76' lang='grc' dir='ltr'>τος),</span> <span class='ocrx_word' id='word_1_278' title='bbox 109 1767 175 1797; x_wconf 79' lang='grc' dir='ltr'><strong>ἀλλᾶ</strong></span> <span class='ocrx_word' id='word_1_279' title='bbox 190 1768 219 1798; x_wconf 84' lang='grc' dir='ltr'>τὸ</span> <span class='ocrx_word' id='word_1_280' title='bbox 232 1769 323 1802; x_wconf 79' lang='grc' dir='ltr'>κακῶς</span> <span class='ocrx_word' id='word_1_281' title='bbox 340 1768 441 1802; x_wconf 77' lang='grc' dir='ltr'>τούτοις</span> <span class='ocrx_word' id='word_1_282' title='bbox 455 1780 474 1808; x_wconf 83' lang='grc' dir='ltr'>χ</span> <span class='ocrx_word' id='word_1_283' title='bbox 477 1771 582 1808; x_wconf 79' lang='grc' dir='ltr'>ρ’ἥσθαι.</span> 
     </span>
    </p>
   </div>
   <div class='ocr_carea' id='block_1_37' title="bbox 73 1808 816 1853">
    <p class='ocr_par' dir='ltr' id='par_1_37' title="bbox 73 1808 816 1853">
     <span class='ocr_line' id='line_1_37' title="bbox 73 1808 816 1853; baseline 0.003 -12"><span class='ocrx_word' id='word_1_284' title='bbox 73 1822 85 1839; x_wconf 82' lang='grc' dir='ltr'><strong>ιι</strong></span> <span class='ocrx_word' id='word_1_285' title='bbox 97 1811 174 1842; x_wconf 85' lang='grc' dir='ltr'>Ὅσοι</span> <span class='ocrx_word' id='word_1_286' title='bbox 194 1813 248 1852; x_wconf 81' lang='grc' dir='ltr'><strong>γὰρ</strong></span> <span class='ocrx_word' id='word_1_287' title='bbox 265 1812 403 1852; x_wconf 78' lang='grc' dir='ltr'>Πνεύματι</span> <span class='ocrx_word' id='word_1_288' title='bbox 427 1814 499 1844; x_wconf 86' lang='grc' dir='ltr'>Θεοῦ</span> <span class='ocrx_word' id='word_1_289' title='bbox 521 1813 644 1853; x_wconf 79' lang='grc' dir='ltr'>ἄγονται,</span> <span class='ocrx_word' id='word_1_290' title='bbox 657 1808 730 1844; x_wconf 65' lang='grc' dir='ltr'>οὗτοί</span> <span class='ocrx_word' id='word_1_291' title='bbox 750 1815 816 1844; x_wconf 85' lang='grc' dir='ltr'>εἰσιν</span> 
     </span>
    </p>
   </div>
   <div class='ocr_carea' id='block_1_38' title="bbox 35 1855 814 1898">
    <p class='ocr_par' dir='ltr' id='par_1_38' title="bbox 35 1855 814 1898">
     <span class='ocr_line' id='line_1_38' title="bbox 35 1855 814 1898; baseline 0.005 -14"><span class='ocrx_word' id='word_1_292' title='bbox 35 1855 77 1884; x_wconf 74' lang='grc' dir='ltr'>υἱοὶ</span> <span class='ocrx_word' id='word_1_293' title='bbox 91 1857 166 1887; x_wconf 86' lang='grc' dir='ltr'>Θεοῦ.</span> <span class='ocrx_word' id='word_1_294' title='bbox 180 1869 194 1886; x_wconf 87' lang='lat'>»</span> <span class='ocrx_word' id='word_1_295' title='bbox 226 1857 428 1896; x_wconf 84' lang='grc' dir='ltr'>Ἐπηγγείλατο</span> <span class='ocrx_word' id='word_1_296' title='bbox 447 1858 589 1898; x_wconf 80' lang='grc' dir='ltr'>ἀνωτέρω,</span> <span class='ocrx_word' id='word_1_297' title='bbox 614 1858 654 1888; x_wconf 82' lang='grc' dir='ltr'><strong>ὅτι</strong></span> <span class='ocrx_word' id='word_1_298' title='bbox 676 1857 814 1896; x_wconf 79' lang='grc' dir='ltr'>Ζήσεσοε,</span> 
     </span>
    </p>
   </div>
   <div class='ocr_carea' id='block_1_39' title="bbox 36 1900 815 1942">
    <p class='ocr_par' dir='ltr' id='par_1_39' title="bbox 36 1900 815 1942">
     <span class='ocr_line' id='line_1_39' title="bbox 36 1900 815 1942; baseline 0.004 -13"><span class='ocrx_word' id='word_1_299' title='bbox 36 1900 54 1927; x_wconf 82' lang='grc' dir='ltr'>εἷ</span> <span class='ocrx_word' id='word_1_300' title='bbox 74 1900 115 1934; x_wconf 74' lang='grc' dir='ltr'><strong>τὰς</strong></span> <span class='ocrx_word' id='word_1_301' title='bbox 138 1901 256 1942; x_wconf 74' lang='grc' dir='ltr'>πονηρὰς</span> <span class='ocrx_word' id='word_1_302' title='bbox 289 1902 397 1942; x_wconf 77' lang='grc' dir='ltr'>πράξεις</span> <span class='ocrx_word' id='word_1_303' title='bbox 423 1904 578 1933; x_wconf 81' lang='grc' dir='ltr'>θανατοῦτε.</span> <span class='ocrx_word' id='word_1_304' title='bbox 622 1904 680 1933; x_wconf 85' lang='grc' dir='ltr'>Νῦν</span> <span class='ocrx_word' id='word_1_305' title='bbox 709 1903 815 1941; x_wconf 73' lang='grc' dir='ltr'>μείζονα</span> 
     </span>
    </p>
   </div>
   <div class='ocr_carea' id='block_1_40' title="bbox 36 1944 812 1988">
    <p class='ocr_par' dir='ltr' id='par_1_40' title="bbox 36 1944 812 1988">
     <span class='ocr_line' id='line_1_40' title="bbox 36 1944 812 1988; baseline 0.006 -16"><span class='ocrx_word' id='word_1_306' title='bbox 36 1944 147 1985; x_wconf 77' lang='grc' dir='ltr'>στέφανον</span> <span class='ocrx_word' id='word_1_307' title='bbox 165 1946 210 1975; x_wconf 85' lang='grc' dir='ltr'><strong>καὶ</strong></span> <span class='ocrx_word' id='word_1_308' title='bbox 229 1946 324 1985; x_wconf 80' lang='grc' dir='ltr'>μισθὸν</span> <span class='ocrx_word' id='word_1_309' title='bbox 348 1946 457 1976; x_wconf 82' lang='grc' dir='ltr'>πλείονα</span> <span class='ocrx_word' id='word_1_310' title='bbox 485 1949 531 1988; x_wconf 82' lang='grc' dir='ltr'><strong>τοῦ</strong></span> <span class='ocrx_word' id='word_1_311' title='bbox 554 1947 682 1988; x_wconf 82' lang='grc' dir='ltr'>προτέρου</span> <span class='ocrx_word' id='word_1_312' title='bbox 705 1947 812 1985; x_wconf 80' lang='grc' dir='ltr'>τίθησι,</span> 
     </span>
    </p>
   </div>
   <div class='ocr_carea' id='block_1_41' title="bbox 36 1986 814 2031">
    <p class='ocr_par' dir='ltr' id='par_1_41' title="bbox 36 1986 814 2031">
     <span class='ocr_line' id='line_1_41' title="bbox 36 1986 814 2031; baseline 0.008 -15"><span class='ocrx_word' id='word_1_313' title='bbox 36 1988 74 2024; x_wconf 78' lang='grc' dir='ltr'><strong>τὴν</strong></span> <span class='ocrx_word' id='word_1_314' title='bbox 86 1989 151 2019; x_wconf 81' lang='grc' dir='ltr'>θείαν</span> <span class='ocrx_word' id='word_1_315' title='bbox 172 1989 316 2021; x_wconf 71' lang='grc' dir='ltr'>υἱοθεσίαν.</span> <span class='ocrx_word' id='word_1_316' title='bbox 331 1991 379 2022; x_wconf 77' lang='grc' dir='ltr'>Διὸ</span> <span class='ocrx_word' id='word_1_317' title='bbox 398 1990 457 2021; x_wconf 76' lang='grc' dir='ltr'>οὐδὲ</span> <span class='ocrx_word' id='word_1_318' title='bbox 473 1986 561 2029; x_wconf 70' lang='grc' dir='ltr'>εἶπεν,</span> <span class='ocrx_word' id='word_1_319' title='bbox 577 1986 660 2023; x_wconf 57' lang='grc' dir='ltr'>θοσοι</span> <span class='ocrx_word' id='word_1_320' title='bbox 680 1992 814 2031; x_wconf 82' lang='grc' dir='ltr'>πνεύματι</span> 
     </span>
    </p>
   </div>
   <div class='ocr_carea' id='block_1_42' title="bbox 36 2034 814 2076">
    <p class='ocr_par' dir='ltr' id='par_1_42' title="bbox 36 2034 814 2076">
     <span class='ocr_line' id='line_1_42' title="bbox 36 2034 814 2076; baseline 0.006 -14"><span class='ocrx_word' id='word_1_321' title='bbox 36 2034 95 2063; x_wconf 80' lang='grc' dir='ltr'>Θεοῦ</span> <span class='ocrx_word' id='word_1_322' title='bbox 105 2036 194 2072; x_wconf 71' lang='grc' dir='ltr'>ζῶσιν,</span> <span class='ocrx_word' id='word_1_323' title='bbox 215 2036 290 2073; x_wconf 77' lang='grc' dir='ltr'>ἀλλ’,</span> <span class='ocrx_word' id='word_1_324' title='bbox 310 2047 325 2065; x_wconf 85' lang='grc' dir='ltr'><strong>ιι</strong></span> <span class='ocrx_word' id='word_1_325' title='bbox 339 2035 421 2066; x_wconf 87' lang='grc' dir='ltr'>Ὅσοι</span> <span class='ocrx_word' id='word_1_326' title='bbox 436 2036 561 2076; x_wconf 79' lang='grc' dir='ltr'>ἄγονται,</span> <span class='ocrx_word' id='word_1_327' title='bbox 578 2048 593 2066; x_wconf 83' lang='lat' dir='ltr'><strong>n</strong></span> <span class='ocrx_word' id='word_1_328' title='bbox 613 2036 748 2073; x_wconf 80' lang='grc' dir='ltr'>τουτέστι,</span> <span class='ocrx_word' id='word_1_329' title='bbox 764 2049 814 2067; x_wconf 90' lang='grc' dir='ltr'>κυ-</span> 
     </span>
    </p>
   </div>
   <div class='ocr_carea' id='block_1_43' title="bbox 36 2076 815 2122">
    <p class='ocr_par' dir='ltr' id='par_1_43' title="bbox 36 2076 815 2122">
     <span class='ocr_line' id='line_1_43' title="bbox 36 2076 815 2122; baseline 0.005 -15"><span class='ocrx_word' id='word_1_330' title='bbox 36 2076 163 2118; x_wconf 72' lang='grc' dir='ltr'>ϐερνῶνται</span> <span class='ocrx_word' id='word_1_331' title='bbox 182 2080 230 2110; x_wconf 66' lang='grc' dir='ltr'><strong>καὶ</strong></span> <span class='ocrx_word' id='word_1_332' title='bbox 256 2082 440 2121; x_wconf 78' lang='grc' dir='ltr'>ἡνιοχοῦνται,</span> <span class='ocrx_word' id='word_1_333' title='bbox 465 2081 496 2111; x_wconf 80' lang='grc' dir='ltr'><strong>τὸ</strong></span> <span class='ocrx_word' id='word_1_334' title='bbox 521 2083 634 2121; x_wconf 85' lang='grc' dir='ltr'>Πνεῦμα</span> <span class='ocrx_word' id='word_1_335' title='bbox 659 2082 749 2122; x_wconf 82' lang='grc' dir='ltr'>κύριον</span> <span class='ocrx_word' id='word_1_336' title='bbox 769 2084 815 2118; x_wconf 75' lang='grc' dir='ltr'><strong>τῆς</strong></span> 
     </span>
    </p>
   </div>
   <div class='ocr_carea' id='block_1_44' title="bbox 35 2123 813 2167">
    <p class='ocr_par' dir='ltr' id='par_1_44' title="bbox 35 2123 813 2167">
     <span class='ocr_line' id='line_1_44' title="bbox 35 2123 813 2167; baseline 0.003 -13"><span class='ocrx_word' id='word_1_337' title='bbox 35 2133 57 2150; x_wconf 72' lang='grc' dir='ltr'><strong>τι</strong></span> <span class='ocrx_word' id='word_1_338' title='bbox 68 2123 146 2164; x_wconf 75' lang='grc' dir='ltr'>ψυχῆς</span> <span class='ocrx_word' id='word_1_339' title='bbox 166 2125 211 2155; x_wconf 84' lang='grc' dir='ltr'><strong>καὶ</strong></span> <span class='ocrx_word' id='word_1_340' title='bbox 234 2127 284 2162; x_wconf 78' lang='grc' dir='ltr'><strong>τῆς</strong></span> <span class='ocrx_word' id='word_1_341' title='bbox 299 2125 396 2165; x_wconf 83' lang='grc' dir='ltr'>σαρκὸς</span> <span class='ocrx_word' id='word_1_342' title='bbox 420 2126 581 2164; x_wconf 74' lang='grc' dir='ltr'>ποιούμενοι.</span> <span class='ocrx_word' id='word_1_343' title='bbox 612 2126 670 2157; x_wconf 81' lang='grc' dir='ltr'><strong>Κᾶν</strong></span> <span class='ocrx_word' id='word_1_344' title='bbox 696 2126 747 2166; x_wconf 75' lang='grc' dir='ltr'><strong>γὰρ</strong></span> <span class='ocrx_word' id='word_1_345' title='bbox 765 2127 813 2167; x_wconf 78' lang='grc' dir='ltr'><strong>βά-</strong></span> 
     </span>
    </p>
   </div>
   <div class='ocr_carea' id='block_1_45' title="bbox 35 2166 855 2211">
    <p class='ocr_par' dir='ltr' id='par_1_45' title="bbox 35 2166 855 2211">
     <span class='ocr_line' id='line_1_45' title="bbox 35 2166 855 2211; baseline 0.006 -16"><span class='ocrx_word' id='word_1_346' title='bbox 35 2177 123 2207; x_wconf 79' lang='grc' dir='ltr'>πτισμα</span> <span class='ocrx_word' id='word_1_347' title='bbox 135 2169 234 2209; x_wconf 75' lang='grc' dir='ltr'>λάϐῃς,</span> <span class='ocrx_word' id='word_1_348' title='bbox 255 2170 300 2200; x_wconf 79' lang='grc' dir='ltr'>καὶ</span> <span class='ocrx_word' id='word_1_349' title='bbox 311 2170 365 2204; x_wconf 80' lang='grc' dir='ltr'>υἱὸς</span> <span class='ocrx_word' id='word_1_350' title='bbox 378 2170 442 2211; x_wconf 82' lang='grc' dir='ltr'>γένῃ</span> <span class='ocrx_word' id='word_1_351' title='bbox 456 2171 527 2201; x_wconf 81' lang='grc' dir='ltr'>Θεοῦ</span> <span class='ocrx_word' id='word_1_352' title='bbox 542 2171 584 2201; x_wconf 76' lang='grc' dir='ltr'><strong>διὰ</strong></span> <span class='ocrx_word' id='word_1_353' title='bbox 594 2174 640 2202; x_wconf 83' lang='grc' dir='ltr'><strong>τοῦ</strong></span> <span class='ocrx_word' id='word_1_354' title='bbox 656 2166 811 2211; x_wconf 74' lang='grc' dir='ltr'>βαπτίσμα-</span> <span class='ocrx_word' id='word_1_355' title='bbox 829 2166 855 2197; x_wconf 82' lang='lat' dir='ltr'><strong>D</strong></span> 
     </span>
    </p>
   </div>
   <div class='ocr_carea' id='block_1_46' title="bbox 36 2213 811 2256">
    <p class='ocr_par' dir='ltr' id='par_1_46' title="bbox 36 2213 811 2256">
     <span class='ocr_line' id='line_1_46' title="bbox 36 2213 811 2256; baseline 0.001 -12"><span class='ocrx_word' id='word_1_356' title='bbox 36 2221 85 2256; x_wconf 60' lang='grc' dir='ltr'>ξος,</span> <span class='ocrx_word' id='word_1_357' title='bbox 107 2213 142 2251; x_wconf 86' lang='grc' dir='ltr'><strong>μὴ</strong></span> <span class='ocrx_word' id='word_1_358' title='bbox 159 2214 301 2252; x_wconf 81' lang='grc' dir='ltr'>Πνεύματι</span> <span class='ocrx_word' id='word_1_359' title='bbox 325 2214 353 2244; x_wconf 80' lang='grc' dir='ltr'><strong>δὲ</strong></span> <span class='ocrx_word' id='word_1_360' title='bbox 367 2215 438 2254; x_wconf 77' lang='grc' dir='ltr'>ἄγῃ,</span> <span class='ocrx_word' id='word_1_361' title='bbox 464 2214 602 2249; x_wconf 81' lang='grc' dir='ltr'>ἀπώλεσας</span> <span class='ocrx_word' id='word_1_362' title='bbox 627 2215 674 2251; x_wconf 78' lang='grc' dir='ltr'><strong>τὴν</strong></span> <span class='ocrx_word' id='word_1_363' title='bbox 700 2215 811 2256; x_wconf 80' lang='grc' dir='ltr'>δωρεάν.</span> 
     </span>
    </p>
   </div>
   <div class='ocr_carea' id='block_1_47' title="bbox 36 2255 812 2299">
    <p class='ocr_par' dir='ltr' id='par_1_47' title="bbox 36 2255 812 2299">
     <span class='ocr_line' id='line_1_47' title="bbox 36 2255 812 2299; baseline 0.008 -15"><span class='ocrx_word' id='word_1_364' title='bbox 36 2255 126 2290; x_wconf 77' lang='grc' dir='ltr'>Πάντες</span> <span class='ocrx_word' id='word_1_365' title='bbox 151 2259 199 2297; x_wconf 78' lang='grc' dir='ltr'>μὲν</span> <span class='ocrx_word' id='word_1_366' title='bbox 213 2258 268 2299; x_wconf 76' lang='grc' dir='ltr'><strong>γὰρ</strong></span> <span class='ocrx_word' id='word_1_367' title='bbox 290 2260 403 2297; x_wconf 81' lang='grc' dir='ltr'>Πνεῦμα</span> <span class='ocrx_word' id='word_1_368' title='bbox 427 2259 602 2298; x_wconf 78' lang='grc' dir='ltr'>λαμϐάνομεν</span> <span class='ocrx_word' id='word_1_369' title='bbox 625 2260 669 2289; x_wconf 81' lang='grc' dir='ltr'><strong>διὰ</strong></span> <span class='ocrx_word' id='word_1_370' title='bbox 692 2263 738 2290; x_wconf 87' lang='grc' dir='ltr'><strong>τοῦ</strong></span> <span class='ocrx_word' id='word_1_371' title='bbox 753 2261 812 2290; x_wconf 91' lang='grc' dir='ltr'>λου-</span> 
     </span>
    </p>
   </div>
   <div class='ocr_carea' id='block_1_48' title="bbox 34 2302 813 2345">
    <p class='ocr_par' dir='ltr' id='par_1_48' title="bbox 34 2302 813 2345">
     <span class='ocr_line' id='line_1_48' title="bbox 34 2302 813 2345; baseline 0.009 -16"><span class='ocrx_word' id='word_1_372' title='bbox 34 2302 85 2337; x_wconf 78' lang='grc' dir='ltr'>τροῦ</span> <span class='ocrx_word' id='word_1_373' title='bbox 98 2312 104 2320; x_wconf 93' lang='grc'><strong>·</strong></span> <span class='ocrx_word' id='word_1_374' title='bbox 128 2303 157 2332; x_wconf 80' lang='grc' dir='ltr'><strong>τὸ</strong></span> <span class='ocrx_word' id='word_1_375' title='bbox 178 2304 204 2333; x_wconf 77' lang='grc' dir='ltr'><strong>δὲ</strong></span> <span class='ocrx_word' id='word_1_376' title='bbox 222 2303 334 2344; x_wconf 78' lang='grc' dir='ltr'>ἄγεσθαι</span> <span class='ocrx_word' id='word_1_377' title='bbox 347 2304 373 2322; x_wconf 81' lang='grc'><strong>⁸⁰</strong></span> <span class='ocrx_word' id='word_1_378' title='bbox 389 2304 464 2345; x_wconf 82' lang='grc' dir='ltr'>παρὰ</span> <span class='ocrx_word' id='word_1_379' title='bbox 486 2305 573 2334; x_wconf 80' lang='grc' dir='ltr'>πάντα</span> <span class='ocrx_word' id='word_1_380' title='bbox 593 2305 650 2345; x_wconf 81' lang='grc' dir='ltr'>βίον</span> <span class='ocrx_word' id='word_1_381' title='bbox 676 2304 712 2342; x_wconf 72' lang='grc' dir='ltr'><strong>θί,</strong></span> <span class='ocrx_word' id='word_1_382' title='bbox 734 2308 813 2336; x_wconf 83' lang='grc' dir='ltr'>τοῦτο</span> 
     </span>
    </p>
   </div>
   <div class='ocr_carea' id='block_1_49' title="bbox 34 2344 813 2388">
    <p class='ocr_par' dir='ltr' id='par_1_49' title="bbox 34 2344 813 2388">
     <span class='ocr_line' id='line_1_49' title="bbox 34 2344 813 2388; baseline 0.008 -14"><span class='ocrx_word' id='word_1_383' title='bbox 34 2344 197 2388; x_wconf 67' lang='grc' dir='ltr'>ᾆπαιτούμεοα</span> <span class='ocrx_word' id='word_1_384' title='bbox 228 2349 265 2382; x_wconf 84' lang='grc' dir='ltr'>ὡς</span> <span class='ocrx_word' id='word_1_385' title='bbox 287 2344 437 2388; x_wconf 47' lang='grc' dir='ltr'>ἡμέτερον.</span> <span class='ocrx_word' id='word_1_386' title='bbox 457 2348 505 2379; x_wconf 82' lang='grc' dir='ltr'>Διὸ</span> <span class='ocrx_word' id='word_1_387' title='bbox 535 2350 583 2379; x_wconf 74' lang='grc' dir='ltr'><strong>οὐκ</strong></span> <span class='ocrx_word' id='word_1_388' title='bbox 612 2345 703 2387; x_wconf 74' lang='grc' dir='ltr'>εἶπεν,</span> <span class='ocrx_word' id='word_1_389' title='bbox 731 2349 813 2381; x_wconf 80' lang='grc' dir='ltr'>Ὅσοι</span> 
     </span>
    </p>
   </div>
   <div class='ocr_carea' id='block_1_50' title="bbox 35 2387 813 2434">
    <p class='ocr_par' dir='ltr' id='par_1_50' title="bbox 35 2387 813 2434">
     <span class='ocr_line' id='line_1_50' title="bbox 35 2387 813 2434; baseline 0.01 -17"><span class='ocrx_word' id='word_1_390' title='bbox 35 2387 128 2434; x_wconf 48' lang='grc' dir='ltr'>[ἔνεῦμα</span> <span class='ocrx_word' id='word_1_391' title='bbox 142 2392 238 2422; x_wconf 76' lang='grc' dir='ltr'>ἔλαϐον</span> <span class='ocrx_word' id='word_1_392' title='bbox 249 2415 258 2430; x_wconf 85' lang='grc'><strong>,</strong></span> <span class='ocrx_word' id='word_1_393' title='bbox 272 2388 343 2423; x_wconf 67' lang='grc' dir='ltr'>οὗτοί</span> <span class='ocrx_word' id='word_1_394' title='bbox 358 2387 424 2423; x_wconf 76' lang='grc' dir='ltr'>εἶσιν</span> <span class='ocrx_word' id='word_1_395' title='bbox 439 2394 491 2424; x_wconf 76' lang='grc' dir='ltr'>υἱοὶ</span> <span class='ocrx_word' id='word_1_396' title='bbox 510 2394 581 2424; x_wconf 84' lang='grc' dir='ltr'>Θεοῦ</span> <span class='ocrx_word' id='word_1_397' title='bbox 592 2416 602 2434; x_wconf 82' lang='lat'><strong>,</strong></span> <span class='ocrx_word' id='word_1_398' title='bbox 619 2395 690 2432; x_wconf 72' lang='grc' dir='ltr'>ἀλλ’,</span> <span class='ocrx_word' id='word_1_399' title='bbox 705 2407 718 2422; x_wconf 75' lang='grc' dir='ltr'>ι</span> <span class='ocrx_word' id='word_1_400' title='bbox 732 2395 813 2425; x_wconf 86' lang='grc' dir='ltr'>Ὅσοι</span> 
     </span>
    </p>
   </div>
   <div class='ocr_carea' id='block_1_51' title="bbox 33 2431 414 2477">
    <p class='ocr_par' dir='ltr' id='par_1_51' title="bbox 33 2431 414 2477">
     <span class='ocr_line' id='line_1_51' title="bbox 33 2431 414 2477; baseline 0.013 -15"><span class='ocrx_word' id='word_1_401' title='bbox 33 2431 154 2473; x_wconf 84' lang='grc' dir='ltr'>Πνεύματι</span> <span class='ocrx_word' id='word_1_402' title='bbox 172 2438 245 2468; x_wconf 86' lang='grc' dir='ltr'>Θεοῦ</span> <span class='ocrx_word' id='word_1_403' title='bbox 261 2437 382 2477; x_wconf 78' lang='grc' dir='ltr'>ἄγονται.</span> <span class='ocrx_word' id='word_1_404' title='bbox 399 2448 414 2467; x_wconf 79' lang='lat' dir='ltr'><strong>n</strong></span> 
     </span>
    </p>
   </div>
   <div class='ocr_carea' id='block_1_52' title="bbox 67 2526 811 2571">
    <p class='ocr_par' dir='ltr' id='par_1_52' title="bbox 67 2526 811 2571">
     <span class='ocr_line' id='line_1_52' title="bbox 67 2526 811 2571; baseline 0.005 -15"><span class='ocrx_word' id='word_1_405' title='bbox 67 2526 127 2556; x_wconf 66' lang='grc' dir='ltr'><strong>«Οὐ</strong></span> <span class='ocrx_word' id='word_1_406' title='bbox 146 2526 197 2568; x_wconf 75' lang='grc' dir='ltr'><strong>γὰρ</strong></span> <span class='ocrx_word' id='word_1_407' title='bbox 220 2527 333 2558; x_wconf 74' lang='grc' dir='ltr'>ἐλάϐετε</span> <span class='ocrx_word' id='word_1_408' title='bbox 353 2530 458 2567; x_wconf 84' lang='grc' dir='ltr'>πνεῦμα</span> <span class='ocrx_word' id='word_1_409' title='bbox 475 2528 593 2564; x_wconf 75' lang='grc' dir='ltr'>δουλείας</span> <span class='ocrx_word' id='word_1_410' title='bbox 616 2529 696 2571; x_wconf 75' lang='grc' dir='ltr'>πάλιν</span> <span class='ocrx_word' id='word_1_411' title='bbox 713 2531 750 2564; x_wconf 82' lang='grc' dir='ltr'><strong>εἰς</strong></span> <span class='ocrx_word' id='word_1_412' title='bbox 765 2530 811 2571; x_wconf 84' lang='grc' dir='ltr'><strong>φό·</strong></span> 
     </span>
    </p>
   </div>
   <div class='ocr_carea' id='block_1_53' title="bbox 34 2565 812 2612">
    <p class='ocr_par' dir='ltr' id='par_1_53' title="bbox 34 2565 812 2612">
     <span class='ocr_line' id='line_1_53' title="bbox 34 2565 812 2612; baseline 0.008 -13"><span class='ocrx_word' id='word_1_413' title='bbox 34 2565 85 2612; x_wconf 66' lang='grc' dir='ltr'>εον,</span> <span class='ocrx_word' id='word_1_414' title='bbox 106 2571 161 2600; x_wconf 78' lang='grc' dir='ltr'>ἀλλ’</span> <span class='ocrx_word' id='word_1_415' title='bbox 183 2565 294 2602; x_wconf 67' lang='grc' dir='ltr'>ὶλάϐετε</span> <span class='ocrx_word' id='word_1_416' title='bbox 315 2565 428 2612; x_wconf 76' lang='grc' dir='ltr'>Πνεῦμα</span> <span class='ocrx_word' id='word_1_417' title='bbox 450 2573 590 2608; x_wconf 75' lang='grc' dir='ltr'>υἱοθεσίας.</span> <span class='ocrx_word' id='word_1_418' title='bbox 613 2584 629 2603; x_wconf 76' lang='lat' dir='ltr'><strong>n</strong></span> <span class='ocrx_word' id='word_1_419' title='bbox 657 2569 755 2612; x_wconf 80' lang='grc' dir='ltr'>Εἶπεν,</span> <span class='ocrx_word' id='word_1_420' title='bbox 771 2565 812 2606; x_wconf 53' lang='grc' dir='ltr'>δτι</span> 
     </span>
    </p>
   </div>
   <div class='ocr_carea' id='block_1_54' title="bbox 34 2610 810 2658">
    <p class='ocr_par' dir='ltr' id='par_1_54' title="bbox 34 2610 810 2658">
     <span class='ocr_line' id='line_1_54' title="bbox 34 2610 810 2658; baseline 0.008 -15"><span class='ocrx_word' id='word_1_421' title='bbox 34 2610 75 2658; x_wconf 67' lang='grc' dir='ltr'><strong>υἱοὶ</strong></span> <span class='ocrx_word' id='word_1_422' title='bbox 87 2613 152 2645; x_wconf 80' lang='grc' dir='ltr'>Θεοῦ</span> <span class='ocrx_word' id='word_1_423' title='bbox 173 2618 238 2647; x_wconf 72' lang='grc' dir='ltr'>εἰσιν</span> <span class='ocrx_word' id='word_1_424' title='bbox 262 2618 287 2648; x_wconf 78' lang='grc' dir='ltr'>οἱ</span> <span class='ocrx_word' id='word_1_425' title='bbox 302 2610 443 2657; x_wconf 82' lang='grc' dir='ltr'>Πνεύματι</span> <span class='ocrx_word' id='word_1_426' title='bbox 468 2618 593 2658; x_wconf 77' lang='grc' dir='ltr'>ἀγόμενοι</span> <span class='ocrx_word' id='word_1_427' title='bbox 608 2631 616 2638; x_wconf 74' lang='grc' dir='ltr'><strong>ο</strong></span> <span class='ocrx_word' id='word_1_428' title='bbox 642 2614 699 2649; x_wconf 74' lang='grc' dir='ltr'>εἶτα</span> <span class='ocrx_word' id='word_1_429' title='bbox 719 2610 810 2657; x_wconf 72' lang='grc' dir='ltr'>ἐπειδὴ</span> 
     </span>
    </p>
   </div>
   <div class='ocr_carea' id='block_1_55' title="bbox 35 2655 810 2702">
    <p class='ocr_par' dir='ltr' id='par_1_55' title="bbox 35 2655 810 2702">
     <span class='ocr_line' id='line_1_55' title="bbox 35 2655 810 2702; baseline 0.013 -18"><span class='ocrx_word' id='word_1_430' title='bbox 35 2655 71 2685; x_wconf 80' lang='grc' dir='ltr'>καὶ</span> <span class='ocrx_word' id='word_1_431' title='bbox 81 2658 102 2686; x_wconf 75' lang='grc' dir='ltr'>οἱ</span> <span class='ocrx_word' id='word_1_432' title='bbox 115 2658 233 2691; x_wconf 81' lang='grc' dir='ltr'>Ἰουδαῖοι</span> <span class='ocrx_word' id='word_1_433' title='bbox 247 2663 295 2699; x_wconf 55' lang='grc' dir='ltr'>ἧς</span> <span class='ocrx_word' id='word_1_434' title='bbox 309 2655 440 2697; x_wconf 69' lang='grc' dir='ltr'>υἱοθεσίας</span> <span class='ocrx_word' id='word_1_435' title='bbox 452 2655 639 2702; x_wconf 73' lang='grc' dir='ltr'>μετεποιοῦντο</span> <span class='ocrx_word' id='word_1_436' title='bbox 650 2664 689 2702; x_wconf 75' lang='grc'><strong>⁸³,</strong></span> <span class='ocrx_word' id='word_1_437' title='bbox 705 2678 718 2691; x_wconf 78' lang='grc' dir='ltr'>ι</span> <span class='ocrx_word' id='word_1_438' title='bbox 732 2655 810 2699; x_wconf 77' lang='grc' dir='ltr'>Υἱοὺς</span> 
     </span>
    </p>
   </div>
   <div class='ocr_carea' id='block_1_56' title="bbox 877 249 1680 286">
    <p class='ocr_par' dir='ltr' id='par_1_56' title="bbox 877 249 1680 286">
     <span class='ocr_line' id='line_1_56' title="bbox 877 249 1680 286; baseline 0.004 -10"><span class='ocrx_word' id='word_1_439' title='bbox 877 249 1069 277; x_wconf 83' lang='lat' dir='ltr'><strong>resurrexeris.</strong></span> <span class='ocrx_word' id='word_1_440' title='bbox 1091 249 1228 277; x_wconf 79' lang='lat' dir='ltr'><strong>Mortiﬂca</strong></span> <span class='ocrx_word' id='word_1_441' title='bbox 1253 249 1345 286; x_wconf 87' lang='lat' dir='ltr'><strong>itaque</strong></span> <span class='ocrx_word' id='word_1_442' title='bbox 1375 257 1491 286; x_wconf 88' lang='lat' dir='ltr'><strong>corpus,</strong></span> <span class='ocrx_word' id='word_1_443' title='bbox 1513 254 1543 278; x_wconf 89' lang='lat' dir='ltr'><strong>ut</strong></span> <span class='ocrx_word' id='word_1_444' title='bbox 1573 250 1680 279; x_wconf 78' lang='lat' dir='ltr'><strong>habitet</strong></span> 
     </span>
    </p>
   </div>
   <div class='ocr_carea' id='block_1_57' title="bbox 878 293 1679 331">
    <p class='ocr_par' dir='ltr' id='par_1_57' title="bbox 878 293 1679 331">
     <span class='ocr_line' id='line_1_57' title="bbox 878 293 1679 331; baseline 0.002 -9"><span class='ocrx_word' id='word_1_445' title='bbox 878 293 998 329; x_wconf 91' lang='lat' dir='ltr'><strong>Spiritus</strong></span> <span class='ocrx_word' id='word_1_446' title='bbox 1018 293 1045 321; x_wconf 88' lang='lat' dir='ltr'><strong>in</strong></span> <span class='ocrx_word' id='word_1_447' title='bbox 1059 297 1102 328; x_wconf 90' lang='lat' dir='ltr'><strong>te,</strong></span> <span class='ocrx_word' id='word_1_448' title='bbox 1130 301 1161 321; x_wconf 88' lang='lat' dir='ltr'><strong>ac</strong></span> <span class='ocrx_word' id='word_1_449' title='bbox 1177 297 1288 330; x_wconf 79' lang='lat' dir='ltr'><strong>propter</strong></span> <span class='ocrx_word' id='word_1_450' title='bbox 1314 293 1406 329; x_wconf 91' lang='lat' dir='ltr'><strong>ipsum</strong></span> <span class='ocrx_word' id='word_1_451' title='bbox 1427 293 1478 322; x_wconf 89' lang='lat' dir='ltr'><strong>tibi</strong></span> <span class='ocrx_word' id='word_1_452' title='bbox 1502 294 1557 322; x_wconf 86' lang='lat' dir='ltr'><strong>vita</strong></span> <span class='ocrx_word' id='word_1_453' title='bbox 1581 294 1679 331; x_wconf 86' lang='lat' dir='ltr'><strong>imper-</strong></span> 
     </span>
    </p>
   </div>
   <div class='ocr_carea' id='block_1_58' title="bbox 879 338 973 366">
    <p class='ocr_par' dir='ltr' id='par_1_58' title="bbox 879 338 973 366">
     <span class='ocr_line' id='line_1_58' title="bbox 879 338 973 366; baseline 0 0"><span class='ocrx_word' id='word_1_454' title='bbox 879 338 973 366; x_wconf 84' lang='lat' dir='ltr'><strong>tiatur.</strong></span> 
     </span>
    </p>
   </div>
   <div class='ocr_carea' id='block_1_59' title="bbox 915 382 1678 420">
    <p class='ocr_par' dir='ltr' id='par_1_59' title="bbox 915 382 1678 420">
     <span class='ocr_line' id='line_1_59' title="bbox 915 382 1678 420; baseline 0.003 -10"><span class='ocrx_word' id='word_1_455' title='bbox 915 383 1003 411; x_wconf 80' lang='lat' dir='ltr'><strong>Vsns.</strong></span> <span class='ocrx_word' id='word_1_456' title='bbox 1022 386 1064 411; x_wconf 87' lang='lat' dir='ltr'><strong>l2.</strong></span> <span class='ocrx_word' id='word_1_457' title='bbox 1086 394 1098 407; x_wconf 78' lang='grc' dir='ltr'><strong>ι</strong></span> <span class='ocrx_word' id='word_1_458' title='bbox 1115 382 1262 411; x_wconf 88' lang='lat' dir='ltr'><strong>Debitores</strong></span> <span class='ocrx_word' id='word_1_459' title='bbox 1276 383 1360 420; x_wconf 79' lang='lat' dir='ltr'><strong>igitur</strong></span> <span class='ocrx_word' id='word_1_460' title='bbox 1373 391 1482 419; x_wconf 86' lang='lat' dir='ltr'><strong>sumus,</strong></span> <span class='ocrx_word' id='word_1_461' title='bbox 1499 382 1610 418; x_wconf 79' lang='lat' dir='ltr'><strong>fratres,</strong></span> <span class='ocrx_word' id='word_1_462' title='bbox 1623 391 1678 412; x_wconf 89' lang='lat' dir='ltr'><strong>non</strong></span> 
     </span>
    </p>
   </div>
   <div class='ocr_carea' id='block_1_60' title="bbox 874 427 1679 457">
    <p class='ocr_par' dir='ltr' id='par_1_60' title="bbox 874 427 1679 457">
     <span class='ocr_line' id='line_1_60' title="bbox 874 427 1679 457; baseline 0 -2"><span class='ocrx_word' id='word_1_463' title='bbox 874 427 950 456; x_wconf 90' lang='lat' dir='ltr'><strong>carni</strong></span> <span class='ocrx_word' id='word_1_464' title='bbox 972 432 1003 455; x_wconf 90' lang='lat' dir='ltr'><strong>ut</strong></span> <span class='ocrx_word' id='word_1_465' title='bbox 1017 427 1170 456; x_wconf 89' lang='lat' dir='ltr'><strong>secundum</strong></span> <span class='ocrx_word' id='word_1_466' title='bbox 1193 436 1306 456; x_wconf 88' lang='lat' dir='ltr'><strong>carnem</strong></span> <span class='ocrx_word' id='word_1_467' title='bbox 1329 428 1462 456; x_wconf 83' lang='lat' dir='ltr'><strong>vivamus.</strong></span> <span class='ocrx_word' id='word_1_468' title='bbox 1480 440 1491 452; x_wconf 77' lang='grc' dir='ltr'><strong>ιι</strong></span> <span class='ocrx_word' id='word_1_469' title='bbox 1510 428 1581 457; x_wconf 90' lang='lat' dir='ltr'><strong>Cum</strong></span> <span class='ocrx_word' id='word_1_470' title='bbox 1605 428 1679 457; x_wconf 91' lang='lat' dir='ltr'><strong>indi-</strong></span> 
     </span>
    </p>
   </div>
   <div class='ocr_carea' id='block_1_61' title="bbox 877 473 1677 509">
    <p class='ocr_par' dir='ltr' id='par_1_61' title="bbox 877 473 1677 509">
     <span class='ocr_line' id='line_1_61' title="bbox 877 473 1677 509; baseline -0.001 -8"><span class='ocrx_word' id='word_1_471' title='bbox 877 477 966 501; x_wconf 88' lang='lat' dir='ltr'><strong>casset</strong></span> <span class='ocrx_word' id='word_1_472' title='bbox 981 477 1115 509; x_wconf 88' lang='lat' dir='ltr'><strong>quantum</strong></span> <span class='ocrx_word' id='word_1_473' title='bbox 1137 473 1345 501; x_wconf 73' lang='lat' dir='ltr'><strong>commoditatis</strong></span> <span class='ocrx_word' id='word_1_474' title='bbox 1368 473 1505 509; x_wconf 66' lang='lat' dir='ltr'><strong>praeberet</strong></span> <span class='ocrx_word' id='word_1_475' title='bbox 1526 473 1677 509; x_wconf 86' lang='lat' dir='ltr'><strong>spiritualis</strong></span> 
     </span>
    </p>
   </div>
   <div class='ocr_carea' id='block_1_62' title="bbox 876 517 1679 554">
    <p class='ocr_par' dir='ltr' id='par_1_62' title="bbox 876 517 1679 554">
     <span class='ocr_line' id='line_1_62' title="bbox 876 517 1679 554; baseline 0 -9"><span class='ocrx_word' id='word_1_476' title='bbox 876 518 942 550; x_wconf 86' lang='lat' dir='ltr'><strong>vita,</strong></span> <span class='ocrx_word' id='word_1_477' title='bbox 956 517 1090 545; x_wconf 89' lang='lat' dir='ltr'><strong>nimirum</strong></span> <span class='ocrx_word' id='word_1_478' title='bbox 1109 518 1183 554; x_wconf 93' lang='lat' dir='ltr'><strong>quod</strong></span> <span class='ocrx_word' id='word_1_479' title='bbox 1198 517 1339 546; x_wconf 83' lang='lat' dir='ltr'><strong>Christum</strong></span> <span class='ocrx_word' id='word_1_480' title='bbox 1363 517 1519 546; x_wconf 74' lang='lat' dir='ltr'><strong>inhabitare</strong></span> <span class='ocrx_word' id='word_1_481' title='bbox 1537 517 1630 551; x_wconf 83' lang='lat' dir='ltr'><strong>faciat,</strong></span> <span class='ocrx_word' id='word_1_482' title='bbox 1651 522 1679 545; x_wconf 81' lang='lat' dir='ltr'><strong>et</strong></span> 
     </span>
    </p>
   </div>
   <div class='ocr_carea' id='block_1_63' title="bbox 876 561 1678 598">
    <p class='ocr_par' dir='ltr' id='par_1_63' title="bbox 876 561 1678 598">
     <span class='ocr_line' id='line_1_63' title="bbox 876 561 1678 598; baseline 0 -8"><span class='ocrx_word' id='word_1_483' title='bbox 876 561 995 590; x_wconf 85' lang='lat' dir='ltr'><strong>viviﬁcet</strong></span> <span class='ocrx_word' id='word_1_484' title='bbox 1016 563 1145 590; x_wconf 75' lang='lat' dir='ltr'><strong>mortalia</strong></span> <span class='ocrx_word' id='word_1_485' title='bbox 1167 570 1282 598; x_wconf 88' lang='lat' dir='ltr'><strong>corpora</strong></span> <span class='ocrx_word' id='word_1_486' title='bbox 1300 571 1307 590; x_wconf 86' lang='lat'><strong>:</strong></span> <span class='ocrx_word' id='word_1_487' title='bbox 1323 562 1450 598; x_wconf 85' lang='lat' dir='ltr'><strong>deinceps</strong></span> <span class='ocrx_word' id='word_1_488' title='bbox 1463 567 1491 590; x_wconf 91' lang='lat' dir='ltr'><strong>et</strong></span> <span class='ocrx_word' id='word_1_489' title='bbox 1505 561 1678 590; x_wconf 85' lang='lat' dir='ltr'><strong>adhortatio-</strong></span> 
     </span>
    </p>
   </div>
   <div class='ocr_carea' id='block_1_64' title="bbox 874 606 1671 644">
    <p class='ocr_par' dir='ltr' id='par_1_64' title="bbox 874 606 1671 644">
     <span class='ocr_line' id='line_1_64' title="bbox 874 606 1671 644; baseline 0.001 -10"><span class='ocrx_word' id='word_1_490' title='bbox 874 615 938 635; x_wconf 85' lang='lat' dir='ltr'><strong>nem</strong></span> <span class='ocrx_word' id='word_1_491' title='bbox 952 607 979 634; x_wconf 92' lang='lat' dir='ltr'><strong>in</strong></span> <span class='ocrx_word' id='word_1_492' title='bbox 995 607 1118 635; x_wconf 91' lang='lat' dir='ltr'><strong>medium</strong></span> <span class='ocrx_word' id='word_1_493' title='bbox 1136 606 1229 640; x_wconf 78' lang='lat' dir='ltr'><strong>affert,</strong></span> <span class='ocrx_word' id='word_1_494' title='bbox 1242 607 1391 635; x_wconf 88' lang='lat' dir='ltr'><strong>ostendens</strong></span> <span class='ocrx_word' id='word_1_495' title='bbox 1415 607 1487 644; x_wconf 90' lang='lat' dir='ltr'><strong>quod</strong></span> <span class='ocrx_word' id='word_1_496' title='bbox 1502 615 1557 635; x_wconf 90' lang='lat' dir='ltr'><strong>non</strong></span> <span class='ocrx_word' id='word_1_497' title='bbox 1572 606 1671 635; x_wconf 77' lang='lat' dir='ltr'><strong>debea-</strong></span> 
     </span>
    </p>
   </div>
   <div class='ocr_carea' id='block_1_65' title="bbox 875 651 1678 688">
    <p class='ocr_par' dir='ltr' id='par_1_65' title="bbox 875 651 1678 688">
     <span class='ocr_line' id='line_1_65' title="bbox 875 651 1678 688; baseline 0 -9"><span class='ocrx_word' id='word_1_498' title='bbox 875 659 937 680; x_wconf 91' lang='lat' dir='ltr'><strong>mus</strong></span> <span class='ocrx_word' id='word_1_499' title='bbox 967 659 1050 688; x_wconf 89' lang='lat' dir='ltr'><strong>porro</strong></span> <span class='ocrx_word' id='word_1_500' title='bbox 1082 652 1233 688; x_wconf 81' lang='lat' dir='ltr'><strong>quidquam</strong></span> <span class='ocrx_word' id='word_1_501' title='bbox 1257 652 1344 685; x_wconf 86' lang='lat' dir='ltr'><strong>carni,</strong></span> <span class='ocrx_word' id='word_1_502' title='bbox 1369 651 1416 680; x_wconf 90' lang='lat' dir='ltr'><strong>sed</strong></span> <span class='ocrx_word' id='word_1_503' title='bbox 1435 652 1548 688; x_wconf 80' lang='lat' dir='ltr'><strong>Spiritui</strong></span> <span class='ocrx_word' id='word_1_504' title='bbox 1575 652 1678 688; x_wconf 84' lang='lat' dir='ltr'><strong>potius-</strong></span> 
     </span>
    </p>
   </div>
   <div class='ocr_carea' id='block_1_66' title="bbox 873 696 1680 733">
    <p class='ocr_par' dir='ltr' id='par_1_66' title="bbox 873 696 1680 733">
     <span class='ocr_line' id='line_1_66' title="bbox 873 696 1680 733; baseline -0.001 -8"><span class='ocrx_word' id='word_1_505' title='bbox 873 697 946 725; x_wconf 80' lang='lat' dir='ltr'><strong>Nam</strong></span> <span class='ocrx_word' id='word_1_506' title='bbox 961 704 1021 733; x_wconf 69' lang='lat' dir='ltr'><strong>quae</strong></span> <span class='ocrx_word' id='word_1_507' title='bbox 1040 698 1115 724; x_wconf 87' lang='lat' dir='ltr'><strong>Deus</strong></span> <span class='ocrx_word' id='word_1_508' title='bbox 1140 697 1168 724; x_wconf 91' lang='lat' dir='ltr'><strong>in</strong></span> <span class='ocrx_word' id='word_1_509' title='bbox 1182 705 1233 724; x_wconf 92' lang='lat' dir='ltr'><strong>nos</strong></span> <span class='ocrx_word' id='word_1_510' title='bbox 1249 697 1376 731; x_wconf 78' lang='lat' dir='ltr'><strong>contulit,</strong></span> <span class='ocrx_word' id='word_1_511' title='bbox 1393 705 1441 732; x_wconf 89' lang='lat' dir='ltr'><strong>per</strong></span> <span class='ocrx_word' id='word_1_512' title='bbox 1458 696 1577 732; x_wconf 80' lang='lat' dir='ltr'><strong>gratiam</strong></span> <span class='ocrx_word' id='word_1_513' title='bbox 1598 697 1680 725; x_wconf 88' lang='lat' dir='ltr'><strong>nobis</strong></span> 
     </span>
    </p>
   </div>
   <div class='ocr_carea' id='block_1_67' title="bbox 873 741 1677 777">
    <p class='ocr_par' dir='ltr' id='par_1_67' title="bbox 873 741 1677 777">
     <span class='ocr_line' id='line_1_67' title="bbox 873 741 1677 777; baseline 0 -8"><span class='ocrx_word' id='word_1_514' title='bbox 873 741 1055 777; x_wconf 82' lang='lat' dir='ltr'><strong>obtigerunt:</strong></span> <span class='ocrx_word' id='word_1_515' title='bbox 1079 749 1140 777; x_wconf 71' lang='lat' dir='ltr'><strong>quae</strong></span> <span class='ocrx_word' id='word_1_516' title='bbox 1164 749 1228 769; x_wconf 82' lang='lat' dir='ltr'><strong>vero</strong></span> <span class='ocrx_word' id='word_1_517' title='bbox 1249 746 1353 775; x_wconf 87' lang='lat' dir='ltr'><strong>nostra,</strong></span> <span class='ocrx_word' id='word_1_518' title='bbox 1378 749 1411 769; x_wconf 81' lang='lat' dir='ltr'><strong>ex</strong></span> <span class='ocrx_word' id='word_1_519' title='bbox 1434 741 1527 770; x_wconf 85' lang='lat' dir='ltr'><strong>debito</strong></span> <span class='ocrx_word' id='word_1_520' title='bbox 1540 746 1614 776; x_wconf 89' lang='lat' dir='ltr'><strong>sunt,</strong></span> <span class='ocrx_word' id='word_1_521' title='bbox 1638 741 1677 769; x_wconf 89' lang='lat' dir='ltr'><strong>iu-</strong></span> 
     </span>
    </p>
   </div>
   <div class='ocr_carea' id='block_1_68' title="bbox 873 785 1675 822">
    <p class='ocr_par' dir='ltr' id='par_1_68' title="bbox 873 785 1675 822">
     <span class='ocr_line' id='line_1_68' title="bbox 873 785 1675 822; baseline 0 -8"><span class='ocrx_word' id='word_1_522' title='bbox 873 785 1089 822; x_wconf 84' lang='lat' dir='ltr'><strong>evitabiliterque</strong></span> <span class='ocrx_word' id='word_1_523' title='bbox 1107 786 1290 822; x_wconf 89' lang='lat' dir='ltr'><strong>postulantur.</strong></span> <span class='ocrx_word' id='word_1_524' title='bbox 1315 786 1466 822; x_wconf 84' lang='lat' dir='ltr'><strong>Explicans</strong></span> <span class='ocrx_word' id='word_1_525' title='bbox 1488 790 1581 814; x_wconf 86' lang='lat' dir='ltr'><strong>autem</strong></span> <span class='ocrx_word' id='word_1_526' title='bbox 1605 793 1675 822; x_wconf 91' lang='lat' dir='ltr'><strong>quo-</strong></span> 
     </span>
    </p>
   </div>
   <div class='ocr_carea' id='block_1_69' title="bbox 875 830 1676 867">
    <p class='ocr_par' dir='ltr' id='par_1_69' title="bbox 875 830 1676 867">
     <span class='ocr_line' id='line_1_69' title="bbox 875 830 1676 867; baseline 0 -9"><span class='ocrx_word' id='word_1_527' title='bbox 875 831 959 859; x_wconf 90' lang='lat' dir='ltr'><strong>modo</strong></span> <span class='ocrx_word' id='word_1_528' title='bbox 980 830 1094 863; x_wconf 80' lang='lat' dir='ltr'><strong>dixerit,</strong></span> <span class='ocrx_word' id='word_1_529' title='bbox 1121 842 1134 855; x_wconf 79' lang='lat' dir='ltr'><strong>u</strong></span> <span class='ocrx_word' id='word_1_530' title='bbox 1162 831 1247 865; x_wconf 90' lang='lat' dir='ltr'><strong>carni,</strong></span> <span class='ocrx_word' id='word_1_531' title='bbox 1276 843 1288 855; x_wconf 82' lang='lat'><strong>-</strong></span> <span class='ocrx_word' id='word_1_532' title='bbox 1317 839 1351 858; x_wconf 86' lang='lat' dir='ltr'><strong>ne</strong></span> <span class='ocrx_word' id='word_1_533' title='bbox 1382 839 1431 867; x_wconf 91' lang='lat' dir='ltr'><strong>pro</strong></span> <span class='ocrx_word' id='word_1_534' title='bbox 1462 831 1553 859; x_wconf 88' lang='lat' dir='ltr'><strong>carnis</strong></span> <span class='ocrx_word' id='word_1_535' title='bbox 1579 835 1676 859; x_wconf 87' lang='lat' dir='ltr'><strong>natura</strong></span> 
     </span>
    </p>
   </div>
   <div class='ocr_carea' id='block_1_70' title="bbox 875 875 1677 912">
    <p class='ocr_par' dir='ltr' id='par_1_70' title="bbox 875 875 1677 912">
     <span class='ocr_line' id='line_1_70' title="bbox 875 875 1677 912; baseline -0.001 -8"><span class='ocrx_word' id='word_1_536' title='bbox 875 876 1002 912; x_wconf 84' lang='lat' dir='ltr'><strong>accipias,</strong></span> <span class='ocrx_word' id='word_1_537' title='bbox 1016 876 1121 910; x_wconf 82' lang='lat' dir='ltr'><strong>intulit,</strong></span> <span class='ocrx_word' id='word_1_538' title='bbox 1140 885 1155 902; x_wconf 78' lang='grc' dir='ltr'><strong>ιι</strong></span> <span class='ocrx_word' id='word_1_539' title='bbox 1170 880 1201 903; x_wconf 88' lang='lat' dir='ltr'><strong>ut</strong></span> <span class='ocrx_word' id='word_1_540' title='bbox 1214 876 1368 904; x_wconf 85' lang='lat' dir='ltr'><strong>secundum</strong></span> <span class='ocrx_word' id='word_1_541' title='bbox 1384 884 1495 904; x_wconf 88' lang='lat' dir='ltr'><strong>carnem</strong></span> <span class='ocrx_word' id='word_1_542' title='bbox 1510 875 1644 904; x_wconf 85' lang='lat' dir='ltr'><strong>vivamus.</strong></span> <span class='ocrx_word' id='word_1_543' title='bbox 1665 888 1677 900; x_wconf 78' lang='grc' dir='ltr'><strong>ι</strong></span> 
     </span>
    </p>
   </div>
   <div class='ocr_carea' id='block_1_71' title="bbox 873 920 1678 956">
    <p class='ocr_par' dir='ltr' id='par_1_71' title="bbox 873 920 1678 956">
     <span class='ocr_line' id='line_1_71' title="bbox 873 920 1678 956; baseline 0 -8"><span class='ocrx_word' id='word_1_544' title='bbox 873 921 934 948; x_wconf 77' lang='lat' dir='ltr'><strong>Non</strong></span> <span class='ocrx_word' id='word_1_545' title='bbox 966 920 1041 948; x_wconf 89' lang='lat' dir='ltr'><strong>enim</strong></span> <span class='ocrx_word' id='word_1_546' title='bbox 1059 920 1277 948; x_wconf 85' lang='lat' dir='ltr'><strong>sollicitudinem</strong></span> <span class='ocrx_word' id='word_1_547' title='bbox 1303 929 1352 956; x_wconf 88' lang='lat' dir='ltr'><strong>pro</strong></span> <span class='ocrx_word' id='word_1_548' title='bbox 1371 928 1453 948; x_wconf 88' lang='lat' dir='ltr'><strong>carne</strong></span> <span class='ocrx_word' id='word_1_549' title='bbox 1478 928 1590 956; x_wconf 86' lang='lat' dir='ltr'><strong>prorsus</strong></span> <span class='ocrx_word' id='word_1_550' title='bbox 1612 920 1678 948; x_wconf 91' lang='lat' dir='ltr'><strong>tollo</strong></span> 
     </span>
    </p>
   </div>
   <div class='ocr_carea' id='block_1_72' title="bbox 875 964 1678 1001">
    <p class='ocr_par' dir='ltr' id='par_1_72' title="bbox 875 964 1678 1001">
     <span class='ocr_line' id='line_1_72' title="bbox 875 964 1678 1001; baseline 0 -8"><span class='ocrx_word' id='word_1_551' title='bbox 875 965 1020 1001; x_wconf 86' lang='lat' dir='ltr'><strong>(siquidem</strong></span> <span class='ocrx_word' id='word_1_552' title='bbox 1036 964 1110 993; x_wconf 89' lang='lat' dir='ltr'><strong>haud</strong></span> <span class='ocrx_word' id='word_1_553' title='bbox 1126 973 1211 1001; x_wconf 86' lang='lat' dir='ltr'><strong>pauca</strong></span> <span class='ocrx_word' id='word_1_554' title='bbox 1224 965 1248 992; x_wconf 83' lang='lat' dir='ltr'><strong>ei</strong></span> <span class='ocrx_word' id='word_1_555' title='bbox 1262 964 1412 993; x_wconf 81' lang='lat' dir='ltr'><strong>debemus:</strong></span> <span class='ocrx_word' id='word_1_556' title='bbox 1429 969 1470 993; x_wconf 88' lang='lat' dir='ltr'><strong>est</strong></span> <span class='ocrx_word' id='word_1_557' title='bbox 1482 965 1555 992; x_wconf 89' lang='lat' dir='ltr'><strong>enim</strong></span> <span class='ocrx_word' id='word_1_558' title='bbox 1570 964 1678 994; x_wconf 68' lang='lat' dir='ltr'><strong>alenda.</strong></span> 
     </span>
    </p>
   </div>
   <div class='ocr_carea' id='block_1_73' title="bbox 873 1009 1675 1044">
    <p class='ocr_par' dir='ltr' id='par_1_73' title="bbox 873 1009 1675 1044">
     <span class='ocr_line' id='line_1_73' title="bbox 873 1009 1675 1044; baseline 0 -6"><span class='ocrx_word' id='word_1_559' title='bbox 873 1014 914 1038; x_wconf 90' lang='lat' dir='ltr'><strong>est</strong></span> <span class='ocrx_word' id='word_1_560' title='bbox 936 1010 1020 1038; x_wconf 86' lang='lat' dir='ltr'><strong>etiam</strong></span> <span class='ocrx_word' id='word_1_561' title='bbox 1041 1009 1155 1038; x_wconf 82' lang='lat' dir='ltr'><strong>fovenda</strong></span> <span class='ocrx_word' id='word_1_562' title='bbox 1171 1010 1273 1044; x_wconf 91' lang='lat' dir='ltr'><strong>nobis),</strong></span> <span class='ocrx_word' id='word_1_563' title='bbox 1289 1010 1335 1038; x_wconf 91' lang='lat' dir='ltr'><strong>sed</strong></span> <span class='ocrx_word' id='word_1_564' title='bbox 1349 1009 1474 1038; x_wconf 88' lang='lat' dir='ltr'><strong>studium</strong></span> <span class='ocrx_word' id='word_1_565' title='bbox 1493 1013 1521 1038; x_wconf 91' lang='lat' dir='ltr'><strong>et</strong></span> <span class='ocrx_word' id='word_1_566' title='bbox 1543 1013 1675 1038; x_wconf 87' lang='lat' dir='ltr'><strong>conatum</strong></span> 
     </span>
    </p>
   </div>
   <div class='ocr_carea' id='block_1_74' title="bbox 874 1054 1677 1091">
    <p class='ocr_par' dir='ltr' id='par_1_74' title="bbox 874 1054 1677 1091">
     <span class='ocr_line' id='line_1_74' title="bbox 874 1054 1677 1091; baseline 0 -9"><span class='ocrx_word' id='word_1_567' title='bbox 874 1055 921 1091; x_wconf 89' lang='lat' dir='ltr'><strong>qui</strong></span> <span class='ocrx_word' id='word_1_568' title='bbox 944 1062 996 1083; x_wconf 89' lang='lat' dir='ltr'><strong>nos</strong></span> <span class='ocrx_word' id='word_1_569' title='bbox 1026 1054 1061 1082; x_wconf 86' lang='lat' dir='ltr'><strong>ad</strong></span> <span class='ocrx_word' id='word_1_570' title='bbox 1092 1059 1233 1091; x_wconf 87' lang='lat' dir='ltr'><strong>peccatum</strong></span> <span class='ocrx_word' id='word_1_571' title='bbox 1256 1055 1342 1083; x_wconf 82' lang='lat' dir='ltr'><strong>ducit.</strong></span> <span class='ocrx_word' id='word_1_572' title='bbox 1373 1054 1535 1083; x_wconf 88' lang='lat' dir='ltr'><strong>Secundum</strong></span> <span class='ocrx_word' id='word_1_573' title='bbox 1565 1062 1677 1083; x_wconf 85' lang='lat' dir='ltr'><strong>carnem</strong></span> 
     </span>
    </p>
   </div>
   <div class='ocr_carea' id='block_1_75' title="bbox 875 1099 1678 1136">
    <p class='ocr_par' dir='ltr' id='par_1_75' title="bbox 875 1099 1678 1136">
     <span class='ocr_line' id='line_1_75' title="bbox 875 1099 1678 1136; baseline 0.001 -9"><span class='ocrx_word' id='word_1_574' title='bbox 875 1100 949 1128; x_wconf 90' lang='lat' dir='ltr'><strong>enim</strong></span> <span class='ocrx_word' id='word_1_575' title='bbox 982 1100 1063 1135; x_wconf 87' lang='lat' dir='ltr'><strong>vivit,</strong></span> <span class='ocrx_word' id='word_1_576' title='bbox 1100 1099 1146 1136; x_wconf 90' lang='lat' dir='ltr'><strong>qui</strong></span> <span class='ocrx_word' id='word_1_577' title='bbox 1173 1108 1285 1128; x_wconf 89' lang='lat' dir='ltr'><strong>carnem</strong></span> <span class='ocrx_word' id='word_1_578' title='bbox 1309 1099 1453 1128; x_wconf 88' lang='lat' dir='ltr'><strong>dominam</strong></span> <span class='ocrx_word' id='word_1_579' title='bbox 1484 1099 1546 1128; x_wconf 71' lang='lat' dir='ltr'><strong>vitae</strong></span> <span class='ocrx_word' id='word_1_580' title='bbox 1574 1103 1678 1128; x_wconf 80' lang='lat' dir='ltr'><strong>nostrae</strong></span> 
     </span>
    </p>
   </div>
   <div class='ocr_carea' id='block_1_76' title="bbox 876 1145 1275 1182">
    <p class='ocr_par' dir='ltr' id='par_1_76' title="bbox 876 1145 1275 1182">
     <span class='ocr_line' id='line_1_76' title="bbox 876 1145 1275 1182; baseline 0 -10"><span class='ocrx_word' id='word_1_581' title='bbox 876 1145 1057 1182; x_wconf 76' lang='lat' dir='ltr'><strong>reginamqne</strong></span> <span class='ocrx_word' id='word_1_582' title='bbox 1077 1145 1180 1173; x_wconf 74' lang='lat' dir='ltr'><strong>anima:</strong></span> <span class='ocrx_word' id='word_1_583' title='bbox 1201 1145 1275 1173; x_wconf 80' lang='lat' dir='ltr'><strong>facit.</strong></span> 
     </span>
    </p>
   </div>
   <div class='ocr_carea' id='block_1_77' title="bbox 910 1189 1678 1224">
    <p class='ocr_par' dir='ltr' id='par_1_77' title="bbox 910 1189 1678 1224">
     <span class='ocr_line' id='line_1_77' title="bbox 910 1189 1678 1224; baseline 0 -6"><span class='ocrx_word' id='word_1_584' title='bbox 910 1191 995 1218; x_wconf 71' lang='lat' dir='ltr'><strong>Vens.</strong></span> <span class='ocrx_word' id='word_1_585' title='bbox 1019 1193 1062 1218; x_wconf 76' lang='lat'><strong>13.</strong></span> <span class='ocrx_word' id='word_1_586' title='bbox 1091 1201 1103 1214; x_wconf 76' lang='grc' dir='ltr'>ι</span> <span class='ocrx_word' id='word_1_587' title='bbox 1132 1190 1160 1218; x_wconf 91' lang='lat' dir='ltr'><strong>Si</strong></span> <span class='ocrx_word' id='word_1_588' title='bbox 1176 1190 1250 1218; x_wconf 87' lang='lat' dir='ltr'><strong>enim</strong></span> <span class='ocrx_word' id='word_1_589' title='bbox 1274 1189 1426 1218; x_wconf 85' lang='lat' dir='ltr'><strong>secundum</strong></span> <span class='ocrx_word' id='word_1_590' title='bbox 1440 1197 1550 1218; x_wconf 85' lang='lat' dir='ltr'><strong>carnem</strong></span> <span class='ocrx_word' id='word_1_591' title='bbox 1565 1189 1678 1224; x_wconf 78' lang='lat' dir='ltr'><strong>vivatis,</strong></span> 
     </span>
    </p>
   </div>
   <div class='ocr_carea' id='block_1_78' title="bbox 872 1234 1679 1270">
    <p class='ocr_par' dir='ltr' id='par_1_78' title="bbox 872 1234 1679 1270">
     <span class='ocr_line' id='line_1_78' title="bbox 872 1234 1679 1270; baseline -0.002 -7"><span class='ocrx_word' id='word_1_592' title='bbox 872 1235 1026 1263; x_wconf 88' lang='lat' dir='ltr'><strong>moriemini</strong></span> <span class='ocrx_word' id='word_1_593' title='bbox 1041 1244 1047 1261; x_wconf 95' lang='lat'><strong>:</strong></span> <span class='ocrx_word' id='word_1_594' title='bbox 1061 1235 1105 1263; x_wconf 90' lang='lat' dir='ltr'><strong>sin</strong></span> <span class='ocrx_word' id='word_1_595' title='bbox 1124 1234 1227 1270; x_wconf 91' lang='lat' dir='ltr'><strong>Spiritu</strong></span> <span class='ocrx_word' id='word_1_596' title='bbox 1255 1234 1327 1262; x_wconf 85' lang='lat' dir='ltr'><strong>facta</strong></span> <span class='ocrx_word' id='word_1_597' title='bbox 1350 1234 1473 1270; x_wconf 86' lang='lat' dir='ltr'><strong>corporis</strong></span> <span class='ocrx_word' id='word_1_598' title='bbox 1494 1234 1679 1264; x_wconf 60' lang='lat' dir='ltr'><strong>mortiﬁcatis,</strong></span> 
     </span>
    </p>
   </div>
   <div class='ocr_carea' id='block_1_79' title="bbox 874 1279 1675 1308">
    <p class='ocr_par' dir='ltr' id='par_1_79' title="bbox 874 1279 1675 1308">
     <span class='ocr_line' id='line_1_79' title="bbox 874 1279 1675 1308; baseline 0 -1"><span class='ocrx_word' id='word_1_599' title='bbox 874 1279 980 1308; x_wconf 82' lang='lat' dir='ltr'><strong>vivetis.</strong></span> <span class='ocrx_word' id='word_1_600' title='bbox 1007 1291 1020 1304; x_wconf 77' lang='grc' dir='ltr'><strong>ιι</strong></span> <span class='ocrx_word' id='word_1_601' title='bbox 1038 1281 1158 1308; x_wconf 84' lang='lat' dir='ltr'><strong>Mortem</strong></span> <span class='ocrx_word' id='word_1_602' title='bbox 1171 1279 1217 1307; x_wconf 91' lang='lat' dir='ltr'><strong>hic</strong></span> <span class='ocrx_word' id='word_1_603' title='bbox 1232 1279 1299 1308; x_wconf 84' lang='lat' dir='ltr'><strong>dicit</strong></span> <span class='ocrx_word' id='word_1_604' title='bbox 1318 1287 1372 1307; x_wconf 90' lang='lat' dir='ltr'><strong>non</strong></span> <span class='ocrx_word' id='word_1_605' title='bbox 1385 1279 1477 1308; x_wconf 85' lang='lat' dir='ltr'><strong>solum</strong></span> <span class='ocrx_word' id='word_1_606' title='bbox 1492 1279 1675 1308; x_wconf 84' lang='lat' dir='ltr'><strong>immortalem</strong></span> 
     </span>
    </p>
   </div>
   <div class='ocr_carea' id='block_1_80' title="bbox 873 1324 1675 1361">
    <p class='ocr_par' dir='ltr' id='par_1_80' title="bbox 873 1324 1675 1361">
     <span class='ocr_line' id='line_1_80' title="bbox 873 1324 1675 1361; baseline 0 -9"><span class='ocrx_word' id='word_1_607' title='bbox 873 1332 934 1360; x_wconf 62' lang='lat' dir='ltr'><strong>quae</strong></span> <span class='ocrx_word' id='word_1_608' title='bbox 949 1327 991 1352; x_wconf 89' lang='lat' dir='ltr'><strong>est</strong></span> <span class='ocrx_word' id='word_1_609' title='bbox 1014 1324 1042 1352; x_wconf 91' lang='lat' dir='ltr'><strong>in</strong></span> <span class='ocrx_word' id='word_1_610' title='bbox 1057 1325 1185 1360; x_wconf 77' lang='lat' dir='ltr'><strong>gehenna</strong></span> <span class='ocrx_word' id='word_1_611' title='bbox 1209 1332 1331 1361; x_wconf 65' lang='lat' dir='ltr'><strong>penam,</strong></span> <span class='ocrx_word' id='word_1_612' title='bbox 1347 1329 1479 1353; x_wconf 78' lang='lat' dir='ltr'><strong>caeterum</strong></span> <span class='ocrx_word' id='word_1_613' title='bbox 1493 1324 1579 1361; x_wconf 91' lang='lat' dir='ltr'><strong>ipsam</strong></span> <span class='ocrx_word' id='word_1_614' title='bbox 1592 1324 1675 1353; x_wconf 86' lang='lat' dir='ltr'><strong>etiam</strong></span> 
     </span>
    </p>
   </div>
   <div class='ocr_carea' id='block_1_81' title="bbox 874 1369 1675 1406">
    <p class='ocr_par' dir='ltr' id='par_1_81' title="bbox 874 1369 1675 1406">
     <span class='ocr_line' id='line_1_81' title="bbox 874 1369 1675 1406; baseline -0.001 -9"><span class='ocrx_word' id='word_1_615' title='bbox 874 1369 919 1397; x_wconf 87' lang='lat' dir='ltr'><strong>hic</strong></span> <span class='ocrx_word' id='word_1_616' title='bbox 931 1369 958 1397; x_wconf 90' lang='lat' dir='ltr'><strong>in</strong></span> <span class='ocrx_word' id='word_1_617' title='bbox 977 1369 1100 1398; x_wconf 81' lang='lat' dir='ltr'><strong>scelestis</strong></span> <span class='ocrx_word' id='word_1_618' title='bbox 1124 1369 1296 1398; x_wconf 79' lang='lat' dir='ltr'><strong>facinoribus</strong></span> <span class='ocrx_word' id='word_1_619' title='bbox 1313 1370 1397 1398; x_wconf 88' lang='lat' dir='ltr'><strong>vitam</strong></span> <span class='ocrx_word' id='word_1_620' title='bbox 1413 1374 1533 1398; x_wconf 88' lang='lat' dir='ltr'><strong>mortem</strong></span> <span class='ocrx_word' id='word_1_621' title='bbox 1546 1369 1675 1406; x_wconf 89' lang='lat' dir='ltr'><strong>appellat.</strong></span> 
     </span>
    </p>
   </div>
   <div class='ocr_carea' id='block_1_82' title="bbox 873 1414 1676 1450">
    <p class='ocr_par' dir='ltr' id='par_1_82' title="bbox 873 1414 1676 1450">
     <span class='ocr_line' id='line_1_82' title="bbox 873 1414 1676 1450; baseline 0 -8"><span class='ocrx_word' id='word_1_622' title='bbox 873 1414 947 1442; x_wconf 88' lang='lat' dir='ltr'><strong>Sient</strong></span> <span class='ocrx_word' id='word_1_623' title='bbox 957 1419 1065 1446; x_wconf 75' lang='lat' dir='ltr'><strong>contra,</strong></span> <span class='ocrx_word' id='word_1_624' title='bbox 1078 1415 1102 1442; x_wconf 93' lang='lat' dir='ltr'><strong>si</strong></span> <span class='ocrx_word' id='word_1_625' title='bbox 1114 1422 1162 1450; x_wconf 91' lang='lat' dir='ltr'><strong>per</strong></span> <span class='ocrx_word' id='word_1_626' title='bbox 1173 1414 1340 1450; x_wconf 89' lang='lat' dir='ltr'><strong>spiritualem</strong></span> <span class='ocrx_word' id='word_1_627' title='bbox 1357 1415 1442 1442; x_wconf 86' lang='lat' dir='ltr'><strong>vitam</strong></span> <span class='ocrx_word' id='word_1_628' title='bbox 1459 1422 1541 1450; x_wconf 87' lang='lat' dir='ltr'><strong>prava</strong></span> <span class='ocrx_word' id='word_1_629' title='bbox 1551 1414 1676 1450; x_wconf 81' lang='lat' dir='ltr'><strong>corporis</strong></span> 
     </span>
    </p>
   </div>
   <div class='ocr_carea' id='block_1_83' title="bbox 874 1458 1676 1495">
    <p class='ocr_par' dir='ltr' id='par_1_83' title="bbox 874 1458 1676 1495">
     <span class='ocr_line' id='line_1_83' title="bbox 874 1458 1676 1495; baseline -0.001 -8"><span class='ocrx_word' id='word_1_630' title='bbox 874 1467 956 1495; x_wconf 85' lang='lat' dir='ltr'><strong>opera</strong></span> <span class='ocrx_word' id='word_1_631' title='bbox 976 1458 1186 1493; x_wconf 85' lang='lat' dir='ltr'><strong>mortiﬁcemus,</strong></span> <span class='ocrx_word' id='word_1_632' title='bbox 1206 1459 1288 1487; x_wconf 84' lang='lat' dir='ltr'><strong>vitam</strong></span> <span class='ocrx_word' id='word_1_633' title='bbox 1303 1467 1367 1487; x_wconf 92' lang='lat' dir='ltr'><strong>cum</strong></span> <span class='ocrx_word' id='word_1_634' title='bbox 1390 1458 1511 1487; x_wconf 84' lang='lat' dir='ltr'><strong>futuram</strong></span> <span class='ocrx_word' id='word_1_635' title='bbox 1534 1458 1676 1487; x_wconf 77' lang='lat' dir='ltr'><strong>indissolu~</strong></span> 
     </span>
    </p>
   </div>
   <div class='ocr_carea' id='block_1_84' title="bbox 873 1503 1674 1540">
    <p class='ocr_par' dir='ltr' id='par_1_84' title="bbox 873 1503 1674 1540">
     <span class='ocr_line' id='line_1_84' title="bbox 873 1503 1674 1540; baseline -0.001 -9"><span class='ocrx_word' id='word_1_636' title='bbox 873 1503 968 1538; x_wconf 82' lang='lat' dir='ltr'><strong>bilem,</strong></span> <span class='ocrx_word' id='word_1_637' title='bbox 984 1507 1043 1532; x_wconf 89' lang='lat' dir='ltr'><strong>tum</strong></span> <span class='ocrx_word' id='word_1_638' title='bbox 1057 1507 1222 1540; x_wconf 66' lang='lat' dir='ltr'><strong>praesentem</strong></span> <span class='ocrx_word' id='word_1_639' title='bbox 1241 1511 1303 1540; x_wconf 65' lang='lat' dir='ltr'><strong>qum</strong></span> <span class='ocrx_word' id='word_1_640' title='bbox 1316 1508 1358 1532; x_wconf 89' lang='lat' dir='ltr'><strong>est</strong></span> <span class='ocrx_word' id='word_1_641' title='bbox 1371 1503 1399 1532; x_wconf 90' lang='lat' dir='ltr'><strong>in</strong></span> <span class='ocrx_word' id='word_1_642' title='bbox 1415 1503 1525 1538; x_wconf 92' lang='lat' dir='ltr'><strong>virtute,</strong></span> <span class='ocrx_word' id='word_1_643' title='bbox 1543 1503 1674 1531; x_wconf 84' lang='lat' dir='ltr'><strong>vivemus.</strong></span> 
     </span>
    </p>
   </div>
   <div class='ocr_carea' id='block_1_85' title="bbox 871 1547 1674 1584">
    <p class='ocr_par' dir='ltr' id='par_1_85' title="bbox 871 1547 1674 1584">
     <span class='ocr_line' id='line_1_85' title="bbox 871 1547 1674 1584; baseline 0 -8"><span class='ocrx_word' id='word_1_644' title='bbox 871 1549 944 1576; x_wconf 86' lang='lat' dir='ltr'><strong>Nam</strong></span> <span class='ocrx_word' id='word_1_645' title='bbox 971 1548 1016 1584; x_wconf 92' lang='lat' dir='ltr'><strong>qui</strong></span> <span class='ocrx_word' id='word_1_646' title='bbox 1039 1548 1142 1576; x_wconf 90' lang='lat' dir='ltr'><strong>mundo</strong></span> <span class='ocrx_word' id='word_1_647' title='bbox 1171 1553 1298 1576; x_wconf 89' lang='lat' dir='ltr'><strong>mortuus</strong></span> <span class='ocrx_word' id='word_1_648' title='bbox 1324 1552 1375 1581; x_wconf 82' lang='lat' dir='ltr'><strong>est.</strong></span> <span class='ocrx_word' id='word_1_649' title='bbox 1400 1549 1423 1576; x_wconf 92' lang='lat' dir='ltr'><strong>is</strong></span> <span class='ocrx_word' id='word_1_650' title='bbox 1454 1548 1528 1576; x_wconf 84' lang='lat' dir='ltr'><strong>vivit.</strong></span> <span class='ocrx_word' id='word_1_651' title='bbox 1553 1547 1674 1577; x_wconf 78' lang='lat' dir='ltr'><strong>Observa</strong></span> 
     </span>
    </p>
   </div>
   <div class='ocr_carea' id='block_1_86' title="bbox 878 1592 1674 1629">
    <p class='ocr_par' dir='ltr' id='par_1_86' title="bbox 878 1592 1674 1629">
     <span class='ocr_line' id='line_1_86' title="bbox 878 1592 1674 1629; baseline -0.001 -8"><span class='ocrx_word' id='word_1_652' title='bbox 878 1597 972 1621; x_wconf 89' lang='lat' dir='ltr'><strong>autem</strong></span> <span class='ocrx_word' id='word_1_653' title='bbox 1001 1593 1074 1629; x_wconf 90' lang='lat' dir='ltr'><strong>quod</strong></span> <span class='ocrx_word' id='word_1_654' title='bbox 1100 1601 1158 1621; x_wconf 89' lang='lat' dir='ltr'><strong>non</strong></span> <span class='ocrx_word' id='word_1_655' title='bbox 1191 1593 1300 1627; x_wconf 84' lang='lat' dir='ltr'><strong>dixerit,</strong></span> <span class='ocrx_word' id='word_1_656' title='bbox 1332 1594 1438 1629; x_wconf 88' lang='lat' dir='ltr'><strong>Corpus</strong></span> <span class='ocrx_word' id='word_1_657' title='bbox 1462 1592 1627 1627; x_wconf 89' lang='lat' dir='ltr'><strong>occideritis,</strong></span> <span class='ocrx_word' id='word_1_658' title='bbox 1646 1592 1674 1621; x_wconf 88' lang='lat' dir='ltr'><strong>id</strong></span> 
     </span>
    </p>
   </div>
   <div class='ocr_carea' id='block_1_87' title="bbox 871 1637 1671 1674">
    <p class='ocr_par' dir='ltr' id='par_1_87' title="bbox 871 1637 1671 1674">
     <span class='ocr_line' id='line_1_87' title="bbox 871 1637 1671 1674; baseline 0.001 -9"><span class='ocrx_word' id='word_1_659' title='bbox 871 1638 948 1666; x_wconf 88' lang='lat' dir='ltr'><strong>enim</strong></span> <span class='ocrx_word' id='word_1_660' title='bbox 972 1637 1156 1666; x_wconf 82' lang='lat' dir='ltr'><strong>homicidium</strong></span> <span class='ocrx_word' id='word_1_661' title='bbox 1183 1637 1265 1672; x_wconf 80' lang='lat' dir='ltr'><strong>foret,</strong></span> <span class='ocrx_word' id='word_1_662' title='bbox 1284 1637 1344 1671; x_wconf 90' lang='lat' dir='ltr'><strong>sed,</strong></span> <span class='ocrx_word' id='word_1_663' title='bbox 1371 1650 1384 1662; x_wconf 75' lang='grc' dir='ltr'><strong>ι</strong></span> <span class='ocrx_word' id='word_1_664' title='bbox 1402 1646 1484 1674; x_wconf 87' lang='lat' dir='ltr'><strong>opera</strong></span> <span class='ocrx_word' id='word_1_665' title='bbox 1499 1637 1634 1674; x_wconf 83' lang='lat' dir='ltr'><strong>corporis,</strong></span> <span class='ocrx_word' id='word_1_666' title='bbox 1658 1650 1671 1662; x_wconf 71' lang='grc' dir='ltr'><strong>ιι</strong></span> 
     </span>
    </p>
   </div>
   <div class='ocr_carea' id='block_1_88' title="bbox 871 1681 1674 1718">
    <p class='ocr_par' dir='ltr' id='par_1_88' title="bbox 871 1681 1674 1718">
     <span class='ocr_line' id='line_1_88' title="bbox 871 1681 1674 1718; baseline 0 -8"><span class='ocrx_word' id='word_1_667' title='bbox 871 1690 958 1718; x_wconf 87' lang='lat' dir='ltr'><strong>eaque</strong></span> <span class='ocrx_word' id='word_1_668' title='bbox 973 1690 1066 1718; x_wconf 86' lang='lat' dir='ltr'><strong>prava.</strong></span> <span class='ocrx_word' id='word_1_669' title='bbox 1084 1684 1147 1711; x_wconf 86' lang='lat' dir='ltr'><strong>Non</strong></span> <span class='ocrx_word' id='word_1_670' title='bbox 1168 1683 1240 1711; x_wconf 88' lang='lat' dir='ltr'><strong>enim</strong></span> <span class='ocrx_word' id='word_1_671' title='bbox 1254 1683 1346 1711; x_wconf 87' lang='lat' dir='ltr'><strong>videre</strong></span> <span class='ocrx_word' id='word_1_672' title='bbox 1362 1683 1524 1718; x_wconf 87' lang='lat' dir='ltr'><strong>simpliciter</strong></span> <span class='ocrx_word' id='word_1_673' title='bbox 1539 1687 1566 1711; x_wconf 89' lang='lat' dir='ltr'><strong>et</strong></span> <span class='ocrx_word' id='word_1_674' title='bbox 1579 1681 1674 1711; x_wconf 88' lang='lat' dir='ltr'><strong>audire</strong></span> 
     </span>
    </p>
   </div>
   <div class='ocr_carea' id='block_1_89' title="bbox 872 1726 1671 1763">
    <p class='ocr_par' dir='ltr' id='par_1_89' title="bbox 872 1726 1671 1763">
     <span class='ocr_line' id='line_1_89' title="bbox 872 1726 1671 1763; baseline -0.001 -8"><span class='ocrx_word' id='word_1_675' title='bbox 872 1726 945 1763; x_wconf 71' lang='lat' dir='ltr'><strong>(quin</strong></span> <span class='ocrx_word' id='word_1_676' title='bbox 967 1731 1032 1755; x_wconf 90' lang='lat' dir='ltr'><strong>sunt</strong></span> <span class='ocrx_word' id='word_1_677' title='bbox 1052 1735 1136 1763; x_wconf 88' lang='lat' dir='ltr'><strong>opera</strong></span> <span class='ocrx_word' id='word_1_678' title='bbox 1153 1727 1275 1763; x_wconf 90' lang='lat' dir='ltr'><strong>corporis</strong></span> <span class='ocrx_word' id='word_1_679' title='bbox 1292 1727 1438 1761; x_wconf 89' lang='lat' dir='ltr'><strong>naturalia)</strong></span> <span class='ocrx_word' id='word_1_680' title='bbox 1452 1727 1573 1756; x_wconf 88' lang='lat' dir='ltr'><strong>tollenda</strong></span> <span class='ocrx_word' id='word_1_681' title='bbox 1596 1731 1671 1760; x_wconf 85' lang='lat' dir='ltr'><strong>sunt,</strong></span> 
     </span>
    </p>
   </div>
   <div class='ocr_carea' id='block_1_90' title="bbox 870 1771 1169 1800">
    <p class='ocr_par' dir='ltr' id='par_1_90' title="bbox 870 1771 1169 1800">
     <span class='ocr_line' id='line_1_90' title="bbox 870 1771 1169 1800; baseline 0 0"><span class='ocrx_word' id='word_1_682' title='bbox 870 1772 919 1800; x_wconf 87' lang='lat' dir='ltr'><strong>sed</strong></span> <span class='ocrx_word' id='word_1_683' title='bbox 929 1771 1033 1800; x_wconf 78' lang='lat' dir='ltr'><strong>abusus</strong></span> <span class='ocrx_word' id='word_1_684' title='bbox 1047 1771 1169 1800; x_wconf 88' lang='lat' dir='ltr'><strong>illorum.</strong></span> 
     </span>
    </p>
   </div>
   <div class='ocr_carea' id='block_1_91' title="bbox 907 1816 1672 1853">
    <p class='ocr_par' dir='ltr' id='par_1_91' title="bbox 907 1816 1672 1853">
     <span class='ocr_line' id='line_1_91' title="bbox 907 1816 1672 1853; baseline -0.001 -8"><span class='ocrx_word' id='word_1_685' title='bbox 907 1817 998 1845; x_wconf 72' lang='lat' dir='ltr'><strong>Vsus.</strong></span> <span class='ocrx_word' id='word_1_686' title='bbox 1016 1819 1060 1845; x_wconf 80' lang='lat'><strong>14.</strong></span> <span class='ocrx_word' id='word_1_687' title='bbox 1073 1828 1085 1841; x_wconf 74' lang='grc' dir='ltr'><strong>σ</strong></span> <span class='ocrx_word' id='word_1_688' title='bbox 1100 1817 1263 1853; x_wconf 88' lang='lat' dir='ltr'><strong>Quicunque</strong></span> <span class='ocrx_word' id='word_1_689' title='bbox 1273 1816 1348 1844; x_wconf 88' lang='lat' dir='ltr'><strong>enim</strong></span> <span class='ocrx_word' id='word_1_690' title='bbox 1361 1816 1464 1852; x_wconf 87' lang='lat' dir='ltr'><strong>Spiritu</strong></span> <span class='ocrx_word' id='word_1_691' title='bbox 1475 1816 1526 1844; x_wconf 86' lang='lat' dir='ltr'><strong>Dei</strong></span> <span class='ocrx_word' id='word_1_692' title='bbox 1541 1819 1672 1852; x_wconf 81' lang='lat' dir='ltr'><strong>aguntur,</strong></span> 
     </span>
    </p>
   </div>
   <div class='ocr_carea' id='block_1_92' title="bbox 871 1860 1670 1896">
    <p class='ocr_par' dir='ltr' id='par_1_92' title="bbox 871 1860 1670 1896">
     <span class='ocr_line' id='line_1_92' title="bbox 871 1860 1670 1896; baseline -0.003 -7"><span class='ocrx_word' id='word_1_693' title='bbox 871 1861 902 1889; x_wconf 89' lang='lat' dir='ltr'><strong>hi</strong></span> <span class='ocrx_word' id='word_1_694' title='bbox 920 1865 986 1890; x_wconf 84' lang='lat' dir='ltr'><strong>sunt</strong></span> <span class='ocrx_word' id='word_1_695' title='bbox 1009 1861 1056 1889; x_wconf 78' lang='lat' dir='ltr'><strong>[iiii</strong></span> <span class='ocrx_word' id='word_1_696' title='bbox 1081 1861 1143 1889; x_wconf 90' lang='lat' dir='ltr'><strong>Dei.</strong></span> <span class='ocrx_word' id='word_1_697' title='bbox 1171 1872 1183 1886; x_wconf 69' lang='grc' dir='ltr'><strong>ν</strong></span> <span class='ocrx_word' id='word_1_698' title='bbox 1199 1861 1288 1896; x_wconf 89' lang='lat' dir='ltr'><strong>Supra</strong></span> <span class='ocrx_word' id='word_1_699' title='bbox 1314 1861 1450 1896; x_wconf 87' lang='lat' dir='ltr'><strong>pollicitus</strong></span> <span class='ocrx_word' id='word_1_700' title='bbox 1483 1864 1534 1894; x_wconf 87' lang='lat' dir='ltr'><strong>est,</strong></span> <span class='ocrx_word' id='word_1_701' title='bbox 1558 1860 1670 1893; x_wconf 70' lang='lat' dir='ltr'><strong>Vivetis,</strong></span> 
     </span>
    </p>
   </div>
   <div class='ocr_carea' id='block_1_93' title="bbox 872 1905 1671 1942">
    <p class='ocr_par' dir='ltr' id='par_1_93' title="bbox 872 1905 1671 1942">
     <span class='ocr_line' id='line_1_93' title="bbox 872 1905 1671 1942; baseline -0.003 -8"><span class='ocrx_word' id='word_1_702' title='bbox 872 1906 1011 1942; x_wconf 87' lang='lat' dir='ltr'><strong>inquiens,</strong></span> <span class='ocrx_word' id='word_1_703' title='bbox 1033 1906 1056 1934; x_wconf 87' lang='lat' dir='ltr'><strong>si</strong></span> <span class='ocrx_word' id='word_1_704' title='bbox 1081 1913 1162 1942; x_wconf 87' lang='lat' dir='ltr'><strong>prava</strong></span> <span class='ocrx_word' id='word_1_705' title='bbox 1182 1913 1265 1942; x_wconf 78' lang='lat' dir='ltr'><strong>Opera</strong></span> <span class='ocrx_word' id='word_1_706' title='bbox 1290 1905 1486 1939; x_wconf 80' lang='lat' dir='ltr'><strong>mortiﬁcetis;</strong></span> <span class='ocrx_word' id='word_1_707' title='bbox 1513 1913 1586 1933; x_wconf 89' lang='lat' dir='ltr'><strong>nunc</strong></span> <span class='ocrx_word' id='word_1_708' title='bbox 1607 1912 1671 1933; x_wconf 83' lang='lat' dir='ltr'><strong>vero</strong></span> 
     </span>
    </p>
   </div>
   <div class='ocr_carea' id='block_1_94' title="bbox 870 1949 1670 1987">
    <p class='ocr_par' dir='ltr' id='par_1_94' title="bbox 870 1949 1670 1987">
     <span class='ocr_line' id='line_1_94' title="bbox 870 1949 1670 1987; baseline -0.003 -8"><span class='ocrx_word' id='word_1_709' title='bbox 870 1951 1063 1987; x_wconf 85' lang='lat' dir='ltr'><strong>pretiosiorem</strong></span> <span class='ocrx_word' id='word_1_710' title='bbox 1086 1959 1219 1979; x_wconf 89' lang='lat' dir='ltr'><strong>coronam</strong></span> <span class='ocrx_word' id='word_1_711' title='bbox 1244 1950 1457 1986; x_wconf 83' lang='lat' dir='ltr'><strong>mercedemque</strong></span> <span class='ocrx_word' id='word_1_712' title='bbox 1473 1950 1557 1986; x_wconf 91' lang='lat' dir='ltr'><strong>priori</strong></span> <span class='ocrx_word' id='word_1_713' title='bbox 1581 1949 1670 1986; x_wconf 85' lang='lat' dir='ltr'><strong>majo-</strong></span> 
     </span>
    </p>
   </div>
   <div class='ocr_carea' id='block_1_95' title="bbox 871 1994 1669 2032">
    <p class='ocr_par' dir='ltr' id='par_1_95' title="bbox 871 1994 1669 2032">
     <span class='ocr_line' id='line_1_95' title="bbox 871 1994 1669 2032; baseline -0.003 -8"><span class='ocrx_word' id='word_1_714' title='bbox 871 2003 932 2024; x_wconf 89' lang='lat' dir='ltr'><strong>rem</strong></span> <span class='ocrx_word' id='word_1_715' title='bbox 956 1995 1059 2031; x_wconf 86' lang='lat' dir='ltr'><strong>subdit,</strong></span> <span class='ocrx_word' id='word_1_716' title='bbox 1086 1995 1208 2023; x_wconf 84' lang='lat' dir='ltr'><strong>ﬂliorum</strong></span> <span class='ocrx_word' id='word_1_717' title='bbox 1222 2003 1321 2032; x_wconf 84' lang='lat' dir='ltr'><strong>nempe</strong></span> <span class='ocrx_word' id='word_1_718' title='bbox 1341 1995 1466 2024; x_wconf 84' lang='lat' dir='ltr'><strong>divinam</strong></span> <span class='ocrx_word' id='word_1_719' title='bbox 1481 1994 1669 2031; x_wconf 86' lang='lat' dir='ltr'><strong>adoptionem.</strong></span> 
     </span>
    </p>
   </div>
   <div class='ocr_carea' id='block_1_96' title="bbox 870 2039 1672 2077">
    <p class='ocr_par' dir='ltr' id='par_1_96' title="bbox 870 2039 1672 2077">
     <span class='ocr_line' id='line_1_96' title="bbox 870 2039 1672 2077; baseline -0.002 -8"><span class='ocrx_word' id='word_1_720' title='bbox 870 2041 962 2076; x_wconf 86' lang='lat' dir='ltr'><strong>Quare</strong></span> <span class='ocrx_word' id='word_1_721' title='bbox 982 2049 1040 2069; x_wconf 88' lang='lat' dir='ltr'><strong>non</strong></span> <span class='ocrx_word' id='word_1_722' title='bbox 1054 2040 1134 2075; x_wconf 85' lang='lat' dir='ltr'><strong>dixit,</strong></span> <span class='ocrx_word' id='word_1_723' title='bbox 1156 2040 1321 2077; x_wconf 90' lang='lat' dir='ltr'><strong>quicumque</strong></span> <span class='ocrx_word' id='word_1_724' title='bbox 1346 2040 1450 2076; x_wconf 89' lang='lat' dir='ltr'><strong>Spiritu</strong></span> <span class='ocrx_word' id='word_1_725' title='bbox 1476 2040 1528 2068; x_wconf 91' lang='lat' dir='ltr'><strong>Dei</strong></span> <span class='ocrx_word' id='word_1_726' title='bbox 1543 2039 1672 2073; x_wconf 84' lang='lat' dir='ltr'><strong>vixerint,</strong></span> 
     </span>
    </p>
   </div>
   <div class='ocr_carea' id='block_1_97' title="bbox 870 2084 1670 2122">
    <p class='ocr_par' dir='ltr' id='par_1_97' title="bbox 870 2084 1670 2122">
     <span class='ocr_line' id='line_1_97' title="bbox 870 2084 1670 2122; baseline -0.004 -8"><span class='ocrx_word' id='word_1_727' title='bbox 870 2085 917 2114; x_wconf 90' lang='lat' dir='ltr'><strong>sed</strong></span> <span class='ocrx_word' id='word_1_728' title='bbox 945 2096 958 2111; x_wconf 80' lang='grc' dir='ltr'><strong>ι</strong></span> <span class='ocrx_word' id='word_1_729' title='bbox 985 2085 1141 2122; x_wconf 86' lang='lat' dir='ltr'><strong>quicunque</strong></span> <span class='ocrx_word' id='word_1_730' title='bbox 1168 2090 1297 2121; x_wconf 80' lang='lat' dir='ltr'><strong>aguntur,</strong></span> <span class='ocrx_word' id='word_1_731' title='bbox 1326 2097 1339 2110; x_wconf 75' lang='grc' dir='ltr'><strong><em>ι</em></strong></span> <span class='ocrx_word' id='word_1_732' title='bbox 1360 2085 1387 2113; x_wconf 92' lang='lat' dir='ltr'><strong>id</strong></span> <span class='ocrx_word' id='word_1_733' title='bbox 1407 2089 1450 2113; x_wconf 91' lang='lat' dir='ltr'><strong>est</strong></span> <span class='ocrx_word' id='word_1_734' title='bbox 1471 2084 1670 2121; x_wconf 79' lang='lat' dir='ltr'><strong>gubernantur,</strong></span> 
     </span>
    </p>
   </div>
   <div class='ocr_carea' id='block_1_98' title="bbox 869 2129 1670 2166">
    <p class='ocr_par' dir='ltr' id='par_1_98' title="bbox 869 2129 1670 2166">
     <span class='ocr_line' id='line_1_98' title="bbox 869 2129 1670 2166; baseline -0.001 -8"><span class='ocrx_word' id='word_1_735' title='bbox 869 2138 920 2159; x_wconf 89' lang='lat' dir='ltr'><strong>ceu</strong></span> <span class='ocrx_word' id='word_1_736' title='bbox 934 2129 969 2159; x_wconf 86' lang='lat' dir='ltr'><strong>ab</strong></span> <span class='ocrx_word' id='word_1_737' title='bbox 992 2130 1087 2166; x_wconf 79' lang='lat' dir='ltr'><strong>auriga</strong></span> <span class='ocrx_word' id='word_1_738' title='bbox 1102 2129 1232 2166; x_wconf 89' lang='lat' dir='ltr'><strong>quodam,</strong></span> <span class='ocrx_word' id='word_1_739' title='bbox 1255 2129 1388 2166; x_wconf 88' lang='lat' dir='ltr'><strong>Spiritum</strong></span> <span class='ocrx_word' id='word_1_740' title='bbox 1417 2138 1482 2158; x_wconf 91' lang='lat' dir='ltr'><strong>cum</strong></span> <span class='ocrx_word' id='word_1_741' title='bbox 1506 2129 1596 2158; x_wconf 87' lang='lat' dir='ltr'><strong>carnis</strong></span> <span class='ocrx_word' id='word_1_742' title='bbox 1610 2133 1670 2157; x_wconf 89' lang='lat' dir='ltr'><strong>tum</strong></span> 
     </span>
    </p>
   </div>
   <div class='ocr_carea' id='block_1_99' title="bbox 867 2173 1670 2210">
    <p class='ocr_par' dir='ltr' id='par_1_99' title="bbox 867 2173 1670 2210">
     <span class='ocr_line' id='line_1_99' title="bbox 867 2173 1670 2210; baseline -0.002 -7"><span class='ocrx_word' id='word_1_743' title='bbox 867 2175 966 2204; x_wconf 67' lang='lat' dir='ltr'><strong>anima:</strong></span> <span class='ocrx_word' id='word_1_744' title='bbox 988 2175 1133 2203; x_wconf 90' lang='lat' dir='ltr'><strong>dominum</strong></span> <span class='ocrx_word' id='word_1_745' title='bbox 1147 2174 1292 2203; x_wconf 85' lang='lat' dir='ltr'><strong>facientes.</strong></span> <span class='ocrx_word' id='word_1_746' title='bbox 1318 2174 1432 2202; x_wconf 88' lang='lat' dir='ltr'><strong>Etiamsi</strong></span> <span class='ocrx_word' id='word_1_747' title='bbox 1448 2175 1521 2202; x_wconf 91' lang='lat' dir='ltr'><strong>enim</strong></span> <span class='ocrx_word' id='word_1_748' title='bbox 1536 2173 1670 2210; x_wconf 88' lang='lat' dir='ltr'><strong>baptisma</strong></span> 
     </span>
    </p>
   </div>
   <div class='ocr_carea' id='block_1_100' title="bbox 869 2219 1668 2255">
    <p class='ocr_par' dir='ltr' id='par_1_100' title="bbox 869 2219 1668 2255">
     <span class='ocr_line' id='line_1_100' title="bbox 869 2219 1668 2255; baseline -0.004 -7"><span class='ocrx_word' id='word_1_749' title='bbox 869 2220 1016 2255; x_wconf 84' lang='lat' dir='ltr'><strong>acceperis,</strong></span> <span class='ocrx_word' id='word_1_750' title='bbox 1043 2224 1071 2248; x_wconf 88' lang='lat' dir='ltr'><strong>et</strong></span> <span class='ocrx_word' id='word_1_751' title='bbox 1092 2219 1163 2247; x_wconf 83' lang='lat' dir='ltr'><strong>ﬁlius</strong></span> <span class='ocrx_word' id='word_1_752' title='bbox 1192 2219 1241 2248; x_wconf 88' lang='lat' dir='ltr'><strong>Dei</strong></span> <span class='ocrx_word' id='word_1_753' title='bbox 1268 2219 1350 2247; x_wconf 81' lang='lat' dir='ltr'><strong>fueris</strong></span> <span class='ocrx_word' id='word_1_754' title='bbox 1376 2227 1424 2255; x_wconf 83' lang='lat' dir='ltr'><strong>per</strong></span> <span class='ocrx_word' id='word_1_755' title='bbox 1442 2219 1589 2255; x_wconf 89' lang='lat' dir='ltr'><strong>baptisma,</strong></span> <span class='ocrx_word' id='word_1_756' title='bbox 1611 2226 1668 2246; x_wconf 92' lang='lat' dir='ltr'><strong>non</strong></span> 
     </span>
    </p>
   </div>
   <div class='ocr_carea' id='block_1_101' title="bbox 867 2264 1666 2301">
    <p class='ocr_par' dir='ltr' id='par_1_101' title="bbox 867 2264 1666 2301">
     <span class='ocr_line' id='line_1_101' title="bbox 867 2264 1666 2301; baseline 0.001 -9"><span class='ocrx_word' id='word_1_757' title='bbox 867 2269 961 2293; x_wconf 89' lang='lat' dir='ltr'><strong>autem</strong></span> <span class='ocrx_word' id='word_1_758' title='bbox 981 2264 1087 2301; x_wconf 91' lang='lat' dir='ltr'><strong>Spiritu</strong></span> <span class='ocrx_word' id='word_1_759' title='bbox 1099 2264 1218 2298; x_wconf 86' lang='lat' dir='ltr'><strong>ducaris,</strong></span> <span class='ocrx_word' id='word_1_760' title='bbox 1233 2264 1341 2292; x_wconf 91' lang='lat' dir='ltr'><strong>donum</strong></span> <span class='ocrx_word' id='word_1_761' title='bbox 1358 2269 1385 2292; x_wconf 88' lang='lat' dir='ltr'><strong>et</strong></span> <span class='ocrx_word' id='word_1_762' title='bbox 1408 2265 1522 2300; x_wconf 78' lang='lat' dir='ltr'><strong>gratiam</strong></span> <span class='ocrx_word' id='word_1_763' title='bbox 1538 2265 1666 2294; x_wconf 89' lang='lat' dir='ltr'><strong>amisisti.</strong></span> 
     </span>
    </p>
   </div>
   <div class='ocr_carea' id='block_1_102' title="bbox 867 2308 1667 2346">
    <p class='ocr_par' dir='ltr' id='par_1_102' title="bbox 867 2308 1667 2346">
     <span class='ocr_line' id='line_1_102' title="bbox 867 2308 1667 2346; baseline 0.003 -9"><span class='ocrx_word' id='word_1_764' title='bbox 867 2310 972 2338; x_wconf 86' lang='lat' dir='ltr'><strong>Omnes</strong></span> <span class='ocrx_word' id='word_1_765' title='bbox 980 2309 1092 2346; x_wconf 87' lang='lat' dir='ltr'><strong>quidem</strong></span> <span class='ocrx_word' id='word_1_766' title='bbox 1100 2308 1234 2345; x_wconf 86' lang='lat' dir='ltr'><strong>Spiritum</strong></span> <span class='ocrx_word' id='word_1_767' title='bbox 1242 2308 1393 2345; x_wconf 87' lang='lat' dir='ltr'><strong>accipimus</strong></span> <span class='ocrx_word' id='word_1_768' title='bbox 1402 2308 1458 2345; x_wconf 79' lang='lat'><strong>58</strong></span> <span class='ocrx_word' id='word_1_769' title='bbox 1468 2317 1515 2344; x_wconf 90' lang='lat' dir='ltr'><strong>per</strong></span> <span class='ocrx_word' id='word_1_770' title='bbox 1525 2317 1667 2346; x_wconf 78' lang='lat' dir='ltr'><strong>regenera-</strong></span> 
     </span>
    </p>
   </div>
   <div class='ocr_carea' id='block_1_103' title="bbox 867 2353 1666 2390">
    <p class='ocr_par' dir='ltr' id='par_1_103' title="bbox 867 2353 1666 2390">
     <span class='ocr_line' id='line_1_103' title="bbox 867 2353 1666 2390; baseline 0.003 -8"><span class='ocrx_word' id='word_1_771' title='bbox 867 2353 952 2382; x_wconf 90' lang='lat' dir='ltr'><strong>tionis</strong></span> <span class='ocrx_word' id='word_1_772' title='bbox 962 2353 1109 2388; x_wconf 85' lang='lat' dir='ltr'><strong>lavacrum,</strong></span> <span class='ocrx_word' id='word_1_773' title='bbox 1121 2353 1163 2389; x_wconf 77' lang='lat' dir='ltr'><strong>agi</strong></span> <span class='ocrx_word' id='word_1_774' title='bbox 1173 2358 1266 2382; x_wconf 86' lang='lat' dir='ltr'><strong>autem</strong></span> <span class='ocrx_word' id='word_1_775' title='bbox 1278 2361 1324 2389; x_wconf 89' lang='lat' dir='ltr'><strong>per</strong></span> <span class='ocrx_word' id='word_1_776' title='bbox 1336 2361 1447 2381; x_wconf 92' lang='lat' dir='ltr'><strong>omnem</strong></span> <span class='ocrx_word' id='word_1_777' title='bbox 1460 2353 1542 2382; x_wconf 85' lang='lat' dir='ltr'><strong>vitam</strong></span> <span class='ocrx_word' id='word_1_778' title='bbox 1557 2355 1666 2390; x_wconf 79' lang='lat' dir='ltr'><strong>eodem,</strong></span> 
     </span>
    </p>
   </div>
   <div class='ocr_carea' id='block_1_104' title="bbox 867 2398 1670 2437">
    <p class='ocr_par' dir='ltr' id='par_1_104' title="bbox 867 2398 1670 2437">
     <span class='ocr_line' id='line_1_104' title="bbox 867 2398 1670 2437; baseline 0.004 -10"><span class='ocrx_word' id='word_1_779' title='bbox 867 2398 940 2427; x_wconf 88' lang='lat' dir='ltr'><strong>istud</strong></span> <span class='ocrx_word' id='word_1_780' title='bbox 956 2407 971 2427; x_wconf 91' lang='lat' dir='ltr'><strong>a</strong></span> <span class='ocrx_word' id='word_1_781' title='bbox 986 2398 1068 2427; x_wconf 89' lang='lat' dir='ltr'><strong>nobis</strong></span> <span class='ocrx_word' id='word_1_782' title='bbox 1083 2403 1214 2434; x_wconf 89' lang='lat' dir='ltr'><strong>tanquam</strong></span> <span class='ocrx_word' id='word_1_783' title='bbox 1234 2402 1361 2426; x_wconf 86' lang='lat' dir='ltr'><strong>nostrum</strong></span> <span class='ocrx_word' id='word_1_784' title='bbox 1375 2399 1502 2435; x_wconf 78' lang='lat' dir='ltr'><strong>exigitur.</strong></span> <span class='ocrx_word' id='word_1_785' title='bbox 1518 2401 1670 2437; x_wconf 83' lang='lat' dir='ltr'><strong>Eapropter</strong></span> 
     </span>
    </p>
   </div>
   <div class='ocr_carea' id='block_1_105' title="bbox 867 2443 1668 2479">
    <p class='ocr_par' dir='ltr' id='par_1_105' title="bbox 867 2443 1668 2479">
     <span class='ocr_line' id='line_1_105' title="bbox 867 2443 1668 2479; baseline 0.005 -8"><span class='ocrx_word' id='word_1_786' title='bbox 867 2452 923 2472; x_wconf 88' lang='lat' dir='ltr'><strong>non</strong></span> <span class='ocrx_word' id='word_1_787' title='bbox 935 2443 1014 2478; x_wconf 87' lang='lat' dir='ltr'><strong>dixit,</strong></span> <span class='ocrx_word' id='word_1_788' title='bbox 1036 2443 1178 2479; x_wconf 87' lang='lat' dir='ltr'><strong>Quotquot</strong></span> <span class='ocrx_word' id='word_1_789' title='bbox 1202 2443 1337 2479; x_wconf 88' lang='lat' dir='ltr'><strong>Spiritum</strong></span> <span class='ocrx_word' id='word_1_790' title='bbox 1364 2448 1541 2479; x_wconf 80' lang='lat' dir='ltr'><strong>acceperunt,</strong></span> <span class='ocrx_word' id='word_1_791' title='bbox 1559 2445 1586 2473; x_wconf 95' lang='lat' dir='ltr'><strong>hi</strong></span> <span class='ocrx_word' id='word_1_792' title='bbox 1601 2451 1668 2475; x_wconf 89' lang='lat' dir='ltr'><strong>sunt</strong></span> 
     </span>
    </p>
   </div>
   <div class='ocr_carea' id='block_1_106' title="bbox 867 2488 1632 2526">
    <p class='ocr_par' dir='ltr' id='par_1_106' title="bbox 867 2488 1632 2526">
     <span class='ocr_line' id='line_1_106' title="bbox 867 2488 1632 2526; baseline -0.001 -9"><span class='ocrx_word' id='word_1_793' title='bbox 867 2488 915 2517; x_wconf 82' lang='lat' dir='ltr'><strong>ﬁlii</strong></span> <span class='ocrx_word' id='word_1_794' title='bbox 929 2489 982 2517; x_wconf 87' lang='lat' dir='ltr'><strong>Dei</strong></span> <span class='ocrx_word' id='word_1_795' title='bbox 997 2498 1005 2516; x_wconf 91' lang='lat'>:</span> <span class='ocrx_word' id='word_1_796' title='bbox 1019 2488 1078 2522; x_wconf 86' lang='lat' dir='ltr'><strong>sed,</strong></span> <span class='ocrx_word' id='word_1_797' title='bbox 1096 2500 1109 2513; x_wconf 79' lang='grc' dir='ltr'>σι</span> <span class='ocrx_word' id='word_1_798' title='bbox 1126 2489 1270 2525; x_wconf 88' lang='lat' dir='ltr'><strong>Quotquot</strong></span> <span class='ocrx_word' id='word_1_799' title='bbox 1283 2488 1384 2524; x_wconf 88' lang='lat' dir='ltr'><strong>Spiritu</strong></span> <span class='ocrx_word' id='word_1_800' title='bbox 1398 2489 1450 2516; x_wconf 88' lang='lat' dir='ltr'><strong>Dei</strong></span> <span class='ocrx_word' id='word_1_801' title='bbox 1471 2493 1598 2526; x_wconf 85' lang='lat' dir='ltr'><strong>aguntur.</strong></span> <span class='ocrx_word' id='word_1_802' title='bbox 1620 2503 1632 2516; x_wconf 68' lang='grc' dir='ltr'><strong>υ</strong></span> 
     </span>
    </p>
   </div>
   <div class='ocr_carea' id='block_1_107' title="bbox 901 2532 1667 2570">
    <p class='ocr_par' dir='ltr' id='par_1_107' title="bbox 901 2532 1667 2570">
     <span class='ocr_line' id='line_1_107' title="bbox 901 2532 1667 2570; baseline 0.001 -8"><span class='ocrx_word' id='word_1_803' title='bbox 901 2534 988 2562; x_wconf 66' lang='lat' dir='ltr'><strong>Vsus.</strong></span> <span class='ocrx_word' id='word_1_804' title='bbox 1014 2536 1056 2562; x_wconf 85' lang='lat'><strong>15.</strong></span> <span class='ocrx_word' id='word_1_805' title='bbox 1079 2545 1091 2558; x_wconf 71' lang='grc' dir='ltr'><strong>α</strong></span> <span class='ocrx_word' id='word_1_806' title='bbox 1117 2534 1179 2562; x_wconf 82' lang='lat' dir='ltr'><strong>Non</strong></span> <span class='ocrx_word' id='word_1_807' title='bbox 1196 2532 1270 2561; x_wconf 90' lang='lat' dir='ltr'><strong>enim</strong></span> <span class='ocrx_word' id='word_1_808' title='bbox 1282 2533 1427 2570; x_wconf 85' lang='lat' dir='ltr'><strong>accepistis</strong></span> <span class='ocrx_word' id='word_1_809' title='bbox 1440 2534 1568 2570; x_wconf 84' lang='lat' dir='ltr'><strong>spiritum</strong></span> <span class='ocrx_word' id='word_1_810' title='bbox 1582 2535 1667 2563; x_wconf 89' lang='lat' dir='ltr'><strong>servi-</strong></span> 
     </span>
    </p>
   </div>
   <div class='ocr_carea' id='block_1_108' title="bbox 867 2577 1666 2615">
    <p class='ocr_par' dir='ltr' id='par_1_108' title="bbox 867 2577 1666 2615">
     <span class='ocr_line' id='line_1_108' title="bbox 867 2577 1666 2615; baseline 0 -8"><span class='ocrx_word' id='word_1_811' title='bbox 867 2579 934 2607; x_wconf 90' lang='lat' dir='ltr'><strong>tutis</strong></span> <span class='ocrx_word' id='word_1_812' title='bbox 949 2579 1049 2607; x_wconf 89' lang='lat' dir='ltr'><strong>iterum</strong></span> <span class='ocrx_word' id='word_1_813' title='bbox 1071 2578 1107 2607; x_wconf 87' lang='lat' dir='ltr'><strong>ad</strong></span> <span class='ocrx_word' id='word_1_814' title='bbox 1127 2577 1268 2612; x_wconf 89' lang='lat' dir='ltr'><strong>timorem,</strong></span> <span class='ocrx_word' id='word_1_815' title='bbox 1293 2578 1342 2606; x_wconf 87' lang='lat' dir='ltr'><strong>sed</strong></span> <span class='ocrx_word' id='word_1_816' title='bbox 1375 2578 1516 2615; x_wconf 87' lang='lat' dir='ltr'><strong>accepistis</strong></span> <span class='ocrx_word' id='word_1_817' title='bbox 1533 2579 1666 2615; x_wconf 88' lang='lat' dir='ltr'><strong>Spiritum</strong></span> 
     </span>
    </p>
   </div>
   <div class='ocr_carea' id='block_1_109' title="bbox 868 2623 1666 2660">
    <p class='ocr_par' dir='ltr' id='par_1_109' title="bbox 868 2623 1666 2660">
     <span class='ocr_line' id='line_1_109' title="bbox 868 2623 1666 2660; baseline 0 -8"><span class='ocrx_word' id='word_1_818' title='bbox 868 2623 1026 2660; x_wconf 86' lang='lat' dir='ltr'><strong>adoptionis</strong></span> <span class='ocrx_word' id='word_1_819' title='bbox 1044 2623 1166 2651; x_wconf 86' lang='lat' dir='ltr'><strong>ﬁliorum</strong></span> <span class='ocrx_word' id='word_1_820' title='bbox 1181 2623 1244 2651; x_wconf 89' lang='lat' dir='ltr'><strong>Dei.</strong></span> <span class='ocrx_word' id='word_1_821' title='bbox 1263 2634 1276 2649; x_wconf 78' lang='grc' dir='ltr'>ι</span> <span class='ocrx_word' id='word_1_822' title='bbox 1290 2623 1378 2652; x_wconf 87' lang='lat' dir='ltr'><strong>Filios</strong></span> <span class='ocrx_word' id='word_1_823' title='bbox 1400 2623 1450 2651; x_wconf 90' lang='lat' dir='ltr'><strong>Dei</strong></span> <span class='ocrx_word' id='word_1_824' title='bbox 1467 2631 1527 2652; x_wconf 89' lang='lat' dir='ltr'><strong>esse</strong></span> <span class='ocrx_word' id='word_1_825' title='bbox 1542 2623 1590 2659; x_wconf 91' lang='lat' dir='ltr'><strong>qui</strong></span> <span class='ocrx_word' id='word_1_826' title='bbox 1604 2624 1666 2660; x_wconf 89' lang='lat' dir='ltr'><strong>Spi-</strong></span> 
     </span>
    </p>
   </div>
   <div class='ocr_carea' id='block_1_110' title="bbox 866 2667 1666 2705">
    <p class='ocr_par' dir='ltr' id='par_1_110' title="bbox 866 2667 1666 2705">
     <span class='ocr_line' id='line_1_110' title="bbox 866 2667 1666 2705; baseline 0.001 -8"><span class='ocrx_word' id='word_1_827' title='bbox 866 2669 922 2698; x_wconf 83' lang='lat' dir='ltr'><strong>ritu</strong></span> <span class='ocrx_word' id='word_1_828' title='bbox 945 2667 997 2697; x_wconf 89' lang='lat' dir='ltr'><strong>Dei</strong></span> <span class='ocrx_word' id='word_1_829' title='bbox 1019 2672 1150 2705; x_wconf 77' lang='lat' dir='ltr'><strong>aguntur,</strong></span> <span class='ocrx_word' id='word_1_830' title='bbox 1176 2667 1247 2696; x_wconf 86' lang='lat' dir='ltr'><strong>dixit</strong></span> <span class='ocrx_word' id='word_1_831' title='bbox 1263 2679 1269 2697; x_wconf 91' lang='lat'>:</span> <span class='ocrx_word' id='word_1_832' title='bbox 1282 2668 1344 2705; x_wconf 87' lang='lat' dir='ltr'><strong>jam</strong></span> <span class='ocrx_word' id='word_1_833' title='bbox 1367 2676 1433 2696; x_wconf 82' lang='lat' dir='ltr'><strong>vero</strong></span> <span class='ocrx_word' id='word_1_834' title='bbox 1456 2668 1519 2704; x_wconf 88' lang='lat' dir='ltr'><strong>quia</strong></span> <span class='ocrx_word' id='word_1_835' title='bbox 1533 2671 1562 2696; x_wconf 88' lang='lat' dir='ltr'><strong>et</strong></span> <span class='ocrx_word' id='word_1_836' title='bbox 1575 2668 1666 2700; x_wconf 58' lang='lat' dir='ltr'><strong>Judaei</strong></span> 
     </span>
    </p>
   </div>
   <div class='ocr_carea' id='block_1_111' title="bbox 714 2714 982 2744">
    <p class='ocr_par' dir='ltr' id='par_1_111' title="bbox 714 2714 982 2744">
     <span class='ocr_line' id='line_1_111' title="bbox 714 2714 982 2744; baseline 0 0"><span class='ocrx_word' id='word_1_837' title='bbox 714 2714 809 2744; x_wconf 83' lang='lat' dir='ltr'><strong>Variae</strong></span> <span class='ocrx_word' id='word_1_838' title='bbox 831 2715 982 2744; x_wconf 87' lang='lat' dir='ltr'><strong>lectiones.</strong></span> 
     </span>
    </p>
   </div>
   <div class='ocr_carea' id='block_1_112' title="bbox 48 2758 835 2804">
    <p class='ocr_par' dir='ltr' id='par_1_112' title="bbox 48 2758 835 2804">
     <span class='ocr_line' id='line_1_112' title="bbox 48 2758 835 2804; baseline 0.01 -16"><span class='ocrx_word' id='word_1_839' title='bbox 48 2797 53 2804; x_wconf 32' lang='grc' dir='ltr'>ἱ</span> <span class='ocrx_word' id='word_1_840' title='bbox 66 2758 138 2804; x_wconf 42' lang='lat' dir='ltr'><strong>“hic.</strong></span> <span class='ocrx_word' id='word_1_841' title='bbox 159 2763 258 2801; x_wconf 74' lang='grc' dir='ltr'>ἀναιρεῖ</span> <span class='ocrx_word' id='word_1_842' title='bbox 267 2773 296 2794; x_wconf 87' lang='lat'><strong>0.</strong></span> <span class='ocrx_word' id='word_1_843' title='bbox 335 2765 356 2782; x_wconf 81' lang='grc'><strong>⁷⁷</strong></span> <span class='ocrx_word' id='word_1_844' title='bbox 371 2765 416 2799; x_wconf 81' lang='grc' dir='ltr'><strong>τὴν</strong></span> <span class='ocrx_word' id='word_1_845' title='bbox 433 2765 543 2800; x_wconf 78' lang='grc' dir='ltr'>σπουδὴν</span> <span class='ocrx_word' id='word_1_846' title='bbox 564 2766 610 2800; x_wconf 79' lang='grc' dir='ltr'>τὴν</span> <span class='ocrx_word' id='word_1_847' title='bbox 634 2775 673 2796; x_wconf 89' lang='lat' dir='ltr'><strong>m.</strong></span> <span class='ocrx_word' id='word_1_848' title='bbox 712 2768 734 2785; x_wconf 76' lang='grc'><strong>⁷⁸</strong></span> <span class='ocrx_word' id='word_1_849' title='bbox 747 2768 835 2796; x_wconf 78' lang='grc' dir='ltr'>πάλιν.</span> 
     </span>
    </p>
   </div>
   <div class='ocr_carea' id='block_1_113' title="bbox 37 2800 484 2836">
    <p class='ocr_par' dir='ltr' id='par_1_113' title="bbox 37 2800 484 2836">
     <span class='ocr_line' id='line_1_113' title="bbox 37 2800 484 2836; baseline 0.027 -12"><span class='ocrx_word' id='word_1_850' title='bbox 37 2800 71 2825; x_wconf 71' lang='grc' dir='ltr'><strong>τον</strong></span> <span class='ocrx_word' id='word_1_851' title='bbox 81 2800 128 2835; x_wconf 77' lang='grc' dir='ltr'>βίον</span> <span class='ocrx_word' id='word_1_852' title='bbox 140 2811 179 2833; x_wconf 85' lang='lat' dir='ltr'><strong>m.</strong></span> <span class='ocrx_word' id='word_1_853' title='bbox 215 2805 238 2823; x_wconf 76' lang='grc'><strong>⁸³</strong></span> <span class='ocrx_word' id='word_1_854' title='bbox 256 2805 432 2834; x_wconf 78' lang='grc' dir='ltr'>ἀντεποιοῦντο</span> <span class='ocrx_word' id='word_1_855' title='bbox 443 2815 484 2836; x_wconf 88' lang='lat' dir='ltr'><strong>m.</strong></span> 
     </span>
    </p>
   </div>
   <div class='ocr_carea' id='block_1_114' title="bbox 874 2765 1664 2805">
    <p class='ocr_par' dir='ltr' id='par_1_114' title="bbox 874 2765 1664 2805">
     <span class='ocr_line' id='line_1_114' title="bbox 874 2765 1664 2805; baseline -0.001 -9"><span class='ocrx_word' id='word_1_856' title='bbox 874 2768 895 2786; x_wconf 73' lang='grc'><strong>⁷⁵</strong></span> <span class='ocrx_word' id='word_1_857' title='bbox 907 2765 952 2796; x_wconf 71' lang='grc' dir='ltr'>οὖν</span> <span class='ocrx_word' id='word_1_858' title='bbox 966 2775 994 2797; x_wconf 92' lang='lat' dir='ltr'><strong>o.</strong></span> <span class='ocrx_word' id='word_1_859' title='bbox 1033 2767 1056 2786; x_wconf 70' lang='grc' dir='ltr'>⁸ο</span> <span class='ocrx_word' id='word_1_860' title='bbox 1069 2767 1174 2804; x_wconf 78' lang='grc' dir='ltr'>ἄγεσθαι</span> <span class='ocrx_word' id='word_1_861' title='bbox 1196 2767 1317 2805; x_wconf 78' lang='grc' dir='ltr'>πνεύματι</span> <span class='ocrx_word' id='word_1_862' title='bbox 1332 2775 1373 2796; x_wconf 90' lang='lat' dir='ltr'><strong>m.</strong></span> <span class='ocrx_word' id='word_1_863' title='bbox 1411 2767 1431 2785; x_wconf 74' lang='grc'>⁸⁸</span> <span class='ocrx_word' id='word_1_864' title='bbox 1459 2767 1512 2803; x_wconf 78' lang='grc' dir='ltr'>βίον</span> <span class='ocrx_word' id='word_1_865' title='bbox 1535 2769 1624 2795; x_wconf 78' lang='grc' dir='ltr'>τοῦτον</span> <span class='ocrx_word' id='word_1_866' title='bbox 1639 2775 1664 2796; x_wconf 73' lang='lat' dir='ltr'><strong>o.</strong></span> 
     </span>
    </p>
   </div>
  </div>
