1901 3077
138 177 189 206 443

136 241 257 270 ﬁliorum
287 240 464 277 adoptionem
486 239 537 268 sibi
560 240 747 274 vindicabant,
771 242 781 274 (
812 251 826 265 α
848 240 932 269 Filios
947 245 974 276 Α

137 286 211 315 enim
227 286 308 322 genui
329 289 357 313 et
374 285 489 314 exaltavi
518 305 526 318 ,
545 296 558 310 ιι
582 289 619 319 et,
639 297 651 310 ι
669 286 754 314 Filius
776 293 853 314 meus
879 286 932 322 pri-

139 332 292 367 mogenitus
314 331 398 358 Israel
440 340 446 358 :
464 332 497 364 »)
511 333 647 366 quantum
667 330 702 358 sit
713 330 845 358 intervalli
863 330 934 358 inter

137 380 261 404 nostram
282 379 310 403 et
334 375 495 403 Judaeorum
518 375 693 411 adoptionem
719 379 865 404 monstrat.
880 375 932 409 Illi,

137 420 234 456 inquit,
263 419 389 456 spiritum
421 419 562 448 servitutis
597 424 759 456 acceperunt
784 430 790 447 :
816 420 934 448 litteram

138 465 204 501 legis
218 465 256 493 ita
271 465 429 498 nominans,
452 468 483 492 ut
501 473 562 500 quas
586 473 601 493 a
622 465 723 500 Spiritu
741 464 851 501 quidem
870 465 934 493 data

137 511 184 543 sit,
212 509 299 538 servis
319 514 413 537 tamen
439 509 549 537 interim
571 510 658 546 magis
680 510 834 538 conveniat.
864 511 934 538 Nam

137 559 166 583 et
178 554 334 591 corporales
357 554 421 582 inde
437 562 525 590 poenae
546 556 573 582 et
587 554 720 591 supplicia
736 559 836 590 praesto
858 558 933 588 sunt,

137 599 328 636 lapidationes,
353 600 510 628 exustiones
536 604 564 628 et
591 601 676 628 minae
691 610 697 628 :
714 611 727 625 α
744 600 870 634 Gladius,
892 600 933 628 in-

138 646 208 681 quit,
232 652 282 672 vos
306 644 448 672 devorabit
478 666 484 672 .
511 656 524 669 »
550 645 627 673 Unde
651 645 749 681 ingens
761 653 826 673 sane
845 649 936 673 metus

138 690 174 718 ob
192 689 287 718 oculos
300 694 434 717 versatur.
459 691 500 718 Ac
513 690 626 726 praemia
639 698 734 718 rursus
748 694 856 718 terrena
872 698 934 725 pro-

139 735 337 771 missionesque
360 734 498 762 bonorum
527 735 710 769 terrestrium,
727 739 787 763 tum
806 734 935 763 mandata

139 784 166 808 et
178 779 239 808 vilia
252 783 278 807 et
296 779 402 808 servilia
425 779 521 807 multa.
538 780 628 814 Quare
644 780 682 807 illi
695 779 816 815 quidem,
832 779 935 808 etiamsi

139 824 188 852 ﬁlii
210 824 387 859 vocabantur,
407 828 485 852 erant
508 828 602 853 tamen
624 829 654 852 ut
675 825 748 853 servi
772 832 845 853 :nos
860 832 934 859 vero,

138 877 189 897 ceu
214 869 326 905 ingenui
350 874 377 897 et
392 869 480 898 liberi.
496 870 566 898 Nam
591 873 617 897 et
635 870 749 906 prmmia
766 874 858 898 nostra
871 873 936 898 sunt

139 914 272 948 coelestia,
297 915 484 950 malorumque
501 922 616 951 regnum
640 926 646 943 :
670 922 701 942 ac
721 922 810 951 pcenae
834 919 936 942 nostra:
950 908 973 939 Β

138 967 195 987 non
219 963 284 987 sunt
306 959 500 996 lapidationes,
522 959 605 996 idque
635 967 722 996 genus
752 959 805 988 alia
825 967 887 996 quae
920 968 935 987 a

138 1004 329 1033 sacerdotibus
366 1004 567 1038 inferebantur,
592 1005 639 1033 sed
664 1005 730 1032 satis
749 1009 790 1033 est
816 1005 876 1041 ejici
911 1009 937 1032 et

140 1049 246 1077 excludi
270 1057 284 1077 a
311 1050 426 1086 mystica
450 1057 548 1078 mensa
576 1053 710 1086 tanquam
734 1049 831 1078 ﬁlium.
853 1051 938 1078 Porro

139 1093 269 1121 mandata
294 1093 373 1121 nobis
387 1098 452 1121 sunt
475 1094 567 1122 divina
583 1102 614 1121 ac
640 1094 765 1130 ingenuis
777 1093 938 1121 convenien-

140 1138 179 1166 tia
207 1146 214 1164 :
239 1137 371 1172 videlicet,
398 1139 439 1166 Ne
463 1138 597 1166 intuearis
618 1138 762 1170 feminam,
788 1141 819 1166 ut
834 1146 938 1165 concu—

140 1183 227 1219 piscas
241 1192 249 1211 :
264 1184 307 1211 Ne
324 1183 402 1218 jures
425 1192 431 1209 :
457 1183 591 1219 Relinque
612 1191 644 1211 ea
660 1191 720 1218 qua:
739 1182 864 1218 possides
881 1192 888 1210 :
912 1187 938 1211 et

140 1235 196 1255 non
222 1235 313 1263 pugnae
336 1226 496 1262 formidine,
527 1228 575 1256 sed
602 1228 715 1264 spiritus
741 1227 890 1263 cupiditate
911 1231 938 1254 et

140 1272 273 1301 charitate
294 1272 484 1308 perﬁciuntur.
510 1272 542 1301 ld
566 1272 641 1309 quod
655 1271 833 1301 manifestum
848 1279 890 1300 est
904 1280 935 1300 ex

646 176 903 205 THEOPHYLACTI
922 175 1101 204 BULGARLE
1120 175 1278 204 ARCHIEP.

1733 173 1783 201 444

988 240 1038 280 γὰρ
1053 239 1179 278 ἐγέννησα
1195 239 1241 269 καὶ
1255 238 1350 280 ῧψωσα
1361 250 1368 257 ο
1387 251 1399 265 υ
1414 238 1460 268 καὶ
1473 261 1481 275 ,
1499 252 1511 265 α
1532 238 1597 271 Υἱὸς
1618 237 1784 278 πρωτότοκός

987 297 1037 324 μου
1059 284 1187 325 Ἰσραὴλ,
1205 296 1220 312 ιι
1238 284 1352 314 δείκνυσι
1374 283 1454 313 πόσον
1481 282 1513 312 τὸ
1536 282 1617 321 μέσον
1641 285 1690 318 τῆς
1715 284 1781 319 ἡμει

987 330 1063 369 τέρας
1077 328 1220 365 υἱοθεσίας,
1235 329 1339 364 καὶτῆς
1360 330 1412 358 τῶν
1428 327 1564 358 Ἰουδαίων
1580 339 1588 346 ·
1611 327 1659 357 καί
1683 338 1764 367 φησιν
1775 350 1782 363 ,

988 374 1027 404 ὅτι
1044 376 1137 403 ἐκεῖνοι
1160 377 1265 406 πνεῦμα
1287 373 1404 406 δουλείας
1427 372 1542 409 ἔλαϐον,
1573 372 1604 401 τὸ
1627 372 1653 391 ⁸³
1669 372 1784 411 γράμμα

987 422 1032 448 τοῦ
1047 418 1127 457 νόμου
1152 418 1268 453 καλέσας
1291 419 1391 456 οὕτως,
1413 420 1447 451 ὥς
1471 417 1546 458 παρὰ
1567 419 1612 445 τοῦ
1629 416 1786 454 Πνεύματος

989 464 1036 502 μὲν
1051 464 1137 500 δοθὲν,
1156 463 1256 498 δούλοις
1279 463 1307 492 δὲ
1323 463 1423 501 μᾶλλον
1447 461 1573 502 ἁρμόζον.
1602 462 1658 491 Καὶ
1673 460 1725 500 γὰρ
1741 461 1786 490 καὶ

989 510 1015 538 αἱ
1033 507 1160 548 τιμωρίαι
1183 508 1258 548 παρὰ
1277 508 1360 541 πόδας
1383 507 1427 537 καὶ
1454 506 1621 545 σωματικαὶ,
1645 507 1787 544 λιθασμοὶ,

988 553 1034 583 καὶ
1055 553 1161 586 καύσεις
1183 553 1208 572 ⁸⁴
1234 553 1278 582 καὶ
1304 552 1428 590 ἀπειλαὶ,
1453 551 1493 581 ὅτι
1515 563 1530 580 (ι
1553 551 1687 591 Μοίχαιρα
1719 552 1788 588 ὑμᾶς

988 598 1127 629 κατέδεται
1142 610 1149 617 ·
1164 609 1179 627 ι)
1204 598 1249 628 καὶ
1268 597 1312 628 διὰ
1326 601 1410 628 ταῦτα
1433 596 1514 630 πολὺς
1535 599 1549 626 ὃ
1565 597 1643 637 φόϐος
1658 595 1712 637 πρὸ
1735 597 1788 624 τῶι

988 645 1141 684 ὀφθαλμῶν,
1167 644 1221 674 Καὶ
1244 639 1278 672 αἶ
1299 644 1323 673 οἱ
1345 642 1434 682 μισθοὶ
1457 642 1586 681 ἐπίγειοι,
1604 641 1651 671 καὶ
1669 642 1788 680 ἐπαγγε-

988 688 1044 718 λίαι
1058 689 1110 717 τῶν
1127 690 1174 724 τῆς
1197 690 1246 727 γῆς
1264 689 1388 727 ἀγαθῶν,
1416 687 1461 717 καὶ
1490 686 1524 716 τὰ
1547 686 1722 725 ἐπιτάγματα
1743 697 1788 724 μι-

988 735 1126 772 κροπρεπῆ
1150 732 1195 762 καὶ
1219 732 1340 763 δουλικά.
1364 730 1453 762 Ὥστε
1478 734 1573 762 ἐκεῖνοι
1600 731 1666 770 μὲν,
1691 732 1714 760 εἰ
1743 730 1789 759 καὶ

987 778 1039 808 υἱοὶ
1056 779 1212 813 ἐκαλοῦντο,
1229 778 1287 807 ἀλλ’
1308 779 1345 810 ὡς
1365 778 1452 807 δοῦλοι
1468 789 1474 794 ·
1486 780 1578 814 ἡμεῖς,
1594 775 1639 813 δὲ,
1655 777 1690 809 ὡς
1708 776 1788 813 εὖγε-

988 827 1040 856 νεῖς
1059 822 1104 852 καὶ
1127 823 1269 862 ἐλεύθεροι.
1295 821 1349 852 Καὶ
1364 821 1414 861 γὰρ
1430 822 1475 850 καὶ
1491 823 1515 850 οἱ
1531 821 1621 860 μισθοὶ
1636 822 1714 859 ἡμῶν
1738 820 1787 849 οὖ-

991 867 1075 908 ράνιοι
1086 891 1094 906 ,
1108 867 1153 896 καὶ
1170 867 1292 908 βασιλεία
1308 867 1425 908 οὐρανῶν
1442 878 1449 885 ·
1463 866 1508 896 καὶ
1527 868 1554 896 αἱ
1571 865 1694 900 κολάσεις
1706 867 1788 902 ἡμῖν,

988 913 1017 942 οὗ
1030 912 1169 951 λιθασμοὶ,
1187 912 1233 942 καὶ
1254 912 1288 942 τὰ
1300 915 1410 942 τοιαῦτα
1429 910 1503 951 παρὰ
1527 912 1581 940 τῶν
1596 910 1703 951 ἱερέων,
1727 911 1790 939 ἀλλ’

991 958 1067 997 ἀρκεῖ
1087 958 1219 997 τραπέζης
1247 959 1377 996 μυστικῆς
1401 957 1564 992 ἐκϐληθῆναι
1585 957 1620 989 ὣς
1644 955 1709 985 υἱόν.
1733 955 1790 985 Καὶ

991 1001 1024 1032 τὰ
1040 1002 1225 1040 ἐπιτάγματα,
1251 1005 1325 1039 θεῖα,
1347 1000 1393 1031 καὶ
1419 1000 1549 1040 εὖγενέσιν
1562 1001 1588 1020 ⁸⁵
1613 1000 1768 1039 ἁρμόζοντα
1785 1012 1791 1017 ·

993 1045 1040 1082 Μὴ
1065 1046 1199 1087 ἐμϐλέψῃς
1221 1048 1347 1084 ἐμπαθῶς
1367 1058 1375 1064 ·
1405 1046 1452 1082 Μὴ
1473 1046 1572 1085 ὀμόσῃς
1587 1057 1593 1064 ·
1624 1044 1793 1080 Ἁπόκτησαι

992 1091 1026 1120 τὰ
1040 1091 1103 1120 ὄντα
1118 1103 1171 1122 σοι.
1199 1091 1253 1122 Καὶ
1272 1091 1331 1120 οὐδὲ
1351 1091 1426 1131 φόϐῳ
1451 1090 1600 1127 κολάσεως,
1625 1089 1692 1118 ἀλλὰ
1707 1089 1792 1118 πνεύ-

994 1147 1076 1174 ματος
1092 1136 1218 1176 ἐπιθυμία
1237 1135 1283 1165 καὶ
1303 1136 1394 1175 ἀγάπῃ
1413 1137 1605 1176 κατορθοῦνται
1623 1146 1629 1153 ⁸
1646 1135 1692 1163 καὶ
1705 1135 1791 1170 δῆλον

992 1180 1018 1215 ἐξ
1030 1176 1066 1210 ὧν
1078 1181 1125 1210 καὶ
1140 1180 1328 1220 ὑπερϐαίνουσι
1344 1180 1439 1210 πολλοὶ
1459 1179 1546 1210 πολλὰ
1560 1181 1612 1209 τῶν
1634 1179 1789 1218 ἐπιταγμά-

990 1237 1053 1256 των.
1072 1227 1156 1256 Κάκεῖ
1180 1226 1227 1265 μὲν
1244 1227 1356 1264 Πνεῦμα
1381 1227 1428 1255 οὖκ
1443 1221 1475 1262 ἦν
1492 1236 1499 1244 ν
1517 1225 1630 1255 ἐνταῦθα
1645 1224 1689 1261 δὲ,
1704 1225 1791 1254 πλου-

991 1270 1035 1299 σία
1051 1271 1068 1307 ἠ
1084 1270 1177 1300 τούτου
1195 1271 1284 1311 χάρις.

141 1325 186 1351 eo,
208 1317 281 1354 quod
299 1317 380 1345 multi
404 1317 535 1353 pleraque
549 1317 677 1345 mandata
702 1317 953 1353 transgrediuntur.
976 1320 1066 1355 Atque
1087 1320 1142 1348 illic
1163 1319 1275 1356 quidem
1293 1319 1412 1356 Spiritus
1437 1327 1493 1347 non
1508 1318 1620 1355 aderat;
1637 1318 1701 1346 istic
1714 1325 1794 1350 vero,

140 1362 283 1391 abundans
297 1363 356 1398 ejus
367 1362 466 1399 gratia.

178 1419 191 1432 ιι
215 1409 246 1435 in
261 1415 317 1444 quo
331 1408 486 1436 clamamus
505 1415 512 1434 :
531 1407 607 1435 Abba
630 1409 722 1435 Pater.
740 1418 752 1431 ν
770 1406 938 1435 Hebraicam

140 1451 292 1480 dictionem
307 1452 407 1488 posuit,
427 1452 502 1488 quod
523 1452 639 1479 verbum
655 1455 696 1480 est
711 1451 830 1479 ﬁliorum
845 1451 938 1487 genui-

140 1503 243 1525 norum
268 1505 331 1533 erga
354 1501 472 1533 patrem.
499 1496 573 1532 Quid
596 1496 698 1532 igitur?
722 1504 815 1524 nonne
848 1499 876 1524 et
900 1496 937 1524 illi

141 1543 232 1570 Deum
247 1541 381 1569 vocabant
394 1542 521 1576 patrem?
535 1552 548 1565 ‹ι
565 1542 655 1568 Deum
667 1540 753 1575 enim,
779 1540 880 1577 inquit,
892 1541 937 1576 qui
957 1545 979 1575 α

140 1586 236 1622 genuit
257 1590 294 1619 te,
309 1585 474 1621 dereliquisti
487 1590 508 1612 ⁸.
526 1597 538 1610 ιι
563 1587 598 1613 Et
614 1585 678 1612 alibi
706 1594 713 1613 :
732 1596 745 1610 α
773 1586 850 1613 Deus
867 1594 939 1613 unus

141 1629 266 1658 condidit
276 1637 327 1657 nos
338 1630 362 1657 δ.
377 1641 389 1654 ι
401 1630 437 1657 Et
449 1637 455 1656 :
474 1641 486 1654 ι
503 1630 584 1657 Pater
596 1637 668 1657 unus
676 1629 800 1657 omnium
814 1633 939 1657 nostrum

142 1676 218 1702 Deus
232 1676 257 1702 ε.
277 1685 288 1698 ιι
304 1674 362 1702 Etsi
378 1678 470 1702 autem
482 1674 542 1702 haec
557 1674 629 1702 dicta
641 1674 696 1702 sint
716 1673 750 1702 de
777 1674 840 1707 illis,
855 1682 940 1703 nemo

143 1724 237 1747 tamen
256 1719 385 1747 inventus
408 1723 449 1747 est
470 1719 519 1755 qui
541 1721 633 1747 Deum
649 1719 676 1746 in
695 1719 865 1747 orationibus
884 1719 941 1747 suis

144 1769 248 1800 patrem
273 1764 392 1798 vocarit,
409 1764 481 1792 sicut
499 1772 552 1792 nos
575 1772 674 1792 omnes
689 1764 747 1800 jam
762 1771 835 1792 nunc
853 1772 868 1792 a
892 1764 940 1792 ba-

143 1809 254 1845 ptismo.
277 1810 425 1844 Praeterea,
449 1809 536 1837 sicubi
564 1817 628 1837 eum
649 1809 687 1837 illi
711 1809 747 1837 ita
766 1809 939 1845 appellarint,

144 1862 177 1882 ex
192 1853 299 1891 propria
312 1854 439 1891 ipsorum
463 1853 599 1882 sententia
614 1854 688 1882 istud
703 1853 829 1882 fecerunt
846 1863 853 1882 :
875 1853 942 1882 ﬁde-

143 1899 183 1928 les
205 1903 296 1928 autem
311 1907 343 1927 ex
363 1899 495 1936 spirituali
513 1900 639 1928 motione
665 1903 693 1927 et
716 1899 883 1934 operatione.
900 1899 941 1927 Ut

143 1944 217 1973 enim
241 1945 369 1973 novimus
389 1944 521 1981 Spiritum
536 1944 687 1980 prophetim
701 1951 734 1972 ex
749 1952 781 1971 eo
796 1944 871 1979 quod
893 1943 941 1980 qui

143 1990 277 2026 acceperit
310 1997 386 2023 eum,
417 1989 509 2017 futura
534 1988 658 2024 praedicit
683 1988 749 2016 :sic
771 1992 799 2015 et
824 1988 942 2023 Spiritus

143 2034 297 2071 adoptionis
318 2034 439 2061 ﬁliorum
459 2033 618 2069 agnoscitur
643 2040 676 2060 ex
692 2040 724 2060 eo
739 2032 814 2067 quod
835 2032 881 2068 qui
895 2040 941 2059 ac-

143 2079 247 2115 ceperit
263 2079 369 2114 ipsum,
393 2082 498 2113 patrem
524 2081 604 2105 vocat
616 2078 717 2110 Deum,
730 2084 746 2104 a
762 2076 865 2112 Spiritu
878 2084 939 2104 mo-

143 2127 198 2152 tus.
212 2124 282 2151 Nam
295 2126 324 2150 et
341 2121 394 2150 hoc
407 2126 449 2150 est
468 2129 553 2149 unum
575 2129 609 2150 ex
631 2121 711 2149 donis
731 2121 859 2158 Spiritus,
879 2129 940 2158 per-

143 2168 211 2196 inde
228 2175 260 2196 ac
273 2167 332 2204 ipse
343 2165 435 2201 infert,
452 2166 549 2195 dicens
565 2176 572 2194 :

180 2215 268 2242 Vnns.
283 2215 327 2241 16.
345 2224 358 2238 οι
379 2213 441 2248 Ipse
453 2212 528 2239 enim
543 2211 662 2248 Spiritus
674 2211 865 2240 testimonium
876 2210 941 2240 red—
956 2233 982 2265 D

145 2258 187 2287 dit
199 2258 305 2294 spiritui
316 2263 422 2292 nostro,
434 2256 509 2293 quod
523 2256 610 2285 simus
624 2256 672 2285 ﬁlii
683 2256 746 2285 Dei.
763 2269 776 2282 υ
792 2256 847 2293 59
862 2258 943 2286 Para-

145 2304 232 2332 cletus
245 2304 302 2339 ipse
318 2302 510 2331 testimonium
524 2302 592 2330 dicit
605 2301 679 2330 dono
701 2301 776 2338 quod
791 2302 887 2330 datum
902 2307 944 2330 est

144 2348 236 2376 nobis.
252 2349 315 2376 Non
328 2348 403 2375 enim
422 2355 473 2375 nos
484 2346 564 2375 Abba
581 2354 715 2375 sonamus
729 2347 788 2375 sine
802 2351 871 2375 teste
888 2351 916 2376 et
929 2356 944 2375 a

144 2393 226 2421 nobis
249 2392 324 2428 ipsis,
348 2400 446 2420 verum
473 2392 609 2420 Paracleti
633 2391 738 2420 donum
764 2396 817 2426 est,
839 2397 866 2420 et
887 2392 945 2428 ipse

145 2437 238 2467 docuit
250 2445 301 2466 nos
315 2445 361 2474 per
374 2437 521 2474 Spiritum,
543 2436 572 2465 id
586 2441 628 2465 est
642 2436 759 2472 donum,
775 2437 815 2465 sic
827 2437 900 2473 loqui
916 2437 945 2465 in

145 2482 323 2512 orationibus.

181 2575 269 2603 Vens.
287 2576 329 2602 17.
349 2582 363 2600 ‹ι
381 2573 410 2601 Si
428 2576 520 2601 autem
539 2571 598 2606 ﬁlii,
611 2576 640 2600 et
657 2570 781 2601 haeredes
797 2580 805 2600 :
823 2570 946 2600 han-edes

146 2619 257 2657 quidem
279 2619 342 2654 Dei,
365 2617 523 2647 cohaeredes
536 2621 631 2646 autem
649 2617 758 2645 Christi.
779 2628 792 2642 ι
809 2616 876 2653 Quia
890 2625 946 2645 non

147 2673 243 2694 omnes
261 2665 307 2693 ﬁlii
338 2668 403 2693 sunt
428 2663 564 2698 heredes,
588 2662 710 2691 ostendit
737 2669 789 2691 nos
822 2666 850 2691 et
873 2661 946 2691 ﬁlios

190 2735 263 2762 xlsa.
277 2740 299 2768 ι,
315 2736 341 2761 2.
387 2731 499 2761 IExod.
512 2738 555 2767 Iv,
569 2733 615 2760 23.

1033 1423 1044 1436 κ
1061 1409 1109 1440 Ἐν
1126 1405 1148 1451 ᾧ
1163 1410 1294 1450 κράζομεν
1307 1420 1313 1427 '
1328 1409 1410 1439 Ἀϐϐᾶ
1425 1410 1438 1438 ὃ
1453 1409 1560 1448 Πατήρ.
1577 1423 1587 1435 ι
1606 1409 1665 1445 Τὴν
1676 1409 1792 1448 Ἑϐραϊ-

992 1453 1041 1489 κὴν
1065 1454 1134 1488 λέξιν
1166 1455 1282 1491 τέθεικε,
1304 1453 1368 1493 ὅπερ
1398 1454 1471 1494 ῥῆμά
1500 1455 1556 1484 ἐστι
1580 1453 1695 1493 γνησίων
1723 1454 1794 1484 παί-

992 1500 1042 1528 δων
1055 1499 1081 1518 ³⁵
1097 1499 1162 1539 πρὸς
1176 1500 1289 1538 πατέρα.
1314 1499 1350 1529 Τί
1374 1496 1434 1535 οὖν,
1451 1499 1498 1528 οὒκ
1523 1499 1635 1529 ἐκάλουν
1654 1497 1701 1528 καὶ
1722 1499 1796 1528 ἐκεί-

995 1555 1034 1574 νοι
1058 1543 1161 1584 πατέρα
1177 1544 1221 1574 τὸν
1236 1543 1321 1579 Θεόν;
1350 1555 1365 1573 (ι
1388 1543 1457 1573 Θεὸν
1472 1543 1534 1584 γὰρ,
1556 1543 1638 1583 φησὶ,
1665 1543 1709 1584 τον
1732 1555 1796 1582 γεν-

1019 1588 1027 1600 ,
1105 1589 1111 1598 Ι
1180 1590 1188 1600 ’
1265 1589 1273 1600 θ
1491 1588 1498 1598 Ι
1636 1588 1642 1597 \

994 1600 1112 1624 νησαντα
1127 1600 1157 1618 σε
1176 1590 1358 1628 εγκατελιπες·
1374 1602 1386 1615 ι
1402 1588 1447 1618 καὶ
1462 1590 1554 1625 παλιν,
1567 1602 1578 1614 ιι
1593 1589 1661 1622 Θεος
1674 1583 1710 1621 εἷς
1721 1587 1798 1617 ἔκτι-

995 1645 1039 1663 σεν
1060 1636 1153 1672 ἡμᾶς·
1172 1647 1185 1660 ι
1211 1636 1273 1673 καὶ,
1304 1647 1315 1660 α
1344 1632 1440 1673 Πατὴρ
1466 1628 1502 1666 εἷς
1517 1632 1626 1663 πάντων
1656 1635 1745 1672 ἡμῶν.
1779 1647 1792 1657 η

996 1678 1065 1707 Ἀλλ’
1090 1678 1173 1708 εἶκαὶ
1190 1682 1274 1709 ταῦτα
1296 1677 1399 1718 εἴρηται
1419 1678 1480 1718 περὶ
1499 1677 1623 1713 ἐκείνων,
1649 1677 1722 1716 ὅμως
1746 1679 1794 1707 οὗ·

996 1723 1046 1756 δεὶς
1068 1723 1176 1764 εὕρηται
1190 1724 1217 1753 ἐν
1240 1725 1374 1764 προσευχῇ
1393 1723 1508 1756 καλέσας
1528 1723 1633 1763 πατέρα
1648 1723 1692 1752 τὸν
1703 1722 1774 1752 Θεὸν
1788 1747 1796 1759 ,

995 1767 1085 1808 ὥσπερ
1109 1771 1152 1798 νῦν
1170 1768 1244 1806 ἡμεῖς
1257 1768 1353 1801 πάντες
1377 1767 1445 1806 μετὰ
1468 1767 1498 1796 τὸ
1518 1768 1669 1806 βάπτισμα.
1691 1766 1796 1801 Ἄλλως

996 1825 1039 1850 τε,
1062 1812 1144 1842 εἶκαὶ
1159 1813 1289 1843 ἐκάλεσάν
1314 1824 1380 1842 ποτε
1394 1813 1492 1842 ἐκεῖνον
1515 1812 1551 1850 ⁸⁷,
1573 1814 1631 1841 ἀλλ’
1645 1812 1671 1846 ἐξ
1692 1811 1796 1845 οἰκείας

996 1857 1110 1891 διανοίας
1128 1870 1134 1876 ·
1161 1859 1184 1887 οἱ
1214 1858 1241 1887 δὲ
1264 1858 1354 1887 πιστοὶ
1382 1859 1411 1887 ἐκ
1434 1859 1617 1895 πνευματικῆς
1647 1858 1793 1896 ἐνεργείας.

994 1902 1104 1941 νΩσπερ
1119 1902 1170 1942 γὰρ
1187 1902 1264 1941 ἴσμεν
1279 1902 1308 1932 τὸ
1328 1903 1442 1940 Πνεῦμα
1467 1904 1514 1938 τῆς
1538 1901 1719 1942 προφητείας,
1746 1904 1796 1942 ἀφ’

996 1942 1032 1977 ὧν
1057 1949 1070 1976 δ
1085 1947 1176 1977 λαϐὼν
1197 1947 1261 1976 αὐτὸ
1282 1947 1405 1987 προλέγει
1429 1945 1462 1976 τὰ
1487 1946 1620 1984 μέλλοντα
1635 1957 1643 1965 ο
1664 1946 1733 1976 οὕτω
1746 1947 1796 1976 καὶ

997 1994 1110 2030 Πνεῦμα
1134 1992 1265 2025 υἱοθεσίας
1281 1991 1458 2032 γνωρίζεται,
1479 1993 1523 2033 ἀφ’
1540 1987 1576 2021 ὗν
1591 1993 1605 2022 ὃ
1619 1991 1710 2022 λαϐὼν
1727 1992 1794 2021 αὐτὸ

996 2038 1099 2077 πατέρα
1114 2039 1191 2067 καλεῖ
1212 2038 1256 2066 τὸν
1278 2037 1365 2072 Θεὸν,
1387 2036 1440 2066 ὑπὸ
1461 2039 1507 2066 τοῦ
1524 2036 1683 2076 Πνεύματος
1706 2037 1793 2067 κινού-

996 2095 1084 2122 μενος.
1099 2081 1152 2113 6Ev
1175 2082 1226 2122 γὰρ
1250 2081 1296 2111 καὶ
1318 2084 1395 2111 τοῦτο
1410 2083 1462 2110 τῶν
1489 2085 1535 2112 τοῦ
1560 2081 1718 2120 Πνεύματος
1745 2093 1796 2122 χα-

998 2127 1131 2169 ρισμάτων
1141 2148 1149 2163 ,
1166 2126 1256 2167 ὥσπερ
1272 2121 1316 2155 οῦν
1331 2126 1377 2156 καὶ
1395 2127 1474 2160 αὐτὸς
1490 2126 1608 2167 ἐπιφέρει
1624 2126 1718 2166 λέγων·

1037 2221 1050 2234 ι
1068 2207 1137 2238 Αὐτὸ
1152 2207 1204 2247 γὰρ
1220 2207 1250 2236 τὸ
1267 2207 1381 2245 Πνεῦμα
1403 2211 1588 2247 συμμαρτυρεί
1611 2208 1648 2247 τῷ
1664 2206 1797 2245 τιὟεύματι

998 2253 1093 2291 ⁴ἡμῶν,
1108 2252 1148 2282 ὅτι
1164 2251 1243 2291 ἐσμὲν
1253 2251 1332 2281 τέκνα
1347 2253 1430 2283 Θεοῦ.
1453 2264 1468 2280 ιο
1490 2252 1575 2285 Αὐτὸς
1590 2254 1604 2281 ὁ
1620 2251 1797 2291 Παράκλητος

999 2301 1183 2337 συμμαρτυρεῖ
1204 2299 1242 2337 τῷ
1266 2296 1416 2337 χαρίσματι
1442 2298 1480 2337 τῷ
1495 2297 1627 2337 δεδομένῳ
1651 2299 1725 2335 ἡμῖν.
1753 2298 1796 2327 Οὐ

998 2342 1050 2383 γὰρ
1065 2343 1230 2383 φθεγγόμεθα
1256 2341 1303 2380 μὲν
1326 2341 1356 2371 τὸ
1375 2341 1460 2371 ’A66a
1483 2344 1575 2380 ἡμεῖς,
1593 2341 1752 2382 ἀμαρτύρως
1769 2341 1796 2371 δὲ

999 2388 1045 2418 καὶ
1068 2387 1112 2428 ἀφ’
1128 2389 1246 2424 ἑαυτῶν,
1263 2386 1333 2417 ἀλλὰ
1348 2390 1393 2417 τοῦ
1415 2386 1597 2427 Παρακλήτου
1622 2386 1692 2416 ἐστὶν
1709 2389 1726 2422 ἠ
1743 2387 1795 2416 δω-

1003 2432 1066 2473 ρεὰ,
1080 2432 1126 2462 καὶ
1152 2433 1228 2466 αὐτὸς
1255 2431 1370 2466 ἐδίδαξεν
1394 2434 1466 2470 ἡμᾶς
1483 2431 1527 2462 διὰ
1551 2434 1596 2462 τοῦ
1621 2431 1795 2470 Πνεύματος,

1000 2477 1120 2508 τουτέστι
1144 2476 1179 2514 ⁸⁸,
1204 2479 1250 2506 τοῦ
1274 2477 1461 2517 χαρίσματος,
1482 2476 1551 2505 οὕτω
1581 2476 1740 2517 φθέγγεσθαι
1769 2479 1796 2507 ἐν

1000 2526 1058 2556 ταῖς
1072 2525 1244 2562 προσευχαῖς.
1719 2558 1722 2559 ν

1041 2581 1053 2595 α
1066 2568 1101 2597 Εἰ
1127 2567 1154 2596 δὲ
1180 2567 1278 2603 τέκνα,
1296 2565 1342 2596 καὶ
1365 2565 1525 2607 κληρονόμοι
1544 2577 1551 2585 ·
1573 2565 1733 2606 κληρονόμοι
1748 2565 1796 2604 μὲν

1000 2612 1085 2649 Θεοῦ,
1100 2611 1311 2651 συγκληρονόμοι
1327 2610 1354 2641 δὲ
1367 2612 1496 2651 Χριστοῦ.
1513 2625 1525 2639 ιι
1539 2610 1650 2646 Ἐπειδὴ
1663 2611 1693 2640 οὗ
1707 2609 1796 2640 πάντα

1001 2657 1034 2687 τὰ
1065 2657 1145 2687 τέκνα
1173 2657 1352 2699 κληρονόμοι,
1393 2657 1543 2693 δείκνυσιν,
1578 2655 1619 2685 ὅτι
1648 2657 1725 2694 ἡμεῖς
1750 2654 1796 2684 καὶ

661 2731 734 2759 lIsa.
751 2738 804 2765 ιιι,
820 2732 866 2759 20.
904 2735 916 2748 ι
929 2732 942 2758 Ι

1026 2736 1127 2764 XXXII,
1141 2731 1186 2758 18.
1223 2729 1236 2748 δ
1250 2728 1367 2757 Malach.
1382 2736 1418 2763 ll,
1436 2731 1478 2757 ιο.
1522 2727 1644 2764 °Ephes.
1659 2735 1700 2763 1v,
1712 2730 1740 2755 6.

845 2784 939 2814 Varia:
961 2784 1113 2815 lectiones.

184 2844 206 2861 ⁸³
217 2845 275 2881 γάρ.
315 2843 339 2864 δ”
348 2844 464 2876 κολάσεις
473 2852 512 2873 n1.
551 2843 573 2861 ⁸⁵
587 2843 710 2880 εὖγενέσιν
723 2842 840 2880 ἀνδράσιν
849 2850 888 2871 m.
927 2842 949 2860 ⁸⁵
963 2842 1055 2869 τέκνων
1066 2849 1106 2871 m.
1144 2841 1166 2859 ⁸⁷
1179 2840 1217 2868 ἴσ.
1232 2840 1332 2869 ἐκεῖνοι.
1371 2841 1394 2861 ⁸³
1407 2840 1461 2875 ἤτοι
1475 2849 1501 2869 o.
