1901 3077
63 175 112 204 MS

509 176 683 206 EXPOSITIO
703 176 736 205 IN
754 177 858 206 EPIST.
880 178 926 206 AD
945 178 1028 207 ROM.
1052 194 1088 200 ——
1107 180 1182 208 CAP.
1202 181 1269 210 VIII.

1659 183 1711 212 446

63 239 140 284 τέκνα
154 239 203 270 καὶ
213 238 389 280 Ῐκληρονόμοι.
412 238 525 276 Ἐπειδὴ
545 239 571 259 ⁸³
589 239 617 270 δὲ
632 240 662 269 οὗ
677 239 775 274 πάντες
789 241 856 278 κλη-

949 248 983 275 te,
998 245 1026 269 et
1045 241 1177 271 heredes.
1197 243 1268 278 Quia
1282 251 1349 273 vero
1363 252 1419 273 non
1438 253 1537 275 omnes
1549 251 1712 284 magnorum

63 283 166 323 ρονόμοι
191 284 243 314 εἰσὶ
271 284 395 323 μεγάλων
424 284 610 323 πραγμάτων,
639 283 790 324 δείκνυσιν,
820 284 861 316 ὅτι

62 329 104 358 καὶ
119 329 228 368 μεγάλα
242 329 457 369 κληρονομοῦμεν
469 341 476 348 ο
494 343 506 355 α
518 331 589 360 Θεοῦ
602 329 653 370 γὰρ
665 332 835 369 κληρονόμοι.
849 343 862 357 I

63 374 164 410 Πάλιν,
182 373 276 410 ἐπειδὴ
300 373 358 403 ἔστι
379 374 424 404 καὶ
451 374 630 414 κληρονόμους
653 370 736 412 εἶναι,
750 376 780 405 οὖ
795 375 863 405 πάν-

62 431 110 452 τως
122 418 150 447 δὲ
165 420 205 458 τῷ
228 420 374 458 Μονογενεῖ
391 419 633 459 συγκληρονομεῖν,
650 420 747 460 φησὶν,
760 420 800 450 δτι
815 420 861 450 καὶ

63 466 136 494 τοῦτο
146 463 248 504 ἔχομεν
260 475 267 482 ·
284 477 296 490 ε
309 463 530 504 Συγκληρονόμοι
541 464 594 505 γὰρ
610 465 728 505 Χριστοῦ
745 466 836 504 ἐσμεν.
850 479 861 492 ι

99 568 110 581 ι
123 553 211 594 Εἴπερ
229 553 442 594 συμπάσχομεν,
464 553 509 584 ἵνα
528 554 575 584 καὶ
598 554 828 594 συνδοξασθῶμεν.
843 566 858 585 ι

64 599 167 635 Εἰπὼν,
182 597 226 629 ὅτι
238 599 450 640 συγκληρονόμοι
468 600 588 640 Χριστοῦ
603 599 734 639 ἐσόμεθα,
757 599 860 630 δείκνυ-

63 656 118 680 σιν,
142 644 185 675 ὅτι
210 643 325 685 εὐλόγως
349 644 442 675 τούτου
468 644 625 684 τευξόμεθα.
656 644 692 676 ¹0
721 645 773 686 γὰρ
802 645 862 679 τοὺς

61 689 130 719 οὐδὲν
157 689 372 729 κατωρθωκότας
407 689 543 724 τοσούτοις
576 692 682 728 ἀγαθοῖς
719 691 861 731 φιλοτιμη-

62 734 190 774 σάμενος,
216 733 282 764 ὅταν
306 734 349 774 ἴδῃ
374 734 461 764 πολλὰ
493 735 677 774 πονήσαντας,
717 737 774 769 πῶς
801 735 862 776 οὐχὶ

61 780 158 817 μᾶλλον
177 778 335 820 ἆμείψετως
355 781 442 810 Τοῦτο
457 779 484 809 δὲ
496 784 584 817 ποιεῖ,
600 781 636 814 ὡς
656 779 689 810 ἂν
705 779 743 818 μὴ
763 780 860 820 aiax-$-

62 836 155 854 νωνται
169 825 194 854 οἱ
212 823 395 863 λαμϐάνοντες
419 823 466 860 τὴν
485 824 586 864 δωρεὰν
597 847 606 863 ,
620 826 655 858 ὣς
676 824 781 859 ἀπόνως
792 825 858 854 ταύ-

62 881 106 906 την
118 869 307 907 λαμϐάνοντες
321 869 358 900 ”.
378 869 452 905 Πλὴν
471 869 582 906 σκόπει,
594 869 635 899 ὅτι
649 871 764 900 ὶνταῦθα
780 869 862 899 αἰνίτ-

916 285 1055 315 bonorum
1079 287 1268 317 haereditatem
1292 289 1408 325 adeunt,
1423 290 1545 319 ostendit
1566 291 1642 328 quod
1653 299 1713 321 ml-

915 339 1035 368 gnorum
1068 333 1154 360 etiam
1189 333 1378 362 hereditatem
1410 337 1583 364 consecuturi
1615 337 1711 365 simus.

917 387 930 401 αι
959 378 1030 405 Nam
1044 377 1096 405 Dei
1116 385 1212 407 sumus
1225 378 1359 407 haeredes.
1377 391 1390 404 ιι
1407 381 1525 415 Rursus,
1541 380 1712 417 quandoqui-

916 421 979 449 dem
1005 421 1062 450 ﬁeri
1087 426 1186 458 potest,
1214 427 1244 451 ut
1269 423 1391 452 hazredes
1414 425 1513 459 simus,
1538 432 1589 453 nec
1619 429 1712 453 tamen

916 466 1030 495 omnino
1051 467 1140 496 simus
1160 469 1313 504 Unigenito
1335 469 1504 503 cohaeredes,
1524 470 1573 504 ait,
1592 470 1665 506 quod
1687 474 1714 498 et

916 510 969 540 hoc
980 511 1115 541 habemus
1130 521 1137 540 :
1155 525 1168 537 ιι
1189 513 1351 542 Οοὴᾶιι-θάοε
1369 515 1442 543 enim
1455 514 1555 544 Christi
1574 523 1680 543 sumus.
1699 527 1711 539 ιι

953 568 965 580 α
979 557 1007 585 Si
1022 561 1114 586 tamen
1126 559 1321 594 eompatimur,
1335 564 1366 587 ut
1386 563 1414 588 et
1434 559 1682 596 conglorillcemur.
1699 572 1711 584 ιι

915 602 986 630 Cum
1009 602 1131 637 dixisset,
1145 603 1247 632 Christi
1267 612 1319 633 nos
1332 604 1489 633 coheredes
1505 605 1572 639 fore,
1593 605 1716 634 ostendit

915 654 967 674 nos
985 647 1059 676 istud
1083 655 1139 676 non
1160 648 1218 676 sine
1242 657 1323 677 causa
1351 654 1534 678 assecuturos.
1557 650 1612 685 Qui
1636 650 1712 678 enim

915 699 977 725 nos,
992 699 1057 720 cum
1070 692 1133 720 nihil
1146 692 1238 722 adhuc
1251 693 1315 722 boni
1336 694 1458 731 rectique
1473 694 1712 731 praestitissemus,

915 736 997 764 tantis
1012 736 1092 765 bonis
1113 737 1277 773 honoravit;
1291 738 1434 774 quomodo
1446 747 1503 766 non
1518 738 1638 775 praemiis
1650 746 1710 767 ma-

911 779 1020 816 joribus
1050 781 1215 818 dignabitur,
1242 790 1307 811 cum
1340 791 1391 811 nos
1425 784 1544 812 multum
1575 783 1712 812 laborasse

915 825 1034 855 viderit?
1048 827 1109 855 Hoc
1128 830 1221 856 autem
1230 827 1295 864 agit,
1310 835 1345 856 ne
1359 827 1499 864 pudeﬁant
1512 828 1529 856 ii
1543 828 1590 864 qui
1605 828 1710 857 donum

915 871 1060 907 accipiunt,
1084 875 1218 908 tanquam
1237 872 1303 900 citra
1327 873 1452 902 laborem
1480 873 1629 909 accipiant.
1656 875 1710 902 Ve-

63 925 149 952 τεται,
164 916 223 948 πῶς
243 917 283 944 δεῖ
298 913 342 944 τὸν
363 913 506 948 ἀξιωθέντα
526 914 658 944 τοσούτων
680 915 786 955 δωρεῶν
812 914 859 945 καὶ

949 920 1070 945 mtamen
1092 917 1230 953 perpende
1244 921 1338 946 tecum
1362 918 1437 954 quod
1452 918 1496 946 hic
1511 919 1614 953 innuit,
1638 926 1708 954 quo-

66 960 98 992 εἷς
109 959 181 996 πάθη
199 959 247 990 καὶ
266 960 302 993 εἰς
316 959 450 993 κινδύνους
465 959 558 989 ἑαυτὸν
578 959 719 990 ἐκδιδόναι.

100 1063 112 1078 α
127 1050 278 1089 Λογίζομαι
301 1049 352 1090 γὰρ
376 1048 417 1079 δτι
440 1050 487 1080 οὐκ
508 1049 569 1084 ἄξια
592 1049 627 1080 τὰ
646 1049 797 1088 παθήματα
813 1053 859 1081 τοῦ

63 1098 104 1124 νῦν
117 1098 213 1135 καιροῦ
233 1095 300 1135 πρὸς
319 1095 368 1131 τὴν
392 1094 541 1136 μέλλουσαν
567 1094 645 1129 δόξαν
667 1096 858 1136 ἀποκαλυφθῆ-

64 1152 103 1169 ναι
116 1141 153 1174 si;
162 1143 246 1178 ἡμᾶς.
265 1154 277 1166 ι
293 1140 406 1175 Ἐπειδὴ
418 1135 501 1178 εἶπεν,
518 1140 558 1171 ὅτι
575 1155 587 1167 αι
602 1135 818 1180 Συμπάσχομεν,
837 1151 852 1170 η

63 1184 102 1215 ἵνα
116 1185 154 1224 μὴ
176 1184 319 1223 ἀποκνήσῃ
334 1187 348 1215 ὃ
363 1184 510 1224 ἀκροατὴς,
532 1187 568 1220 ὡς
590 1185 634 1216 ἐπὶ
657 1184 790 1219 κινδύνους
810 1185 858 1220 ἰξ-

65 1230 201 1270 αγόμενος,
223 1231 273 1260 καὶ
287 1231 324 1264 εἷς
349 1230 423 1266 πάθη
447 1230 671 1270 περιελκόμενος,
695 1230 790 1270 φησὶν,
816 1230 857 1260 ὅτι

65 1275 110 1312 Μὴ
134 1275 281 1316 δειλιάσῃς.
302 1287 317 1303 ει
341 1275 400 1305 Οὖκ
422 1274 482 1310 ἄξια
503 1275 554 1315 γὰρ
579 1275 613 1305 τὰ
638 1275 790 1314 παθήματα
810 1278 856 1306 τοῦ

65 1322 106 1350 νῦν
122 1324 234 1361 καιροῦ,
261 1319 400 1356 τουτέστι,
425 1319 458 1349 τὰ
474 1320 626 1360 πρόσκαιρα
648 1320 695 1350 καὶ
717 1321 856 1361 παρερχό-

66 1377 143 1403 μενα,
162 1377 177 1395 α
191 1365 260 1406 πρὸς
273 1365 321 1401 τὴν
339 1365 488 1404 μέλλουσαν
505 1366 726 1405 ἀποκαλυφθῆναι
741 1364 828 1399 δόξαν.
842 1379 856 1392 1

67 1411 120 1440 Οὔκ
133 1405 204 1447 εἷπε,
216 1405 281 1447 Τὴν
305 1410 455 1449 μέλλουσαν
478 1409 566 1439 ἄνεσιν
576 1433 584 1448 ,
603 1409 690 1446 ἀλλὰ,
708 1423 722 1437 ι
737 1409 796 1446 Τὴν
811 1409 854 1440 δό-

67 1454 119 1488 ξαν.
134 1468 146 1482 ι
159 1457 248 1486 Τοῦτο
264 1455 315 1495 γὰρ
337 1454 368 1484 τὸ
382 1454 468 1493 ὄνομα
488 1454 634 1494 ἐπέραστον
655 1456 711 1489 τοῖς
733 1455 853 1489 πολλοῖς.

66 1497 148 1530 Ὅπου
165 1500 211 1538 μὲν
236 1500 340 1537 ἄνεσις,
362 1500 392 1529 οὗ
407 1500 513 1533 πάντως
536 1499 598 1534 δόξα
613 1511 621 1519 υ
642 1499 709 1530 ὅπου
725 1499 753 1529 δὶ
776 1499 854 1537 δόξα,

68 1546 116 1575 ἐκεῖ
135 1545 178 1575 καὶ
194 1545 296 1578 ἄνεσις.
321 1544 372 1575 Διὰ
385 1544 413 1574 δὲ
435 1547 481 1575 τοῦ
501 1545 584 1574 εἰπεῖν
603 1544 651 1581 τὸ,
674 1555 688 1573 ε
704 1544 855 1574 Ἀποκαλυ-

68 1592 171 1630 φθῆναι,
183 1605 196 1617 ι
210 1589 308 1624 ἔδειξεν
323 1589 364 1619 ὅτι
380 1589 426 1619 καὶ
442 1591 488 1618 νῦν
501 1588 569 1626 ἔστι,
582 1588 727 1629 κρύπτεται
741 1589 777 1618 δέ·
794 1589 854 1620 τότε

67 1626 91 1663 δὲ
104 1626 368 1676 ἀποκαλυφθήσεται,
384 1633 519 1670 τουτέστι,
540 1626 646 1668 τελείως
671 1634 856 1674 φανερωθήσε-
870 1626 892 1659 C

67 1691 115 1711 ται.
131 1680 204 1711 Διότι
215 1680 270 1721 γὰρ
283 1681 388 1719 μεγάλη
400 1678 456 1709 ἐστὶ
464 1701 472 1716 ,
484 1679 530 1709 καὶ
541 1679 684 1720 ἀφράστως
700 1678 855 1719 ὑπερϐαίνει

68 1724 107 1754 τὸν
123 1725 239 1765 παρόντα
256 1726 338 1754 αἶῶνα
347 1747 355 1762 ,
380 1723 422 1754 διὰ
440 1726 517 1754 τοῦτο
530 1724 586 1754 εκεῖ
598 1723 772 1762 τεταμίευται
782 1745 790 1759 ,
802 1729 856 1765 τοῖς

69 1764 240 1806 ἀτελευτήτοις
267 1769 548 1809 συμπαρεκτεινομὲνη
570 1770 674 1798 αἰῶσιν.
699 1767 806 1807 Ὥστε,
833 1764 855 1799 ὦ

69 1814 192 1854 exposed,
219 1815 279 1846 ἐπεὶ
303 1814 348 1845 καὶ
373 1814 408 1845 τὰ
432 1813 583 1852 παθήματα
616 1816 664 1843 τοῦ
690 1816 735 1843 νῦν
761 1816 855 1854 καιροῦ

69 1859 140 1896 εἰσιν,
157 1859 237 1900 ἤγουν
263 1859 433 1900 πρόσκαιρα,
450 1858 495 1888 καὶ
519 1858 613 1894 ἡδόξα
639 1860 686 1888 τοῦ
712 1858 856 1897 μέλλοντος

69 1905 151 1938 αἰῶνος
174 1908 220 1936 τοῦ
254 1903 438 1940 ἀκαταλύτου,
461 1903 624 1945 καταφρόνει
649 1904 701 1933 τῶν
728 1903 856 1943 παθημά-

68 1959 112 1977 των
124 1972 132 1987 ,
146 1950 190 1979 καὶ
205 1951 254 1986 τῆς
271 1948 347 1986 δόξης
362 1950 510 1979 ἆντιποιοῦ.

108 2004 121 2023 ιι
135 1993 169 2024 Ἦ
192 1995 246 2034 γὰρ
262 1993 465 2034 ἀποκαραδοκία
485 1995 532 2029 τῆς
553 1993 662 2026 κτίσεως
684 1992 733 2029 τὴν
752 1993 853 2024 ἀποκά-

68 2037 134 2078 λυψιν
158 2041 209 2069 τῶν
236 2040 301 2068 υἱῶν
329 2041 376 2068 τοῦ
401 2040 472 2069 Θεοῦ
498 2037 691 2077 ἀπεκδέχεται.
722 2050 738 2067 ιι
759 2038 855 2068 Θέλων

70 2081 140 2118 δεῖξαι
154 2083 188 2119 Μ,
206 2084 270 2120 ὅστις
285 2083 430 2121 τευξόμεθα
445 2082 520 2120 δόξης
531 2105 539 2120 ,
556 2082 653 2123 φησὶν,
669 2082 710 2113 δτι
727 2082 772 2112 καὶ
789 2083 855 2119 αὐτ-ὴ

70 2127 84 2161 ἡ
101 2128 178 2162 κτίσις
197 2129 242 2159 ἐπὶ
259 2128 289 2157 τὸ
316 2132 435 2169 κρεῖττον
461 2127 656 2168 ἆμειφθήσεται
669 2138 691 2169 '_
701 2129 746 2157 καὶ
771 2127 816 2157 ἐὰν
838 2130 855 2164 ἡ

70 2170 159 2209 κτίσις,
182 2174 276 2214 πολλῷ
301 2166 403 2212 μάλλον
429 2174 515 2210 ἡμεῖς.
534 2166 572 2203 Ὅ
597 2171 645 2211 μὲν
661 2166 706 2201 οὖν
729 2174 788 2206 νοῦς
803 2174 855 2202 τῶν

70 2215 206 2271 λεγομένων
221 2220 348 2271 τοιοῦτος.
363 2216 463 2271 ι¹¹Οπερ
481 2217 508 2247 δὲ
528 2218 552 2246 οἱ
577 2218 712 2271 προίρῆται
734 2220 855 2271 ποιοῦσιὶ,
870 2240 894 2271 D

71 2260 120 2294 τοὺς
142 2262 275 2301 ποταμοὺς
296 2262 373 2302 χερσὶ
395 2264 554 2301 κροτοῦντας
576 2262 741 2301 εἰσάγοντες,
757 2261 853 2292 καὶτὰ

70 2304 111 2342 ὅρη
132 2309 293 2347 σκιρτῶντα,
314 2306 361 2336 καὶ
383 2307 514 2347 πρόσωπα
539 2306 668 2347 ἐμψύχων
691 2306 737 2337 καὶ
760 2308 853 2343 αἰσθη-

71 2351 139 2379 τιχῶν
165 2352 250 2386 αὐτοῖς
269 2351 448 2392 περιτεθέντες
471 2350 514 2392 [
542 2352 690 2392 περιτιθ.
715 2354 793 2382 τοῦτο
808 2352 853 2382 καὶ

72 2393 138 2429 αὐτὸς
145 2401 223 2434 ποιεῖ,
237 2396 284 2426 καί
299 2408 388 2437 φησιν,
398 2396 439 2427 ὅτι
452 2395 486 2427 Ἦ
503 2396 587 2430 κτίσις
596 2400 672 2426 πᾶσα
685 2398 700 2426 ἀ
710 2409 792 2426 ποκα
801 2409 853 2438 ρα-

73 2438 184 2470 δοκίαν
197 2441 262 2482 ἔχει,
279 2441 408 2478 τουτέστι,
423 2441 541 2481 μεγάλην
556 2441 717 2482 προσδοκίαν
729 2441 800 2481 ἔχει,
813 2441 853 2471 ὅτι

73 2483 111 2512 καὶ
125 2485 186 2523 αὐτὴ
199 2487 243 2516 ἐπὶ
257 2487 287 2517 τὸ
302 2487 422 2526 κρεῖττον
444 2486 638 2528 ἀμειφθήσεται
647 2510 655 2524 ,
678 2488 724 2516 καὶ
739 2486 854 2517 ἀπεκδέ-

73 2536 139 2566 χεται
164 2530 210 2566 τὴν
240 2531 407 2571 ἀποκάλυψιν
433 2533 480 2567 τῆς
507 2530 582 2567 δόξης
604 2533 682 2570 ἡμῶν
708 2532 760 2561 τῶν
790 2532 853 2561 υἱῶν

74 2574 112 2618 τοῦ
125 2574 200 2605 Θεοῦ.
213 2576 280 2607 Τότε
290 2575 342 2617 γὰρ
353 2576 400 2606 καὶ
412 2576 480 2613 αὗτὴ
493 2575 686 2618 δοξασθήσεται
751 2578 852 2618 ἀφθαρ-

76 2615 126 2656 σίᾳ,
153 2618 191 2649 ὅτε
218 2621 262 2650 καὶ
288 2615 374 2660 ἡμεῖς.
402 2620 478 2652 ’Ὅσα
508 2615 552 2651 οὖν
584 2620 688 2656 ἀκούεις
722 2615 852 2661 λεγόμενα

75 2661 126 2708 περὶ
143 2665 187 2700 τῆς
198 2665 326 2705 κτίσεως,
346 2667 382 2700 ὥς
403 2666 466 2708 περὶ
486 2665 624 2707 ἐμψύχου,
638 2665 854 2708 προσωποποιίας

76 2705 153 2748 τρόπῳ
167 2709 251 2748 νόμιζε
264 2710 399 2751 λέγεσθαι.

910 960 994 990 modo
1017 965 1128 997 oportet
1159 962 1243 990 tantis
1271 967 1435 991 exornatum
1477 962 1558 991 donis
1589 963 1711 999 seipsum

916 1013 979 1034 cum
993 1006 1191 1035 afflictionibus
1204 1011 1265 1035 tum
1280 1008 1406 1044 periculis
1417 1015 1565 1044 exponere.

950 1052 1040 1079 Vsns.
1058 1054 1101 1079 18.
1119 1063 1132 1076 ιι
1146 1052 1282 1080 Existimo
1292 1053 1368 1081 enim
1381 1053 1454 1089 quod
1468 1061 1527 1081 non
1543 1053 1600 1081 sint
1613 1052 1710 1081 condi-

913 1103 975 1132 gnae
989 1095 1130 1132 passiones
1147 1097 1229 1133 hujus
1242 1098 1376 1134 temporis
1396 1097 1431 1126 ad
1453 1097 1571 1125 futuram
1595 1097 1710 1134 gloriam

913 1149 975 1177 quae
1006 1142 1171 1170 revelabitur
1204 1142 1233 1170 in
1265 1142 1356 1170 nobis.
1391 1152 1406 1168 n
1433 1143 1572 1177 Quoniam
1595 1142 1711 1177 dixerat,

915 1197 929 1210 ι
945 1186 1148 1222 Compatimur,
1166 1198 1179 1211 ι
1192 1195 1227 1215 ne
1238 1191 1381 1216 cunctetur
1402 1192 1429 1216 et
1442 1188 1577 1216 detrectet
1590 1188 1711 1223 auditor,

912 1234 1044 1267 tanquam
1077 1231 1112 1260 ad
1143 1231 1262 1268 pericula
1287 1232 1414 1265 eductus,
1444 1237 1472 1261 et
1503 1232 1538 1261 ad
1573 1233 1711 1268 passiones

912 1276 1105 1311 circumactus,
1119 1284 1204 1311 nunc,
1218 1277 1280 1305 Noli
1294 1277 1404 1312 timere,
1417 1277 1513 1314 inquit.
1529 1289 1542 1302 ιι
1561 1279 1620 1306 Νοη
1635 1279 1711 1306 enim

912 1320 1001 1357 digna:
1017 1325 1084 1349 sunt
1101 1321 1268 1350 afﬂictiones
1294 1321 1375 1358 hujus
1394 1322 1539 1358 temporis,
1555 1333 1568 1348 »
1595 1323 1648 1351 hoc
1669 1327 1711 1351 est

911 1366 1085 1401 temporaria:
1106 1370 1134 1395 et
1159 1366 1337 1401 transitoria,
1360 1379 1374 1391 ιι
1398 1367 1432 1395 ad
1458 1367 1579 1395 futuram
1593 1367 1709 1403 gloriam

911 1418 975 1446 qua:
995 1410 1167 1439 revelabitur.
1197 1422 1211 1437 ιι
1234 1413 1298 1440 Non
1321 1411 1399 1446 dixit,
1426 1411 1550 1440 futuram
1576 1412 1708 1449 quietem,

909 1454 970 1490 sed,
986 1467 999 1480 α
1015 1456 1149 1484 Gloriam.
1171 1468 1184 1481 ι
1200 1457 1309 1485 Nomen
1328 1457 1402 1485 enim
1426 1457 1498 1485 istud
1519 1458 1655 1494 plerisque
1669 1461 1711 1486 cst

909 1500 1038 1529 amabile.
1050 1502 1122 1530 Nam
1136 1501 1182 1530 ubi
1196 1501 1283 1538 quies,
1296 1501 1332 1529 ibi
1346 1509 1401 1530 non
1413 1502 1528 1530 omnino
1542 1502 1647 1538 gloria:
1660 1502 1709 1530 ubi

910 1552 974 1573 vero
989 1546 1086 1582 gloria,
1102 1546 1139 1574 ibi
1160 1551 1187 1575 et
1202 1547 1288 1583 quies.
1309 1547 1348 1574 At
1362 1554 1427 1575 cum
1441 1548 1489 1582 ait,
1506 1559 1519 1572 ιι
1549 1555 1612 1584 qua:
1629 1555 1708 1575 reve-

910 1589 1022 1624 labitur,
1051 1602 1064 1615 ι
1089 1591 1209 1620 ostendit
1231 1591 1307 1620 illam
1334 1591 1485 1620 etiamnum
1517 1600 1589 1626 esse,
1613 1599 1708 1620 verum

906 1635 1095 1664 absconditam
1112 1646 1118 1664 :
1142 1640 1209 1664 tunc
1229 1641 1324 1665 autem
1342 1637 1517 1671 revelabitur,
1538 1636 1565 1665 id
1589 1641 1631 1665 est
1644 1645 1709 1673 per-

911 1679 978 1708 fecte
1005 1680 1237 1710 manifestabitur.
1263 1683 1335 1710 Nam
1356 1681 1420 1718 quia
1445 1681 1542 1718 ingens
1564 1685 1616 1715 est,
1636 1689 1706 1717 prm-

908 1731 1026 1761 sensque
1038 1726 1172 1754 smculum
1191 1725 1368 1754 ineffabiliter
1390 1725 1572 1759 transcendit,
1591 1726 1656 1754 ideo
1671 1726 1709 1754 ibi

908 1769 1068 1798 reconditur
1081 1771 1251 1807 simpiternis
1263 1776 1410 1799 coextensa
1429 1771 1548 1800 saeculis.
1565 1771 1709 1805 Quamob-

909 1822 980 1850 rem,
1002 1822 1019 1843 ο
1041 1815 1162 1848 auditor,
1182 1823 1246 1844 cum
1281 1815 1448 1844 afﬂictioues
1478 1817 1623 1852 praesentis
1653 1816 1709 1844 sint

910 1860 1052 1895 temporis,
1071 1859 1098 1888 id
1127 1863 1169 1888 est
1196 1860 1372 1894 transitoria),
1407 1860 1493 1896 gloria
1524 1867 1590 1887 vero
1621 1859 1708 1888 futuri

908 1904 1013 1938 saeculi,
1047 1912 1198 1941 numquam
1230 1904 1333 1932 scilicet
1368 1904 1509 1939 cessaturi,
1540 1903 1707 1933 afﬂictiones

908 1953 1066 1984 contemne,
1081 1949 1250 1986 gloriamque
1270 1949 1464 1985 complectere.

945 1996 1032 2023 Vsus.
1049 1997 1093 2023 19.
1111 2006 1123 2019 ιι
1140 1994 1295 2023 Vehemens
1307 1994 1380 2023 enim
1392 1994 1560 2030 exspectatio
1573 1998 1707 2023 creaturae

909 2039 1102 2068 revelationem
1115 2039 1237 2068 ﬁliorum
1247 2040 1299 2068 Dei
1312 2044 1463 2076 exspectat.
1476 2051 1489 2065 υ
1503 2041 1707 2068 Monstraturus

908 2089 1038 2122 quantam
1057 2085 1143 2113 simus
1166 2085 1283 2121 gloriam
1303 2085 1487 2119 consecuturi,
1511 2084 1610 2120 inquit,
1632 2084 1707 2121 quod

909 2130 968 2166 ipsa
990 2134 1114 2158 creatura
1135 2130 1163 2158 in
1188 2129 1287 2158 melius
1310 2129 1509 2166 permutabitur
1541 2138 1550 2157 :
1581 2129 1656 2166 quod
1685 2130 1706 2158 si

909 2178 1046 2209 creatura,
1061 2175 1151 2203 multo
1172 2175 1261 2211 magis
1272 2182 1332 2203 nos.
1349 2174 1489 2203 Sententia
1502 2175 1595 2211 itaque
1608 2182 1705 2202 eorum

909 2227 972 2256 qua
982 2219 1121 2252 dicuntur,
1142 2224 1183 2248 est
1195 2219 1367 2256 hujusmodi.
1378 2219 1460 2255 Quod
1474 2220 1633 2255 “autem
1647 2227 1708 2255 pro-

909 2264 996 2300 phetis
1009 2264 1036 2293 in
1051 2272 1129 2293 more
1142 2268 1195 2299 est,
1218 2269 1249 2293 ut
1274 2265 1387 2293 ﬂumina
1406 2265 1533 2292 manibus
1545 2263 1705 2300 plaudentia

906 2308 1093 2344 introducam,
1120 2313 1283 2345 montesque
1316 2309 1458 2343 saltantes,
1483 2316 1612 2344 personas
1641 2316 1706 2337 cum

907 2353 1107 2388 animatorum,
1117 2357 1179 2382 tum
1189 2354 1361 2382 sensibilium
1371 2353 1436 2390 ipsis
1444 2353 1596 2382 tribuentes
1610 2362 1616 2381 :
1630 2353 1704 2382 idem

907 2403 936 2427 et
950 2399 1007 2436 ipse
1020 2398 1065 2427 hic
1079 2399 1227 2435 Apostolus
1240 2399 1306 2435 agit,
1323 2407 1388 2427 cum
1401 2399 1469 2428 dicit
1480 2420 1488 2433 ,
1503 2406 1616 2427 omnem
1628 2406 1706 2427 crea-

907 2448 1002 2473 turam
1023 2443 1232 2480 ἀποκαραδοκίαν,
1254 2444 1280 2472 ιὰ
1317 2448 1368 2478 est,
1408 2444 1547 2480 ingentem
1565 2447 1706 2480 exspecta-

907 2489 1012 2518 tionem
1027 2489 1138 2523 hahere,
1150 2489 1223 2525 quod
1237 2493 1266 2517 et
1280 2489 1338 2525 ipsa
1351 2489 1380 2517 in
1403 2489 1547 2517 meliorem
1562 2493 1703 2525 permute-

907 2538 951 2563 tur
965 2538 1080 2569 statum,
1095 2542 1146 2563 nec
1158 2543 1216 2563 non
1230 2538 1386 2570 exspectare
1397 2534 1594 2563 revelationem
1609 2534 1705 2569 gloriae

905 2579 991 2608 nostri
1011 2579 1131 2608 ﬁliorum
1148 2579 1210 2608 Dei.
1225 2580 1297 2608 Tum
1317 2579 1395 2609 enim
1424 2584 1451 2608 et
1466 2579 1522 2616 ipsa
1541 2578 1704 2615 gloriﬁcabi-

907 2628 952 2653 tur
970 2624 1238 2662 incorruptibilitate,
1264 2624 1374 2661 quando
1397 2628 1424 2652 et
1446 2632 1507 2652 nos.
1523 2625 1702 2660 Quaecunque

908 2671 991 2708 igitur
1011 2671 1089 2700 audis
1103 2671 1158 2700 dici
1179 2671 1214 2701 de
1234 2676 1360 2701 creatura
1378 2675 1510 2708 tanquam
1524 2670 1558 2699 de
1569 2668 1703 2703 animato,

905 2716 1106 2753 prosopopoeiae
1128 2724 1207 2746 more
1222 2716 1277 2746 dici
1295 2717 1434 2746 arbitrare.

762 2783 856 2815 Varia
883 2783 1033 2816 lectiones.

108 2842 126 2862 ⁸⁸
138 2845 186 2874 δκεὶ
198 2856 224 2877 0.
261 2849 284 2868 9°
297 2849 416 2882 λαϐόντες
428 2857 456 2879 ο.
497 2849 516 2868 ⁹¹
531 2849 631 2887 μέλλων
646 2850 724 2883 δεῖξαι
738 2858 776 2880 m.
