1901 3077
144 177 196 206 447

138 290 190 320 est,
204 293 262 314 non
275 284 381 318 volens,
393 283 442 312 sed
456 287 567 320 propter
579 292 642 312 eum
656 284 703 320 qui
713 284 829 319 subjecit
839 284 935 320 ipsam.

137 332 169 359 In
183 338 241 366 spe,
257 328 332 366 quod
346 333 375 357 et
387 329 443 364 ipsa
457 333 581 357 creatura
601 329 764 357 liberabitur
776 337 792 357 a
806 329 936 357 servitute

137 374 332 411 corruptionis,
355 373 384 401 in
405 373 561 402 libertatem
582 374 676 410 gloriae
691 374 812 402 ﬁliorum
834 374 896 402 Dei.
919 384 932 400 »

136 435 171 441 —
183 430 197 444 ι
209 418 342 451 Vanitati,
357 429 371 442 -
385 418 437 446 hoc
455 423 497 446 est
514 418 698 454 corruptioni,
725 429 738 443 ι
758 418 881 455 subjecta
894 423 936 447 est

135 469 271 498 creatura,
288 475 301 488 ιι
333 471 383 500 pro
405 471 438 491 eo
460 463 535 499 quod
561 467 618 498 est,
651 463 836 500 corruptibilis
862 463 933 491 facta

134 513 177 539 est
192 513 301 545 propter
320 512 348 536 te
361 507 515 536 hominem.
535 508 622 536 Simul
639 512 720 544 atque
738 508 810 536 enim
834 516 933 544 corpus

134 552 262 590 accepisti
284 553 410 587 mortale,
436 557 465 581 et
483 552 627 581 afﬂictioni
641 553 805 587 obnoxium,
819 561 882 581 eam
896 553 932 581 ob

133 607 193 628 rem
209 602 284 626 terra
303 598 386 626 etiam
405 598 495 634 spinas
508 605 541 626 ac
564 597 681 626 tribulos
700 598 814 634 protulit
834 598 858 632 ιι,
876 606 932 626 coe-

134 640 246 679 lumque
259 646 393 671 vetustate
408 642 564 679 squalidum
579 647 607 670 et
622 643 806 679 antiquatum,
822 650 931 679 permu-

133 688 237 716 tatione
259 687 371 724 indiget.
392 687 483 722 Quare
504 691 596 715 autem
623 691 736 723 propter
760 687 845 715 alium
867 695 931 715 cor-

131 732 267 769 ruptibilis
282 732 353 760 facta
371 736 412 760 est
430 733 580 760 creatura?
608 732 747 767 Quoniam
772 736 799 759 et
821 737 932 767 propter

130 777 274 805 hominem
289 776 402 805 omnino
417 776 446 804 in
468 785 562 804 rerum
578 781 706 804 naturam
721 776 854 812 producta
869 776 928 804 fue-

130 822 175 849 rit.
195 832 209 846 ιι
226 823 288 850 Non
311 822 409 849 volens
425 833 438 846 ι
461 825 565 855 autem,
580 821 714 858 signiﬁcat
725 820 815 849 divina
837 821 929 857 provi-

645 175 903 204 THEOPHYLACTI
924 175 1102 204 BULGARIA‘I
1121 174 1279 204 ARCHIEP.

175 240 266 269 Vnus.
281 242 326 274 20,
341 241 384 267 2|.
400 250 413 263 ι
430 238 551 267 Vanitati
576 239 652 267 enim
672 243 797 267 creatura
813 239 935 275 subjecta
949 242 977 272 Α

1743 177 1798 207 448

1036 252 1049 265 α
1139 238 1190 278 γὰρ
1225 238 1386 276 ματαιότητι
1409 240 1426 275 ἡ
1454 238 1541 274 κτίσις
1569 239 1710 280 ὑπετάγη,
1743 241 1795 281 οὗχ

991 285 1103 319 ἑκοῦσα,
1121 283 1190 313 ἀλλὰ
1205 284 1248 312 διὰ
1271 283 1316 313 τὸν
1341 284 1509 318 ὓποτάξαντα
1524 295 1531 302 ·
1554 285 1596 314 ἐπ’
1617 285 1728 322 ἑλπίδι,
1754 286 1795 316 ὅτι

989 329 1035 358 καὶ
1050 329 1119 364 αὖτὴ
1137 331 1153 363 ἡ
1171 328 1255 362 κτίσις
1274 329 1512 368 ἐλευθερωθήσεται
1534 329 1586 358 ἀπὸ
1604 331 1649 365 τ’ἧς
1665 330 1796 364 δουλείας

988 376 1035 409 τῆς
1052 376 1148 413 φθορᾶς
1159 395 1165 406 ,
1187 374 1223 406 εἷς
1241 373 1289 409 τὴν
1310 374 1457 414 ἐλευθερίαν
1473 376 1519 410 τῆς
1530 374 1605 410 δόξης
1617 376 1670 403 τῶν
1685 375 1793 405 τέκνων

988 421 1033 448 τοῦ
1044 419 1127 448 Θεοῦ.
1143 432 1154 444 ι
1168 435 1206 440 -
1215 432 1228 444 ι
1238 418 1281 457 Τῇ
1294 419 1465 457 ματαιότητι,
1477 432 1489 444 ιο
1499 419 1630 455 τουτέστι,
1691 423 1793 460 φθορᾷ,

988 477 1000 489 ιι
1015 463 1134 502 ὑπετάγη
1149 464 1165 498 ἡ
1180 463 1273 498 κτίσις,
1286 477 1296 488 -
1318 462 1376 492 ἀντὶ
1387 466 1445 498 τοῦ,
1463 463 1576 502 Φθαρτὴ
1593 464 1685 503 γέγονε
1699 465 1747 494 διὰ
1763 465 1791 493 σὲ

986 508 1030 537 τὸν
1046 507 1193 547 ἄνθρωπον.
1218 507 1329 542 Ἐπειδὴ
1351 507 1402 546 γὰρ
1418 509 1497 546 σῶμα
1520 507 1613 542 ἔλαϐες
1629 509 1727 544 θνητὸν
1745 509 1792 538 καὶ

989 552 1102 588 παθητὸν
1113 575 1121 590 ,
1138 552 1182 581 διὰ
1194 554 1271 581 τοῦτο
1286 552 1330 581 καὶ
1352 554 1368 588 ἡ
1390 554 1424 591 γῆ
1442 552 1558 585 ἀκάνθας
1580 553 1625 582 καὶ
1646 553 1792 593 τριϐόλους

985 597 1093 638 ἤνεγκε,
1109 596 1155 625 xui
1169 598 1182 625 ὁ
1197 595 1303 636 οὐρανὸς
1319 597 1514 634 παλαιούμενος
1532 598 1653 636 ἀλλαγῆς
1674 598 1789 638 χρῄζει.

986 643 1050 674 Πῶς
1071 637 1115 670 οὖν
1135 641 1168 670 δι’
1188 641 1276 682 ἕτερον
1292 641 1393 681 φθαρτὴ
1410 641 1502 680 γέγονε
1517 642 1559 678 ⁹²;
1581 642 1657 672 Διότι
1676 643 1726 671 καὶ
1745 643 1790 671 διὰ

983 686 1027 716 τὸν
1044 687 1181 726 ἄνθρωπον
1194 686 1260 719 ὅλως
1282 686 1394 722 ὃτιέστη.
1414 686 1454 716 Τὸ
1466 686 1509 722 δὲ,
1527 698 1541 714 α
1554 688 1615 726 Οὐχ
1632 689 1733 716 ἑκοῦσα
1745 710 1753 722 ,
1773 700 1788 715 ν

983 733 1060 760 τοῦτο
1070 730 1210 767 σημαίνει,
1226 730 1284 759 ἀντὶ
1296 733 1352 765 τοῦ,
1366 733 1412 766 τῆς
1426 730 1452 749 9³
1468 733 1514 760 τοῦ
1533 732 1605 760 Θεοῦ
1620 731 1645 750 ⁰⁴⁸
1665 732 1791 770 κηδεμο-

983 775 1039 808 νίας
1058 775 1088 804 τὸ
1111 779 1164 804 πᾶν
1189 775 1310 814 ἐγένετο,
1335 775 1381 804 καὶ
1407 777 1454 805 οὐχ
1479 775 1580 811 ἐκείνης
1603 775 1660 805 ἐστὶ
1685 776 1790 815 κατόρ-

983 822 1059 858 θωμα
1076 832 1082 838 ·
1098 820 1163 859 πρὸς
1182 819 1233 859 γὰρ
1259 820 1308 855 σὴν
1323 819 1453 860 ὠφέλειαν
1466 843 1474 858 ,
1495 819 1539 849 ἵνα
1554 820 1602 856 τὴν
1619 820 1720 859 φθορὰν
1739 822 1790 849 αὐ-

131 866 221 894 dentia
241 871 270 894 et
289 874 354 894 cura
380 870 471 894 totum
494 866 547 894 hoc
573 866 728 901 contigisse,
759 874 815 894 non
845 866 881 902 ips

1055 866 1137 904 ὁρῶν,
1161 866 1329 905 καταφρονῆς
1345 865 1440 900 αὐτῆς,
1454 863 1499 894 καὶ
1513 864 1578 904 πρὸς
1600 866 1644 894 τὸν
1670 866 1786 905 οὐρανὸν

131 915 264 939 creatura
287 911 387 939 virtute
406 915 434 939 et
457 909 604 939 industria.
622 911 689 938 Tuae
707 910 783 938 enim
803 910 928 939 utilitatis

130 956 218 992 gratia
239 956 266 984 id
282 955 387 984 factum
402 959 453 989 est,
469 959 500 984 ut
518 955 723 991 corruptionem
739 955 797 991 ejus
810 955 929 991 intuens,

127 1000 281 1037 asperneris
301 1008 362 1028 eam
385 1000 567 1036 animumque
581 1000 616 1028 ad
630 1000 751 1028 coelestia
768 999 926 1028 transferas.

128 1045 250 1074 Audiens
270 1045 344 1081 quod
368 1045 416 1079 ait,
433 1056 444 1070 ιι
471 1045 501 1073 iu
523 1053 583 1081 spe,
608 1056 619 1069 ι
643 1045 738 1073 itidem
761 1053 809 1080 per
830 1053 928 1081 proso-

128 1089 268 1127 popteiam
293 1090 410 1126 intellige
429 1090 545 1124 dictum,
570 1090 720 1126 omniaque
745 1089 787 1118 his
813 1090 924 1118 similia.

127 1136 187 1171 Ipsa
210 1135 304 1171 itaque
327 1139 453 1162 creatura
479 1146 492 1159 α
516 1134 678 1163 liberabitur
703 1144 711 1164 :
729 1146 741 1160 υ
766 1142 823 1162 non
836 1139 865 1162 tu
885 1142 928 1163 so.

126 1180 179 1213 lus,
198 1187 294 1207 verum
320 1183 348 1207 et
369 1179 436 1207 illud
457 1179 532 1216 quod
567 1183 594 1207 te
627 1180 708 1215 longe
734 1184 775 1208 est
798 1179 925 1217 inferius,

126 1228 221 1260 utpote
247 1224 433 1252 inanimatum
454 1228 482 1252 et
504 1224 662 1253 insensibile
681 1224 784 1256 :istud,
800 1224 926 1260 inquam,

126 1269 199 1298 bona
210 1273 302 1297 tecum
312 1269 425 1298 habebit
432 1269 602 1304 communia,
613 1277 664 1297 nec
673 1269 743 1298 ultra
758 1269 926 1305 corruptioni

126 1314 176 1342 erit
184 1314 346 1348 obnoxium,
358 1314 406 1343 sed
418 1318 446 1343 te
461 1314 625 1343 imitabitur.
640 1315 680 1342 Ac
690 1314 926 1350 quemadmodum

124 1364 152 1389 te
163 1361 334 1397 corruptibili
349 1360 432 1395 facto,
452 1361 509 1397 ipsa
519 1361 691 1398 corruptioni
707 1361 830 1397 subjecta
847 1365 904 1389 erat
917 1370 924 1388 :

122 1406 164 1435 sic
183 1410 211 1434 te
233 1405 305 1434 facto
325 1406 537 1441 incorruptibili,
565 1410 592 1434 et
619 1406 677 1441 ipsa
708 1404 925 1442 iucorruptibilis

122 1449 179 1478 ﬁet.
200 1450 228 1479 Si
248 1450 330 1485 igitur
349 1454 475 1478 creatura
502 1454 614 1486 propter
638 1454 665 1478 te
695 1458 774 1486 passa
801 1454 852 1484 est,
877 1453 924 1477 tua

122 1496 207 1524 etiam
227 1495 352 1529 interest,
374 1494 425 1523 Dei
460 1502 554 1530 causa,
585 1494 750 1523 afﬂictiones
791 1494 926 1531 patienter

984 912 1054 950 ὁρᾷς.
1084 909 1138 940 Καὶ
1164 909 1194 939 τὸ
1206 933 1214 948 ,
1233 923 1245 937 ι
1263 909 1324 939 Ἐπ’
1340 909 1427 939 ἐλπίδι
1445 923 1457 935 ιο
1478 909 1525 948 δὲ,
1555 910 1674 945 ἀκούων,
1696 921 1787 950 προσ-

984 954 1131 988 ωποποιίας
1156 953 1246 994 τρόπῳ
1271 955 1382 992 ῥηθῆναι
1411 954 1514 993 νόμιζε,
1545 953 1588 982 καὶ
1625 953 1716 983 πάντα
1753 955 1787 983 τὰ

983 999 999 1028 8
1093 999 1142 1028 Κ¹
1194 1000 1199 1009 ’
1225 998 1232 1010 “
1265 994 1281 1009 ’⁷
1392 998 1398 1008 ’
1458 1000 1474 1009 ’“
1608 998 1615 1008 ’
1745 1000 1783 1014 ’·’

1000 1011 1074 1036 μοια.
1120 1011 1147 1028 αι
1171 1011 1237 1034 αυτη
1251 1011 1295 1027 ουν
1315 1002 1332 1035 ἡ
1355 1011 1438 1031 κτισις
1454 1001 1708 1038 εΛευθερωθησεται,
1724 1011 1788 1038 ουίι

983 1043 1015 1073 σὺ
1031 1043 1108 1082 μόνος
1122 1055 1128 1062 ο
1145 1043 1214 1073 ἀλλὰ
1237 1043 1283 1072 χαὶ
1308 1043 1338 1072 τὸ
1362 1043 1567 1082 καταδεέστερόν
1593 1055 1654 1080 σου,
1682 1044 1730 1073 καὶ
1755 1045 1786 1072 τὸ

983 1088 1086 1128 ἄψυχον
1103 1088 1148 1117 καὶ
1164 1087 1323 1124 ἀναίσθητον
1336 1087 1374 1124 9⁵,
1398 1088 1443 1117 καὶ
1463 1091 1540 1117 τοῦτο
1555 1087 1712 1123 κοινωνήσει
1728 1090 1785 1117 τῶν

983 1134 1088 1172 ἀγαθῶν
1102 1145 1110 1151 ι
1133 1133 1179 1163 xui
1203 1132 1291 1162 οὐκέτι
1315 1132 1391 1162 ἔσται
1416 1132 1534 1172 φθαρτὴ,
1550 1133 1610 1161 ἀλλ’
1632 1133 1785 1168 ἀκολουθή-

985 1177 1061 1207 σεταί
1076 1189 1127 1207 σοι.
1153 1177 1206 1207 Καὶ
1227 1176 1328 1218 ὥσπερ,
1345 1180 1392 1207 σοῦ
1412 1179 1529 1217 φθαρτοῦ
1543 1176 1686 1216 γενομένου
1696 1200 1705 1216 ,
1721 1179 1784 1216 ἐγέ-

981 1234 1040 1252 νετο
1055 1222 1157 1263 φθαρτή
1175 1234 1182 1241 ·
1199 1221 1300 1258 οὕτως,
1327 1222 1549 1279 ἄρθαρτισθέντος
1564 1233 1610 1252 σου
1621 1244 1629 1260 ,
1646 1222 1692 1251 καὶ
1711 1223 1783 1258 αὐτὴ

988 1269 996 1279 ς
1020 1269 1033 1279 Λ
1114 1270 1126 1279 Λ
1137 1266 1145 1278 Ι
1199 1278 1202 1279 ν
1261 1268 1296 1279 Π,
1397 1270 1406 1279 ‹
1472 1266 1478 1276 Ι
1550 1267 1561 1279 1
1601 1269 1626 1279 Δί
1658 1267 1670 1279 δ
1687 1266 1694 1279 5
1753 1267 1760 1279 \

981 1266 1233 1307 ἆφθαρτισθήσεται.
1261 1268 1296 1297 Εἰ
1323 1266 1368 1296 οὖν
1392 1270 1410 1303 ἡ
1435 1266 1520 1300 κτίσις
1547 1267 1629 1296 ἔπαθε
1656 1266 1700 1296 διὰ
1730 1267 1781 1302 σὲ,

980 1311 1091 1352 ὀφείλεις
1105 1311 1150 1341 καὶ
1163 1312 1194 1341 σὺ
1211 1311 1327 1351 πάσχων
1347 1309 1391 1340 διὰ
1405 1311 1450 1340 τὸν
1467 1311 1536 1342 Θεὸν
1551 1310 1693 1350 ὓπομένειν
1708 1323 1715 1330 ·
1734 1311 1783 1341 καὶ

980 1357 1003 1386 εἰ
1016 1356 1101 1392 ἐκείνη
1125 1356 1224 1390 ἐλπίζει
1247 1355 1421 1392 δοξασθῆναι,
1450 1357 1542 1396 πολλῷ
1572 1357 1674 1394 μᾶλλον
1701 1357 1778 1396 ὀφεί-

979 1402 1033 1435 λεις
1049 1401 1092 1432 σύ.
1108 1399 1219 1441 θΩσπερ
1243 1401 1295 1441 γὰρ
1311 1400 1371 1435 τοὺς
1395 1401 1500 1434 δούλους
1521 1402 1534 1430 ὁ
1552 1400 1642 1440 πατὴρ
1661 1401 1780 1436 στολίζει

979 1446 1014 1480 ε’ίς
1032 1445 1109 1480 δόξαν
1135 1447 1188 1475 τῶν
1212 1446 1276 1475 υἱῶν
1291 1457 1298 1464 ·
1323 1445 1391 1474 οὕτω
1413 1447 1459 1476 καὶ
1481 1447 1494 1474 ὁ
1517 1445 1586 1480 Θεὸς
1609 1444 1658 1482 τὴν
1686 1447 1778 1476 κτίσιν

978 1492 1014 1524 εἷς
1029 1490 1105 1525 δόξαν
1119 1492 1209 1529 ἡμῶν.

122 1539 215 1569 ferre:
231 1548 264 1568 ac
279 1541 303 1569 si
319 1540 364 1568 illa
385 1539 532 1576 gloriﬁcari
547 1543 652 1576 sperat,
674 1544 703 1567 tu
718 1539 807 1568 multo
821 1539 918 1575 magis.
941 1539 981 1567 Ut
1004 1539 1077 1568 enim
1101 1539 1223 1568 ﬁliorum
1241 1539 1328 1575 gloria
1352 1546 1446 1568 servos
1466 1543 1544 1575 pater
1566 1538 1672 1572 induit,
1687 1539 1726 1568 ita
1750 1545 1778 1568 et

122 1588 275 1613 creaturam
289 1589 386 1613 nostra
399 1584 488 1621 gloria
506 1586 583 1613 Deus
597 1584 750 1613 exornabit.

157 1631 244 1658 Vsus.
256 1632 302 1664 22,
312 1632 356 1658 23.
371 1641 384 1654 ι
396 1630 506 1658 Scimus
515 1630 590 1658 enim
603 1629 678 1666 quod
694 1629 783 1658 omnis
796 1634 920 1658 creatura
935 1632 957 1664 c

121 1674 300 1711 congemiscit
320 1678 348 1702 et
374 1674 456 1702 simul
478 1675 596 1710 parturit
619 1683 706 1710 usque
730 1674 829 1703 adhuc.
856 1676 918 1703 Non

119 1719 208 1747 solum
223 1723 327 1752 autem,
339 1719 386 1747 sed
399 1723 426 1747 et
436 1719 487 1755 ipsi
503 1719 634 1755 primitias
644 1720 760 1756 Spiritus
774 1719 916 1754 habentes,

119 1768 147 1791 et
159 1771 210 1791 nos
222 1763 274 1799 ipsi
288 1763 316 1792 in
330 1763 409 1792 nobis
419 1764 483 1800 ipsis
496 1764 642 1801 gemimus,
660 1765 776 1792 ﬁliorum
792 1765 917 1801 adoptio-

119 1816 184 1837 nem
198 1812 395 1844 exspectantes,
411 1809 630 1844 redemptionem
649 1809 772 1846 corporis
786 1809 883 1838 nostri.
903 1822 914 1834 ν

119 1853 171 1882 His
184 1854 356 1889 argumentis
370 1854 444 1890 cogit
455 1854 608 1882 auditorem
630 1854 774 1890 praesentia
788 1859 916 1883 contem-

118 1906 193 1933 nere,
206 1898 318 1935 perinde
342 1907 373 1927 ac
399 1899 421 1927 si
442 1899 515 1927 dicat
535 1900 599 1928 :Ne
626 1900 662 1928 sis
679 1903 803 1928 creatura
830 1899 916 1936 pejor,

117 1951 206 1979 neque
232 1943 261 1971 in
284 1943 467 1980 praesentibus
505 1952 616 1972 morose
642 1943 785 1973 delecteris
810 1954 816 1972 :
849 1945 916 1980 quin

117 1989 209 2024 potius
228 1988 404 2024 ingemiscas,
418 1989 493 2025 quod
517 1989 765 2025 impraesentiarum
794 1988 915 2018 futuram

115 2033 233 2068 gloriam
261 2041 318 2060 non
334 2038 475 2062 assecutus
497 2041 536 2062 es.
561 2035 634 2062 Nam
656 2035 681 2062 si
700 2037 825 2062 creatura
844 2034 916 2069 inge-

117 2078 216 2111 miscit,
232 2082 263 2105 tu
275 2077 362 2106 multo
377 2078 466 2115 magis
479 2077 555 2107 idem
579 2079 633 2114 61
661 2082 791 2114 praestare
818 2077 912 2106 debes.

115 2121 202 2150 infert
217 2126 321 2158 autem,
336 2123 410 2159 quod
421 2127 449 2152 et
459 2131 511 2152 nos
531 2135 544 2147 α
563 2123 629 2159 ipsis
651 2122 784 2158 primitias
797 2122 913 2158 Spiritus

115 2166 257 2202 habentes,
275 2179 287 2192 υ
302 2167 355 2197 hoc
368 2173 419 2203 est,
439 2169 487 2204 qui
502 2168 594 2197 futura
614 2168 794 2203 gustavimus,
810 2179 823 2192 ι
839 2167 912 2204 inge-

114 2211 266 2246 miscimus,
295 2223 308 2238 ι
329 2213 463 2249 quoniam
490 2221 522 2241 ea
544 2211 672 2240 nondum
688 2212 778 2248 adepti
802 2219 908 2241 sumus.

114 2256 153 2284 Ex
165 2256 196 2284 iis
213 2257 289 2285 enim
311 2257 480 2294 spiritalibus
496 2257 578 2285 donis
592 2263 653 2292 qua:
665 2257 820 2292 accepimus
833 2258 908 2291 (nam

1014 1643 1026 1657 ιι
1044 1629 1163 1668 Οἴδαμεν
1191 1629 1244 1670 γὰρ
1268 1630 1308 1658 δτι
1324 1633 1400 1660 πᾶσα
1415 1631 1432 1665 ἠ
1453 1628 1538 1662 κτίσις
1554 1628 1706 1663 συστενάζει
1728 1630 1776 1658 καὶ

972 1674 1108 1704 συνωδίνει
1119 1674 1183 1715 ἄχρι
1197 1677 1243 1704 τοῦ
1258 1677 1314 1705 ν’ὖν.
1330 1676 1370 1704 Οὖ
1387 1674 1465 1713 μόνον
1489 1674 1515 1703 δὲ
1526 1697 1534 1713 ,
1552 1674 1621 1704 ἀλλὰ
1637 1674 1684 1703 καὶ
1697 1676 1775 1704 αὐτοὶ

970 1719 1019 1756 τὴν
1041 1719 1166 1759 ἀπαρχὴν
1182 1722 1228 1749 τοίὶ⁸
1243 1719 1400 1757 Πνεύματος
1424 1718 1542 1758 ἔχοντες,
1564 1718 1610 1747 xui
1625 1720 1703 1756 ἡμεῖς
1723 1721 1772 1748 αὖ-

970 1764 1011 1794 τοὶ
1026 1765 1053 1793 ἐν
1071 1765 1173 1798 ἑαυτοῖς
1197 1765 1368 1803 στενάζομεν,
1385 1764 1515 1794 υἱοθεσίαν
1532 1764 1746 1803 ἀπεκδεχόμενοι
1760 1787 1768 1801 ,

971 1808 1019 1844 τὴν
1033 1809 1216 1847 ἀπολύτρωσιν
1232 1813 1278 1839 τοῦ
1300 1809 1423 1847 σώματος
1449 1810 1535 1847 ἡμῶν.
1553 1822 1565 1833 ι»
1591 1809 1642 1838 Διὰ
1670 1807 1772 1837 τούτων

972 1855 1025 1882 τῶν
1054 1854 1138 1894 λόγων
1165 1853 1357 1892 συναναγκάζει
1380 1854 1424 1882 τὸν
1454 1853 1588 1892 ἀκροατὴν
1610 1855 1772 1893 περιφρονῆ-

972 1910 1018 1928 σαι
1031 1898 1065 1928 τὰ
1079 1898 1214 1939 παρόντα,
1237 1898 1333 1928 ὡσανεὶ
1357 1897 1440 1937 λέγων
1458 1908 1464 1915 ·
1482 1898 1528 1934 Μὴ
1553 1898 1617 1938 γένῃ
1641 1901 1688 1934 τῆς
1713 1898 1771 1926 κτί-

972 1955 1038 1977 σεως
1063 1943 1180 1983 χείρων,
1205 1944 1267 1982 μηδ’
1284 1943 1508 1983 ἐμφιλοχωρήσῃς
1533 1947 1588 1976 τοῖς
1612 1944 1745 1983 παροῦσιν
1763 1955 1769 1961 ·

969 1988 1037 2016 ἀλλὰ
1053 1989 1155 2026 μᾶλλον
1183 1989 1227 2017 καὶ
1255 1987 1394 2026 στέναξον,
1420 1987 1460 2017 ὅτι
1489 1987 1527 2026 μὴ
1551 1987 1599 2023 τὴν
1616 1987 1766 2025 μέλλουσαν

969 2032 1043 2067 δόξαν
1069 2033 1121 2070 ἤδη
1138 2032 1218 2072 ἔχεις.
1243 2033 1276 2063 Εἰ
1300 2032 1383 2073 γὰρὴ
1406 2032 1490 2066 κτίσις
1513 2032 1647 2068 στενάζει,

969 2078 1069 2115 μᾶλλον
1091 2077 1203 2118 ὀφείλεις
1223 2077 1300 2110 αὐτὸς
1313 2080 1400 2107 τοῦτο.
1418 2076 1533 2116 Ἐπάγει
1554 2076 1599 2115 δὲ,
1617 2076 1659 2106 ὅτι
1679 2087 1694 2106 α
1710 2077 1766 2107 Καὶ

967 2123 1042 2159 ἡμεῖς
1057 2122 1130 2152 αὐτοὶ
1145 2121 1194 2159 τὴν
1211 2121 1336 2162 ἀπαρχὴν
1360 2124 1405 2151 τοῦ
1428 2121 1583 2160 Πνεύματος
1603 2121 1727 2161 ἔχοντες,
1746 2132 1761 2150 n

966 2167 1094 2202 τουτέστι,
1108 2169 1161 2197 τῶν
1177 2167 1327 2206 μελλόντων
1343 2167 1511 2206 γευσάμενοι,
1532 2180 1543 2193 α
1557 2167 1717 2204 στενάζομεν
1731 2187 1738 2202 ,
1752 2181 1763 2192 υ

963 2210 1030 2240 διότι
1047 2211 1084 2250 μὴ
1099 2211 1151 2248 ἤδη
1168 2211 1237 2241 αὐτὰ
1260 2212 1357 2252 ἔχομεν
1377 2211 1412 2242 ⁸⁸.
1430 2211 1476 2246 Ἐξ
1497 2207 1534 2240 ὧν
1557 2212 1609 2251 γὰρ
1631 2211 1762 2249 ἐλάϐομεν

963 2258 1148 2294 πνευματικῶν
1162 2257 1338 2297 χαρισμάτων
1353 2257 1455 2297 (ταῦτα
1470 2256 1521 2296 γὰρ
1535 2257 1552 2291 ἡ
1568 2254 1701 2295 ἀπαρχὴ),
1716 2256 1762 2285 καὶ

113 2300 172 2330 haec
186 2305 249 2330 sunt
263 2302 414 2338 primitiae),
438 2301 521 2329 etiam
543 2299 579 2328 de
601 2300 702 2329 futuris
723 2301 863 2338 coniectur

1021 2300 1152 2339 μέλλοντα
1178 2301 1387 2340 τεκμαιρόμεθα.
1410 2296 1489 2337 Εἶτα,
1513 2300 1557 2330 ἵνα
1582 2300 1620 2338 μὴ
1646 2301 1683 2340 δῷ
1707 2302 1760 2334 τοῖς

113 2344 238 2375 facimus.
262 2346 381 2381 Deinde,
401 2353 436 2374 ne
450 2345 497 2374 det
521 2345 655 2374 haereticis
681 2346 852 2375 occasionem
866 2347 911 2375 di-

111 2391 201 2424 cendi,
221 2390 292 2426 Quia
311 2391 432 2418 mundus
452 2390 503 2418 iste
521 2391 610 2418 malus
633 2396 684 2426 est,
708 2395 854 2428 eapropter
874 2392 911 2420 in—

110 2435 308 2471 gemiscimus:
327 2446 340 2459 α
358 2435 492 2464 Filiorum
514 2435 693 2472 adoptionem
708 2440 906 2472 exspectantes,

110 2479 207 2516 inquit,
223 2479 370 2516 gemimus.
387 2491 401 2505 ι
417 2481 459 2509 Ac
477 2480 631 2518 quomodo,
647 2489 710 2510 cum
727 2482 790 2518 jam
811 2489 908 2509 sumus

108 2523 242 2561 adoptati,
268 2524 353 2553 aliam
367 2533 464 2554 rursus
487 2525 667 2562 adoptionem
694 2526 906 2562 praestolamur?

109 2569 169 2601 Nae,
185 2569 284 2606 inquit,
306 2569 486 2607 adoptionem
503 2570 576 2605 dico,
607 2579 666 2599 non
684 2579 746 2600 eam
770 2579 832 2608 quae
856 2579 905 2607 per

109 2614 240 2650 baptisma
254 2614 371 2652 obtingit
393 2615 477 2652 (hanc
508 2615 584 2645 enim
607 2616 665 2652 jam
693 2620 772 2644 antea
798 2616 906 2652 accepi-

107 2663 190 2694 mus),
212 2660 260 2689 sed
276 2660 426 2697 perfectam
441 2661 558 2697 gloriam
579 2661 607 2689 in
621 2661 744 2698 corporis
761 2661 907 2690 incorruti-

141 2701 236 2729 llGen.
257 2709 308 2736 xu,
327 2704 376 2736 18;
399 2701 472 2730 Psal.
486 2709 528 2737 οι,
549 2703 594 2730 26.

965 2347 1105 2385 αἳρετικοῖς
1132 2346 1274 2386 ἀφορμὴν,
1301 2346 1342 2375 ὅτι
1368 2344 1411 2374 διὰ
1436 2345 1467 2375 τὸ
1490 2340 1556 2374 εἶναι
1577 2344 1691 2383 πονηρὸν
1716 2344 1761 2373 τὸν

964 2389 1062 2428 κόσμον
1075 2413 1084 2427 ,
1104 2389 1146 2419 διὰ
1169 2394 1245 2421 τοῦτο
1268 2390 1443 2428 στενάζομεν,
1458 2390 1555 2430 φησὶν,
1572 2390 1612 2418 ὅτι
1637 2400 1652 2418 ιι
1665 2389 1761 2418 Υἱοθε-

965 2434 1024 2464 σίαν
1039 2434 1260 2475 ἀπεκδεχόμενοι.
1277 2448 1290 2461 ιι
1310 2435 1366 2465 Καὶ
1388 2436 1444 2468 πῶς
1459 2436 1483 2464 οῖ
1498 2435 1550 2471 ἤδη
1566 2433 1760 2469 υἱοθετηθέντες

961 2479 1041 2509 πάλιν
1065 2480 1156 2520 ἑτέραν
1190 2480 1372 2520 ἐκδεχόμεθα;
1399 2479 1469 2516 Ναὶ,
1496 2480 1597 2519 φησὶν,
1626 2478 1758 2507 υἱοθεσίαν

959 2523 1044 2563 λέγω,
1068 2525 1096 2554 οὗ
1120 2524 1168 2561 τὴν
1192 2524 1236 2554 διὰ
1262 2524 1447 2564 βαπτίσματος
1477 2523 1592 2564 (ταύτην
1619 2521 1670 2562 γὰρ
1704 2522 1757 2558 ἤδη

958 2569 1117 2608 ἐλάϐομεν),
1139 2567 1208 2598 ἀλλὰ
1222 2567 1271 2604 τὴν
1286 2569 1388 2599 τελείαν
1407 2568 1482 2603 δόξαν
1507 2567 1555 2604 τὴν
1572 2570 1599 2598 ἐν
1623 2567 1758 2608 ἀφθαρσίᾳ

958 2616 1004 2643 τοῦ
1031 2613 1165 2652 σώματος.
1197 2614 1284 2644 Τοῦτο
1311 2614 1362 2654 γὰρ
1392 2618 1409 2650 ἡ
1435 2612 1523 2643 τελεία
1554 2611 1754 2652 ἀπολύτρωσις,

961 2658 1094 2700 ἐλευθερία
1114 2671 1144 2688 τε
1169 2657 1215 2688 καὶ
1240 2657 1384 2699 ἀπαλλαγὴ
1399 2658 1424 2677 ³⁷
1441 2660 1487 2688 τοῦ
1504 2658 1620 2688 θανάτου
1643 2656 1756 2686 καὶτῶν

810 2739 904 2769 Varia:
925 2739 1075 2770 lectiones.

139 2781 162 2799 ⁹²
177 2781 276 2817 ἐγένετο
288 2790 315 2811 o.
354 2783 376 2801 ³³
399 2782 433 2811 ἴσ.
454 2784 492 2810 ὅτι
506 2788 557 2815 τῆς.
597 2783 619 2802 ⁵⁵
631 2783 761 2819 ἀνθρώπου
777 2792 804 2813 o.
843 2785 864 2800 9⁵
882 2783 1000 2818 ἀνόητον.
1038 2784 1060 2802 ⁵³
1073 2783 1181 2820 ἔσχομεν
1203 2792 1231 2812 ο.
1268 2783 1289 2800 ’7
1305 2783 1320 2817 ἢ
1336 2782 1534 2819 ἀπολύτρωσιςὴ
1550 2783 1633 2810 τελεία
1654 2783 1755 2811 ἐλευθε-

104 2822 145 2857 ρία
155 2822 196 2849 καὶ
208 2821 251 2850 ἀπ.
267 2831 294 2851 o.
