1901 3077
94 184 145 210 449

545 175 719 205 EXPOSITIO
738 177 771 204 IN
790 176 892 204 EPIST.
913 175 958 204 AD
978 175 1060 204 ROM.
1080 190 1116 196 —-—
1134 173 1210 202 CAP.
1231 175 1296 203 Vill.

1693 173 1745 204 450

93 246 199 280 παθῶν,
234 243 280 273 ὅτε
306 242 394 273 οὐκέτι
423 242 556 280 μέλλομεν
589 242 737 281 στραφῆναι
770 239 823 270 ἀπὸ
845 241 891 275 τῆς

973 238 1053 266 ilitate
1065 238 1274 265 consistentem.
1286 238 1347 265 Hoc
1357 237 1430 265 enim
1444 242 1486 266 est
1507 239 1626 274 perfecta
1636 239 1742 268 redem-

92 289 223 323 υἱοθεσίας
238 290 277 322 εἷς
292 286 409 318 δουλείαν
427 289 475 323 τῆς
489 285 632 326 ἁμαρτίας,

131 438 147 453 ι
223 424 278 465 γὰρ
295 424 381 454 ἑλπίδι
398 423 536 461 ἐσώθημεν
560 434 567 442 ·
583 421 658 456 ἐλπὶς
682 421 710 452 δὲ
735 420 889 461 βλεπομένη

91 473 135 500 οὐκ
157 469 232 499 ἔστιν
256 469 341 502 ἐλπίς.
364 468 402 499 ⁸0
421 468 471 508 γὰρ
494 467 587 507 βλέπει
614 479 671 502 τις,
693 465 720 496 τί
742 466 788 495 καὶ
811 468 891 495 τοῦτο

89 515 202 551 ἐλπίζει;
222 515 259 544 Εἰ
276 513 302 543 δὲ
319 513 333 542 ὃ
355 515 384 543 οὗ
407 514 558 553 βλέπομεν,
588 512 746 550 ὶλπίζομεν,
772 512 805 540 δι’
821 512 889 540 ὓπο-

91 562 170 597 μονῆς
210 558 429 598 ἀπεκδεχόμεθα.
462 569 476 586 ι)
508 557 622 592 Ἐπειδὴ
651 556 713 596 περὶ
739 555 887 594 μελλόντων

89 604 259 644 πραγμάτων
277 603 351 643 ἔλεγε
365 605 419 636 τοῖς
441 603 549 644 πολλοῖς
568 600 788 644 ἀπιστουμένων,
805 601 888 641 φησί·

146 641 303 687 άπιστήσῃς
317 641 365 686 σὺ,
383 649 396 677 ὁ
407 649 512 683 πιστὸς,
523 642 561 680 οἷς
571 646 641 686 λέγω
653 659 660 665 ·
677 646 704 680 ἐξ
719 641 756 675 ὧν
770 645 821 685 γὰρ
835 645 886 683 ἤδη

88 693 197 730 ἔλαϐες,
227 692 371 722 πίστευσον
401 692 447 722 καὶ
470 692 531 732 περὶ
558 693 611 721 τῶν
643 691 804 730 μελλόντων.
832 690 886 720 Καὶ

88 737 176 777 ὥσπερ
200 738 277 766 οὐδὲν
302 736 456 776 εἰσενεγκὼν
471 735 612 776 πρότερον,
638 737 660 765 εἰ
677 735 714 774 μὴ
729 735 777 771 τὴν
797 733 885 764 πίστιν

89 782 168 820 μόνην
178 805 186 818 ,
199 781 309 821 μεγάλα
328 781 422 814 ἔλαϐες
444 782 518 819 παρὰ
532 781 605 810 Θεοῦ
617 791 624 799 ⁸
644 780 712 809 οὕτω
727 780 772 809 καὶ
792 782 837 808 νῦν

88 827 173 856 πίστει
192 829 296 866 χρῆσαι
317 826 381 866 πρὸς
396 825 443 862 τὴν
469 825 530 865 περὶ
545 826 597 854 τῶν
613 825 759 864 μελλόντων
778 825 882 854 ἐλπίδα.

947 283 1016 319 ptio.
1034 282 1154 315 libertas,
1169 286 1196 310 et
1205 289 1269 310 cum
1283 290 1297 309 a
1312 285 1414 316 morte,
1426 286 1485 310 tum
1497 282 1532 310 ab
1550 283 1744 312 affectionibus

946 327 1082 361 liberatio,
1095 335 1161 356 cum
1179 335 1194 355 a
1211 331 1284 355 statu
1299 326 1457 363 adoptionis
1472 327 1500 355 in
1513 329 1614 363 peccati
1625 329 1742 357 servitu-

944 377 1001 401 tem
1016 380 1073 400 non
1087 372 1205 408 amplius
1226 372 1363 400 reversuri
1383 371 1527 400 fuerimus.

980 419 1069 446 Vsas.
1086 419 1179 451 24,25.
1197 428 1210 441 ι
1225 418 1278 453 Spe
1290 425 1411 452 namque
1423 417 1521 445 servati
1543 425 1650 446 sumus.
1670 419 1737 454 Spes

944 467 1038 490 autem
1051 470 1113 498 qua:
1127 461 1245 496 videtur,
1263 469 1318 490 non
1338 466 1379 490 est
1393 470 1463 498 spes.
1482 463 1553 490 Nam
1577 462 1651 498 quod
1668 463 1741 491 videt

943 507 1014 544 quis,
1029 507 1094 544 quid
1106 507 1198 535 adhuc
1210 510 1304 543 sperat
1317 509 1328 535 Ρ
1342 506 1370 535 Si
1391 511 1485 535 autem
1498 507 1574 543 quod
1595 515 1650 535 non
1665 507 1740 536 vide-

945 560 1016 584 mus,
1025 559 1180 588 peramus,
1194 559 1243 587 per
1253 551 1415 588 patientiam
1434 556 1635 587 exspectamus.
1649 563 1660 577 ι
1673 552 1741 588 Quia

943 597 978 625 de
992 597 1075 626 rebus
1099 596 1201 625 futuris
1212 604 1228 625 a
1243 596 1379 633 plerisque
1393 597 1420 624 in
1432 596 1548 625 dubium
1564 597 1667 625 vocatis
1683 605 1740 626 ser-

943 651 1056 672 monem
1068 643 1196 677 habebat,
1212 643 1271 672 Noli
1280 643 1418 677 difﬁdere,
1434 643 1532 680 inquit,
1546 648 1578 672 tu
1591 644 1637 680 qui
1653 644 1741 672 ﬁdelis

941 698 982 725 es,
997 691 1060 719 istis
1082 698 1144 727 qua:
1167 691 1230 719 dico
1260 700 1266 718 :
1298 698 1331 718 ex
1358 691 1394 718 iis
1419 691 1492 719 enim
1504 690 1634 727 quatiam
1661 695 1740 719 antea

940 735 1078 771 recepisti,
1094 735 1128 764 de
1143 734 1244 763 futuris
1270 735 1355 763 etiam
1371 734 1463 763 crede.
1489 737 1531 763 Ac
1553 735 1634 763 sicuti
1660 740 1740 764 antea

940 780 1007 808 nihil
1032 780 1112 816 plane
1127 780 1247 809 efferens
1262 784 1362 816 praeter
1376 780 1464 808 solam
1483 780 1577 814 ﬁdem,
1591 780 1711 817 ingentia
1725 789 1740 809 a

940 826 1001 853 Deo
1024 825 1099 853 bona
1113 825 1240 861 accepisti
1264 834 1272 853 :
1292 824 1331 853 sic
1350 829 1377 853 et
1402 833 1477 853 nunc
1500 825 1555 853 ﬁde
1578 829 1655 854 utere
1676 833 1739 862 erga

89 871 120 901 ἹΙ
135 870 187 911 γὰρ
213 871 291 904 ἐλπὶς
314 871 373 900 τότε
398 870 492 911 τῳόντι
518 870 588 899 ἐστὶν
616 870 705 906 ἐλπὶς,
733 869 796 899 ὅταν
824 869 884 908 περὶ

973 873 1097 898 turorum
1113 869 1249 898 bonon
1268 877 1357 906 spem.
1378 871 1448 898 Nam
1470 877 1532 905 spes
1551 873 1611 898 tum
1625 870 1738 898 demum

89 900 147 945 τῶνΙ
227 900 401 954 βλεπομένων
462 929 474 941 ι
496 914 536 945 Ὃ
552 914 603 954 γὰρ
619 900 712 954 βλέπει
725 927 778 951 τις,
798 913 824 942 τί
841 900 885 943 καὶ

90 960 199 997 ἐλπίζει;
215 974 228 986 υ
254 959 304 995 Μὴ
319 960 406 990 τοίνυν
424 959 512 989 πάντα
528 959 640 989 ἐνταῦθα
657 961 790 997 ζητῶμεν.
812 973 824 986 ι
840 959 887 989 Δι’

89 1006 218 1043 ὓπομονῆς
230 1019 242 1031 ι
256 1005 310 1045 γὰρ
327 1019 339 1031 ι
351 1004 552 1044 ἀπεκδεχόμεθα
564 1003 598 1033 τὰ
614 1004 756 1042 μέλλοντα.
775 1017 787 1030 ι
802 1004 884 1034 Ὑπο-

90 1048 168 1087 μονὴν
183 1049 212 1079 δὲ
229 1048 294 1078 ὅταν
312 1049 443 1090 ἀκούσῃς,
462 1050 567 1088 ἀγῶνας
583 1051 628 1078 καὶ
642 1049 755 1089 ἱδρῶτας
769 1049 822 1078 νόει
838 1049 883 1084 δη-

88 1093 237 1132 λουμένους.
264 1093 426 1132 ’Υπομένειν
461 1093 513 1134 γὰρ
543 1093 642 1134 ὀφείλει
665 1095 679 1122 ὁ
707 1093 884 1133 Χριστιανὸς,

90 1139 297 1178 ἀπεκδεχόμενος
321 1139 356 1169 τὰ
379 1138 417 1178 μὴ
439 1138 580 1180 ὁρώμενα,
607 1138 765 1178 ἐλπιζόμενα
790 1137 818 1168 δὲ
841 1137 885 1168 διὰ

89 1184 133 1219 τῆς
146 1183 275 1217 πίστεως.

129 1285 143 1304 σ
156 1273 301 1308 Ὡσαύτως
320 1274 347 1304 δὲ
364 1274 410 1304 καὶ
425 1273 456 1304 τὸ
475 1275 587 1311 Πνεῦμα
606 1273 884 1313 συναντιλαμϐάνεται

90 1322 142 1352 ταῖς
165 1320 311 1353 ἀσθενείαις
336 1321 424 1358 ἡμῶν.
450 1329 465 1348 ))
494 1317 649 1357 ’Υπομονῆς
684 1319 884 1357 ἐμνημόνευσε-

91 1364 297 1405 παραθαῤῥύνων
311 1364 396 1394 τοίνυν
409 1363 453 1393 τὸν
469 1363 613 1403 ἀκροατὴν,
634 1365 727 1403 φησὶν,
743 1362 784 1393 ὅτι
805 1365 884 1394 «Καὶ

93 1408 119 1436 τὸ
147 1409 252 1448 Πνεῦμα
283 1407 561 1447 συναντιλαμϐάνεται
591 1422 604 1435 ιο
634 1408 709 1447 ἡμῖν.
733 1406 822 1438 Ὥστε
845 1408 882 1447 μὴ

93 1452 224 1493 ἀποκάμῃς
248 1454 362 1489 ὶλπίζων
384 1454 430 1483 καὶ
452 1454 593 1492 ὑπομένων
607 1465 613 1472 ·
643 1455 733 1493 βοηθεῖ
759 1453 812 1494 γάρ
841 1465 881 1483 σοι

93 1495 120 1524 τὸ
143 1498 272 1536 Πνεῦμα,
307 1498 389 1537 μόνην
412 1497 461 1535 τὴν
490 1498 586 1528 ἐλπίδα
602 1497 648 1528 καὶ
672 1497 720 1534 τὴν
745 1498 880 1537 ὑπομονὴν

94 1540 240 1582 εἰσφέροντι.

131 1599 142 1612 ι
157 1586 194 1616 Τὸ
208 1588 258 1628 γὰρ
281 1587 309 1618 τί
333 1587 541 1627 προσευξώμεθα
562 1588 628 1617 καθὸ
649 1588 708 1626 δεῖ,
735 1589 783 1618 οὐκ
803 1587 879 1618 οἴδα-

94 1641 145 1666 μεν-
160 1643 171 1657 ι
193 1633 336 1670 Δείκνυσι,
351 1633 406 1665 πῶς
431 1634 521 1672 βοηθιῖ
535 1632 565 1662 τὸ
589 1633 700 1670 Πνεῦμα
723 1637 782 1666 ταῖς
804 1634 880 1663 ἀσθε-

93 1674 164 1709 νείαις
179 1678 264 1714 ἡμῶν,
280 1676 326 1706 χαί
341 1688 436 1718 φησιν,
452 1677 493 1706 ὅτι
507 1677 641 1707 Τοσοῧτόν
654 1678 733 1715 ἐσμεν
747 1679 875 1715 ἀσθενεῖς,

93 1719 153 1749 ὥστε
166 1721 222 1750 οὐδὲ
239 1721 265 1750 τί
288 1721 327 1750 δεῖ
349 1720 541 1760 προσεύξασθαι
560 1721 670 1760 οἴδαμεν
684 1733 690 1740 ·
713 1721 808 1756 πάντες
825 1722 876 1762 γὰρ

95 1762 189 1802 ἅπλῶς,
204 1766 248 1795 καὶ
260 1765 314 1804 ἐγὼ
329 1767 342 1794 ὁ
358 1767 475 1798 Παῦλος.
489 1766 542 1796 Καὶ
557 1765 608 1806 γὰρ
621 1765 698 1799 αὐτὸς
710 1767 877 1807 προσηύξατο

94 1808 203 1846 περὶτοῦ
226 1810 376 1846 σκόλοπος,
396 1810 442 1840 καὶ
461 1810 581 1850 περὶτοῦ
604 1811 640 1844 εἷς
663 1809 774 1848 Ῥώμην
791 1813 876 1841 ἀπελ-

94 1853 161 1880 θεῖν
186 1854 230 1883 καὶ
258 1856 378 1890 Μωῦσῆς
402 1854 429 1884 δὲ
456 1855 517 1894 περὶ
545 1857 590 1884 τοῦ
620 1854 668 1891 τὴν
694 1856 874 1893 Παλαιστίνην

95 1896 166 1925 ἰδεῖνο
191 1899 234 1928 καὶ
249 1898 381 1939 Ἱερεμίας
405 1899 470 1939 ὑπὲρ
497 1899 633 1929 Ἰουδαίων
648 1899 675 1919 ’³⁸
692 1912 698 1919 ·
723 1901 875 1939 ἀγνοοῦντες

95 1940 119 1984 τὸ
136 1941 199 1974 δέον.
220 1945 316 1974 Ταῦτα
331 1944 358 1972 δὲ
376 1943 447 1983 λέγει
466 1946 514 1973 νῦν
527 1946 541 1973 ὁ
555 1946 678 1984 Παῦλος,
697 1945 787 1982 ἐπειδὴ
807 1946 876 1980 εἰκὸς

95 1985 120 2018 ἢν
133 1985 188 2020 τοὺς
212 1988 238 2017 ἐν
255 1988 351 2027 Ῥώμῃ
375 1987 497 2025 πιστοὺς,
523 1988 695 2027 διωκομένους
718 1990 763 2019 καὶ
787 1990 875 2021 θλιϐο-

95 2029 189 2073 μένους,
209 2032 296 2063 ἄνεσιν
321 2034 422 2069 αἰτεῖν,
446 2033 491 2062 καὶ
511 2033 548 2072 μὴ
572 2033 775 2073 λαμϐάνοντας,
792 2047 875 2065 σκαν-

95 2072 240 2109 δαλίζεσθαι.
269 2077 407 2107 Δείκνυσιν
421 2073 483 2114 οὖν,
508 2077 549 2107 ὅτι
573 2079 632 2108 Οὖκ
652 2073 706 2108 οἶδέ
731 2091 770 2113 τις
792 2082 873 2110 αἰτεῖν

95 2117 264 2165 τὸσυμφέρον.
280 2122 417 2162 Ὀφείλετε
432 2117 476 2151 οὖν
492 2122 632 2161 ὑπομένειν
650 2135 656 2142 ·
673 2123 703 2152 τὸ
720 2124 746 2153 δὲ
760 2125 874 2165 Πνεῦμα

96 2161 164 2198 μόνον
175 2161 242 2203 οἶδε,
256 2166 283 2196 τί
300 2166 430 2207 συμφέρει
443 2167 505 2205 ὑμῖν
519 2179 526 2185 ·
541 2167 580 2197 διὸ
595 2167 688 2207 ἐπάγει
703 2179 711 2186 ·

940 922 1033 942 revera
1061 918 1103 942 est
1131 922 1204 950 spes,
1223 922 1285 942 cum
1301 913 1336 943 de
1361 914 1394 942 iis
1416 922 1479 950 quae
1503 922 1561 942 non
1577 920 1738 949 cernuntur,

940 957 1032 986 fuerit.
1048 969 1061 983 α
1086 958 1167 996 Quod
1187 958 1262 987 enim
1286 958 1432 994 quisquam
1459 958 1544 993 videt,
1567 959 1634 995 quid
1647 958 1738 987 adhuc

940 1007 1031 1039 sperat
1041 1003 1055 1030 τ
1069 1014 1080 1028 ι
1097 1004 1137 1031 Ne
1151 1003 1197 1031 hic
1210 1003 1294 1039 igitur
1315 1003 1343 1031 in
1355 1002 1436 1031 terris
1450 1004 1543 1031 omnia
1559 1011 1734 1040 quaeramus:

943 1059 955 1071 σι
971 1049 1024 1076 Per
1038 1047 1198 1084 patientiam
1216 1059 1228 1071 -
1249 1047 1324 1076 enim
1346 1047 1438 1075 futura
1466 1059 1479 1072 α
1502 1053 1705 1084 exspectamus.
1723 1060 1737 1073 ι

939 1094 1103 1123 Patientiam
1119 1099 1213 1123 autem
1227 1102 1291 1122 cum
1311 1094 1458 1129 audiveris,
1482 1096 1642 1129 certamina,
1659 1095 1737 1124 labo-

939 1149 983 1169 res
1017 1145 1045 1170 et
1077 1141 1194 1170 sudores
1226 1141 1346 1177 intelligo
1373 1141 1540 1170 denuntiari.
1564 1142 1738 1171 Christianus

939 1188 1014 1216 enim
1027 1188 1162 1217 sustinere
1183 1187 1277 1223 debet,
1297 1193 1456 1225 exspectans
1475 1197 1506 1217 ea
1530 1197 1593 1226 qua:
1612 1197 1670 1218 non
1693 1189 1737 1218 vi-

938 1235 1050 1270 dentur,
1064 1235 1111 1264 sed
1129 1243 1161 1264 ea
1179 1243 1242 1272 quae
1254 1243 1304 1272 per
1324 1235 1409 1264 ﬁdem
1422 1240 1583 1272 sperantur.

974 1283 1061 1311 Vsns.
1078 1285 1122 1310 26.
1149 1292 1163 1309 α
1175 1283 1307 1311 Similiter
1319 1287 1346 1311 et
1357 1283 1475 1319 Spiritus
1495 1283 1607 1320 adjuvat
1620 1283 1735 1311 infirmi-

938 1333 1025 1357 tatem
1038 1334 1173 1357 nostram.
1192 1341 1205 1354 ν
1221 1330 1364 1359 Patientia:
1376 1330 1513 1358 meminit.
1536 1330 1671 1359 Animans
1684 1330 1734 1358 ita-

937 1382 990 1410 que
1001 1374 1166 1409 auditorem,
1179 1374 1226 1408 ait,
1242 1374 1316 1410 quod
1341 1379 1370 1403 et
1392 1375 1510 1412 Spiritus
1521 1376 1601 1404 nobis
1613 1375 1735 1412 opitula-

938 1424 992 1448 tur.
1013 1421 1131 1449 Proinde
1155 1421 1293 1458 sperando
1309 1425 1337 1450 et
1357 1421 1530 1456 ustinendo,
1553 1430 1588 1450 ne
1611 1422 1732 1450 fatiscas.

937 1466 1010 1493 Nam
1024 1466 1072 1494 tibi
1095 1466 1183 1494 solam
1196 1473 1274 1503 spem
1295 1470 1324 1495 et
1334 1466 1498 1503 patientiam
1507 1466 1631 1496 aﬂ'erenti
1645 1467 1733 1504 Spiri-

934 1514 978 1538 tus
995 1510 1153 1547 opitulatur.

972 1608 985 1622 α
1010 1598 1083 1626 Nam
1103 1597 1168 1634 quid
1182 1605 1294 1626 oremus
1319 1598 1390 1626 sicut
1412 1602 1533 1634 oportet,
1557 1598 1730 1627 nescimus.»

933 1641 1063 1670 Ostendit
1088 1650 1208 1678 quanam
1221 1643 1328 1671 ratione
1354 1643 1474 1679 Spiritus
1497 1647 1639 1672 succurrat
1652 1643 1732 1672 inﬁr-

933 1686 1075 1715 mitatibus
1090 1686 1204 1721 nostris,
1222 1687 1357 1724 inquiens,
1373 1687 1450 1716 Adeo
1462 1696 1559 1716 sumus
1583 1688 1732 1716 imbecilles

931 1738 993 1764 nos,
1003 1736 1035 1759 ut
1054 1731 1095 1759 vel
1110 1732 1174 1768 quid
1191 1739 1270 1760 orare
1303 1732 1463 1766 debeamus,
1486 1733 1644 1769 ignoremus
1667 1741 1675 1760 :
1704 1733 1731 1761 in

930 1775 1089 1804 universum
1103 1784 1210 1810 omnes,
1224 1776 1347 1811 adeoque
1360 1785 1410 1813 ego
1431 1777 1540 1805 Paulus.
1557 1779 1625 1805 Nam
1646 1781 1673 1805 et
1687 1777 1731 1806 ille

930 1827 981 1856 pro
1003 1820 1115 1848 stimulo
1131 1820 1238 1854 orabat,
1254 1824 1336 1856 atque
1360 1825 1391 1848 ut
1411 1822 1534 1849 Romam
1545 1821 1732 1857 proﬁciscere-

929 1868 976 1892 tur
991 1873 998 1892 :
1014 1866 1122 1900 Moyses
1135 1865 1212 1900 item,
1225 1869 1256 1892 ut
1270 1865 1445 1893 Palaestinam
1459 1865 1550 1893 videat
1565 1875 1572 1892 :
1595 1866 1729 1893 Jeremias

930 1909 995 1936 item
1010 1916 1061 1945 pro
1074 1909 1187 1943 Iudaeis;
1207 1909 1366 1945 ignorantes
1384 1909 1453 1945 quid
1477 1913 1667 1945 opportunum
1682 1918 1729 1938 seu

928 1953 1109 1982 necessarium
1131 1958 1210 1982 esset.
1240 1954 1306 1982 Haec
1335 1961 1401 1982 vero
1432 1953 1493 1990 jam
1520 1953 1598 1982 divus
1629 1954 1730 1982 Paulus

928 2003 1142 2034 commemorat,
1150 1999 1224 2035 quod
1230 1999 1376 2026 verisimile
1385 2003 1454 2033 erat,
1468 1998 1562 2027 ﬁdeles
1571 1998 1619 2035 qui
1630 1999 1729 2028 Romae

929 2043 1163 2079 persecutionibus
1181 2047 1208 2072 et
1221 2043 1277 2079 62
1305 2043 1500 2072 afﬂictionibus
1521 2043 1729 2080 quatiebantur,

926 2089 1106 2117 cessationem
1130 2096 1162 2117 ac
1178 2088 1300 2124 quietem
1325 2092 1435 2124 petere:
1454 2093 1482 2117 et
1495 2096 1559 2117 cum
1579 2096 1636 2117 non
1654 2097 1727 2117 asse-

926 2137 1083 2169 querentur,
1106 2133 1277 2169 despondere
1305 2133 1428 2161 animum
1450 2138 1478 2162 et
1497 2133 1611 2162 offendi.
1642 2135 1726 2162 Com-

932 2182 1072 2206 monstrat
1088 2178 1180 2215 igitur,
1191 2178 1266 2214 quod
1280 2186 1364 2206 nemo
1386 2178 1547 2207 mortalium
1562 2178 1626 2207 illud
1637 2183 1730 2215 petere

95 2212 158 2260 norit
172 2215 243 2249 quod
256 2215 395 2252 expediat.
420 2217 476 2244 Vos
499 2215 603 2252 itaque,
622 2217 758 2246 sustinere
769 2217 875 2248 debetis
891 2229 899 2250 :
915 2222 992 2251 solus
1007 2212 1112 2251 autemv
1121 2212 1240 2259 Spiritus
1258 2227 1433 2260 compertum
1452 2223 1535 2251 habet
1561 2212 1728 2260 quid-vobis

96 2257 176 2288 Prosit.
189 2260 330 2296 Propterea
344 2260 444 2289 infert:

143 2313 154 2349 ε
177 2302 243 2333 Ἀλλ’
269 2305 334 2334 αὐτὸ
362 2304 391 2334 τὸ
417 2307 531 2343 Πνεῦμα
558 2306 782 2349 ὑπερεντυγχάνει
810 2307 916 2349 ὕπὶρι)

95 2344 161 2392 ἡμῶν
182 2351 334 2388 στεναγμοῖς
361 2350 513 2386 ἀλαλήτοις.
539 2361 554 2379 ι)
573 2344 796 2391 Ὥέττψᾌὲυλλὰ
820 2344 871 2392 χαζ

96 2387 197 2427 ρίσματα
222 2387 275 2427 τοῖς
307 2395 507 2434 βαπτιζομένοις
542 2395 627 2424 ἐδίδου
655 2387 738 2424 πάλαι
761 2398 775 2425 ὁ
803 2387 873 2432 όεὸς

95 2433 133 2461 καὶ
146 2435 265 2478 διάφορα,
291 2439 308 2468 a
323 2439 355 2474 δὴ
377 2440 423 2469 καὶ
444 2439 586 2478 πνεύματα
612 2441 772 2478 ἐκαλοῦντο,
796 2441 842 2471 καὶ
858 2443 872 2471 ὁ

151 2474 202 2520 εἶχε
219 2474 383 2525 προφητείας
407 2474 546 2524 χάρισμα,
573 2486 587 2514 ὁ
613 2484 641 2514 δὲ
665 2474 776 2526 σοφίας,
802 2488 817 2514 ὃ
843 2485 871 2515 δὲ

98 2521 152 2569 (ξλλο
164 2536 187 2553 τι
200 2537 206 2544 ·
221 2521 288 2558 οὕτω
310 2529 355 2558 καὶ
371 2521 495 2568 χάρισμα
515 2521 596 2569 εὖχῆς
616 2521 720 2568 ἐδίδου,
745 2521 791 2560 καὶ
806 2531 870 2560 αὐτὸ

98 2564 202 2618 ἕξαλεῖτο
222 2575 337 2611 πνεῦμα.
357 2564 470 2609 Ἐπειδῆ
497 2564 564 2615 γὰρ.
577 2574 664 2604 πολλὰ
688 2564 741 2615 τέζιν
769 2587 870 2615 συμφε-

98 2619 181 2660 ροντων
192 2617 251 2653 ἡμῖν
276 2621 443 2658 ἄγνοοῐντες,
468 2619 503 2648 τὰ
529 2618 567 2657 μὴ
590 2619 758 2660 συμφέροντα
781 2621 869 2650 αἰτοῦ-

99 2658 255 2704 μεῖν-ἤρχετο
280 2663 402 2703 χάρισμα
423 2664 502 2703 εὐχῆς
520 2665 556 2698 εἰς
579 2663 625 2693 ἕνα
645 2658 704 2694 τινὰ
719 2666 771 2694 τῶν
790 2665 867 2704 τότε,

99 2698 137 2728 καὶ
146 2698 260 2747 τδςκοινῇ
280 2698 414 2749 συμφέρον
437 2698 514 2744 agros
538 2720 568 2739 τε
590 2707 685 2739 ἵστατο
707 2710 807 2750 αἰτῶν,
823 2698 868 2740 καί

968 2323 981 2336 α
995 2311 1048 2340 Sed
1061 2311 1106 2340 ille
1125 2312 1184 2348 ipse
1199 2312 1318 2348 Spiritus
1339 2312 1496 2349 interpellat
1511 2320 1561 2349 pro
1576 2312 1656 2341 nobis
1681 2320 1726 2349 ge-

927 2356 1042 2384 mitibus
1068 2356 1303 2384 inenarrabilibus.
1328 2369 1341 2382 ι
1371 2357 1614 2394 Quemadmodum
1640 2357 1726 2386 multa

926 2400 1000 2429 dona
1026 2408 1133 2429 necnon
1146 2401 1252 2429 diversa
1279 2402 1422 2437 baptizatis
1440 2402 1525 2430 dabat
1546 2403 1613 2430 olim
1639 2403 1726 2437 Deus,

927 2453 990 2482 quae
1011 2449 1040 2474 et
1069 2446 1129 2481 ipsa
1148 2446 1261 2482 spiritus
1275 2447 1494 2482 appellabantur,
1523 2452 1551 2476 et
1565 2448 1636 2475 alius
1664 2447 1721 2484 qui-

924 2490 989 2519 dem
1015 2490 1133 2518 habebat
1161 2491 1311 2526 prophetiae
1333 2491 1451 2525 donum,
1477 2492 1549 2520 alius
1572 2492 1725 2528 sapientiae,

924 2535 994 2564 alius
1017 2535 1158 2572 quoddam
1183 2535 1259 2564 aliud
1288 2545 1295 2564 :
1319 2536 1393 2564 hunc
1416 2536 1451 2565 ad
1476 2537 1592 2565 modum
1619 2537 1726 2565 donum

925 2580 1057 2608 orationis
1081 2580 1270 2616 impertiebat,
1298 2581 1372 2617 quod
1404 2585 1432 2610 et
1459 2581 1550 2618 ipsum
1576 2581 1726 2609 vocabatur

925 2625 1047 2660 spiritus.
1071 2626 1141 2654 Cum
1161 2626 1234 2654 enim
1272 2626 1400 2662 pleraque
1435 2633 1532 2654 eorum
1573 2633 1636 2662 quae
1671 2632 1723 2653 no-

924 2670 969 2698 bis
991 2670 1098 2706 prosint
1131 2670 1300 2706 ignorantes,
1329 2671 1435 2700 inutilia
1457 2675 1624 2708 peteremus,
1649 2677 1726 2697 acce-

924 2713 1006 2743 debat
1017 2714 1153 2744 orationis
1166 2715 1305 2745 charisma
1317 2716 1365 2745 uni
1378 2715 1487 2745 cuidam
1503 2723 1602 2744 eorum
1611 2715 1725 2752 quitum

771 2768 1041 2810 Variaejectiones.

128 2815 146 2834 θ’
157 2817 209 2858 δπὶρ
223 2821 340 2857 Ἰουδαίας
350 2833 389 2855 m.
