1901 3077
158 156 205 184 451

688 151 947 180 THEOPHYLACTI
966 151 1144 181 BULGARL'E
1161 152 1320 182 ARCHIEP.

1772 155 1821 183 452

156 218 294 252 vixerunt,
319 221 347 246 et
359 216 434 254 quod
452 215 640 245 communiter
653 215 781 243 omnibus
794 215 953 243 conferebat

1030 215 1067 250 ὶὺς
1081 216 1175 250 ἄλλους
1189 217 1324 246 ἐδίδασκεν
1342 219 1435 247 αἰτεῖν.
1460 218 1574 256 Πνεῦμα
1590 216 1692 247 τοίνυν
1709 217 1821 247 ἐνταῦθα

155 263 214 299 ipse
225 266 303 291 stans
328 261 502 298 precabatur,
516 260 639 297 aliosque
660 259 687 288 id
711 264 801 296 petere
822 259 950 289 docebat.

156 307 289 343 Spiritum
311 306 396 343 igitur
421 306 465 334 hic
487 309 568 333 vocat
592 305 748 341 hujusmodi
772 305 887 339 donum,
926 309 954 333 et

158 352 280 381 animam
295 351 474 387 recipientem
504 350 666 386 precationis
677 350 793 385 donum,
812 358 844 378 ac
868 350 954 378 inter-

158 397 307 434 pellantem
326 396 400 432 apud
423 398 516 424 Deum
551 395 847 430 iugemiscentemque.
883 396 953 423 Nam

159 450 260 478 magna
287 449 354 470 cum
379 441 594 476 compunctione
622 440 714 468 stabat
740 439 889 476 spiritualis
911 440 955 468 ille

158 487 254 520 homo,
270 490 298 514 et
325 486 421 514 multis
435 485 582 522 gemitibus
597 495 603 514 :
626 485 705 520 cujus
719 484 854 521 hodieque
877 492 954 521 sym-

158 532 255 560 bolum
279 535 322 559 est
341 530 486 565 diaconus,
501 534 587 565 stans,
602 529 794 566 intentamque
813 529 955 566 supplica-

157 577 246 605 tiones
257 583 308 612 pro
329 575 430 612 populo
443 574 598 603 effundens.

197 622 287 650 Vsus.
312 623 360 648 27.
377 632 391 646 α
419 620 474 657 Qui
501 623 594 648 autem
619 623 758 648 scrutatur
776 618 870 654 corda,
902 618 955 647 scit

160 666 227 704 quid
247 665 384 694 desideret
400 664 529 701 Spiritus,
544 664 591 701 qui
617 664 772 692 secundum
786 665 878 692 Deum
900 671 953 699 po-

159 712 243 740 stulat
256 718 306 747 pro
318 710 429 738 sanctis.
446 722 459 735 ι
476 711 539 738 Non
553 709 636 738 veluti
646 709 790 745 ignorante
800 710 859 737 Deo
879 711 955 736 stans

160 760 287 792 precatur
302 755 387 784 homo
402 755 454 783 ille.
467 754 519 791 Qui
533 754 606 783 enim
614 758 755 782 scrutatur
771 753 866 788 corda,
878 753 954 782 novit

160 801 219 837 quis
230 801 265 829 sit
276 808 373 829 sensus
394 799 517 836 spiritus,
542 799 572 828 id
593 803 635 828 est
653 799 802 835 spiritualis
825 797 953 827 hominis.

159 847 231 874 Nam
243 853 305 882 quae
320 847 378 873 Deo
403 848 480 881 grata
505 848 582 879 sunt,
609 852 641 872 ea
657 844 776 880 postulat
788 851 838 880 pro
852 843 884 871 iis
907 843 954 879 qui

162 895 229 919 sunt
253 890 280 918 in
300 890 424 918 Ecclesia
452 889 548 918 ﬁdeles
574 900 582 918 ;
611 888 641 917 hi
664 889 749 923 enim,
779 899 792 913 ι
816 888 915 921 sancti,
941 899 954 912 ι

159 937 252 971 Atque
262 934 316 963 hoc
329 934 375 969 ﬁt,
389 939 420 962 ut
439 942 490 962 nos
514 934 656 962 discamus
679 938 772 970 petere
796 932 952 961 secundum

160 982 250 1008 Deum
265 1001 274 1014 ,
290 979 346 1007 sive
355 987 418 1015 quas
427 981 486 1007 Deo
502 979 638 1015 placeant.
650 979 722 1014 Quia
735 978 822 1015 igitur
835 977 955 1014 Spiritus

158 1024 302 1054 intercedit
315 1032 365 1060 pro
378 1024 470 1059 nobis,
495 1032 530 1052 ne
543 1024 716 1060 despondeas
740 1024 867 1052 animum
879 1021 954 1059 quis-

160 1071 223 1107 quis
241 1077 271 1098 es
286 1069 334 1105 qui
356 1069 505 1098 afﬂictione
522 1069 665 1105 premeris.

195 1115 286 1143 Vens.
301 1117 346 1142 28.
359 1125 372 1139 ι
381 1115 488 1142 Scimus
496 1118 589 1142 autem
595 1114 671 1150 quod
679 1113 853 1150 diligentibus
862 1114 955 1140 Deum

160 1160 254 1188 omnia
268 1163 449 1195 cooperantur
474 1159 503 1187 in
527 1159 644 1194 bonum,
669 1159 704 1187 iis
729 1158 777 1194 qui
801 1155 955 1186 secundum

161 1204 332 1241 propositum
343 1204 430 1232 vocati
447 1207 522 1232 sunt.
549 1215 562 1228 ι
576 1204 645 1239 Quae
659 1203 719 1240 jam
742 1206 822 1231 antea
834 1207 956 1230 comme-

160 1253 266 1278 morata
292 1253 368 1283 sunt,
388 1257 499 1285 nempe,
522 1248 596 1284 quod
616 1252 742 1276 creatura
768 1247 890 1283 subjecta
913 1249 957 1273 est

160 1294 292 1323 vanitati:
321 1294 449 1330 quodque
473 1293 761 1330 iucorruptibilitatem
794 1293 830 1320 sit
849 1298 954 1320 assum-

160 1343 238 1375 ptura
263 1349 269 1367 :
288 1343 314 1367 et
337 1339 448 1366 iterum.
461 1338 533 1373 Quid
552 1346 632 1366 orare
655 1338 820 1371 debeamus,
844 1335 956 1372 ignora-

161 1391 223 1412 mus
236 1395 243 1412 :
260 1383 465 1412 admonitiones
475 1387 554 1411 erant
563 1383 596 1410 iis
617 1383 663 1419 qui
676 1384 777 1410 Roma:
793 1380 957 1416 afﬂigeban-

159 1433 213 1462 tur,
243 1428 323 1456 sicuti
343 1428 545 1456 annotavimus.
575 1427 643 1462 Quae
671 1435 736 1455 vero
760 1433 833 1454 nunc
850 1423 956 1458 subdit,

163 1474 290 1501 omnium
316 1477 381 1501 sunt
400 1471 640 1500 manifestissima.
663 1472 734 1499 Nam
753 1482 767 1495 ‹ι
783 1469 957 1506 diligentibus

161 1518 263 1552 Deum,
278 1517 384 1552 omnia,
413 1528 427 1541 ιι
455 1516 629 1552 quantumvis
651 1516 737 1544 ardua
765 1515 908 1543 videantur
931 1518 958 1544 et

1007 262 1083 290 καλεῖ
1098 262 1128 291 τὸ
1151 262 1287 302 χάρισμα,
1303 262 1349 292 καὶ
1372 261 1420 298 τὴν
1434 262 1523 303 ψυχὴν
1542 262 1590 300 τὴν
1616 261 1779 302 δεχομένην
1794 262 1822 292 τὸ

1007 305 1127 346 χάρισμα
1139 309 1186 342 τῆς
1200 307 1281 346 εὐχῆς
1292 331 1300 344 ,
1321 307 1367 336 καὶ
1386 307 1603 348 ἐντυγχάνουσαν
1627 309 1673 347 τῷ
1696 307 1764 345 Θεῷ
1778 307 1822 337 καὶ

1007 351 1193 385 στενάζουσαν.
1219 351 1296 381 Μετὰ
1319 351 1370 391 γὰρ
1397 353 1499 388 πολλῆς
1522 352 1703 386 κατανύξεως
1727 352 1821 382 ἵστατο

1007 398 1020 425 6
1044 395 1220 435 πνευματικὸς
1238 396 1373 436 ἅνθρωπος
1397 398 1516 433 ἐκεῖνος,
1543 396 1590 426 καὶ
1618 398 1740 427 πολλῶν
1759 408 1819 426 στε-

1007 443 1115 481 ναγμῶν
1133 453 1140 460 ·
1165 436 1194 470 οὗ
1218 440 1265 470 καὶ
1290 443 1335 470 νῦν
1363 441 1497 481 σύμϐολόν
1529 442 1599 472 ἐστιν
1630 443 1647 471 6
1684 440 1822 478 διάκονος,

1005 486 1145 524 ἱστάμενος
1156 508 1165 525 ,
1180 484 1227 516 καὶ
1242 485 1289 520 τὰς
1310 487 1421 520 ἐκτενεῖς
1443 486 1547 523 δεήσεις
1561 486 1737 525 ποιούμενος
1756 486 1820 526 ὑπὲρ

1007 533 1054 560 τοῦ
1068 532 1144 562 λαοῦ.

1049 633 1065 650 κ
1087 620 1121 651 Ὁ
1136 620 1164 651 δὲ
1179 621 1290 662 ἐρευνῶν
1305 621 1354 656 τὰς
1376 621 1487 661 καρδίας
1499 644 1508 660 ,
1522 616 1575 651 οἶδε
1590 622 1618 651 τί
1637 621 1672 651 τὸ
1689 621 1816 662 φρόνημα

1007 668 1052 697 τοῦ
1067 666 1250 705 ζΠνεύματος,
1282 665 1322 696 ὅτι
1356 666 1426 696 κατὰ
1460 665 1529 696 Θεὸν
1555 667 1725 706 ἐντυγχάνει
1754 667 1819 706 ὑπὲρ

1005 711 1098 751 ἁγίων,
1114 724 1126 737 ι
1137 712 1199 751 Οὐχ
1213 713 1248 745 ὥς
1264 713 1425 751 ἀγνοοῦντος,
1442 711 1520 751 φησὶ,
1536 714 1582 741 τοῦ
1595 711 1676 741 Θεοῦ
1686 734 1695 748 ,
1711 710 1819 741 ἵσταται

1006 757 1176 797 ὂηάνθρωτιος
1198 758 1288 786 αἰτῶν.
1310 767 1325 785 α
1346 756 1382 786 Ὁ
1409 756 1462 796 γὰρ
1486 757 1598 797 ἐρευνῶν
1626 756 1681 790 τὰς
1709 756 1835 796 καρδίας-

1008 796 1062 831 οἷδε
1075 800 1100 830 τί
1123 801 1153 830 τὸ
1168 800 1290 841 φρόνημα
1306 803 1351 830 τοῦ
1372 800 1529 840 Πνεύματος
1541 825 1549 838 ,
1563 812 1579 830 ι)
1604 800 1738 831 τουτέστι
1749 825 1757 840 ,
1774 803 1817 830 τοῦ

1009 848 1188 885 πνευματικοῦ
1213 846 1350 886 ἀνθρώπω
1366 858 1373 864 ·
1388 845 1429 875 ὅτι
1451 846 1484 875 τὰ
1508 846 1641 875 δοκοῦντα
1738 846 1818 885 Θεῷ,

1011 894 1096 922 ἐκεῖνα
1121 892 1189 920 αἰτεῖ
1210 890 1276 931 ὑπὲρ
1291 892 1343 920 τῶν
1359 892 1386 920 ἐν
1460 890 1614 931 Ἐκκλησία
1643 890 1672 909 ⁰⁹
1695 892 1817 920 πιστῶν·

1008 932 1078 966 οὗτοι
1094 936 1145 976 γὰρ
1170 949 1183 962 ιι
1200 936 1223 965 οἳ
1241 934 1323 975 ἅγιοι.
1340 946 1355 964 »
1375 935 1484 966 Γίνεται
1507 935 1535 965 δὲ
1559 938 1642 965 τοῦτο
1655 960 1662 970 ,
1680 934 1729 964 ἵνα
1744 937 1818 973 ἡμεῖς

1009 981 1183 1020 μανθάνωμεν
1198 982 1280 1010 αἰτεῖν
1291 979 1360 1009 κατὰ
1370 980 1440 1010 Θεὸν
1448 1004 1458 1018 ,
1470 979 1551 1020 ἤγουν
1564 980 1598 1010 τὰ
1612 979 1772 1020 ἀρέσκοντα
1782 981 1817 1020 τῷ

1008 1027 1082 1066 Θεῷ.
1100 1024 1180 1056 Ἐπεὶ
1206 1020 1250 1054 οὖν
1272 1025 1302 1054 τὸ
1327 1026 1440 1064 Πνεῦμα
1454 1024 1521 1066 ὑπὲρ
1536 1026 1615 1064 ἡμῶν
1632 1024 1816 1066 ἐντυγχάνει,

1010 1070 1047 1109 μὴ
1068 1071 1167 1108 λυποῦ,
1184 1072 1197 1100 6
1213 1069 1376 1108 θλιϐόμενος.

1053 1127 1068 1145 ιι
1083 1115 1205 1154 Οἴδαμεν
1227 1114 1255 1144 δὲ
1269 1115 1310 1144 ὅτι
1333 1119 1388 1150 τοῖς
1407 1116 1531 1155 ἀγαπῶσι
1554 1114 1602 1144 τὸν
1618 1115 1695 1145 Θεὸν
1724 1114 1812 1144 πάντα

1010 1164 1128 1201 συνεργεῖ
1151 1161 1188 1194 εἷς
1205 1159 1212 1178 ¹
1237 1160 1267 1189 τὸ
1287 1160 1401 1199 ἀγαθὸν,
1422 1164 1476 1194 τοῖς
1502 1159 1572 1189 κατὰ
1596 1159 1732 1201 πρόθεσιν
1750 1161 1814 1196 κλη-

1008 1205 1062 1239 τοῖς
1076 1201 1158 1235 οὖσιν.
1178 1215 1191 1232 ι
1209 1203 1265 1235 Καὶ
1280 1203 1314 1234 τὰ
1328 1204 1455 1245 πρότερον
1467 1205 1519 1244 μὲν
1532 1205 1682 1246 εἰρημένα,
1697 1204 1740 1233 ὅτι
1757 1219 1768 1231 ιι
1781 1204 1814 1234 Ἥ

1009 1249 1093 1283 κτίσις
1108 1249 1225 1288 ὑπετάγη
1240 1252 1273 1290 τῇ
1289 1249 1448 1287 ματαιότητι
1462 1261 1468 1268 ·
1485 1263 1498 1276 ι
1524 1249 1586 1287 καὶ,
1612 1249 1658 1279 ὅτι
1686 1251 1816 1290 ἀφθαρτι-

1010 1294 1137 1331 σθήσεται
1149 1306 1157 1314 θ
1171 1294 1217 1323 καὶ
1231 1289 1304 1327 αὖθις
1317 1293 1348 1323 τὸ
1357 1318 1365 1332 ,
1380 1306 1395 1322 σ
1409 1294 1446 1324 Τί
1457 1294 1662 1334 προσευξόμεθα
1679 1289 1730 1324 οὖα
1748 1293 1815 1323 οἴδα-

1012 1351 1059 1380 μεν
1068 1363 1076 1376 ,
1087 1350 1103 1368 ι)
1125 1338 1292 1380 παραινέσεις
1305 1339 1374 1372 τινὲς
1385 1334 1454 1374 ἦσαν
1467 1343 1521 1373 τοῖς
1539 1340 1566 1368 ἐν
1587 1339 1691 1379 Ῥώμῃ
1715 1351 1814 1369 κακου-

1011 1383 1148 1424 χουμένοις
1162 1385 1197 1418 ὣς
1219 1383 1498 1424 παρεσημειωσάμεθα
1513 1395 1521 1403 ’
1540 1383 1574 1413 τὰ
1597 1383 1626 1413 δὲ
1649 1387 1697 1414 ν’ὗν
1709 1407 1717 1421 ,
1734 1395 1812 1424 φανε-

1012 1429 1119 1469 ρώτατα
1134 1428 1156 1460 ².
1176 1439 1190 1458 ¢
1205 1429 1268 1462 Τοῖς
1286 1429 1337 1469 γὰρ
1353 1429 1477 1468 ἀγαπῶσι
1496 1429 1541 1458 τὸν
1563 1428 1636 1459 Θεὸν
1668 1428 1781 1465 πάντα,
1798 1439 1810 1456 ι

1012 1474 1058 1504 καὶ
1081 1473 1115 1503 τὰ
1140 1473 1267 1503 δοκοῦντα
1292 1474 1408 1513 δυσχερῆ
1427 1473 1473 1502 καὶ
1499 1473 1625 1513 θλιϐερὰ,
1652 1484 1668 1503 α
1693 1476 1813 1512 συνεργεῖ

1012 1519 1048 1552 εἷς
1072 1518 1103 1548 τὸ
1116 1517 1222 1558 ἀγαθόν.
1241 1529 1255 1546 n
1279 1519 1337 1548 Οὔκ
1363 1513 1421 1546 εἶπε
1441 1517 1485 1556 δὲ,
1501 1518 1541 1547 ὅτι
1568 1518 1643 1547 οὐδὲν
1671 1517 1813 1559 ἐπέρχεται

162 1570 271 1598 aSpera,
287 1573 299 1586 α
313 1563 341 1590 in
354 1562 460 1589 bonum
475 1565 667 1598 cooperantur.
685 1572 698 1585 ι
714 1562 776 1589 Non
786 1560 855 1589 dixit
865 1565 955 1589 autem

1030 1563 1093 1592 εινὸν
1109 1565 1161 1595 τοῖς
1177 1563 1302 1600 ἀγαπῶσι
1324 1562 1369 1592 τὸν
1389 1562 1476 1600 Θεὸν,
1502 1563 1560 1592 ἀλλ’
1574 1562 1614 1592 ὅτι
1633 1563 1726 1593 ἔπεισι
1745 1562 1792 1600 μὲν
1802 1584 1810 1598 ,

162 1608 237 1644 quod
251 1608 317 1636 nihil
331 1608 417 1642 triste,
431 1608 534 1636 nihilve
555 1607 665 1636 difﬁcile
686 1607 798 1636 invadat
818 1608 959 1644 diligentes

163 1657 266 1690 Deum,
297 1655 356 1689 sed,
375 1655 449 1691 quod
473 1655 605 1683 invadant
626 1655 750 1691 quidem,
773 1663 871 1683 verum
900 1656 959 1685 istis

162 1702 243 1730 malis
265 1705 293 1730 et
315 1701 507 1730 afﬂictionibus
522 1704 597 1730 Deus
608 1702 637 1730 in
651 1702 831 1732 commodum
845 1702 959 1731 afﬂicto-

164 1756 228 1777 rum
249 1749 342 1778 utitur.
355 1748 475 1784 Deinde,
493 1749 555 1785 quia
570 1749 624 1777 hoc
637 1749 797 1778 incredibile
807 1749 960 1784 videbatur,

751 1795 961 1831 :«lisquise-

161 1801 176 1822 a
204 1794 349 1830 praeteritis
383 1794 437 1822 hoc
457 1794 572 1828 stabilit,
600 1794 725 1830 inquiens

160 1838 280 1867 cundum
295 1839 469 1876 propositum
491 1839 580 1867 vocati
604 1843 681 1868 sunt.
700 1849 711 1864 ι
729 1839 838 1868 Etenim
851 1839 959 1868 vocavit

161 1888 197 1918 te,
209 1884 309 1920 inquit,
318 1892 383 1913 cum
395 1885 478 1921 longe
490 1884 612 1919 abesses,
618 1884 723 1920 sibique
733 1889 760 1914 te
773 1885 958 1922 propinquum

160 1927 234 1963 fecit,
249 1933 277 1957 et
291 1937 347 1958 non
362 1929 451 1958 multo
474 1929 562 1965 magis
583 1929 639 1964 63
660 1933 755 1957 vocato
775 1937 857 1965 opem
869 1929 959 1957 feret?

158 1973 281 2002 Vocatus
296 1978 337 2002 est
347 1978 440 2002 autem
455 1974 541 2002 homo
551 1985 564 1999 ι
578 1973 731 2002 secundum
745 1973 926 2009 propositum,
942 1985 955 1998 υ

160 2017 214 2046 hoc
227 2022 268 2046 est
281 2018 436 2047 secundum
454 2018 595 2055 propriam
614 2018 795 2046 voluntatem.
807 2018 869 2045 Non
885 2018 957 2045 enim

1013 1607 1082 1637 ἀλλὰ
1101 1607 1167 1647 πρὸς
1185 1607 1216 1636 τὸ
1231 1606 1364 1648 συμφέρον
1390 1609 1441 1636 τῶν
1463 1607 1694 1647 κακουχουμένων
1714 1606 1813 1647 κέχρη-

1013 1665 1055 1682 ται
1071 1654 1085 1682 6
1100 1652 1167 1685 Θεὸς
1182 1653 1236 1684 τοῖς
1254 1652 1357 1686 δεινοῖς.
1375 1648 1444 1683 Εἶτα
1454 1676 1461 1689 ,
1477 1653 1568 1688 ἐπειδή
1591 1653 1709 1682 ἄπιστον
1733 1651 1811 1682 ἐδόκει

1013 1700 1106 1736 τοῦτο,
1122 1696 1175 1725 ἀπὸ
1189 1698 1241 1726 τῶν
1263 1696 1446 1737 παρελθόντων
1469 1696 1575 1737 βεϐαιοῖ
1593 1697 1661 1727 αὐτὸ
1673 1719 1683 1734 ,
1709 1696 1793 1735 λέγων
1805 1706 1812 1713 ·

1015 1754 1031 1770 ιι
1047 1743 1110 1774 Τοῖς
1134 1741 1203 1771 κατὰ
1226 1740 1349 1781 πρόθεσιν
1371 1743 1488 1779 κλητοῖς.
1504 1754 1517 1768 ι
1544 1741 1599 1771 Καὶ
1623 1741 1680 1783 γὰρ
1705 1738 1813 1770 ἐκάλεσέ

1014 1798 1060 1824 σε,
1085 1786 1165 1827 φησὶ,
1191 1785 1297 1825 μακρὰν
1319 1785 1404 1824 ὄντα,
1429 1786 1475 1816 καὶ
1500 1785 1595 1816 οἰκεῖόν
1621 1797 1654 1816 σε
1682 1785 1810 1821 ἐποίησε·

1012 1831 1058 1861 καὶ
1073 1831 1148 1871 πόσῳ
1160 1831 1260 1870 μᾶλλον
1276 1830 1417 1867 κληθέντος
1432 1831 1480 1860 οὐκ
1492 1831 1672 1872 ἀντιλήψεται
1685 1841 1694 1869 ;
1708 1829 1811 1866 Κλητὸς

1013 1876 1040 1906 δὲ
1057 1875 1157 1916 γίνεται
1180 1875 1314 1915 ἄνθρωπος
1337 1875 1408 1905 κατὰ
1428 1875 1569 1916 πρόθεσιν,
1593 1876 1738 1914 τουτέστι,
1753 1872 1810 1904 κατ’

1014 1921 1112 1952 οἰκείαν
1135 1920 1297 1960 προαίρεσιν.
1324 1921 1382 1951 Οὔκ
1403 1921 1479 1962 ἀρκεῖ
1492 1921 1543 1961 γὰρ
1566 1923 1584 1957 ἡ
1609 1922 1708 1958 κλῆσις
1735 1917 1808 1959 (ἐπεὶ

1012 1965 1108 1998 πάντες
1123 1964 1155 1994 ἂν
1171 1964 1309 2001 ἐσώθησαν
1326 1977 1334 1984 ·
1348 1965 1446 2000 πάντες
1466 1965 1519 2006 γὰρ
1534 1965 1722 2006 ἐκλήθησαν),
1744 1962 1809 1994 ἀλλᾶ

1012 2010 1089 2052 χρεία
1104 2009 1150 2040 καὶ
1164 2011 1211 2046 τῆς
1229 2010 1417 2051 προαιρέσεως.

159 2062 263 2091 sufﬁcit
276 2063 386 2092 vocatio
400 2066 409 2097 (
424 2063 545 2100 alioquin
559 2070 656 2092 omnes
678 2061 777 2091 servati
799 2066 902 2097 essent,
913 2061 1053 2099 siquidem
1076 2063 1103 2088 et
1114 2066 1212 2087 omnes
1235 2063 1301 2087 sunt
1311 2059 1397 2088 vocati
1409 2061 1429 2094 ),
1440 2067 1539 2089 verum
1564 2059 1648 2089 etiam
1674 2059 1809 2088 voluntate

162 2115 232 2144 opus
245 2111 296 2136 est.

194 2154 282 2181 Vens.
298 2155 392 2188 29,30.
414 2165 428 2179 ι
450 2153 524 2181 Nam
537 2159 608 2189 quos
620 2151 766 2187 prmscivit,
779 2155 807 2180 et
820 2151 957 2187 prmdesti-
973 2155 998 2188 ι)

159 2198 237 2226 navit
250 2198 409 2227 conformes
422 2198 482 2226 ﬁeri
508 2196 625 2232 imagini
640 2196 700 2224 Filii
718 2195 771 2231 sui,
796 2200 829 2224 ut
848 2197 884 2225 sit
899 2197 956 2234 ipse

159 2243 360 2279 primogenitus
380 2243 408 2270 in
422 2241 515 2270 multis
528 2240 668 2268 fratribus.
682 2241 758 2275 Quos
782 2244 875 2269 autem
889 2249 956 2277 pra:-

157 2287 311 2321 destinavit,
333 2287 384 2315 hos
414 2290 442 2314 et
454 2285 572 2313 vocavit.
599 2295 611 2309 ν
626 2284 740 2313 Praescit
761 2286 836 2314 Deus
848 2293 895 2314 eos
909 2285 957 2322 qui

159 2331 304 2360 vocatione
323 2330 397 2366 digni
407 2334 484 2364 sunt,
499 2328 597 2357 deinde
608 2329 795 2365 praedestinat.
812 2330 892 2358 Prior
903 2331 955 2358 ita-

158 2383 212 2411 que
227 2378 269 2402 est
281 2373 462 2410 praescientia,
480 2377 577 2409 postea
595 2374 717 2410 sequitur
740 2374 954 2411 praedestinatio.

159 2418 434 2448 Praedcstinationem
444 2422 537 2446 autem
543 2417 686 2455 intelliges,
700 2419 955 2455 impermutabilem

160 2463 210 2491 Dei
229 2462 332 2491 bonam
358 2463 542 2491 voluntatem.
562 2463 700 2492 Praenovit
726 2464 819 2500 itaque
842 2464 956 2492 Paulum

160 2507 305 2537 vocatione
318 2508 460 2544 Evangelii
470 2507 584 2543 dignum
596 2516 666 2544 esse,
679 2509 772 2545 sicque
784 2508 956 2544 praedestina-

160 2553 207 2588 vit,
238 2553 292 2581 hoc
317 2556 360 2581 est
396 2552 656 2589 impermutabiliter
675 2553 807 2586 decrevit,
832 2552 957 2589 adeoque

158 2598 254 2627 statuit
267 2606 365 2626 vocare
378 2597 478 2634 ipsum.
499 2596 662 2627 Conformes
675 2598 760 2633 igitur
788 2597 873 2626 efﬁcit
884 2598 955 2627 ima-

158 2643 211 2680 gini
222 2643 293 2677 Filii,
307 2650 378 2680 quos
399 2642 546 2679 praenoscit
563 2643 669 2680 dignos.
693 2642 775 2679 Quod
795 2642 869 2672 enim
888 2643 955 2672 Uni-

160 2688 270 2724 genitus
281 2692 324 2717 est
335 2687 495 2725 ;seeundum
507 2691 646 2723 naturam,
672 2687 727 2717 hoc
739 2688 790 2725 ipsi
812 2687 878 2717 facti
892 2693 957 2717 sunt

1055 2161 1071 2177 α
1085 2147 1148 2178 "Ou
1171 2148 1213 2182 οὓς
1238 2148 1379 2189 προέγνω,
1406 2149 1452 2179 καὶ
1475 2148 1609 2190 προώρισε
1639 2148 1807 2189 συμμόρφους

1013 2195 1059 2230 τῆς
1086 2193 1184 2226 εἰκόνος
1211 2195 1256 2222 τοῦ
1283 2194 1349 2224 Υῖοῦ
1381 2195 1481 2231 αὑτοῦ,
1505 2195 1542 2228 εἷς
1569 2194 1600 2224 τὸ
1634 2190 1703 2224 εἶναι
1717 2191 1806 2231 ξαῦτὸν

1013 2237 1180 2277 πρωτότοκον
1199 2238 1225 2266 ἐν
1241 2238 1349 2272 πολλοῖς
1370 2239 1504 2279 ἀδελφοῖς.
1527 2238 1583 2272 Οὓς
1607 2239 1635 2269 δὲ
1660 2238 1806 2280 προώρισε,

1012 2282 1118 2316 τούτους
1135 2281 1180 2311 καὶ
1204 2281 1326 2314 ἐκάλεσε,
1343 2293 1359 2323 n
1390 2282 1574 2323 Ιῐρογινώσκει
1588 2284 1601 2303 ³
1627 2286 1642 2314 ὁ
1657 2283 1726 2316 Θεὸς
1749 2281 1806 2313 τοὺς

1013 2326 1100 2368 ἀξίους
1114 2328 1160 2362 τῆς
1184 2326 1321 2368 κλήσεως,
1342 2322 1388 2356 εἷθ’
1408 2322 1491 2361 οὕτως
1513 2328 1660 2368 προορίζει.
1687 2325 1804 2367 Προτέρα

1013 2366 1058 2401 οῧν
1073 2373 1090 2407 ἡ
1113 2371 1260 2412 πρόγνωσις
1270 2394 1277 2408 ,
1296 2366 1354 2401 εἶτα
1369 2372 1382 2400 ὃ
1396 2366 1570 2413 προορισμός.
1583 2366 1766 2414 ’Προορισμὸν
1780 2368 1804 2399 δὲ

1012 2415 1115 2451 νοήσεις
1141 2416 1355 2457 τὸυάμετάθετον
1382 2419 1428 2446 τοῦ
1457 2419 1528 2447 Θεοῦ
1561 2418 1662 2457 ἀγαθὸν
1693 2417 1801 2454 θέλημα·

1016 2460 1141 2500 Προέγνω
1161 2455 1224 2498 οὖν,
1240 2460 1280 2490 ὅτι
1303 2462 1318 2490 6
1333 2462 1442 2495 Παῦλος
1460 2461 1530 2496 ἄξιος
1546 2455 1596 2498 τῆς
1620 2463 1738 2500 κλήσεως
1761 2460 1804 2488 τοῦ

1014 2505 1192 2544 Εὖαγγελίου,
1207 2505 1253 2535 καὶ
1268 2505 1338 2535 οὕτω
1353 2505 1504 2547 προώρισε,
1526 2507 1663 2537 τουτέστιν
1678 2502 1801 2545 ἀμεταθέ-

1012 2562 1064 2583 τως
1078 2549 1177 2590 ὤρισε,
1200 2549 1246 2579 καὶ
1261 2550 1357 2587 ἔστησε
1378 2551 1409 2580 τὸ
1430 2551 1543 2581 καλέσαι
1566 2551 1659 2583 αὐτόν.
1677 2548 1800 2590 Συμμόρ-

1013 2607 1076 2636 φους
1102 2594 1188 2625 τοίνυν
1203 2598 1274 2624 ποιεῖ
1297 2597 1345 2630 τῆς
1361 2595 1460 2630 εἰκόνος
1479 2599 1526 2626 τοῦ
1553 2598 1621 2627 Υἱοῧ
1648 2598 1743 2634 αὐτοῦ,
1763 2591 1802 2624 οὓς

1011 2639 1186 2680 προγινώσκει
1202 2639 1298 2674 ἀξίους.
1315 2639 1355 2670 ⁸0
1377 2640 1429 2681 γάρ
1454 2641 1526 2670 ἐστιν
1551 2643 1565 2670 ὁ
1580 2639 1729 2682 Μονογενῆς
1752 2636 1800 2682 φύῗ

1012 2696 1072 2721 σει,
1095 2686 1175 2714 τοῦτο
1191 2685 1266 2715 αὐτοὶ
1283 2679 1495 2725 γεγόνασικατὰ
1504 2685 1585 2728 χάριν
1595 2709 1603 2725 ,
1614 2679 1667 2718 υἱοί
1680 2686 1748 2717 Θεοῦ
1760 2679 1800 2711 καὶ

857 2751 952 2783 Variae
973 2752 1124 2783 lectiones.

198 2815 220 2832 ⁰⁹
237 2814 447 2849 ἔκκλησιαστικῶν
460 2822 487 2844 ο.
526 2814 533 2832 ¹
554 2814 613 2850 πρὸς
627 2822 653 2843 ο.
691 2814 703 2832 ²
715 2816 883 2851 φανερώτερον
898 2823 926 2845 ο.
964 2815 975 2833 ⁸
985 2816 1160 2852 προγινώσκων
1174 2823 1201 2844 o.
