1901 3077
83 166 128 194 453
513 166 689 196 EXPOSITIO
707 167 741 195 IN
760 165 863 195 EPIST.
883 165 930 194 AD
952 164 1035 194 ROM.
1056 181 1092 187 —
1112 166 1190 195 CAP.
1210 165 1276 195 VIII.
1664 167 1716 197 454

82 229 148 259 αὐτοὶ
171 229 393 270 χρηματίσαντες.
419 231 592 271 Πρωτότοκος
614 231 642 261 δέ
659 232 728 260 ἐστιν
742 231 770 260 ἐν
793 231 832 259 ποῖ

962 237 966 244 ·
985 229 1112 265 gratiam,
1124 233 1155 256 ut
1169 233 1198 257 et
1209 229 1268 265 ipse
1282 228 1331 257 ﬁlii
1349 230 1401 257 Dei
1412 234 1587 259 vocarentur.
1602 231 1712 260 Primo-

82 277 129 308 λοὶς
148 275 282 314 ἀδελφοῖς,
305 274 376 305 κατὰ
389 277 438 312 τὴν
462 275 615 314 οἰκονομίαν
631 287 638 294 ·
661 275 732 306 κατὰ
746 275 797 316 γὰρ
813 287 832 304 τ’

963 274 1024 302 titus
1046 278 1140 302 autem
1154 278 1195 302 est
1217 273 1290 302 inter
1317 274 1422 303 multos
1445 274 1548 303 fratres
1562 276 1713 305 secundum

82 320 182 355 θεότητα
221 319 378 359 Μονογενής.
424 320 503 350 Ἐπεὶ
531 320 582 361 γὰρ
611 323 629 357 ἡ
664 322 832 362 προσληφθεῑι

964 319 1147 354 pensationem
1176 328 1182 347 :
1204 327 1270 347 nam
1295 319 1446 347 secundum
1471 319 1639 348 divinitatem
1675 325 1714 349 est

82 364 139 404 σὰρξ
165 363 272 404 ἐχρίσθη
299 364 433 406 παρουσίᾳ
469 365 532 396 ὅλου
567 369 613 396 τοῦ
651 365 790 406 χρίοντος,
818 377 832 394 κ

965 363 1091 399 igenitus.
1118 363 1190 399 Quia
1205 364 1277 391 enim
1305 368 1444 400 assumpta
1470 372 1534 392 caro
1564 369 1646 393 uncta
1673 370 1715 394 est

82 409 180 449 ἀπαρχὴ
203 411 278 445 ἡμῶν
300 409 419 448 ἐγένετο,
445 410 620 450 ἆγιασθείσης
639 411 666 440 ἰν
691 411 801 451 Χριστῷ
818 422 832 438 τ

962 409 1061 437 esentia
1082 409 1168 437 totius
1191 408 1359 446 inungentis,
1392 417 1426 437 ac
1453 409 1579 445 primitiae
1611 414 1712 439 nostra:

82 454 231 494 κατακρίτου
252 454 369 495 φύσεως,
396 455 504 489 εἰκότως
529 455 699 497 πρωτότοκός
723 456 800 494 ἐστι,
818 467 832 485 κ

964 458 1006 481 tus
1015 458 1066 487 est,
1098 453 1266 482 sanctiﬁcata
1288 453 1316 482 in
1337 453 1448 482 Christo
1474 453 1605 482 damnata
1618 459 1713 483 nostra

82 499 176 540 ἄδελφοί
193 499 275 529 αὐτοῦ
289 499 502 540 χρηματίζομεν.

966 506 1025 533 ura,
1040 499 1138 527 merito
1151 498 1354 535 primogenitus
1381 502 1433 533 est,
1455 497 1606 535 fratresque
1629 498 1713 535 ipsius

919 543 1102 580 appellamur.

116 601 130 617 ι
143 589 198 623 Οὓς
221 589 248 619 δὲ
270 590 397 627 ἐκάλεσε,
414 591 521 625 τούτους
540 591 587 621 καὶ
602 591 754 621 ἐδικαίωσε.
772 602 787 620 ι
811 591 866 622 Διὰ

967 600 970 613 ι
990 589 1066 623 Quos
1077 592 1171 616 autem
1196 588 1314 622 vocavit,
1337 587 1389 616 hos
1409 592 1437 616 et
1452 587 1620 625 justiﬁcavit.
1638 599 1651 613 ι
1665 589 1717 617 Per

80 636 119 669 τῆς
133 637 176 663 τοῦ
190 636 299 676 λουτροῦ
313 635 516 675 παλιγγενεσίας
532 636 691 671 ἀπαλλάξας
704 638 756 666 τῶν
774 635 830 675 ἅμα

967 643 1057 664 acrum
1066 635 1285 672 regenerationis
1298 635 1420 664 liberans
1432 643 1448 663 a
1471 635 1602 672 peccatis,
1615 637 1717 672 justas-

80 682 134 708 τιῶν
149 679 192 708 καὶ
213 679 330 714 δικαίους
344 680 468 716 ποιήσας.

374 680 468 716 ιιήσας.
919 688 972 717 que
995 679 1124 709 efﬁciens.

117 734 130 752 (ι
146 723 199 758 Οὓς
214 722 242 754 δὲ
257 724 398 755 ἐδικαίωσε
409 748 417 763 ,
434 725 539 760 τούτους
559 725 606 755 καὶ
634 725 753 761 ἐδόξασε.
770 739 783 753 ι
808 727 866 763 Τῆς

964 737 969 751 ι
986 726 1062 761 Quos
1074 729 1167 754 autem
1183 724 1352 762 justiﬁcavit,
1367 725 1419 754 hos
1437 729 1465 753 et
1478 725 1670 762 gloriﬁcavit.»
1683 727 1714 754 In

85 769 200 802 υἱοθεσίας
215 781 243 798 τε
259 769 373 804 ἀξιώσας
395 769 506 808 αὐτοὺς,
530 770 575 801 καὶ
602 771 688 801 τᾶλλα
708 771 835 812 χαρίσμαλ

965 781 991 801 os
1005 773 1139 801 nimirum
1161 772 1295 809 adoptans
1323 772 1395 807 illos,
1408 772 1525 809 alliaque
1542 773 1595 801 illis
1616 773 1715 810 imper-

85 813 162 847 αὐτοῖς
179 814 248 846 δούς.

919 819 991 846 tiens
1004 818 1085 846 dona.

119 870 133 887 α
147 858 183 889 Τί
206 854 251 888 οὖν
278 859 388 898 ἐροῦμεν
416 860 479 900 πρὸς
503 862 602 897 ταῦτα;
630 861 664 890 Εἷ
680 862 694 890 6
714 860 782 895 Θεὸς
801 860 866 901 ὗπίρ

966 863 1044 890 Isss.
1060 865 1104 890 31.
1117 872 1132 889 ιι
1147 861 1219 897 Quid
1240 870 1305 899 ergo
1319 861 1446 891 dicemus
1459 861 1494 891 ad
1515 861 1588 892 haec?
1599 862 1628 891 Si
1641 864 1716 891 Deus

86 904 175 940 ἡμῶν,
191 903 229 938 τίς
244 904 304 933 καθ’
322 907 414 942 ἡμῶν;
430 898 443 931 ὲ
465 904 565 945 Ὁρᾷς,
589 904 630 934 ὅτι
649 905 835 946 ἐμφανέστατα

964 907 1155 944 »ηοὺίε,ιιιιίθ
1181 898 1282 935 contra
1291 909 1355 935 nos?
1379 919 1392 932 ι
1424 907 1521 935 Viden‘
1545 908 1714 944 apertissime

82 948 182 978 ἐνταῦθα
194 950 286 985 δηλοῖ,
308 949 348 979 ὅτι
364 950 376 969 ⁵
402 949 467 990 πρὸς
490 950 548 983 τοὺς
566 949 736 989 θλιϐομνους
752 955 832 980 ποιεῑι

977 951 1099 980 indicare
1120 952 1210 988 ipsum
1230 951 1303 987 quod
1324 952 1405 980 verba
1424 951 1509 979 faciat
1527 951 1562 980 ad
1579 951 1715 980 afﬂictos?

82 993 119 1022 τὸν
132 993 219 1032 λόγον;
233 995 352 1024 Τοιαῦτα
370 994 422 1035 γὰρ
436 994 533 1024 ὡσανεὶ
545 995 617 1034 λέγει
633 996 645 1014 ⁶
660 1007 666 1014 ·
683 995 715 1024 Εἰ
734 995 832 1025 τοσοὺτι

966 996 1091 1033 jusmodi
1105 997 1181 1026 enim
1198 996 1399 1033 propemodum
1413 996 1498 1024 dicit:
1518 997 1545 1025 Si
1574 997 1658 1026 tantis
1670 997 1716 1026 bo-

81 1037 219 1076 ἠξιώθημεν
235 1039 341 1078 ἀγαθῶν
357 1040 445 1080 ἐχθροὶ
459 1039 545 1077 ὄντες,
560 1041 629 1078 μετὰ
644 1040 673 1070 τὸ
692 1041 831 1077 δικαιωθῆν

973 1041 1167 1078 dignijudicati
1178 1049 1273 1070 sumus
1281 1049 1344 1070 cum
1359 1042 1453 1070 hostes
1466 1049 1599 1076 essemus,
1613 1046 1716 1078 quanto

80 1082 118 1110 καὶ
137 1082 292 1119 δάασθῆναι
318 1084 393 1125 πόσῳ
411 1086 528 1124 μᾶλλον;
550 1085 604 1115 Καὶ
625 1088 671 1114 τοῦ
698 1086 769 1115 Θεοῦ
790 1085 830 1115 ὅνπ

967 1087 1070 1123 joribus
1084 1086 1249 1115 donabimur
1262 1091 1324 1122 post
1333 1086 1561 1123 justiﬁcationem
1581 1090 1608 1114 et
1615 1086 1717 1123 gloriﬁ-

81 1127 137 1167 ὑπὲρ
147 1130 237 1168 ἡμῶν,
256 1129 295 1162 τίς
316 1131 376 1159 καθ’
400 1131 497 1168 ἡμῶν;
526 1130 582 1160 Κᾶν
605 1129 656 1170 γὰρ
679 1132 696 1166 ἡ
721 1130 831 1168 οἷκουμέ

965 1132 1057 1160 ionem
1069 1132 1206 1159 nostram?
1220 1132 1262 1159 Ac
1287 1131 1311 1159 si
1333 1133 1408 1160 Deus
1421 1139 1471 1167 pro
1491 1130 1572 1159 nobis
1587 1130 1633 1166 sit,
1653 1131 1715 1167 quis

80 1176 145 1201 πᾶσα
159 1173 310 1214 ἐπαναστῇ,
324 1177 340 1211 ἡ
364 1177 409 1204 τοῦ
424 1176 495 1205 Θεοῦ
514 1175 593 1215 σοφία
609 1176 645 1209 εἰς
665 1175 714 1211 τὴν
730 1175 830 1217 ἡμετίρ

965 1184 1063 1204 νει-σιω]
1079 1184 1129 1204 nos
1149 1176 1215 1204 erit?
1235 1175 1352 1204 Etiamsi
1378 1176 1453 1204 enim
1472 1175 1617 1204 universus
1641 1175 1715 1205 orbis

79 1217 199 1258 σωτηρίαν
213 1219 261 1248 καὶ
277 1218 352 1253 δόξαν
372 1220 523 1260 περιτρέψει
539 1219 587 1256 τὴν
603 1220 793 1252 ἐπανάστασιν.

966 1225 1040 1258 urgat
1063 1221 1211 1249 adversum
1238 1229 1300 1254 nos,
1334 1221 1385 1249 Dei
1404 1224 1496 1249 tamen
1513 1221 1655 1257 sapientia
1680 1220 1716 1250 ad

919 1273 1041 1297 nostram
1048 1269 1167 1297 salutem
1176 1272 1205 1296 et
1214 1268 1333 1305 gloriam
1341 1268 1416 1296 hunc
1426 1272 1565 1296 convertet
1572 1268 1715 1297 insultum.

115 1317 130 1334 α
142 1304 192 1339 ⁸⁷ος
211 1317 242 1343 γε
260 1307 306 1334 τοῦ
330 1304 398 1335 ἰδίου
413 1305 480 1336 Υἱοῦ
496 1307 542 1335 οὐκ
559 1304 696 1347 ἐφείσατο,
722 1305 782 1335 ἀλλ’
797 1306 864 1347 ὑπὲρ

965 1314 1046 1342 lsns.
1061 1315 1105 1341 32.
1118 1324 1130 1337 ι
1147 1313 1202 1347 Qui
1218 1313 1330 1349 proprio
1350 1313 1419 1341 Filio
1439 1320 1490 1341 suo
1510 1320 1566 1341 non
1581 1312 1715 1349 pepercit,

79 1352 147 1388 ἡμῶν
165 1350 272 1380 πάντων
298 1349 450 1390 παρέδωκεν
471 1351 566 1387 αὐτὸν,
590 1352 646 1384 πῶς
670 1351 731 1391 οὐχὶ
753 1351 799 1381 καὶ
816 1364 829 1381 ο

980 1366 1028 1394 pro
1038 1357 1117 1386 nobis
1127 1358 1203 1386 omni
1209 1358 1258 1386 bus
1271 1357 1384 1386 tradidit
1412 1357 1502 1394 ipsum
1512 1378 1520 1392 ,
1537 1357 1678 1394 quomodo
1689 1361 1717 1386 et

80 1395 143 1435 αὐτῷ
157 1394 188 1424 τὰ
206 1395 296 1425 πάντα
321 1396 569 1439 ἡμῖν-χαρίσεταις
596 1406 611 1424 ι)
635 1395 762 1436 Ἄφίημι,
779 1408 830 1437 φησ

966 1411 983 1431 n
999 1403 1059 1439 ipso
1079 1411 1136 1431 non
1157 1403 1250 1431 omnia
1270 1403 1350 1431 nobis
1364 1402 1494 1431 donabit?
1511 1414 1524 1427 ι
1540 1403 1648 1431 Omitto
1664 1409 1716 1431 cae-

80 1439 169 1484 τιῖλλα,
185 1440 202 1469 ἃ
215 1439 360 1479 προλαϐὼν
382 1434 457 1470 εἶπον
466 1462 474 1479 ,
498 1439 537 1469 ὅτι
559 1434 729 1477 ἐδικαίωσεν,
744 1434 790 1470 ὅτι⁷
803 1442 830 1470 ἐξ

967 1456 987 1479 ι,
1003 1434 1101 1484 inquit,
1116 1455 1178 1483 quae
1190 1455 1272 1484 supra
1285 1447 1514 1482 commemoravi,
1525 1447 1600 1483 quod
1622 1447 1717 1484 justiﬁ-

82 1483 160 1518 ξασεν.
173 1484 253 1515 Ἀλλὰ
267 1487 344 1514 τοῦτο
360 1484 469 1521 σκόπει,
487 1484 527 1513 ὅτι
541 1499 554 1510 ι
566 1486 623 1514 Τοῦ
638 1485 703 1514 ἰδίου
721 1485 790 1524 ⁷⁸⁸,υ
805 1497 832 1515 το

968 1492 996 1525 it,
1010 1483 1120 1528 etquod
1130 1492 1297 1528 gloriﬁcavit
1308 1500 1368 1520 nos.
1380 1493 1485 1520 Verum
1495 1492 1548 1520 hoc
1558 1491 1715 1527 considera,

81 1528 160 1566 τέστι,
177 1532 220 1559 τοῦ
234 1531 413 1568 Μονογενοῦς,
428 1532 474 1559 τοῦ
487 1530 640 1569 ἀγαπητοῦ,
656 1532 702 1559 τοῦ
716 1530 793 1570 φύσει
809 1529 822 1548 ⁹

966 1536 991 1564 ια
998 1548 1010 1561 ι
1021 1537 1090 1565 Filio
1097 1545 1148 1565 suo
1161 1537 1283 1574 proprio,
1293 1549 1306 1561 ι
1315 1537 1368 1565 hoc
1375 1541 1428 1571 est,
1438 1537 1600 1574 Unigenilo,
1606 1537 1716 1571 dilecto,

81 1574 149 1603 αὐτοῦ
172 1575 236 1612 (εἰσὶ
253 1574 306 1615 γὰρ
331 1575 377 1604 καὶ
403 1575 549 1618 εἰσποιητοὶ
575 1575 625 1604 υἱοὶ
648 1575 727 1604 αὐτοῦ
747 1574 790 1604 διὰ
817 1586 831 1603 τ

981 1586 1077 1610 natura
1091 1590 1122 1610 ex
1137 1582 1196 1618 ipso
1210 1586 1253 1610 est
1276 1586 1350 1615 (sunt
1361 1582 1442 1614 enim
1467 1586 1497 1610 et
1521 1581 1645 1617 adoptati
1671 1589 1717 1617 per

81 1619 284 1658 βαπτίσματος),
307 1619 401 1649 τούτου
416 1614 461 1648 οῦν
484 1620 532 1648 οὐκ
553 1619 693 1659 ἐφείσατο,
711 1620 771 1648 ἀλλ’
796 1620 831 1648 ὓπ

967 1627 1052 1654 ιιίεωα
1065 1629 1086 1660 ),
1099 1614 1163 1655 huic
1177 1635 1232 1655 non
1246 1614 1377 1663 pepercit,
1389 1626 1437 1655 sed
1450 1635 1499 1663 pro
1510 1614 1591 1654 nobis
1601 1614 1717 1655 tradidit

81 1664 147 1700 ἡμῶν
164 1663 317 1704 παρέδωκεν
340 1664 417 1694 αὐτόν
443 1675 451 1683 ⁸
466 1663 512 1693 καὶ
533 1667 634 1704 ταῦτα,
655 1664 780 1701 πάντων,
801 1676 831 1694 το

965 1679 1018 1705 um,
1034 1670 1115 1707 idque
1126 1679 1175 1707 pro
1183 1671 1322 1706 omnibus,
1335 1671 1388 1700 hoc
1399 1675 1442 1699 est
1452 1676 1512 1699 tum
1520 1671 1646 1707 ingenuis
1657 1675 1715 1699 tum

80 1707 171 1748 τέστιν,
195 1710 323 1748 εὐγενῶν,
347 1709 495 1748 δυσγενῶν,
512 1709 624 1739 εὐτελῶν
639 1733 644 1745 ,
658 1709 767 1743 ἐνδόξων
784 1721 791 1728 ⁸
813 1721 830 1739 κ

966 1715 1116 1751 ιίηεεηιιίε,
1131 1720 1158 1743 et
1171 1716 1269 1744 humili
1285 1720 1313 1744 et
1329 1715 1428 1744 celebri
1446 1716 1508 1744 loco
1521 1715 1594 1744 natis
1607 1725 1614 1743 :
1630 1723 1716 1751 neque

79 1752 122 1792 οὔχ
134 1753 237 1790 ἅπλῶς,
264 1753 323 1783 ἀλλ’
347 1755 383 1787 εἰς
405 1753 508 1794 σφαγὴν
530 1753 670 1794 παρέδωκε
683 1765 690 1773 ’
705 1753 750 1784 καὶ
767 1756 814 1783 νῦν

966 1759 1083 1795 ipliciter,
1113 1768 1209 1788 verum
1234 1760 1268 1788 ad
1293 1760 1492 1788 mactationem
1517 1760 1639 1788 tradidit.
1663 1760 1716 1795 Qui

80 1796 109 1841 τᾲ
132 1798 215 1828 πάντα
241 1800 309 1836 ἡμῖν
333 1798 491 1839 χαρίσεται;
521 1798 555 1829 Ὀ
576 1799 628 1839 γὰρ
653 1801 698 1828 τὸν
722 1798 830 1829 Δεσπότ

966 1812 980 1832 o
991 1804 1048 1841 jam
1061 1812 1116 1832 non
1125 1805 1218 1832 omnia
1237 1804 1318 1832 nobis
1331 1804 1451 1832 donaret
1467 1806 1480 1832 Ρ
1494 1804 1549 1839 Qui
1564 1805 1639 1833 enim
1658 1806 1716 1833 Do-

79 1840 131 1872 δοέις
149 1842 180 1872 τὰ
193 1843 321 1881 κτήματα
340 1844 370 1873 οὒ
391 1842 486 1880 δώσεις
508 1841 597 1873 Ὥστε
620 1842 711 1880 ἐπειδὴ
734 1843 764 1873 οὖ
787 1843 829 1873 δίδη

966 1857 1022 1876 ium
1036 1848 1122 1882 dedit,
1133 1848 1190 1884 δή
1198 1848 1343 1876 facultates
1352 1857 1408 1876 non
1422 1848 1520 1876 dabit?
1535 1850 1608 1876 Cum
1622 1849 1716 1885 itaque

79 1897 129 1923 σιν,
145 1888 172 1916 οὖ
189 1887 334 1928 συμφέρει,
345 1887 391 1917 καὶ
405 1888 448 1917 διὰ
461 1890 538 1917 τοῦτο
553 1888 582 1917 οὖ
597 1888 700 1919 δίδωσι.
712 1888 760 1924 Μὴ
775 1887 829 1917 τοίν

962 1901 970 1920 ι
985 1893 1033 1921 dat
1046 1892 1164 1928 aliquid,
1177 1892 1206 1920 id
1230 1900 1288 1920 non
1306 1893 1449 1926 conducit,
1463 1897 1546 1928 atque
1577 1892 1640 1920 ideo
1654 1901 1712 1920 non

80 1931 168 1971 σφόδρα
187 1935 272 1972 ποθῇς
285 1931 328 1972 [
345 1932 481 1972 ποθήσῃς]
498 1932 547 1968 τὴν
572 1932 677 1971 ἄνεσιν,
699 1934 713 1963 6
738 1932 830 1972 θλιϐόμ

966 1959 973 1965 .
988 1938 1030 1966 Ne
1048 1937 1132 1973 igitur
1150 1937 1274 1973 impense
1288 1936 1427 1966 desideres
1449 1937 1653 1970 liberationem,
1668 1937 1715 1973 qui

77 1986 114 2009 νος
128 1976 168 2006 διὰ
181 1977 300 2018 Χριστόν
309 1989 316 1995 ·
331 1979 353 2007 εἰ
367 1977 418 2018 γὰρ
432 1976 576 2018 συμφέρει,
590 1977 677 2018 λήψῃ.

967 1982 1048 2018 igeris
1062 1985 1174 2017 propter
1186 1981 1340 2010 Christum.
1360 1981 1389 2009 Si
1405 1981 1482 2010 enim
1495 1980 1632 2016 conferat,
1647 1980 1717 2009 acci-

914 2027 984 2063 pies,
998 2026 1107 2063 erisque
1120 2034 1238 2062 compos
1252 2025 1323 2054 voti.

113 2078 126 2097 ι
141 2067 187 2103 Τίς
207 2068 346 2108 ἐγκαλέσει
369 2067 439 2099 κατὰ
460 2069 590 2098 ἐκλεκτῶν
608 2069 698 2105 Θεοῦ;
718 2082 731 2095 ι
750 2068 861 2106 Ἐπειδὴ

963 2073 1039 2100 ἵεις.
1051 2074 1095 2100 33.
1108 2083 1121 2096 ι
1135 2071 1203 2107 Quis
1213 2070 1352 2100 accusabit
1360 2070 1492 2100 adversus
1502 2070 1606 2100 electos
1619 2071 1686 2099 Dei?
1699 2080 1713 2098 η

79 2111 137 2149 μετὰ
147 2115 197 2143 τῶν
213 2113 302 2143 ἄλλων
315 2114 471 2154 πειρασμῶν
495 2113 540 2144 καὶ
554 2113 718 2148 ὠνειδίζοντο
733 2114 757 2143 οἱ
772 2125 829 2142 πισπ

965 2117 987 2144 ia
1000 2117 1072 2145 inter
1086 2116 1154 2144 alias
1175 2116 1339 2144 tentationes
1353 2119 1382 2144 et
1408 2115 1474 2144 illud
1488 2123 1505 2144 a
1530 2115 1635 2144 Iudaeis
1646 2115 1715 2152 obji-

79 2156 143 2196 παρὰ
165 2159 216 2188 τῶν
232 2158 388 2198 Ἰουδαίων,
414 2159 450 2192 ὥς
472 2158 665 2197 εὖμετάϐολοι,
692 2158 738 2187 καὶ
762 2157 829 2198 dego"

967 2165 1040 2189 eatur
1062 2161 1200 2195 ﬁdelibus,
1228 2161 1303 2198 quod
1331 2160 1412 2189 facile
1436 2160 1661 2195 immutarentur,
1689 2163 1717 2188 et

79 2203 258 2237 μεταπεσόντες
273 2204 308 2237 εἷς
324 2202 533 2244 Χριστιανισμόν
545 2212 553 2221 ⁸
569 2203 648 2244 φησὶν
658 2225 666 2239 ,
684 2202 724 2232 ὅτι
739 2202 774 2233 Ὁ
793 2205 829 2234 Θε

964 2206 1061 2234 ifertim
1076 2205 1110 2234 ad
1124 2205 1365 2234 Christianismum
1380 2205 1547 2240 deciderent,
1562 2206 1649 2240 Deus,
1673 2205 1714 2233 in-

77 2245 199 2282 ἐξελέξατο
221 2249 308 2285 ὑμᾶς,
333 2247 380 2277 καὶ
401 2248 440 2282 τίς
453 2250 468 2278 6
489 2248 610 2288 ἐγκαλῶν
626 2249 689 2287 ὑμῖν
763 2248 827 2277 ἔκλα

966 2255 986 2286 t,
1002 2258 1049 2279 vos
1071 2251 1165 2286 elegit,
1188 2254 1216 2279 et
1229 2250 1291 2286 quis
1304 2254 1347 2279 est
1367 2250 1413 2287 qui
1427 2254 1538 2279 accuset
1553 2250 1715 2278 electionem

78 2294 118 2321 τοῦ
129 2292 214 2329 Θεοῦ;
229 2292 382 2333 ⁷Ανθρωτιος
396 2293 517 2333 τεχνίτης
536 2293 582 2323 ἰὰν
599 2292 737 2329 ἐκλέξηταί
753 2304 778 2322 τι
790 2315 798 2328 ,
817 2304 828 2322 ο

954 2296 992 2324 :i?
1017 2295 1046 2324 Si
1060 2294 1156 2323 artifex
1181 2294 1334 2332 quidquam
1357 2295 1477 2331 elegerit,
1506 2302 1589 2323 nemo
1610 2298 1654 2323 est.
1667 2302 1704 2331 qn

79 2335 124 2369 δεὶς
135 2338 148 2366 6
162 2336 329 2378 μεμφόμενος
339 2350 346 2357 ·
356 2338 403 2368 καὶ
416 2340 486 2369 Θεοῦ
501 2334 690 2376 ἐκλεξαμένου,
703 2337 742 2371 τίς
754 2339 768 2367 6
781 2337 828 2377 ἐγχ

965 2344 1027 2377 pet:
1041 2339 1132 2376 ecquis
1144 2344 1187 2368 est
1199 2340 1246 2376 qui
1263 2339 1313 2368 Dei
1341 2340 1509 2368 electionem
1530 2339 1715 2376 reprehensu-

80 2380 126 2409 λῶν
134 2393 141 2418 ;

916 2393 964 2414 rus
979 2385 1035 2413 sit?

116 2437 128 2453 α
143 2425 209 2460 Θεὸς
229 2427 244 2456 6
266 2427 386 2457 δικαιῶν.
408 2426 457 2461 Τίς
478 2427 492 2456 6
510 2426 696 2467 κατακρίνων;
713 2425 827 2467 Χριστὸς
848 2427 862 2456 6

959 2431 1041 2459 Vnus.
1058 2432 1104 2464 33,
1115 2432 1161 2458 34.
1185 2440 1197 2453 σι
1213 2430 1289 2457 Deus
1301 2432 1343 2457 est
1356 2428 1405 2465 qui
1414 2428 1559 2465 justiﬁcat.
1575 2428 1645 2464 Quis
1667 2433 1709 2458 est

80 2470 208 2512 ἐποθανὼν
218 2494 226 2508 ,
243 2473 345 2510 μᾶλλον
360 2471 387 2501 δὲ
400 2471 447 2501 καὶ
461 2471 574 2511 ἐγερθεὶς
589 2472 619 2501 ἐκ
641 2472 749 2511 νεκρῶν.
767 2484 778 2497 ιι
803 2472 828 2500 Ο

975 2475 1142 2503 condemnet
1155 2476 1168 2503 Ρ
1179 2473 1305 2503 Christus
1328 2474 1375 2510 qui
1389 2478 1518 2502 mortuus
1527 2478 1579 2508 est,
1594 2474 1653 2503 imo
1668 2474 1714 2510 qui

80 2508 141 2551 εἷπε,
161 2516 226 2557 Θεὸς
282 2516 356 2557 ἀφεὶς
377 2515 412 2546 τὰ
435 2508 636 2556 ἁμαρτήματα,
658 2508 717 2545 ἀλλ’
742 2515 756 2544 ὃ
772 2516 830 2545 πολί

964 2520 1115 2548 resurrexit.
1147 2531 1161 2544 ι
1188 2520 1254 2548 Non
1278 2508 1357 2554 dixit,
1383 2520 1460 2547 Deus
1474 2522 1515 2548 est
1535 2519 1583 2555 qui
1598 2508 1714 2546 remittit

81 2561 158 2595 μεῖζον
173 2556 220 2598 ἦν,
236 2574 246 2588 ι
263 2561 331 2594 Θεὸς
349 2563 363 2590 6
384 2562 504 2592 δικαιῶν.
522 2574 535 2588 ν
552 2561 599 2598 Μὴ
618 2560 705 2591 τοίνυν
719 2559 831 2601 φοϐώμει

966 2569 1024 2592 cata
1037 2574 1045 2594 :
1058 2572 1166 2599 verum,
1180 2564 1253 2601 quod
1267 2563 1356 2592 multo
1373 2563 1463 2600 majus
1474 2567 1543 2598 erat,
1561 2575 1575 2588 ι
1590 2565 1666 2591 Deus
1675 2567 1716 2591 est

81 2603 139 2639 μήτε
169 2605 228 2640 τοὺς
255 2607 444 2646 πειράζοντας,
482 2605 550 2645 μήτε
577 2605 636 2639 τοὺς
675 2605 831 2640 ὀνειδίζοντα

972 2609 1114 2646 justiﬁcat.
1135 2618 1149 2636 η
1163 2611 1203 2638 Ne
1218 2609 1300 2645 igitur
1310 2613 1467 2637 metuamus
1478 2615 1566 2643 neque
1581 2609 1715 2636 tentantes

81 2648 140 2683 θεὸς
162 2650 213 2690 γὰρ
237 2650 390 2691 ἐξελέξατο,
412 2651 458 2681 καὶ
483 2650 600 2685 δικαίους
622 2650 731 2687 εποίησε
747 2660 755 2667 ·
783 2650 828 2680 καὶ

966 2661 1003 2690 ue
1022 2654 1225 2690 exprobrantes.
1250 2655 1322 2683 Nam
1332 2655 1407 2682 Deus
1421 2653 1503 2689 elegit
1517 2656 1544 2680 et
1554 2651 1716 2687 justiﬁcavit

81 2692 207 2725 ἀποθανὼν
224 2695 290 2737 ὑπὲρ
305 2698 382 2736 ἡμῶν
394 2718 402 2735 ,
416 2696 517 2736 μᾶλλον
532 2695 561 2726 δὲ
575 2695 621 2726 καὶ
637 2694 770 2735 ἀναστὰς,
793 2696 831 2736 XF

960 2706 985 2726 ιε
1001 2698 1061 2728 etis
1073 2699 1120 2735 qui
1134 2703 1263 2728 mortuus
1285 2703 1327 2728 est
1350 2707 1401 2735 pro
1415 2697 1506 2732 nobis,
1523 2697 1581 2725 imo
1605 2695 1653 2733 qui
1681 2699 1710 2725 et

764 2758 858 2789 Variae
879 2757 1028 2788 lectiones.

110 2817 121 2834 ⁸
131 2817 291 2849 ἰιιοανίστατα
303 2830 330 2851 o.
368 2821 379 2839 ⁵
388 2821 422 2854 ὥς
435 2829 462 2851 ο.
499 2821 601 2860 ⁶λίγων
615 2829 643 2851 o.
680 2820 716 2843 ⁷-⁸
729 2820 805 2850 αὐτοῦ
819 2829 845 2851 ο.

689 2820 716 2843 ⁷-⁸
729 2820 805 2850 αὐτοῦ
819 2829 845 2851 ο.
884 2821 923 2848 ὅτι
936 2821 981 2848 τοῦ
991 2819 1052 2847 Υῐοΰ
1064 2819 1127 2848 ἰδίου
1142 2827 1180 2849 m.
1218 2819 1230 2837 ⁰
1241 2821 1285 2847 τοῦ
1296 2819 1386 2856 φύντος
1399 2827 1439 2848 m.
