1901 3077
179 182 230 212 455

658 179 915 212 THEOPHYLACTI
934 181 1113 212 BULGARUE
1131 182 1289 214 ARCHIEP.

1772 187 1828 215 456

177 247 337 281 resurrexit,
352 245 481 274 Christus
494 249 536 274 est
562 245 648 274 Filius
662 246 708 274 ille
724 247 787 275 Dei.
804 246 874 282 Quis
889 247 952 283 igitu

1063 247 1086 280 ές
1104 248 1174 278 ἐστιν
1198 251 1212 277 ὁ
1227 249 1290 283 Υἱὸς
1305 251 1350 279 τοῦ
1375 251 1457 281 Θεοῦ.
1486 249 1536 283 Τίς
1555 242 1600 279 οὖν
1622 251 1635 278 ὁ
1658 250 1825 290 χαταιιρίνων

178 291 374 320 condemnabit
386 295 464 319 tanta
479 291 564 327 gloria
585 291 702 320 donatos
715 299 747 320 ac
761 291 904 328 dignatas?

216 348 229 361 τι
246 336 300 373 Qui
311 340 352 365 est
376 336 411 364 ad
429 336 572 364 dexteram
588 336 650 370 Dei,
663 337 710 373 qui
722 337 804 365 etiam
819 337 976 373 interpellat

180 389 230 417 pro
243 381 332 409 nobis.
342 393 355 406 ιι
370 396 406 401 —
428 392 440 406 α
455 381 611 417 Iuterpellat
624 389 673 417 pro
694 381 773 410 nobis
784 402 792 415 ,
819 393 833 407 ι
849 381 930 416 dixit,
944 385 976 409 ut

181 426 285 455 Christi
299 434 362 462 erga
374 434 426 454 nos
449 425 626 454 dilectionem
655 430 876 455 commonstret:
902 426 977 463 quod

178 470 287 500 etiamsi
298 479 329 499 ea
343 479 404 507 quae
426 470 461 498 ad
474 471 597 507 corporis
610 471 650 499 sui
664 471 894 508 dispensationem
913 479 974 508 per-

177 516 297 544 tinerent
314 515 484 551 adimplevit,
501 516 623 543 amicum
649 519 744 544 tamen
758 520 785 544 et
809 516 974 544 clementem

177 569 258 589 suum
278 568 342 596 erga
354 568 406 588 nos
426 559 558 588 affectum
577 560 701 588 nondum
725 560 862 596 dissolvit,
876 569 972 589 verum

177 605 257 641 quasi
271 605 377 641 legatus
389 612 439 641 pro
455 605 536 633 nobis
551 604 713 633 intercedit:
731 604 784 633 hoc
798 606 875 634 enim
889 606 972 641 signi-

179 650 245 678 ﬁcat
268 649 426 685 ἔντυγχάνει.
449 650 520 678 Nam
534 650 586 678 ista
600 650 683 678 dictio
709 650 853 686 Unigeniti
878 651 973 686 gloriae

179 694 394 722 diminutionem
415 702 590 731 nequaquam
617 694 709 723 infert.
726 696 800 723 Nam
818 703 881 723 cum
897 695 972 731 prius

177 739 305 774 dixisset,
322 751 334 764 α
350 739 403 774 Qui
431 743 473 767 est
494 739 528 767 ad
540 739 668 768 dextram
692 740 742 767 Dei
764 752 777 764 ιο
803 739 896 776 (quod
910 747 971 768 ma-

171 784 278 821 jestatis
301 784 359 820 ejus
372 788 414 812 est
437 784 602 818 indicium),
617 784 708 812 intulit
729 784 835 818 deinde,
852 796 864 808 α
883 785 971 813 inter-

176 829 279 865 pellat:
298 841 311 854 »
328 828 395 856 nihil
417 829 490 857 aliud
511 837 560 865 per
583 829 637 857 hoc
656 829 784 863 innuens,
813 837 910 865 quam,
932 829 973 857 uti

174 874 279 902 dictum
289 877 341 907 est,
357 874 416 910 ejus
431 881 495 910 erga
515 881 567 902 nos
578 873 754 902 dilectionem
770 885 777 902 :
802 874 972 910 quandoqui-

1029 291 1089 327 τοὺς
1102 293 1233 329 τοσαύτης
1248 293 1322 330 δόξης
1337 293 1511 332 ἀξιωθένταςς

1070 351 1082 364 ιι
1097 336 1148 371 ⁸ος
1162 337 1208 367 καὶ
1224 337 1293 368 ἔστιν
1311 341 1337 368 ἓν
1360 339 1432 379 δεξιᾷ
1447 342 1493 369 τοῦ
1512 341 1602 376 Θεοῦ,
1618 338 1646 373 ὃς
1664 339 1711 369 καὶ
1737 340 1828 379 ἐντυγ-

1027 381 1105 424 χάνει
1116 370 1183 422 ὑπὲρ
1198 385 1285 422 ἡμῶν,
1302 397 1314 409 1
1333 370 1427 420 ΤδξιεΙ
1439 370 1616 424 Ἐντυγχάνει
1630 370 1698 424 θπὲρ
1716 370 1829 422 ἡμῖν’.-

1028 421 1100 456 εἶπεν
1110 449 1118 463 ,
1134 421 1178 456 ἵνα
1198 427 1267 466 δείξῃ
1282 428 1330 464 τὴν
1346 428 1411 468 πρὸς
1425 431 1496 467 ἡμᾶς
1511 421 1618 468 ἀγᾶπην
1633 421 1828 468 τοῦ-Χριστοῦ·

1027 470 1067 500 ὅτι
1081 471 1169 501 καίτοι
1189 472 1222 501 τὰ
1243 475 1290 508 τῆς
1312 475 1468 511 σωματικῆς
1488 473 1640 512 οἰκονομίας
1663 472 1827 512 πληρώσας⁷

1027 516 1056 545 οὖ
1083 516 1210 547 κατέλυσε
1236 517 1284 554 τὴν
1310 518 1370 557 περὶ
1393 521 1466 556 ἡμᾶς
1494 519 1680 559 φιλάνθρωπον
1709 518 1825 558 σχέσιν,

1027 560 1097 590 ἀλλὰ
1112 561 1253 602 πρεσϐεύει
1271 562 1337 602 ὑπὲρ
1348 564 1425 601 ἡμῶν
1439 575 1446 581 ·
1461 565 1538 592 τοῦτο
1553 563 1604 603 γὰρ
1620 562 1663 600 τὸ,
1679 577 1691 589 ιι
1709 562 1828 600 Ἐντυγ-

1025 605 1112 645 χοίνει.
1130 619 1142 632 ιι
1158 608 1199 636 Οὐ
1214 606 1266 647 γὰρ
1283 608 1368 644 δήπου
1380 607 1524 637 ἐλάττωσιν
1540 609 1586 643 τῆς
1598 611 1643 637 τοῦ
1659 610 1828 646 Μονογενοῦς

1027 650 1101 686 δόξης
1115 651 1216 690 εἰσάγει
1227 653 1244 687 ἡ
1265 651 1331 686 λέξις
1354 651 1433 687 αὕτη.
1455 652 1589 692 Πρότερον
1605 652 1657 692 γὰρ
1678 651 1762 682 εἰπὼν
1777 651 1807 680 τὸ
1818 675 1827 687 ,

1027 708 1039 720 σι
1054 694 1105 728 Ὅς
1120 697 1191 725 ἔστιν
1208 697 1233 724 ἐν
1251 695 1321 737 δεξιᾷ
1344 699 1389 726 τοῦ
1405 698 1475 727 Θεοῦ
1498 697 1522 715 ⁸ο
1533 711 1544 722 ν
1571 696 1654 737 (ὅπερ
1668 699 1716 733 τῆς
1736 708 1830 735 μεγα-

1025 740 1160 776 λειότητός
1183 742 1253 770 ἐστιν
1270 743 1350 770 αὐτοῦ
1375 741 1564 780 ἐνδεικτικὸν),
1587 741 1626 771 διὸ
1651 741 1698 771 καὶ
1716 741 1738 758 ¹¹
1758 741 1829 777 ἐπή-

1026 796 1092 823 γαγε
1113 785 1164 821 τὸ,
1191 799 1202 811 ι
1230 785 1404 826 Ἐντυγχάνει
1433 798 1439 804 ·
1473 786 1545 816 οὐδὲν
1572 785 1637 815 ἄλλο
1663 787 1753 822 δηλῶν
1785 785 1831 815 διὰ

1026 832 1104 859 τοῦτο
1173 829 1216 859 διὰ
1234 830 1327 860 τούτου
1338 832 1348 870 ]
1359 854 1366 870 ,
1379 830 1406 866 ἢ,
1423 832 1458 864 ὡς
1475 831 1594 871 εἴρηται,
1605 830 1653 867 τὴν
1669 831 1735 871 πρὸς
1755 832 1831 869 ἡμᾶς

1028 874 1154 911 ἀγάπην·
1181 875 1238 904 ἐπεὶ
1254 875 1301 904 καὶ
1324 875 1385 915 περὶ
1409 878 1454 904 τοῦ
1478 875 1584 915 Πατρὸς
1605 875 1725 915 εἴρηται,
1752 889 1763 901 α
1780 875 1832 908 Ὡς

173 919 238 947 dem
249 922 277 946 et
294 918 328 946 de
339 909 420 946 Patre
431 917 536 946 dictum
546 919 592 952 sit,
607 930 619 942 ιι
634 919 778 954 Tanquam
791 909 851 946 Deo
871 909 952 947 exhior

1063 921 1071 947 ῖ
1093 909 1164 949 Θεοῦ
1187 909 1406 959 παρακαλοῦντος
1431 920 1465 948 δι’
1487 909 1575 958 ἡμιτίν.
1588 933 1601 946 ι
1622 909 1691 960 ’Ἆρα
1717 909 1766 949 οῦν
1783 920 1830 949 διὰ

173 967 249 992 tante
262 971 311 1000 per
322 963 380 991 Nos
394 967 416 991 ⁸.
432 975 445 988 ν
462 963 607 1000 Numquid
619 963 701 999 igitur
712 964 798 1000 gloria
811 963 862 991 Dei
882 963 974 991 immi-

171 1009 276 1043 nuitur,
290 1009 351 1044 quia
378 1008 619 1042 exhortatur,sive
631 1008 754 1036 obsecrat
771 1008 785 1035 ἵ
811 1008 867 1036 imo
884 1008 973 1044 potius

172 1053 318 1082 ineffabilia
338 1053 425 1089 ipsius
445 1061 509 1089 erga
531 1061 583 1081 nos
609 1061 682 1081 cum
698 1057 893 1089 argumentum
918 1057 971 1081 est.

173 1097 306 1126 Nonnulli
319 1102 424 1132 autem,
452 1107 467 1124 (ι
482 1097 640 1134 Interpellat
661 1106 710 1134 pro
723 1097 814 1132 nobis,
829 1109 842 1122 »
865 1098 905 1126 sic
928 1098 970 1126 in-

171 1143 348 1178 tellexerunt,
363 1142 437 1179 quod
451 1147 587 1178 quatenus
601 1150 700 1179 corpus
714 1142 796 1176 ferat,
813 1150 864 1170 nec
885 1142 970 1179 depo-

173 1188 260 1216 suerit
275 1188 366 1223 ipsum
381 1189 390 1221 (
407 1187 445 1216 uti
461 1187 603 1216 Manichaei
623 1189 776 1224 nugautur)
797 1187 864 1216 illud
879 1187 970 1223 ipsum

171 1240 230 1260 esse
248 1232 496 1268 interpellationem
520 1237 547 1260 et
559 1232 783 1261 intercessionem
798 1232 832 1260 ad
847 1234 967 1261 Patrem.

171 1280 283 1306 intuens
294 1277 367 1305 enim
380 1278 406 1305 in
430 1277 496 1305 illud
510 1278 603 1311 Pater,
618 1277 779 1306 recordatur
792 1277 968 1306 dilectionem

170 1330 232 1358 erga
246 1322 388 1356 mortales,
400 1327 511 1358 propter
533 1330 617 1358 quam
633 1323 748 1358 gestavit
767 1330 865 1358 corpus
882 1322 969 1350 Filius

170 1375 264 1401 sanus,
281 1372 363 1403 atque
376 1367 416 1395 ita
428 1367 463 1395 ad
478 1366 684 1395 miserationem
698 1372 726 1395 et
747 1366 968 1395 misericordiam

170 1412 331 1441 inﬂectitur.
347 1412 415 1440 Haec
425 1416 517 1440 autem
528 1413 640 1446 Paulus,
652 1415 684 1439 ut
695 1419 884 1448 saepenumero
899 1411 969 1439 indi-

170 1457 239 1491 cavi,
260 1457 322 1485 ideo
346 1456 428 1491 dixit,
453 1460 486 1484 ut
499 1455 611 1484 afﬂictis
633 1456 759 1484 animum
773 1456 866 1490 addat,
884 1464 967 1484 mon-

169 1505 301 1538 stretque,
324 1501 399 1538 quod
413 1505 442 1529 et
460 1501 577 1537 Spiritus
592 1509 641 1537 pro
660 1501 740 1529 nobis
762 1500 921 1536 intercedat,
937 1509 969 1530 ac

1025 967 1102 993 τοῦτο
1116 963 1269 1000 ἠλάττωται
1284 967 1300 1000 ἡ
1319 964 1380 999 δόξα
1400 967 1445 994 τοῦ
1463 965 1551 1002 Θεοῦ,
1571 964 1637 994 διότι
1651 965 1830 1005 παρακαλεῖ;

1026 1007 1106 1038 Ἀλλὰ
1130 1008 1235 1042 πάντως
1258 1011 1306 1045 τῆς
1336 1010 1439 1048 ἀφθίτου
1469 1009 1530 1049 περὶ
1562 1011 1635 1048 ἡμᾶς
1665 1009 1831 1048 κηδεμονίας

1025 1053 1181 1083 ἐνδεικτικόν
1198 1054 1254 1083 ἐστι
1275 1056 1363 1084 τοῦτο.
1391 1053 1468 1088 Τινὲς
1494 1053 1522 1083 δὲ
1543 1053 1592 1090 τὸ,
1622 1068 1634 1081 ι
1647 1053 1831 1094 Ἐντυγχάνιι

1025 1098 1090 1139 ὑπὲρ
1105 1100 1181 1137 ἡμῶν
1191 1122 1200 1136 ,
1213 1112 1224 1124 ι
1247 1098 1328 1132 οὕτως
1341 1098 1450 1136 ἐνόησαν
1462 1123 1469 1137 ,
1486 1098 1526 1128 ὅτι
1540 1099 1606 1129 καθὸ
1620 1098 1650 1128 τὸ
1665 1100 1746 1138 σῶμα
1772 1111 1828 1140 φο-

1026 1147 1075 1182 ρεῖ,
1086 1143 1132 1172 καὶ
1144 1145 1191 1173 οὐκ
1204 1143 1316 1173 ἀπέθετο
1333 1143 1408 1180 αὐτὸ,
1425 1145 1460 1178 ὣς
1472 1144 1496 1173 οἱ
1515 1146 1662 1184 Μανιχαῖοι
1675 1144 1805 1184 ληροῦσιν
1818 1167 1828 1183 ,

1025 1188 1087 1218 αὐτὸ
1101 1190 1179 1218 τοῦτο
1203 1189 1332 1228 πρεσϐεία
1358 1188 1415 1218 ἐστὶ
1431 1188 1476 1218 καὶ
1492 1188 1603 1224 ἔντευξις
1617 1189 1682 1229 πρὸς
1702 1189 1746 1218 τὸν
1762 1190 1827 1220 Πα-

1023 1232 1096 1272 τέρα.
1116 1233 1228 1263 Βλέπων
1252 1232 1303 1273 γᾶρ
1319 1233 1383 1263 αὐτὸ
1408 1234 1422 1262 ὁ
1445 1233 1561 1273 ﬂat-iga,
1588 1234 1829 1272 ἀναμιμνήσκεται

1023 1279 1070 1313 ἧς
1096 1278 1160 1318 πρὸς
1187 1277 1339 1317 ἀνθρώπους
1369 1278 1489 1319 ἀγάπης,
1521 1278 1556 1307 δι’
1582 1278 1615 1314 ἢν
1644 1278 1760 1319 ἐφόρησε
1794 1279 1829 1308 τὸ

1024 1324 1103 1361 σῶμα
1125 1324 1139 1351 ὁ
1153 1323 1215 1356 Υἱὸς
1230 1323 1326 1361 αὖτοῦ,
1343 1322 1389 1352 καὶ
1405 1324 1442 1357 εἷς
1456 1318 1543 1353 οἶκτον
1567 1323 1638 1352 νεύει
1663 1318 1710 1352 καὶ
1735 1323 1825 1353 ἔλεον.

1022 1368 1116 1397 Ταῦτα
1132 1365 1160 1397 δὲ
1178 1367 1250 1407 λέγει
1265 1369 1279 1397 ὁ
1293 1368 1399 1401 Παῦλος
1409 1390 1418 1404 ,
1434 1366 1500 1408 ὅπερ
1513 1367 1643 1402 πολλάκις
1661 1363 1746 1404 εἷπον,
1763 1367 1830 1402 τοὺς

1022 1411 1192 1451 θλιϐομένους
1223 1412 1477 1452 παραμυθούμενος,
1498 1412 1544 1442 καὶ
1564 1412 1690 1442 δεικνύων
1716 1414 1827 1450 αὐτοῖς,

1020 1454 1060 1485 ὅτι
1076 1457 1162 1487 καὶτὸ
1179 1458 1293 1495 Πνεῦμα
1309 1455 1374 1497 ὑπὲρ
1389 1459 1466 1496 ἡμῶν
1477 1457 1646 1497 ἐντυγχάνει,
1662 1457 1708 1486 καὶ
1722 1459 1737 1486 ὁ
1752 1459 1819 1488 Πα-

1020 1501 1070 1542 τὴρ
1092 1504 1140 1530 τοῦ
1166 1501 1232 1531 ἰδίου
1257 1502 1322 1531 Υῐοῦ
1342 1501 1409 1542 ὓπὲρ
1424 1504 1501 1540 ἡμῶν
1520 1502 1567 1532 οὐκ
1590 1501 1732 1543 ἐφείσατο,
1749 1502 1826 1531 ἄλλα

169 1546 243 1581 quod
261 1548 341 1574 Pater
356 1545 468 1582 proprio
482 1545 551 1574 Filio
567 1553 617 1574 suo
631 1553 681 1582 pro
693 1545 777 1574 nobis
790 1554 848 1574 non
869 1553 952 1582 peper

1063 1568 1065 1573 .
1080 1546 1235 1575 ἐδικαίωσεν
1255 1547 1326 1585 ἡμᾶς
1346 1546 1391 1576 καὶ
1409 1546 1533 1583 ἐδόξασε,
1552 1546 1598 1575 καὶ
1618 1548 1633 1575 ὁ
1651 1547 1715 1580 Υἱὸς
1731 1547 1825 1586 ἐντυγ-

170 1590 250 1624 cerit,
267 1590 314 1618 sed
324 1590 482 1626 justiﬁcarit
492 1594 519 1618 et
528 1589 687 1626 glorificarit
694 1598 756 1625 nos,
766 1598 799 1619 ac
808 1590 894 1619 Filius
909 1591 967 1627 ejus

169 1635 322 1671 interpellet
336 1643 386 1670 pro
398 1635 481 1663 nobis
502 1643 508 1660 :
521 1635 593 1663 unde
604 1635 731 1671 deinceps
745 1643 804 1663 non
814 1636 965 1672 desponde-

170 1680 234 1708 bitis
246 1679 383 1714 animum,
398 1687 486 1715 neque
501 1679 592 1708 animo
608 1679 769 1708 coneidetis.

203 1725 291 1752 Vsus.
303 1727 347 1752 35.
366 1735 378 1748 α
399 1724 468 1760 Quis
484 1732 536 1752 nos
546 1724 684 1761 separabit
703 1733 718 1753 a
730 1724 877 1753 dilectione
890 1725 942 1753 Dei
955 1727 966 1753 Ρ

170 1768 225 1804 65
254 1768 415 1803 Tribulatio,
444 1777 481 1797 an
506 1769 643 1805 angustia,
669 1777 704 1797 an
741 1770 904 1805 persecutio,
929 1778 966 1798 an

167 1814 268 1848 fames,
292 1821 326 1842 an
339 1813 508 1848 nuditas,au
533 1814 694 1850 periculum,
714 1823 750 1842 an
778 1814 886 1850 gladius
909 1817 922 1844 Ρ
952 1826 966 1839 ι

165 1860 234 1887 Cum
249 1858 464 1887 demonstrasset
485 1858 658 1887 ineffabilem
683 1859 859 1888 dilectionem
879 1860 966 1889 Patris

167 1908 192 1931 et
208 1903 265 1932 Filii
280 1908 309 1932 et
328 1904 446 1940 Spiritus
463 1904 549 1932 sancti
570 1904 643 1932 circa
663 1911 727 1938 nos,
749 1905 832 1933 veluti
844 1904 904 1940 jam
921 1903 965 1932 di—

166 1949 230 1976 vino
248 1950 363 1977 numine
387 1948 498 1977 afﬂatus
513 1948 659 1983 exclamat,
673 1958 688 1975 ((
700 1949 767 1985 Quis
782 1957 833 1977 nos
852 1957 965 1985 separa-

167 1993 208 2022 bit
218 2001 233 2021 a
253 1994 398 2022 dilectione
414 1993 466 2021 Dei
481 1996 520 2022 in
534 1993 609 2021 Adeo
623 1993 696 2021 enim
711 1993 852 2027 dilectum,
870 1998 964 2022 tanta-

167 2045 219 2073 que
232 2037 373 2073 dignatum
392 2037 574 2073 providentia,
589 2037 659 2065 nihil
675 2041 717 2065 est
736 2038 811 2073 quod
834 2045 963 2074 separare

167 2081 262 2118 possit.
289 2081 489 2110 Tribulationis
522 2085 615 2109 autem
636 2085 664 2109 et
697 2082 830 2117 angustia:
852 2083 964 2112 nomine

166 2126 324 2162 complexus
336 2130 378 2154 est
392 2126 492 2154 'omnia
516 2133 687 2162 quaecunque
707 2125 827 2163 afﬂigere
850 2131 961 2164 queant,

166 2171 274 2199 etiamsi
287 2179 318 2199 ea
336 2171 476 2207 sigillatim
490 2179 546 2199 non
568 2171 782 2200 enumeraverit.

201 2217 292 2245 Vsns.
307 2219 351 2244 36.
367 2227 380 2240 ιι
393 2215 468 2244 Sicut
482 2216 616 2252 scriptum
631 2220 672 2244 est
687 2225 694 2244 :
710 2217 826 2253 Propter
846 2220 874 2246 te
888 2225 964 2246 mor-

167 2261 305 2290 tiﬁcamur
331 2265 390 2289 toto
413 2260 457 2289 die

165 2309 326 2337 mactationi
339 2308 493 2337 destinatae.
513 2317 524 2334 ν
540 2308 581 2336 Ne
596 2307 720 2337 videatur
736 2308 852 2338 afﬂictio
865 2313 894 2337 et
913 2318 964 2338 an-

165 2353 256 2390 gustia
270 2353 379 2390 signum
397 2361 458 2381 esse
482 2353 581 2381 divinae
595 2353 792 2389 derelictionis,
812 2353 918 2390 profert
933 2355 963 2383 in

167 2398 292 2426 medium
312 2397 483 2435 prophetam,
495 2398 541 2434 qui
552 2398 611 2434 jam
630 2403 711 2426 antea
731 2399 790 2427 hac
803 2399 964 2428 vaticinatus

166 2443 215 2478 sit,
236 2443 444 2479 maximamque
468 2443 685 2471 consolationem
701 2443 879 2472 subindicarit
903 2452 964 2473 esse

167 2495 216 2524 pro
230 2487 281 2516 Dei
300 2487 387 2524 gloria
400 2487 466 2524 pati,
482 2488 523 2515 vel
540 2487 632 2524 potius
644 2487 735 2516 occidi
750 2492 841 2516 totum
863 2488 941 2517 diem
954 2498 962 2518 :

167 2532 242 2570 quod
250 2540 314 2561 sane
329 2533 361 2560 ﬁt
379 2532 465 2561 animi
479 2533 621 2560 voluntate
636 2536 665 2560 et
693 2533 845 2569 proposito;
858 2538 964 2563 natum

165 2585 286 2615 namque
299 2578 352 2606 hoc
359 2582 402 2606 est
411 2577 589 2614 impossibile.
603 2577 699 2606 Occidi
714 2582 805 2606 autem
816 2583 858 2607 est
867 2578 963 2608 offerri

162 2627 191 2652 et
217 2623 332 2652 mactari
346 2626 404 2652 Deo
422 2631 430 2650 :
452 2622 525 2651 istud
547 2622 622 2651 enim
644 2622 804 2652 subindicat
834 2631 883 2660 per
910 2624 964 2654 hoc

200 2725 212 2740 °
225 2724 238 2752 Ι
253 2723 318 2752 Cor.
332 2730 360 2759 ν,
376 2725 421 2751 20.

1019 1590 1095 1631 χάνει
1115 1590 1181 1632 ὑπὲρ
1203 1592 1292 1630 ἡμῶν.
1318 1591 1372 1622 Καὶ
1396 1592 1488 1622 λοιπὸν
1508 1592 1538 1621 οὗ
1560 1592 1599 1621 δεῖ
1614 1593 1687 1631 ἡμᾶς
1709 1591 1826 1631 ἀθυμεῖν

1021 1635 1066 1665 καὶ
1087 1635 1274 1667 καταπίπτειν.

1060 1739 1073 1752 ι
1088 1724 1137 1759 Τίς
1151 1728 1224 1765 ἡμᾶς
1245 1725 1357 1766 χωρίσει
1379 1725 1432 1755 ἀπὸ
1454 1728 1501 1762 τῆς
1525 1725 1632 1765 ἀγάπης
1652 1728 1699 1756 τοῦ
1723 1726 1821 1763 Θεοῦ;

1020 1770 1132 1811 Θλῖψις,
1150 1770 1167 1806 ἢ
1183 1770 1362 1811 στενοχωρία,
1373 1769 1390 1806 ἢ
1403 1771 1479 1810 λιμὸς
1492 1794 1499 1808 ,
1525 1770 1542 1807 ἢ
1557 1770 1671 1810 διωγμὸς
1681 1794 1688 1807 ,
1707 1771 1819 1811 [vulg.

1020 1815 1093 1846 add.
1110 1815 1146 1855 ἢ]
1162 1815 1307 1855 γυμνότης,
1330 1815 1348 1851 ἣ
1366 1816 1496 1853 κίνδυνος,
1520 1814 1537 1852 ἢ
1563 1816 1702 1856 μάχαιρα;
1716 1828 1729 1843 ι
1750 1816 1824 1847 Μεθ’

1019 1859 1033 1889 ὃ
1047 1859 1127 1894 ἔδειξε
1147 1860 1194 1895 τὴν
1211 1861 1310 1901 ἄφατον
1324 1861 1432 1901 ἀγάπην
1444 1863 1489 1890 τοῦ
1505 1860 1612 1901 Πατρὸς
1630 1860 1676 1890 καὶ
1691 1864 1737 1891 τοῦ
1749 1861 1820 1891 Υἱοῦ

1019 1904 1125 1934 καὶτοῦ
1148 1905 1225 1944 ἆγίου
1248 1904 1406 1944 Πνεύματος
1427 1905 1488 1946 περὶ
1503 1907 1588 1944 ἡμᾶς,
1605 1905 1697 1945 ὥσπερ
1722 1907 1817 1935 ἔνθου-

1019 1954 1081 1989 σιᾷ,
1096 1949 1142 1979 καί
1163 1961 1227 1990 φησι
1241 1961 1248 1969 ·
1264 1963 1276 1976 α
1291 1950 1340 1984 Τίς
1354 1952 1427 1989 ἡμᾶς
1447 1949 1558 1991 χωρίσει
1581 1949 1635 1980 ἀπὸ
1650 1952 1697 1986 τῆς
1711 1949 1822 1988 ἀγάπης

1018 1996 1064 2023 τοῦ
1088 1995 1176 2032 Θεοῦ;
1194 2008 1205 2020 ι
1227 1994 1281 2025 Τὸν
1309 1994 1360 2035 γὰρ
1385 1994 1466 2028 οὕτως
1487 1993 1680 2033 ἀγαπηθέντα,
1701 1994 1748 2024 καὶ
1770 2007 1821 2024 το-

1017 2037 1116 2073 σαύτης
1134 2039 1277 2073 ἀξιωθέντα
1300 2039 1424 2079 προνοίας
1435 2063 1442 2075 ,
1455 2039 1529 2069 οὐδέν
1543 2040 1614 2069 ἔστιν
1639 2039 1654 2068 ὃ
1667 2040 1819 2075 διαστῆσαι

1017 2083 1157 2120 δυνήσεται
1174 2084 1208 2114 ¹².
1222 2085 1270 2124 Τῷ
1291 2086 1338 2120 τῆς
1363 2083 1475 2124 θλίψεως
1494 2082 1522 2113 δὲ
1539 2083 1668 2124 ὀνόματι,
1696 2083 1743 2114 καὶ
1769 2086 1819 2120 τ’ἧς

1018 2129 1209 2169 στενοχωρίας,
1224 2128 1421 2168 συμπεριέλαϐε
1436 2128 1524 2158 πάντα
1540 2130 1574 2158 τὰ
1588 2130 1712 2158 κακῶσαι
1735 2128 1821 2158 δυνά-

1018 2185 1084 2210 μενα
1094 2197 1100 2209 ,
1114 2174 1163 2202 κᾶν
1180 2173 1217 2212 μὴ
1234 2172 1441 2212 ἄπηριθμήσατο
1454 2174 1542 2206 tanta;
1555 2176 1653 2205 ταῦτα.

1060 2230 1076 2245 α
1096 2218 1193 2252 Καθὼς
1213 2217 1378 2258 γέγραπται,
1394 2217 1435 2246 ὅτι
1447 2217 1553 2247 Ἕνεκά
1567 2229 1614 2248 σου
1630 2217 1821 2257 θανατούμεθα

485 2270 492 2289 :
518 2251 644 2289 aestimati
673 2251 775 2290 sumus
797 2261 870 2290 sicut
900 2271 952 2291 ove

1063 2274 1082 2299 ιν
1091 2263 1139 2299 τὴν
1153 2251 1276 2303 ἡμέραϊ,
1290 2251 1462 2302 ἐλογίσθημεν
1476 2263 1511 2304 die
1529 2262 1652 2303 πρόϐατα
1667 2251 1782 2304 σφαγῆς.
1802 2273 1817 2292 ι

1018 2306 1079 2338 Ἵνα
1104 2307 1142 2346 μὴ
1159 2302 1219 2347 δόξῂ
1241 2307 1452 2348 ἐγκαταλείψεως
1474 2302 1594 2336 εἶναιγτὸ
1616 2302 1754 2337 θλίϐεσθαι
1772 2307 1821 2337 καὶ

1019 2355 1257 2392 στενοχωρεῖσθαι,
1272 2351 1387 2392 παράγει
1411 2351 1457 2381 καὶ
1473 2352 1518 2382 τὸν
1544 2352 1683 2393 προφήτην
1698 2363 1821 2392 προανα-

1019 2399 1153 2436 φωνοῦντα
1178 2399 1282 2434 ταῦτα,
1312 2396 1359 2426 καὶ
1385 2396 1557 2437 παράκλησιν
1591 2396 1718 2436 μεγίστην
1749 2397 1820 2427 ὓπο-

1018 2441 1169 2472 δεικνύοντα
1200 2441 1230 2471 τὸ
1263 2441 1306 2471 διὰ
1331 2442 1375 2470 τὸν
1399 2441 1468 2472 Θεὸν
1498 2441 1628 2481 πάσχειν,
1662 2442 1766 2480 μᾶλλον
1790 2441 1819 2471 δὲ

1018 2489 1193 2517 θανατοῦσθαι
1207 2486 1272 2522 ὅλην
1291 2485 1339 2522 τὴν
1354 2486 1457 2524 ἡμέραν
1469 2497 1475 2504 ·
1487 2485 1502 2515 ὃ
1517 2485 1618 2525 γίνεται
1633 2487 1667 2525 τῇ
1686 2486 1820 2526 προαιρέ-

1019 2544 1059 2562 σει
1075 2543 1081 2551 ·
1158 2530 1209 2572 γὰρ
1226 2531 1302 2572 φύσει
1326 2533 1404 2560 τοῦτο
1419 2530 1560 2561 ἀδύνατον.
1577 2531 1618 2560 Τὸ
1635 2530 1662 2560 δὲ
1685 2532 1820 2560 θανατοῦ-

1019 2580 1080 2606 σθαι
1103 2579 1180 2606 τοῦτο
1208 2575 1377 2610 θυσιάζεσθαί
1399 2576 1456 2605 ἐστι
1485 2577 1523 2616 τῷ
1546 2574 1609 2616 Θεῷ
1631 2586 1638 2594 ⁸
1662 2577 1741 2605 τοῦτο
1766 2575 1819 2614 γὰρ

1020 2620 1224 2663 αἰνίττεται-διὰ
1242 2621 1388 2662 τοῦὶεῖπεῖν
1404 2631 1411 2639 ·
1432 2634 1445 2647 ι
1461 2619 1649 2661 Ὡςξπρόϐατα
1669 2621 1811 2661 σφαγῆς.ξιι

841 2760 965 2802 ενατίκ
985 2761 1136 2794 lectiones.

200 2831 222 2849 ¹⁰
236 2832 327 2869 πατρὸς
343 2840 370 2861 o.
408 2833 429 2850 “
446 2833 493 2860 εἴθ’
510 2832 588 2864 οὕτως
601 2840 638 2861 m.
678 2832 699 2851 ¹²
713 2833 812 2860 δύναται
828 2840 870 2865 m.
