1901 3077
228 155 280 187 459

759 154 1015 186 THEOPHYLACTI
1035 155 1213 187 BULGARIE
1231 155 1391 187 ARCHlEP.

1807 159 1846 190 ιω

228 223 297 251 liora
322 222 400 257 dicit,
427 222 614 259 suspicionem
628 221 699 250 hanc
713 220 850 256 adimens,
868 221 1011 250 conﬁtetur

1069 221 1118 258 τὴν
1143 222 1268 252 ὑπόνοιαν
1291 221 1392 259 ταύτην
1417 222 1554 263 ἀναιρῶν,
1575 221 1622 252 καὶ
1637 223 1761 263 ὁμολογεῖ
1776 225 1848 258 αὐτοὺς

228 275 281 304 que
300 268 412 307 seillos
436 267 599 296 exwllenter
614 274 718 296 amare.
734 267 776 295 Ne
799 274 864 294 vero
876 271 1021 302 suspectus

226 313 371 345 habeatur,
385 319 417 339 ac
438 312 489 340 [ide
512 319 610 348 pamm
624 311 733 348 dignus,
746 322 759 335 ι
773 311 937 344 Veritatem,
955 323 968 336 υ
982 311 1021 339 in-

226 357 293 393 quit,
310 367 324 381 α
339 356 400 384 dico
414 357 443 384 in
456 356 575 390 Christo,
591 364 647 384 non
662 356 792 385 mentior.
808 368 821 381 ι
835 356 1020 392 Producitque

225 406 281 429 tres
287 401 315 428 in
327 401 529 435 testimonium,
538 401 690 434 Christum,
699 409 777 429 suam
786 401 870 438 ipsius
878 402 1020 430 conscien-

224 446 304 479 tiam,
320 450 348 474 et
362 445 495 482 Spiritum
521 450 657 480 sanctum,
685 445 856 482 inquiensu
878 446 1019 481 Quoniam

224 490 334 519 tristitia
347 491 417 519 mihi
429 495 470 519 est
482 498 594 527 magna,
608 502 622 516 ι
646 499 694 519 cor
712 499 806 519 meum
820 490 948 525 exedens,
959 492 1018 519 He-

223 536 361 564 braeorum
388 536 513 570 nomine,
539 535 613 572 quod
635 540 713 565 extra
736 536 855 573 gratiam
877 536 950 564 sint:
966 535 1019 564 hoc

222 580 296 608 enim
319 580 442 608 dicturus
467 585 519 609 est.

257 626 346 654 Vsns.
362 628 388 653 3.
407 637 418 649 ιι
435 625 559 661 Optarim
573 625 648 654 enim
662 625 720 662 ipse
734 633 784 662 ego
796 624 942 653 anathema
956 632 1016 653 esse

222 679 236 698 a
249 670 358 699 Christo
371 678 420 706 pro
436 670 565 699 fratribus
582 670 662 705 meis,
677 670 723 706 qui
739 670 808 698 mihi
819 674 886 698 sunt
907 670 1017 706 cognati

220 715 371 744 secundum
399 723 521 743 carnem.
538 727 552 740 ιι
566 715 639 751 Quid
665 715 811 744 anathema
827 715 871 748 sit,
896 715 1017 750 primum

220 761 292 789 disce
306 771 313 789 :
329 760 481 796 Separatio,
497 760 671 788 abalienatio.
687 759 928 796 Quemadmodum
943 759 1017 787 enim

220 812 322 833 munus
335 807 394 833 Deo
405 805 528 833 oblatum
537 813 620 833 nemo
637 805 718 833 audet
732 805 866 840 attingere
878 814 884 832 :
897 805 936 832 ita
952 812 1016 832 cum

219 850 457 879 excommunicato
472 850 515 887 agi
530 850 610 885 solet,
629 855 819 878 verumtamen
833 849 883 877 alia
897 849 1014 877 ratione.

1074 266 1293 307 ὑπερϐαλλόντως
1308 267 1402 307 φιλεῖν.
1419 265 1480 298 Ἵνα
1495 266 1523 296 δὲ
1538 267 1576 306 μὴ
1598 268 1751 306 ἇπιστηθῇ,
1770 269 1847 309 φησίν·

1079 311 1240 346 «Ἀλήθειαν
1266 312 1336 351 λέγω
1362 313 1388 342 ἐν
1406 313 1532 352 Χριστῷ,
1555 313 1584 342 οὗ
1610 313 1753 353 ψεύδομαι.
1771 327 1782 340 ι
1807 314 1848 344 Καὶ

1073 356 1245 397 συμπαράγει
1261 356 1285 375 ⁴⁶
1308 357 1377 397 τρεῖς
1406 357 1562 396 μάρτυρας,
1590 356 1635 387 τὸν
1661 358 1787 398 Χριστὸν,
1812 359 1848 395 τὴν

1073 402 1167 431 ἑαυτοῦ
1183 401 1348 438 συνείδησιν,
1363 401 1409 431 καὶ
1424 401 1454 431 τὸ
1471 403 1583 441 Πνεῦμα
1599 402 1631 432 τὸ
1646 402 1721 443 ἅγιον
1731 426 1740 441 ,
1754 403 1795 432 καί
1807 415 1848 443 οτη-

1073 457 1130 481 σιν,
1143 446 1183 475 ὅτι
1201 445 1281 483 Λύπη
1300 446 1345 485 μοί
1360 448 1416 475 ἐστι
1427 446 1548 486 μεγάλη,
1560 447 1737 477 κατεσθίουσά
1752 460 1796 487 μου
1813 448 1848 483 τὴν

1072 491 1203 530 καρδίαν,
1219 491 1285 532 ὑπὲρ
1304 493 1356 520 τῶν
1380 491 1536 531 Ἑϐραίων,
1561 491 1602 521 ὅτι
1627 491 1678 527 ἔξω
1702 496 1749 529 ἧς
1762 492 1849 533 χάριτος

1071 535 1198 575 γεγόνασι
1211 548 1218 555 ⁸
1233 539 1312 566 τοῦτο
1326 536 1378 577 γὰρ
1394 536 1486 575 μέλλει
1502 538 1597 566 εἰπεῖν.

1117 636 1131 654 ιι
1153 625 1286 665 Ηῦχόμην
1304 624 1356 666 γὰρ
1375 625 1454 659 αὐτὸς
1468 625 1521 665 ἐγὼ
1535 624 1659 664 ἀνάθεμα
1672 620 1740 656 εἶναι
1755 625 1801 656 ἀπὸ
1814 629 1849 657 τοῦ

1071 669 1187 709 Χριστοῦ
1210 670 1275 710 ὑπὲρ
1298 671 1350 699 τῶν
1371 671 1492 711 ἀδελφῶν
1514 681 1565 708 μου
1587 671 1642 699 τῶν
1659 672 1788 709 συγγενῶν
1809 682 1847 709 μου

1070 714 1140 744 κατὰ
1167 714 1264 754 σάρκα.
1280 726 1294 743 ι
1321 714 1358 745 Τί
1380 716 1437 744 ἐστι
1461 714 1490 744 τὸ
1506 715 1628 754 ἀνάθεμα
1651 716 1721 754 μάθε
1742 717 1848 756 πρῶτον·

1070 759 1221 800 χωρισμὸς,
1239 758 1422 799 ἀλλοτρίωσις.
1437 758 1548 799 Ὠσπερ
1568 759 1621 800 γὰρ
1637 763 1684 790 τοῦ
1701 760 1848 798 ἀναθήματος

1070 806 1117 832 τοῦ
1139 804 1326 842 ἀνατιθεμένου
1346 805 1410 844 Θεῷ
1431 805 1514 838 οὐδεὶς
1533 804 1655 845 ἅψασθαι
1676 807 1778 846 τολμᾷ,
1792 804 1847 834 οὕτω

1071 850 1178 878 καὶτοῦ
1206 848 1463 887 ἀναθεματιζομένου
1481 849 1506 873 ⁴7
1524 861 1531 868 ο
1555 848 1628 884 πλὴν
1656 849 1739 890 ἑτέρῳ
1762 849 1845 889 τρόπῳ.

217 897 300 923 Sacro
318 895 391 924 enim
413 896 522 923 muneri
534 903 616 923 nemo
631 903 690 923 sese
701 895 848 923 admovere
861 894 944 922 audet
964 893 1011 921 ho-

1068 894 1115 933 Τῷ
1130 893 1179 931 μὲν
1193 893 1244 934 γὰρ
1259 895 1321 934 ἱερῷ
1343 893 1494 931 ἀναθήματι
1518 895 1598 931 τιμῆς
1619 893 1708 924 ἕνεκεν
1726 889 1761 923 νοῦ
1777 895 1848 933 τολμᾷ

218 940 294 968 noris
305 948 388 968 causa
401 949 408 967 :
423 940 523 976 quippe
543 941 601 968 Deo
619 940 750 968 collatum
768 943 1014 975 consecratumque

218 989 277 1019 est;
291 985 325 1013 ab
344 984 397 1013 hoc
419 993 484 1013 vero
509 989 671 1020 separantur
695 993 802 1019 omnes,
821 992 871 1012 ceu
885 983 1013 1020 profano,

217 1030 456 1066 abalienatoquea
479 1032 548 1058 Deo.
574 1029 648 1065 Quid
672 1030 758 1066 igitur
784 1034 826 1057 est
848 1028 923 1065 quod
948 1028 1014 1056 dicit

218 1075 337 1103 Paulus?
349 1074 464 1103 Videtur
491 1075 567 1103 enim
583 1074 636 1103 hoc
648 1074 710 1102 loco
723 1074 889 1110 supradictis
905 1077 1014 1100 contra-

217 1119 330 1148 dicere:
353 1119 410 1148 illic
435 1119 507 1148 enim
533 1119 614 1153 dixit,
631 1131 644 1144 α
664 1121 752 1147 Nemo
777 1126 829 1147 nos
849 1117 1012 1154 separabita

216 1165 347 1194 charitate
358 1165 406 1193 Dei
422 1175 429 1193 :
443 1176 457 1190 ι
466 1165 525 1201 jam
540 1172 614 1193 nunc
629 1172 693 1193 vero
717 1168 813 1200 optare
835 1171 865 1192 se
882 1163 930 1197 ait,
946 1166 978 1191 ut
996 1170 1012 1190 a

217 1209 326 1238 Christo
347 1213 497 1246 separetur.
526 1209 642 1237 Videtur
666 1217 731 1245 ergo
752 1207 890 1236 contraria
908 1207 1010 1242 dicere,

216 1255 263 1283 sed
275 1263 332 1283 non
346 1254 384 1282 ita
398 1263 428 1282 se
442 1263 485 1282 res
500 1254 592 1288 habet,
608 1253 837 1290 quandoquidem
850 1257 878 1281 et
896 1252 948 1280 hoc
961 1259 1011 1288 pro

216 1299 348 1328 charitate
371 1300 421 1327 Dei
434 1299 518 1328 dicat.
535 1300 605 1327 Cum
625 1299 699 1327 enim
720 1306 819 1326 omnes
833 1299 923 1326 Deum
934 1304 1012 1324 accu-

215 1349 318 1379 sarent,
332 1344 407 1381 quod
419 1344 555 1372 Hebrams
567 1343 715 1379 adoptione
728 1343 857 1376 donatos,
873 1341 1011 1379 gloriﬁca-

216 1393 324 1425 tosque,
339 1389 464 1425 adeoque
474 1389 591 1425 majores
602 1388 703 1416 Christi
716 1388 878 1424 appellatos.
889 1387 1009 1423 ejiceret,

215 1434 417 1470 ignominiaque
430 1433 561 1467 afﬁceret,
574 1438 658 1469 atque
678 1434 707 1460 in
719 1433 829 1461 illorum
843 1433 936 1460 locum
951 1438 1011 1467 gen-

215 1483 266 1513 tes,
281 1487 345 1515 quae
358 1479 450 1514 ipsum
471 1486 614 1513 nunquam
625 1477 798 1514 agnovissent
808 1477 876 1512 67,
900 1475 1010 1504 induce-

214 1528 273 1552 ret:
290 1524 403 1560 ejusque
422 1523 606 1551 Providentiaz
625 1522 868 1550 obmurmurarent
889 1529 921 1550 ac
942 1521 1011 1549 blas-

215 1569 388 1605 phemarent,
415 1568 494 1604 quasi
526 1568 585 1596 haec
610 1567 712 1604 injuste
737 1567 844 1601 ﬁerent,
880 1571 908 1595 et
935 1568 1011 1595 Deus

215 1614 338 1649 ipsorum
354 1612 586 1649 progenitoribus,
602 1612 703 1648 quibus
723 1612 781 1648 ipsa
803 1611 876 1640 dona
902 1611 1012 1647 pollice-

215 1659 304 1692 batur,
317 1658 504 1694 imposuerat:
520 1665 640 1686 mmrens
649 1658 742 1693 itaque
754 1657 865 1692 Paulus,
876 1657 1009 1692 anxieque

214 1707 306 1731 motus
324 1706 352 1730 et
371 1710 480 1730 morsus
495 1710 544 1738 pro
560 1702 609 1730 Dei
622 1702 718 1738 gloria.
733 1702 839 1738 optavit
852 1701 1008 1735 anathema,

213 1747 240 1776 id
251 1751 303 1781 est,
316 1746 481 1775 abalienatus
495 1754 555 1775 esse
567 1755 583 1775 a
597 1747 717 1782 Christo,
733 1751 763 1775 ut
772 1747 811 1774 illi
823 1750 1008 1781 servarentur,

213 1793 458 1829 dissolvereturque
476 1800 574 1821 eorum
592 1791 722 1820 adversus
737 1793 826 1820 Deum
846 1791 1010 1820 maledicen-

211 1837 260 1866 tia.
270 1837 367 1866 Viden’
374 1837 458 1874 igitur
464 1837 539 1874 quod
551 1845 585 1866 ex
593 1845 689 1866 amore
699 1845 754 1873 quo
764 1837 793 1865 in
802 1839 892 1865 Deum
900 1836 1008 1865 inﬂam-

213 1886 302 1911 matus
320 1887 371 1917 est,
399 1886 475 1919 optat
499 1882 521 1910 si
544 1881 630 1911 modo
652 1882 710 1910 ﬁeri
730 1882 827 1918 possit,
848 1880 969 1917 separari
993 1888 1009 1908 a

210 1932 283 1956 cmtu
294 1936 391 1956 eorum
407 1928 531 1963 quicum
549 1927 660 1956 Christo
675 1931 810 1956 aeternum
824 1926 914 1954 vivent
924 1927 935 1954 ι
945 1927 1009 1954 Non

210 1981 225 2001 a
253 1972 383 2001 charitate
410 1972 508 2008 ipsius,
533 1971 583 2000 sed
603 1971 690 2007 gloria
727 1971 825 2007 ipsius,
858 1975 886 1999 et
913 1970 1009 2007 gloriae

211 2017 313 2046 fructu.
328 2016 444 2045 Perinde
468 2024 501 2044 ac
529 2019 618 2052 patres
633 2023 825 2051 saepenumero
846 2023 863 2043 a
886 2014 950 2043 ﬁliis
968 2022 1009 2043 se.

210 2065 369 2098 gregantur,
389 2064 420 2088 ut
442 2060 632 2096 gloriﬁcentur
660 2059 720 2094 ﬁlii,
740 2059 857 2088 minime
879 2063 971 2088 tamen
991 2067 1007 2088 ο

211 2105 330 2133 ﬁliorum
342 2104 488 2133 dilectione
509 2104 665 2137 abalienati,
685 2103 734 2132 sed
758 2104 810 2140 ipsi
826 2103 933 2140 inglorii
947 2112 1008 2133 esse

210 2149 361 2186 cupientes,
381 2153 412 2178 ut
424 2149 463 2177 illi
482 2149 603 2178 celebres
619 2148 746 2177 evadant.
768 2150 863 2185 Itaque
881 2149 950 2185 ipse,
964 2149 1008 2176 in-

211 2194 281 2231 quit,
293 2202 356 2231 ego,
379 2194 425 2231 qui
450 2194 595 2222 innumera
621 2193 752 2230 transegi,
781 2193 893 2231 diligens
921 2194 1008 2222 Deum

209 2248 293 2276 supra
308 2247 392 2277 quam
405 2243 502 2268 natura
525 2238 607 2272 ferat,
623 2242 699 2275 opto,
716 2238 763 2274 ait,
779 2246 828 2275 pro
847 2239 933 2275 gloria
955 2239 1009 2267 Dei

208 2284 332 2313 excidere
343 2293 359 2313 a
379 2284 466 2321 gloria
487 2283 601 2312 Christi.
621 2284 683 2312 Hoc
696 2287 792 2312 autem
815 2292 870 2312 non
883 2288 925 2312 est
938 2284 1009 2312 exci-

208 2329 284 2363 dere,
316 2329 366 2358 sed
389 2329 481 2365 potius
511 2328 630 2365 assequi.
651 2328 732 2365 Quod
752 2336 815 2357 vero
844 2328 893 2364 ait,
912 2340 926 2354 ιι
953 2330 1008 2357 Pro

207 2373 339 2402 fratribus
361 2374 442 2409 meis,
463 2373 531 2402 mihi
551 2377 618 2402 sunt
638 2374 744 2411 cognati
767 2373 920 2403 secundum
947 2382 1007 2402 car-

206 2426 282 2454 nem,
295 2430 308 2444 »
324 2418 427 2447 viscera
442 2418 557 2455 indicat,
573 2423 602 2448 et
612 2427 697 2456 quam
707 2418 860 2448 vehementi
876 2418 1007 2448 charitate

206 2471 269 2500 erga
284 2471 332 2492 eos
344 2462 459 2493 affectus
472 2468 540 2493 erat.

239 2510 330 2538 Vsus.
347 2512 373 2544 4,
389 2511 414 2537 5.
428 2520 441 2534 ιι
463 2509 519 2546 Qui
531 2512 596 2537 sunt
611 2508 755 2543 Israelita),
768 2516 888 2545 quorum
900 2512 942 2537 est
956 2509 1006 2538 ad-

204 2554 293 2590 optio,
309 2558 337 2582 et
351 2554 448 2591 gloria,
463 2558 492 2582 et
511 2558 685 2588 testamenta,
699 2557 726 2581 et
748 2553 892 2590 legislatio,
908 2558 936 2583 et
948 2554 1007 2582 cul-

203 2603 258 2635 tus,
279 2603 307 2628 et
329 2599 529 2636 promissiones
546 2609 552 2627 :
577 2606 696 2635 quorum
717 2602 781 2627 sunt
798 2602 901 2635 patres,
924 2603 952 2628 et
971 2607 1005 2628 ex

202 2644 302 2681 quibus
315 2645 439 2674 Christus
455 2644 547 2681 quoad
560 2652 686 2679 carnem,
698 2643 745 2680 qui
761 2647 805 2672 est
816 2652 899 2681 super
911 2645 1004 2674 omnia

1021 2175 1047 2209 D

1067 949 1106 971 τις
1129 938 1248 977 ἐγγίσαι,
1263 940 1298 972 ὣς
1326 938 1494 979 ἀνακειμένῳ
1514 939 1579 978 Θεῷ
1595 950 1603 957 ⁶
1617 938 1714 969 τούτου
1734 938 1759 968 δὲ
1779 938 1846 978 χωρί-

1066 983 1155 1016 ζονται
1178 983 1293 1024 πάντες,
1328 984 1363 1017 ὡς
1394 982 1497 1023 ἀνιέρου
1531 983 1578 1012 καὶ
1607 983 1845 1024 ἀπηλλοτριωμένων

1065 1027 1137 1056 Θεοῦ
1153 1027 1188 1057 ⁸⁸.
1201 1027 1237 1058 Τί
1251 1022 1295 1057 οὖν
1306 1029 1376 1057 ἐστιν
1389 1027 1404 1056 ὃ
1415 1022 1486 1066 λέγει
1500 1030 1514 1058 ὃ
1531 1029 1658 1065 Παῦλος
1670 1022 1799 1058 Φαίνεται
1805 1027 1844 1066 γὰρ

1066 1072 1171 1102 ἐναντία
1189 1071 1273 1112 λέγων
1297 1074 1351 1105 τοῖς
1373 1072 1498 1112 ἀνωτέρω
1520 1074 1637 1113 ῥηθεῖσι.
1657 1073 1728 1103 Τότε
1747 1073 1790 1112 μὲν
1802 1072 1844 1111 γὰρ

1065 1115 1170 1155 ἔλεγεν,
1193 1116 1234 1146 ὅτι
1256 1128 1271 1146 ιι
1287 1118 1382 1151 Οὐδεὶς
1396 1119 1468 1156 ἡμᾶς
1482 1117 1595 1157 χωρίσει
1615 1118 1672 1148 ἀπὸ
1690 1119 1737 1154 τῆς
1760 1117 1846 1156 ἀγάπης

1065 1163 1111 1191 τοῦ
1125 1162 1197 1192 Θεοῦ
1211 1161 1234 1180 '9
1253 1171 1260 1180 '
1284 1173 1299 1192 ιι
1325 1164 1372 1191 νῦν
1389 1162 1416 1191 δὲ
1441 1161 1571 1203 εὔχεσθαί
1594 1174 1681 1203 φησι,
1706 1164 1849 1203 χωρισθῆναι

1065 1205 1118 1235 ἀπὸ
1140 1209 1186 1236 τοῦ
1212 1208 1343 1247 Χριστοῦ.
1373 1210 1453 1237 Δοκεῖ
1480 1201 1526 1236 οὖν
1555 1201 1665 1237 ἐναντία
1691 1201 1789 1246 λέγειν,
1809 1207 1846 1235 οὒκ

1065 1250 1121 1280 ἔστι
1143 1252 1171 1282 δέ
1188 1263 1195 1270 ·
1212 1253 1258 1281 καὶ
1278 1253 1330 1292 γὰρ
1351 1252 1397 1281 καὶ
1419 1254 1497 1281 τῶτο
1523 1251 1590 1292 ὑπὲρ
1616 1254 1667 1288 τῆς
1693 1252 1793 1291 ἀγάπης
1811 1253 1847 1280 τοῦ

1063 1296 1134 1326 Θεοῧ
1163 1296 1244 1336 λέγει.
1271 1296 1383 1333 Ἐπειδὴ
1412 1295 1464 1336 γὰρ
1498 1295 1613 1330 ἅπαντες
1638 1299 1687 1327 τοῦ
1713 1297 1779 1327 Θεοῦ
1808 1307 1845 1324 κα-

1063 1341 1206 1381 τηγόρουν,
1236 1341 1276 1371 ὅτι
1304 1340 1363 1375 τοὺς
1388 1340 1547 1376 ἀξιωθέντας
1572 1344 1619 1377 τῆς
1646 1341 1793 1379 υἱοθεσίας,
1812 1339 1846 1369 καὶ

1063 1385 1250 1423 δοξασθέντας,
1271 1386 1318 1415 καὶ
1340 1386 1511 1426 προπάτορας
1526 1387 1649 1426 Χριστοῦ
1678 1385 1844 1427 χρηματίσιν·
1878 1399 1879 1425 ς

1063 1442 1137 1477 πτας,-
1149 1430 1210 1465 τοὺς
1233 1430 1407 1477 Ἑϐραίους,
1420 1430 1546 1477 ἐξέϐαλε,
1564 1431 1620 1477 ,καὶ
1646 1431 1773 1477 ἠτίμασεν
1786 1441 1792 1448 ·
1811 1430 1846 1477 ἀν-

1062 1475 1205 1515 τεισήγαγε
1225 1476 1254 1505 δὲ
1279 1475 1338 1509 τοὺς
1358 1476 1492 1514 μηδέποτε
1513 1475 1591 1505 αὐτὸν
1616 1476 1787 1516 ἐπιγνόντας,
1801 1473 1847 1507 τοὺς

1066 1520 1093 1555 ἐξ
1119 1522 1198 1550 ἐθνῶν
1212 1533 1220 1540 ’
1244 1520 1291 1550 καὶ
1327 1520 1518 1560 κατεγόγγυζον
1550 1522 1597 1557 τῆς
1627 1520 1775 1561 Προνοίας,
1805 1518 1842 1548 καὶ

1065 1565 1254 1606 ἐϐλασφήμουν
1266 1587 1274 1602 ,
1294 1567 1329 1600 ὥς
1343 1565 1441 1599 ἀδίκως
1460 1565 1561 1595 τούτων
1573 1566 1720 1606 γινομένων
1732 1587 1741 1604 ,
1755 1564 1797 1595 καὶ
1808 1565 1846 1593 τοῦ
1878 1590 1879 1606 γ

1064 1611 1135 1641 Θεοῦ
1153 1602 1339 1647 ἀπατήσαντος
1362 1610 1422 1643 τοὺς
1443 1602 1602 1650 προγόνους,
1623 1602 1664 1645 οἷς
1686 1602 1788 1642 καὶ-τὰς
1804 1608 1846 1637 δυσ
1878 1602 1879 1623 ¹

1065 1655 1124 1695 ρεὰς
1138 1654 1165 1672 ²⁰
1179 1656 1357 1695 ἐπηγγείλατο
1369 1667 1376 1674 ·
1398 1656 1487 1694 ἀλγῶν
1502 1657 1516 1684 6
1537 1656 1647 1689 Παῦλος
1670 1655 1716 1685 καὶ
1730 1652 1844 1691 δακνόμε-

1063 1711 1105 1741 νος
1119 1700 1186 1741 ὑπὲρ
1201 1703 1248 1736 τῆς
1261 1703 1306 1730 τοῦ
1325 1701 1396 1731 Θεοῦ
1411 1700 1505 1738 δόξης,
1522 1700 1620 1736 ηὔξατο
1642 1700 1766 1738 ἀνάθεμα
1781 1697 1843 1729 αὐτὸς

1064 1739 1146 1780 εἶναι,
1162 1739 1233 1775 ὥστε
1247 1747 1366 1781 σωθῆναι
1386 1744 1520 1784 ἐκείνους,
1542 1745 1589 1774 καὶ
1611 1746 1790 1780 καταλυθῆναι
1803 1741 1841 1777 τὴν

1064 1789 1134 1819 κατὰ
1148 1791 1219 1820 Θεοῦ
1241 1790 1424 1831 βλασφημίαν.
1438 1789 1522 1830 Ὁρᾷς
1536 1786 1580 1820 οὖν
1592 1813 1601 1827 ,
1615 1789 1658 1819 ὅτι
1671 1789 1715 1820 διὰ
1732 1788 1778 1825 τὴν
1791 1786 1842 1827 πρὸς

1063 1834 1132 1865 Θεὸν
1148 1834 1254 1874 ἀγάπην
1276 1834 1403 1874 εὔχεται,
1425 1836 1448 1863 εἰ
1473 1834 1601 1871 δυνατὸν,
1627 1835 1788 1875 χωρισθῆναι
1807 1832 1843 1860 τοῦ
1878 1870 1879 1875 γ

1063 1879 1124 1919 περὶ
1140 1879 1185 1909 τὸν
1200 1879 1315 1919 Χριστὸν
1336 1881 1436 1920 χοροῦ;
1457 1879 1519 1919 οὐχὶ
1533 1878 1556 1896 ²⁴
1573 1881 1621 1914 τῆς
1636 1880 1744 1919 ἀγάπης
1762 1877 1843 1911 αὐτοῦ,
1878 1878 1879 1922 l

1063 1924 1131 1954 ἀλλὰ
1144 1925 1191 1960 ἧς
1203 1922 1278 1960 δόξης
1292 1924 1375 1954 αὐτοῦ
1385 1946 1393 1961 ,
1418 1924 1464 1953 καὶ
1484 1926 1531 1960 τῆς
1547 1923 1721 1957 ἀπολαύσεως
1736 1923 1825 1956 ἐκείνης
1837 1931 1842 1937 ¹

1062 1967 1153 2008 ὥσπερ
1171 1968 1217 1998 καὶ
1241 1968 1353 2008 πατέρες
1369 1967 1498 2002 πολλάκις
1523 1968 1684 2008 χωρίζονται
1708 1969 1758 1997 τῶν
1778 1966 1844 1999 υἱῶν,

1061 2012 1105 2042 ἵνα
1128 2012 1174 2043 καὶ
1194 2014 1218 2042 οἱ
1236 2012 1288 2042 υἱοὶ
1311 2012 1473 2048 δοξασθῶσιν
1497 2025 1504 2032 ·
1527 2014 1587 2054 οὐχὶ
1610 2015 1660 2049 τῆς
1677 2012 1779 2052 ἀγάπης
1799 2010 1842 2039 τῶν

1062 2057 1164 2088 παίδων
1184 2057 1378 2098 χωριζόμενοι,
1400 2059 1461 2087 ἀλλ’
1477 2057 1550 2087 αὐτοὶ
1569 2058 1672 2092 ἀδοξεῖν
1688 2056 1842 2098 βουλόμενοι,

1062 2101 1096 2132 ἵν’
1114 2097 1207 2133 ἐκεῖνοι
1221 2103 1407 2142 εὖδοκιμῶσιν.
1426 2101 1512 2136 Αὐτὸς
1532 2097 1577 2132 οὖν
1593 2101 1646 2143 ἐγὼ
1655 2126 1665 2142 ,
1679 2097 1767 2143 φησὶν,
1778 2101 1790 2129 ὁ
1802 2110 1842 2137 μυ-

1063 2147 1106 2186 ρία
1120 2147 1305 2188 κατορθώσας,
1328 2149 1342 2176 ὁ
1366 2147 1509 2188 ἀγαπήσας
1523 2146 1590 2186 ὗπὲρ
1613 2147 1692 2188 φύσιν
1710 2146 1752 2176 τὸν
1766 2143 1840 2188 Θεὸν,

1062 2191 1176 2232 εὔχομαι
1189 2186 1257 2231 ὗπὲρ
1271 2194 1318 2229 τῆς
1332 2186 1409 2228 δόξής
1423 2195 1469 2221 τοῦ
1488 2192 1560 2222 Θεοῦ
1571 2214 1580 2228 ,
1595 2186 1739 2222 ἀποπεσεῖν
1753 2191 1795 2225 τῆς
1808 2186 1842 2217 δά·

1063 2231 1110 2272 ξης
1121 2239 1168 2267 τοῦ
1184 2237 1312 2277 Χριστοῦ.
1329 2238 1417 2267 Τοῦτο
1437 2236 1466 2266 δὲ
1482 2238 1529 2266 οὖκ
1549 2236 1620 2266 ἔστιν
1640 2238 1775 2271 ἐκπεσεῖν,
1792 2231 1841 2262 ἀλλ’

1063 2282 1196 2322 ἐπιτυχεῖν
1209 2283 1322 2320 μᾶλλον.
1340 2281 1381 2312 Τὸ
1394 2281 1422 2311 δὲ
1433 2304 1443 2320 ,
1460 2292 1474 2310 ¢
1491 2280 1578 2322 Ὑπὲρ
1591 2283 1644 2311 τῶν
1660 2281 1775 2321 ἀδελφῶν
1788 2288 1839 2317 μου,

1062 2327 1114 2356 τῶν
1130 2321 1263 2367 συγγενῶν
1280 2338 1332 2366 μου
1355 2326 1426 2356 κατὰ
1441 2325 1545 2366 σάρκα,
1564 2321 1579 2356 ὴ
1597 2325 1631 2356 τὰ
1653 2325 1792 2365 σπλάγχνα
1804 2321 1839 2351 ἐν·

1061 2370 1214 2409 δείκνυται,
1232 2371 1279 2401 καὶ
1293 2373 1329 2406 ὡς
1341 2370 1491 2402 διακαίεται
1502 2370 1568 2411 ὑπὲρ
1583 2371 1682 2401 αὐτῶν.

1103 2519 1120 2536 α
1135 2506 1239 2541 οἵτινές
1251 2507 1315 2537 εἰσιν
1331 2506 1514 2548 Ἰσραηλῖται,
1535 2502 1573 2537 ὧν
1589 2509 1607 2544 ἡ
1623 2505 1754 2542 υἱοθεσία,
1768 2500 1808 2534 καὶ
1822 2501 1836 2536 ἦ

1061 2551 1136 2590 δόξα,
1157 2553 1204 2582 καὶ
1223 2553 1251 2582 αἱ
1270 2553 1412 2590 διαθῆκαι,
1434 2553 1479 2583 καὶ
1501 2555 1519 2589 ή
1533 2553 1689 2593 νομοθεσία,
1703 2550 1775 2585 καὶῆ
1790 2548 1835 2593 λζ

1059 2588 1148 2638 τρεία,
1173 2596 1218 2627 καὶ
1244 2597 1271 2626 αἱ
1297 2588 1474 2638 ἐπαγγελίαι·
1501 2588 1538 2627 ὧν
1563 2588 1588 2627 οἱ
1612 2588 1739 2637 πατέρες,
1758 2591 1800 2638 κα)
1815 2588 1836 2638 ἐξ

1059 2634 1096 2672 ἦν
1113 2644 1127 2672 ὁ
1140 2642 1255 2682 Χριστὸς
1271 2641 1301 2672 τὸ
1316 2634 1387 2672 κατὰ
1407 2641 1508 2682 σάρκα,
1527 2644 1542 2672 ὁ
1556 2642 1594 2672 ὢν
1608 2643 1654 2673 ἐπὶ
1665 2634 1767 2671 πάντων
1779 2634 1835 2682 Θιῆς

203 2677 279 2719 ﬁcus
294 2677 508 2719 benedictus-in
529 2690 639 2719 saecula.
664 2677 767 2718 Amen.
784 2700 798 2715 ν
821 2677 1005 2760 Commendat

929 2741 1000 2762 ana:

1223 2687 1259 2722 εἷς
1280 2686 1341 2721 τοὺς
1364 2677 1472 2722 αἰῶνας.
1497 2677 1594 2727 ξΑμήν.
1617 2697 1634 2717 ι
1652 2683 1772 2718 Ἐπαινεῖ
1786 2677 1836 2710 τοῦ-

1069 2739 1177 2762 tiones.

929 2741 1000 2762 arm
1023 2739 1177 2765 lectiones.

236 2781 258 2799 ¹⁸
271 2782 377 2819 παράγει
391 2790 419 2812 ο.
457 2782 478 2800 ¹⁷
498 2782 727 2819 ἀναθεματισμένου
750 2791 778 2812 ο.
816 2783 838 2800 ¹³
865 2783 924 2816 Θεῷ
938 2791 965 2812 o.
1004 2783 1026 2802 ¹⁹
1043 2783 1092 2811 ἀπὸ
1118 2785 1162 2818 τῆς
1188 2783 1288 2820 ἀγάπης
1310 2784 1356 2811 τοῦ
1379 2782 1487 2820 Χριστοῦ
1509 2790 1550 2814 m.
1588 2783 1612 2802 ¹⁰
1636 2782 1681 2819 τὴν
1703 2776 1790 2816 δωρεὰν
1810 2779 1833 2802 ο.

199 2821 266 2848 ²¹οὒ
282 2830 309 2852 ο.
