1901 3077
31 179 68 208 461
467 175 644 205 EXPOSITIO
664 174 696 203 IN
715 172 822 202 EPIST.
841 172 888 201 AD
911 172 994 201 ROM.
1013 187 1047 193 —
1061 172 1137 200 CAP.
1160 173 1201 201 IX.

1605 175 1658 203 462

33 254 80 277 τους
101 242 204 271 ἐνταῦθα
229 240 273 270 καὶ
298 239 457 280 μεγαλύνει,
481 238 540 275 ἵνα,
563 239 631 279 ὅπερ
660 238 743 279 ἔφην,
768 235 805 276 μὴ

904 244 908 264 =
929 235 1057 270 Iudaeos,
1072 243 1174 272 eosque
1195 236 1288 272 magni
1316 235 1445 270 facit,ne
1459 237 1592 270 videatur,
1619 242 1650 266 ut

33 287 80 327 δόξῃ
92 285 144 316 κατ’
171 285 314 325 ἐμπάθειαν
334 285 432 325 λέγειν.
449 284 556 325 Ἦρέμα
574 284 602 314 δε
622 283 669 314 καὶ
690 282 808 313 ἕπαινίτ-

39 343 98 361 τεται
179 331 268 360 ὕπαιν.
285 329 306 370 J,
322 328 362 359 ὅτι
421 329 469 367 μὲν
483 329 552 362 Θεὸς
567 328 697 364 ἠϐούλετο
712 327 807 361 αὐτοὺς

34 369 152 412 σωθῆναι·
165 374 210 404 καὶ
225 369 303 411 δῆλοῆ
327 374 353 408 ἐξ
368 369 405 404 ὧν
421 373 550 408 υἱοθεσίας
570 373 668 409 ἠξίωσε
694 372 740 402 καὶ
760 372 807 402 δό-

34 421 82 457 Em,
93 419 133 450 καὶ
146 419 170 454 ἐξ
182 415 218 449 ὧν
231 419 285 452 τοῖς
298 419 431 459 πατράσιν
446 418 624 458 ἐπηγγείλατο
633 442 641 456 ,
657 417 704 447 καὶ
720 417 806 447 τᾶλλα

35 465 106 495 πάντα
119 464 144 484 ²²
164 463 283 504 ἐξαίρετα
306 466 394 497 αὐτοῖς
417 463 520 501 ἔδωκε,
547 463 593 493 καὶ
616 463 662 492 τὸν
688 462 807 502 Χριστὸν

36 510 145 548 Emicat!
162 511 317 548 γεννηθῆναι
341 509 485 545 εὐδόκησεν
505 520 512 528 ’
534 508 608 538 ain-cl.
623 506 715 544 δὲτὴν
737 508 809 547 εὖερ-

35 554 107 595 γεσίαν
119 554 324 594 ἀπεκρούσαντο.
342 554 390 584 Διὸ
404 554 449 583 καὶ
471 553 615 593 ἐκπλαγεὶς
628 552 676 588 τὴν
700 552 808 592 ἀγάπην

36 602 70 629 τοῦ
82 599 145 629 Θεοῦ
155 621 163 635 ,
180 599 304 639 ἀναφέρει
326 601 365 639 τῷ
383 600 528 638 Μονογενεῑ
542 598 591 634 τὴν
614 597 786 638 εὐχαριστίαν
798 618 807 634 ,

37 643 72 674 καί
84 655 154 685 φησιν
166 653 173 660 ·
191 654 205 672 ιι
220 642 256 674 ⁸0
275 643 311 672 ὢν
331 644 374 673 ἐπὶ
397 643 505 672 πάντων
530 642 599 676 Θεὸς
623 641 773 681 εὖλογητός.
791 652 808 671 ι

37 689 62 718 Εἰ
72 688 117 728 γὰρ
128 688 170 718 καὶ
193 687 280 728 ἕτεροι
293 711 302 725 ,
317 689 401 729 φησὶ,
417 689 623 728 βλασφημοῦσιν
636 709 644 723 ,
660 688 695 720 ὡς
709 687 758 716 οὐχ
772 689 811 717 εύ-

37 733 105 772 λόγως
122 733 263 773 γενομένης
284 734 332 768 τῆς
347 734 505 773 παραδοχῆς
526 734 579 762 τῶν
601 733 682 761 ἐθνῶν
696 731 735 768 ³³,
752 731 811 761 ἀλλ’

40 780 101 816 ἡμεῖς
117 779 139 808 οἱ
153 777 186 807 τὰ
201 777 335 818 μυστήρια
351 778 448 812 εἰδότες
469 780 515 807 τοῦ
539 778 657 817 Χριστοῦ
682 775 791 815 οἴδαμεν
802 798 810 813 ,

38 822 70 852 ὅτι
91 824 134 852 τοῦ
163 822 316 858 δοξάζεσθαι
340 823 411 852 ἔστιν
439 821 520 856 ἄξιος.
559 821 615 853 Καὶ
642 822 762 851 ἐντεῦθεν
785 820 813 851 δὲ

39 868 224 907 χαταισχύνεται
238 866 356 908 Ἄρειος,
374 866 420 897 ἅτε
437 871 483 898 τοῦ
507 867 617 898 Παύλου
634 866 679 897 τὸν
695 866 813 907 Χριστὸν

40 911 73 941 ἐπὶ
89 912 188 942 πάντων
207 912 280 944 Θεὸν
296 912 532 952 ἆνακηρύττοντος.

69 1015 80 1029 ι
92 1004 149 1043 Οὐχ
161 998 212 1034 οἷον
228 1002 257 1033 δὲ
272 1003 312 1032 ὅτι
327 1002 497 1033 laure-imum
517 1005 531 1033 ὃ
544 1002 622 1042 λόγος
634 1004 683 1034 τοῦ
700 1003 784 1035 Θεοῦ.
801 1017 814 1031 ι

37 1046 97 1086 Ἐγὼ
119 1047 178 1086 μὲν,
197 1048 278 1088 φησὶ,
303 1047 478 1086 διακαίομαι,
505 1047 546 1077 ὅτι
569 1049 771 1088 βλασφημεῖται
798 1050 814 1079 ὃ

37 1091 106 1129 Θιὸς,
119 1092 162 1122 καὶ
174 1092 269 1128 ἤθελον
283 1092 326 1122 διὰ
338 1095 416 1122 τοῦτο
428 1091 472 1122 ἵνα
484 1093 582 1127 πάντες
595 1095 702 1123 σωθῶσι
719 1105 727 1112 ι
741 1092 814 1129 πλὴν

37 1136 103 1166 titul
122 1137 157 1176 μὴ
170 1137 265 1178 πάντες
287 1136 432 1174 σώζονται,
447 1137 477 1167 οὗ
493 1137 568 1177 παρὰ
589 1140 666 1167 τοῦτο
681 1136 814 1178 ἐψεύσατο

37 1182 48 1209 6
67 1180 142 1220 Θεὸς,
168 1183 207 1222 ip’
234 1177 274 1216 οἷς
297 1181 476 1222 ἐπηγγείλατο
497 1186 551 1215 τοῖς
577 1177 730 1221 πατράσιν,
755 1182 814 1212 οὐδὲ

36 1225 198 1256 διαπέπτωκεν
227 1229 242 1256 ὁ
266 1225 341 1266 λόγος
365 1226 456 1258 αὐτοῦ.
477 1225 516 1256 *Ο
538 1226 590 1266 γὰρ
617 1227 812 1267 ἐπηγγείλατο,

37 1269 72 1299 καὶ
84 1270 194 1307 ἐποίησε·
208 1271 259 1301 κᾶν
274 1271 297 1301 οἱ
314 1272 534 1312 βλασφημοῦντες
554 1271 668 1311 λέγωσιν
677 1294 686 1310 ,
708 1270 750 1302 ὅτι
765 1272 815 1301 ἄλ-

35 1315 79 1349 λοις
99 1316 294 1356 ἐπηγγείλατο,
320 1316 368 1346 καὶ
397 1315 486 1350 ἄλλοις
509 1315 618 1348 ἔδωκεν.
638 1314 735 1347 Ἄκουε
763 1316 815 1357 γὰρ

36 1361 78 1389 τῶν
91 1359 144 1395 ίξῆς
156 1372 164 1380 ·

68 1416 82 1432 ι
95 1406 132 1436 Οὔ
149 1405 198 1446 γὰρ
218 1405 317 1439 πάντες
337 1405 362 1435 οἳ
376 1405 403 1440 ἐξ
427 1405 555 1446 Ἰσραὴλ,
580 1401 652 1435 οὗτοι
676 1405 792 1446 Ἰσραήλ
806 1417 813 1425 ⁸

37 1449 79 1478 οὐδ’
91 1448 127 1479 ὅτι
150 1451 198 1480 εἶσὶ
221 1449 334 1489 σπέρμα
358 1450 498 1490 Ἀϐραὰμ,
519 1450 617 1484 πάντες
636 1449 727 1481 τέκνα.
741 1461 757 1480 n
775 1449 816 1481 ⁸0

37 1494 204 1536 ἐτιηγγείλατο,
229 1495 329 1536 φησὶν,
357 1496 372 1525 ὁ
396 1494 483 1533 Θεὸς,
505 1497 584 1525 τοῦτο
604 1494 652 1525 καὶ
677 1495 812 1531 ἐποίησεν.

859 281 931 316 dixi,
944 289 978 310 ex
993 280 1110 315 aﬂectu,
1129 280 1172 309 vel
1194 280 1401 317 perturbatione
1419 281 1520 315 animi,
1534 283 1580 310 vel
1594 283 1658 311 odio

860 326 944 362 loqui.
960 327 1056 354 Tacite
1066 330 1162 355 autem
1174 325 1265 354 innuit
1275 347 1282 359 ,
1296 325 1370 362 quod
1386 327 1461 354 Deus
1475 326 1535 354 illos
1548 334 1658 355 servare

859 371 997 399 voluerit:
1025 370 1101 408 quod
1111 370 1177 400 inde
1197 371 1264 399 satis
1278 370 1428 407 colligitur,
1449 371 1514 407 quia
1532 370 1594 399 illos
1608 372 1656 400 ad-

861 418 973 454 optione
984 418 1106 447 ﬁliorum
1117 417 1248 455 dignatus
1258 422 1301 446 est
1316 422 1343 446 et
1353 417 1440 454 gloria
1451 439 1458 451 ,
1469 422 1496 446 et
1504 419 1566 454 quia
1576 419 1659 454 patri-

862 465 914 493 bus
928 465 1125 502 promissiones
1142 464 1253 498 fecerit,
1270 465 1378 501 aliaque
1392 465 1485 493 omnia
1501 465 1657 493 excellentia

861 510 903 539 eis
916 511 1092 546 impertierit,
1104 510 1299 546 Christumque
1312 510 1381 538 adeo
1392 518 1425 538 ex
1437 510 1503 546 ipsis
1522 510 1595 538 nasci
1610 518 1660 538 vo—

863 555 961 590 luerit,
975 563 1071 583 verum
1096 555 1147 592 ipsi
1161 559 1236 583 tanta
1249 554 1382 583 beneﬁcia
1402 555 1571 591 repulerunt.
1585 555 1659 590 Quo-

863 600 934 628 circa
949 599 1117 628 immensam
1131 600 1184 628 Dei
1205 600 1382 628 dilectionem
1396 599 1564 634 demiratus,
1591 600 1662 628 Uni-

864 645 957 682 genito
970 645 1119 681 gratiarum
1132 644 1270 673 actionem
1285 644 1386 678 refert,
1402 644 1528 681 inquiens
1550 654 1557 673 :
1577 655 1590 670 α
1606 645 1661 681 Qui

864 696 905 721 est
920 700 1002 729 super
1014 692 1109 720 omnia
1131 693 1206 720 Deus
1230 691 1398 720 benedictus.
1415 703 1427 716 ιι
1448 692 1505 719 Etsi
1518 692 1593 720 enim
1615 691 1661 720 alii

863 737 1061 771 convicientur,
1079 737 1184 774 inquit,
1197 745 1252 765 non
1273 736 1420 765 commode
1442 736 1542 765 factam
1555 744 1663 775 assum-

864 782 986 818 ptionem
1001 782 1126 818 gentium
1137 802 1145 815 ν
1159 790 1210 810 nos
1230 786 1323 810 tamen
1347 781 1449 810 Christi
1472 781 1602 818 mysteria
1616 781 1663 809 ha-

867 826 963 855 bentes
977 827 1134 863 explorata,
1159 827 1262 854 scimus
1284 826 1357 862 quod
1368 827 1426 863 ipse
1446 826 1545 863 dignus
1558 827 1594 854 sit
1606 827 1664 863 glo-

869 872 909 900 ria
922 876 950 900 et
961 872 1111 908 praeconio.
1129 871 1179 899 Hic
1204 879 1268 900 vero
1282 872 1381 900 Arium
1395 871 1525 908 pudeﬁeri
1552 880 1663 900 necesse

869 920 926 949 est.
939 917 1024 945 Paulo
1036 924 1135 952 nempe
1143 916 1286 945 Christum
1301 924 1382 952 super
1392 916 1486 945 omnia
1497 917 1586 944 Deum
1601 924 1665 952 pro-

867 962 1015 990 clamante.

903 1008 994 1035 Vsns.
1011 1009 1038 1035 6.
1063 1017 1076 1031 ι
1098 1007 1160 1034 Non
1174 1010 1266 1034 autem
1289 1005 1364 1042 quod
1391 1006 1522 1035 exciderit
1547 1005 1663 1035 verbum

868 1051 932 1080 Dei.
941 1062 954 1076 ι
968 1053 1051 1087 Ergo,
1065 1051 1165 1087 inquit,
1179 1058 1245 1078 uror
1252 1054 1280 1079 et
1292 1050 1412 1087 aiﬂigor,
1420 1050 1494 1087 quod
1510 1052 1583 1080 Deus
1591 1051 1664 1080 blas-

869 1097 1026 1133 phematur,
1051 1104 1083 1124 ac
1104 1099 1250 1132 eapropter
1267 1096 1358 1131 optavi
1378 1103 1476 1124 omnes
1491 1096 1580 1124 salvos
1596 1096 1664 1125 ﬁeri.

868 1141 971 1169 Verum
986 1140 1009 1169 si
1027 1148 1084 1169 non
1108 1148 1208 1168 omnes
1224 1144 1378 1175 serventur,
1390 1148 1453 1168 eam
1476 1140 1512 1168 ob
1533 1149 1592 1169 rem
1607 1149 1665 1169 non

869 1189 911 1214 est
923 1185 1056 1214 mentitus
1079 1187 1153 1213 Deus
1163 1185 1192 1212 in
1205 1185 1239 1213 iis
1249 1192 1311 1221 quae
1325 1185 1451 1222 promisit
1463 1185 1589 1222 patribus
1597 1206 1605 1220 ,
1615 1194 1665 1214 ne-

869 1238 922 1267 que
940 1230 1040 1259 excidit
1054 1230 1167 1258 verbum
1180 1230 1248 1266 ejus.
1260 1229 1342 1265 Quod
1358 1230 1430 1258 enim
1454 1230 1591 1267 promisit,
1612 1231 1666 1259 hoc

869 1276 954 1304 etiam
975 1275 1103 1312 praestitit
1117 1284 1124 1303 :
1140 1275 1248 1303 etiamsi
1267 1275 1393 1304 maledici
1405 1275 1507 1310 dicant,
1517 1275 1592 1312 quod
1604 1276 1666 1304 aliis

870 1320 1040 1357 promiserit,
1075 1319 1135 1348 aliis
1162 1327 1229 1348 vero
1261 1319 1378 1348 dederit.
1411 1320 1483 1348 Audi
1515 1321 1590 1349 enim
1625 1328 1665 1349 se-

869 1365 989 1402 quentia.

905 1411 990 1438 Vsns.
1000 1412 1026 1438 6.
1043 1421 1055 1434 α
1070 1410 1133 1438 Non
1141 1408 1214 1437 enim
1231 1416 1330 1437 omnes
1344 1409 1391 1445 qui
1407 1417 1441 1437 ex
1455 1409 1553 1443 Israel,
1567 1409 1594 1437 hi
1609 1409 1666 1445 68

870 1455 1000 1483 Israelita:
1015 1463 1023 1482 :
1046 1462 1136 1490 neque
1150 1454 1213 1490 quia
1224 1458 1289 1482 sunt
1303 1461 1397 1482 semen
1415 1453 1566 1482 Abrahami
1576 1475 1583 1489 ,
1600 1462 1662 1490 pro-

871 1503 962 1536 pterea
975 1503 1042 1528 sunt
1056 1507 1155 1528 omnes
1167 1499 1227 1527 ﬁlii.
1247 1510 1260 1523 ι
1279 1498 1361 1535 Quod
1374 1499 1553 1535 promiserat,
1568 1499 1665 1535 inquit,

38 1533 93 1588 lii-im
102 1538 173 1588 γὰρ,-
187 1533 240 1569 ὕει’
252 1553 265 1566 ι
346 1539 391 1569 καὶ
410 1541 448 1588 τῷ
463 1539 602 1588 σπέρματί
610 1539 768 1588 σου-δώσαι.
789 1550 804 1569 ι

904 1552 962 1579 aus,
980 1543 1034 1573 hoc
1047 1544 1130 1572 etiam
1146 1533 1384 1580 prmum—Dixit
1397 1543 1472 1571 enim
1490 1544 1521 1571 3:
1537 1554 1549 1568 ι
1565 1533 1626 1571 Tibi
1639 1547 1667 1571 et

37 1580 132 1622 Ἰδωμεν
144 1579 203 1622 οὖν,
217 1584 295 1615 ποῖόν
318 1585 374 1614 ἔστι
392 1585 424 1625 τὸ
435 1579 556 1625 σπέρμα.
579 1584 622 1615 Οὔ
643 1584 695 1624 γὰρ
717 1583 813 1618 πάντες

37 1628 55 1655 οἱ
72 1627 94 1662 ἐξ
115 1628 252 1670 Ἀϐραὰμ,
284 1629 374 1662 ἁπλῶς
398 1624 469 1659 οὗτοι
492 1624 602 1670 σπέρμα
627 1641 634 1649 ·
657 1629 716 1659 οὐδὲ
741 1631 764 1659 οἱ
788 1629 815 1664 ἐξ

37 1670 146 1712 Ἰσραὴλ,
159 1669 229 1704 οὗτοι
243 1674 415 1714 Ἰσραηλῖται
428 1683 436 1692 ⁸
450 1674 511 1704 ἀλλ’
526 1675 550 1704 οἱ
562 1673 633 1704 κατὰ
654 1674 697 1703 τὸν
715 1673 814 1704 Ἰσαὰκ

36 1718 198 1759 γενηθέντες,
218 1719 268 1748 καὶ
292 1720 316 1749 οἱ
341 1721 387 1755 ἧς
410 1721 456 1748 τοῦ
482 1718 597 1759 Ἰσραὴλ
619 1720 713 1759 ἀρετῆς
734 1718 816 1755 ἄξιοι,

36 1761 63 1789 δι’
75 1757 103 1799 ἧς
115 1763 180 1794 Θεὸν
196 1758 276 1794 εἶδεν.
297 1764 339 1794 Οὔ
361 1763 414 1804 γὰρ
435 1757 580 1800 simu-dri
603 1757 643 1794 Οἷ
661 1762 686 1797 ἐξ
701 1762 816 1800 Ἰακὼϐ,

37 1805 97 1845 ἀλλ’,
117 1818 129 1836 (ι
143 1809 178 1838 Οἱ
202 1808 228 1842 ἐξ
243 1807 376 1847 Ἰσραὴλ,
396 1819 410 1837 »
433 1811 480 1839 τοῦ
493 1808 582 1846 τιμίου
603 1807 732 1847 ὀνόματος
746 1819 818 1846 μνη-

37 1819 97 1845 aM,
117 1819 129 1836 ιι
143 1819 178 1838 υι
202 1819 228 1842 ες
253 1819 376 1882 uagam,
396 1819 410 1837 »
433 1819 480 1839 του
493 1819 582 1846 τιμιου
603 1819 732 1847 ονοματος
746 1819 817 1846 μνη-

36 1851 156 1887 μονεύσας.
173 1852 240 1883 Ἐὰν
263 1864 279 1882 ο
296 1864 310 1880 ν
337 1852 442 1893 μάθῃς,
468 1852 536 1886 τίνες
560 1852 631 1882 κατὰ
656 1852 700 1882 τὸν
723 1851 817 1883 Ἰσαὰκ

35 1897 176 1934 γεννῶνται,
191 1896 252 1927 τότε
281 1895 401 1937 εὑρήσεις
433 1896 608 1938 ἀδιάψευστον
635 1898 683 1934 τὴν
700 1898 818 1936 ἐπαγγε-

36 1938 84 1968 λίαν
97 1952 103 1958 ·
115 1941 212 1976 τούτοις
234 1941 289 1982 γὰρ
310 1941 386 1978 ἐδόθη
401 1941 426 1960 ²⁴
451 1941 485 1971 τὰ
501 1941 712 1982 ἐπαγγελθέντα.
727 1939 818 1971 “nos:

36 1983 60 2013 οὗ
81 1985 295 2026 βλασφημῆσθαί
316 1987 388 2016 ἐστιν
409 1985 480 2021 ἄξιος
493 1988 508 2017 ὃ
524 1986 603 2021 Θεός.
619 1985 659 2018 ⁸0
680 1986 732 2027 γὰρ
745 1982 818 2016 εἶπεν

38 2027 144 2068 ἐποίησε,
160 2031 211 2062 κᾶν
225 2043 297 2065 τινες
311 2032 340 2062 οὗ
356 2032 461 2062 νοῶσιν.

72 2177 85 2195 α
97 2166 161 2198 Ἀλλ’
184 2170 211 2199 ἐν
239 2167 337 2200 Ἰσαὰκ
357 2167 523 2205 κληθήσεταί
541 2180 583 2199 σοι
605 2168 731 2209 σπέρμα,
754 2180 818 2198 του-

867 1589 966 1618 semini
978 1593 1026 1617 tuo
1036 1589 1118 1618 dabo.
1132 1600 1145 1613 υ
1162 1588 1311 1617 Videamus
1324 1587 1405 1624 igitur
1419 1588 1499 1624 quale
1513 1588 1550 1616 sit
1560 1596 1664 1616 semen.

869 1636 931 1662 Non
945 1634 1021 1662 enim
1034 1641 1131 1662 omnes
1141 1633 1188 1670 qui
1205 1640 1238 1661 ex
1256 1632 1415 1662 Abrahamo
1425 1653 1433 1667 ,
1449 1632 1487 1660 illi
1504 1632 1667 1668 simpliciter

867 1683 932 1708 sunt
943 1687 1056 1708 semen:
1083 1686 1173 1715 neque
1188 1677 1234 1714 qui
1261 1685 1294 1706 ex
1307 1677 1406 1712 Israel,
1426 1681 1493 1706 sunt
1514 1677 1663 1706 Israelita}:

869 1732 963 1752 verum
977 1724 1024 1760 qui
1047 1723 1198 1752 secundum
1226 1723 1350 1751 lsaacum
1376 1722 1433 1750 nati
1458 1726 1543 1757 sunt,
1565 1723 1666 1759 quique

869 1768 975 1798 lsraelis
981 1768 1080 1796 virtute
1091 1767 1241 1804 conspicui,
1254 1775 1304 1804 per
1315 1775 1399 1804 quam
1408 1768 1497 1795 Deum
1511 1768 1665 1804 conspexit.

869 1814 931 1842 Non
942 1813 1015 1841 enim
1029 1813 1108 1847 dixit,
1120 1812 1212 1849 Quiex
1224 1812 1322 1846 Jacob,
1330 1811 1390 1846 sed,
1404 1823 1417 1836 «ι
1428 1812 1480 1847 Qui
1490 1819 1523 1840 ex
1538 1813 1633 1849 Israel,
1652 1824 1665 1837 ιι

870 1857 1052 1886 honoratioris
1064 1857 1188 1885 nominis
1204 1857 1374 1884 mentionem
1386 1855 1499 1884 faciens.
1516 1856 1571 1884 Ubi
1584 1857 1667 1892 igitur

869 1902 996 1932 didiceris
1018 1902 1064 1938 qui
1090 1900 1243 1929 secundum
1259 1902 1333 1929 Isaac
1344 1904 1503 1933 nascantur.
1525 1901 1667 1929 inveniens

869 1952 1012 1976 vacantem
1025 1946 1170 1975 mendacio
1185 1945 1396 1982 promissionem
1412 1955 1421 1972 :
1437 1945 1496 1973 istis
1509 1945 1584 1973 enim
1600 1953 1666 1982 pro-

871 1993 956 2021 m'ussa
966 1995 1029 2020 sunt
1040 1990 1168 2019 exhibita.
1185 1992 1275 2026 Quare
1293 1991 1369 2018 Deus
1381 1989 1595 2026 haudquaquam
1610 1998 1666 2018 ma-

870 2037 976 2066 ledictis
1002 2035 1180 2065 incessendus
1207 2044 1214 2064 :
1237 2034 1311 2072 quod
1325 2035 1398 2063 enim
1419 2034 1504 2069 dixit,
1534 2034 1561 2063 id
1585 2043 1667 2072 opere

869 2083 972 2120 pariter
998 2080 1163 2118 complevit,
1188 2080 1297 2109 etiamsi
1318 2079 1443 2108 nonnulli
1466 2079 1540 2109 haud
1565 2080 1666 2110 intelli-

870 2132 996 2202 ga‘iitlins.
1012 2175 1046 2205 8,
1061 2175 1088 2200 9.
1102 2183 1115 2196 ι
1129 2170 1184 2200 Sed
1199 2170 1228 2198 in
1242 2171 1318 2199 lsaac
1329 2169 1473 2199 vocabitur
1489 2169 1539 2198 tibi
1550 2178 1644 2199 semen
1657 2193 1665 2206 ,

37 2210 125 2248 τίστιν,
144 2214 172 2242 οὗ
194 2213 228 2243 τὰ
255 2213 336 2243 τέχνα
357 2215 406 2250 τῆς
429 2213 540 2254 σαρκὸς,
562 2215 648 2243 ταῦτα
668 2215 748 2244 τέχνα
772 2217 813 2245 τοῖ

913 2222 969 2253 est,
980 2225 1038 2245 non
1053 2216 1099 2253 qui
1112 2216 1161 2244 ﬁlii
1181 2215 1284 2250 carnis,
1300 2214 1329 2242 hi
1348 2214 1394 2242 lilii
1409 2214 1476 2248 Dei;
1492 2214 1540 2243 sed
1555 2215 1601 2251 qui
1617 2215 1665 2244 ﬁlii

37 2255 112 2286 Θεοὶἷι
127 2257 193 2287 ἀλλᾶ
215 2258 249 2289 τὰ
270 2258 350 2288 τέκνα
373 2260 420 2294 τῆς
442 2258 604 2298 ἐπαγγελίας
626 2258 757 2298 λογίζεται
777 2261 813 2294 εἷς

907 2267 937 2291 nt
952 2261 1145 2299 promissionis
1163 2260 1334 2289 aestimantur
1350 2259 1378 2287 in
1400 2259 1517 2288 semine.
1543 2260 1664 2288 Promis-

38 2300 139 2340 σπέρμα.
155 2302 338 2342 Ἐπαγγελίας
353 2302 404 2343 γὰρ
419 2305 433 2333 ὃ
447 2302 524 2344 λόγος
543 2298 618 2337 οὗτος
642 2315 649 2322 ·
673 2303 754 2334 Κατὰ
768 2305 813 2334 τὸν

38 2345 114 2384 καιρὸν
126 2349 215 2377 τῶτον
236 2347 396 2386 ἐλεύσομαι,
413 2347 459 2377 καὶ
474 2347 548 2378 ἔσται
614 2348 709 2390 Σάῤῥα
722 2348 787 2384 υἱός.
802 2363 815 2377 ι

38 2390 87 2419 Οὖιι
97 2390 158 2430 ἐγὼ,
169 2392 263 2432 φησὶν,
279 2392 418 2432 ἑρμηνεΰω
430 2391 457 2412 ²⁵
466 2404 524 2432 σοι,
533 2393 560 2422 τί
573 2393 630 2422 ἐστι
639 2393 670 2422 τὸ
680 2393 775 2430 ἀληθὲς
789 2394 816 2414 ³⁸

38 2434 130 2475 σπέρμα
143 2439 187 2466 τοῦ
202 2436 344 2477 Ἀϐραὰμ,
358 2436 416 2467 ἀλλ’
428 2440 445 2474 ἡ
459 2436 585 2476 Παλαιὰ,
601 2438 727 2468 εἰποῦσα·
739 2452 752 2466 α
765 2438 815 2470 Ἐν

37 2477 116 2509 Ἰσαὰκ
137 2482 299 2518 κληθήσεταί
322 2493 364 2512 σοι
389 2482 534 2523 σπέρμα.»
563 2482 653 2513 Ὠστε
674 2482 730 2513 ὅσοι
744 2483 816 2514 κατὰ

37 2522 72 2569 tiu
95 2524 184 2556 Ἰσαὰκ
211 2527 377 2567 ἐτέχθησαν,
401 2527 555 2565 τουτέστιν,
581 2527 608 2563 ἐξ
636 2528 815 2569 ἓπαγγελίαξ,

37 2563 97 2613 ᾧτρί
115 2572 176 2600 εἶσιν
198 2563 307 2608 ἄληθῧς
328 2563 407 2602 τέιινα
432 2563 572 2613 Ἀϐραὰμ,
599 2563 752 2613 pmoé'at
769 2563 815 2604 τού

18 2614 21 2619 ’
37 2612 105 2659 etei.
117 2615 154 2646 Τὸ
166 2615 217 2657 γὰρ
230 2621 286 2646 πᾶν
297 2619 343 2647 τοῦ
361 2617 432 2648 θείου
445 2612 524 2657 λόγου
540 2618 655 2659 ἐγένετο.
669 2619 740 2650 Οὐδὲ
753 2618 816 2659 γὰρ,

39 2657 216 2692 ὠδὲδἸσαὰκ
240 2661 315 2703 νόμῳ
337 2662 384 2693 καὶ
408 2663 518 2702 δυνάμει
541 2657 644 2704 φῦσεως
668 2657 818 2705 ἐγεννήθη,

869 2308 955 2337 sionis
965 2307 1042 2335 enim
1055 2305 1170 2334 verbum
1179 2304 1233 2333 hoc
1244 2308 1286 2333 est
1298 2313 1305 2332 :
1317 2304 1475 2333 Secundum
1490 2304 1542 2332 hoc
1554 2308 1663 2341 tempus

870 2353 978 2382 veniam
987 2372 995 2386 ,
1010 2355 1037 2380 et
1046 2351 1099 2379 erit
1106 2351 1180 2379 Saraa
1190 2349 1263 2378 ﬁlius
1274 2346 1298 2377 ¹¹.
1316 2360 1329 2373 ιι
1343 2350 1407 2378 Non
1417 2357 1483 2385 ego,
1499 2350 1600 2386 inquit,
1613 2350 1663 2379 tibi

869 2398 1034 2433 interpretor
1047 2395 1114 2432 quid
1132 2395 1169 2423 sit
1188 2402 1281 2423 revera
1303 2402 1397 2422 semen
1419 2394 1588 2430 Abrahami,
1616 2396 1664 2424 sed

870 2442 977 2472 Veteris
989 2440 1155 2470 Testamenti
1166 2439 1320 2476 Scriptura,
1344 2446 1408 2476 quae
1422 2439 1502 2474 dicit,
1515 2451 1527 2464 σι
1544 2440 1576 2467 In
1589 2440 1665 2469 isaae

870 2487 1013 2516 vocabitur
1021 2486 1071 2515 tibi
1083 2484 1208 2514 semen‘.
1227 2496 1238 2509 η
1265 2484 1402 2520 Quocirca
1420 2488 1558 2522 quotquot
1567 2492 1665 2513 secun-

870 2533 937 2562 dum
949 2534 1026 2561 Isaac
1046 2531 1104 2560 nati
1123 2535 1204 2566 sunt,
1224 2529 1277 2558 hoc
1302 2533 1343 2558 est
1362 2537 1394 2558 ex
1413 2530 1610 2565 promissione,
1627 2530 1664 2557 illi

870 2582 934 2607 sunt
950 2585 1043 2606 revera
1057 2576 1104 2604 ﬁlii
1118 2575 1276 2609 Abraham,
1289 2574 1345 2602 imo
1375 2582 1438 2602 vero
1455 2574 1515 2602 Dei.
1542 2573 1664 2602 Verbum

870 2623 945 2652 enim
963 2621 1089 2651 divinum
1117 2620 1231 2649 omnino
1254 2619 1400 2655 impletum
1423 2622 1491 2647 erat.
1513 2619 1576 2646 Non
1589 2618 1664 2646 enim

870 2669 949 2697 Isaac
962 2667 1021 2704 lege
1034 2666 1212 2703 potentiaque
1226 2669 1333 2693 naturae
1353 2669 1433 2693 natus
1444 2667 1502 2698 est,
1513 2670 1610 2691 verum
1625 2670 1666 2690 se-

67 2725 79 2745 ⁸
90 2725 154 2757 Gen.
169 2735 240 2763 xm,
259 2731 302 2758 15.
340 2727 355 2746 ¹¹
369 2730 440 2759 Gen.
458 2738 554 2767 xvm,
572 2734 616 2760 Io.
653 2731 662 2750 ί
677 2731 750 2761 Gen.
764 2739 810 2767 ιι,
826 2733 870 2761 l2.

709 2781 806 2812 Variae
826 2782 977 2813 lectiones.

69 2839 87 2859 ²¹
98 2842 126 2872 τὸ
137 2853 164 2875 o.
199 2845 223 2864 ³³
237 2844 341 2876 ἐθνικῶν
350 2856 378 2877 ο.
416 2846 439 2866 ﬂ
453 2847 574 2886 ιδόθησαν
589 2855 617 2879 ο.
654 2848 676 2868 ³⁸
689 2847 832 2886 ἑρμηνεύσω
845 2850 870 2878 τι
884 2858 911 2879 ο.
949 2848 972 2866 ²⁶
987 2847 1086 2884 ἀληθῶς
1099 2855 1128 2877 ο.
