1901 3077
237 171 287 200 463

729 165 987 196 THEOPHYLACTI
1006 167 1183 197 BULGARLE
1201 163 1358 196 ARCHIEP.
1823 171 1860 198 Ml

236 233 359 263 cundum
373 232 525 270 potentiam
536 232 743 268 promissionis:
757 239 836 265 nam;
851 243 862 256 α
878 231 998 260 Secundt

1091 231 1159 261 ἄλλᾶ
1173 231 1242 262 κατὰ
1267 231 1377 268 δύναμιν
1395 231 1554 271 ἐπαγγελίας
1571 244 1577 250 ·
1604 244 1620 259 κ
1640 232 1722 262 Κατὰ
1735 232 1778 261 τὸν
1791 233 1860 273 καιρὸν

237 279 289 308 hoc
307 283 417 315 tempus
434 278 560 312 veniam,
580 277 669 313 inquit
681 298 688 311 ,
709 281 737 305 et
754 276 806 305 erit
824 277 899 305 Sarze
918 276 1001 304 ﬁlius.
1020 286 1033 303 »

235 324 360 352 Verbum
374 323 467 360 itaque
487 322 539 350 Dei
556 322 638 350 ﬁnxit
660 322 751 356 Isaac,
770 325 796 350 et
816 321 919 358 genuit.
935 321 1033 349 Consi-

237 369 296 397 mili
313 376 379 397 sane
400 368 512 396 ratione
530 375 611 404 super
636 375 687 395 nos
711 366 782 395 ﬁlios
805 366 856 394 Dei
875 367 904 394 in
927 367 1035 394 lavacro

237 414 424 450 baptismatis,
450 413 530 440 veluti
552 412 581 440 in
602 411 730 445 matrice,
753 411 832 440 verba
853 411 945 439 divina
971 419 1035 447 pro-

238 459 412 492 nuntiantur,
428 465 513 494 eaque
537 465 589 484 nos
615 456 749 492 reﬁngunt
767 467 773 484 ;
790 456 926 491 siquidem
939 456 966 483 in
981 463 1035 484 no-

239 503 315 532 mine
330 502 434 537 Patris,
456 506 483 530 et
497 501 572 535 Filii,
594 505 622 529 et
640 501 760 537 Spiritus
780 501 881 535 sancti,
903 500 1034 536 baptizati

238 555 413 584 generamur.
428 549 468 576 Ac
481 546 595 582 perinde
615 550 646 574 ut
659 546 714 574 illic
728 546 812 573 Isaaci
829 545 1035 582 generationem

237 592 419 630 promiserat,
443 599 527 627 quam
543 595 639 626 postea
654 590 792 626 implevit,
808 590 847 618 sic
870 594 898 618 et
911 594 1035 618 nostram

237 636 474 673 regenerationem
499 636 626 671 promisit
652 643 698 671 per
716 635 877 671 prophetas,
901 638 929 662 et
943 639 1035 670 postea

235 681 357 718 perfecit.
377 681 467 716 Quare
481 680 565 714 illud,
589 692 602 704 «ι
629 681 660 707 In
672 681 749 708 Isaac
762 679 905 707 vocabitur
930 679 1034 707 tibise-

237 734 316 760 men,
331 737 343 750 ι
359 725 397 754 sic
411 724 602 761 accipiendum
615 728 656 752 est
679 734 686 751 :
705 724 749 752 Illi
761 728 826 752 sunt
839 731 934 752 semen
949 723 1034 752 Abra-

238 771 330 805 liami,
346 770 392 807 qui
406 770 491 798 Isaaci
513 769 666 797 nativitatis
686 768 722 797 ad
744 769 831 797 instar
850 773 915 797 sunt
933 768 1033 805 geniti,

238 815 291 844 hoc
313 819 355 844 est
368 823 418 851 per
443 814 559 842 verbum
584 813 721 842 divinum.
741 814 802 841 Non
826 813 910 849 igitur
933 812 1035 841 excidit

1089 277 1140 316 γὰρ
1155 279 1244 307 τοῦτον
1269 276 1427 313 ἐλεύσομαι,
1453 277 1499 306 καὶ
1523 277 1597 306 ἔσται
1625 279 1661 316 τῇ
1678 277 1770 317 Σάῤῥᾳ
1784 278 1859 310 υἱός.»

1088 322 1129 351 Τὸ
1144 319 1188 351 οὖν
1205 324 1278 362 ῥῆμα
1290 323 1337 351 τοῦ
1352 323 1423 353 Θεοῦ
1436 321 1563 351 διέκλασε
1579 322 1624 350 τὸν
1642 321 1740 352 Ἰσαὰκ
1754 321 1796 351 καὶ
1809 322 1863 360 ἐγίν-

1088 378 1167 403 νησεν
1181 366 1219 396 ²⁷.
1244 366 1324 396 Οὕτω
1348 366 1380 401 δὴ
1402 366 1448 396 καὶ
1475 367 1514 406 ἐφ’
1539 367 1616 404 ἡμῶν
1643 368 1696 396 τῶν
1721 367 1810 396 τέκνων
1830 370 1862 396 τῶ

1089 413 1174 447 Θεοῦ,
1186 412 1212 440 ἐν
1281 410 1455 451 κολυμϐήθρᾳ
1465 435 1474 448 ,
1491 413 1527 444 ὣς
1549 412 1575 440 ἐν
1591 410 1686 451 μήτρα
1713 410 1756 449 ³⁸,
1778 412 1863 451 ῥήματα

1088 458 1146 485 θεῖα
1166 455 1350 495 ἐπιλέγονται,
1372 456 1483 486 κάκεῖνα
1503 458 1576 494 ἡμᾶς
1598 455 1816 486 ἀναπλάττουσιν.
1831 457 1863 489 Εἷς

1088 500 1172 540 ὄνομα
1194 500 1246 540 γὰρ
1264 500 1388 540 Πατρὸς,
1403 501 1448 530 καὶ
1465 501 1541 537 Υἱοῢ,
1566 500 1610 530 καὶ
1627 500 1707 540 ἁγίου
1733 501 1863 538 [Inopem

1090 545 1278 585 βαπτιζόμενοι
1303 544 1465 585 γεννώμεθα.
1496 545 1549 575 Καὶ
1574 544 1670 584 ὥσπερ
1694 546 1748 574 ἐκεῖ
1760 545 1862 584 ἐπηγγεί-

1087 591 1154 620 λατο
1167 590 1215 626 τὴν
1240 593 1285 620 τοῦ
1312 589 1406 620 Ἰσαὰκ
1430 591 1567 629 γέννησιν,
1596 585 1646 619 εἶθ’
1671 589 1778 630 ὕστερον
1800 589 1864 624 ἐπλή-

1089 646 1172 674 ρωσεν
1187 646 1193 653 ·
1211 634 1281 664 οὕτω
1296 634 1343 664 καὶ
1359 635 1407 671 τὴν
1423 634 1557 674 ἡμετέραν
1573 634 1755 673 ἐπηγγείλατο
1769 633 1806 663 διὰ
1827 635 1863 662 τῶν

1089 681 1252 720 προφητῶν,
1277 679 1323 709 καὶ
1348 679 1417 717 μετὰ
1440 682 1526 708 ταῦτα
1553 679 1732 709 ἐτελείωσεν-
1757 678 1818 708 ὥστε
1829 679 1861 713 τὸ,

1088 737 1100 750 α
1115 723 1161 754 Ἐν
1174 723 1269 754 Ἰσαὰκ
1279 723 1440 760 κληθήσεταί
1454 735 1496 753 σοι
1511 723 1638 764 σπέρμα,
1652 739 1663 750 ιι
1681 723 1751 752 οὕτω
1761 725 1861 759 νοεῖσθαι,

1089 769 1147 798 ἀντὶ
1168 771 1229 806 τοῦ,
1253 768 1370 799 Ἐκεῖνοι
1396 769 1447 798 εἰσι
1469 769 1577 808 σπέρμα
1605 768 1751 809 Ἀϐραὰμ,
1775 769 1796 797 οἱ
1812 767 1862 796 κατὰ

1088 812 1132 842 τὸν
1159 813 1257 854 τρόπον
1271 815 1318 849 τῆς
1334 815 1381 842 τοῦ
1406 812 1501 844 Ἰσαὰκ
1527 813 1679 853 γεννήσεως
1705 811 1861 852 γεννηθέντες,

239 867 332 888 sermo
353 860 421 894 Dei,
447 859 495 887 sed
523 866 588 887 vero
615 858 732 892 semini,
757 858 810 886 hoc
835 862 878 886 est
910 857 998 885 ﬁdelil:

1091 858 1230 897 τουτέστι,
1251 857 1294 887 διὰ
1315 857 1393 896 λόγου
1416 857 1495 888 θείου.
1519 859 1579 888 Οὐκ
1604 858 1658 898 ἄρα
1676 857 1861 887 διαπέπτωχενδ

238 913 271 933 ex
286 904 426 941 gentibus,
441 904 489 940 qui
504 903 565 932 facti
587 907 651 931 sunt
664 903 712 930 ﬁlii
731 902 781 930 Dei
806 902 879 931 sicut
896 906 924 930 et
942 903 1033 936 Isaac,

238 953 374 986 quatenus
387 953 414 977 et
424 948 451 976 hi
465 957 496 977 ex
508 948 707 984 promissione,
723 947 800 975 dedit
820 955 882 984 quae
897 947 1035 983 promisit.

238 995 284 1023 Sin
300 998 395 1023 autem
413 993 502 1022 Judaei
518 993 610 1021 dicant
624 992 699 1028 quod
711 992 800 1027 istud,
819 1003 832 1016 α
854 993 886 1020 In
898 993 976 1020 Isaac
988 1000 1034 1020 vo-

238 1039 345 1067 cabitur
359 1039 408 1067 tibi
422 1046 535 1071 semen,
554 1049 566 1061 ιι
586 1037 638 1065 hoc
659 1037 811 1073 signiﬁcat,
825 1045 943 1072 nempe,
961 1035 1036 1073 quod

238 1084 256 1111 ii
269 1084 315 1120 qui
336 1085 414 1112 Isaac
439 1082 567 1119 prognati
594 1086 673 1110 erant
680 1102 689 1117 ,
704 1089 799 1110 semen
823 1081 942 1109 Abrahae
955 1088 1036 1117 repu-

238 1132 342 1162 tentnr,
369 1131 509 1164 oporteret
531 1131 560 1155 et
584 1126 722 1155 Idumaeos
742 1129 769 1154 et
793 1133 891 1154 omnes
914 1125 948 1153 ab
973 1125 1036 1161 ipso

238 1172 369 1200 oriundos
390 1179 483 1200 semen
498 1171 619 1199 Abrahae
642 1170 783 1207 appellari.
805 1169 947 1206 Siquidem
961 1170 1036 1205 ipso-

239 1225 301 1245 rum
314 1217 471 1253 progenitor
481 1218 553 1245 Esau
563 1215 635 1244 ﬁlius
649 1220 708 1244 erat
721 1216 808 1243 Isaac.
822 1215 970 1252 Atquijam
981 1222 1037 1242 non

237 1263 329 1291 solum
352 1270 408 1290 non
431 1266 563 1290 vocantur
583 1260 733 1289 Abrahami
747 1260 810 1295 ﬁlii,
835 1267 929 1288 verum
950 1258 1035 1288 etiam

239 1306 318 1335 valde
332 1310 398 1335 sunt
418 1305 582 1341 abalienati,
603 1305 802 1342 alienigenique
823 1304 962 1333 dicuntur.

276 1397 333 1434 66
344 1398 434 1426 Vnns.
455 1400 496 1425 l0.
513 1408 525 1421 ιι
542 1398 605 1425 Non
615 1397 708 1425 solum
729 1400 838 1430 autem,
853 1395 901 1424 sed
911 1395 1036 1423 Rebecca
1052 1396 1075 1428 C

239 1443 324 1471 etiam
346 1450 379 1470 ex
404 1450 459 1470 uno
484 1445 664 1477 conceperat,
690 1442 765 1468 Isaac
792 1445 868 1476 patre
891 1444 998 1468 nostro.
1023 1451 1035 1464 ιι

238 1487 402 1515 Monstravit
421 1486 496 1522 quod
511 1493 575 1514 cum
590 1485 672 1514 multi
686 1489 714 1513 et
728 1485 796 1513 varii
821 1484 980 1513 Abrahamo
993 1491 1036 1512 es-

238 1535 302 1559 sent
311 1531 375 1565 ﬁlii,
390 1532 467 1558 Isaac
481 1534 594 1558 vocatus
608 1530 644 1558 sit
661 1537 758 1558 semen
773 1540 780 1557 :
797 1529 889 1565 itaque
902 1533 929 1557 et
943 1528 977 1564 ii,
989 1529 1036 1565 qui

239 1575 324 1603 simiti
339 1582 393 1610 qua
419 1575 476 1610 ipse
490 1578 643 1602 nascuntur
663 1573 778 1602 ratione.
802 1575 867 1601 Jam
882 1581 948 1601 vero
968 1573 1006 1601 ait
1029 1581 1036 1600 :

240 1621 305 1647 Non
324 1619 352 1646 iu
367 1620 444 1647 Isaac
460 1622 569 1646 tantum
592 1619 646 1647 hoc
671 1618 762 1646 videre
784 1625 881 1654 queas,
901 1618 952 1646 sed
963 1618 1038 1654 quod

241 1663 331 1700 majus
346 1667 405 1698 est,
432 1664 461 1692 in
475 1662 608 1692 fratribus
633 1663 716 1691 etiam
741 1671 774 1691 ex
799 1662 899 1691 eodem
921 1667 999 1699 patre
1011 1667 1039 1691 et

242 1712 345 1743 matre,
361 1708 448 1744 iisque
464 1707 582 1745 geminis
591 1708 747 1744 propagatis
756 1729 764 1743 ,
779 1709 853 1736 Esau
863 1708 997 1736 nimirum
1011 1712 1039 1736 et

240 1753 336 1782 Jacob.
354 1753 449 1790 Neque
468 1752 545 1781 enim
560 1753 597 1781 illi
620 1752 720 1782 eadem
737 1757 802 1781 sunt
814 1752 967 1785 consecuti,
989 1752 1039 1781 sed

241 1798 310 1826 alter
332 1797 448 1834 quidem
461 1797 580 1832 electus,
600 1798 669 1826 alter
683 1805 748 1826 vero
770 1797 837 1826 odio
860 1801 903 1826 est
917 1797 1035 1826 habitus.

240 1844 333 1879 Quare
341 1850 377 1871 ne
390 1850 499 1879 quaaras
511 1850 562 1871 cur
575 1847 670 1879 gentes
683 1842 812 1879 elegerit,
825 1850 925 1878 easque
942 1850 1036 1871 semen

240 1887 374 1922 Abrahae,
389 1887 445 1916 imo
470 1887 595 1916 divinum
616 1887 725 1922 fecerit,
740 1887 874 1916 Hebmos
887 1891 979 1915 autem
994 1895 1037 1915 re-

239 1932 351 1968 pulerit,

274 1978 365 2006 Vsns.
387 1979 480 2005 11-13.
497 1988 510 2001 α
535 1977 603 2004 Cum
618 1976 694 2004 enim
713 1975 838 2003 nondum
853 1976 910 2004 nati
928 1980 1035 2008 essent,

239 2025 288 2049 aut
305 2020 410 2057 aliquid
432 2021 499 2048 boni
521 2021 657 2056 egissent,
680 2024 727 2048 aut
739 2019 804 2047 mali
821 2022 863 2053 (ut
885 2020 1036 2048 secundum

241 2065 406 2093 electionem
414 2065 585 2100 propositum
595 2065 646 2092 Dei
655 2068 789 2098 maneret,
796 2072 853 2092 non
861 2071 892 2092 ex
899 2065 1040 2101 operibus,
1053 2061 1079 2093 D

240 2108 289 2137 sed
313 2117 346 2137 ex
359 2110 497 2143 vocante),
522 2108 630 2137 dictum
651 2113 694 2136 est
707 2108 731 2136 ei
747 2118 753 2136 ι
770 2109 861 2144 Major
872 2109 972 2137 serviet
984 2110 1037 2138 mi-

241 2153 324 2182 nori:
341 2153 412 2181 sicut
431 2153 565 2189 scriptum
581 2157 624 2182 est
643 2153 752 2181 :Jacob
772 2152 871 2186 dilexi,
894 2154 968 2182 Esau
990 2161 1038 2182 au-

241 2203 298 2227 tem
309 2197 374 2227 odio
389 2197 470 2226 habui
486 2199 506 2226 ⁸.
525 2209 538 2222 ι
563 2199 714 2226 Necessum
733 2197 817 2226 fuerit
837 2198 880 2226 hic
898 2206 949 2227 nos
967 2206 1037 2235 prae-

240 2243 365 2278 mittere,
383 2247 466 2280 atque
480 2243 643 2272 summatim
658 2243 793 2279 explicare
814 2251 927 2272 sensum
942 2251 1037 2272 eorum

240 2297 302 2325 qua:
319 2288 422 2325 prolixe
434 2287 560 2316 dicturus
574 2292 616 2316 est
633 2287 792 2323 Apostolus.
809 2288 880 2323 Quia
893 2288 969 2316 enim
982 2296 1038 2316 non

241 2333 318 2368 pauci
337 2332 480 2367 dicebant,
496 2333 587 2361 Eccur
598 2333 668 2361 Deus
689 2337 784 2369 gentes
799 2333 922 2361 Hebraeis
935 2337 1037 2369 praetu—

241 2376 273 2404 lit
291 2379 353 2410 (nec
368 2377 443 2405 enim
469 2377 616 2414 quisquam
630 2377 732 2406 dixerit
746 2377 820 2406 istud
847 2378 957 2406 virtutis
971 2385 1037 2414 ergo

240 2421 390 2458 contigisse
404 2431 410 2449 :
424 2429 521 2450 omnes
532 2422 605 2450 enim
619 2422 832 2458 peccaverunt)?
846 2422 950 2459 colligit
966 2424 1038 2458 Apo-

242 2465 329 2494 stolus
351 2465 438 2494 multo
459 2466 588 2503 ambigua
611 2471 706 2495 nostro
725 2467 839 2503 quidem
862 2467 972 2502 ingenio
998 2467 1037 2494 in-

241 2510 508 2546 compreliensibilia,
520 2511 570 2539 soli
583 2515 677 2539 autem
686 2513 744 2539 Deo
757 2510 1016 2547 comprehensibilia
1029 2521 1035 2538 :

239 2555 388 2591 statuitque
399 2556 520 2591 primum
529 2560 593 2584 ante
605 2559 781 2592 conspectum
789 2575 797 2589 ,
808 2554 883 2591 quod
896 2555 969 2583 inter
978 2555 1037 2584 illos

236 2600 306 2629 duos
316 2600 416 2628 fratres
430 2600 571 2636 didymos,
592 2602 661 2629 alter
675 2600 791 2637 quidem
805 2600 850 2636 qui
865 2600 968 2628 electus
977 2604 1036 2635 est,

238 2653 295 2673 non
314 2645 349 2673 sit
370 2649 482 2682 propter
509 2645 637 2674 virtutem
665 2646 790 2674 electus:
812 2645 881 2674 alter
896 2653 960 2674 vero
989 2645 1036 2681 qui

282 2693 290 2715 ³
302 2694 371 2722 Gen.
388 2702 463 2729 xxv,
478 2697 523 2724 23.

1088 902 1164 941 λόγος
1177 905 1222 932 τοῦ
1248 903 1334 940 Θεοῦ,
1361 902 1430 932 ἀλλὰ
1454 904 1493 943 τῷ
1516 903 1636 943 ἀληθινῷ
1662 903 1862 942 eripuerint»)-

1087 947 1177 984 τέστι,
1189 948 1244 981 τοῖς
1259 947 1286 981 ἐξ
1297 948 1377 977 ἐθνῶν
1392 951 1511 984 πιστοῖς,
1533 951 1589 981 τοῖς
1613 947 1765 986 γενομένοις
1786 946 1860 977 τέκνοις

1088 993 1159 1022 Θεοῦ
1170 1015 1177 1026 ,
1197 993 1232 1025 ὡς
1247 991 1293 1021 καὶ
1311 993 1325 1021 ὁ
1345 991 1440 1021 Ἰσαὰκ
1452 1013 1459 1027 ,
1487 991 1553 1021 καθὸ
1570 991 1617 1021 καὶ
1641 987 1716 1022 οὗτοι
1730 990 1756 1025 ἐξ
1773 991 1860 1028 ἐπαγγι-

1088 1036 1158 1075 λίας,
1174 1037 1284 1066 δέδωκεν
1302 1036 1319 1066 ἃ
1333 1036 1475 1076 ὑπέσχετο.
1496 1037 1528 1066 Εἰ
1543 1036 1570 1066 δὲ
1585 1036 1689 1076 λέγοιεν
1705 1037 1729 1066 οἷ
1748 1035 1859 1068 Ἰουδαῖοι,

1089 1080 1130 1110 ὅτι
1144 1081 1190 1120 τὸ,
1208 1093 1224 1109 α
1235 1081 1280 1111 Ἐν
1296 1080 1392 1111 Ἰσαὰκ
1407 1081 1570 1117 κληθήσεταί
1585 1093 1629 1111 σοι
1645 1081 1768 1120 σπέρμα,
1781 1093 1791 1105 ι
1803 1081 1858 1108 τοῦτο

1089 1126 1182 1162 δηλοῖ,
1197 1125 1227 1155 τὸ
1242 1125 1303 1160 τοὺς
1322 1125 1349 1160 ἐξ
1365 1125 1462 1156 Ἰσαὰκ
1481 1126 1664 1165 γεννωμένους
1689 1123 1860 1164 λογίζεσθαιτῷ

1089 1170 1212 1210 Ἀϐραὰμ
1224 1171 1260 1204 εἰς
1279 1169 1385 1210 σπέρμα
1399 1182 1405 1189 ·
1431 1170 1481 1199 ἔδει
1496 1170 1541 1199 καὶ
1563 1170 1624 1204 τοὺς
1647 1169 1816 1208 Ἰδουμαίους,
1828 1167 1862 1196 καὶ

1089 1215 1191 1249 πάντας
1202 1214 1313 1248 ἐκείνους
1325 1215 1360 1251 ²⁹,
1377 1214 1486 1254 σπέρμα
1501 1214 1626 1253 Ἀϐραὰμ
1641 1214 1817 1254 χρηματίζειν.
1831 1210 1855 1240 Ὁ

1088 1259 1140 1300 γὰρ
1149 1260 1176 1278 ³ο
1186 1259 1312 1299 πρόγονος
1327 1260 1413 1288 αὐτῶν
1427 1258 1527 1298 Ἡσαῦ,
1541 1259 1594 1292 υἱὸς
1606 1255 1639 1296 ἦν
1652 1262 1700 1289 τοῦ
1713 1258 1808 1288 Ἰσαάκ.
1821 1257 1859 1285 Νῖρτ

1089 1305 1116 1334 δὲ
1131 1306 1160 1334 οὗ
1184 1304 1264 1343 μόνον
1279 1305 1308 1334 οὖ
1320 1303 1529 1345 χρηματίζουσιν
1544 1304 1596 1333 υἱοὶ
1606 1307 1653 1333 τοῦ
1666 1303 1798 1343 Ἀϐραὰμ,
1810 1301 1858 1330 ἄλλά

1090 1349 1136 1379 καὶ
1148 1348 1249 1389 σφόδρα
1261 1349 1463 1388 ἡλλοτρίωνται,
1482 1349 1527 1378 καὶ
1539 1349 1688 1389 ἀλλόφυλοι
1703 1347 1858 1386 ὀνομάζονται.

1134 1404 1147 1422 ι
1169 1394 1210 1423 Οὖ
1227 1393 1306 1431 μόνον
1320 1393 1348 1423 δὲ
1360 1416 1368 1431 ,
1386 1393 1456 1423 ἀλλὰ
1473 1393 1519 1422 καὶ
1541 1392 1695 1432 Ῥεϐέκκα,
1711 1392 1736 1427 ἐξ
1752 1392 1802 1424 ἑνὸς
1818 1389 1859 1419 κοί·

1090 1449 1138 1474 την
1163 1437 1278 1477 ἔχουσα,
1295 1439 1341 1467 τοῦ
1368 1437 1465 1478 πατρὸς
1491 1439 1567 1474 ἡμῶν
1592 1437 1702 1468 Ἰσαάκ.
1718 1448 1733 1466 ι)
1761 1433 1858 1466 Ἐδειξεν

1090 1482 1129 1512 ὅτι
1143 1483 1248 1512 πολλῶν
1265 1482 1310 1512 καὶ
1330 1482 1460 1523 διαφόρων
1479 1482 1562 1512 ὄντων
1580 1482 1680 1512 τέκνων
1696 1483 1734 1521 τῷ
1748 1478 1859 1520 Ἀϐραὰμ.

1090 1528 1103 1556 ὁ
1120 1527 1214 1557 Ἰσαὰκ
1228 1525 1326 1563 ἐκλήθη
1342 1527 1450 1567 σπέρμα
1467 1538 1474 1544 ”
1490 1526 1560 1556 ὥστε
1577 1527 1625 1556 καὶ
1650 1528 1675 1556 οἱ
1698 1525 1788 1565 ὁμοίως
1803 1524 1857 1560 αὖτῷ

1091 1571 1239 1610 τικτόμενοι
1254 1583 1260 1590 ·
1278 1571 1324 1600 καὶ⁵
1338 1573 1381 1601 νῦν
1398 1566 1445 1601 οὖν
1461 1583 1542 1612 φησιν
1553 1594 1562 1611 ,
1585 1571 1628 1601 ὅτι
1643 1573 1685 1602 οὗ
1707 1571 1780 1610 μόνον
1793 1567 1815 1597 δὲ
1830 1566 1859 1596 ἐπὶ

1090 1619 1136 1646 τοῦ
1160 1615 1256 1646 Ἰσαὰκ
1280 1619 1355 1646 τοῦτο
1380 1615 1444 1650 ἴδοις
1455 1610 1473 1653 ,-
1489 1615 1560 1645 ἀλλὰ
1585 1617 1616 1646 τὸ
1645 1618 1749 1656 μεῖζον,
1771 1612 1811 1644 καὶ
1829 1610 1859 1640 ἐπὶ

1091 1662 1210 1702 ἀδελφῶν
1233 1661 1404 1701 ὁμοπατρίων
1432 1661 1478 1690 καὶ
1502 1662 1675 1702 ὁμομητρίων
1697 1661 1742 1691 καὶ
1756 1658 1858 1702 διδύμαν,

1090 1708 1138 1735 τοῦ
1151 1717 1180 1735 τε
1195 1705 1282 1736 Ἡσαῦ
1304 1706 1409 1735 καὶτοῦ
1424 1705 1539 1736 Ἰακώϐ.
1558 1707 1628 1736 Οὐδὲ
1650 1706 1717 1746 γὰρ,
1740 1703 1792 1734 οὐδὲ
1806 1704 1856 1730 οὓτω

1090 1752 1141 1779 τῶν
1153 1751 1239 1779 αὐτῶν
1256 1750 1414 1786 ἀπήλαυσαν
1424 1774 1431 1787 ,
1449 1751 1509 1779 ἀλλ’
1532 1752 1546 1780 ὃ
1563 1750 1611 1788 μὲν
1629 1750 1733 1789 ἐξελέγη
1744 1772 1751 1784 ,
1764 1747 1808 1777 ὅδὲ
1818 1746 1858 1789 lin:

1091 1795 1171 1832 σήθη.
1189 1793 1274 1824 ¹⁷Ωστε
1293 1794 1331 1832 μὴ
1346 1795 1454 1824 ἀπαίτει
1476 1787 1587 1834 λόγους,
1612 1797 1682 1828 τίνος
1697 1787 1770 1824 ἕνεκα
1783 1787 1858 1821 τοὺςέῖ

1091 1840 1171 1868 ἐθνῶν
1209 1837 1361 1877 ἐξελέξατο,
1390 1839 1437 1868 καὶ
1465 1839 1575 1879 σπέρμα
1609 1839 1751 1880 Ἀϐραὰμ,
1777 1835 1855 1875 μᾶλλον

1091 1883 1119 1913 δὲ
1134 1886 1201 1914 θεῖον
1210 1907 1219 1922 ,
1232 1883 1339 1920 ἐποίησε
1354 1895 1360 1902 ·
1374 1883 1434 1918 τοὺς
1448 1883 1476 1914 δὲ
1491 1883 1637 1924 Ἑϐραίους
1651 1884 1781 1915 ἀπώσατο.

1133 1985 1147 2000 α
1162 1972 1253 2009 Μήπω
1267 1973 1318 2013 γὰρ
1335 1973 1528 2014 γεννηθέντων,
1548 1974 1617 2014 μηδὲ
1639 1973 1788 2015 πραξάντων
1803 1971 1857 2015 αἶγας

1092 2017 1136 2047 θόν
1159 2029 1184 2047 τι
1211 2017 1228 2053 ἢ
1255 2019 1354 2055 κακὸν,
1375 2017 1419 2047 ἵνα
1444 2019 1535 2055 ἠκατ’
1557 2013 1670 2059 ἐκλογὴν
1696 2017 1806 2059 πρόθεσις
1823 2013 1856 2040 τοῦ

1094 2064 1165 2093 Θεοῦ
1192 2062 1274 2102 μένῃ,
1298 2064 1346 2092 οὒκ
1366 2062 1393 2098 ἐξ
1417 2063 1518 2104 ἔργων,
1539 2065 1599 2094 ἀλλ’
1616 2066 1646 2094 ἐκ
1668 2066 1711 2095 τοῦ
1726 2062 1844 2092 καλοῦντος
1851 2077 1856 2089 ι

1095 2106 1193 2153 ἐῤῥήθη
1215 2108 1282 2153 αὗτῇ
1295 2129 1303 2143 ,
1319 2107 1360 2136 ὅτι
1376 2107 1412 2138 Ὁ
1429 2108 1526 2146 μείζων
1543 2110 1678 2140 δουλεύσει
1693 2109 1729 2148 τῷ
1743 2104 1857 2153 Eliso“:

1094 2145 1181 2185 καθὼς
1208 2145 1374 2192 γέγραπται·
1403 2145 1457 2183 Τὸν
1485 2153 1586 2183 Ἰακὼϐ
1610 2145 1736 2194 ἠγάπησα
1743 2173 1750 2187 ν
1773 2148 1815 2194 τὸν,

1092 2195 1180 2226 Ἡσαῦ
1201 2196 1328 2234 ἐμίσησα.
1352 2207 1366 2226 n
1390 2197 1546 2238 Ἀναγκαῖόν
1575 2192 1641 2228 ἐστι’
1659 2198 1785 2238 προειπεῖν
1805 2192 1858 2238 ﬁli"

1091 2240 1134 2270 τὸν
1151 2232 1219 2270 νοῦν.
1236 2243 1288 2270 τῶν
1309 2232 1465 2280 μελλόντων.
1480 2245 1590 2284 ῥηθῆναι
1616 2243 1659 2273 διὰ
1681 2232 1781 2282 ’μακροῦ
1799 2232 1856 2284 fi”

1091 2287 1138 2315 τοῦ
1156 2279 1330 2318 Ἀποστόλου.
1348 2286 1460 2324 Ἐπειδὴ
1472 2279 1524 2328 γὰρ
1537 2288 1627 2328 ἔλεγον
1643 2290 1667 2319 οἱ
1677 2279 1765 2317 πολλοί
1779 2295 1784 2301 ·

1091 2331 1171 2359 ἕνεκα
1184 2329 1218 2359 τὰ
1229 2330 1290 2367 ἔθνη
1301 2322 1520 2371 προετιμήθησαν
1530 2332 1552 2350 ³⁸
1568 2322 1620 2363 τίῦν
1631 2330 1762 2372 Ἑϐραίων
1772 2326 1811 2366 (οὖ
1820 2322 1855 2372 Ti‘?

1092 2374 1124 2403 ἂν
1139 2373 1209 2419 είποι
1227 2386 1266 2408 τις
1279 2399 1284 2409 ,
1300 2367 1340 2405 ὅτι
1363 2367 1399 2406 διί
1417 2367 1512 2416 ἀρετήν
1527 2389 1534 2396 ·
1551 2377 1650 2411 πάντες
1663 2367 1713 2417 γάρ
1728 2367 1855 2419 ἥμαρτονξὲ

1092 2418 1198 2458 συνάγει
1213 2421 1228 2449 ὁ
1243 2419 1400 2455 Ἀπόστολος
1414 2421 1501 2452 πολλὰ
1520 2422 1608 2462 ἄπορα
1618 2446 1626 2459 ,
1638 2425 1700 2461 ἡμῖν
1715 2418 1760 2458 μὲν
1771 2419 1853 2462 ﬁt“?

1091 2465 1183 2500 ληπτα
1195 2487 1203 2501 ,
1220 2464 1292 2504 μόνῳ
1306 2464 1332 2494 δὲ
1346 2466 1410 2506 Θεῷ
1427 2467 1589 2503 καταληπτά
1603 2479 1609 2486 ”
1625 2467 1671 2496 καὶ
1686 2464 1854 2506 δείκνυσι

1091 2497 1135 2537 τον
1147 2497 1206 2542 τοὺς
1220 2497 1283 2538 ’δύοι
1295 2497 1417 2548 διδύμους
1442 2497 1568 2552 ἀδελφοὺς
1578 2535 1586 2548 ,
1608 2512 1648 2541 ὅτι
1669 2511 1696 2540 οὗ
1714 2509 1744 2538 δι’
1757 2497 1855 2552 dim?”

1092 2553 1207 2592 ἔκλεγεὶς
1227 2546 1358 2593 ἐξελέγη,
1376 2555 1434 2584 οὐδὲ
1463 2546 1516 2585 διὰ.
1530 2546 1627 2586 κακίαν
1653 2558 1667 2586 ὁ
1687 2546 1851 2594 μισηθεὶςλέμις

1178 2599 1223 2635 (οὗ
1238 2597 1289 2638 γὰρ
1307 2591 1461 2639 Ἲέπράξαντο
1486 2601 1582 2639 ἀγαθὸν
1607 2601 1624 2636 ἢ
1639 2591 1727 2644 κακον,
1744 2591 1817 2644 inf"
1829 2591 1851 2622 τῇ

1090 2642 1168 2678 νηδύϊ
1194 2644 1241 2679 τῆς
1262 2643 1361 2683 μητρὸς
1382 2643 1466 2684 ὄντες)
1490 2657 1496 2663 ·
1523 2645 1593 2676 ἀλλὰ
1614 2648 1647 2686 τῇ
1664 2643 1716 2683 θείᾳ
1737 2639 1848 2679 προθέσείι

934 2735 1028 2765 Variae
1049 2735 1201 2767 lectiones.

273 2779 294 2796 "’
321 2778 441 2816 ἐγεννήθη
466 2788 494 2809 o.
533 2780 555 2797 "’
578 2780 611 2812 ὥς
631 2780 657 2807 ἐν
682 2780 779 2817 μήτρᾳ,
810 2782 841 2816 τῇ
871 2780 1032 2816 κολυμϐήθρᾳ
1060 2788 1087 2808 ο.
1125 2781 1148 2798 ’θ
1173 2782 1306 2818 Chrysost.
1336 2783 1428 2815 πάντας
1454 2783 1510 2815 τοὺς
1532 2783 1572 2811 ἀπ’
1603 2783 1702 2811 ἐκείνου.
1736 2778 1755 2795 ³⁰
1780 2772 1802 2800 δὲ
1823 2776 1842 2796 ⁰¹

238 2818 258 2836 ³⁸
274 2820 424 2856 προετίμησε
437 2828 475 2848 m.
