1901 3077
35 184 80 212 463

497 182 672 211 EXPOSITIO
691 183 723 211 IN
744 183 850 212 EPIST.
869 185 915 213 AD
935 185 1018 213 ΒΟΜ.
1037 186 1162 214 -ΟΛΡ,
1184 187 1232 215 IX.

1630 189 1682 216 486

35 247 148 278 τουτέστι
159 269 167 284 ,
232 246 388 287 προγνώσει,
399 248 413 276 6
426 247 482 286 ’μὲν
501 247 608 286 ἐξελέγη
624 248 670 278 καὶ
679 250 807 287 ἠγαπήθη
817 273 825 285 ,

906 250 943 278 lio
965 255 1009 279 est
1029 250 1152 286 habitus,
1177 251 1213 280 ob
1235 252 1298 280 vitia
1325 260 1379 280 non
1403 253 1439 280 sit
1460 253 1577 288 rejectus
1605 253 1679 290 (non

36 294 84 324 ὅδὲ
102 292 222 331 ἐμισήθη
241 304 247 310 ·
269 291 358 324 καθὼς
370 293 414 321 καὶ
436 294 450 322 6
464 292 602 333 προφήτης
617 293 688 333 λέγει
701 316 709 329 ,
722 294 762 323 δτι
776 295 830 324 Τὸν

36 338 78 377 μὲν
93 337 247 377 ἠγάπησα,
271 337 314 365 τὸν
340 337 366 367 δὲ
391 337 509 375 ἕμίσησα
525 349 532 356 -
555 337 600 366 ἵνα
616 337 647 367 τὸ
671 343 724 368 πᾶν
747 334 828 378 ᾗτοῧ

37 384 101 413 Θεοῦ
110 405 118 418 ,
133 382 181 410 καὶ
202 383 251 417 τῆς
266 382 346 410 αὐτοῦ
363 381 511 421 προθέσεως
532 382 558 401 ³²
574 382 619 411 καὶ
645 383 828 422 προγνώσεως.

39 426 86 457 Καὶ
101 426 127 456 τί
141 425 216 465 λέγω
232 426 353 464 τούτουςς
368 426 437 456 ἀλλὰ
455 427 500 456 καὶ
523 428 547 456 οἱ
568 426 736 467 Ἰσραηλῖται
763 429 829 458 πάν-

38 483 75 504 τες
88 471 322 511 ἐμοσχοποίησαν,
335 470 380 500 καὶ
391 472 415 500 οἱ
431 471 480 509 μὲν
493 472 677 508 ἐκολάσθησαν
688 495 696 508 ,
711 473 735 502 οἳ
747 472 773 502 δὲ
787 473 828 503 οὔ.

42 516 90 546 Καὶ
104 518 116 544 6
129 515 242 555 Φαραὼ
257 515 372 554 σκληρὸς
386 515 435 555 μὲν
455 511 487 551 ἦν
509 517 614 552 ἀληθῶς
629 528 636 535 ⁶
654 517 723 547 ἀλλὰ
737 518 829 547 πολλοὶ

41 561 79 590 καὶ
104 560 188 590 ἄλλοι.
223 561 287 593 Πῶς
312 555 356 590 οὖν
383 560 461 599 μόνος
489 561 647 598 κολάζει-αις
676 561 761 601 Ὁρᾷς
789 562 830 591 ὅτι

40 608 115 635 ταῦτα
131 604 180 644 μὲν
197 604 378 646 ἀκατάληπτα
395 605 556 645 ἀνθρώποις,
575 605 649 646 μόνῳ
665 606 692 636 δὲ
702 607 766 646 θεῷ
781 618 829 636 κα-

42 650 174 687 ταληπτάς
197 649 294 682 Οὕτως
316 645 361 679 οὖν
376 650 421 679 καὶ
443 652 460 685 ἡ
483 652 534 679 τῶν
550 645 760 690 ἐθνῶννὰλογὴ,
783 651 829 680 καὶ

43 696 87 724 τῶν
101 694 238 734 Ἑϐραίων
257 694 394 731 ἀποϐολὴ,
411 697 476 731 ἡμῖν
497 694 545 733 μὲν
569 695 720 735 παράλογος
736 695 826 734 δοκεῖ,

42 741 75 779 τῷ
89 739 113 770 δὲ
135 740 200 780 Θεῷ
224 739 390 775 δικαιοτάτη.
403 735 497 778 λοότός
521 741 591 770 ἔστιν
613 741 627 769 6
652 743 710 774 νοῦς
731 740 828 774 παντὸς

42 786 81 813 τοῦ
96 783 203 824 χωρίου.

883 296 958 324 enim
974 301 1089 333 egerunt
1101 297 1251 334 quidquam
1268 297 1332 325 boui
1349 301 1397 325 aut
1417 298 1493 331 mali,
1506 307 1570 327 cum
1590 299 1679 328 adhuc

884 341 912 369 in
935 345 1014 370 utero
1028 346 1119 370 essent
1129 344 1148 376 ξ,
1171 350 1268 370 verum
1285 341 1378 370 divino
1398 343 1549 378 proposito,
1565 343 1618 371 hoc
1639 350 1680 372 est

883 386 1067 422 praascientia,
1091 387 1159 415 alter
1183 386 1294 423 quidem
1316 391 1358 415 est
1381 387 1484 415 electus
1504 392 1532 416 et
1552 387 1680 422 dilectus,

883 433 952 461 alter
960 441 1025 461 vero
1034 433 1097 462 odio
1107 433 1228 468 habitus,
1237 433 1331 462 itidem
1342 438 1372 461 ut
1380 433 1511 470 propheta
1522 438 1638 462 testatur
1648 432 1660 451 ¹¹
1674 446 1679 462 :

885 489 898 501 σι
922 478 1048 506 Alterum
1063 478 1173 515 quidem
1195 478 1289 511 dilexi,
1313 478 1430 506 alterum
1455 487 1520 507 vero
1543 478 1601 511 odi,
1620 491 1632 503 υ
1652 485 1679 507 ιιι

882 525 972 550 totum
991 522 1029 550 sit
1042 523 1091 550 Dei
1105 527 1186 559 atque
1202 523 1334 558 propositi
1349 523 1433 559 ipsius
1447 527 1474 551 et
1487 523 1678 559 praescientiae.

882 567 918 594 Et
925 566 991 602 quid
1000 566 1050 595 hos
1064 566 1144 595 dico?
1156 568 1216 595 Imo
1231 567 1360 596 Israelita
1373 575 1470 595 omnes
1484 567 1600 595 vitulum
1614 576 1679 595 con-

882 610 995 647 ﬂarunt,
1020 615 1048 639 et
1075 611 1118 639 alii
1146 611 1256 647 quidem
1283 612 1369 648 puniti
1384 612 1448 646 sint,
1472 612 1517 640 alii
1539 620 1604 640 vero
1626 621 1680 640 non

882 655 961 682 item.
992 655 1127 683 Prmtcrea
1151 655 1256 684 Pharao
1279 664 1372 684 revera
1395 655 1485 684 durus
1507 660 1577 690 erat,
1599 661 1681 692 atqui-

882 699 976 728 itidem
1001 700 1046 728 alii
1062 700 1152 728 multi.
1179 702 1271 736 Quare
1289 700 1371 735 igitur
1392 700 1467 728 solus
1490 700 1533 728 ille
1551 701 1680 736 punitur?

881 744 977 773 Viden‘
987 745 1046 773 haec
1059 744 1218 773 hominibus
1231 753 1290 773 esse
1308 745 1603 781 incomprehensibilia,
1629 747 1679 773 soli

881 793 975 817 autem
989 791 1047 818 Deo
1058 790 1258 826 perceptibilia?
1273 791 1350 818 Hane
1362 789 1395 818 ad
1408 790 1543 818 rationem
1559 790 1679 826 gentium

43 833 137 867 electio,
153 832 374 869 Judaeorumque
392 833 512 870 rejectio,
529 833 609 862 nobis
627 833 739 870 quidem
760 838 858 871 praeter
872 834 1006 863 rationem
1025 839 1053 862 et
1074 834 1192 863 absurda
1208 834 1323 869 videtur,
1344 836 1403 862 Deo
1424 839 1517 863 autem
1537 838 1579 863 est
1587 835 1681 871 justis-

43 878 113 906 sima.
128 879 195 906 Eae
209 882 252 906 est
263 878 397 906 sententia
415 879 501 907 totius
513 878 542 906 in
556 886 611 915 quo
626 887 701 907 nunc
712 883 835 908 versatur
849 879 912 907 loci.

77 937 87 948 ιι
101 923 135 953 Τί
149 918 192 953 οὖν
209 924 336 962 ἐροῦμεν;
358 923 404 959 Μὴ
427 923 517 953 ἀδικία
531 923 606 964 παρὰ
625 925 663 964 τῷ
677 925 757 964 Θεῷ;
779 923 826 960 Μὴ

921 925 1011 952 νεεδ.
1038 927 1080 952 l4.
1100 933 1115 949 α
1133 924 1207 960 Quid
1229 924 1311 960 igitur
1329 924 1472 952 dicemus?
1487 923 1617 960 Nunquid
1637 925 1679 951 in-

45 968 148 1006 γένοιτοι
169 979 185 997 ιι
213 969 319 998 Οὐκοῦν
340 968 399 998 οὐδὲ
423 967 462 1008 ἐφ’
483 969 560 1006 ἡμῶν
582 970 635 998 τῶν
656 970 764 999 ἕθνικῶν
780 968 825 998 καὶ

44 1014 87 1041 τῶν
102 1012 235 1043 Ἰουδαίων
251 1013 339 1046 ἄδικος
357 1015 371 1042 6
387 1013 466 1046 Θεός.

81 1059 151 1097 «Τῷ
165 1056 216 1096 γὰρ
233 1059 323 1097 Μωσῇ
340 1057 412 1095 λέγει
424 1069 430 1075 ·
444 1057 567 1092 Ἐλεήσω
582 1056 611 1086 6v
628 1057 660 1087 ἂν
681 1058 763 1094 ἕλεῶ,
780 1058 825 1087 καὶ

44 1102 186 1141 οἰκτειρήσω
217 1102 247 1131 8v
274 1101 306 1130 ἃν
340 1102 473 1143 οἰκτείρω.
502 1114 516 1131 ι)
551 1102 764 1138 Ἐπισυνάπτει,
791 1103 826 1136 ὡς

44 1147 82 1175 καὶ
99 1146 219 1187 ἀνωτέρω
234 1146 359 1186 εἴρηται,
385 1146 431 1176 καὶ
456 1146 544 1188 ἕτερον
569 1147 599 1176 ἐκ
616 1149 665 1183 τῆς
680 1148 806 1181 Παλαιᾶς
816 1170 824 1186 ,

45 1190 170 1228 δεικνύων,
185 1191 224 1221 ὅτι
240 1192 255 1220 6
270 1191 338 1224 Θεὸς
359 1191 437 1229 μόνος
452 1187 505 1221 οἶδε
517 1191 576 1225 τοὺς
592 1191 679 1226 ἀξίους
694 1191 711 1227 ἢ
725 1193 824 1230 τιμῆς,

45 1235 58 1269 ἢ
77 1235 210 1270 κολάσεως.
230 1235 326 1266 Καίτοι
342 1236 394 1275 γὰρ
413 1236 522 1266 πάντων
541 1236 634 1272 ἐπίσης
656 1236 825 1275 ἁμαρτανόν-

44 1280 128 1318 tum”,
138 1280 179 1309 ὅτε
190 1280 416 1321 ἐμοσχοποίησαν·
429 1280 500 1318 ὅμως
512 1283 526 1311 6
534 1281 604 1314 Θεὸς
613 1281 673 1314 τοὺς
687 1281 735 1320 μὲν
748 1282 824 1317 ἐλεεῖ,

45 1324 95 1357 τοὺς
105 1323 129 1353 δὲ
139 1325 304 1366 παραδίδωσι
316 1325 370 1358 τοῖς
382 1323 506 1359 Λευίταις
517 1326 552 1358 εἷς
562 1325 681 1366 σφαγήν.
698 1326 753 1355 Καὶ
765 1325 824 1354 οὐδὲ

46 1370 134 1405 Μωσῆς
153 1365 203 1399 οἶδε
227 1369 276 1405 τὴν
299 1370 404 1408 αἰτίαν,
427 1371 441 1399 6
457 1372 579 1403 τοσοῦτος
594 1381 601 1388 ·
623 1370 668 1399 καὶ
685 1369 717 1399 σὺ
733 1370 824 1399 αἰτίαν

47 1414 165 1451 ἀπαιτεῖς,
180 1414 247 1448 τίνος
263 1414 340 1444 ἕνεκα
366 1415 392 1444 οἱ
413 1414 508 1444 ἐθνικοὶ
527 1414 763 1454 προετιμήθησαν,
780 1415 824 1444 καὶ

48 1460 119 1487 ταῦτα
135 1459 288 1500 ἁμαρτωλοὶ
302 1459 390 1496 ὄντες
409 1458 504 1490 Καίτοι
516 1459 542 1478 ³⁴
551 1459 673 1500 Δἠδύνατο
687 1461 702 1489 6
716 1460 824 1492 Παῦλος

49 1503 116 1532 εἰπεῖν
138 1498 315 1540 ⁴ι’ὴνἺαίτίαν,
340 1504 373 1540 ἣν
399 1505 520 1544 ἀλλαχοῦ
541 1498 631 1542 εἶπεν,
655 1503 694 1533 ὅτι
720 1505 755 1534 Οἱ
777 1504 825 1541 μὲν

876 967 982 1004 justitia
1004 972 1046 996 est
1065 968 1138 1005 apud
1159 971 1268 997 Deum?
1290 969 1378 997 Absit.
1397 980 1408 992 ιι
1434 970 1527 1004 Itaque
1542 976 1631 1004 neque
1653 969 1679 996 in

879 1021 931 1040 nos
945 1012 1079 1046 ethnicos,
1095 1021 1182 1049 neque
1198 1013 1226 1040 in
1237 1013 1348 1041 Iudaeos
1363 1013 1482 1048 injustas
1496 1016 1538 1040 est
1554 1013 1643 1040 Deus.

916 1061 999 1088 Vnus.
1013 1063 1056 1087 15.
1067 1072 1079 1083 ιι
1095 1060 1184 1096 Moysi
1197 1060 1270 1088 enim
1281 1060 1346 1088 dicit
1358 1068 1364 1087 :
1377 1059 1529 1087 Miserebor
1536 1060 1681 1096 cujuscun-

879 1112 932 1140 que
950 1104 1079 1132 misertus
1094 1104 1172 1132 fuero
1188 1113 1194 1132 :
1211 1109 1238 1133 et
1258 1104 1475 1132 commiserabor
1490 1112 1680 1140 quemcunque

879 1149 1087 1177 commiseratus
1107 1148 1198 1177 fuero.
1224 1159 1238 1176 η
1263 1149 1407 1186 Adjungit,
1430 1153 1461 1176 ut
1481 1153 1510 1177 et
1534 1157 1615 1185 supra
1639 1149 1679 1177 di-

879 1197 955 1221 ctum
970 1197 1022 1227 est,
1037 1197 1065 1221 et
1074 1193 1157 1222 alium
1179 1194 1271 1222 locum
1286 1202 1317 1222 ex
1339 1193 1428 1222 Veteri
1443 1195 1620 1222 Testamento
1635 1202 1679 1221 os-

880 1238 1005 1271 tendens,
1022 1239 1078 1274 7o
1099 1238 1175 1275 quod
1197 1239 1274 1267 solus
1291 1240 1366 1267 Deus
1379 1239 1455 1266 norit
1467 1239 1514 1275 qui
1531 1239 1586 1266 sint
1603 1238 1678 1274 digni

881 1282 920 1310 vel
935 1282 1052 1316 honore,
1076 1283 1117 1310 vel
1133 1291 1212 1319 pmna
1233 1283 1281 1320 (ι).
1307 1284 1378 1311 Nam
1395 1283 1520 1319 quamvis
1534 1290 1632 1311 omnes
1647 1291 1677 1310 ex

880 1334 962 1362 aequo
977 1332 1144 1362 peccassent,
1167 1336 1231 1356 cum
1252 1328 1367 1356 vitulum
1383 1328 1528 1360 ﬁnxerunt,
1550 1328 1626 1355 Deus
1641 1331 1678 1354 ta-

880 1379 945 1399 men
968 1371 1086 1400 aliorum
1109 1372 1220 1408 quidem
1242 1373 1397 1406 miseretur,
1420 1372 1490 1400 alios
1509 1379 1572 1399 vero
1597 1371 1679 1399 tradit

879 1416 981 1444 Levitis
995 1421 1026 1444 ut
1039 1417 1269 1445 interﬁcerentur.
1283 1418 1379 1452 Neque
1394 1417 1494 1450 Moses.
1504 1420 1596 1444 tantus
1604 1416 1677 1452 apud

880 1461 983 1495 Deum,
1002 1461 1139 1489 rationem
1166 1462 1244 1489 novit
1257 1471 1263 1489 :
1279 1465 1307 1489 et
1320 1465 1350 1489 tu
1364 1469 1476 1490 causam
1491 1461 1613 1497 postulas
1631 1469 1680 1488 cur

878 1509 974 1541 gentes
996 1505 1102 1534 Judaeis
1128 1506 1183 1534 sint
1205 1506 1334 1541 praelatae,
1356 1514 1421 1534 cum
1444 1509 1538 1534 tamen
1559 1505 1680 1542 peccatis

49 1545 194 1586 Ἰσραηλῖται
221 1548 250 1582 ἐξ
279 1547 364 1588 ἔργων
386 1549 510 1586 ἐνόμισαν
535 1549 699 1578 δικαιοῦσθαι
719 1560 726 1567 σ
754 1544 825 1578 οὗτοι

906 1549 989 1578 ιῖοοιω
999 1552 1109 1578 essent?
1120 1551 1204 1586 Atqui
1219 1551 1317 1578 Paulus
1327 1550 1417 1587 potuit
1429 1550 1563 1578 rationem
1574 1550 1678 1580 dicere,

50 1591 84 1629 δὲ,
98 1593 124 1621 ἐκ
141 1593 252 1627 πίστεως
272 1593 318 1622 καὶ
342 1593 468 1633 χάριτοςο
490 1592 550 1622 ἀλλ’
571 1593 601 1622 οὖ
622 1592 694 1632 λιγει
717 1595 778 1630 νῦν,
793 1594 823 1623 ἐκ

48 1637 179 1675 περιουσίας
201 1637 381 1675 ἐπιστομίζων
405 1637 465 1671 τοὺς
493 1637 664 1678 περιέργως,
693 1637 739 1667 καὶ
764 1638 825 1667 πεί-

50 1682 91 1709 θων
103 1682 176 1719 μηδὲν
189 1684 240 1712 τῶν
258 1685 304 1711 τοῦ
319 1683 389 1713 Θεοῦ
404 1683 591 1722 λογοπραγεῖν.

83 1827 95 1843 ι
110 1815 169 1857 Ἄρα
185 1813 228 1848 οὖν
254 1819 284 1848 οὗ
309 1819 354 1846 τοῦ
376 1816 513 1850 θέλοντος,
537 1815 658 1846 οὐδὲτοῦ
673 1816 824 1856 τρέχοντος,

51 1859 106 1889 ἀλλὰ
123 1864 165 1891 τοῦ
187 1863 320 1895 ἐλεοῦντος
343 1863 424 1891 Θεοῦ.
441 1872 457 1890 ι)
480 1859 580 1892 Ἤθελε
603 1861 651 1899 μὲν
678 1862 824 1900 εὐλογῆσαι

52 1903 128 1934 Ἰσαὰκ
141 1905 181 1935 τὸν
194 1906 284 1937 Ἡσαῦ
298 1918 305 1925 ·
331 1906 424 1946 ἔτρεχε
443 1907 470 1936 δὲ
486 1905 575 1936 Ἡσαῦ
602 1907 638 1939 εἷς
660 1906 690 1935 τὸ
713 1905 822 1943 πεδίον,

52 1948 79 1991 ὡς
91 1948 117 1977 ἂν
136 1951 261 1990 θηρεύσας
285 1950 368 1991 θήραν
389 1951 530 1991 εὖλογηθῇ.
549 1950 585 1980 Ὁ
601 1950 628 1979 δὲ
650 1949 718 1983 Θεὸς
731 1950 757 1969 ³⁵
779 1950 823 1979 τὸν

53 1990 134 2023 Ἰακὼϐ
146 1995 225 2035 κρίσει
239 1996 349 2035 δικαίᾳ,
363 1996 400 2029 ὡς
417 1995 487 2030 ἄξιον
501 1990 607 2028 πάντως
618 2019 624 2029 ,
642 1996 689 2030 τῆς
704 1994 824 2033 εὐλογίας

53 2041 124 2077 πιεῖν
150 2040 266 2076 ἐποίησε.
294 2041 374 2070 Δοκεῖ
404 2039 431 2069 δὲ
456 2041 570 2069 ἐνταῦθα
598 2040 628 2069 τὸ
657 2038 822 2073 αὐτεξούσιον

55 2081 149 2122 ἀναιρεῖν
178 2086 191 2113 6
219 2084 396 2118 Ἀπόστολος·
423 2085 470 2114 οὐκ
497 2084 554 2114 (uti
581 2083 629 2113 δέ’
654 2083 713 2113 ἀλλ’
731 2083 823 2124 ὥσπερ

54 2125 87 2154 επὶ
109 2129 150 2163 ἧς
165 2129 244 2164 οἰκίας
271 2130 400 2169 λέγομεν,
428 2128 469 2158 ὅτι
491 2129 532 2159 Τὸ
549 2133 602 2158 πᾶν
627 2131 672 2158 τοῦ
701 2128 823 2168 τεχνίτου

54 2170 110 2206 ἐστὶ,
121 2172 199 2204 καίτοι
214 2175 298 2204 δεῖται
313 2174 358 2204 καὶ
375 2173 451 2213 ὕλης,
473 2173 519 2204 καὶ
539 2175 591 2203 τῶν
606 2173 821 2213 συνεργησάντων

877 1603 960 1631 quam
975 1599 1002 1623 et
1016 1595 1069 1622 alio
1081 1596 1108 1622 in
1124 1595 1184 1623 loco
1206 1595 1331 1629 reddidit,
1347 1595 1476 1631 quoniam
1492 1595 1625 1623 Israelita;
1647 1603 1678 1622 ex

879 1640 1008 1676 operibus
1029 1640 1225 1668 existimarunt
1247 1648 1277 1668 se
1294 1639 1436 1675 iustiﬁcari
1456 1648 1462 1666 :
1484 1640 1544 1668 istm
1561 1647 1626 1668 vero
1645 1647 1678 1667 ex

879 1684 941 1719 ﬁde,
957 1688 986 1712 et
999 1685 1084 1721 gratia
1095 1694 1102 1712 :
1117 1693 1213 1713 verum
1225 1685 1253 1713 id
1263 1685 1324 1721 jam
1334 1693 1409 1713 nunc
1416 1693 1472 1713 non
1481 1685 1557 1719 dicit,
1566 1684 1677 1712 abunde

879 1729 994 1757 curiosis
1007 1737 1055 1757 ora
1075 1729 1232 1764 obstruens,
1254 1737 1286 1758 ac
1300 1729 1419 1758 suadens
1442 1734 1473 1758 ιιι
1484 1729 1560 1758 nihili
1579 1737 1677 1758 eorum

879 1781 942 1809 qua:
956 1773 990 1802 ad
1006 1775 1095 1802 Deum
1118 1778 1243 1810 spectant
1257 1774 1390 1802 rationem
1405 1774 1526 1810 exigant.

914 1819 1003 1846 Vsus.
1023 1821 1063 1846 16.
1081 1830 1094 1843 ‹‹
1108 1819 1193 1854 Igitur
1210 1827 1266 1846 non
1282 1823 1322 1846 est
1338 1819 1453 1847 volentis
1467 1826 1556 1854 neque
1567 1826 1678 1846 curren-

878 1863 921 1897 tis,
936 1862 986 1891 sed
1001 1863 1154 1891 miserantis
1168 1862 1229 1890 Dei.
1249 1874 1261 1887 »ι
1275 1863 1367 1891 Voluit
1380 1862 1491 1898 quidem
1506 1863 1581 1890 Isaac
1594 1862 1678 1891 bene—

876 1906 968 1935 dicere
991 1909 1073 1940 Esau,
1093 1907 1219 1934 currebat
1241 1910 1334 1934 autem
1351 1907 1422 1934 Esau
1436 1907 1465 1934 in
1479 1914 1625 1942 campum,
1647 1909 1677 1934 ut

878 1955 976 1980 venatu
990 1955 1069 1987 capta
1082 1950 1146 1983 fera,
1168 1950 1389 1979 benedictionem
1401 1959 1416 1978 a
1426 1954 1502 1986 patre
1512 1954 1675 1986 reportaret.

877 1996 932 2025 Sed
952 1998 1028 2024 Deus
1041 1996 1116 2032 justo
1138 1995 1244 2032 judicio
1263 1996 1411 2028 Iacobum,
1427 2003 1478 2023 ceu
1503 2003 1615 2031 prorsus
1633 1995 1676 2023 di-

876 2049 973 2077 gnum,
989 2040 1208 2069 benedictionem
1220 2040 1348 2076 consequi
1363 2039 1434 2068 fecit.
1452 2039 1569 2068 Videtur
1583 2045 1676 2068 autem

877 2085 922 2114 hic
932 2085 1047 2114 liberum
1057 2085 1199 2113 arbitrium
1211 2085 1307 2113 tollere
1319 2085 1480 2120 Apostolus,
1491 2088 1521 2112 at
1534 2084 1608 2112 istud
1621 2092 1677 2113 non

875 2130 931 2167 agit
946 2139 953 2158 :
974 2130 1022 2158 sed
1033 2129 1267 2166 quemadmodum
1281 2129 1316 2158 de
1328 2129 1412 2158 domo
1430 2128 1560 2163 dicimus,
1573 2130 1676 2158 Totum

876 2179 918 2204 est
939 2175 1059 2208 artiﬁcis,
1084 2183 1148 2203 cum
1162 2175 1272 2203 interim
1291 2182 1362 2210 opus
1384 2174 1484 2202 habeat
1502 2174 1636 2208 materia,
1650 2179 1678 2202 et

55 2214 113 2255 αὖτῷ
126 2228 132 2235 ·
146 2218 200 2248 ἀλλ’
217 2219 288 2258 ὅμως
302 2218 396 2256 ἕπιιδὴ
411 2219 441 2248 τὸ
463 2219 536 2252 τέλος
557 2218 656 2248 ἐκείνου
682 2218 755 2255 ἐστὶ,
781 2218 823 2247 λέ-

906 2219 1101 2256 νορεῐοῐοι-ἱὺιιε
1124 2220 1215 2256 ipsum
1230 2219 1444 2255 adjuvantibus:
1467 2223 1592 2247 attamen
1612 2219 1677 2255 quia

55 2268 131 2296 γομεν,
150 2262 227 2293 ὅτιτὸ
250 2268 303 2294 πᾶν
329 2264 430 2294 ἐκείνου
445 2262 514 2293 ἐστίν
535 2274 541 2281 ’
564 2262 634 2292 οὕτω
654 2263 698 2293 καὶ
720 2263 763 2292 ἐπὶ
778 2265 822 2292 τοῦ

56 2302 112 2333 Θεοῦ
129 2305 248 2346 λέγομεν,
269 2307 311 2338 ὅτι
332 2307 372 2339 Τὸ
386 2312 440 2337 πᾶν
453 2310 499 2338 τοῦ
515 2308 586 2337 Θεοῦ
607 2308 665 2337 ἐστι
677 2308 718 2344 εδ,
737 2307 823 2337 καίτοι

56 2348 220 2393 ξῆςλήμετέρας
245 2352 394 2393 προθυμίας
410 2353 493 2382 δεῖται
514 2354 529 2382 ὁ
542 2351 611 2386 Θεός
624 2364 630 2370 ί
652 2351 711 2381 ἀλλ’
730 2352 822 2388 ἐπειδὴ

60 2391 136 2428 ἒδιιῖνος
163 2391 274 2435 τελειοί,
293 2397 340 2427 καὶ
364 2397 460 2432 ἐκεῖνος
484 2401 628 2437 στεφανοῖ,
656 2396 702 2426 καὶ
729 2397 824 2430 ἐκεῖνος

62 2439 206 2481 “rapiat,
219 2443 347 2482 λέγομεν,
361 2442 402 2471 ὅτι
414 2442 454 2473 T6
471 2447 523 2472 πᾶν
538 2444 584 2471 τοῦ
601 2443 672 2472 Θεοῦ
690 2442 771 2470 ἐστιν.

92 2537 104 2553 ι
117 2528 187 2569 Λέγει
208 2531 259 2572 γὰρ
274 2535 291 2569 ἡ
316 2531 411 2572 Γραφὴ
431 2533 470 2571 τῷ
485 2532 609 2572 Φαραῷ,
628 2531 668 2560 ὅτι
689 2532 738 2565 Εἷς
758 2531 823 2561 αὐτὸ

61 2570 119 2600 tum
131 2570 250 2616 ἐξήγειρά·
261 2588 306 2613 σι,
333 2570 406 2610 ὅπως
429 2570 584 2615 ἐνδείξωμαι
600 2577 628 2605 ἐν
654 2575 695 2606 σοὶ
709 2575 759 2613 τὴν
774 2575 823 2605 δύ-

88 2632 214 2667 I‘Malacli.
229 2646 252 2674 1,
267 2643 295 2668 2.
333 2639 341 2657 ¹
355 2638 444 2668 Exod.
460 2646 576 2673 xum,
594 2641 638 2667 19.

876 2265 916 2292 rei
926 2264 1131 2292 consummatio
1144 2264 1178 2292 ab
1191 2264 1237 2292 illo
1250 2263 1360 2300 pendet,
1378 2263 1495 2292 dicimus
1509 2264 1610 2292 Totum
1623 2263 1676 2291 hoc

877 2309 950 2338 illius
963 2313 1026 2338 est:
1047 2309 1084 2337 ita
1105 2309 1190 2337 etiam
1212 2308 1247 2337 de
1261 2310 1324 2336 Deo
1348 2308 1474 2342 dicimus,
1490 2308 1565 2345 quod
1584 2312 1675 2336 totum

878 2354 927 2382 Dei
940 2354 985 2387 sit,
997 2354 1123 2390 quamvis
1147 2357 1176 2382 et
1187 2357 1282 2381 nostra
1299 2353 1440 2382 voluntate
1454 2352 1573 2390 indigeat
1590 2355 1676 2382 Deus.

878 2398 933 2427 Sed
947 2399 1081 2435 quoniam
1096 2399 1139 2426 ille
1150 2402 1326 2426 consummat
1343 2401 1372 2426 et
1392 2397 1506 2434 perﬁcit,
1526 2402 1555 2426 et
1568 2397 1612 2426 ille
1632 2405 1679 2426 co-

879 2450 971 2480 ronat,
997 2449 1025 2474 et
1056 2445 1102 2474 ille
1129 2444 1307 2480 condemnat,
1329 2444 1458 2479 dicimus,
1484 2444 1558 2481 quod
1586 2448 1677 2474 totum

881 2489 931 2518 Dei
949 2490 995 2519 sit.

915 2535 1007 2563 Vsns.
1025 2537 1058 2562 17
1063 2556 1069 2563 .
1086 2544 1102 2561 ιι
1115 2533 1190 2562 Dicit
1202 2534 1278 2562 enim
1301 2533 1441 2571 Scriptura
1456 2533 1590 2562 Pharaoni
1614 2541 1622 2560 :
1643 2534 1676 2560 In

876 2579 928 2607 hoc
943 2579 1033 2615 ipsum
1045 2579 1161 2608 excitavi
1184 2583 1221 2613 te,
1243 2582 1272 2607 ut
1285 2579 1430 2608 ostendam
1454 2578 1481 2606 in
1503 2582 1530 2606 te
1545 2577 1675 2606 virtutem

718 2677 813 2708 Varia
833 2679 985 2709 lectiones.

90 2729 107 2746 ³³
118 2734 219 2768 Υνώσεως
233 2746 259 2766 ο.
297 2738 319 2756 ³³
333 2738 495 2774 ἁμαρτόντων
510 2738 549 2765 ὅτι
561 2745 588 2766 ο.
627 2737 649 2754 ³⁵
663 2737 704 2764 καὶ
715 2739 798 2773 μέντοι
813 2745 839 2765 ο.

88 2787 119 2834 ςι)
140 2792 194 2834 lion
217 2795 267 2825 hoc
283 2797 342 2834 agit
362 2796 511 2832 Apostolus
532 2800 563 2824 ut
586 2795 714 2824 ostendat
733 2797 823 2824 Deum

64 2825 134 2858 |0lum
149 2832 174 2861 id
195 2843 268 2866 nosse
276 2825 358 2871 {used
380 2825 430 2866 Dei
445 2836 609 2871 miserantis,
625 2844 682 2865 non
705 2836 824 2865 hominis

877 2737 900 2754 ³⁵
913 2736 972 2762 ἀλλ’
990 2735 1005 2762 6
1019 2735 1081 2767 Θεὸς
1095 2743 1122 2763 ο.
1161 2735 1183 2753 ³⁶
1198 2735 1291 2762 ἐκείνου
1304 2743 1332 2764 0.

880 2794 1000 2823 volentis
1024 2798 1073 2822 aut
1087 2794 1227 2822 currentis
1246 2801 1307 2822 esse
1330 2792 1366 2822 ad
1389 2792 1508 2821 salutem
1525 2790 1677 2827 pervenire.

877 2837 1013 2864 Lumus
1025 2835 1175 2863 LATINIUS.
