1901 3077
224 174 275 202 667

729 171 986 200 THEOPHYLACTI
1006 171 1184 200 BULGARIIE
1201 171 1361 200 ARCHIEP.
1813 168 1851 196 468

222 243 316 264 meam
335 239 363 263 et
376 239 408 263 ut
428 235 612 262 annuntietur
624 241 727 262 nomen
742 242 836 262 meum
851 234 880 262 in
894 234 1019 262 universa

1078 235 1156 274 ναμίν
1178 246 1247 274 μου,
1265 234 1313 265 καὶ
1327 233 1398 267 ὅπως
1421 233 1548 273 διαγγελῇ
1569 232 1596 251 ³⁷
1623 230 1657 261 τὸ
1675 229 1759 269 ὄνομά
1771 241 1814 269 μου
1831 231 1850 260 ἐν

221 284 304 309 terra.
321 289 334 307 )›
353 278 607 316 Quemadmodum,
622 278 723 315 inquit,
734 286 831 306 eorum
844 279 889 315 qui
905 279 1019 308 vitulum

221 324 368 357 tinxerant,
391 323 436 351 alii
460 323 570 359 quidem
589 322 687 351 servati
710 327 797 357 erant,
814 324 859 352 alli
877 332 943 352 vero
954 331 1021 360 sup-

223 370 305 406 plicio
322 368 425 402 affecti,
447 368 506 396 solo
519 370 578 396 Deo
597 373 792 404 cognoscente,
807 369 922 405 quinam
947 369 1022 405 digni

224 418 318 443 essent
338 417 368 442 ut
391 417 439 441 aut
466 417 650 447 servarentur,
665 418 714 442 aut
728 413 892 450 punirentur
907 422 915 442 :
938 414 979 442 sic
995 417 1022 442 et

224 459 298 487 solus
313 458 430 491 Pharao,
447 465 512 486 cum
527 457 648 494 plerique
671 457 717 486 alii
727 457 841 494 etimpii
857 462 884 487 et
897 458 1021 487 scelerati

224 507 326 537 essent,
337 503 407 530 iram
419 502 470 531 Dei
477 506 606 539 expertus
619 506 670 530 est.
688 514 701 527 ι
712 504 829 539 Propter
840 503 893 531 hoc
904 503 995 539 ipsum
1007 514 1020 528 ι

223 548 309 583 enim,
322 548 429 584 inquit,
456 558 467 572 ι
484 555 501 575 o
516 547 632 580 Pharao,
647 547 760 575 excitavi
784 550 822 582 te,
842 557 856 574 »
879 547 906 576 id
926 552 978 582 est,
993 547 1022 576 in

224 592 350 621 medium
373 592 484 628 protuli,
508 596 540 620 ut
560 600 609 628 per
622 596 649 620 te
661 596 791 628 appareat
813 593 934 629 potentia
947 600 1021 627 mea,

224 641 461 674 coerceanturque
474 637 562 671 multi,
579 637 690 665 nomine
704 645 768 666 meo
782 645 831 666 ceu
841 637 917 674 justo
930 642 958 666 et
972 645 1021 674 po-

223 682 292 711 tenti
307 682 455 719 praedicato
468 681 497 710 in
509 682 635 710 universa
649 686 733 710 terra.

259 729 346 756 Vsns.
365 730 408 755 18.
426 738 439 751 ι(
458 728 527 764 Ergo
549 726 627 763 cujus
644 727 702 754 vult
719 726 876 761 miseretur,
895 730 923 755 et
941 734 1023 764 quem

224 772 282 800 vult
293 771 414 800 indurat.
429 783 442 796 ιι
459 771 546 799 Infert
556 771 774 805 conclusionem,
795 779 827 800 ac
839 771 1021 806 demonstrat,

224 816 300 853 quod
313 825 370 845 non
383 820 510 852 oporteat
520 816 660 844 rationem
672 817 780 852 exigere
795 824 810 844 a
827 818 895 844 Deo.
911 826 927 842 «
938 816 1023 853 Cujus

225 861 299 890 enim
320 861 378 889 vult
391 861 539 889 miseretur
554 869 562 889 :
577 871 592 886 ι)
607 860 719 896 perinde
736 864 819 897 atque
834 860 862 888 in
881 861 1020 895 Israelitis,

1076 279 1150 320 πάσῃ
1163 282 1197 318 τῇ
1212 281 1258 319 γῇ.
1284 292 1297 306 ι
1321 278 1430 318 Ὠσπερ
1451 277 1495 307 ἐπὶ
1515 278 1568 306 τῶν
1591 275 1851 316 μοσχοποιησάντων,

1075 324 1170 365 φησὶν,
1186 325 1210 354 οἱ
1223 323 1269 362 μὲν
1283 323 1435 360 ἐσώθησαν,
1451 323 1475 352 οἱ
1491 321 1519 351 δὲ
1535 321 1853 358 ἐκολάσθησαν,τοῧθεῶ

1076 364 1157 408 μόνου
1173 369 1270 403 εἰδότος
1284 368 1344 402 τοὺς
1357 367 1444 402 ἀξίους
1461 367 1479 404 ἢ
1499 366 1651 406 σωτηρίας,
1679 365 1698 402 ἢ
1719 364 1854 399 κολάσεως·

1076 414 1145 444 οὕτω
1159 413 1205 444 καὶ
1220 415 1234 444 ὁ
1252 412 1359 453 Φαραὼ
1373 412 1468 451 μόνος,
1493 411 1581 441 καίτοι
1596 412 1709 441 πολλῶν
1730 410 1774 439 καὶ
1785 409 1853 439 ἄλλων

1075 459 1222 500 γενομένων
1237 459 1374 498 πονηρῶν,
1397 456 1540 492 ἀπήλαυσε
1562 458 1609 492 τῆς
1633 457 1716 496 ὀργῆς
1722 457 1773 500 ’τοῦ
1792 454 1854 500 Θεοῦ.

1077 494 1223 535 Ᾱιὰῖτοῦτο
1243 503 1295 543 γὰρ
1308 494 1374 532 οὔτὸ
1389 501 1512 541 ἐξήγειρά
1533 512 1579 538 σι,
1594 494 1701 541 φησὶν,
1719 494 1741 529 ὦ
1756 498 1855 539 Φαραὼ,

1076 548 1211 579 τουτέστιν
1221 571 1229 587 ,
1246 549 1282 582 εἰς
1296 547 1326 577 τὸ
1341 547 1421 586 μέσον
1435 547 1554 586 ἤγαγον,
1577 545 1624 575 ἵνα
1639 544 1686 574 διὰ
1701 546 1747 574 σοῦ
1767 545 1827 584 φαυῇ

1077 592 1188 633 δύναμίς
1209 604 1279 632 μου,
1295 592 1341 622 καὶ
1362 592 1516 622 συσταλῶσι
1539 589 1654 627 πολλοὶ,
1681 587 1856 628 διαγγελθέντα

1076 641 1123 668 τοῦ
1136 637 1265 677 ὀνόματός
1282 648 1351 676 μου,
1371 638 1406 670 ὥς
1428 635 1532 666 δικαίου
1550 635 1596 665 καὶ
1613 634 1780 671 δυνατοῦ,ἐν

1077 695 1112 724 τῃ
1126 695 1174 722 γῃ·

1123 695 1217 767 ΞᾨᾹρα
1230 721 1274 757 οὖν
1289 726 1318 756 ὃν
1334 726 1404 757 θέλει
1414 726 1483 756 ἐλεεῖ
1491 748 1501 763 ,
1518 724 1546 755 ὃν
1561 724 1589 755 δὲ
1607 724 1684 754 θέλει
1697 721 1836 762 σκληρύνει.
1848 736 1856 748 ι

1077 772 1193 812 Ἐπάγει
1207 772 1236 801 τὸ
1249 771 1448 811 συμπέρασμα,
1464 771 1512 800 καὶ
1530 769 1713 810 ἀποφαίνεται
1724 792 1732 806 ,
1745 767 1783 796 ὅτι
1794 767 1819 796 οὗ
1829 767 1857 796 δεῖ

1078 817 1184 850 ιῦθύνας
1198 817 1321 846 ἀπαιτεῖν
1334 816 1378 846 τὸν
1390 815 1469 846 Θεόν.
1484 829 1497 841 ι
1507 814 1560 846 ³ον
1575 813 1629 854 γὰρ
1642 813 1714 843 θέλει
1727 812 1818 848 ἐλεεῖ,ι
1830 813 1856 845 ὥς

1075 861 1120 891 ἐπὶ
1141 862 1192 891 τῶν
1218 860 1473 901 μοσχοποιησάντων
1489 859 1672 899 Ἰσραηλιτῶν
1686 869 1694 877 ”
1714 857 1742 887 ὃν
1765 856 1790 886 δὲ
1804 856 1857 886 θέλει

223 906 270 942 qui
283 906 400 934 vitulum
424 906 570 934 tinxerant.
596 914 611 931 ε(
631 906 668 933 Et
688 913 771 941 quem
794 906 851 933 vult
864 905 984 941 indurat,
1008 917 1021 930 ι

1078 905 1236 947 σκληρύνει,
1251 907 1286 939 ὣς
1298 905 1342 935 τὸν
1357 904 1474 945 Φαραώ.
1486 904 1523 935 Τί
1537 904 1565 933 δέ
1580 904 1639 933 ἐστι
1654 903 1702 940 τὸ,
1721 914 1736 930 ι
1749 901 1854 947 Σκληρί-

224 955 255 979 ut
264 950 444 979 Pharaonem.
456 950 530 985 Quid
540 954 633 978 autem
647 954 698 984 est,
711 959 725 976 ιι
736 949 872 978 Indurat?
888 962 901 975 ι
913 950 1021 979 videtur

223 995 297 1023 enim
311 994 463 1024 absurdum
482 1002 552 1023 esse.
565 994 809 1031 Quemadmodum
820 995 860 1023 sol
875 995 963 1023 lutum
976 995 1022 1023 in-

223 1040 313 1074 durat,
329 1041 368 1068 sic
381 1041 456 1068 Deus
468 1040 575 1068 luteum
592 1039 746 1068 Pharaonis
765 1047 814 1068 cor
828 1039 928 1068 dicitur
941 1039 1021 1068 indu-

223 1093 308 1113 rasse.
329 1085 458 1120 Quanam
473 1084 599 1113 ratione?
613 1085 665 1112 Per
689 1084 938 1121 longanimitatem.
954 1085 1024 1112 Lon-

225 1130 366 1166 ganimem
382 1129 457 1157 enim
478 1137 538 1157 sese
551 1128 590 1156 illi
609 1128 742 1157 exhibens
753 1151 760 1163 ,
776 1128 917 1157 duriorem
931 1128 1022 1165 ipsum

223 1173 343 1202 faciebat
355 1183 362 1202 :
378 1173 494 1210 perinde
508 1181 541 1202 ac
554 1174 577 1201 si
588 1173 650 1209 quis
665 1174 718 1209 71
730 1181 839 1202 servum
852 1173 953 1202 habeat
964 1181 1020 1202 sce-

224 1219 353 1253 leratum,
372 1226 427 1254 quo
451 1226 481 1247 se
503 1218 697 1246 humaniorem
721 1218 760 1246 illi
780 1218 941 1252 ostenderit,
970 1218 1024 1247 hoc

225 1272 290 1292 eum
314 1263 403 1292 reddit
426 1263 609 1300 nequiorem:
625 1271 680 1291 non
693 1263 768 1299 quod
787 1263 845 1299 ipse
860 1263 1023 1300 perversita-

223 1313 280 1337 tem
304 1308 488 1345 nequitiamve
519 1316 587 1336 eum
615 1308 723 1343 doceat,
751 1308 800 1337 sed
824 1308 899 1345 quod
920 1308 1024 1337 domini

224 1353 430 1390 longanimitate
458 1354 511 1381 iste
538 1353 573 1381 ad
591 1353 774 1389 perversitatis
796 1361 853 1382 sua:
871 1353 1024 1382 incremen-

225 1402 284 1426 tum
298 1398 439 1433 abutatur,
450 1397 550 1434 quippe
564 1398 609 1434 qui
629 1405 689 1426 eam
705 1401 878 1426 contemnat.

259 1444 351 1472 Vnus.
368 1446 409 1472 19.
432 1454 446 1468 ι
466 1443 544 1471 Dices
559 1443 641 1480 igitur
654 1443 732 1476 mihi,
745 1442 817 1478 Quid
845 1442 936 1471 adhuc
957 1449 1024 1478 que-

225 1488 314 1516 ritur?
330 1487 470 1516 Voluntati
488 1487 561 1516 enim
581 1488 641 1524 ejus
651 1487 714 1524 quis
724 1487 857 1515 resistat?
871 1498 884 1512 υ
902 1487 1024 1515 Conatur

225 1541 273 1568 per
290 1532 397 1567 omnia,
411 1532 484 1569 quod
500 1540 689 1569 saepenumero
703 1531 772 1566 dixi,
791 1535 1022 1565 commonstrare,
1041 1525 1064 1557 C

225 1577 300 1613 quod
311 1577 363 1605 soli
377 1579 437 1606 Deo
451 1578 508 1606 sint
520 1577 639 1613 cognitae
653 1584 711 1605 suae
725 1584 817 1604 rerum
841 1575 1025 1612 dispensatio-

226 1629 284 1656 nes,
307 1626 389 1658 atque
409 1622 514 1659 judicia
531 1622 600 1651 haec.
618 1622 690 1650 Hinc
708 1620 831 1657 undique
851 1620 925 1649 haud
939 1628 1024 1657 pauca

225 1667 351 1704 ambigua
368 1667 482 1703 colligit,
496 1674 615 1703 quorum
629 1666 735 1694 nullam
753 1665 916 1694 dilutionem
932 1665 1023 1701 affert,

225 1715 255 1740 ut
276 1711 311 1740 ad
339 1713 494 1749 angustiam
520 1711 633 1739 redacto
658 1710 794 1744 auditore,
814 1709 977 1746 persuadeat
998 1710 1023 1739 ei

225 1756 285 1785 haec
306 1764 365 1785 esse
380 1754 679 1792 incomprehensibilia,
700 1754 825 1790 adeoque
848 1754 963 1783 humani
979 1755 1024 1783 in-

225 1801 296 1836 genii
322 1805 434 1838 captum
456 1800 597 1828 excedere.
622 1799 701 1834 Quod
715 1799 800 1836 igitur
814 1799 859 1828 hic
877 1799 955 1834 dicit,
982 1805 1025 1828 est

224 1845 380 1883 hujusmodi
400 1854 406 1873 :
423 1844 615 1881 Objectionem
632 1843 754 1879 adducit,
774 1845 898 1881 adeoque
916 1844 1024 1873 dubita-

224 1891 330 1920 tionem
351 1890 401 1918 :Si
425 1897 510 1926 quem
536 1890 602 1918 velit
622 1890 743 1925 induret,
776 1890 842 1926 quid
874 1889 966 1918 adhuc
989 1889 1024 1918 de

225 1940 352 1972 peccante
367 1935 562 1971 conqueritur?
580 1935 724 1964 Voluntati
742 1942 863 1971 namque
884 1934 943 1971 ejus
962 1934 1023 1970 quis

225 1981 325 2016 poterit
346 1979 495 2008 resistere?
509 1979 604 2008 Voluit
619 1979 732 2014 etenim,
748 1983 775 2008 et
796 1979 946 2013 induravit,
965 1986 1023 2008 me-

224 2025 333 2061 ritoque
353 2024 468 2060 impegit
483 2024 649 2053 induratus:
664 2032 714 2052 cur
734 2031 800 2060 ergo
819 2024 854 2052 de
868 2024 914 2052 illo
931 2023 1023 2060 queri~

226 2074 271 2097 tur
293 2074 323 2098 et
336 2069 436 2105 punit?
454 2069 523 2097 Haec
546 2076 614 2097 sane
637 2068 754 2105 objectio
768 2068 900 2105 producta
915 2073 967 2104 est,
982 2069 1022 2097 uti

225 2113 352 2142 ostendat
374 2112 536 2149 hujusmodi
558 2112 643 2142 dubia
665 2113 719 2142 soli
740 2114 800 2141 Deo
826 2112 1022 2149 perceptibilia.

224 2158 307 2187 Unde
317 2165 368 2186 nec
377 2158 433 2194 ipse
448 2157 520 2186 hanc
533 2157 623 2192 diluit,
639 2157 688 2187 sed
699 2157 836 2187 dubitanti
847 2165 878 2186 os
891 2157 1021 2192 obstruit,

223 2202 320 2232 dicens
335 2212 342 2232 :

1073 963 1126 988 νει;
1141 946 1156 980 ιι
1189 950 1322 981 Φαίνεται
1349 950 1401 991 γὰρ
1425 949 1535 980 ἄτοπον.
1562 947 1676 987 Ὥσπερ
1692 949 1706 976 ὁ
1728 946 1800 982 ἥλιος
1823 946 1854 975 τὸν

1072 996 1157 1032 πηλὸν
1175 995 1338 1034 σκληρύνει,
1354 994 1423 1024 οὕτω
1437 995 1483 1023 καὶ
1499 995 1512 1023 δ
1526 993 1596 1028 Θεὸς
1609 993 1661 1030 τὴν
1678 991 1792 1029 πηλίνην
1801 1001 1854 1030 καρ-

1074 1040 1132 1069 δίαν
1146 1042 1193 1070 τοῦ
1215 1039 1321 1080 Φαραὼ
1340 1039 1445 1079 λέγεται
1467 1038 1635 1079 σκληρύνειν.
1660 1038 1742 1074 Πῶς
1763 1037 1803 1075 Τῇ
1816 1046 1854 1073 μι-

1076 1084 1206 1125 κροθυμία
1221 1096 1227 1103 ·
1244 1085 1422 1124 μακροθυμῶν
1445 1083 1496 1124 γὰρ
1520 1082 1563 1112 ἐπ’
1585 1083 1679 1122 αὐτῷ,
1703 1080 1856 1125 σκληρότερον

1078 1123 1162 1160 αὖτὸνγ
1171 1123 1307 1170 εἰργάζετο
1323 1140 1330 1147 -
1353 1128 1446 1169 ὥσπερ
1465 1123 1489 1157 εἴ
1508 1139 1547 1161 τις
1565 1127 1623 1168 ἔχει
1640 1127 1735 1156 δοῦλον
1750 1123 1857 1170 πονηρὸν,

1079 1170 1136 1204 εἶτα
1151 1168 1342 1215 φιλανθρώπως
1359 1173 1432 1212 αὐτῷ
1456 1177 1572 1213 χρᾶται,
1595 1171 1776 1215 πονηρότερον
1797 1168 1857 1215 cura!

1078 1213 1217 1259 ἐργάζεται
1232 1213 1315 1258 (οὐχ
1328 1219 1364 1252 ὡς
1389 1217 1467 1252 adeo;
1486 1217 1534 1254 τὴν
1555 1217 1689 1257 πονηρίαν
1711 1214 1787 1245 αὐτὸν
1800 1213 1857 1244 διδά-

1079 1275 1166 1301 σκων,
1185 1264 1245 1293 ἀλλ’
1261 1265 1297 1297 ὡς
1313 1263 1414 1292 ἐκείνου
1443 1264 1476 1302 τῇ
1503 1261 1679 1302 μακροθυμίᾳ
1706 1261 1742 1294 εἰς
1759 1259 1804 1295 τὴν
1823 1260 1858 1294 τῆς

1079 1309 1205 1350 πονηρίας
1227 1308 1335 1345 αὔξησιν
1351 1306 1510 1348 χρωμένου,
1537 1302 1580 1337 οἷα
1597 1306 1632 1343 δὴ
1652 1305 1856 1346 καταφρονῶπος

1078 1354 1186 1391 ταύτης.

1123 1454 1138 1473 ιι
1153 1443 1239 1482 Ἐρεῖς
1253 1438 1298 1472 οὖν
1312 1454 1359 1482 μοι
1374 1453 1382 1461 ·
1401 1441 1438 1473 Τί
1453 1442 1491 1471 ἔτι
1510 1441 1646 1482 μέμφεται
1657 1463 1666 1478 ,
1691 1441 1729 1480 τῷ
1743 1437 1790 1478 γὰρ
1808 1439 1857 1482 βου-

1078 1481 1193 1526 λήματιγ
1204 1488 1284 1517 αὐτοῦ
1307 1481 1346 1522 τίς
1361 1486 1523 1523 divumne;
1539 1497 1554 1515 ι)
1579 1484 1731 1520 Σπουδάζει
1747 1482 1787 1513 διὰ
1801 1481 1855 1511 πάν-

1077 1544 1145 1570 των,
1163 1532 1227 1573 ὅπερ
1243 1532 1371 1566 πολλάκις
1387 1527 1476 1568 εἷπον,
1497 1531 1579 1566 δεῖξαι
1589 1553 1598 1568 ,
1615 1529 1658 1560 ὅτι
1670 1532 1709 1569 τῷ
1723 1529 1784 1567 Θεῷ
1800 1526 1857 1566 μόνῳ

1078 1578 1254 1616 γινώσκονται
1279 1578 1307 1606 αἱ
1331 1578 1481 1616 οἰκονομίαι
1502 1575 1548 1606 καὶ
1570 1575 1605 1606 τὰ
1628 1575 1750 1615 κρίματα
1768 1574 1856 1616 ταῦτα·

1079 1615 1118 1652 διὸ
1143 1621 1189 1652 καὶ
1211 1622 1340 1652 πάντοθεν
1363 1620 1471 1660 συνάγει
1499 1621 1588 1660 ἄπορα
1617 1619 1727 1657 πολλὰ,
1756 1617 1798 1647 καὶ
1821 1615 1856 1645 οὖι

1078 1666 1172 1706 ἐπάγει
1185 1666 1232 1700 τὰς
1246 1666 1350 1703 λύσεις,
1369 1665 1414 1695 ἵνα
1436 1659 1640 1706 στενοχωρήσας
1656 1665 1702 1694 τὸν
1719 1659 1854 1703 ἀκροατὴν,

1077 1711 1157 1751 πείσῃ
1172 1711 1213 1742 ὅτι
1227 1712 1423 1750 ἀκατάληπτα,
1441 1710 1486 1739 καὶ
1501 1710 1677 1746 ἀκατανόητα
1693 1706 1778 1739 ταῦτᾶ
1791 1707 1855 1751 ἐστιν·

1077 1749 1168 1797 Ὅπερ
1193 1751 1238 1786 οὖν
1260 1755 1333 1796 λέγει
1356 1749 1486 1792 ἐνταῦθα,
1512 1754 1630 1784 τοιοῦτόν
1658 1755 1741 1784 ἐστιν.
1761 1749 1856 1797 Ἀντίρε-

1078 1814 1120 1832 σιν
1146 1793 1246 1840 εἰσάγει
1270 1793 1357 1832 τοίνυν
1382 1801 1428 1830 καὶ
1451 1800 1580 1841 ἀπορίαν,
1605 1798 1648 1829 ὅτι
1670 1798 1736 1829 Ἐὰν
1760 1796 1787 1826 ὃν
1802 1793 1856 1841 θέλει

1079 1837 1230 1887 σκληρύνη,
1246 1846 1272 1876 τί
1295 1847 1334 1876 ἔτι
1358 1846 1493 1887 μέμφεται
1507 1837 1559 1886 ’τῷ
1584 1845 1730 1880 nterim-rt;
1755 1842 1800 1887 Τῷ
1816 1837 1857 1878 γὰρ

1080 1886 1231 1931 βουλήματι
1246 1892 1326 1921 αὐτοῦ
1333 1913 1341 1927 ,
1355 1890 1395 1925 τίς
1407 1890 1524 1926 ἠδύνατο
1536 1891 1711 1926 ἀντιστῆναι;
1730 1886 1855 1931 Ἦθέλητξει

1077 1927 1123 1966 καὶ
1139 1927 1298 1977 aestima,
1319 1934 1365 1965 καὶ
1380 1934 1487 1969 εἰκότως
1505 1935 1633 1965 ἔπταισεν
1654 1936 1669 1964 ὁ
1685 1927 1857 1977 σκληρυνθείςξ

1078 1983 1135 2015 πῶς
1157 1976 1202 2011 οὖν
1224 1972 1297 2021 αὐτῷ
1315 1979 1464 2021 μέμφεται,
1489 1979 1543 2024 καὶΔ
1560 1979 1668 2014 κολάζει
1674 1990 1683 2016 ;
1702 1977 1774 2011 Αὕτη

1077 2024 1206 2059 ἀντίθεσις
1219 2017 1387 2065 εἰσαὶθιῖσα,
1400 2023 1446 2054 διὰ
1457 2017 1487 2054 τὸ
1497 2022 1581 2059 δεῖξαι
1595 2024 1685 2063 ἄπορα
1698 2024 1779 2053 ταῦτα
1788 2017 1811 2036 ³⁸
1821 2017 1857 2065 ξξῖ

1077 2070 1141 2110 Θεῷ
1156 2070 1229 2111 μόνῳ
1244 2060 1419 2106 καταληπτά·
1436 2069 1476 2100 διὸ
1491 2068 1550 2099 οὐδὲ
1567 2068 1644 2103 αὐτὸς
1658 2068 1716 2099 λύει
1727 2065 1818 2102 ταύτην
1826 2060 1855 2097 ³³⁷

1077 2115 1137 2144 ἄλλ’
1154 2114 1316 2154 ἐπιστομίζει
1328 2114 1372 2144 τὸν
1387 2115 1539 2154 ἀποροῦντα
1555 2113 1640 2153 λέγων
1653 2126 1661 2133 ’

377 2251 422 2276 20.
449 2259 463 2273 ιι
489 2247 586 2284 Atqui,
608 2254 626 2276 ο
649 2247 744 2282 homo,
760 2249 790 2276 tu
810 2247 871 2284 quis
884 2255 914 2276 es
928 2246 975 2284 qui
988 2254 1021 2276 ex

1119 2252 1133 2269 τ
1150 2242 1301 2280 Μενοῧνγε,
1318 2235 1340 2271 ὦ
1358 2240 1496 2281 ἄνθρωπε,
1516 2239 1548 2269 σὺ
1563 2239 1603 2274 τίς
1618 2235 1668 2270 de
1684 2230 1854 2284 ἀντοιποιξρινό·

223 2293 337 2322 adverso
351 2292 520 2329 respondeas
533 2294 594 2320 Deo
605 2292 617 2318 ?
627 2302 642 2319 ι)
662 2291 761 2321 Viden'
781 2292 922 2329 quomodo
943 2291 1022 2321 cohi-

222 2338 286 2366 beat
294 2338 482 2374 importunam
494 2337 691 2372 curiositatem,
704 2337 867 2374 frenumque
885 2337 1020 2374 imponat,

223 2382 355 2411 erudiens
368 2389 420 2410 nos
443 2386 474 2410 ut
494 2381 636 2410 discamus
659 2381 726 2419 quid
751 2384 827 2411 Deus
849 2382 894 2417 sit,
915 2386 943 2410 et
956 2381 1023 2418 quid

223 2427 317 2456 homo.
343 2428 385 2456 Tu
413 2427 474 2463 quis
493 2428 546 2456 es?
569 2427 699 2464 Nunquid
724 2427 870 2464 imperium
902 2434 968 2455 cum
989 2434 1022 2455 eo

222 2471 349 2508 partiris?
363 2473 436 2500 Num
447 2472 531 2508 judex
543 2481 573 2500 es
592 2480 690 2500 eorum
706 2480 767 2508 quae
789 2472 881 2508 ipsum
895 2475 1023 2508 oporteat

223 2516 310 2546 facere
330 2520 377 2545 aut
398 2525 457 2545 non
482 2516 596 2545 facere?
615 2518 686 2545 Nam
711 2517 854 2553 explorare
887 2516 953 2553 quid
982 2516 1023 2545 sic

221 2561 329 2597 deceat,
350 2562 391 2591 vel
414 2570 471 2590 non
495 2562 600 2594 deceat,
625 2566 668 2590 est
692 2561 751 2598 ejus
783 2562 829 2598 qui
853 2569 886 2590 ex
909 2561 1022 2591 adverso

220 2607 388 2644 respondeat
411 2611 621 2643 opponaturque
654 2607 726 2635 Deo.
761 2607 866 2635 Verum
885 2605 1023 2643 haudqua-

1077 2296 1154 2325 μενος
1168 2286 1206 2325 τῷ
1320 2297 1334 2314 ι
1358 2278 1459 2326 εΟρίᾷς,
1553 2284 1710 2314 ἀναστέλλει
1724 2281 1772 2326 τὴν
1785 2278 1852 2326 ἅπαξ·

1078 2320 1121 2371 ρον
1135 2320 1304 2370 περίεργίαν,
1321 2329 1366 2359 καὶ
1381 2320 1491 2370 χαλινὸν
1514 2329 1665 2365 ἐπιτίθησι,
1682 2324 1806 2371 παιδεύων
1821 2320 1852 2349 εί·

1077 2365 1266 2414 ξέναι,“τίμὲν
1280 2365 1348 2409 Θεὸς
1359 2398 1366 2411 ,
1381 2365 1408 2404 τί
1427 2375 1454 2404 δὲ
1472 2374 1619 2414 ἄνθρωπος.
1639 2373 1678 2403 Σὺ
1691 2365 1787 2418 ’τίςγέιῆν
1798 2375 1853 2418 WE:

1077 2408 1300 2460 μεριστὴς1αὖτῷ
1323 2408 1371 2455 τῆς
1395 2420 1496 2460 ἀρχῆς,
1521 2408 1649 2454 δικαστὴς
1677 2416 1745 2455 αὖτῷ
1764 2408 1802 2460 ’ὧν
1823 2408 1852 2438 δεῖ

1076 2457 1161 2494 ποιεῖν
1173 2464 1209 2501 ⁴⁰,
1223 2463 1240 2500 ἢ
1256 2457 1311 2503 μῆς
1325 2464 1366 2494 Τὸ
1386 2457 1593 2504 γαρ-ἐξετάζειν,
1606 2463 1646 2492 ὅτι
1661 2461 1740 2493 οὕτως
1756 2457 1851 2504 ἔπριπει

1077 2509 1122 2538 καὶ
1137 2510 1187 2549 οὐχ
1200 2509 1282 2542 οὕτως
1304 2503 1434 2548 ἔπρεπεν,
1451 2507 1712 2548 ἆνταποκρινομένου
1729 2503 1781 2534 ἐστὶ
1791 2522 1799 2537 ,
1816 2507 1844 2550 ξι

1077 2552 1331 2592 ἀντικαθισταμίνου
1344 2552 1367 2572 ⁴⁴
1386 2555 1425 2594 τῷ
1440 2553 1514 2593 Θεῷ.
1529 2553 1570 2583 Οὗ
1584 2551 1639 2592 χρὴ
1654 2551 1683 2582 δὲ
1697 2549 1762 2580 οὕτω
1773 2549 1850 2575 ποιεῖν,

1076 2598 1146 2628 ἀλλὰ
1162 2597 1299 2628 πείθεσθαι
1312 2602 1366 2633 τοῖς
1379 2597 1526 2638 γινομένοις
1535 2620 1544 2635 ,
1561 2597 1633 2632 ὅπως
1645 2596 1678 2626 ἂν
1694 2594 1818 2635 γίνωνται-

219 2639 303 2688 quam
322 2653 358 2681 ita
380 2639 548 2687 faciendum,
574 2639 623 2680 sed
645 2651 895 2688 obtemperantium
922 2639 975 2680 θει-
987 2651 1018 2680 iis
1036 2659 1097 2688 quae
1122 2653 1196 2681 Deus
1219 2651 1330 2688 fecerit,
1352 2651 1603 2689 quomodocunque
1625 2651 1710 2680 etiam
1733 2651 1787 2676 me
1809 2639 1847 2667 ha'

221 2697 340 2727 buerint.

921 2742 1018 2772 Varia:
1039 2742 1189 2772 lectiones.

265 2821 286 2837 ³⁷
301 2820 441 2857 διαγγελθῇ
455 2828 481 2849 ο.
521 2821 543 2838 ³⁸
559 2821 590 2848 τὰ
607 2823 710 2848 τοιαῦτα
724 2828 751 2849 ο.
789 2821 812 2838 ³⁸
826 2822 904 2848 ταῦτα
918 2828 944 2850 ο.
983 2820 1006 2837 ⁵ο
1020 2819 1097 2847 εἰπεῖν
1113 2828 1141 2850 ο.
1179 2820 1198 2838 ⁴¹
1212 2819 1393 2857 ἀνθισταμένου
1407 2828 1444 2849 In.
