1901 3077
36 171 82 200 669

76 246 90 263 (ι
103 235 154 273 Μὴ
170 236 233 276 ἀρεῖ
249 236 279 268 τὸ
294 236 408 276 πλάσμα
419 237 459 278 τῷ
473 237 607 268 πλάσαντι
623 249 629 256 ·
647 236 682 268 Τί
697 249 730 277 με
744 237 836 274 εποίη-

35 292 79 314 σας
96 281 122 300 ³³
143 280 252 318 οὕτως
267 281 304 312 Ἢ
320 283 366 312 οὐκ
382 281 440 322 ἔχει
456 281 575 317 ἐξουσίαν
597 284 612 312 ὁ
634 281 765 322 κεραμεὺς
787 285 835 312 τοῦ

35 327 132 362 πηλοῦ,
147 327 180 356 ἐκ
195 330 248 356 τοῦ
263 327 343 357 αὐτοῦ
366 329 522 368 φυράματος
545 329 675 365 ποιῆσαι,
695 326 710 357 ὃ
732 326 781 366 μὲν
804 329 840 362 εἰς

36 371 110 410 τιμὴν
124 373 241 410 σκεῦος,
257 371 272 402 ὃ
295 373 322 402 δὲ
347 373 383 406 εἰς
402 372 529 411 ἀτιμίαν;
551 383 565 401 ι
589 373 639 413 Τῷ
662 372 839 412 ὑποδείγματι

35 416 115 456 τούτῳ
138 416 281 456 ἐχρήσατο
305 419 319 446 ὁ
343 418 468 456 Παῦλος,
494 418 545 458 οὐχ
566 416 610 447 ἵνα
635 417 715 458 ἀνέλῃ
735 417 764 447 τὸ
788 419 838 448 αὖ-

37 460 160 494 τεξούσιον
178 463 278 500 ἡμῶν,
294 462 348 492 οὔδ’
361 460 406 492 ἵνα
421 461 517 502 ἀργοὺς
533 461 611 496 ὄντας
633 461 679 492 καὶ
698 461 838 498 ἀκινήτως

38 508 101 543 ἡμᾶς
115 505 187 545 δείξῃ
208 518 214 524 ·
233 506 305 536 ἀλλὰ
320 507 450 537 διδάσκων
460 529 470 543 ,
483 509 540 541 πῶς
555 507 594 537 δεῖ
609 507 747 537 πείθεσθαι
759 508 834 548 Θεῷ,

38 550 77 579 καὶ
91 550 291 589 ἐπιτεταμένην
314 552 391 591 σιγὴν
409 551 457 582 καὶ
478 551 600 588 ὑπακοὴν
624 551 829 582 ἰπιδείκνυσθαι.

39 595 161 635 Καθάπερ
177 595 246 636 γὰρ,
269 596 365 636 φησὶν,
378 599 393 627 ὁ
416 596 549 637 κεραμεὺς
573 598 603 626 ἐκ
618 598 664 626 τοῖ’)
680 598 760 626 αὐτοῦ
782 609 832 638 φυ-

38 639 160 679 ράματος,
176 640 195 669 a
212 641 352 681 βούλεται,
364 645 453 679 ποιεῖ,
468 642 514 672 καὶ
525 641 600 672 οὐδὲν
616 641 750 681 ἀντιλέγει
761 642 834 683 αὐτῷ

37 686 81 713 τῶν
95 687 197 715 σκευῶν
216 697 224 704 ο
240 685 310 716 οὕτω
334 688 380 716 καὶ
402 689 511 723 τοῦτον,
534 688 564 716 ἐκ
583 689 630 717 τοῦ
647 687 728 716 αὐτοῦ
744 687 834 726 γένους

36 730 82 758 τῶν
105 730 272 770 ἀνθρώπων,
299 731 360 765 τοὺς
385 731 433 771 μὲν
460 732 625 768 κολάζοντα,
653 730 713 765 τοὺς
735 731 763 762 δὲ
787 743 831 761 τι-

38 775 121 811 μῶντα
133 796 140 810 ,
160 774 199 812 μὴ
217 777 393 816 περιεργάζου
403 799 411 814 ,
426 776 496 806 ἀλλὰ
512 776 654 816 προσκύνει
669 776 748 814 μόνον
761 801 767 813 ,
785 777 832 806 καὶ

38 821 112 856 μιμοῦ
125 819 170 849 τὸν
184 820 276 856 πηλόν
291 832 298 840 ·
311 821 357 850 καὶ
375 822 466 861 ὥσπερ
480 821 578 855 ἐκεῖνος
592 821 685 851 ἕπεται
754 822 827 862 χειρὶ

37 866 77 892 τοῦ
91 865 247 903 κεραμέως,
263 865 332 895 οὕτω
357 866 403 895 καὶ
430 866 462 896 σὺ
539 866 635 906 γνώμῃ
659 869 707 896 τοῦ
731 868 833 897 οἰκονο-

493 173 669 202 EXPOSlTlO
688 174 721 203 IN
739 174 844 204 EPIST.
865 175 911 204 AD
931 175 1013 203 ROM.
1035 190 1069 196 —
1087 175 1162 204 CAP.
1184 177 1224 204 IX.

1635 181 1689 207 470

928 239 1016 266 Vitas.
1037 241 1084 272 20,
1100 241 1145 266 21.
1159 249 1172 263 ιι
1188 238 1319 276 Nunquid
1335 239 1408 267 dicet
1421 239 1585 276 ﬁgmentum
1601 242 1625 271 ei
1639 243 1687 281 qui

891 290 920 311 se
936 282 1028 317 ﬁnxit,
1044 282 1148 319 Ecquid
1162 291 1207 311 me
1217 283 1254 311 sic
1263 283 1364 312 ﬁnxisti
1377 285 1390 312 Ρ
1404 286 1507 313 Annon
1517 285 1600 316 habet
1609 292 1687 323 pote-

892 331 992 356 statem
1009 327 1108 363 ﬁgulus
1121 335 1154 355 ex
1168 327 1265 356 eadem
1278 336 1368 357 massa
1383 328 1474 357 facere
1487 330 1562 359 aliud
1575 332 1686 368 quidem

891 379 939 401 vas
954 372 982 400 in
996 371 1142 407 honorem,
1155 372 1230 401 aliud
1249 381 1314 401 vero
1327 373 1363 402 ad
1378 374 1561 410 ignominiam
1575 377 1608 403 ἓ·
1626 377 1687 405 Hoc

891 417 1018 453 exemplo
1041 425 1106 446 usus
1130 421 1172 446 est
1190 418 1301 453 Paulus,
1316 426 1372 447 non
1391 422 1421 447 ut
1442 428 1457 448 e
1473 419 1564 449 medio
1578 421 1687 450 tolleret

891 461 1007 491 liberum
1029 466 1155 491 nostrum
1176 463 1337 498 arbitrium,
1353 471 1442 500 neque
1453 469 1484 492 ut
1501 473 1555 494 nos
1575 469 1686 502 torpore

890 506 1038 543 languidos
1049 515 1082 536 ac
1093 508 1173 544 plane
1184 508 1341 537 immobiles
1354 509 1512 538 ostenderet
1525 520 1532 537 :
1546 519 1642 539 verum
1657 516 1686 539 ut

888 552 1000 581 doceret
1013 552 1153 588 quomodo
1167 560 1218 582 nos
1236 558 1363 590 oporteat
1384 554 1498 583 obedire
1516 556 1586 590 Deo,
1602 559 1684 592 atque

887 597 1025 625 intensum
1040 597 1195 631 silentium,
1216 605 1304 634 neque
1323 606 1379 626 non
1394 607 1535 627 summam
1552 599 1682 629 obedien-

887 642 953 671 tiam
971 642 1108 670 exhibere.
1125 642 1250 677 Perinde,
1271 643 1369 679 inquit,
1384 648 1414 671 ut
1428 644 1526 680 ﬁgulus
1539 652 1572 672 ex
1583 645 1681 674 eadem

886 695 986 721 massa,
1002 695 1063 724 qua:
1085 687 1192 716 animus
1210 688 1315 722 tulerit,
1335 687 1423 725 ﬁngit,
1438 697 1529 725 neque
1547 690 1634 718 ullum
1648 691 1683 719 -εἱ

887 741 935 761 vas
951 732 1137 761 contradicit:
1165 732 1205 761 sic
1235 741 1297 762 cum
1324 733 1367 761 hic
1394 742 1427 762 ex
1456 734 1555 763 eodem
1583 743 1683 771 genere

886 779 1043 806 mortalium
1062 778 1131 806 alios
1144 778 1255 814 quidem
1277 779 1381 814 puniat,
1404 779 1472 807 alios
1495 787 1560 808 vero
1578 780 1683 809 honore

885 823 1024 859 dignetur,
1039 831 1074 851 ne
1093 823 1130 851 sis
1145 827 1175 851 tu
1191 824 1327 859 curiosus,
1350 823 1399 852 sed
1414 824 1497 853 adora
1512 829 1683 854 tantummo-

885 867 934 902 do,
961 867 1106 905 lutumque
1123 868 1256 896 imitare:
1277 876 1309 896 ac
1329 873 1360 897 ut
1382 868 1450 897 illud
1473 877 1588 898 manum
1608 870 1683 907 ﬁguli

39 910 147 946 μοῦντος.
171 909 245 940 Ἰσθι
271 910 318 947 δὲ,
334 913 349 941 ὁ
374 905 579 950 ἀναγινώσκων,
603 905 644 941 ὅτι
672 911 763 952 ὥσπερ
786 911 832 942 ἐπὶ

922 913 1021 949 quitur,
1043 912 1082 941 sic
1102 917 1133 940 tu
1149 913 1264 941 consilio
1282 917 1311 941 et
1325 913 1458 942 voluntati
1477 915 1570 942 omnia
1585 905 1682 952 guber-

39 954 84 982 τῶν
97 956 216 991 σκευῶν,
243 956 303 996 οὐχὶ
319 955 349 986 τὸ
371 955 483 997 φύραμα
509 960 578 986 ποιεῖ
603 955 637 986 τὰ
654 956 703 994 μὶν
717 956 830 995 ἔντιμα,

37 998 66 1027 τὰ
80 998 105 1028 δὲ
119 998 203 1038 ἄτιμα
221 999 267 1040 (ἓν
280 1000 332 1040 γάρ
347 1001 403 1030 ἐστι
416 1000 462 1030 καὶ
485 1000 516 1030 τὸ
530 1000 625 1040 αὐτὸ),
642 1000 703 1030 ἀλλ’
720 1003 737 1037 ἡ
761 1003 830 1041 χρῆ-

40 1054 74 1076 σις
88 1045 139 1072 τῶν
153 1046 416 1085 μεταχειριζομένων
430 1057 436 1064 ·
453 1045 523 1075 οὕτω
536 1045 583 1075 καὶ
600 1045 644 1075 ἰπὶ
658 1047 710 1075 τῶν
726 1045 830 1086 ἀνθρώ-

39 1098 104 1124 πων,
120 1088 169 1128 οὐχ
192 1090 210 1124 ἠ
227 1089 307 1129 φύσις
326 1089 385 1124 τοὺς
409 1089 456 1129 μὲν
478 1091 550 1120 ποιεῖ
567 1089 703 1124 κολάσεως
728 1089 830 1126 ἀξίους,

40 1131 90 1165 τοὺς
112 1132 139 1162 δὲ
155 1134 296 1174 στεφάνων
324 1134 390 1174 (μία
415 1135 467 1175 γάρ
491 1134 591 1175 ἐστιν),
615 1135 675 1164 ἀλλ’
698 1137 716 1172 ἡ
731 1134 828 1176 προαί-

41 1187 111 1214 ρεσις.

79 1324 91 1341 ε
109 1314 139 1344 Εἰ
153 1314 180 1343 δὲ
200 1314 285 1344 θέλων
299 1317 314 1345 ὃ
327 1314 396 1349 Θεὸς
411 1314 573 1350 ἐνδείξασθαι
592 1314 641 1351 τὴν
665 1314 747 1355 ὀργὴν
758 1338 766 1353 ,
781 1315 827 1345 καὶ

43 1358 156 1397 γνωρίσαι
172 1359 202 1388 τὸ
227 1359 339 1390 δυνατὸν
362 1362 457 1396 αὑτοῦ,
482 1360 591 1399 ἤνεγκεν
613 1361 640 1389 ἰν
665 1361 752 1400 πολλῇ
772 1371 826 1399 μα-

45 1404 161 1444 κροθυμία
185 1404 269 1440 σκεύη
294 1406 374 1445 ὀργῆς
397 1404 598 1446 κατηρτισμένα
619 1407 656 1439 εἷς
673 1404 826 1434 ἀπώλειαν·

45 1448 83 1475 καὶ
96 1447 136 1477 ἵνα
155 1450 272 1489 γνωρίσῃ
295 1450 340 1480 τὸν
365 1451 478 1479 πλοῦτον
503 1453 550 1486 τῆς
574 1449 649 1486 δόξης
675 1451 755 1480 αὑτοῦ
782 1449 826 1480 ἐπὶ

47 1491 115 1529 σιεῦη
128 1493 226 1532 ἐλέους,
247 1493 266 1523 ἃ
280 1497 478 1535 προητοίμασεν
498 1495 533 1528 εἷς
552 1494 627 1529 δόξαν
642 1495 669 1514 ⁸³
681 1507 687 1514 ·
712 1494 756 1528 οὓς
779 1494 826 1524 καὶ

47 1536 154 1567 ἐκάλεσεν
175 1541 265 1576 ἡμᾶς,
282 1540 312 1568 οὗ
329 1539 407 1578 μόνον
431 1539 458 1574 ἐξ
472 1539 622 1576 Ἰουδαίων,
639 1539 708 1569 ἀλλὰ
729 1539 775 1569 καὶ
798 1539 825 1574 ἐξ

885 958 976 986 nantis
998 957 1072 986 cede.
1093 958 1207 986 Noveris
1227 962 1321 986 autem
1344 958 1390 994 qui
1419 958 1478 986 haec
1505 959 1584 995 legis,
1608 960 1682 996 quod

883 1003 955 1030 sicut
966 1002 994 1030 in
1007 1003 1115 1030 vasibns
1127 1011 1183 1030 non
1198 1003 1256 1038 ipsa
1269 1011 1361 1031 massa
1373 1003 1427 1031 alia
1441 1003 1553 1039 quidem
1567 1004 1682 1038 nobilia,

885 1047 940 1075 alia.
954 1055 1019 1076 vero
1043 1047 1172 1084 ignobilia
1191 1047 1277 1076 efﬁcit
1291 1049 1343 1082 (est
1356 1048 1430 1076 enim
1445 1056 1498 1076 una
1519 1053 1547 1076 et
1561 1049 1665 1086 eadem)
1675 1070 1682 1082 ,

884 1091 934 1120 sed
958 1099 1024 1120 usus
1051 1100 1149 1120 eorum
1171 1093 1218 1128 qui
1231 1092 1282 1121 ista
1302 1092 1354 1120 sibi
1373 1092 1600 1129 vindicantz'la
1625 1095 1683 1130 pari

883 1137 991 1165 ratione
1004 1137 1033 1165 in
1055 1136 1225 1171 hominibus,
1245 1145 1300 1165 non
1315 1137 1372 1173 ipsa
1394 1142 1494 1166 natura
1506 1141 1613 1175 (utpote
1628 1147 1681 1167 una

883 1185 912 1210 et
936 1181 1041 1216 eadem)
1066 1181 1118 1210 hos
1143 1181 1255 1218 quidem
1283 1189 1383 1218 pinnae,
1403 1182 1465 1210 illos
1499 1191 1563 1211 vero
1585 1184 1683 1219 gloria:

883 1226 1037 1262 adjudicat,
1073 1225 1123 1254 sed
1157 1227 1217 1263 ipsa
1243 1226 1405 1255 deliberatio
1445 1231 1527 1264 atque
1553 1229 1680 1265 proposi-

881 1275 954 1300 tum.

917 1318 1005 1345 Vens.
1024 1317 1122 1344 22-24.
1144 1327 1158 1340 ι
1174 1315 1255 1352 Quod
1275 1315 1298 1344 si
1318 1318 1396 1345 Deus
1421 1317 1514 1345 volens
1538 1318 1681 1347 ostendere

881 1360 962 1393 iram.
976 1365 1003 1389 et
1011 1365 1106 1389 notam
1118 1360 1208 1389 facere
1221 1361 1371 1397 potentiam
1387 1369 1476 1397 suam,
1489 1362 1552 1390 tulit
1567 1363 1594 1390 in
1606 1363 1681 1392 mul-

880 1409 908 1434 ta
923 1405 1129 1442 longanimitate
1154 1414 1218 1434 vasa
1233 1407 1281 1435 irae
1301 1410 1395 1442 parata
1421 1407 1456 1435 ad
1480 1407 1635 1441 interitum,
1655 1413 1682 1436 et

879 1454 910 1479 ut
919 1450 1077 1479 ostenderet
1094 1451 1200 1479 divitias
1217 1451 1313 1487 gloriae
1328 1459 1386 1480 sum
1398 1451 1425 1479 in
1440 1459 1503 1480 vasa
1521 1453 1679 1481 misericor-

880 1495 944 1530 diae,
961 1503 1023 1532 quae
1048 1495 1210 1531 praeparavit
1224 1495 1258 1524 ad
1283 1496 1398 1532 gloriam
1415 1505 1421 1523 :
1437 1504 1507 1533 quos
1523 1502 1550 1524 et
1572 1498 1682 1526 vocavit

880 1548 942 1574 nos,
962 1548 1019 1568 non
1033 1540 1125 1568 solum
1145 1549 1178 1568 ex
1192 1539 1305 1574 Iudaeis,
1329 1549 1424 1569 verum
1444 1541 1524 1569 etiam
1539 1550 1571 1570 ex
1593 1542 1682 1578 genti-

48 1581 125 1613 ἐθνῶν.
141 1596 153 1610 ι
171 1576 368 1623 Ἐπιστομίσας
388 1583 447 1617 τοὺς
465 1587 698 1625 πολυπραγμονεῖν
723 1585 824 1622 Impi-

922 1593 940 1614 Β.
952 1596 964 1610 ι
982 1585 1132 1614 Obstructo
1153 1586 1328 1614 curiosorum
1343 1594 1401 1619 ore,
1421 1585 1506 1614 affert
1522 1587 1581 1623 jam
1595 1576 1677 1615 solu-

50 1628 157 1664 903w“,
173 1630 216 1657 νῦν
229 1629 326 1666 ἐπάγει
341 1629 389 1664 τὴν
404 1628 480 1658 λύσιν
493 1640 501 1648 ο
522 1629 537 1658 ὃ
552 1628 579 1658 δὲ
599 1629 683 1668 λέγει,
708 1629 824 1659 τοιοῦτόν

49 1671 94 1699 ἔστι
104 1683 110 1689 ·
125 1673 218 1708 Σκεῦος
233 1674 316 1712 ὀργῆς
330 1669 362 1710 ἧν
377 1676 391 1704 6
410 1673 534 1713 Φαραὼ,
556 1674 706 1713 τουτέστιν,
723 1674 825 1714 ἄνθρω-

49 1725 87 1748 πος
107 1716 217 1750 ἐξάπτων
236 1718 287 1753 τὴν
310 1718 391 1759 ὀργὴν
418 1721 464 1748 τῶ
492 1719 563 1749 Θεοῦ
589 1718 632 1748 διὰ
654 1720 701 1754 τῆς
726 1719 826 1752 οἰκείας

49 1760 216 1800 σκληρότητος.
228 1765 335 1794 Τοῦτον
351 1762 462 1801 ἤνεγκεν
481 1765 495 1793 6
517 1763 602 1800 Θεὸς,
628 1763 776 1800 τουτέστιν,
796 1765 825 1793 ὖ-

49 1804 168 1844 πέμεινεν,
184 1808 315 1848 ἠνέσχετο
326 1820 333 1826 ·
358 1809 458 1844 πολλῆς
473 1807 525 1848 γὰρ
549 1808 732 1848 μακροθυμίας
747 1809 825 1838 αὐτὸν

49 1848 151 1883 ἠξίωσεν.
188 1852 260 1882 Ἀλλ’
287 1854 384 1886 ἐκεῖνος
480 1852 649 1893 μακροθυμία
676 1852 759 1892 ταύτῃ
789 1855 826 1888 εἰς

51 1894 198 1933 θκληρότητα
221 1897 425 1937 κατεχρήσατο,
450 1898 497 1926 καὶ
521 1896 614 1937 γέγονε
630 1899 723 1931 σκεῦος
746 1897 826 1937 ὀργῆς

51 1937 164 1977 δεκτικὸν,
187 1942 400 1981 κατηρτημένον
433 1943 470 1976 εἰς
495 1941 652 1979 ἀπώλειαν,
675 1943 825 1981 τουτέστιν,

53 1981 225 2027 ᾆπηρτισμένον
258 1988 322 2026 παρ’
345 1987 439 2017 ἑαυτοῦ
463 1986 509 2016 καὶ
533 1986 644 2017 οἴκοθεν.
679 1986 750 2017 Οὐδὲ
774 1986 826 2027 γὰρ

52 2025 147 2058 ἐνέλειπέ
173 2042 198 2060 τι
226 2033 280 2061 τῶν
310 2031 481 2061 ἀπολλύντων
513 2031 610 2067 αὐτὸν,
641 2031 711 2060 ἀλλὰ
737 2031 826 2061 πάντα

54 2071 179 2117 ιὶᾒρτισεν
193 2075 228 2113 ⁴⁴,
255 2076 305 2106 ὅσα
323 2076 388 2117 πρὸς
413 2076 548 2106 ἀπώλειαν
564 2076 644 2106 αὐτὸν
659 2075 764 2117 ἔφερον.
787 2075 826 2107 Ἦ

53 2114 86 2160 τὸ,
101 2129 114 2144 ι
126 2116 252 2159 Ἤνεγκεν
261 2143 270 2160 ,
289 2135 300 2147 ι
316 2114 375 2150 ἀντὶ
391 2124 453 2158 τοῦ,
468 2121 503 2155 εἰς
515 2121 597 2160 μέσον
611 2114 724 2160 ἤγαγεν,
737 2122 773 2154 ὣς
784 2120 827 2158 ἂν,

54 2159 99 2189 ἐπεὶ
112 2163 145 2199 μὴ
165 2165 306 2201 ἐϐελτιιὶιθη
322 2165 366 2196 διὰ
384 2168 432 2202 τῆς
454 2159 652 2206 μακροθυμίας,
669 2159 825 2206 τιμωρήση-

54 2207 188 2251 ⁴ξιιαῦτὸν,
212 2211 258 2240 καὶ
277 2210 348 2250 δείξῃ
372 2210 421 2247 τὴν
445 2211 544 2241 οἰκείαν
570 2210 682 2249 δύναμιν
705 2210 772 2251 πρὸς
797 2211 828 2241 τὸ

877 1630 991 1658 tionem.
1008 1630 1089 1667 Quod
1106 1634 1199 1658 autem
1213 1630 1286 1663 dicit,
1303 1636 1345 1659 est
1363 1631 1539 1667 hujusmodi:
1555 1632 1608 1660 Irae
1623 1640 1679 1662 vas

878 1679 937 1703 erat
963 1675 1084 1709 Pharao,
1113 1675 1165 1703 hoc
1186 1679 1228 1703 est
1249 1675 1334 1704 homo
1360 1676 1510 1704 accendens
1532 1677 1604 1705 iram
1629 1677 1679 1706 Dei

879 1727 926 1755 per
949 1720 1087 1756 propriam
1111 1728 1188 1748 suam
1211 1720 1359 1748 duritiem:
1390 1721 1466 1749 hunc
1494 1721 1558 1750 tulit
1593 1723 1678 1756 Deus,

878 1763 906 1792 id
929 1768 972 1792 est
991 1765 1168 1801 exspectavit,
1195 1765 1336 1793 sustinuit.
1367 1766 1438 1794 Nam
1473 1767 1559 1794 multa
1587 1767 1679 1803 ipsum

879 1807 1092 1845 longanimitate
1105 1809 1235 1844 dignatus
1250 1813 1292 1837 est
1306 1821 1311 1837 :
1323 1817 1418 1837 venim
1433 1810 1456 1838 is
1471 1811 1679 1846 longanimitate

879 1854 931 1882 ista
945 1853 980 1882 ad
992 1853 1198 1882 indurationem
1221 1854 1264 1882 sui
1286 1854 1389 1882 abusus
1413 1859 1466 1888 est,
1482 1855 1625 1892 iactusque
1639 1860 1681 1884 est

880 1906 926 1926 vas
942 1898 991 1926 iraa
1007 1898 1058 1926 Dei
1074 1905 1171 1933 capax,
1200 1902 1328 1934 paratum
1356 1898 1392 1926 ad
1421 1899 1574 1933 interitum,
1590 1899 1618 1928 id
1635 1905 1682 1928 est

878 1951 894 1971 a
918 1942 1008 1978 seipse
1024 1942 1190 1979 proprioque
1202 1943 1313 1979 ingenio
1327 1946 1464 1979 aptatum.
1491 1945 1583 1980 Neque
1606 1945 1679 1973 enim

878 1987 1030 2025 quidquam
1062 1987 1171 2024 reliquit
1195 1987 1270 2024 quod
1301 1987 1394 2023 ipsum
1419 1987 1556 2024 perderet,
1582 1997 1678 2018 verum

879 2033 972 2062 omnia
995 2032 1112 2069 patravit
1138 2040 1200 2069 quae
1223 2033 1257 2061 ad
1276 2033 1428 2068 perniciem
1450 2033 1539 2070 ipsum
1562 2033 1677 2063 ferrent.

880 2078 940 2113 Vel,
958 2078 1058 2112 «tulit,
1081 2089 1094 2102 ν
1113 2086 1180 2114 pro,
1201 2078 1229 2105 in
1249 2077 1373 2106 medium
1389 2078 1518 2114 protulit,
1545 2084 1591 2114 ut,
1615 2087 1677 2108 cum

880 2131 929 2160 per
946 2122 1183 2160 longanimitatem
1196 2122 1226 2151 in
1247 2123 1388 2151 meliorem
1407 2123 1494 2151 animi
1514 2125 1678 2153 sententiam

879 2176 936 2196 non
954 2172 1025 2196 esset
1046 2167 1183 2204 redactus,
1205 2168 1300 2203 puniat
1317 2175 1392 2203 eum,
1419 2168 1601 2205 ostendatque
1633 2177 1682 2206 po-

881 2213 997 2241 tentiam
1023 2220 1112 2248 suam,
1138 2217 1169 2241 ut
1195 2212 1257 2241 inde
1284 2212 1328 2241 alii
1361 2212 1512 2241 reddantur
1541 2214 1677 2242 meliores.

55 2248 138 2302 ἑτέίξοιλς
152 2254 289 2292 βελτιῶσαι
301 2266 308 2273 ·
334 2248 426 2295 ὥσπερ
447 2251 491 2286 οὗν
507 2259 596 2285 τοῦτον
607 2277 616 2291 ,
638 2248 735 2289 σκεῦος
747 2256 826 2295 ὀργῆς

922 2257 1121 2286 emadmodum
1151 2258 1232 2293 igitur
1255 2257 1338 2290 hunc,
1367 2265 1416 2286 vas
1439 2258 1487 2286 ira!
1513 2258 1618 2286 factum
1646 2267 1680 2287 ex

55 2293 167 2340 tlvo'iuvov
257 2311 314 2339 γεν.
339 2300 350 2340 ]
380 2293 417 2330 ἐκ.
436 2303 482 2336 τῆς
508 2300 605 2333 οἰκείας
633 2293 826 2340 προαιρέσεώς,

56 2338 153 2383 Ζφλάσεις
163 2365 170 2378 ,
191 2338 270 2379 ἔδειξε
292 2338 349 2380 τὴν-
363 2344 464 2375 οἰκείαν
479 2344 590 2383 δύναμιν
607 2356 614 2363 ·
633 2338 702 2374 οὕτω
718 2338 785 2378 ’τοὺς
801 2345 826 2380 ἐξ

57 2382 121 2429 φῶν
145 2388 226 2418 πολλὰ
263 2389 453 2429 ἡμαρτηκότας
483 2382 615 2426 ἐλεήσας,
648 2389 715 2419 διότι
741 2389 828 2424 ἀξίους

59 2426 137 2474 “fove
150 2431 251 2468 ἑαυτοὺς
273 2426 400 2470 ἐποίησαν
413 2435 449 2472 ⁴⁵,
475 2433 602 2474 ἐγνώρισε
626 2445 642 2462 ιι
656 2433 700 2463 τὸν
715 2435 828 2465 πλοῦτον

104 2473 172 2520 δόξης
186 2479 273 2510 «imo.
285 2491 298 2508 »ι
319 2479 378 2509 Οὐκ
397 2471 455 2509 εἷπε
482 2471 526 2515 δὲ,
541 2471 598 2515 Τῆς
613 2479 828 2520 φιλανθρωπίας,

62 2515 130 2566 ίξλὲν
145 2533 157 2545 ι
169 2522 223 2557 Τῆς
247 2523 322 2560 δόξης
337 2535 343 2542 ·
353 2538 365 2550 ι
379 2526 457 2554 τοῦτο
479 2524 530 2564 γὰρ
557 2515 645 2554 τελεία
661 2515 723 2558 δόξα
740 2525 829 2563 Θεοῦ,

64 2560 87 2587 τὸ
98 2560 178 2609 Qu“.
190 2567 227 2597 Τὸ
241 2568 318 2609 δὲησ
331 2568 361 2598 Ἃ
377 2560 594 2609 προητοίμασεν,
608 2579 623 2598 ι)
643 2569 701 2598 ἀντὶ
717 2571 763 2598 τοῦ
773 2590 782 2605 ,
799 2560 832 2598 Ἃ

64 2605 173 2652 ζιροέγνω.
197 2613 254 2643 Οὔκ
277 2607 335 2643 εἶπε
362 2605 406 2652 δὲ,
433 2613 473 2643 δτι
493 2605 601 2646 Ἵπιίντας
630 2613 689 2647 τοὺς
718 2613 833 2647 ἐθνικοὺς

66 2644 158 2692 ἔ(η’κΐέν,
173 2655 238 2696 ἀλλ’,
264 2669 280 2686 ε
295 2657 342 2693 Ἐξ
356 2644 436 2689 “virm
448 2683 455 2695 ,
472 2669 488 2688 ο
508 2644 610 2695 δηλαδλ
634 2644 718 2692 τινάς.
742 2644 832 2688 Ὥστε

881 2303 990 2339 propria
1003 2302 1152 2330 voluntatis
1167 2301 1377 2336 deliberatione,
1394 2303 1529 2339 supplicio
1541 2303 1676 2337 afﬁciens,

880 2347 1044 2376 monstravit
1068 2347 1220 2383 potentiam
1242 2355 1323 2375 suam
1344 2347 1408 2375 :sie
1433 2355 1548 2382 eorum,
1576 2348 1621 2384 qui
1647 2357 1681 2377 ex

881 2391 1008 2429 gentibus
1043 2392 1192 2427 plurimum
1223 2392 1414 2428 deliquerant,
1441 2393 1584 2427 misertus,
1612 2393 1676 2430 quia

882 2436 980 2473 dignos
1002 2444 1061 2466 sese
1095 2436 1286 2465 misericordia
1326 2436 1461 2471 fecerant,
1492 2437 1680 2467 manifestavit

885 2493 899 2506 ι
919 2481 1028 2510 divitias
1042 2481 1138 2518 gloria;
1151 2489 1218 2510 suae.
1237 2493 1251 2507 υ
1265 2483 1326 2510 Non
1340 2482 1409 2510 dixit
1425 2486 1529 2517 autem,
1551 2483 1678 2512 Clemen-

884 2526 941 2561 tiae,
951 2527 1009 2561 sed,
1028 2539 1040 2551 ιι
1052 2527 1170 2560 Gloriae;
1184 2538 1196 2551 ι
1208 2534 1274 2555 nam
1285 2535 1395 2555 summa
1407 2528 1458 2555 Dei
1467 2528 1552 2564 gloria
1561 2533 1612 2560 est,
1630 2528 1681 2556 mi-

883 2571 1062 2601 sericordiam
1077 2571 1222 2608 impertiri.
1246 2574 1342 2607 Porro,
1356 2584 1369 2597 ι
1385 2573 1454 2608 Quae
1470 2572 1647 2609 preparavit,
1665 2583 1678 2596 ι

885 2621 927 2645 est
940 2625 1006 2653 pro,
1023 2618 1091 2652 Quae
1109 2617 1256 2654 praescivit.
1279 2618 1374 2654 Neque
1390 2617 1472 2651 dixit,
1488 2616 1562 2653 quod
1582 2623 1681 2644 omnes

885 2665 981 2698 gentes
1014 2662 1137 2696 servarit,
1162 2661 1226 2697 sed,
1243 2673 1257 2687 ιι
1281 2663 1322 2690 Ex
1341 2662 1477 2698 gentibus,
1501 2672 1514 2685 ι
1545 2659 1680 2696 quosdam

734 2747 829 2778 Varias
849 2747 1002 2777 lectiones.

99 2817 116 2834 δ’
127 2819 223 2857 ιπλασας
234 2835 260 2856 ο.
297 2827 320 2844 ⁵³
335 2827 420 2856 αὐτοῦ.
460 2828 481 2846 ⁸⁸
494 2827 630 2864 ἀπήρτιστο
644 2837 669 2858 o.
711 2829 732 2846 ⁸³
750 2828 886 2863 ἂπήρτισαν
899 2835 926 2855 ο.
