1901 3077
188 159 240 191 459

720 158 977 191 THEOPHYLACTI
996 159 1174 192 BULGARIE
1193 160 1352 192 ARCHIEP.

1786 161 1838 193 460

188 227 257 255 liora
282 226 360 260 dicit,
387 225 574 262 suspicionem
589 224 660 254 hanc
674 225 812 261 adimens,
830 226 973 254 confitetur

1072 239 1079 256 ι
1105 226 1230 257 ὓπόνοιαν
1253 225 1354 264 ταύτην
1378 227 1515 268 ἀναιρῶν,
1537 226 1583 257 καὶ
1598 228 1726 268 ὁμολογεῖ
1744 228 1839 262 αὖτοὺς

187 279 241 308 que
260 271 372 311 se.illos
397 270 560 300 excellenter
575 278 680 300 amare.
695 272 738 299 Ne
761 279 826 299 vero
838 275 983 307 suspectus

186 316 331 349 habeatur,
345 323 378 344 ac
399 316 450 344 [ide
473 323 571 352 parum
585 315 695 352 dignus,
708 326 721 340 ι
735 316 898 350 Veritatem,
917 328 930 341 ν
943 316 982 344 in-

186 361 254 397 quit,
271 372 285 386 σι
300 361 361 389 dico
375 361 404 389 in
417 360 537 395 Christo,
553 368 609 389 non
624 361 754 389 mentior.
770 372 783 386 ι
797 361 982 397 Producitque

185 406 277 434 tresin
288 406 490 440 testimonium,
499 406 651 439 Christum,
661 413 738 434 suam
748 406 832 442 ipsius
840 406 982 434 conscien-

185 451 265 484 tiam,
281 455 309 479 et
324 450 457 486 Spiritum
483 455 619 485 sanctum,
647 450 818 487 inquiensza
840 451 981 486 Quoniam

185 495 295 524 tristitia
308 495 378 524 mihi
391 500 431 524 est
444 503 555 532 magna,
570 507 583 520 ι
608 503 655 524 cor
673 503 768 524 meum
782 495 910 529 exedens,
920 496 980 524 He-

184 541 322 570 braeorum
350 540 475 575 nomine,
500 540 575 577 quod
597 545 675 570 extra
698 541 817 577 gratiam
839 541 912 569 sint:
927 540 980 569 hoc

183 586 258 614 enim
281 584 404 614 dicturus
429 589 481 613 est.

218 631 308 659 Vens.
323 633 350 658 3.
369 642 380 654 ιι
397 630 521 666 Optarim
535 630 609 658 enim
623 630 682 666 ipse
696 637 746 667 ego
757 629 903 658 anathema
918 637 978 658 esse

183 684 198 704 a
211 675 319 704 Christo
333 683 382 711 pro
398 675 527 703 fratribus
543 675 624 710 meis,
639 675 685 711 qui
701 675 771 703 mihi
781 679 848 703 sunt
869 674 979 711 cognati

182 720 333 750 secundum
360 728 483 749 carnem.
500 732 513 745 ιο
528 720 601 756 Quid
628 719 773 748 anathema
788 720 833 753 sit,
858 720 979 755 primum

181 766 254 794 disce
268 776 275 794 :
291 765 443 802 Separatio,
458 765 633 794 abalienatio.
649 764 890 801 Quemadmodum
905 764 979 792 enim

1035 271 1254 312 ὑπερϐαλλόντως
1269 272 1363 312 φιλεῖν.
1381 269 1442 302 Ἵνα
1457 271 1484 301 δὲ
1500 271 1537 311 μὴ
1560 272 1715 310 ἄπιστηθῇ,
1736 273 1819 313 φησίν
1830 285 1837 292 ·

1041 316 1202 351 «Ἀλήθειαν
1228 316 1298 356 λέγω
1323 318 1349 346 ἐν
1368 317 1493 357 Χριστῷ,
1516 317 1546 346 οὗ
1572 317 1716 357 ψεύδομαι.
1737 331 1750 344 ι
1782 317 1837 348 Καὶ

1035 361 1207 401 συμπαράγει
1223 361 1247 380 ⁸⁸
1270 362 1338 402 τρεῖς
1367 361 1523 401 μάρτυρας,
1552 361 1596 391 τὸν
1620 362 1757 402 Χριστὸν,
1789 363 1838 398 τὴν

1035 407 1128 435 ἑαυτοῦ
1144 406 1309 442 συνείδησιν,
1324 406 1370 436 καὶ
1386 405 1415 435 τὸ
1433 407 1545 446 Πνεῦμα
1560 406 1591 436 τὸ
1606 406 1680 447 ἅγιον
1691 431 1701 446 ,
1717 407 1766 437 καί
1782 419 1838 447 φη-

1035 462 1092 486 σιν,
1105 451 1145 480 ὅτι
1163 450 1242 487 Λύπη
1261 451 1307 490 μοί
1321 452 1377 480 ἐστι
1388 450 1509 490 μεγάλη,
1521 451 1697 482 κατεσθίουσά
1714 464 1768 491 μου
1789 452 1837 488 τὴν

1033 496 1165 535 καρδίαν,
1180 496 1247 537 ὒπὲρ
1266 497 1318 525 τῶν
1342 495 1498 535 Ἑϐραίων,
1523 495 1564 525 ὅτι
1588 495 1637 531 ἔξω
1661 500 1710 534 τῆς
1725 496 1839 538 χάριτος

1033 540 1159 580 γεγόνασι
1173 553 1180 560 ·
1194 543 1274 570 τοῦτο
1288 541 1340 582 γὰρ
1356 540 1448 579 μέλλει
1464 542 1558 571 εἰπεῖν.

1079 641 1093 658 (ι
1114 629 1248 669 Ηῦχόμην
1265 629 1318 671 γὰρ
1337 629 1414 664 αὐτὸς
1430 630 1482 670 ἐγὼ
1497 629 1618 669 ἀνάθεμα
1631 625 1699 660 εἶναι
1716 630 1773 661 ἀπὸ
1791 635 1838 662 τοῦ

1033 674 1149 714 Χριστοῦ
1171 674 1237 715 ὑπὲρ
1260 676 1311 703 τῶν
1332 675 1453 716 ἀδελφῶν
1476 686 1528 713 μου
1549 676 1602 704 τῶν
1618 677 1756 714 συγγενῶν
1783 687 1836 714 μου

1032 719 1102 749 κατὰ
1128 719 1225 759 σάρκα.
1241 730 1256 748 ι
1283 718 1320 750 Τί
1341 721 1399 749 ἐστι
1422 719 1452 749 τὸ
1467 719 1589 758 ἀνάθεμα
1610 720 1679 759 μάθε
1702 722 1812 761 πρῶτον
1829 731 1836 739 ·

1032 764 1183 804 χωρισμὸς,
1202 763 1383 804 ἀλλοτρίωσις.
1399 763 1510 804 Ὥσπερ
1529 764 1581 804 γὰρ
1597 767 1642 794 τοῦ
1660 765 1836 803 ἀναθήματος

181 818 283 839 munus
297 812 355 838 Deo
367 810 489 838 oblatum
499 818 582 838 nemo
599 810 679 838 audet
693 810 828 845 attingere
839 819 846 838 :
858 809 898 837 ita
914 817 973 837 cum

1072 811 1079 837 i
1101 809 1288 847 ἀνατιθεμένου
1308 810 1371 849 Θεῷ
1393 809 1475 842 οὐδεὶς
1495 809 1614 849 ἅψασθαι
1635 811 1742 850 τολμᾷ,
1761 809 1834 840 οὕτω

180 855 418 884 excommunicato
433 856 476 892 agi
492 855 572 889 solet,
591 860 781 884 verumtamen
794 854 845 882 alia
859 854 973 882 ratione.

1072 855 1140 882 ὶτοῦ
1167 853 1425 892 ἄναθεματιζομένου
1444 853 1468 878 ¹7
1486 865 1493 872 ·
1517 852 1588 889 πλὴν
1615 853 1698 894 ἑτέρῳ
1724 854 1831 896 τρόπῳ.

178 902 262 929 Sacro
279 900 353 928 enim
375 901 483 928 muneri
496 908 577 928 nemo
593 908 652 928 sese
663 900 810 928 admovere
823 899 905 927 audet
926 898 973 926 ho-

1072 900 1076 926 ὶ
1092 898 1140 936 μὲν
1155 898 1206 939 γὰρ
1221 900 1283 939 ἱερῷ
1304 898 1456 936 ἀναθήματι
1480 900 1559 936 τιμῆς
1580 898 1667 929 ἕνεκεν
1693 899 1723 928 οὗ
1742 894 1835 940 τολμᾷ

179 945 255 973 noris
265 953 349 973 causa
363 954 370 972 :
385 945 485 981 quippe
505 946 563 973 Deo
581 945 712 973 collatum
729 948 973 980 consecratumque

1091 943 1210 982 ἐγγίσαι,
1224 945 1259 977 ὡς
1288 943 1456 983 ἀνακειμένῳ
1476 943 1541 983 Θεῷ
1557 954 1564 961 ·
1579 943 1673 973 τούτου
1693 943 1722 973 δὲ
1744 944 1834 984 χωρί-

179 994 238 1024 est;
251 990 286 1018 ab
305 989 358 1018 hoc
380 998 445 1018 vero
471 994 633 1026 separantur
657 997 764 1024 omnes,
783 997 832 1017 ceu
846 987 973 1025 profano,

1073 999 1117 1016 ται
1139 987 1254 1029 πάντες,
1290 989 1325 1021 ὡς
1355 987 1460 1028 ἀνιέρου
1493 987 1540 1017 καὶ
1568 989 1832 1029 ἀπηλλοτριωμένοι)

178 1035 417 1071 abalienatoquea
441 1036 510 1063 Deo.
536 1034 609 1070 Quid
634 1035 720 1071 igitur
745 1039 787 1062 est
810 1033 885 1070 quod
909 1033 973 1061 dicit

1072 1034 1098 1061 οῦ
1115 1032 1150 1062 ’⁸.
1163 1032 1199 1063 Τί
1213 1027 1257 1062 οὖν
1268 1034 1338 1062 ἔστιν
1351 1032 1365 1062 ὃ
1376 1027 1448 1071 λέγει
1462 1035 1476 1062 ὁ
1492 1034 1617 1070 Παῦλος;
1629 1027 1768 1063 Φαίνεται
1777 1033 1831 1073 γὰρ

179 1081 299 1108 Paulus?
311 1079 425 1108 Videtur
453 1079 529 1108 enim
545 1079 598 1108 hoc
610 1079 671 1108 loco
685 1079 851 1115 supradictis
866 1081 973 1106 contra-

1074 1077 1132 1106 ντία
1151 1076 1235 1116 λέγων
1259 1079 1313 1111 τοῖς
1335 1077 1460 1117 ἀνωτέρω
1482 1079 1597 1117 ῥηθεῖσι.
1616 1077 1686 1108 Τότε
1707 1078 1756 1117 μὲν
1772 1078 1831 1118 γὰρ

178 1125 292 1153 dicere:
315 1124 372 1153 illic
397 1125 468 1153 enim
495 1125 575 1158 dixit,
593 1136 605 1149 ιι
625 1126 714 1152 Nemo
739 1131 791 1152 nos
811 1122 973 1159 separabita

1072 1133 1132 1160 γεν,
1155 1122 1196 1152 ὅτι
1218 1133 1233 1151 α
1249 1122 1344 1156 Οὐδεὶς
1358 1124 1430 1161 ἡμᾶς
1444 1122 1556 1162 χωρίσει
1577 1123 1631 1153 ἀπὸ
1649 1124 1696 1159 τῆς
1722 1123 1834 1162 ἀγάπης

178 1170 309 1198 eharitate
321 1170 368 1198 Dei
384 1180 391 1199 :
405 1181 418 1195 ι
428 1170 487 1207 jam
502 1178 575 1198 nunc
590 1178 655 1198 vero
679 1173 774 1205 optare
796 1176 826 1196 se
843 1168 891 1202 ait,
908 1171 940 1196 ut
957 1176 973 1195 a

1087 1167 1159 1197 Θεοῦ
1173 1166 1196 1185 ¹⁹
1214 1176 1223 1185 ⁸
1246 1178 1261 1196 n
1287 1169 1334 1196 νῦν
1351 1167 1378 1196 δὲ
1403 1166 1532 1208 εὔχεσθαί
1556 1179 1639 1208 φησι,
1665 1170 1837 1208 χωρισθῆναι

178 1214 288 1244 Christo
309 1218 459 1251 separetur.
488 1214 603 1243 Videtur
628 1222 693 1250 ergo
714 1213 851 1241 contraria
870 1212 971 1246 dicere,

1072 1214 1080 1240 ὃ
1102 1214 1148 1241 τοῦ
1174 1213 1305 1252 Χριστοῦ.
1334 1215 1415 1242 Δοκεῖ
1442 1206 1488 1241 οὖν
1517 1212 1624 1242 ἐναντία
1650 1206 1755 1251 λέγειν,
1781 1214 1833 1243 οὔκ

178 1260 225 1288 sed
238 1268 294 1288 non
307 1259 347 1287 ita
361 1268 390 1288 se
404 1267 447 1287 res
462 1259 554 1293 habet,
570 1258 798 1296 quandoquidem
812 1262 840 1286 et
858 1257 910 1285 hoc
923 1264 973 1293 pro

177 1305 310 1333 charitate
333 1305 383 1333 Dei
396 1305 480 1333 dicat.
497 1306 566 1332 Cum
587 1304 661 1332 enim
682 1311 780 1332 omnes
794 1304 884 1331 Deum
896 1309 974 1330 accu-

177 1355 279 1385 sarent,
294 1349 369 1386 quod
381 1349 516 1377 Hebraeos
529 1348 677 1384 adoptione
690 1349 819 1381 donatos,
835 1346 972 1384 gloriﬁca-

177 1399 285 1431 tosque,
300 1395 425 1431 adeoque
435 1394 552 1430 majores
564 1393 664 1421 Christi
678 1393 839 1429 appellatos.
851 1392 972 1427 ejiceret,

177 1440 379 1476 ignominiaque
392 1439 522 1473 afﬁceret,
536 1443 619 1475 atque
640 1439 668 1465 in
681 1437 791 1465 illorum
805 1437 898 1465 locum
913 1443 973 1472 gen-

177 1489 227 1519 tes,
243 1492 306 1521 quze
320 1485 411 1520 ipsum
432 1491 575 1518 nunquam
586 1482 759 1519 agnovissent
770 1482 837 1517 67,
862 1480 972 1509 induce-

175 1533 235 1557 ret:
252 1530 365 1566 ejusque
384 1528 567 1556 Providentize
587 1527 830 1555 obmurmurarent
851 1534 883 1554 ac
903 1526 972 1554 blas-

175 1574 349 1610 phemarent,
376 1573 456 1608 quasi
488 1573 546 1600 haec
571 1572 673 1609 injuste
698 1572 806 1606 ﬁerent,
842 1575 870 1600 et
896 1572 972 1599 Deus

176 1619 301 1654 ipsorum
315 1617 548 1654 progenitoribus,
564 1617 665 1653 quibus
684 1617 742 1653 ipsa
765 1616 838 1645 dona
864 1616 974 1652 pollice-

176 1664 265 1697 batur,
279 1663 466 1698 imposuerat:
482 1669 601 1690 mmrens
611 1662 703 1698 itaque
716 1661 826 1697 Paulus,
837 1661 972 1697 anxieque

175 1711 268 1736 motus
286 1711 313 1735 et
333 1715 441 1734 morsus
456 1715 505 1743 pro
521 1707 571 1735 Dei
583 1706 680 1742 gloria,
694 1706 800 1743 optavit
814 1706 970 1740 anathema,

175 1752 202 1780 id
213 1755 265 1786 est,
277 1751 443 1780 abalienatus
457 1759 517 1780 esse
529 1760 544 1780 a
558 1751 679 1786 Christo,
694 1755 725 1779 ut
734 1751 773 1779 illi
784 1755 970 1786 servarentur,

174 1797 420 1833 dissolvereturque
438 1804 536 1825 eorum
554 1796 683 1825 adversus
699 1798 788 1825 Deum
808 1795 972 1824 maledicen-

173 1842 222 1870 tia.
232 1842 329 1871 Viden’
336 1842 420 1878 igitur
426 1841 501 1878 quod
512 1849 547 1870 ex
555 1849 651 1870 amore
661 1849 716 1878 quo
726 1841 755 1869 in
764 1843 854 1870 Deum
862 1841 970 1869 inﬂam-

174 1891 264 1915 matus
283 1891 333 1921 est,
361 1890 437 1923 optat
461 1886 483 1915 si
506 1886 592 1915 modo
614 1886 672 1915 ﬁeri
692 1886 789 1923 possit,
810 1885 930 1922 separari
955 1893 971 1913 a

172 1937 245 1961 cmtu
257 1940 353 1960 eorum
369 1932 417 1968 qui
429 1939 493 1960 cum
511 1932 621 1960 Christo
636 1935 772 1960 aeternum
787 1931 876 1959 vivent
885 1932 897 1958 ἓ
906 1931 971 1959 Non

172 1986 188 2005 a
215 1977 346 2005 charitate
372 1977 470 2012 ipsius,
495 1976 544 2006 sed
565 1976 651 2013 gloria
688 1976 787 2012 ipsius,
820 1979 848 2004 et
875 1975 970 2011 gloriae

172 2021 275 2050 fructu.
290 2021 406 2049 Perinde
429 2029 462 2050 ac
490 2025 580 2057 patres
594 2027 787 2057 saepenumero
808 2028 824 2048 a
848 2019 912 2048 ﬁliis
930 2027 971 2048 se-

1026 1255 1083 1285 ἔστι.
1105 1257 1157 1287 δέ·
1174 1257 1220 1286 καὶ
1240 1257 1292 1297 γὰρ
1313 1257 1359 1286 καὶ
1381 1259 1459 1286 τοῦτο
1485 1256 1552 1297 ὑπὲρ
1578 1259 1626 1292 τῆς
1652 1257 1759 1296 ἀγάπης
1784 1260 1834 1287 τοῦ

1025 1301 1095 1331 Θεοῦ
1125 1301 1206 1341 λέγει.
1233 1301 1345 1337 Ἐπειδὴ
1374 1300 1426 1342 γὰρ
1459 1300 1575 1335 ἅπαντες
1598 1304 1646 1332 τοῦ
1672 1303 1743 1332 Θεοῦ
1779 1314 1833 1332 κα-

1024 1346 1168 1386 τηγόρουν,
1197 1346 1238 1376 ὅτι
1265 1345 1324 1380 τοὺς
1349 1345 1508 1380 ἀξιωθέντας
1534 1349 1581 1382 τῆς
1605 1346 1759 1385 υἱοθεσίας,
1784 1347 1834 1377 καὶ

1025 1390 1212 1427 δοξασθέντας,
1233 1391 1279 1420 καὶ
1302 1391 1473 1431 προπάτορας
1488 1392 1608 1431 Χριστοῦ
1637 1391 1831 1432 χρηματίσανο

1024 1447 1087 1472 τας,
1111 1435 1171 1470 τοὺς
1194 1435 1354 1476 Ἑϐραίους,
1382 1435 1508 1472 ἐξέϐαλε,
1536 1437 1582 1466 καὶ
1605 1436 1737 1475 ἠτίμασεν
1751 1447 1759 1454 ·
1783 1437 1834 1467 ἀν-

1024 1480 1167 1520 τεισήγαγε
1187 1480 1216 1510 δὲ
1241 1480 1300 1514 τοὺς
1320 1481 1453 1519 μηδέποτε
1475 1480 1554 1510 αὐτὸν
1578 1481 1752 1521 ἐπιγνόντας,
1770 1481 1835 1517 τοὺς

1027 1525 1054 1559 ἐξ
1080 1526 1160 1555 ἐθνῶν
1174 1538 1181 1544 ·
1206 1524 1252 1555 καὶ
1288 1524 1480 1565 κατεγόγγυζον
1513 1527 1559 1562 τῆς
1589 1525 1739 1565 Προνοίας,
1775 1527 1828 1557 καὶ

988 1557 1012 1590 C
1028 1557 1216 1610 ἐέλασςρήμουν
1227 1592 1237 1607 ,
1256 1572 1291 1604 ὡς
1305 1557 1414 1604 ἀδίκως.
1422 1557 1523 1600 τούτων
1535 1557 1680 1611 γινομένων
1692 1593 1702 1610 ,
1713 1557 1765 1601 ⁷καὶ
1780 1574 1833 1601 τοῦ

1026 1616 1097 1645 Θεοῦ
1114 1616 1301 1651 ἀπατήσαντος
1324 1614 1384 1648 τοὺς
1405 1615 1564 1655 προγόνους,
1585 1610 1623 1649 οἶς
1646 1615 1755 1649 καὶτὰς
1775 1616 1834 1646 δω-

1026 1660 1086 1700 ρεὰς
1100 1659 1127 1677 ²⁰
1141 1660 1319 1699 ἐπηγγείλατο
1331 1672 1338 1679 ο
1360 1661 1449 1699 ἀλγῶν
1464 1661 1478 1690 ὁ
1500 1661 1608 1694 Παῦλος
1629 1660 1675 1690 καὶ
1691 1660 1832 1699 δακνόμε-

1025 1717 1067 1745 νος
1081 1705 1148 1745 ὑπὲρ
1162 1707 1209 1741 τῆς
1223 1707 1268 1734 τοῦ
1287 1706 1358 1735 Θεοῦ
1373 1705 1466 1743 δόξης,
1484 1705 1582 1741 ηὔξατο
1603 1705 1730 1744 ἀνάθεμα
1747 1706 1831 1741 αὐτὸς

1026 1744 1108 1785 εἶναι,
1124 1744 1195 1780 ὥστε
1209 1752 1328 1786 σωθῆναι
1348 1749 1482 1789 ἐκείνους,
1505 1749 1551 1779 καὶ
1573 1751 1756 1786 καταλυθῆναι
1774 1751 1827 1787 τὴν

1025 1794 1095 1824 κατὰ
1109 1795 1181 1825 Θεοῦ
1203 1794 1386 1836 βλασφημίαν.
1400 1793 1484 1835 Ὁρᾷς
1498 1791 1542 1824 οὖν
1554 1817 1563 1832 ,
1577 1794 1618 1824 ὅτι
1631 1794 1676 1825 διὰ
1694 1794 1743 1831 τὴν
1758 1796 1828 1836 πρὸς

1024 1839 1094 1870 Θεὸν
1110 1839 1216 1879 ἀγάπην
1238 1838 1365 1879 εὔχεται,
1387 1840 1410 1868 εἷ
1435 1839 1563 1876 δυνατὸν,
1589 1841 1755 1880 χωρισθῆναι
1779 1843 1830 1870 τοῦ

1025 1884 1085 1924 περὶ
1102 1883 1146 1913 τὸν
1162 1883 1278 1924 Χριστὸν
1298 1886 1398 1924 χοροῦ;
1419 1883 1481 1924 οὐχὶ
1495 1883 1519 1901 ²¹
1536 1886 1583 1920 τῆς
1597 1884 1706 1924 ἀγάπης
1726 1885 1830 1923 αὐτοῦ,

1025 1928 1094 1959 ἀλλὰ
1106 1930 1152 1964 τῆς
1165 1927 1240 1965 δόξης
1254 1929 1336 1958 αὐτοῦ
1347 1951 1355 1966 ,
1380 1928 1427 1958 καὶ
1446 1931 1493 1964 τῆς
1509 1928 1683 1963 ἀπολαύσεως
1698 1929 1802 1966 ἐκείνης
1820 1943 1829 1950 -

1024 1972 1115 2013 ὥσπερ
1132 1973 1179 2003 καὶ
1203 1973 1315 2013 πατέρες
1330 1972 1460 2007 πολλάκις
1484 1973 1645 2013 χωρίζονται
1669 1974 1722 2003 τῶν
1744 1975 1831 2012 υἱῶν,

1022 2017 1067 2047 ἵνα
1090 2017 1136 2047 καὶ
1155 2018 1180 2047 οἱ
1198 2017 1250 2047 υἱοὶ
1273 2017 1435 2052 δοξασθῶσιν
1459 2030 1466 2037 ·
1489 2018 1549 2058 οὖχὶ
1572 2020 1620 2054 τῆς
1638 2018 1745 2057 ἀγάπης
1769 2021 1828 2049 τῶν

172 2070 331 2103 gregantur,
351 2069 382 2094 ut
403 2066 593 2102 gloriﬁcentur
622 2065 681 2100 ﬁlii,
702 2064 819 2093 minime
841 2068 933 2092 tamen
953 2072 969 2093 a

1072 2062 1126 2092 ἶδων
1147 2061 1321 2103 χωριζόμενοι
1331 2084 1340 2099 ,
1363 2064 1423 2092 ἀλλ’
1438 2062 1633 2103 αὖτοὶηάδοξεῖν
1649 2063 1806 2103 βουλόμενοι
1816 2086 1828 2102 ,

173 2102 292 2139 filiorum
304 2110 449 2139 dilectione
471 2109 627 2143 abalienati,
647 2109 695 2138 sed
719 2110 772 2146 ipsi
787 2109 895 2145 inglorii
909 2117 969 2138 esse

1076 2102 1169 2138 ἐκεῖνοι
1183 2107 1368 2147 εὖδοιιιμῶσιν.
1388 2106 1474 2140 Αὖτὺς
1494 2102 1539 2137 οὖν
1555 2106 1607 2148 ἐγὼ
1616 2130 1626 2146 ,
1640 2102 1734 2148 ιρησὶν,
1745 2109 1759 2137 6
1774 2121 1828 2147 μυ-

172 2155 323 2192 cupientes,
343 2159 374 2184 ut
385 2155 425 2183 illi
443 2155 564 2184 celebres
581 2154 707 2183 evadant.
730 2155 825 2190 Itaque
843 2154 912 2190 ipse,
926 2154 970 2181 in-

1082 2151 1267 2193 κατορθώσας,
1290 2153 1304 2181 ὁ
1327 2151 1471 2192 ἀγαπήσας
1486 2151 1552 2191 ὑπὲρ
1574 2152 1653 2194 φύσιν
1672 2152 1716 2182 τὸν
1732 2153 1825 2191 Θεὸν,

173 2200 243 2237 quit,
255 2209 318 2238 ego,
341 2201 387 2237 qui
412 2200 557 2228 innumera
584 2198 714 2235 transegi,
743 2198 855 2236 diligens
883 2199 970 2227 Deum

1072 2208 1137 2236 ομαι
1153 2196 1219 2236 ὑπὲρ
1233 2199 1280 2233 τῆς
1294 2196 1370 2233 δόξης
1385 2199 1431 2226 τοῦ
1450 2197 1521 2227 Θεοῦ
1533 2219 1542 2233 ,
1557 2197 1703 2227 ἀποπεσεῖν
1718 2199 1766 2233 τῆς
1782 2198 1828 2228 δό-

170 2254 255 2282 supra
269 2254 354 2283 quam
367 2249 465 2273 natura
487 2244 568 2277 ferat,
585 2247 661 2280 opto,
677 2243 725 2279 ait,
741 2252 791 2280 pro
809 2244 895 2280 gloria
917 2244 970 2272 Dei

1083 2244 1130 2271 τοῦ
1146 2242 1274 2282 Χριστοῦ.
1291 2243 1379 2272 Τοῦτο
1399 2241 1428 2271 δὲ
1444 2243 1491 2271 οὐκ
1511 2241 1582 2271 ἔστιν
1602 2243 1743 2280 ἐκπεσεῖν,
1762 2243 1827 2273 ἀλλ’

170 2290 295 2319 excidere
305 2299 322 2319 a
341 2290 428 2326 gloria
449 2289 563 2318 Christi.
582 2289 645 2317 Hoc
658 2293 754 2317 autem
776 2297 833 2317 non
845 2293 887 2317 est
900 2289 971 2317 exci-

1072 2287 1158 2327 τυχεῖν
1172 2287 1284 2325 μᾶλλον.
1302 2286 1343 2317 Τὸ
1356 2286 1384 2316 δὲ
1396 2309 1405 2325 ,
1422 2297 1436 2315 σι
1453 2285 1540 2327 Ὑπὲρ
1553 2288 1606 2316 τῶν
1622 2287 1743 2327 ἀδελφῶν
1759 2299 1825 2326 μου,

170 2336 246 2369 dere,
279 2335 328 2363 sed
351 2334 443 2370 potius
474 2333 592 2370 assequi.
612 2333 694 2370 Quod
714 2341 778 2362 vero
806 2333 855 2368 ait,
874 2344 888 2359 ι
916 2335 970 2362 Pro

1072 2343 1077 2358 ν
1092 2333 1225 2372 συγγενῶν
1243 2343 1295 2370 μου
1318 2331 1388 2361 κατὰ
1403 2330 1507 2371 σάρκα,
1526 2341 1541 2360 ι)
1559 2330 1592 2360 τὰ
1615 2331 1763 2372 σπλάγχνα
1778 2332 1824 2362 ἐν·

169 2379 301 2408 fratribus
323 2379 404 2414 meis,
426 2378 494 2407 mihi
513 2382 580 2407 sunt
600 2379 706 2415 cognati
729 2378 882 2407 secundum
909 2387 969 2407 car-

1072 2387 1157 2407 ινυται
1167 2398 1176 2414 ,
1194 2376 1241 2406 καὶ
1255 2377 1291 2411 ὣς
1304 2374 1454 2406 διακαίεται
1464 2375 1530 2416 ὑπὲρ
1545 2375 1644 2405 αὐτῶν.

168 2432 245 2459 nem,
257 2435 270 2449 ι
287 2423 389 2452 viscera
404 2423 519 2460 indicat,
535 2428 564 2453 et
574 2431 659 2461 quam
669 2423 823 2453 vehementi
837 2423 969 2453 charitate

168 2476 232 2506 erga
247 2476 294 2497 eos
306 2467 422 2498 affectus
434 2473 502 2497 erat.

202 2515 293 2543 Vsus.
309 2517 336 2549 4,
352 2515 377 2542 5.
391 2525 404 2539 α
425 2514 481 2550 Qui
494 2517 559 2542 sunt
573 2513 717 2549 Israelita,
730 2521 849 2550 quorum
862 2517 903 2542 est
918 2514 968 2543 ad-

167 2559 256 2595 optio,
271 2563 300 2588 et
313 2558 410 2596 gloria,
426 2563 454 2587 et
474 2563 648 2593 testamenta,
661 2563 688 2586 et
711 2558 854 2595 legislatio,
870 2563 898 2588 et
911 2559 969 2588 cul-

1072 2569 1099 2595 α,
1120 2558 1166 2588 καὶ
1185 2559 1213 2587 αἱ
1232 2558 1374 2595 διαθῆκαι,
1396 2558 1441 2588 καὶ
1463 2560 1481 2594 ἡ
1495 2557 1651 2597 νομοθεσία,
1666 2557 1714 2587 καὶ
1727 2559 1745 2594 ἡ
1767 2559 1823 2588 λα-

166 2608 221 2639 tus,
241 2607 270 2632 et
292 2604 491 2641 promissiones
508 2614 514 2632 :
540 2612 658 2641 quorum
679 2607 744 2632 sunt
760 2607 864 2640 patres,
886 2609 914 2633 et
933 2613 967 2633 ex

1072 2602 1110 2639 ία,
1135 2602 1181 2632 χαὶ
1206 2603 1234 2631 αἱ
1259 2602 1436 2643 ἐπαγγελίαι·
1462 2597 1499 2632 ὧν
1525 2604 1549 2632 oi
1574 2602 1705 2642 πατέρες,
1726 2602 1775 2632 καὶ
1794 2603 1822 2638 ἐξ

167 2615 221 2639 tus,
241 2615 270 2632 Εῐ.
292 2615 491 2641 protulssrones
508 2615 514 2632 ἶ
540 2615 658 2641 quorum
679 2615 744 2632 δυιιι
762 2615 864 2640 patres,
886 2615 914 2633 Εῐ
933 2615 967 2633 ex

166 2649 265 2686 quibus
278 2650 401 2679 Christus
418 2649 510 2686 quoad
523 2657 649 2684 carnem,
660 2649 707 2685 qui
723 2653 767 2678 est
778 2657 861 2687 super
873 2651 966 2679 omnia

1072 2615 1110 2639 ια,
1135 2615 1181 2632 και
1206 2615 1234 2631 αι
1259 2615 1436 2643 επαγγεΛιαι·
1462 2615 1499 2632 ων
1525 2615 1549 2632 οι
1574 2615 1705 2642 πατιρες,
1726 2615 1775 2632 και
1794 2615 1822 2638 ες

1075 2649 1090 2677 ὁ
1103 2647 1218 2688 Χριστὸς
1233 2646 1264 2677 τὺ
1278 2648 1349 2677 κατὰ
1369 2647 1469 2688 σάρκα,
1489 2649 1503 2677 δ
1517 2647 1555 2678 ὢν
1570 2647 1615 2678 ἐπὶ
1628 2646 1736 2677 πάντων
1751 2648 1823 2682 Θεὸς

166 2696 241 2724 Deus
258 2695 419 2724 benedictus
442 2695 471 2723 in
492 2695 602 2724 saecula.
627 2696 730 2724 Amen.
747 2706 760 2721 η
783 2695 967 2725 Commendat

1072 2692 1160 2732 ογητὸς
1185 2692 1221 2727 εἰς
1243 2691 1303 2726 τοὺς
1326 2693 1434 2727 αἰῶνας.
1459 2691 1556 2732 Ἀμήν.
1580 2702 1595 2722 n
1614 2691 1742 2723 Ἐπαινεῖ
1759 2692 1824 2722 τοῦ-

866 2737 962 2768 Varise
983 2737 1140 2770 lectiones.

163 2826 183 2843 Ἀ
199 2786 340 2837 ¹ξπαράγει
354 2795 382 2817 0.
420 2787 441 2804 ¹⁷
460 2787 690 2825 ἆναθεματισμένου
713 2796 740 2818 ο.
779 2789 801 2806 ¹³
828 2788 886 2822 Θεῷ
900 2797 926 2817 o.
966 2789 988 2807 ¹⁹
1006 2788 1055 2817 ἀπὸ
1080 2790 1124 2823 τῆς
1151 2788 1251 2825 ἀγάπης
1273 2789 1319 2816 τοῦ
1342 2788 1448 2825 Χριστοῦ
1471 2794 1511 2818 m.
1549 2787 1573 2806 ¹⁰
1598 2787 1644 2823 τὴν
1667 2787 1764 2824 δωρεὰν
1790 2794 1821 2818 0.

200 2835 230 2853 οι)
245 2835 272 2856 ο.

1065 2523 1082 2541 α
1097 2511 1201 2546 οἵτινές
1213 2512 1278 2542 εἰσιν
1293 2511 1475 2553 Ἰσραηλῖται,
1497 2507 1535 2542 ὧν
1551 2514 1568 2550 ἡ
1585 2511 1721 2550 υἱοθεσία,
1737 2511 1785 2544 καὶ
1803 2515 1822 2551 ἢ
