1901 3077
237 169 287 198 463

729 163 986 194 THEOPHYLACTI
1005 166 1182 195 BULGARLE
1200 161 1357 195 ARCHIEP.

1817 170 1854 197 464

237 232 359 261 cundum
373 231 525 268 potentiam
536 230 724 267 promissionis
737 240 743 258 :
757 238 836 263 nam;
850 242 862 254 α
878 229 1015 258 Secundul

1090 229 1158 259 ἀλλὰ
1172 229 1242 259 κατὰ
1266 230 1376 266 δύναμιν
1394 230 1554 269 ἐπαγγελίας
1570 243 1577 248 ·
1607 243 1621 258 α
1640 231 1718 261 Κατὰ
1731 231 1772 260 τὸν
1785 231 1854 271 καιρὸν

236 278 290 306 hoc
307 282 417 313 tempus
434 276 560 310 veniam,
580 276 669 311 inquit
681 296 688 309 ,
710 280 737 303 et
754 275 807 303 erit
824 276 900 303 Sara;
918 274 1001 303 ﬁlius.
1019 284 1032 301 »

235 322 360 350 Verbum
374 322 467 358 itaque
487 320 538 349 Dei
556 320 637 348 ﬁnxit
660 321 751 354 Isaac,
769 323 796 348 et
816 320 919 356 genuit.
934 320 1033 348 Consi-

237 367 295 395 mili
312 374 378 395 sane
399 366 512 394 ratione.
529 373 611 401 super
635 373 686 393 nos
710 364 782 393 ﬁlios
805 365 856 392 Dei
875 365 904 392 in
927 365 1034 393 lavacro

237 411 423 448 baptismatis,
449 410 529 438 veluti
551 410 581 438 in
601 410 729 443 matrice,
752 409 832 438 verba
853 409 944 437 divina
971 417 1034 445 pro-

237 457 412 490 nuntiantur,
428 463 513 492 eaque
536 463 588 482 nos
613 454 748 490 reﬁngunt
766 465 772 482 :
789 453 925 490 siquidem
938 454 965 481 in
981 461 1035 481 no-

238 502 315 530 mine
329 501 433 535 Patris,
455 504 482 528 et
496 499 572 533 Filii,
593 503 621 527 et
639 499 759 535 Spiritus
779 499 880 532 sancti,
903 498 1034 534 baptizati

237 553 412 582 generamur.
428 546 468 574 Ac
482 544 595 580 perinde
614 548 645 572 ut
658 544 713 572 illic
727 543 812 571 Isaaci
828 543 1034 580 generationem

238 591 420 627 promiserat,
443 597 527 626 quam
542 593 639 625 postea
653 588 792 624 implevit,
808 588 847 616 sic
869 592 897 616 et
910 592 1034 616 nostram

237 635 474 672 regenerationem
499 634 626 670 promisit
651 641 698 669 per
716 633 876 669 prophetas,
901 636 928 660 et
942 637 1035 668 postea

236 679 358 716 perfecit
377 679 468 714 Quare
481 678 565 713 illud,
589 690 602 702 «ι
629 680 660 706 In
672 678 749 706 Isaac
762 677 905 706 vocabitur
929 677 979 705 tibi
991 684 1033 705 se-

237 732 316 758 men,
331 735 344 748 »
359 723 398 752 sic
411 722 603 759 accipiendum
615 726 656 750 est
679 732 686 750 :
704 722 749 750 Illi
761 726 826 750 sunt
840 729 934 750 semen
949 721 1034 749 Abra-

239 768 329 804 hami,
346 768 392 805 qui
405 768 490 796 Isaaci
513 767 666 796 nativitatis
687 766 722 795 ad
743 767 832 795 instar
850 771 915 795 sunt
933 766 1033 802 geniti,

238 813 291 842 hoc
313 818 355 842 est
368 821 418 849 per
443 812 559 840 verbum
584 811 720 840 divinum.
740 813 803 839 Non
825 811 910 847 igitur
933 811 1035 839 excidit

239 866 331 886 sermo
352 858 420 892 Dei,
447 857 495 885 sed
523 864 587 885 vero
615 856 732 890 semini,
757 856 810 884 hoc
835 860 877 884 est
910 855 1035 883 ﬁdelibus

238 911 270 930 ex
286 902 425 938 gentibus,
441 902 488 937 qui
503 901 565 929 facti
586 905 651 929 sunt
664 901 712 928 ﬁlii
730 900 781 928 Dei
806 900 879 929 sicut
896 904 923 928 et
942 900 1033 934 Isaac,

238 951 373 983 quatenus
386 950 413 974 et
424 946 450 974 hi
464 954 496 974 ex
507 946 690 981 promissione
699 967 707 981 ,
722 944 800 973 dedit
819 953 882 981 qua:
896 944 1034 981 promisit.

237 992 284 1020 Sin
300 995 394 1020 autem
413 990 502 1019 Judaei
517 990 609 1018 dicant
623 990 698 1026 quod
710 990 800 1025 istud,
819 1001 831 1014 ιι
854 991 886 1017 In
897 991 975 1018 lsaac
988 997 1034 1017 vo-

237 1036 344 1064 cabitur
358 1036 407 1064 tibi
421 1043 534 1069 semen,
553 1047 565 1059 η
586 1035 638 1062 hoc
658 1035 810 1071 signiﬁcat,
825 1042 943 1070 nempe,
960 1033 1035 1071 quod

237 1081 255 1109 ii
269 1081 314 1117 qui
334 1082 413 1109 Isaac
438 1080 567 1117 prognati
593 1083 688 1115 erant,
703 1087 799 1108 semen
822 1079 941 1107 Abrahae
955 1086 1035 1114 repu-

237 1129 341 1159 tcutur,
368 1129 508 1161 oporteret
531 1129 559 1152 et
583 1124 721 1152 Idumaeos
742 1127 769 1151 et
793 1131 890 1151 omnes
913 1123 948 1151 ab
973 1123 1035 1159 ipso

237 1169 368 1198 oriundos
389 1177 483 1198 semen
497 1169 618 1197 Abrahae
641 1168 783 1205 appellari.
805 1167 947 1204 Siquidem
961 1167 1036 1203 ipso-

238 1223 301 1243 rum
313 1214 470 1251 progenitor
481 1216 552 1242 Esau
562 1213 634 1241 ﬁlius
649 1218 707 1241 erat
721 1214 808 1241 Isaac.
821 1212 906 1249 Atqui
909 1212 970 1248 jam
980 1219 1037 1239 non

237 1260 328 1288 solum
352 1267 408 1288 non
431 1263 562 1287 vocantur
582 1257 733 1287 Abrahami
747 1257 810 1293 ﬂlii,
835 1265 928 1285 verum
950 1256 1034 1285 etiam

238 1303 318 1332 valde
331 1307 398 1332 sunt
417 1303 581 1338 abalienati,
602 1302 801 1339 alienigenique
823 1301 962 1330 dicuntur.

275 1395 434 1431 “Vens.
454 1397 495 1422 lo.
512 1405 525 1418 α
542 1395 604 1422 Non
615 1394 707 1422 solum
729 1397 837 1427 autem,
853 1392 901 1421 sed
910 1392 1035 1420 Rebecca

239 1440 324 1468 etiam
346 1447 378 1467 ex
403 1447 458 1467 uno
484 1442 664 1474 conceperat,
689 1439 764 1466 Isaac
791 1442 868 1473 patre
890 1441 997 1465 nostro.
1022 1448 1034 1461 ι-

238 1484 402 1512 Monstravit
420 1483 496 1519 quod
510 1491 575 1511 cum
590 1482 671 1511 multi
685 1486 714 1510 et
728 1482 795 1510 varii
820 1481 979 1510 Abrahamo
993 1489 1035 1509 es-

237 1532 301 1556 sent
310 1527 375 1562 ﬁlii,
389 1529 467 1555 Isaac
481 1531 594 1555 vocatus
607 1527 643 1554 sit
660 1534 757 1555 semen
772 1537 779 1555 :
796 1526 888 1562 itaque
901 1530 928 1554 et
943 1525 977 1561 ii,
988 1526 1035 1562 qui

238 1572 324 1600 simili
339 1579 393 1607 qua
418 1572 475 1607 ipse
490 1575 642 1599 nascuntur
663 1571 777 1599 ratione.
801 1572 866 1598 Jam
881 1578 947 1598 vero
967 1570 1005 1598 ait
1028 1579 1035 1598 :

238 1618 304 1644 Non
323 1616 351 1644 iu
366 1617 443 1644 Isaac
459 1619 569 1644 tantum
592 1616 645 1644 hoc
670 1615 761 1644 videre
783 1623 880 1652 queas,
900 1615 950 1643 sed
963 1615 1037 1651 quod

239 1661 330 1697 majus
346 1664 404 1695 est,
431 1661 460 1688 in
474 1659 607 1689 fratribus
632 1660 716 1688 etiam
740 1668 773 1688 ex
798 1659 899 1688 eodem
920 1664 998 1696 patre
1010 1664 1038 1688 et

241 1709 344 1740 matre,
360 1705 447 1741 iisque
463 1705 581 1742 geminis
590 1705 762 1742 propagatis,
778 1706 852 1733 Esau
862 1704 996 1733 nimirum
1009 1709 1038 1734 et

240 1750 335 1779 Jacob.
353 1751 448 1786 Neque
468 1749 544 1778 enim
559 1750 596 1778 illi
619 1749 718 1778 eadem
736 1754 801 1778 sunt
813 1749 966 1782 consecuti,
989 1749 1038 1778 sed

239 1795 309 1823 alter
332 1794 446 1831 quidem
460 1794 579 1830 electus,
599 1795 668 1823 alter
682 1802 747 1823 vero
769 1794 836 1822 odio
859 1798 902 1823 est
915 1794 1035 1823 habitus.

239 1841 332 1876 Quare
340 1847 376 1868 ne
389 1847 498 1876 quaeras
511 1847 561 1868 cur
574 1844 669 1876 gentes
682 1839 811 1876 elegerit,
825 1847 924 1876 easque
940 1847 1036 1868 semen

239 1884 372 1920 Abrahae,
388 1884 444 1913 imo
469 1883 595 1913 divinum
615 1884 723 1919 fecerit,
739 1884 873 1913 Hebraeos
886 1889 978 1912 autem
993 1892 1036 1912 re-

238 1930 350 1965 pulerit,

273 1975 363 2003 Vsns.
386 1976 479 2002 11-13.
496 1985 509 1998 σι
534 1974 602 2002 Cum
617 1973 693 2001 enim
712 1972 837 2000 nondum
852 1973 909 2000 nati
927 1977 1035 2005 essent,

237 2022 286 2046 aut
304 2017 408 2054 aliquid
430 2018 497 2046 boni
520 2018 656 2054 egissent,
679 2021 726 2045 aut
738 2017 803 2044 mali
820 2019 862 2050 (ut
884 2017 1034 2045 secundum

239 2062 405 2090 electionem
412 2062 584 2098 propositum
593 2062 645 2089 Dei
654 2065 788 2094 maneret,
795 2068 852 2088 non
860 2068 891 2088 ex
898 2061 1039 2098 operibus,

238 2105 287 2135 sed
311 2114 344 2134 ex
357 2107 496 2140 vocante),
521 2105 629 2133 dictum
650 2109 692 2133 est
706 2105 730 2133 ei
745 2115 752 2133 ε
769 2105 860 2140 Major
871 2106 970 2134 serviet
982 2106 1036 2134 mi-

238 2150 322 2179 nori:
339 2151 410 2179 sicut
430 2151 564 2186 scriptum
579 2154 622 2178 est
642 2160 648 2178 :
664 2149 750 2178 Jacob
770 2149 870 2183 dilexi,
893 2151 967 2178 Esau
989 2157 1037 2178 au-

238 2201 296 2224 tem
307 2195 372 2224 odio
387 2195 469 2223 habui
484 2195 504 2223 °.
524 2206 536 2219 η
562 2196 713 2223 Necessum
731 2194 816 2223 fuerit
835 2194 880 2222 hic
897 2203 948 2223 nos
966 2203 1036 2232 prae-

238 2241 363 2275 mittere,
382 2244 464 2277 atque
478 2240 642 2268 summatim
657 2239 791 2275 explicare
813 2247 925 2268 sensum
940 2248 1036 2269 eorum

238 2293 299 2322 qua:
317 2285 420 2322 prolixe
433 2284 559 2313 dicturus
572 2288 614 2313 est
631 2284 791 2320 Apostolus.
808 2285 879 2320 Quia
892 2284 967 2313 enim
980 2292 1037 2313 non

238 2329 316 2364 pauci
335 2329 479 2364 dicebant,
495 2330 585 2357 Eccur
595 2330 667 2358 Deus
688 2333 783 2366 gentes
797 2329 920 2358 Hebraeis
934 2333 1036 2365 praetu-

238 2373 271 2400 lit
289 2376 351 2407 (nec
366 2374 441 2401 enim
468 2374 614 2410 quisquam
628 2374 730 2403 dixerit
744 2373 819 2403 istud
846 2374 955 2402 virtutis
969 2381 1035 2410 ergo

238 2418 388 2454 contigisse
402 2428 408 2446 z
423 2426 520 2446 omnes
531 2418 603 2447 enim
617 2418 831 2455 peccaverunt)?
845 2419 949 2455 colligit
964 2420 1037 2454 Apo-

239 2462 327 2491 stolus
348 2462 436 2491 multo
457 2463 586 2499 ambigua
609 2467 704 2492 nostro
724 2463 838 2499 quidem
861 2463 971 2498 ingenio
996 2462 1035 2490 in-

239 2507 506 2542 comprehensibilia,
518 2507 568 2536 soli
582 2512 675 2536 autem
684 2509 743 2536 Deo
755 2506 1015 2543 comprehensibilia
1027 2516 1033 2533 :

237 2552 387 2588 statuitque
398 2552 518 2588 primum
528 2556 591 2580 ante
603 2556 779 2588 conspectum
787 2572 795 2586 ,
807 2550 881 2587 quod
894 2551 967 2579 inter
977 2551 1036 2580 illos

235 2596 304 2625 duos
314 2596 415 2624 fratres
428 2596 570 2633 didymos,
590 2598 659 2625 alter
673 2597 790 2634 quidem
803 2596 848 2633 qui
864 2597 966 2624 electus
976 2600 1034 2630 est,

237 2649 293 2669 non
312 2641 348 2670 sit
368 2645 480 2678 propter
507 2642 635 2671 virtutem
663 2643 765 2671 electus
782 2651 788 2670 :
810 2641 879 2670 alter
895 2649 959 2670 vero
987 2641 1034 2677 qui

281 2690 289 2711 ³
300 2691 369 2719 Gen.
386 2698 461 2725 xxv,
477 2693 521 2719 23.

1088 275 1139 314 γὰρ
1154 277 1244 305 τοῦτον
1268 274 1426 312 ἐλεύσομαι,
1452 275 1499 304 καὶ
1523 275 1599 304 ἔσται
1626 278 1660 314 τῇ
1676 275 1764 316 Σᾶῤῥᾳ
1778 276 1853 309 υἱός.»

1088 320 1129 350 Τὸ
1143 317 1187 349 οὖν
1204 321 1277 360 ῥῆμα
1289 322 1336 349 τοῦ
1351 321 1422 351 Θεοῦ
1435 320 1563 349 διέπλασε
1579 320 1625 349 τὸν
1641 320 1735 350 Ἰσαὰκ
1749 320 1789 349 καὶ
1802 320 1856 359 ἐγέν-

1087 377 1166 401 νησεν
1181 364 1218 395 ²⁷.
1244 364 1324 394 Οὕτω
1347 364 1379 399 δὴ
1402 364 1447 394 καὶ
1474 366 1514 405 ἐφ’
1539 366 1617 403 ἡμῶν
1642 366 1693 395 τῶν
1717 365 1804 394 τέκνων
1824 368 1856 394 τῶ

1088 411 1174 445 Θεοῦ,
1186 410 1212 438 ἐν
1226 411 1260 448 τῇ
1280 408 1455 449 κολυμϐήθρᾳ
1465 433 1474 447 ,
1491 411 1526 443 ὡς
1549 410 1574 438 ἐν
1592 409 1684 449 μήτρᾳ
1709 409 1750 447 ²⁸,
1772 410 1857 449 ῥήματα

1088 456 1145 483 θεῖα
1165 453 1350 493 ἐπιλέγονται,
1371 454 1482 484 κάκεῖνα
1503 456 1575 493 ἡμᾶς
1599 454 1809 484 ἀναπλάττουσιν.
1824 455 1858 488 Εἰς

1088 498 1172 538 ὄνομα
1194 498 1246 538 γὰρ
1263 498 1388 538 Πατρὸς,
1403 499 1447 528 καὶ
1465 499 1540 535 Υῖοῧ,
1565 498 1611 528 καὶ
1627 498 1703 538 ἁγίου
1728 499 1858 536 Πνεύματος

1089 543 1277 583 βαπτιζόμενοι
1303 542 1464 582 γεννώμεθα.
1496 543 1549 573 Καὶ
1573 543 1667 582 ὥσπερ
1691 545 1743 572 ἐκεῖ
1755 543 1857 582 ἐπηγγεί-

1087 589 1153 618 λατο
1167 588 1215 624 τὴν
1240 591 1285 618 τοῦ
1312 587 1406 618 Ἰσαὰκ
1430 589 1567 627 γέννησιν,
1596 583 1645 617 εἶθ’
1669 587 1772 628 ὕστερον
1793 587 1859 623 ἐπλή-

1089 644 1172 672 ρωσεν
1186 644 1192 651 ·
1211 632 1281 662 οὕτω
1295 632 1342 662 καὶ
1358 633 1406 668 τὴν
1422 633 1556 672 ἡμετέραν
1572 633 1749 671 ἐπηγγείλατο
1763 631 1800 661 διὰ
1819 633 1858 660 τῶν

1088 679 1251 718 προφητῶν,
1277 677 1322 706 καὶ
1347 676 1417 715 μετὰ
1440 680 1525 707 ταῦτα
1553 677 1727 707 ἐτελείωσεν⁸
1751 676 1811 705 ὥστε
1823 677 1857 711 τὸ,

1088 735 1100 748 «ι
1114 721 1160 751 Ἐν
1174 721 1269 752 Ἰσαὰκ
1278 720 1440 758 κληθήσεταί
1454 733 1496 752 σοι
1511 722 1637 762 σπέρμα,
1650 737 1661 748 -
1678 722 1745 751 οὓτω
1755 723 1857 757 νοεῖσθαι,

1089 767 1146 796 ἀντὶ
1168 769 1229 804 τοῦ,
1253 766 1369 797 Ἐκεῖνοί
1396 767 1447 796 εἰσι
1469 767 1578 806 σπέρμα
1605 766 1745 807 Ἀϐραὰμ,
1769 765 1858 795 οἱκατὰ

1088 810 1132 840 τὸν
1159 810 1256 852 τρόπον
1270 813 1318 847 τῆς
1333 813 1380 840 τοῦ
1405 811 1501 842 Ἰσαὰκ
1526 812 1676 851 γεννήσεως
1701 809 1857 850 γεννηθέντες,

1052 855 1229 898 Βτουτέστι,
1251 855 1294 885 διὰ
1314 855 1393 894 λόγου
1415 855 1495 886 θείου.
1518 857 1579 886 Οὐκ
1605 856 1656 896 ἄρα
1674 855 1857 885 διαπέπῇυκενὸ

1088 900 1163 938 λόγος
1176 902 1221 930 τοῦ
1248 901 1334 938 Θεοῦ,
1361 900 1430 929 ἀλλὰ
1453 903 1493 941 τῷ
1515 901 1635 941 ἀληθινῷ
1661 901 1858 940 σπέρματι,του-

1087 945 1176 982 τέστι,
1189 945 1245 979 τοῖς
1259 945 1285 979 ἐξ
1297 946 1376 974 ἐθνῶν
1391 949 1510 982 πιστοῖς,
1533 949 1589 979 τοῖς
1613 945 1759 985 γενομένοις
1780 943 1857 974 τέκνοις

1088 990 1158 1020 Θεοῦ
1169 1012 1177 1024 ,
1197 991 1232 1023 ὥς
1246 989 1292 1019 καὶ
1311 991 1325 1019 6
1344 990 1440 1019 Ἰσαὰκ
1451 1012 1459 1025 ,
1486 989 1553 1019 καθὸ
1569 989 1618 1019 καὶ
1639 985 1711 1019 οὗτοι
1725 988 1750 1023 ἐξ
1768 989 1857 1025 ἐπαγγε-

1088 1034 1157 1073 λίας,
1174 1034 1284 1064 δέδωκεν
1301 1034 1319 1064 ἃ
1333 1034 1475 1074 ὑπέσχετο.
1495 1035 1528 1064 Εἰ
1543 1034 1570 1065 δὲ
1586 1035 1686 1074 λέγοιεν
1701 1035 1724 1064 οἱ
1743 1033 1857 1066 Ἰουδαῖοι,

1088 1078 1129 1108 ὅτι
1144 1078 1190 1118 τὸ,
1208 1091 1223 1107 α
1235 1078 1279 1109 Ἐν
1295 1078 1391 1109 Ἰσαὰκ
1406 1079 1569 1116 κληθήσεταί
1586 1091 1628 1109 σοι
1644 1079 1763 1118 σπέρμα,
1776 1090 1786 1102 ι
1797 1079 1855 1105 τοῦτο

1089 1124 1181 1160 δηλοῖ,
1196 1123 1226 1152 τὸ
1242 1122 1303 1157 τοὺς
1321 1123 1348 1157 ἐξ
1364 1123 1461 1153 Ἰσαὰκ
1481 1125 1662 1163 γεννωμένους
1686 1122 1820 1162 λογίζεσθαι
1831 1121 1858 1159 τῷ

1088 1167 1211 1207 Ἀϐραὰμ
1224 1169 1260 1202 εἷς
1278 1167 1385 1207 σπέρμα
1398 1180 1405 1186 ·
1430 1168 1481 1197 ἔδει
1495 1168 1540 1197 καὶ
1563 1168 1623 1202 τοὺς
1646 1167 1812 1206 Ἰδουμαίους,
1823 1164 1859 1193 καὶ

1089 1213 1191 1246 πάντας
1201 1212 1312 1246 ἐκείνους
1324 1212 1359 1248 ²⁹,
1377 1212 1485 1252 σπέρμα
1500 1212 1625 1251 Ἀϐραὰμ
1639 1211 1812 1253 χρηματίζειν.
1827 1208 1853 1238 Ὁ

1087 1256 1139 1297 γὰρ
1149 1257 1175 1276 ³⁰
1185 1257 1311 1297 πρόγονος
1326 1258 1412 1286 αὐτῶν
1427 1256 1526 1296 Ἡσαῦ,
1540 1257 1595 1291 υἱὸς
1607 1253 1638 1293 ἦν
1651 1260 1697 1287 τοῦ
1709 1255 1804 1286 Ἰσαάκ.
1816 1254 1857 1283 Νῦν

1089 1302 1115 1331 δὲ
1131 1303 1159 1332 οὗ
1184 1302 1263 1341 μόνον
1278 1303 1307 1331 οὖ
1319 1301 1528 1342 χρηματίζουσιν
1543 1302 1596 1331 υἱοὶ
1607 1305 1652 1331 τοῦ
1664 1300 1794 1340 Ἀϐραὰμ,
1806 1298 1858 1327 ἀλλὰ

1089 1346 1135 1376 καὶ
1147 1346 1248 1386 σφόδρα
1261 1347 1462 1386 ἠλλοτρίωνται,
1482 1347 1526 1376 καὶ
1539 1347 1684 1387 ἀλλόφυλοι
1700 1345 1857 1387 ὀνομάζονται.

1133 1401 1147 1420 ¢
1168 1391 1209 1420 Οὖ
1226 1390 1305 1429 μόνον
1319 1390 1367 1429 δὲ,
1385 1391 1455 1420 ἀλλὰ
1473 1391 1519 1420 καὶ
1540 1386 1692 1430 Ῥεϐέκκα,
1708 1389 1732 1424 ἐξ
1748 1389 1798 1421 ἑνὸς
1815 1386 1858 1416 κοί·

1089 1447 1138 1471 την
1162 1435 1277 1474 ἔχουσα,
1295 1437 1340 1465 τοῦ
1367 1435 1464 1475 πατρὸς
1490 1437 1566 1472 ἡμῶν
1593 1435 1699 1466 Ἰσαάκ.
1715 1445 1730 1464 ι)
1758 1430 1858 1464 Ἐδειξεν

1089 1479 1129 1510 ὅτι
1142 1480 1247 1509 πολλῶν
1264 1479 1309 1509 καὶ
1329 1479 1459 1520 διαφόρων
1479 1480 1561 1510 ὄντων
1579 1480 1677 1510 τέκνων
1694 1481 1730 1519 τῷ
1745 1476 1859 1517 Ἁὸραάμι

1089 1525 1103 1553 6
1119 1524 1213 1554 Ἰσαὰκ
1227 1523 1325 1560 ἐκλήθη
1342 1525 1449 1564 σπέρμα
1466 1535 1473 1542 “
1489 1524 1559 1554 ὥστε
1576 1525 1625 1554 καὶ
1649 1525 1673 1554 οἱ
1695 1523 1785 1562 ὁμοίως
1800 1521 1858 1564 αὖτῷ

1090 1568 1238 1607 τικτόμενοι
1253 1580 1259 1587 ·
1277 1568 1323 1598 καὶ
1337 1571 1380 1598 ν’ὗν
1395 1562 1444 1598 ὀὖν
1460 1581 1541 1609 φησιν
1552 1592 1561 1608 ,
1585 1569 1627 1599 ὅτι
1642 1570 1682 1600 Οὖ
1704 1568 1776 1607 μόνον
1789 1564 1812 1594 δὲ

1090 1616 1136 1642 τοῦ
1159 1612 1255 1643 Ἰσαὰκ
1279 1616 1354 1643 τοῦτο
1379 1607 1472 1650 ἴδοις,
1488 1607 1558 1643 ἀλλᾶ
1585 1615 1616 1644 τὸ
1643 1615 1745 1653 μεῖζον,
1769 1610 1808 1640 καὶ
1828 1607 1860 1637 ἐπὶ

1091 1659 1209 1699 ἀδελφῶν
1233 1658 1403 1698 ὁμοπατρίων
1431 1659 1477 1688 καὶ
1501 1659 1673 1700 ὁμομητρίων
1695 1658 1738 1688 καὶ
1753 1655 1859 1699 διδύμέιννι

1089 1705 1137 1732 τοῦ
1151 1714 1179 1732 τε
1195 1701 1282 1732 Ἡσαῦ
1303 1703 1348 1732 καὶ
1361 1706 1408 1733 τοῦ
1423 1703 1538 1734 Ἰακώϐ.
1557 1705 1628 1734 Οὐδὲ
1648 1703 1714 1743 γὰρ,
1738 1701 1790 1731 οὐδὲ
1804 1701 1858 1727 οὗτοι

1089 1749 1140 1776 τῶν
1152 1748 1238 1776 αὐτῶν
1255 1747 1413 1783 ἀπήλαυσαν
1423 1771 1430 1784 ,
1447 1749 1508 1777 ἀλλ’
1532 1749 1545 1777 6
1562 1748 1611 1786 μὲν
1629 1747 1730 1786 ἐξελέγη
1741 1769 1748 1781 ,
1761 1743 1807 1774 ὁδὲ
1817 1743 1859 1786 ἐμις

1090 1792 1170 1829 σήθη.
1188 1790 1273 1822 Ὥστε
1292 1791 1329 1830 μὴ
1345 1793 1453 1821 ἀπαίτει
1475 1784 1586 1831 λόγους,
1612 1793 1679 1825 τίνος
1694 1784 1767 1821 ἕνεκα
1781 1787 1830 1819 τοὺς
1841 1784 1861 1818 ἐξ

1090 1837 1169 1865 ἐθνῶν
1207 1834 1360 1874 ἐξελέξατο,
1389 1836 1435 1866 καὶ
1463 1836 1575 1876 σπέρμα
1609 1836 1748 1877 Ἀϐραὰμ,
1774 1831 1857 1872 μᾶλλον

1091 1880 1118 1910 δὲ
1133 1883 1199 1911 θεῖον
1209 1904 1218 1918 ,
1231 1880 1338 1917 ἐποίησε
1353 1893 1359 1900 ·
1373 1880 1432 1915 τοὺς
1446 1880 1475 1910 δὲ
1489 1880 1636 1921 Ἑϐραίους
1649 1881 1779 1911 ἀπώσατο.

1051 1393 1075 1425 C

1132 1981 1147 1997 ιι
1161 1969 1252 2006 Μήπω
1266 1970 1317 2010 γὰρ
1334 1970 1527 2011 γεννηθέντων,
1547 1972 1616 2011 μηδὲ
1638 1970 1786 2012 πραξάντων
1802 1967 1860 2012 ἀγας

1091 2013 1134 2043 θόν
1158 2026 1183 2043 τι
1209 2013 1227 2050 ἦ
1254 2015 1353 2052 κακὸν,
1374 2014 1418 2044 ἵνα
1442 2016 1534 2052 ἡκατ’
1556 2010 1668 2056 ἐκλογὴν
1694 2013 1806 2056 πρόθεσις
1823 2010 1859 2038 τοῦ

1053 2058 1078 2089 D
1093 2061 1164 2089 Θεοῦ
1191 2058 1272 2098 μένῃ,
1297 2061 1345 2089 οὐκ
1365 2059 1392 2095 ἐξ
1415 2060 1517 2101 ἔργων,
1538 2063 1598 2091 ἀλλ’
1615 2063 1645 2092 ἐκ
1666 2062 1709 2091 τοῦ
1723 2059 1859 2089 καλοῦντοςι

1094 2103 1192 2144 ἐῤῥήθη
1214 2105 1281 2144 αὐτῇ
1293 2126 1301 2140 ,
1317 2104 1359 2134 ὅτι
1375 2103 1410 2135 Ὁ
1428 2100 1524 2143 μείζων
1542 2106 1676 2136 δουλεύσει
1690 2105 1726 2144 τῷ
1740 2100 1861 2144 ἐλάσσονι

1093 2140 1180 2181 καθὼς
1207 2140 1373 2188 γέγραπται·
1402 2140 1456 2180 Ti»;
1483 2150 1585 2180 Ἰακὼϐ
1609 2140 1748 2191 ἠγάπησα,
1772 2145 1816 2191 τὸν.

1091 2191 1179 2222 Ἡσαῦ
1199 2192 1326 2230 ἐμίσησα.
1351 2204 1365 2222 ι)
1389 2194 1545 2234 Ἀναγκαῖόν
1573 2189 1639 2225 ἐστι
1657 2194 1784 2234 προειπεῖν
1804 2189 1862 2234 ἡμῖξς

1090 2236 1133 2266 τὸν
1150 2239 1208 2267 νοῧν
1235 2239 1287 2266 τῶν
1308 2229 1463 2277 μελλόντων
1478 2242 1589 2280 ῥηθῆναι
1615 2240 1657 2270 διὰ
1679 2229 1780 2278 ’μακροῦ
1799 2229 1861 2280 Et”!

1090 2283 1137 2310 τοῦ
1155 2276 1328 2326 Ἀποστόλου.
1347 2283 1459 2320 Ἐπειδὴ
1470 2276 1522 2324 γὰρ
1535 2285 1625 2326 ἔλεγον
1641 2286 1665 2315 οἱ
1676 2276 1783 2326 τξολλοίξ
1798 2276 1860 2326 "five:

1090 2326 1170 2355 ἕνεκα
1183 2325 1217 2355 τὰ
1228 2326 1289 2363 ἔθνη
1300 2318 1518 2367 προιτιμήθησαν
1529 2329 1551 2347 ³⁸
1566 2318 1619 2360 τίῦν
1630 2326 1761 2368 Ἑϐραίων
1771 2322 1812 2362 (οὗ
1821 2318 1860 2368 Tia?

1091 2369 1123 2399 ἂν
1138 2369 1208 2400 εἴποι
1226 2382 1265 2404 τις
1278 2395 1284 2406 ,
1299 2364 1339 2401 ὅτι
1362 2364 1398 2401 διί
1416 2364 1511 2412 ἄρετήν
1526 2386 1533 2392 ·
1550 2374 1648 2408 πάντες
1661 2364 1711 2413 γάρ
1726 2364 1860 2413 ἥμαρτονξὶ

1090 2414 1197 2454 συνάγει
1212 2417 1226 2445 6
1242 2415 1398 2450 Ἀπόστολος
1519 2418 1607 2459 ἄπορα
1617 2443 1624 2456 ,
1637 2406 1704 2456 ημῖν.
1771 2406 1858 2459 ἑκατέ-

1089 2460 1181 2495 ληπτα
1193 2483 1202 2496 ,
1219 2460 1291 2501 μόνῳ
1305 2460 1331 2490 δὲ
1345 2462 1408 2502 Θεῷ
1425 2464 1587 2500 καταληπτά
1601 2475 1608 2482 ·
1624 2463 1668 2493 καὶ
1684 2460 1790 2491 δείκνυσι

1090 2494 1134 2533 τον
1145 2494 1205 2538 τοὺς
1219 2494 1282 2534 ’δύοι
1293 2494 1415 2544 διδύμους
1440 2494 1567 2548 ἀδελφοὺς
1577 2531 1585 2545 ,
1607 2508 1646 2537 ὅτι
1668 2507 1695 2536 οὗ
1712 2505 1743 2534 δι’
1757 2497 1837 2548 ἀρετὴν
1850 2494 1860 2521 δ

1090 2549 1205 2588 ἐκλεγεὶς
1226 2542 1356 2588 ἐξελέγη,
1374 2551 1433 2580 οὐδὲ
1461 2542 1515 2581 διὰ.
1529 2542 1625 2582 κακίαν
1651 2554 1665 2581 ὁ
1685 2542 1858 2590 μισηθεὶςβμῗ

1090 2592 1158 2628 σήθη
1176 2594 1222 2630 (οὗ
1237 2593 1288 2633 γὰρ
1312 2595 1458 2635 ἐπράξαντο
1484 2597 1581 2635 ἀγαθὸν
1606 2594 1727 2633 ἢκακὸν,
1744 2590 1779 2621 ἔτι
1797 2588 1820 2635 etv
1833 2588 1858 2619 τῇ

1089 2637 1166 2673 νηδύϊ
1193 2630 1248 2673 τῆς.
1261 2630 1360 2678 μῖητρὸξ
1380 2639 1464 2680 ὄντες)
1488 2653 1494 2659 ·
1508 2630 1592 2672 ’ἀλλὰ
1662 2639 1715 2678 θείᾳ
1736 2630 1855 2675 προθέσειν

932 2731 1026 2761 Variae
1047 2731 1200 2762 lectiones.

271 2775 293 2792 ³⁷
319 2775 439 2812 ἐγεννήθη
465 2784 493 2805 0.
531 2776 553 2793 ²⁸
575 2776 608 2808 ὡς
629 2776 654 2803 ἐν
680 2777 777 2814 μήτρᾳ,
808 2777 839 2813 τῇ
869 2775 1031 2812 κολυμϐήθρᾳ

236 2814 256 2831 ³¹
272 2816 422 2852 προετίμησε
435 2824 473 2845 m.

1058 2783 1085 2803 ο.
1124 2775 1147 2793 ²⁰
1172 2776 1304 2812 Chrysost.
1334 2778 1426 2810 πάντας
1452 2779 1508 2810 τοὺς
1530 2779 1571 2807 ἀπ’
1601 2780 1701 2808 ἐκείνου.
1736 2773 1756 2790 ⁸³
1783 2768 1805 2796 δὲ
1829 2773 1850 2793 ⁰¹
