1901 3077
42 187 89 215 465

507 186 682 215 EXPOSITIO
701 187 733 215 IN
755 184 860 216 EPIST.
880 189 926 217 AD
946 189 1029 217 ROM.
1048 190 1173 218 -—CAP.
1195 191 1242 219 IX.

1641 194 1693 221 466

42 251 159 282 τουτέστι
170 273 178 288 ,
242 249 399 291 προγνώσει,
409 252 423 280 ὁ
436 251 493 290 ’μὲν
511 251 618 291 ἐξελέγη
635 253 680 282 καὶ
690 254 817 291 ἠγαπήθη
828 277 835 290 ,

916 254 953 283 1ἱο
976 258 1020 284 est
1040 254 1162 290 habitus,
1188 255 1224 284 ob
1245 256 1309 285 vitia
1335 264 1390 284 non
1414 257 1450 284 sit
1471 257 1588 293 rejectus
1616 258 1689 295 (non

43 297 93 327 ὁδὲ
112 296 233 334 ἐμισήθη
249 307 256 314 ·
279 295 367 327 καθὼς
380 297 424 325 καὶ
446 298 460 326 ὁ
474 297 612 337 προφήτης
627 297 699 337 λέγει
712 320 719 333 ,
733 298 772 327 ὅτι
787 299 840 328 Τὸν

43 342 87 380 μὲν
101 341 256 380 ἠγάπησα,
280 340 324 369 τὸν
350 341 376 370 δὲ
401 341 519 379 ἐμίσησα
535 353 541 360 ·
565 341 610 371 ἵνα
627 341 657 371 τὸ
681 347 735 372 πᾶν
758 339 838 382 ᾗτοῧ

43 388 110 416 Θεοῦ
120 408 129 422 ,
143 385 192 414 καὶ
213 387 260 421 τῆς
275 385 356 413 αὐτοῦ
373 385 522 424 προθέσεως
542 386 568 405 ³³
584 386 630 415 καὶ
655 387 837 427 προγνώσεως.

45 430 95 461 Καὶ
110 430 136 460 τί
151 429 228 469 λέγω
241 429 363 468 τούτους
378 429 447 459 ἀλλὰ
465 430 511 459 καὶ
534 432 556 460 οῖ
578 430 746 471 Ἰσραηλῖται
773 433 839 462 ποίν-

44 487 82 508 τες
96 474 332 514 ἐμοσχοποίησαν,
345 474 390 504 καὶ
402 476 425 504 οἱ
441 474 490 513 μὲν
503 475 687 512 ἐκολάσθησαν
698 499 706 512 ,
721 477 745 506 0i
757 477 784 506 δὲ
797 477 838 507 οὔ.

48 519 99 550 Καὶ
112 521 125 548 ὁ
139 519 251 559 Φαραὼ
267 519 382 558 σκληρὸς
397 519 445 558 μὲν
465 515 497 555 ἦν
520 521 624 556 ἀληθῶς
639 532 646 539 ·
665 521 733 551 ἀλλὰ
747 522 840 551 πολλοὶ

46 565 86 594 καὶ
112 564 200 594 ἄλλοι.
234 565 296 597 Πῶς
322 559 366 594 οὖν
393 564 471 603 μόνος
499 565 657 602 κολάζεταις
687 565 771 605 Ὁρᾷς
800 566 840 596 ὅτι

46 611 124 638 ταῦτα
141 608 190 647 μὲν
208 608 388 650 ἀκατάληπτα
404 609 567 649 ἀνθρώποις,
586 609 659 650 μόνῳ
676 610 702 640 δὲ
713 611 776 650 Θεῷ
791 622 839 640 κα-

47 653 184 690 ταληπτάς
208 652 304 686 Οὕτως
326 649 371 682 οὖν
386 653 432 682 καὶ
453 656 471 689 ἡ
493 656 545 683 τῶν
560 649 770 694 semitam,
794 656 840 684 καὶ

47 700 94 727 τῶν
109 697 247 737 Ἐϐραίων
267 697 404 735 ἀποϐολὴ,
421 700 486 735 ἡμῖν
507 698 555 737 μὲν
579 699 730 739 παράλογος
747 699 837 738 δοκεῖ,

46 745 81 783 τῷ
95 743 121 773 δὲ
144 744 210 783 Θεῷ
235 743 400 779 δικαιοτάτη.
413 738 507 782 λοῦτός
531 745 601 773 ἔστιν
623 745 637 773 ὁ
663 746 721 778 νοῦς
741 744 839 778 παντὸς

46 790 88 816 τοῦ
103 787 202 827 χωρίου
207 811 213 817 .

893 300 969 329 enim
984 305 1100 337 egerunt
1112 301 1262 338 quidquam
1279 301 1342 329 boni
1360 306 1407 330 aut
1428 303 1504 335 mali,
1517 311 1580 331 cum
1601 304 1690 332 adhuc

895 345 923 373 in
945 349 1025 374 utero
1039 349 1159 381 essent),
1182 355 1279 374 verum
1296 346 1388 375 divino
1408 348 1560 383 proposito,
1576 348 1628 376 hoc
1649 355 1690 376 est

894 390 1077 426 prmscientia,
1101 391 1170 419 alter
1195 391 1305 428 quidem
1327 395 1369 420 est
1391 391 1495 420 electus
1515 397 1543 420 et
1563 391 1690 425 dilectus,

893 437 962 465 alter
971 445 1035 466 vero
1045 437 1108 466 odio
1117 437 1238 472 habitus,
1248 437 1342 466 itidem
1353 442 1382 466 ut
1390 438 1522 475 propheta
1533 443 1648 467 testatur
1658 436 1671 455 ι
1685 450 1689 467 :

896 493 909 505 ι
933 482 1059 510 Alterum
1074 482 1184 518 quidem
1206 482 1299 516 dilexi,
1324 483 1440 511 alterum
1466 491 1530 511 vero
1554 483 1611 516 odi,
1630 495 1642 507 ιι
1663 489 1690 511 ιιι

892 529 983 554 totum
1002 526 1039 554 sit
1052 527 1102 554 Dei
1115 531 1197 563 atque
1213 527 1344 563 propositi
1360 527 1443 563 ipsius
1457 531 1484 555 et
1497 527 1689 563 prmscientizc.

893 571 928 598 Et
936 570 1002 606 quid
1011 571 1061 599 hos
1075 571 1155 600 dico?
1167 573 1227 599 Imo
1242 572 1371 600 Israelita:
1383 580 1481 600 omnes
1494 572 1610 600 vitulum
1624 581 1690 600 con-

893 614 1006 652 ﬂarunt,
1031 620 1059 644 et
1085 616 1129 644 alii
1157 616 1266 652 quidem
1294 616 1379 652 puniti
1395 617 1459 650 sint,
1483 617 1528 644 alii
1550 624 1614 645 vero
1636 625 1690 644 non

893 659 972 687 item.
1003 660 1137 688 Praeterea
1160 660 1266 688 Pharao
1290 668 1382 688 revera
1406 659 1495 688 durus
1517 664 1587 694 erat,
1609 666 1692 696 atque

893 703 987 732 itidem
1012 704 1057 732 alii
1072 705 1162 733 multi.
1190 707 1281 741 Quare
1300 705 1382 740 igitur
1403 705 1477 733 solus
1499 705 1543 732 ille
1561 705 1690 741 punitur?

892 749 987 777 Videu’
997 749 1057 778 haec
1070 749 1228 778 hominibus
1242 757 1300 778 esse
1319 750 1613 785 incomprehensibilia,
1639 751 1690 777 soli

892 798 986 822 autem
998 795 1058 822 Deo
1068 794 1267 830 perceptibilia?
1283 795 1361 822 Hanc
1372 794 1404 822 ad
1418 794 1553 822 rationem
1569 794 1689 830 gentium

47 837 144 871 electio,
161 836 384 873 Judaeorumque
396 837 522 873 'rejectio,
539 837 620 866 nobis
637 837 750 874 quidem
770 842 869 875 praeter
882 839 1017 867 rationem
1035 843 1064 867 et
1085 839 1202 867 absurda
1218 839 1333 873 videtur,
1355 840 1413 867 Deo
1434 843 1527 867 autem
1546 843 1589 867 est
1597 839 1692 875 justis-

46 882 120 909 sima.
137 883 205 910 Haec
219 886 263 910 est
273 882 407 910 sententia
426 883 511 910 totius
523 882 552 910 in
567 890 622 918 quo
636 891 711 912 nunc
722 887 845 912 versatur
860 883 923 911 loci.

82 940 93 952 ηι
107 926 143 957 Τί
157 921 202 957 οὖν
219 927 345 965 ἐροῦμενς
367 927 414 963 Μὴ
437 927 526 956 ἀδικία
542 927 616 967 παρὰ
635 929 673 968 τῷ
687 929 768 969 Θεῷ;
790 928 837 964 Μὴ

932 929 1021 956 Vens.
1048 931 1091 956 14.
1111 938 1126 954 ιι
1143 928 1217 964 Quid
1239 928 1321 965 igitur
1339 928 1481 956 dicemus?
1497 928 1627 964 Nunquid
1647 929 1689 955 in-

48 972 156 1010 γένοιτοΙ
178 983 194 1001 1)
223 972 329 1002 Οὐκοῦν
350 972 409 1002 οὐδὲ
432 971 472 1012 ἐφ’
493 973 570 1010 ἡμῶν
592 974 645 1002 τῶν
667 974 774 1003 ἐθνικῶν
791 972 836 1002 καὶ

46 1018 93 1046 τῶν
109 1015 246 1047 Ἰουδαίων
262 1017 349 1050 ἄδικος
367 1019 381 1046 6
398 1017 476 1050 Θεός.

87 1073 100 1090 (ι
112 1062 159 1100 Τῷ
173 1060 225 1100 γὰρ
244 1062 332 1101 Μωσῇ
350 1061 440 1100 λέγει·
454 1061 577 1097 Ἐλεήσω
593 1060 621 1091 ὃν
639 1061 671 1091 ἂν
692 1062 774 1099 ἐλεῶ,
791 1061 836 1091 καὶ

46 1106 194 1145 οἰκτειρήσω
227 1105 258 1135 ὃν
283 1105 315 1134 ἂν
350 1106 484 1147 οἰκτείρω.
512 1118 527 1135 ι)
561 1106 775 1142 Ἐπισυνάπτει,
801 1108 837 1140 ὡς

46 1151 87 1179 καὶ
104 1150 228 1191 ἀνωτέρω
244 1150 350 1190 εἴρηται
361 1174 369 1188 ,
395 1150 441 1180 καὶ
466 1150 555 1192 ἕτερον
580 1152 610 1180 ἐκ
627 1153 675 1187 τῆς
691 1152 817 1185 Παλαιᾶς
827 1175 835 1190 ,

47 1194 178 1232 δεικνύων,
194 1195 235 1225 ὅτι
251 1196 266 1224 ὃ
280 1195 348 1229 Θεὸς
369 1195 447 1233 μόνος
462 1191 515 1225 οἶδε
527 1195 586 1229 τοὺς
602 1195 690 1230 ἀξίους
704 1196 722 1232 ἢ
736 1197 835 1235 τιμῆς,

47 1239 61 1274 ἦ
81 1240 220 1274 κολάσεως.
240 1239 335 1269 Καίτοι
351 1239 403 1279 γὰρ
422 1240 531 1270 πάντων
551 1240 644 1276 ἕπίσης
667 1240 836 1279 ἁμαρτανόν-

46 1295 92 1313 των
99 1285 135 1322 ³³,
145 1284 188 1314 ὅτε
199 1284 426 1325 ἐμοσχοποίησαν
439 1284 510 1322 ὅμως
522 1285 614 1318 ὁΘεὸς
623 1284 684 1319 τοὺς
697 1285 745 1324 μὲν
758 1286 835 1321 ἐλεεῖ,

47 1329 100 1362 τοὺς
110 1329 135 1358 δὲ
146 1329 314 1368 παραδίδωσι
326 1329 380 1362 τοῖς
392 1327 516 1363 Λευίταις
527 1330 562 1362 εἰς
572 1329 692 1370 σφαγήν.
708 1330 764 1359 Καὶ
776 1329 835 1358 οὐδὲ

48 1375 140 1410 Μωσῆς
161 1369 213 1403 οἶδε
238 1374 286 1409 τὴν
309 1374 413 1413 αἰτίαν,
437 1376 451 1403 ὃ
467 1369 611 1408 τοσοῦτος·
633 1374 679 1404 καὶ
695 1373 727 1404 σὺ
744 1374 834 1403 αἰτίαν

49 1419 172 1455 ἀπαιτεῖς,
189 1418 259 1451 τίνος
273 1418 350 1448 ἕνεκα
375 1419 401 1448 οἱ
423 1418 518 1449 ἐθνικοὶ
536 1418 774 1458 προετιμήθησαν,
790 1419 834 1448 καὶ

49 1465 125 1492 ταῦτα
141 1464 298 1504 ἁμαρτωλοὶ
311 1463 400 1500 ὄντες
418 1463 514 1494 Καίτοι
527 1463 552 1482 ³⁴
561 1463 683 1504 Αῆδύνατο
698 1465 712 1493 ὁ
726 1464 834 1497 Παῦλος

50 1508 121 1537 εἰπεῖν
144 1502 325 1544 τὴν-αἰτίαν,
350 1508 382 1544 ἣν
409 1509 530 1548 ἀλλαχοῦ
552 1502 642 1546 εἶπεν,
665 1507 705 1537 ὅτι
730 1509 766 1538 Οἱ
788 1508 835 1545 μὲν

887 971 993 1008 iustitia
1015 977 1057 1001 est
1076 973 1149 1009 apud
1169 975 1278 1001 Deum?
1301 973 1388 1001 Absit.
1407 985 1419 996 ν
1444 974 1537 1009 itaque
1552 980 1641 1009 neque
1663 974 1689 1000 in

890 1025 942 1045 nos
955 1017 1090 1050 ethnicos,
1106 1025 1193 1053 neque
1209 1017 1236 1045 in
1248 1017 1358 1046 Iudaeos
1373 1017 1492 1052 injustus
1506 1021 1548 1045 est
1564 1018 1652 1045 Deus.

927 1065 1010 1092 Vnus.
1024 1067 1066 1091 15.
1078 1076 1089 1087 «
1105 1065 1194 1100 Moysi
1207 1065 1280 1092 enim
1291 1064 1374 1092 dicit:
1388 1064 1539 1092 Miserebor
1546 1064 1691 1100 cujuscun-

889 1116 943 1144 que
960 1108 1089 1136 misertus
1104 1109 1182 1137 fuero
1198 1118 1204 1136 :
1221 1113 1249 1137 et
1268 1109 1485 1137 commiserabor
1499 1116 1690 1145 quemcunque

889 1153 1098 1181 commiseratus
1117 1152 1208 1182 fuero.
1234 1163 1248 1180 ι)
1274 1153 1417 1190 Adjungit,
1440 1157 1471 1180 ut
1490 1158 1519 1181 et
1544 1161 1624 1190 supra
1648 1154 1689 1181 di-

889 1201 966 1226 ctum
981 1201 1032 1231 est,
1047 1201 1076 1225 et
1084 1198 1168 1226 alium
1189 1198 1281 1227 locum
1296 1206 1328 1226 ex
1349 1198 1438 1226 Veteri
1452 1199 1630 1226 Testamento
1645 1206 1688 1226 os-

891 1242 1016 1275 tendens,
1032 1243 1088 1278 7o
1109 1243 1185 1279 quod
1207 1243 1284 1271 solus
1301 1245 1376 1271 Deus
1389 1243 1465 1271 norit
1477 1243 1524 1279 qui
1541 1243 1596 1271 sint
1613 1243 1688 1279 digni

891 1286 931 1314 vel
945 1286 1063 1320 honore,
1086 1287 1127 1315 vel
1143 1295 1222 1323 poena
1243 1288 1291 1323 (1).
1317 1288 1388 1316 Nam
1404 1287 1529 1323 quamvis
1544 1295 1642 1316 omnes
1656 1296 1687 1315 ex

890 1339 972 1366 aequo
987 1336 1154 1366 peccassent,
1177 1340 1240 1360 cum
1262 1332 1378 1360 vitulum
1393 1332 1538 1365 ﬁnxerunt,
1560 1333 1635 1360 Deus
1650 1336 1687 1359 ta-

891 1383 955 1404 men
978 1375 1097 1404 aliorum
1119 1377 1229 1412 quidem
1251 1377 1407 1410 miseretur,
1430 1377 1499 1405 alios
1519 1384 1582 1404 vero
1607 1376 1689 1404 tradit

889 1420 991 1449 Levitis
1006 1425 1036 1448 ut
1049 1421 1278 1450 interﬁcerentur.
1292 1423 1389 1457 Neque
1404 1422 1504 1455 Moses,
1513 1425 1606 1449 tantus
1613 1421 1686 1457 apud

890 1466 993 1499 Deum,
1012 1466 1149 1493 rationem
1175 1467 1253 1494 novit
1266 1475 1273 1494 :
1289 1470 1317 1494 et
1330 1470 1360 1494 tu
1373 1473 1486 1494 causam
1501 1466 1623 1502 postulas
1640 1474 1689 1494 cur

889 1513 984 1545 gentes
1006 1509 1113 1538 Judaeis
1138 1510 1193 1538 sint
1215 1510 1344 1546 prmlataa,
1366 1519 1431 1539 cum
1454 1514 1548 1538 tamen
1568 1511 1689 1547 peccatis

50 1551 203 1591 Ἰσραηλῖται
230 1552 261 1586 ἐξ
289 1551 373 1593 ἔργων
395 1553 520 1590 ἐνόμισαν
545 1553 709 1582 δικαιοῦσθαι
730 1564 737 1571 ·
764 1548 835 1582 οὗτοι

916 1554 1000 1583 nfecta
1009 1556 1119 1583 essent?
1130 1555 1214 1591 Atqui
1228 1555 1327 1583 Paulus
1337 1555 1427 1591 potuit
1438 1555 1573 1583 rationem
1583 1555 1688 1585 dicere.

51 1597 87 1634 δὲ,
101 1598 130 1626 ἐκ
147 1597 263 1631 πίστεως
282 1596 327 1626 καὶ
351 1597 478 1637 χάριτος·
499 1597 560 1626 ἀλλ’
581 1597 612 1627 οὖ
633 1596 704 1636 λέγει
727 1599 788 1634 νῦν,
804 1599 834 1627 ἐκ

50 1642 186 1681 περιουσίας
210 1641 390 1678 ἐπιστομίζων
415 1641 475 1675 τοὺς
503 1641 675 1682 περιέργως,
703 1641 750 1671 καὶ
775 1642 835 1672 πεί-

51 1688 94 1715 θων
106 1687 183 1725 μηδὲν
197 1688 252 1716 τῶν
267 1689 313 1715 τοῦ
328 1688 398 1717 Θεοῦ
413 1687 601 1726 λογοπραγεῖν.

85 1832 98 1849 ε
113 1821 176 1861 Ἄρα
192 1817 238 1852 οὖν
264 1823 293 1851 οὐ
319 1823 363 1850 τοῦ
385 1820 522 1854 θέλοντος,
546 1819 606 1851 οὐδὲ
620 1822 667 1850 τοῦ
683 1820 834 1861 τρέχοντος,

50 1866 109 1894 ἀλλὰ
127 1869 172 1896 τοῦ
194 1868 330 1899 ἐλεοῦντος
352 1868 433 1896 Θεοῦ.
451 1876 466 1894 ιι
490 1863 590 1896 Ἤθελε
613 1864 662 1903 μὲν
689 1866 834 1904 εὐλογῆσαι

51 1909 132 1939 Ἰσαὰκ
145 1911 188 1941 τὸν
202 1911 293 1942 Ἡσαῦ
307 1922 314 1929 ·
340 1910 433 1950 ἔτρεχε
452 1911 480 1940 δὲ
496 1909 585 1940 Ἡσαῦ
612 1911 648 1943 εἷς
670 1910 700 1939 τὸ
723 1909 832 1947 πεδίον,

51 1955 80 1987 ὥς
93 1954 120 1984 ἂν
141 1955 270 1995 θηρεύσας
295 1954 377 1994 θήραν
399 1955 540 1995 εὖλογηθῇ.
560 1954 595 1984 Ὁ
610 1954 637 1983 δὲ
660 1953 728 1987 Θεὸς
741 1954 767 1973 ³⁵
789 1954 833 1983 τὸν

52 1997 138 2028 Ἰακὼϐ
151 2000 233 2041 κρίσει
251 2000 358 2039 δικαίᾳ,
373 2000 409 2033 ὡς
426 1999 497 2033 ἄξιον
510 1999 617 2032 πάντως
628 2023 634 2034 ,
652 2000 700 2034 τῆς
715 1998 834 2037 εὐλογίας

52 2047 127 2083 τυχεῖν
155 2045 275 2081 ἐποίησε.
303 2045 383 2074 Δοκεῖ
414 2043 441 2073 δὲ
466 2044 579 2073 ἐνταῦθα
608 2044 639 2073 τὸ
667 2042 832 2077 αὐτεξούσιον

53 2087 153 2128 ἀναιρεῖν
184 2091 198 2118 ὃ
226 2089 385 2122 Ἀπόστολος
399 2100 406 2107 ·
432 2089 479 2118 οὐκ
507 2088 563 2118 ιστι
591 2087 618 2117 δέ
632 2099 638 2106 ·
664 2087 723 2117 ἀλλ’
742 2087 833 2128 ὥσπερ

52 2131 88 2160 ἐπὶ
111 2135 154 2169 ἧς
170 2133 255 2167 οἰκίας
279 2134 410 2172 λέγομεν,
438 2132 479 2162 ὅτι
500 2133 541 2163 Τὸ
558 2137 611 2162 πᾶν
637 2135 682 2162 τοῦ
711 2132 832 2172 τεχνίτου

53 2177 111 2213 ἐστὶ,
124 2178 206 2208 καίτοι
221 2180 307 2208 δεῖται
321 2178 367 2207 καὶ
383 2177 460 2216 ὕλης,
483 2177 529 2207 καὶ
548 2179 600 2207 τῶν
616 2176 830 2217 συνεργησάντων

887 1607 970 1636 quam
984 1603 1012 1628 et
1026 1600 1080 1627 alio
1091 1600 1118 1627 in
1133 1600 1194 1628 loco
1216 1599 1341 1634 reddidit,
1357 1600 1486 1636 quoniam
1502 1599 1634 1628 Israelita;
1656 1608 1687 1627 ex

889 1643 1018 1680 operibus
1039 1644 1235 1673 existimarunt
1257 1653 1287 1673 se
1304 1644 1446 1680 justiﬁcari
1466 1653 1472 1671 :
1493 1645 1554 1673 ista:
1571 1652 1636 1673 vero
1655 1652 1687 1671 cx

889 1688 951 1723 ﬁde,
967 1693 996 1717 et
1009 1689 1094 1726 gratia
1106 1699 1112 1716 :
1128 1698 1223 1718 verum
1235 1689 1263 1718 id
1273 1689 1333 1726 jam
1344 1697 1418 1718 nunc
1426 1697 1481 1718 non
1491 1689 1566 1723 dicit,
1576 1688 1686 1717 abunde

889 1733 1004 1761 curiosis
1017 1741 1065 1761 ora
1085 1734 1241 1768 obstrueus,
1264 1742 1295 1762 ac
1309 1734 1429 1763 suadens
1451 1738 1482 1762 ut
1494 1734 1569 1762 nihili
1588 1742 1687 1762 eorum

889 1785 952 1814 quae
966 1777 1001 1806 ad
1016 1779 1105 1806 Deum
1128 1782 1253 1814 spectant
1266 1778 1400 1807 rationem
1414 1778 1535 1815 exigant.

925 1823 1013 1850 Vns.
1033 1825 1073 1850 ιϐ.
1091 1834 1104 1847 α
1118 1823 1203 1858 Igitur
1220 1831 1276 1851 non
1291 1827 1331 1850 est
1347 1823 1463 1851 volentis
1477 1831 1566 1859 neque
1576 1831 1688 1851 curren-

888 1867 932 1901 tis,
946 1867 996 1895 sed
1011 1867 1164 1895 miserentis
1178 1867 1238 1894 Dei.
1259 1879 1271 1891 η
1285 1867 1376 1895 Voluit
1389 1867 1501 1902 quidem
1515 1868 1591 1895 Isaac
1604 1867 1688 1895 bene-

886 1910 978 1939 dicere
1000 1913 1083 1944 Esau,
1103 1911 1229 1938 currebat
1251 1915 1343 1939 autem
1360 1912 1431 1939 Esau
1446 1912 1475 1939 in
1489 1918 1634 1946 campum,
1656 1914 1687 1939 ut

888 1959 986 1984 venatu
1000 1959 1079 1991 capta
1092 1955 1157 1988 fera,
1177 1954 1398 1984 benedictionem
1411 1963 1425 1983 a
1436 1959 1513 1991 patre
1522 1959 1685 1991 reportaret.

886 2000 941 2029 Sed
962 2002 1038 2028 Deus
1051 2000 1126 2036 justo
1148 1999 1254 2036 judicio
1274 2000 1420 2033 Iacobum,
1437 2008 1487 2028 ceu
1513 2007 1625 2035 prorsus
1643 1999 1686 2028 di-

886 2052 982 2081 gnum,
998 2044 1218 2073 benedictionem
1230 2045 1358 2081 consequi
1373 2044 1443 2072 fecit.
1462 2044 1578 2073 Videtur
1592 2049 1685 2073 autem

887 2089 932 2117 hic
941 2089 1057 2118 liberum
1067 2089 1209 2118 arbitrium
1221 2089 1316 2118 tollere
1329 2089 1490 2124 Apostolus,
1500 2093 1530 2117 at
1544 2088 1617 2117 istud
1630 2097 1687 2117 non

886 2134 941 2170 agit
956 2143 962 2162 :
984 2134 1032 2163 sed
1043 2133 1277 2171 quemadmodum
1291 2133 1325 2162 de
1337 2133 1421 2162 domo
1439 2133 1569 2168 dicimus,
1583 2135 1686 2162 Totum

886 2183 927 2207 est
949 2179 1069 2212 artiﬁcis,
1094 2187 1158 2208 cum
1173 2179 1282 2207 interim
1301 2187 1372 2215 opus
1394 2178 1493 2207 habeat
1511 2178 1645 2213 materiae,
1659 2183 1687 2206 et

53 2221 114 2261 αὐτῷ
129 2234 135 2241 ·
150 2224 206 2253 ἀλλ’
224 2223 297 2262 ὅμως
311 2222 405 2259 ἐπειδὴ
420 2222 450 2252 τὸ
472 2222 545 2256 τέλος
566 2222 666 2252 ἐκείνου
691 2221 764 2258 ἐστὶ,
791 2222 832 2251 λέ-

916 2224 1110 2260 ιοροῐειῐοινίὺιις
1134 2224 1225 2260 ipsum
1240 2223 1452 2260 adjuvantibus:
1476 2228 1601 2252 attamen
1621 2223 1687 2259 quia

52 2275 134 2303 γομεν,
153 2267 191 2297 ὃτι
206 2268 235 2298 τὸ
258 2272 313 2298 πᾶν
339 2267 439 2297 ἐκείνου
454 2266 524 2297 ἐστίν
544 2278 550 2285 ·
574 2266 643 2296 οὕτω
663 2267 708 2296 καὶ
729 2267 772 2296 ἐπὶ
787 2268 831 2295 τοῦ

53 2310 113 2340 Θεοῦ
132 2311 257 2351 λέγομεν,
277 2311 319 2342 ὅτι
341 2311 381 2342 Τὸ
395 2316 449 2341 πᾶν
463 2313 509 2341 τοῦ
524 2312 595 2341 Θεοῦ
617 2312 674 2340 ἐστι
687 2311 727 2348 ³⁸,
747 2311 833 2340 καίτοι

53 2355 92 2387 τῆς
104 2357 227 2397 ἡμετέρας
254 2355 403 2397 προθυμίας
419 2357 502 2386 δεῖται
524 2357 538 2386 ὁ
552 2355 620 2390 Θεός
634 2368 640 2374 ·
662 2355 720 2384 ἀλλ’
739 2355 832 2392 ἐπειδὴ

57 2398 138 2434 ἐκεῖνος
167 2402 276 2439 τελειοῐ,
302 2400 348 2431 καὶ
372 2401 468 2435 ἐκεῖνος
493 2404 638 2441 στεφανοῖ,
666 2399 711 2430 καὶ
737 2401 834 2434 ἐκεῖνος

59 2445 212 2486 κατακρίνει,
227 2447 356 2486 λέγομεν,
370 2445 410 2475 ὅτι
423 2446 463 2476 Τὸ
479 2450 532 2476 πᾶν
548 2448 594 2475 τοῦ
611 2446 681 2476 Θεοῦ
699 2445 780 2474 ἐστιν.

91 2544 104 2560 ι
118 2533 192 2575 Λέγει
215 2535 267 2576 γὰρ
282 2538 300 2573 ἡ
325 2535 419 2576 Γραφὴ
439 2537 478 2575 τῷ
494 2536 618 2576 Φαραῷ,
638 2534 678 2564 ὅτι
699 2536 747 2568 Εἰς
768 2535 833 2564 αὐτὸ

56 2578 120 2607 τῶτο
132 2578 249 2620 ἐξήγειρά
269 2592 315 2617 σε,
343 2579 414 2614 ὅπως
438 2579 593 2619 ἐνδείξωμαι
610 2581 637 2609 ἐν
663 2579 705 2610 σοὶ
719 2579 768 2616 τὴν
783 2579 832 2609 δύ-

85 2640 98 2657 ι
109 2641 221 2671 Malaeb.
237 2650 260 2678 ι,
276 2646 304 2672 2.
342 2642 349 2660 ¹
364 2642 452 2672 Exod.
469 2650 585 2677 xum,
603 2645 647 2671 l9.

885 2269 926 2296 rei
936 2269 1141 2296 consummatio
1154 2269 1188 2296 ab
1200 2268 1247 2296 illo
1260 2268 1370 2304 pendet,
1387 2267 1504 2296 dicimus
1517 2268 1619 2296 Totum
1632 2268 1685 2296 hoc

887 2312 959 2341 illius
973 2317 1037 2342 est:
1058 2313 1094 2341 ita
1115 2313 1199 2341 etiam
1222 2312 1257 2341 de
1271 2314 1333 2340 Deo
1357 2312 1483 2347 dicimus,
1499 2312 1574 2349 quod
1593 2316 1684 2340 totum

887 2358 937 2385 Dei
950 2358 995 2392 sit,
1008 2358 1133 2394 quamvis
1157 2361 1185 2386 et
1197 2361 1291 2385 nostra
1309 2357 1449 2385 voluntate
1463 2357 1582 2394 indigeat
1599 2358 1685 2386 Deus.

888 2402 943 2431 Sed
957 2403 1091 2438 quoniam
1106 2402 1149 2430 ille
1160 2406 1335 2430 consummat
1352 2406 1381 2430 et
1401 2401 1515 2438 perﬁcit,
1535 2406 1564 2430 et
1577 2402 1622 2430 ille
1641 2410 1688 2430 eo-

888 2454 981 2484 ronat,
1007 2453 1035 2478 et
1067 2449 1111 2477 ille
1138 2448 1316 2483 condemnat,
1338 2448 1467 2482 dicimus,
1493 2449 1567 2485 quod
1595 2453 1686 2477 totum

890 2493 940 2522 Dei
960 2494 1005 2522 sit.

924 2539 1017 2567 Vens.
1035 2540 1079 2566 17.
1096 2548 1111 2564 ιι
1125 2537 1200 2566 Dicit
1212 2538 1287 2566 enim
1310 2538 1450 2575 Scriptura
1464 2537 1600 2566 Pharaoni
1623 2545 1631 2565 :
1651 2538 1685 2564 1n

886 2583 938 2612 hoc
952 2583 1043 2619 ipsum
1055 2582 1171 2611 excitavi
1193 2587 1230 2616 te,
1252 2586 1282 2611 ut
1294 2583 1439 2612 ostendam
1463 2582 1491 2610 in
1511 2587 1539 2610 te
1552 2581 1684 2610 virtutem

727 2681 822 2712 Variae
843 2682 995 2713 lectiones.

88 2736 106 2754 ⁸³
118 2740 227 2774 γνώσεως
241 2749 267 2770 o.
306 2741 328 2759 ³³
342 2741 504 2778 ἁμαρτόντων
519 2742 558 2768 ὅτι
570 2749 597 2769 ο.
636 2740 658 2758 ³³
672 2741 714 2767 καὶ
724 2742 808 2777 μέντοι
823 2749 848 2769 0.

85 2794 118 2837 _(l)
141 2798 199 2826 Non
224 2799 275 2828 hoc
292 2800 350 2837 agit
370 2800 520 2836 Apostolus
540 2804 571 2828 ut
595 2799 723 2828 ostendat
742 2801 833 2828 Deum

59 2834 134 2865 solum
150 2838 177 2867 id
200 2847 294 2874 nosse;
311 2834 366 2870 sed
389 2834 439 2869 Dei
455 2839 617 2875 miserantis,
633 2848 691 2869 non
714 2839 833 2869 hominis

887 2741 909 2758 ³⁸
923 2740 982 2766 ἀλλ’
1000 2739 1014 2766 ὁ
1028 2739 1090 2771 θεὸς
1104 2748 1132 2768 0.
1170 2739 1192 2757 ³⁵
1207 2739 1300 2766 ἐκείνου
1313 2747 1340 2768 0.

890 2798 1009 2827 volentis
1033 2801 1082 2826 aut
1095 2798 1236 2826 currentis
1255 2805 1316 2826 esse
1339 2796 1375 2826 ad
1398 2797 1518 2826 salutem
1534 2795 1686 2832 pervenire.

887 2841 1022 2868 anos
1034 2839 1185 2867 LATINIUS.
