1901 3077
206 159 256 187 467

711 157 968 185 THEOPHYLACTI
988 157 1165 186 BULGARIA'I
1183 157 1342 185 ARCHIEP.
1824 153 1868 180 κθ

204 229 298 250 meam
317 225 345 249 et
359 225 390 249 ut
410 220 593 248 annuntietur
606 227 708 248 nomen
724 227 817 248 meum
833 220 861 248 in
876 219 1002 248 universa

1069 220 1138 259 ναμίν
1160 232 1228 259 μου,
1246 220 1294 250 καὶ
1308 219 1379 253 ὅπως
1402 219 1530 258 διαγγελῇ
1552 217 1577 237 ³⁷
1606 216 1644 246 τὸ
1666 214 1761 253 ὄνομά
1775 226 1825 254 μου
1845 216 1867 245 ἔν

204 270 286 295 terra.
302 275 317 292 ν
335 264 588 302 Quemadmodum,
604 264 705 300 inquit,
716 272 813 292 eorum
826 265 872 300 qui
886 265 1002 293 vitulum

204 310 350 343 tinxerant,
373 309 418 337 alii
441 308 552 344 quidem
571 308 669 337 servati
692 313 780 343 erant,
796 309 841 338 alli
859 317 925 338 vero
936 317 1003 346 sup-

205 355 288 392 plicio
304 354 408 388 affecti,
428 353 488 382 solo
501 355 560 382 Deo
579 358 774 390 cognoscente,
789 355 904 391 quinam
929 354 1004 391 digni

207 404 301 428 essent
320 403 350 427 ut
373 403 421 426 aut
448 403 631 433 servarentur,
647 403 696 428 aut
710 399 874 435 punirentur
889 408 897 428 :
921 399 961 428 sic
977 403 1004 428 et

206 445 280 473 solus
295 444 412 478 Pharao,
429 451 494 472 cum
509 443 630 480 plerique
653 443 699 471 alii
709 444 823 480 etimpii
839 448 866 472 et
879 444 1003 472 scelerati

206 493 308 523 essent,
319 489 389 516 iram
401 487 452 517 Dei
459 492 587 524 expertus
601 492 652 516 est.
670 500 682 513 ι
694 490 811 525 Propter
822 489 874 517 hoc
886 489 977 524 ipsum
989 500 1001 513 ι

205 534 292 568 enim,
304 533 412 570 inquit,
438 544 449 557 σ
466 541 483 561 o
498 533 614 566 Pharao,
629 533 742 561 excitavi
765 536 803 567 te,
824 543 838 559 ι)
860 533 888 562 id
909 537 961 567 est,
975 533 1004 561 in

207 578 332 607 medium
355 577 466 614 protuli,
490 582 522 606 ut
543 585 591 614 per
604 581 773 614 teappareat
795 579 916 615 potentia
929 586 1002 612 mea,

207 627 443 659 coerceanturque
456 623 544 657 multi,
561 623 672 651 nomine
685 630 749 651 meo
763 631 813 651 ceu
823 623 899 659 justo
912 627 940 651 et
953 631 1003 660 po-

206 668 275 697 tenti
289 667 437 704 praedicato
451 667 479 695 in
491 667 617 695 universa
632 671 715 696 terra.

241 714 329 741 Vsus.
347 715 391 740 18.
408 724 421 736 σι
440 713 510 749 Ergo
531 712 608 748 cujus
625 712 684 740 vult
701 711 858 747 miseretur,
876 716 905 740 et
923 719 1004 749 quem

207 758 265 786 vult
276 757 396 786 indurat.
412 769 424 782 ι
441 756 528 785 Infert
538 757 756 790 conclusionem,
777 765 809 785 ac
820 756 1004 792 demonstrat,

206 802 282 839 quod
295 810 352 830 non
365 805 492 838 oporteat
502 802 642 830 rationem
654 802 762 838 exigere
777 809 793 830 a
809 803 877 830 Deo.
894 812 908 827 «
920 802 1005 838 Cujus

207 847 281 876 enim
302 847 360 875 vult
373 847 521 875 miseretur
536 855 544 874 :
559 857 574 872 »
589 846 702 882 perinde
718 850 801 882 atque
816 846 844 874 in
863 846 1002 881 Israelitis,

1057 265 1132 306 πάσῃ
1145 268 1179 304 τῇ
1266 278 1279 291 ι
1303 264 1411 303 Ὠσπερ
1433 263 1477 293 ἐπὶ
1497 264 1550 292 τῶν
1572 260 1867 302 μοσχοποιησάντων,

1057 309 1152 351 φησὶν,
1168 311 1192 340 οἱ
1204 309 1251 347 μὲν
1264 308 1417 345 ἐσώθησαν,
1433 308 1457 337 οἱ
1472 307 1501 337 δὲ
1517 307 1737 351 ἐκολάσθησαν,
1747 307 1796 351 τοῖ’)
1805 307 1870 336 θεοῦ

1058 350 1139 394 μόνου
1155 355 1252 388 εἰδότος
1266 354 1325 387 τοὺς
1339 353 1425 387 ἀξίους
1443 352 1461 389 ἢ
1481 352 1636 391 σωτηρίας,
1668 350 1690 387 ἢ
1713 350 1851 383 κολάσεως
1865 361 1871 368 ·

1058 400 1127 430 οὕτω
1141 399 1186 429 καὶ
1202 401 1216 429 ὃ
1233 397 1341 439 Φαραὼ
1353 398 1432 437 μόνος
1441 420 1449 434 ,
1475 397 1563 427 καίτοι
1577 397 1702 426 πολλῶν
1726 395 1776 425 καὶ
1789 395 1870 424 ἄλλων

1058 445 1203 485 γενομένων
1219 445 1355 484 πονηρῶν,
1379 442 1522 478 ἆπήλαυσε
1544 444 1589 478 τῆς
1616 442 1775 485 ὀργῆςέοῧ
1797 440 1871 485 Θεοῦ.

1059 479 1205 520 Ᾰιὰπτοῧτο
1224 479 1355 528 γὰρναῦτὸ
1370 487 1494 527 ἐξήγειρά
1514 498 1561 524 σε,
1577 479 1669 527 φησὶν
1682 509 1692 523 ,
1713 479 1738 514 ὦ
1755 483 1871 524 Φαραὼ,

1058 534 1193 564 τουτέστιν
1203 556 1211 572 ,
1227 534 1264 567 εἰς
1277 532 1308 562 τὸ
1322 532 1403 572 μέσον
1417 533 1536 571 ἤγαγον,
1559 531 1605 561 ἵνα
1622 530 1675 560 διὰ
1691 531 1744 560 con"
1767 530 1837 570 φανῇ

1059 578 1170 618 δύναμίς
1190 590 1260 617 μου,
1276 577 1323 607 καὶ
1344 578 1498 607 συσταλῶσι
1521 575 1639 612 πολλοὶ,
1669 573 1871 614 διαγγελθέντα

1058 626 1105 653 τοῦ
1118 622 1247 662 ὀνόματός
1264 634 1332 661 μου,
1353 623 1388 656 ὣς
1410 621 1513 651 δικαίου
1532 621 1578 650 καὶ
1594 621 1742 656 δυνατοῦ,
1754 619 1782 648 ἐν
1803 618 1871 658 πάσῃ

1059 680 1094 704 τῃ
1108 680 1156 704 γῃ.

1082 679 1199 752 ῃῃιλρα
1211 707 1256 742 οὖν
1271 711 1299 742 ὃν
1315 711 1386 742 θέλει
1396 712 1482 748 ἐλεεῖ,
1500 710 1528 740 ὃν
1543 709 1571 740 δὲ
1589 709 1670 740 θέλει
1685 707 1845 748 σκληρύνει.
1860 722 1870 734 ι

1058 757 1174 797 Ἐπάγει
1188 757 1218 787 τὸ
1231 756 1430 796 συμπέρασμα,
1445 756 1493 786 καὶ
1512 754 1704 795 ἀποφαίνεται
1716 778 1725 792 ,
1740 752 1784 782 ὅτι
1796 753 1872 782 οὖδεῖ

1059 802 1166 836 εὐθύνας
1180 803 1303 831 ἀπαιτεῖν
1316 801 1360 831 τὸν
1372 800 1451 832 Θεόν.
1466 814 1478 826 ι
1489 799 1542 831 ‘Ov
1557 799 1609 839 γὰρ
1624 799 1705 828 ϐέλει
1719 798 1804 834 ἐλεεῖ,
1813 811 1824 824 ι
1838 799 1870 832 ὣς

1057 847 1102 877 ἐπὶ
1122 848 1174 876 τῶν
1200 845 1455 886 μοσχοποιησάντων
1470 844 1657 884 Ἰσραηλιτῶν
1673 855 1681 862 υ
1705 843 1736 873 ὃν
1762 842 1791 872 δὲ
1808 842 1870 872 θέλει

206 892 252 928 qui
266 891 382 919 vitulum
406 891 552 919 tinxerant.
578 899 593 917 ‹‹
614 892 650 918 Et
670 898 753 927 quem
776 891 833 919 vult
847 890 967 926 indurat,
989 903 1002 915 ι

1069 891 1217 933 ι’χληρύνει,
1233 892 1268 924 ὡς
1280 891 1323 920 τὸν
1338 890 1455 930 Φαραώ.
1467 889 1505 920 Τί
1519 889 1619 933 δένὲστι
1637 888 1690 925 τὸ,
1711 899 1729 916 α
1744 887 1865 933 Σκληρύ-

207 940 238 965 ut
246 936 427 964 Pharaonem.
438 935 512 970 Quid
523 939 615 964 autem
630 939 680 970 est,
693 945 707 962 ιι
718 935 832 964 Indurat
842 937 855 964 Ρ
870 947 883 960 ι
896 936 1003 964 videtur

1071 948 1108 973 Et;
1123 931 1138 966 »ᾧ
1171 935 1304 966 Φαίνεται
1331 935 1383 976 γὰρ
1406 935 1516 965 ἄτοπον.
1543 932 1661 973 Ὥσπερ
1678 934 1694 962 ὁ
1720 933 1801 968 ἥλιος
1828 931 1866 961 τὸν

205 981 280 1009 enim
294 980 445 1009 absurdum
464 987 534 1009 esse.
547 979 791 1017 Quemadmodum
802 980 843 1008 sol
857 981 944 1008 lutum
959 980 1003 1008 in-

1069 981 1140 1017 τηλὸν
1157 980 1319 1019 σκληρύνει,
1335 979 1405 1009 οὕτω
1419 980 1466 1009 καὶ
1480 981 1494 1008 ὃ
1508 978 1577 1013 Θεὸς
1591 978 1644 1016 τὴν
1663 977 1792 1015 πηλίνην
1803 988 1865 1017 καρ-

206 1025 296 1060 durat,
311 1026 351 1053 sic
363 1027 439 1053 Deus
451 1026 557 1053 luteum
575 1025 728 1053 Pharaonis
747 1033 796 1053 cor
810 1025 910 1053 dicitur
923 1025 1003 1053 indu-

1069 1025 1115 1054 ίαν
1128 1027 1174 1055 τοῦ
1196 1024 1303 1065 Φαραὼ
1321 1024 1427 1064 λέγεται
1449 1023 1614 1064 σκληρύνειν.
1642 1024 1735 1060 Πῶς
1820 1033 1866 1059 μα-

206 1078 291 1099 rasse.
312 1071 441 1105 Quanam
455 1069 581 1098 ratione?
594 1071 648 1098 Per
672 1070 920 1106 longanimitatem.
936 1070 1005 1098 Lon-

1069 1070 1188 1110 ιροθυμίᾳ
1202 1082 1209 1088 ·
1226 1070 1404 1109 μακροθυμῶν
1427 1068 1478 1109 γὰρ
1502 1067 1545 1098 ἐπ’
1567 1068 1663 1108 αὐτῷ,
1690 1066 1867 1107 σκληρότερον

207 1116 348 1152 ganimem
364 1115 440 1143 enim
460 1122 520 1142 sese
534 1114 572 1142 illi
592 1114 724 1142 exhibens
735 1136 742 1149 ,
758 1114 899 1143 duriorem
912 1114 1004 1150 ipsum

1069 1115 1137 1145 ιῦτὸν
1153 1114 1287 1154 εἰργάζετο
1305 1125 1312 1132 ι
1335 1113 1427 1154 ὥσπερ
1446 1113 1471 1142 εἴ
1490 1125 1529 1147 τις
1546 1112 1604 1153 ἔχει
1620 1112 1726 1142 δοῦλον
1742 1110 1867 1150 πονηρὸν,

206 1159 324 1188 faciebat
337 1169 344 1187 :
360 1159 476 1196 perinde
490 1167 523 1187 ac
536 1159 560 1187 si
570 1159 632 1195 quis
647 1159 700 1194 71
712 1167 821 1188 servum
834 1158 935 1187 habeat
946 1166 1002 1187 sees

1069 1155 1118 1188 ἶίτα
1133 1158 1324 1200 φιλανθρώπως
1341 1159 1414 1197 αὐτῷ
1437 1162 1554 1198 χρᾶται,
1577 1156 1771 1198 πονηρότερον
1795 1154 1867 1184 αὐτὸν

206 1205 335 1239 leratum,
353 1212 409 1240 quo
433 1212 463 1232 se
485 1204 679 1232 humaniorem
703 1203 742 1231 illi
762 1203 923 1237 ostenderit,
951 1203 1005 1232 hoc

1069 1199 1199 1244 ἶργάζεται
1214 1215 1222 1223 ·
1245 1204 1297 1243 οὐχ
1310 1204 1346 1237 ὣς
1371 1202 1449 1236 αὖτὸς
1468 1202 1516 1238 τὴν
1537 1202 1674 1242 πονηρίαν
1699 1200 1783 1231 αὐτὸν
1799 1199 1866 1230 διδά-

206 1258 272 1278 eum
296 1249 385 1278 reddit
408 1248 591 1286 nequiorem:
608 1257 662 1277 non
676 1249 750 1285 quod
768 1248 827 1285 ipse
842 1248 1004 1285 perversita-

1069 1260 1148 1286 ικων,
1166 1249 1226 1278 ἀλλ’
1243 1250 1279 1282 ὡς
1295 1247 1396 1277 ἐκείνου
1424 1249 1458 1287 τῇ
1485 1246 1662 1288 μακροθυμίᾳ
1692 1247 1733 1280 εἰς
1752 1245 1803 1281 τήν
1825 1247 1867 1281 τῆς

205 1298 262 1323 tem
285 1294 470 1330 nequitiamve
502 1301 569 1322 eum
596 1293 706 1328 doceat,
733 1293 782 1322 sed
806 1293 881 1330 quod
902 1293 1005 1322 domini

1069 1293 1188 1334 τονηρίας
1208 1293 1317 1330 αὔξησιν
1333 1291 1472 1333 χρωμένου
1482 1314 1492 1330 ,
1519 1287 1563 1322 οἷα
1579 1291 1613 1328 δὴ
1633 1287 1864 1332 καταφρονοῦντος

205 1339 412 1376 longanimitate
440 1339 493 1367 iste
520 1338 555 1367 ad
573 1338 756 1374 perversitatis
778 1346 836 1367 suae
853 1338 1006 1366 incremen-

207 1388 265 1412 tum
280 1384 421 1418 abutatur,
432 1383 533 1420 quippe
546 1383 592 1420 qui
611 1391 672 1411 eam
687 1386 860 1411 contemnat.

241 1430 332 1457 Vsus.
350 1431 391 1457 19.
415 1439 428 1453 ι
448 1429 526 1456 Dices
541 1428 623 1464 igitur
637 1427 714 1460 mihi,
728 1427 799 1462 Quid
827 1426 918 1455 adhuc
939 1434 1006 1463 que-

1060 1339 1169 1375 ταύτης.

1105 1439 1120 1458 a
1135 1428 1221 1467 Ἐρεῖς
1235 1423 1281 1457 οὖν
1295 1439 1340 1467 μοι
1356 1438 1365 1446 ⁶
1383 1427 1420 1458 Τί
1434 1426 1473 1456 ἔτι
1492 1426 1647 1467 μέμφεται,
1674 1427 1717 1466 τῷ
1732 1424 1785 1465 γὰρ
1806 1425 1863 1463 βου-

206 1473 296 1502 ritur?
312 1471 453 1502 Voluntati
471 1473 544 1500 enim
564 1472 623 1508 ejus
633 1472 696 1508 quis
706 1471 839 1500 resistat?
853 1483 866 1496 ν
884 1472 1005 1500 Conatur

1069 1472 1162 1511 ιήματι
1186 1473 1266 1502 αὐτοῦ
1289 1472 1328 1506 τίς
1343 1470 1505 1508 ἀνθέστηκῆ
1521 1482 1536 1500 ))
1561 1471 1718 1505 Σπουδάζει
1736 1469 1781 1499 διὰ
1796 1468 1860 1498 πάν·

206 1526 254 1554 per
272 1518 379 1551 omnia,
393 1517 466 1553 quod
482 1524 671 1553 saepenumero
685 1516 755 1550 dixi,
774 1519 1004 1550 commonstrare,

1069 1528 1127 1554 ξων,
1145 1517 1209 1558 ὅπερ
1225 1517 1353 1551 πολλάκις
1369 1512 1458 1553 εἷπον,
1479 1516 1579 1553 δεῖξαι,
1597 1514 1638 1545 ὅτι
1651 1518 1694 1556 τῷ
1709 1515 1778 1554 Θεῷ
1795 1513 1862 1552 μόνῳ

207 1562 282 1598 quod
293 1562 345 1590 soli
360 1564 419 1589 Deo
434 1562 490 1589 sint
503 1561 622 1596 cognita;
635 1568 693 1589 suae.
708 1568 800 1588 rerum
823 1560 1007 1597 dispensatio—

207 1614 266 1641 nes,
289 1610 372 1642 atque
392 1605 497 1641 judicia
514 1605 583 1634 haec.
600 1605 672 1633 Hinc
690 1605 813 1641 undique
833 1604 907 1633 haud
921 1613 1007 1642 pauca

207 1650 335 1687 ambigua
351 1650 464 1685 colligit,
479 1657 598 1686 quorum
612 1650 717 1678 nullam
736 1650 898 1678 dilutionem
914 1649 1005 1685 affert,

207 1700 238 1724 ut
258 1695 294 1724 ad
322 1695 477 1731 angustiam
503 1694 615 1723 redacto
640 1694 776 1730 auditore,
796 1694 959 1731 persuadeat
981 1695 1006 1724 ei

208 1741 267 1769 haec
289 1747 348 1768 esse
363 1739 661 1776 incomprehensibilia,
682 1739 807 1776 adeoque
830 1739 945 1768 humani
961 1739 1006 1767 in-

207 1785 279 1820 genii
305 1789 416 1822 captum
439 1785 580 1813 excedere.
604 1785 683 1821 Quod
697 1785 782 1822 igitur
796 1785 842 1813 hic
859 1785 937 1820 dicit,
964 1789 1008 1813 est

207 1829 362 1867 hujusmodi
382 1839 389 1857 :
405 1829 597 1866 Objectionem
613 1829 736 1865 adducit,
756 1830 880 1866 adeoque
898 1829 1007 1858 dubita—

206 1875 312 1904 tionem
333 1875 383 1904 :Si
407 1883 493 1912 quem
517 1875 584 1904 velit
603 1875 725 1910 induret,
758 1875 824 1912 quid
856 1875 949 1904 adhuc
971 1874 1007 1903 de

206 1925 334 1957 peccante
349 1921 544 1957 conqueritur?
563 1921 707 1949 Voluntati
724 1928 845 1956 namque
866 1919 925 1956 ejus
945 1919 1006 1955 quis

206 1966 307 2002 poterit
328 1965 476 1994 resistere?
491 1964 586 1993 Voluit
601 1965 714 1999 etenim,
730 1968 758 1992 et
778 1964 928 1998 induravit,
947 1971 1006 1992 me-

206 2011 315 2047 ritoque
336 2010 450 2046 impegit
465 2009 611 2038 induratus
625 2018 631 2037 :
646 2017 697 2037 cur
716 2016 782 2045 ergo
801 2008 836 2037 de
849 2009 896 2036 illo
913 2009 1006 2045 queri-

208 2059 253 2083 tur
275 2059 305 2083 et
319 2054 417 2090 punit?
437 2054 505 2082 Haec
529 2060 596 2082 sane
620 2053 736 2090 objectio
749 2053 882 2089 producta
897 2058 949 2088 est,
965 2054 1005 2081 uti

207 2098 335 2126 ostendat
357 2097 518 2134 hujusmodi
540 2097 625 2126 dubia
648 2097 701 2126 soli
722 2099 782 2126 Deo
809 2097 1004 2134 perceptibilia.

206 2143 289 2172 Unde
300 2150 350 2171 nec
359 2142 416 2179 ipse
430 2142 502 2171 hanc
515 2142 605 2176 diluit,
621 2141 670 2171 sed
681 2141 818 2171 dubitanti
829 2150 860 2171 os
874 2142 1003 2177 obstruit,

205 2187 301 2217 dicens
317 2197 324 2216 :

242 2233 330 2262 Vnus.
359 2235 404 2260 20.
431 2243 445 2257 ι
471 2232 568 2268 Atqui,
591 2239 608 2260 o
631 2232 726 2266 homo,
741 2233 772 2260 tu
793 2231 853 2268 quis
866 2239 897 2261 es
910 2231 957 2268 qui
970 2239 1004 2261 ex
1018 2236 1044 2268 Β

205 2277 319 2307 adverso
333 2276 502 2314 respondeas
515 2277 576 2304 Deo
587 2276 599 2303 Ρ
610 2286 624 2303 ››
644 2276 743 2305 Viden’
764 2277 905 2313 quomodo
925 2276 1004 2306 cohi-

205 2323 268 2350 beat
276 2323 464 2358 importunam
475 2321 673 2356 curiositatem,
687 2321 849 2359 frenumque
867 2322 1002 2358 imponat,

206 2366 337 2395 erudiens
350 2374 402 2395 nos
425 2371 456 2395 ut
476 2365 618 2395 discamus
641 2366 709 2404 quid
734 2368 809 2395 Deus
831 2367 876 2402 sit,
897 2371 925 2395 et
938 2366 1005 2403 quid

205 2411 300 2440 homo.
325 2413 367 2440 Tu
395 2412 456 2447 quis
475 2413 527 2440 es?
551 2411 681 2448 Nunquid
706 2411 852 2448 imperium
885 2419 950 2440 cum
971 2419 1004 2441 eo

204 2456 332 2492 partiris?
345 2458 417 2485 Num
429 2457 513 2493 judex
525 2465 554 2485 es
575 2464 672 2485 eorum
687 2464 749 2493 quae
771 2457 863 2492 ipsum
877 2460 1005 2493 oporteat

204 2500 292 2530 facere
311 2505 360 2530 aut
380 2510 438 2530 non
464 2501 577 2530 facere?
597 2503 668 2530 Nam
693 2501 836 2538 explorare
868 2501 935 2539 quid
964 2501 1005 2530 sic

204 2546 311 2581 deceat,
333 2547 373 2575 vel
396 2554 453 2575 non
477 2546 582 2579 deceat,
607 2550 650 2575 est
674 2546 733 2582 ejus
765 2546 810 2582 qui
835 2554 868 2574 ex
891 2545 1004 2576 adverso

203 2591 370 2628 respondeat
393 2596 602 2628 opponaturque
636 2592 707 2619 Deo.
743 2592 848 2620 Verum
867 2590 1005 2628 haudqua-

1060 1563 1236 1601 γινώσκονται
1261 1563 1290 1591 αἱ
1313 1563 1463 1601 οἰκονομίαι
1484 1561 1531 1590 καὶ
1552 1560 1587 1591 τὰ
1610 1560 1739 1600 κρίματα
1759 1561 1860 1588 ταῦτα·

1061 1606 1101 1636 διὸ
1126 1606 1171 1636 καὶ
1193 1606 1322 1637 πάντοθεν
1345 1605 1453 1645 συνάγει
1481 1606 1570 1646 ἄπορα
1599 1605 1713 1643 πολλὰ,
1745 1604 1792 1633 καὶ
1819 1602 1860 1632 οὔκ

1060 1650 1155 1690 ἐπάγει
1168 1651 1214 1685 τὰς
1228 1651 1332 1688 λύσεις,
1351 1650 1396 1680 ἵνα
1418 1650 1621 1691 στενοχωρήσας
1635 1650 1685 1680 τὸν
1704 1646 1838 1689 ἀκροατὴν
1849 1668 1857 1683 ,

1059 1696 1140 1736 πείσῃ
1155 1696 1195 1727 ὅτι
1209 1697 1405 1735 ἀκατάληπτα,
1423 1695 1468 1724 καὶ
1484 1695 1658 1731 ἀκατανόητα
1675 1693 1768 1725 ταῦτά
1784 1694 1857 1722 ἐστιν·

1060 1740 1150 1781 Ὅπερ
1176 1736 1220 1771 οὖν
1243 1741 1315 1781 λέγει
1338 1741 1468 1777 ἐνταῦθα,
1494 1740 1613 1770 τοιοῦτόν
1638 1740 1728 1770 ἐστιν.
1749 1736 1858 1768 Ἅντίθε-

1061 1798 1102 1816 σιν
1128 1786 1228 1825 εἰσάγει
1253 1786 1340 1816 τοίνυν
1364 1785 1410 1815 καὶ
1433 1785 1562 1826 ἀπορίαν,
1587 1784 1628 1814 ὅτι
1650 1784 1722 1815 Ἐὰν
1749 1783 1778 1813 ὃν
1795 1781 1857 1826 θέλει

1061 1831 1212 1872 σκληρύνῃ,
1228 1831 1254 1861 τί
1277 1831 1316 1861 ἔτι
1340 1831 1476 1872 μέμφεται
1491 1825 1541 1871 τῷ
1566 1829 1714 1866 πταίοντι;
1742 1830 1792 1868 Τῷ
1811 1825 1858 1866 γὰρ

1062 1876 1213 1916 βουλήματι
1228 1877 1309 1906 αὐτοῦ
1315 1898 1323 1913 ,
1338 1875 1377 1910 τίς
1389 1875 1506 1910 ἠδύνατο
1518 1876 1694 1912 ἀντιστῆναις
1714 1873 1854 1916 Ἤθέλησε,

1060 1921 1106 1950 καὶ
1121 1920 1280 1962 ἐσκλήρυνε,
1301 1919 1347 1950 καὶ
1363 1919 1469 1954 εἰκότως
1487 1919 1615 1950 ἔπταισεν
1635 1921 1649 1948 ὁ
1666 1915 1856 1962 σκληρυνθείςς

1060 1967 1118 1999 πῶς
1139 1961 1184 1996 οὖν
1206 1960 1279 2005 αὐτῷ
1297 1964 1447 2006 μέμφεται,
1471 1964 1517 1994 καὶ
1542 1964 1648 1999 κολάζει
1655 1975 1664 2001 ;
1684 1963 1762 1999 Αὕτη

1060 2009 1188 2044 ἀντίθεσις
1201 2003 1369 2050 εἰσαχθεῖσα,
1383 2009 1428 2039 διὰ
1439 2003 1469 2039 τὸ
1479 2008 1563 2045 δεῖξαι
1577 2009 1666 2048 ἄπορα
1680 2010 1767 2039 ταῦτα
1778 2005 1803 2024 ³⁸
1814 2003 1856 2050 ’μ’ξῖ

1059 2055 1123 2095 Θεῷ
1138 2055 1211 2095 μόνῳ
1226 2054 1402 2091 καταληπτά-
1418 2055 1459 2085 διὸ
1473 2054 1532 2084 οὐδὲ
1549 2054 1627 2088 αὐτὸς
1640 2054 1699 2084 λύει
1711 2052 1810 2089 ταύτην
1819 2048 1852 2085 ³9»

1059 2099 1119 2129 ἀλλ’
1136 2099 1298 2139 ἐπιστομίζει
1311 2099 1355 2129 τὸν
1369 2100 1521 2140 ἀποροῦντα
1537 2099 1623 2139 λέγων
1635 2111 1642 2118 ·

1101 2237 1116 2255 α
1132 2227 1283 2265 Μενοῧνγε,
1300 2220 1322 2255 ὦ
1340 2225 1478 2266 ἄνθρωπε,
1498 2224 1530 2255 σὺ
1545 2224 1585 2259 τίς
1600 2220 1650 2254 εἷὸ
1666 2218 1850 2260 ἀνταποκρινό-

1059 2281 1136 2309 μενος
1150 2271 1188 2310 τῷ
1209 2271 1286 2311 Θεῷ,
1302 2282 1316 2299 ι
1340 2265 1441 2311 Ὁρᾷς,
1457 2271 1514 2304 πῶς
1536 2269 1693 2300 ἀναστέλλει
1708 2268 1755 2304 τὴν
1772 2265 1847 2311 datat-

1060 2308 1103 2356 ρον
1117 2308 1286 2355 περιεργίαν,
1303 2314 1348 2345 καὶ
1363 2308 1473 2355 χαλινὸν
1496 2315 1647 2350 ἐπιτίθησι,
1664 2311 1795 2356 παιδεύων
1811 2308 1847 2337 ιῖ-

1059 2353 1248 2399 δέναι,’τίμὲν
1262 2360 1330 2394 Θεὸς
1341 2383 1348 2397 ,
1363 2353 1390 2389 τί
1408 2359 1435 2389 δὲ
1454 2359 1602 2399 ἄνθρωπος.
1621 2358 1660 2389 Σὺ
1673 2358 1712 2392 τίς
1728 2353 1774 2402 ετξ.
1786 2364 1847 2402 Nil:

1059 2396 1186 2444 μεριστὴς
1200 2396 1282 2445 ἀὐτῷ
1305 2407 1353 2440 τῆς
1377 2405 1477 2445 ἆρχῆςς
1504 2396 1630 2440 δικαστὴς
1659 2403 1730 2442 αὖτῷ
1754 2396 1790 2430 ὧν
1813 2396 1845 2427 δεῖ

1059 2453 1143 2478 ποιεῖν
1155 2448 1191 2486 ⁴⁰,
1205 2448 1222 2484 ἢ
1237 2448 1275 2488 μή
1284 2460 1292 2488 ;
1307 2449 1348 2479 Τὸ
1368 2448 1419 2489 γὰρ
1435 2448 1574 2486 ἐξετάζειν,
1587 2448 1628 2477 ὅτι
1644 2447 1724 2481 οὕτως
1741 2445 1844 2489 ἔπρεπεε

1059 2493 1104 2523 καὶ
1120 2495 1169 2534 οὖχ
1182 2483 1274 2527 ὸθέώξ
1286 2483 1416 2533 ἔπρεπενξ,
1433 2483 1695 2533 ἀνταποκρινομένου
1712 2483 1786 2526 ἐστὶ,
1804 2483 1845 2516 καὶ

1059 2537 1313 2576 ἄντικαθισταμένου
1326 2538 1349 2557 ⁴⁴
1368 2540 1407 2579 τῷ
1421 2538 1496 2578 Θεῷ,
1511 2538 1552 2568 οὖ
1566 2536 1621 2578 χρὴ
1636 2537 1665 2567 δὲ
1680 2536 1748 2566 οὕτω
1759 2534 1842 2565 ποιεῖν,

1058 2583 1128 2613 ἀλλὰ
1144 2582 1280 2613 πείθεσθαι
1293 2587 1348 2618 τοῖς
1361 2583 1508 2623 γινομένοις
1517 2605 1526 2620 ,
1543 2582 1615 2616 ὅπως
1628 2581 1660 2612 ἂν
1677 2581 1806 2622 γίνωνται.

201 2644 286 2673 quam
304 2637 340 2666 ita
362 2636 529 2672 faciendum,
556 2636 605 2665 sed
627 2636 877 2673 obtemperandum
904 2640 946 2665 est
968 2636 1000 2665 iis
1017 2643 1079 2674 quae
1103 2638 1178 2666 Deus
1201 2636 1312 2672 fecerit,
1333 2637 1585 2674 quomodocunque
1608 2636 1693 2665 etiam
1717 2639 1773 2664 sese
1796 2628 1838 2656 11³·

203 2682 322 2712 buerint.

903 2727 1000 2757 Variae
1021 2727 1170 2757 lectiones.

247 2805 268 2822 ³⁷
283 2805 423 2842 διαγγελθῇ
436 2813 463 2834 0.
503 2805 525 2823 ³⁸
540 2805 572 2833 τὰ
589 2808 691 2833 τοιαῦτα
705 2814 733 2834 ο,
771 2806 794 2823 ³⁸³
808 2807 886 2834 ταῦτα
900 2813 926 2834 0.

965 2805 987 2822 ‘°
1001 2805 1079 2833 εἰπεῖν
1095 2813 1122 2834 ο.
1161 2806 1180 2823 ⁴¹
1194 2805 1374 2842 ἆνθισταμένον
1388 2812 1425 2834 In.
