1901 3077
42 171 89 199 “i9

82 245 96 263 ﬂ
110 233 161 272 Μὴ
176 235 238 275 ἐρεῖ
252 235 282 266 τὸ
297 235 412 274 πλάσμα
424 235 463 276 τῷ
477 235 611 265 πλάσαντι
627 246 633 253 ·
650 233 686 265 Τί
701 245 734 274 με
748 233 840 271 εποίη-

41 291 85 313 σας
103 280 128 299 ³³
149 279 255 317 οὕτωςς
271 280 308 311 Ἢ
324 282 370 310 οὐκ
386 279 444 320 ἔχει
460 279 579 314 ἐξουσίαν
601 281 616 310 ὁ
639 278 769 319 κεραμεὺς
792 282 839 309 τοῦ

41 325 138 362 πηλοῦ,
153 326 186 354 ἐκ
201 329 252 356 τοῦ
267 326 347 355 αὐτοῦ
371 327 526 366 φυράματος
550 326 679 362 ποιῆσαι,
699 323 714 354 ὃ
736 323 785 363 μὲν
808 325 844 358 εἰς

43 370 116 409 τιμὴν
131 372 246 409 σκεῦος,
261 370 276 401 ὃ
299 371 326 400 δὲ
351 371 387 404 εἷς
407 370 534 409 duum;
555 381 570 399 ι
593 371 643 410 Τῷ
667 369 843 409 ὑποδείγματι

42 415 122 456 τούτῳ
145 415 285 455 ἐχρήσατο
309 417 324 445 ὁ
347 417 473 454 Παῦλος,
499 416 550 456 οὐχ
571 414 615 444 ἵνα
640 414 720 455 ἀνέλῃ
739 413 769 444 τὸ
793 415 842 444 αὔ-

43 459 167 494 τεξοόσιον
184 462 283 499 ἡμῶν,
299 461 353 491 οὐδ’
366 459 411 490 ἵνα
426 459 522 500 ἀργοὺς
537 459 616 494 ὄντας
638 458 684 489 καὶ
702 458 842 495 ἀκινήτως

45 507 109 542 ἡμᾶς
122 504 194 544 δείξῃ
214 517 221 523 ι
239 505 310 534 ἀλλὰ
324 505 455 535 διδάσκων
465 527 475 542 ,
488 506 545 539 πῶς
560 505 599 534 δεῖ
614 504 751 534 πείθεσθαι
764 505 839 544 Θεῷ,

45 549 85 578 καὶ
99 549 295 588 ἐπιτεταμένην
319 550 396 590 σιγὴν
414 549 461 580 καὶ
483 549 604 586 ὑπακοὴν
629 548 834 579 ἐπιδείκνυσθαι.

47 594 168 634 Καθάπερ
184 594 251 635 γὰρ,
274 595 370 635 φησὶν,
383 597 398 625 ὁ
421 593 554 635 κεραμεὺς
578 595 608 624 ἐκ
623 595 669 623 τοῦ
685 595 765 623 αὐτοῦ
786 605 838 634 φυ-

45 639 168 678 ράματος,
183 639 202 668 ἃ
219 640 358 679 βούλεται,
369 643 457 677 ποιεῖ,
473 639 519 669 καὶ
530 638 605 669 οὐδὲν
621 638 755 678 ἀντιλέγει
766 639 839 679 αὐτῷ

44 685 89 712 τῶν
103 685 204 714 σκευῶν
223 696 230 703 ⁸
246 683 316 714 οὕτω
339 686 385 714 καὶ
408 687 516 721 τοῦτον,
540 685 570 714 ἐκ
589 686 636 714 τοῦ
652 684 733 713 αὐτοῦ
749 683 838 723 γένους

43 729 90 757 τῶν
112 729 278 769 ἀνθρώπων,
305 729 366 762 τοὺς
391 729 439 768 μὲν
466 729 630 765 κολάζοντα,
659 727 718 762 τοὺς
741 728 769 758 δὲ
792 740 836 758 τι-

44 774 128 810 μῶντα
140 795 147 809 ,
166 773 206 812 μὴ
223 775 416 814 περιεργάζου,
432 773 502 803 ἀλλὰ
518 773 660 814 προσκύνει
675 772 754 811 μόνον
766 798 773 809 ,
791 773 838 802 καὶ

45 820 119 856 μιμοῦ
132 817 177 848 τὸν
192 819 282 855 πηλόν
297 830 305 838 ”
317 819 362 848 καὶ
381 819 472 859 ὥσπερ
487 819 583 852 ἐκεῖνος
598 817 690 848 ἕπεται
759 818 833 858 χειρὶ

44 865 85 891 τοῦ
98 863 252 902 κεραμέως,
269 864 338 893 οὕτω
363 864 409 893 καὶ
436 863 468 894 σὺ
488 866 521 904 τῇ
545 862 641 903 γνώμῃ
666 866 713 893 τοῦ
737 865 839 893 οἰκονο-

497 171 673 200 EXPOSlTlO
691 171 724 199 ΙΝ
742 171 848 200 EPIST.
868 172 914 200 AD
935 171 1017 200 ROM.
1038 186 1073 192 -
1091 171 1165 199 CAP.
1188 172 1228 199 lx.

1659 174 1693 201 70

932 235 1020 263 Vnas.
1041 237 1088 268 20,
1104 236 1148 262 21.
1163 245 1176 258 ι
1192 233 1322 271 Nunquid
1339 234 1412 262 dicet
1425 234 1589 271 ﬁgmentum
1605 235 1629 264 ei
1643 237 1690 274 qui

895 286 924 308 se
940 278 1032 313 ﬁnxit,
1048 277 1153 314 Ecquid
1167 286 1212 306 me
1221 279 1258 306 sic
1266 278 1367 307 ﬁnxisti
1382 280 1394 307 Ρ
1408 280 1510 307 Annon
1521 280 1604 309 habet
1613 286 1690 317 pote-

896 327 996 352 statem
1013 323 1112 359 ﬁgulus
1125 330 1158 351 ex
1172 323 1269 351 eadem
1283 331 1372 351 massa
1387 323 1478 352 facere
1491 324 1565 353 aliud
1579 326 1690 361 quidem

895 376 944 397 vas
958 368 987 396 in
1000 367 1147 402 honorem,
1159 367 1234 396 aliud
1253 376 1318 396 vero
1332 367 1367 397 ad
1382 369 1565 405 ignominiam
1579 371 1613 397 ἓ·
1630 371 1691 398 Hoc

895 413 1023 449 exemplo
1045 421 1111 442 usus
1135 417 1177 442 est
1195 413 1305 447 Paulus,
1320 421 1377 441 non
1395 417 1425 442 ut
1446 422 1461 441 e
1477 413 1568 442 medio
1582 415 1691 444 tolleret

895 458 1012 487 liberum
1033 462 1160 487 nostrum
1181 458 1341 492 arbitrium,
1357 465 1446 494 neque
1458 462 1488 486 ut
1506 467 1560 488 nos
1580 463 1691 496 torpore

894 503 1042 539 languidos
1054 511 1087 532 ac
1098 503 1178 539 plane
1189 503 1345 532 immobiles
1359 503 1516 532 ostenderet
1530 514 1536 531 :
1551 512 1647 532 verum
1661 509 1691 532 ut

893 548 1005 577 doceret
1018 548 1158 584 quomodo
1173 555 1224 576 nos
1241 552 1368 585 oporteat
1389 548 1503 577 obedire
1521 550 1591 584 Deo,
1607 553 1689 586 atque

891 593 1030 621 intensum
1045 593 1200 627 silentium,
1221 601 1309 629 neque
1327 601 1384 622 non
1399 601 1540 622 summam
1557 593 1686 622 obedien-

891 639 958 667 tiam
976 638 1113 666 exhibere.
1130 637 1255 672 Perinde,
1276 638 1374 674 inquit,
1389 642 1419 666 ut
1434 638 1532 675 ﬁgulus
1544 646 1577 667 ex
1589 639 1686 667 eadem

891 691 992 717 massa,
1007 691 1069 720 qum
1090 683 1197 712 animus
1216 683 1320 716 tulerit,
1340 683 1428 719 ﬁngit,
1444 691 1534 719 neque
1552 684 1640 712 ullum
1653 685 1688 712 -οἰ

892 737 941 758 vas
957 727 1143 757 contradicit:
1171 728 1211 756 sie
1240 736 1302 756 cum
1329 728 1373 756 hic
1399 736 1433 756 ex
1461 728 1560 757 eodem
1588 737 1688 765 genere

892 774 1049 803 mortalium
1068 774 1137 802 alios
1150 773 1261 809 quidem
1282 773 1387 809 puniat,
1409 773 1478 801 alios
1501 781 1566 802 vero
1584 773 1689 802 honore

892 818 1030 855 dignetur,
1045 826 1080 846 ne
1099 818 1136 846 sis
1151 822 1182 846 tu
1197 819 1332 853 curiosus,
1356 818 1405 847 sed
1419 818 1503 847 adora
1518 823 1688 847 tantummo-

892 863 940 898 do,
967 864 1112 900 lutumque
1129 863 1262 891 imitare:
1283 871 1315 891 ac
1335 867 1366 891 ut
1388 863 1456 891 illud
1479 871 1594 892 manum
1614 863 1690 901 ﬁguli

45 909 154 945 μοῦντος.
177 908 251 939 Ἶσθι
278 908 324 945 δὲ,
340 911 355 939 ὁ
380 902 585 947 ἀναγινώσκων,
610 902 650 938 ὅτι
678 907 769 948 ὥσπερ
792 908 838 938 ἐπὶ

928 909 1028 945 quitur,
1049 908 1088 937 sic
1109 912 1140 936 tu
1156 907 1270 936 consilio
1289 912 1317 936 et
1331 907 1464 936 voluntati
1483 908 1576 936 omnia
1591 909 1689 945 guber-

45 953 91 981 τιῖιν
104 955 223 990 σκευῶν,
249 954 310 994 οὐχὶ
325 953 355 983 τὸ
378 952 489 994 φύραμα
515 957 584 983 ποιεῖ
608 952 643 983 τὰ
661 952 709 991 μὶν
723 953 836 992 ἔντιμα,

44 996 73 1026 τὰ
87 997 113 1026 δὲ
126 997 210 1037 ἄτιμα
227 997 274 1038 (ἓν
287 998 338 1038 γάρ
353 999 409 1028 ἐστι
423 998 468 1027 καὶ
491 997 523 1027 τὸ
537 997 631 1037 αὐτὸ),
649 997 709 1027 ἀλλ’
726 1000 744 1034 ἡ
767 999 837 1038 χρῆ-

45 1053 81 1074 σις
95 1043 146 1071 τῶν
161 1043 422 1083 μεταχειριζομένων
436 1055 443 1062 ·
460 1042 530 1072 οὕτω
543 1042 589 1072 καὶ
606 1042 651 1072 ίπὶ
664 1044 717 1072 τῶν
733 1042 837 1083 ἀνθρώ-

45 1096 111 1122 πων,
127 1086 177 1126 οὔχ
199 1088 217 1122 ἡ
234 1086 314 1127 φύσις
333 1087 392 1122 τοὺς
415 1086 463 1127 μὲν
485 1089 557 1117 ποιεῖ
574 1087 710 1121 κολάσεως
735 1087 837 1122 ἀξίους,

46 1129 97 1164 τοὺς
119 1130 146 1160 δὲ
163 1132 303 1172 στεφάνων
330 1132 396 1172 (μία
421 1132 474 1173 γάρ
498 1131 598 1172 ἐστιν),
622 1132 682 1162 ἀλλ’
705 1134 723 1169 ἡ
738 1131 834 1172 προαί-

47 1185 118 1213 pem.

85 1323 98 1340 ι
115 1313 146 1342 Εἰ
160 1312 187 1342 δὲ
207 1312 293 1342 θέλων
307 1315 322 1343 ὃ
335 1312 404 1346 Θεὸς
418 1311 581 1347 ἐνδείξασθαι
600 1311 649 1349 τὴν
672 1310 754 1352 ὀργὴν
765 1334 774 1349 ,
789 1311 836 1341 καὶ

48 1356 163 1396 γνωρίσαι
180 1357 209 1386 τὸ
234 1358 347 1387 δυνατὸν
369 1359 465 1394 αὓτοῧ,
490 1357 599 1396 ἤνεγκεν
621 1357 648 1386 ἐν
673 1357 760 1397 πολλῇ
780 1368 834 1395 μα-

50 1402 168 1442 κροθυμίᾳ
193 1402 278 1438 σκεύη
303 1403 382 1443 ὀργῆς
406 1402 605 1443 κατηρτισμένα
627 1404 663 1436 εἰς
681 1401 834 1431 ἀπώλειαν·

50 1447 90 1474 καὶ
101 1445 143 1476 ἶνα
162 1448 281 1488 γνωρίσῃ
303 1448 348 1478 τὸν
373 1448 487 1477 πλοῦτον
511 1450 558 1484 τῆς
582 1447 656 1483 δόξης
684 1448 763 1476 αὑτοῦ
790 1446 834 1477 ἐπὶ

52 1491 121 1528 σκεύη
135 1492 235 1531 ἐλέους,
257 1492 274 1521 ἃ
289 1494 487 1533 προητοίμασεν
506 1493 541 1526 εἷς
560 1491 635 1526 δόξαν
650 1492 677 1512 *³
689 1504 696 1510 ·
721 1491 764 1525 οὓς
787 1491 834 1521 καὶ

52 1535 162 1566 ἐκάλεσεν
183 1540 273 1575 ἡμᾶς,
291 1538 321 1567 οὗ
338 1537 415 1576 μόνον
440 1537 466 1571 ἐξ
481 1536 631 1573 Ἰουδαίων,
648 1536 716 1566 ἀλλὰ
738 1536 784 1566 καὶ
807 1535 834 1570 ἐξ

891 953 983 982 nantis
1005 953 1079 982 cede.
1100 953 1213 982 Noveris
1233 957 1328 980 autem
1350 953 1396 989 qui
1426 952 1485 981 haec
1512 953 1590 988 legis.
1615 953 1688 989 quod

890 999 961 1026 sicut
973 998 1000 1026 in
1014 998 1122 1026 vasibus
1134 1005 1189 1026 non
1204 998 1262 1033 ipsa
1275 1005 1368 1026 massa
1380 997 1433 1025 alia
1448 997 1559 1033 quidem
1573 998 1688 1031 nobilia,

892 1043 946 1071 alia
960 1051 1026 1071 vero
1050 1042 1179 1079 ignobilia
1198 1042 1284 1071 efﬁcit
1297 1044 1350 1076 (est
1362 1042 1436 1070 enim
1451 1050 1505 1070 una
1525 1046 1553 1070 et
1567 1042 1689 1079 eadem),

891 1087 941 1117 sed
965 1096 1030 1116 usus
1057 1095 1156 1116 eorum
1178 1087 1225 1123 qui
1238 1087 1290 1115 ista
1309 1086 1362 1115 sibi
1380 1086 1538 1115 vindicant:
1552 1088 1607 1123 72
1632 1089 1690 1124 pari

891 1133 1040 1162 rationein
1062 1132 1232 1166 hominibus,
1252 1140 1308 1160 non
1321 1131 1379 1168 ipsa
1401 1135 1500 1160 natura
1513 1135 1620 1168 (utpote
1635 1141 1688 1161 una

890 1181 919 1205 et
943 1177 1048 1211 eadem)
1072 1176 1125 1205 hos
1149 1176 1262 1213 quidem
1290 1183 1390 1212 pene,
1409 1176 1472 1205 illos
1506 1184 1570 1205 vero
1592 1177 1690 1213 gloria:

890 1222 1044 1258 adjudicat,
1080 1221 1130 1250 sed
1164 1222 1224 1258 ipsa
1251 1221 1412 1250 deliberatio
1452 1225 1534 1258 atque
1560 1223 1688 1259 proposi-

888 1271 962 1296 tum.

925 1314 1012 1341 Vsus.
1032 1313 1130 1340 22-24.
1151 1323 1165 1336 ι
1182 1310 1262 1347 Quod
1282 1310 1305 1339 si
1325 1312 1403 1340 Deus
1428 1311 1521 1339 volens
1546 1311 1690 1341 ostendere

889 1357 970 1389 iram,
984 1361 1011 1385 et
1019 1360 1113 1384 notam
1126 1356 1215 1384 facere
1228 1355 1379 1392 potentiam
1394 1363 1484 1390 suam,
1497 1356 1560 1384 tulit
1574 1356 1602 1384 in
1615 1357 1689 1385 mul—

888 1406 917 1430 ta
932 1401 1137 1438 longanimitate
1163 1409 1226 1429 vasa
1241 1401 1288 1429 iraa
1308 1405 1402 1437 parata
1429 1401 1464 1429 ad
1487 1401 1643 1435 interitum.
1664 1406 1690 1430 et

888 1451 919 1475 ut
927 1445 1086 1475 ostenderet
1102 1445 1207 1474 divitias
1225 1446 1320 1482 gloriae
1335 1453 1394 1474 suae
1406 1446 1433 1474 in
1448 1454 1511 1474 vasa
1530 1447 1687 1475 misericor-

889 1491 952 1526 diae,
969 1498 1031 1527 quae
1057 1490 1218 1527 preparavit
1232 1490 1266 1518 ad
1291 1490 1406 1526 gloriam
1423 1499 1429 1517 ε
1445 1498 1515 1527 quos
1531 1495 1558 1519 et
1580 1492 1690 1519 vocavit

889 1544 950 1570 no,
971 1543 1028 1564 non
1041 1535 1133 1564 solum
1154 1543 1186 1563 ex
1200 1534 1313 1569 Iudaeis,
1337 1543 1432 1563 verum
1452 1535 1532 1563 etiam
1547 1544 1580 1564 ex
1602 1536 1690 1572 genti-

53 1580 132 1612 ἐθνῶν.
149 1595 161 1609 ι
179 1572 376 1621 ’ἐπιστομίσας
397 1581 456 1615 τοὺς
474 1572 707 1622 πολυπραγμονεῖν
732 1582 833 1619 ἐπιχει-
850 1586 851 1594 ‘

928 1589 948 1609 s.
960 1592 972 1605 ιι
991 1581 1140 1609 Obstructa
1161 1580 1337 1608 curiosorum
1351 1588 1410 1614 ore,
1430 1579 1515 1608 affert
1531 1581 1590 1617 jam
1611 1580 1685 1609 solu-

55 1627 164 1663 pou‘vxac,
181 1629 224 1656 νῦν
239 1627 336 1664 ἐπάγει
350 1627 398 1662 τὴν
413 1625 489 1656 λύσιν
503 1638 509 1645 ·
532 1626 546 1656 8
561 1626 589 1656 δὲ
607 1626 692 1665 λέγει,
717 1625 833 1656 τοιοῦτόν

53 1671 100 1699 ἐστι
111 1682 117 1688 ·
131 1671 227 1706 Σχεῧος
243 1672 324 1710 ὀργῆς
339 1667 371 1707 ἦν
385 1674 400 1702 ὁ
420 1670 544 1711 Φαραὼ,
565 1671 715 1710 τουτέστιν,
732 1670 834 1710 ἄνθρω-

53 1725 93 1747 πος
113 1715 226 1749 ἐξάπτων
247 1716 296 1752 τὴν
319 1716 400 1756 ὀργὴν
427 1718 473 1745 τοῦ
501 1717 572 1746 Θεοῦ
598 1715 641 1745 διὰ
663 1717 710 1751 τῆς
735 1716 835 1749 οἰκείας

54 1759 225 1799 σκληρότητος.
238 1763 344 1792 Τοῦτον
360 1760 471 1800 ἤνεγκεν
490 1762 504 1790 ὃ
527 1760 612 1797 Θεὸς,
637 1760 786 1796 τουτέστιν,
806 1762 834 1790 ὗ-

54 1803 177 1842 πέμεινεν,
193 1806 324 1846 ἠνέσχετο
336 1818 342 1824 ·
368 1807 467 1841 πολλῆς
482 1805 534 1846 γὰρ
558 1805 741 1845 μακροθυμίας
756 1805 834 1835 αὖτὸν

54 1847 159 1883 ἠξίωσεν.
197 1850 270 1880 Ἀλλ’
297 1852 394 1884 ἐκεῖνος
489 1849 659 1890 μακροθυμία
686 1849 769 1889 ταύτῃ
799 1851 835 1883 είς

56 1894 206 1933 σκληρότητα
231 1895 435 1935 κατεχρήσατο,
460 1895 506 1924 καὶ
531 1894 623 1934 γίγονε
640 1896 732 1927 σκεῦος
756 1894 836 1933 ὀργῆς

56 1936 171 1976 δεκτικὸν,
196 1940 410 1980 κατηρτισμένον
443 1940 480 1973 εἰς
505 1938 662 1976 ἀπώλειαν,
685 1940 835 1977 τουτέστιν,

58 1981 235 2021 ἆπηρτισμένον
267 1986 333 2024 παρ’
356 1985 449 2014 ἑαυτοῦ
474 1984 519 2014 καὶ
542 1983 654 2014 οἴκοθεν.
689 1983 760 2013 Οὐδὲ
784 1983 836 2023 γὰρ

58 2026 156 2057 ἔνέλειπέ
182 2041 207 2059 τι
235 2031 291 2059 τῶν
320 2029 492 2058 ἀπολλύντων
524 2028 620 2064 αὐτὸν,
651 2027 721 2057 ἀλλὰ
747 2027 836 2058 πάντα

59 2071 188 2111 ἀπήρτισεν
202 2074 239 2111 Η,
266 2075 315 2104 ὅσα
334 2074 399 2114 πρὸς
424 2074 558 2104 ἀπώλειαν
575 2073 653 2103 αὐτὸν
669 2072 774 2114 ἔφερον.
797 2071 836 2104 Ἦ

58 2114 93 2152 τὸ,
108 2129 122 2144 α
134 2116 262 2158 Ἦνεγκεν
271 2141 280 2158 ,
299 2133 311 2145 ι
327 2119 386 2148 ἀντὶ
402 2122 463 2155 τοῦ,
479 2119 513 2152 εἷς
526 2117 607 2157 μέσον
621 2117 734 2157 ἤγαγεν,
748 2119 783 2150 ὥς
795 2117 837 2155 ἂν,

60 2159 106 2189 ἔτιῖὶ
120 2162 154 2199 μὴ
175 2163 317 2199 ἐϐελτιώθη
333 2163 377 2193 διὰ
396 2166 443 2200 ἧς
465 2162 663 2203 μακροθυμίας,
680 2161 836 2202 τιμωρήση-

60 2215 95 2233 ται
109 2207 198 2246 αὐτὸν,
222 2209 269 2238 καὶ
288 2208 359 2248 δείξῃ
383 2207 432 2244 τὴν
455 2207 555 2238 οἰκείαν
581 2206 692 2246 δύναμιν
716 2207 783 2247 πρὸς
808 2207 839 2237 τὸ

886 1626 1000 1654 tionem.
1017 1625 1098 1662 Quod
1115 1629 1208 1654 autem
1221 1625 1295 1658 dicit,
1311 1630 1354 1653 est
1372 1625 1529 1661 hujusmodi
1543 1636 1547 1653 :
1564 1626 1616 1654 Ire
1631 1634 1688 1655 vae

887 1675 946 1699 erat
971 1671 1092 1704 Pharao,
1121 1670 1174 1698 hoc
1195 1674 1237 1698 est
1258 1670 1343 1699 homo
1369 1670 1518 1698 accendens
1541 1671 1613 1698 iram
1638 1671 1688 1699 Dei

888 1723 935 1752 per
958 1716 1096 1752 propriam
1120 1723 1197 1743 suam
1219 1715 1368 1743 duritiem:
1399 1715 1474 1743 hunc
1503 1715 1567 1743 tulit
1602 1717 1687 1750 Deus.

888 1759 915 1788 id
938 1764 981 1788 est
1001 1760 1176 1796 exspectavit,
1204 1760 1345 1788 sustinuit.
1376 1761 1448 1788 Nam
1482 1761 1568 1788 multa
1595 1761 1688 1796 ipsum

889 1803 1101 1841 longanimitate
1114 1804 1244 1840 dignatus
1259 1808 1301 1832 est
1314 1815 1320 1832 τ
1332 1811 1426 1832 verum
1442 1804 1465 1832 is
1481 1805 1689 1841 longanimitate

889 1849 940 1878 ista
954 1849 990 1878 ad
1002 1849 1208 1877 indurationem
1230 1848 1273 1876 sui
1295 1849 1398 1876 abusus
1422 1853 1475 1882 est,
1491 1849 1635 1885 factusque
1648 1854 1691 1878 est

890 1901 935 1922 vas
951 1894 1001 1922 ira
1016 1893 1068 1921 Dei
1084 1900 1180 1928 capax,
1209 1897 1338 1928 paratum
1366 1893 1401 1921 ad
1431 1893 1584 1927 interitum,
1600 1893 1627 1922 id
1645 1899 1692 1922 est

888 1947 904 1967 a
929 1938 1018 1974 seipso
1033 1938 1199 1974 proprioque
1211 1937 1322 1974 ingenio
1337 1941 1474 1973 aptatum.
1500 1938 1593 1973 Neque
1616 1939 1688 1966 enim

888 1983 1040 2021 quidquam
1071 1982 1181 2019 reliquit
1205 1982 1280 2019 quod
1310 1981 1403 2018 ipsum
1429 1982 1566 2018 perderet,
1592 1991 1688 2011 verum

889 2029 982 2057 omnia
1005 2027 1122 2064 patravit
1148 2035 1210 2064 quae
1233 2027 1267 2056 ad
1286 2027 1438 2063 perniciem
1460 2027 1549 2063 ipsum
1572 2027 1687 2056 ferrent.

890 2074 950 2108 Vel,
968 2084 981 2098 α
994 2073 1068 2107 tulit,
1092 2085 1104 2097 ι
1123 2081 1191 2109 pro,
1211 2073 1240 2100 in
1259 2072 1383 2101 medium
1399 2072 1528 2108 protulit,
1555 2077 1602 2107 ut,
1625 2081 1688 2101 cum

891 2126 940 2156 per
957 2117 1193 2155 longanimitatem
1207 2117 1237 2146 in
1258 2117 1399 2146 meliorem
1418 2117 1505 2145 animi
1525 2118 1689 2146 sententiam

890 2172 947 2192 non
965 2168 1036 2192 esset
1056 2162 1194 2199 redactus,
1215 2163 1311 2198 puniat
1327 2170 1402 2197 eum,
1430 2162 1611 2198 ostendatque
1643 2171 1693 2199 po-

891 2208 1008 2237 tentiam
1034 2216 1122 2243 suam,
1149 2212 1180 2236 ut
1206 2207 1268 2236 inde
1295 2207 1339 2236 alii
1371 2206 1522 2235 reddantur
1551 2208 1688 2236 meliores.

61 2248 147 2298 ἑτέρους
161 2253 300 2291 βελτιῶσαι
312 2264 319 2271 ·
345 2253 437 2292 ὥσπερ
458 2248 502 2283 οὖν
518 2256 607 2282 τοῦτον
618 2274 627 2288 ,
653 2254 744 2285 σκεῦος
758 2252 837 2291 ὀργῆς

928 2253 1133 2282 iemadmodum
1162 2253 1243 2289 igitur
1266 2251 1349 2285 hunc,
1377 2260 1426 2280 vas
1450 2252 1498 2280 ira:
1524 2252 1629 2280 factum
1657 2261 1691 2280 ex

60 2293 176 2331 γινόμενον
268 2310 325 2337 γεν.
351 2298 362 2337 ]
391 2298 420 2327 ἐκ
447 2300 494 2334 ἧς
519 2297 616 2330 οἰκείας
644 2296 837 2337 προαιρέσεως,

928 2298 1002 2335 opria
1014 2298 1163 2326 voluntatis
1178 2297 1388 2331 deliberatione,
1405 2297 1539 2333 supplicio
1553 2297 1687 2330 afﬁciens,

62 2338 180 2377 κολάσας,
201 2342 281 2377 ἔδειξε
303 2342 351 2378 τὴν
375 2342 475 2372 οἰκείαν
491 2341 602 2380 δύναμιν
618 2353 626 2360 ·
644 2341 714 2371 οὕτω
737 2340 796 2374 τοὺς
812 2341 838 2376 ἐξ

928 2342 1055 2371 Jnstravit
1079 2342 1232 2379 potentiam
1253 2349 1334 2370 suam
1355 2341 1420 2370 :sic
1445 2349 1559 2376 eorum,
1587 2341 1633 2378 qui
1658 2350 1693 2371 ex

62 2383 129 2412 ἐθνῶν
153 2386 237 2416 πολλὰ
274 2386 465 2426 ἡμαρτηκότας
495 2385 626 2423 ἐλεήσας,
660 2386 726 2416 διότι
752 2385 840 2420 ἀξίους

928 2387 1019 2416 ntibus
1054 2387 1204 2423 plurimum
1235 2387 1425 2423 deliquerant,
1452 2387 1596 2421 misertus,
1623 2387 1687 2423 quia

64 2426 138 2462 θείους
159 2431 262 2466 ἑαυτοὺς
284 2431 412 2468 ἐποίησαν
425 2432 461 2469 ⁴⁵,
487 2431 614 2471 ἐγνώρισε
637 2442 653 2458 ι
668 2430 712 2459 τὸν
727 2431 839 2460 πλοῦτον

928 2440 992 2469 gnos
1014 2439 1073 2461 sese
1107 2431 1298 2459 misericordia
1337 2431 1472 2466 fecerant,
1503 2431 1692 2460 manifestavit

65 2472 103 2506 τῆς
115 2473 182 2511 δόξης
196 2478 285 2508 αὑτοῦ.
296 2489 310 2506 ›)
330 2477 390 2506 Οὖκ
409 2471 468 2506 εἷπε
494 2476 538 2512 δὲ,
553 2477 610 2511 Τῆς
624 2476 839 2516 φιλανθρωπίας,

931 2477 1041 2506 divitias
1055 2476 1150 2513 gloriae
1164 2484 1230 2505 suae.
1249 2488 1262 2501 n
1276 2477 1338 2504 Non
1352 2476 1421 2505 dixit
1437 2480 1540 2511 autem,
1562 2476 1690 2504 Clemen—

67 2515 138 2560 ἀλλὰ,
154 2532 166 2545 ι
179 2521 235 2557 Τῆς
259 2521 334 2558 δόξης
348 2533 377 2548 οι
391 2524 469 2551 τοῦτο
491 2521 542 2560 γὰρ
568 2515 657 2550 τελεία
674 2520 735 2554 δόξα
752 2521 823 2550 Θεοῦ
833 2543 841 2559 ,

928 2530 953 2557 e,
963 2522 1021 2556 sed,
1040 2534 1053 2546 «ι
1063 2522 1183 2555 Gloriae;
1196 2534 1208 2546 ι
1220 2530 1286 2550 nam
1296 2529 1407 2550 summa
1419 2522 1469 2549 Dei
1479 2521 1564 2558 gloria
1573 2526 1624 2553 est.
1642 2521 1693 2548 mi-

69 2559 94 2588 τὸ
105 2561 188 2607 ἐλεεῖν.
201 2566 238 2596 Τὸ
253 2566 329 2607 δὲηιι
342 2566 374 2596 Ἃ
389 2559 605 2607 προητοίμασεν,
620 2576 635 2595 ι)
655 2565 713 2595 ἀντὶ
729 2567 775 2595 τοῦ
785 2587 794 2601 ,
810 2563 844 2594 Ἃ

928 2567 1075 2596 ricordiam
1089 2567 1233 2603 impertiri.
1258 2569 1354 2601 Porro,
1368 2578 1381 2591 ι
1397 2567 1466 2602 Quae
1482 2565 1659 2603 prwparavit,
1677 2575 1690 2589 ι

69 2606 183 2649 Ἐροέγνω.
207 2611 266 2641 οὒκ
289 2606 347 2641 εἷπε
374 2606 419 2649 δὲ,
445 2611 486 2640 ὅτι
511 2610 613 2643 πάντας
642 2609 702 2643 τοὺς
730 2610 845 2643 ἐθνικοὺς

928 2617 939 2640 t
952 2621 1019 2649 pro,
1035 2613 1103 2648 Quae
1122 2612 1268 2648 prescivit.
1291 2613 1386 2648 Neque
1402 2611 1484 2645 dixit,
1500 2609 1574 2647 quod
1594 2616 1694 2636 omnes

71 2645 168 2692 ἴσωσεν,
183 2655 249 2694 ἀλλ’,
275 2667 291 2684 α
306 2655 354 2691 Ἐξ
368 2645 448 2686 ἐθνίῦν
460 2680 468 2692 ,
484 2667 500 2685 υ
520 2654 623 2692 δηλαδὴ
647 2654 730 2688 τινάς.
755 2653 844 2684 Ὥστε

928 2645 993 2686 lates
1013 2645 1150 2691 Iservari-t,
1175 2656 1238 2692 sed,
1256 2668 1270 2682 ι
1293 2645 1489 2693 lix-gentibus,
1507 2645 1527 2679 ὴ»
1557 2653 1692 2690 quosdam

747 2743 842 2773 Variae
862 2743 1014 2773 lectiones.

106 2818 124 2835 δ’
136 2819 235 2856 ἔπλασας
247 2833 271 2854 ο,
309 2825 332 2843 ⁵³
347 2825 433 2853 αὺτοῦ.
472 2825 493 2843 ⁵³
506 2825 643 2862 ἀπήρτιστο
657 2833 682 2854 0.
723 2825 744 2842 ⁸⁵
764 2823 900 2859 ἀπήρτισαν
913 2831 939 2851 ο.
