1901 3077
202 158 249 187 471

709 158 963 187 THEOPHYLACTI
984 155 1161 184 BULGABIIE
1180 155 1337 182 ARCHIEP.
1807 154 1851 182 472

201 221 336 249 videlicet.
356 222 490 257 Quocirca
502 229 536 249 ne
549 220 711 255 offendaris,
720 221 814 250 Judzee
829 230 835 248 ι
852 228 913 249 ecce
923 219 985 248 enin

1063 218 1088 254 ιὴ
1104 217 1296 254 σχανδαλίζου,
1322 211 1345 246 ὦ
1370 217 1485 247 Ἰουδαῗε
1504 229 1510 236 ·
1524 216 1579 247 ἰδοὺ
1603 216 1659 257 γὰρ
1679 217 1730 246 καὶ
1748 216 1852 246 ἐπὶτῶν

201 266 241 295 vel
266 274 297 294 ex
324 266 450 303 gentibus
474 266 588 294 nonnuli
615 266 834 294 misericordiam
855 265 995 299 obtinent,

201 311 326 339 nonnulli
338 319 404 339 vero
415 311 541 339 minime.

236 356 328 384 Vsus.
342 359 386 390 25,
403 359 448 384 26.
470 367 483 380 α
496 356 574 384 Sicut
587 359 615 384 et
626 356 656 384 in
667 357 738 384 Osee
752 356 844 384 dicitIn
861 364 869 383 :
883 355 996 384 Vocabo

202 409 259 429 non
282 401 415 436 populum
437 408 542 434 meum,
558 401 691 436 populum
709 409 802 429 meum
815 410 821 427 :
833 404 861 428 et
877 408 934 429 non
952 399 996 428 di-

203 446 314 479 lectam,
334 445 470 473 dilectam.
488 447 523 473 Et
546 445 608 479 erit,
624 446 652 473 in
671 446 734 474 loco
753 446 798 473 ubi
822 445 928 474 dictum
955 449 998 472 est

204 490 285 526 ipsis:
303 491 363 518 Non
389 490 506 525 populus
530 497 610 518 meus
633 498 690 524 vos,
705 490 743 518 ibi
768 490 936 518 vocabuntur
950 489 998 517 ﬁlii

204 535 255 563 Dei
280 534 404 562 viventis.
422 546 435 559 ι»
457 536 499 562 Ne
520 534 613 562 dicant
626 534 727 569 Judaai,
757 535 880 571 Imponis
906 534 995 569 nobis,

205 580 298 613 Paule,
311 580 371 608 haec
384 579 481 608 dicens
496 588 503 607 :
518 579 647 616 producit
657 581 730 609 Osee
745 580 910 608 clamantem
925 579 1001 607 afﬁr-

202 629 392 660 mantemque:
410 636 422 649 ι
437 624 548 652 Vocabo
562 632 620 652 non
633 624 764 661 populum
779 632 884 658 meum,
910 632 1000 660 popu-

201 669 258 697 lum
282 677 386 697 meum.
403 680 415 692 ν
439 669 508 705 Quis
535 677 600 697 vero
620 673 680 697 erat
702 676 761 697 non
778 669 915 705 populus?
929 670 999 704 Ipsae

200 718 304 750 gentes.
320 714 426 749 Ecqua:
446 721 502 741 non
516 713 613 742 dilecta
630 716 641 742 ?
654 715 714 749 Ipsa
730 713 854 749 gentium
867 712 998 741 Ecclesia.

200 758 323 794 Populus
332 762 427 786 tamen
436 757 501 786 facti
520 762 586 786 sunt
594 766 626 786 ac
635 757 739 792 dilecti,
751 758 808 786 imo
822 757 897 794 quod
912 757 1000 793 majus

203 807 253 836 est,
270 814 282 827 α
303 802 353 830 ﬁlii
374 803 425 831 Dei
439 802 564 831 viventis.
587 814 601 827 ιν
617 803 666 831 Sin
690 810 755 831 vero
780 802 926 839 quisquam
945 801 998 830 hoc

203 848 238 876 de
256 847 370 882 Iudaeis,
383 847 429 883 qui
442 847 548 883 ingrate
566 855 596 875 se
611 851 765 883 gesserant,
787 850 816 875 et
837 846 950 875 tandem
970 846 998 874 in

200 892 318 929 gratiam
339 892 441 928 recepti
467 891 582 926 fuerint,
605 892 708 920 dictum
731 900 790 920 esse
804 896 917 926 asserat,
944 891 997 921 hoc

200 937 279 965 nihili
291 941 340 965 est.
355 938 428 964 Nam
442 937 465 964 si
479 936 511 964 iis
527 936 580 964 hoc
594 936 718 974 contigit,
734 937 799 973 quid
814 937 919 965 obstitit
930 943 997 973 quo-

201 981 293 1010 minus
313 981 386 1009 idem
396 981 522 1017 gentibus
533 981 712 1017 proveniret?

236 1027 382 1061 Vsns.',27.
399 1037 413 1050 ι
429 1026 513 1054 Isaias
520 1030 613 1054 autem
623 1026 726 1054 clamat
739 1034 788 1062 pro
805 1026 888 1054 Israel
900 1031 914 1044 ιι
925 1037 930 1054 :
942 1026 996 1061 73

200 1071 228 1099 Si
234 1071 317 1099 fuerit
321 1077 454 1099 numerus
459 1070 578 1098 ﬁliorum
584 1071 667 1099 Israel
675 1075 806 1107 tanquam
813 1078 896 1099 arena
903 1071 996 1104 maris,

202 1115 324 1152 reliquiae
345 1115 427 1143 salvae
453 1115 529 1143 ﬁent.
547 1126 560 1139 υ
589 1116 652 1143 Νοιι
675 1115 726 1143 fuit
748 1119 894 1143 contentus
926 1115 996 1142 Osee

202 1159 353 1196 propheta,
382 1167 477 1187 verum
504 1160 604 1188 Isaiam
633 1159 715 1187 etiam
737 1163 836 1188 testem
870 1152 996 1193 adducit,

204 1217 216 1229 «ι
238 1205 412 1239 clamantem,
441 1216 453 1229 ιι
475 1204 529 1232 hoc
546 1208 588 1233 est
608 1212 709 1240 magna
730 1211 793 1232 cum
820 1204 947 1232 libertate
971 1208 999 1231 et

201 1250 261 1278 sine
284 1249 429 1278 formidine
463 1249 700 1285 pronuntiantem,
725 1247 799 1284 quod
818 1256 876 1276 non
900 1256 999 1276 omnes

201 1294 331 1322 Israelita:
345 1293 413 1322 salvi
433 1297 524 1327 erunt,
547 1292 597 1321 sed
617 1293 664 1329 qui
684 1293 758 1329 digni
772 1297 882 1321 tantum
898 1292 998 1321 fuerint

202 1339 240 1372 (id
253 1339 325 1367 enim
340 1343 397 1373 est,
413 1349 426 1363 α
444 1338 569 1374 reliquiae
580 1359 587 1370 ,
610 1349 622 1362 υ
641 1338 693 1366 hoc
711 1341 766 1372 est,
782 1338 909 1371 electio),
930 1345 1000 1374 quos

200 1384 311 1421 reliquit
323 1386 408 1418 Deus,
424 1387 452 1412 et
473 1383 636 1419 segregavit,
656 1386 790 1419 tanquam
809 1383 905 1419 dignos
920 1382 998 1410 vide-

201 1429 272 1457 licet.
292 1429 362 1457 Cum
375 1433 467 1456 autem
486 1427 563 1461 dicit,
586 1439 598 1451 «
615 1432 745 1463 tanquam
763 1435 847 1455 arena
871 1428 968 1462 maris,
985 1439 997 1452 ν

201 1473 235 1502 iis
258 1474 286 1501 in
303 1473 467 1501 memoriam
498 1476 606 1500 revocat
627 1477 746 1500 veterem
771 1471 998 1507 promissionem,

1051 264 1147 300 ἐθνῶν,
1163 263 1186 292 οἱ
1200 262 1247 301 μὲν
1262 263 1396 292 ἔλεοῖῖνται
1405 285 1413 300 ,
1431 263 1455 291 οἱ
1468 261 1495 292 δὲ
1509 262 1549 292 οὔ.

1097 365 1111 383 (ι
1125 353 1172 387 Ὡς
1187 353 1232 383 καὶ
1248 353 1274 382 ἓν
1289 354 1326 393 τῷ
1341 351 1425 388 Ὠσηὲ
1444 352 1514 389 λέγει
1527 362 1533 368 ”
1549 353 1669 382 Καλέσω
1688 350 1738 381 τὸν
1754 353 1784 382 οὐ
1798 353 1855 382 λαόν

1052 411 1116 438 μου,
1140 398 1201 428 λαόν
1220 410 1284 435 μου,
1302 397 1347 427 καὶ
1361 398 1409 434 τὴν
1432 398 1479 427 οὐκ
1498 397 1677 436 ἠγαπημένην
1689 420 1698 434 ,
1716 398 1857 435 ἠγαπημέ-

1052 437 1108 479 νην.
1136 443 1190 472 Καὶ
1213 443 1304 479 ἔσται,
1320 443 1347 471 ἐν
1371 444 1408 482 τῷ
1432 442 1505 482 τόπῳ
1524 437 1553 471 οῖ
1569 441 1665 482 ἐῤῥέθη
1694 442 1805 478 αὐτοῖς,
1820 443 1856 471 Οὐ

1052 488 1114 522 λαός
1128 499 1178 526 μου
1189 489 1275 525 ὑμεῖς,
1297 488 1351 516 ἐκεῖ
1369 486 1547 522 κληθήσονται
1560 486 1612 515 υἱοὶ
1623 487 1703 516 Θεοῦ
1715 487 1822 520 ζῶντος.
1843 501 1852 511 ιι

1051 532 1112 563 Ἵνα
1133 532 1170 571 μὴ
1195 531 1306 571 λέγωσιν
1331 532 1356 561 οἱ
1380 531 1528 561 Ἰουδαῖοι·
1554 530 1740 571 Παραλογίζῃ
1775 533 1856 568 ἡμᾶς,

1055 579 1162 614 Παῦλε,
1188 580 1296 607 τοιαῦτα
1322 576 1407 616 λέγων
1429 588 1435 595 ·
1464 576 1580 616 παράγει
1609 575 1659 605 καὶ
1697 575 1746 605 τὸν
1779 575 1857 610 Ὠσηὲ

1036 640 1037 643 η
1055 623 1160 661 βοῶντα
1173 621 1219 650 καὶ
1233 621 1343 660 λέγοντα
1355 633 1361 639 ·
1377 634 1389 648 ιι
1407 620 1522 651 Καλέσω
1536 621 1580 650 τὸν
1596 621 1625 649 οὗ
1639 619 1713 649 λαόν
1728 631 1790 658 μου,
1801 620 1857 649 λαόν

1055 679 1115 706 μου.
1132 679 1144 693 ιι
1169 666 1218 699 Τίς
1232 666 1284 706 γὰρ
1299 661 1331 702 ἦν
1346 667 1375 695 οὖ
1390 665 1454 699 λαός
1464 665 1507 703 ⁴⁶;
1530 665 1574 695 Τὰ
1589 665 1665 701 ἔθνη.
1687 664 1748 695 Καὶ
1761 665 1800 698 τίς
1816 666 1858 694 oti;

1056 710 1232 750 ἦγαπημένη;
1248 709 1285 740 εΗ
1309 711 1397 740 αὐτῶν
1423 710 1586 746 Ἐκκλησία.
1619 709 1698 740 Ἀλλ’
1724 708 1800 747 ὅμως
1818 709 1857 738 καὶ

1054 756 1117 789 λαὸς
1129 755 1261 796 ἐγένοντο,
1277 755 1322 784 καὶ
1334 755 1503 794 ἠγαπημένοι
1509 777 1517 791 ,
1532 754 1577 784 καὶ
1595 766 1610 782 ι
1627 754 1693 785 Υἱοὶ
1706 755 1782 784 Θεοῦ
1798 755 1857 788 ζῶν-

1054 801 1111 837 τος¹,
1133 813 1145 826 ο
1159 800 1188 830 τὸ
1204 802 1302 838 μεῖζον.
1319 800 1353 829 Εἰ
1369 799 1396 829 δὲ
1412 798 1484 839 λέγοι
1499 811 1552 836 τις,
1571 799 1612 829 ὅτι
1626 802 1713 829 τοῦτο
1731 798 1795 838 περὶ
1810 800 1856 828 τῶν

1052 845 1185 877 Ἰουδαίων
1202 845 1304 886 εἴρηται
1324 846 1377 874 τῶν
1403 843 1667 883 ἄγνωμονησάντων,
1696 840 1758 873 εἶτα
1775 855 1853 884 προσ-

1051 889 1215 930 ληφθέντων,
1242 889 1314 919 οὐδὲν
1342 891 1429 918 τοῦτο.
1463 890 1494 918 Εἰ
1519 888 1571 928 γὰρ
1597 889 1641 918 ἐπ’
1675 887 1809 926 ἐκείνων,
1831 887 1854 917 τί

1050 934 1148 964 ἐκώλυε
1161 934 1206 963 χαὶ
1218 933 1263 963 ἐπὶ
1279 935 1331 964 τῶν
1348 935 1428 964 ἐθνῶν
1444 935 1520 963 τοῦτο
1535 933 1688 972 προϐῆναις

1095 1038 1107 1051 ιι
1136 1024 1252 1058 Ἡσαΐας
1281 1024 1309 1053 δὲ
1335 1023 1425 1064 κράζει
1451 1023 1516 1062 ὑπὲρ
1544 1025 1589 1052 τοῦ
1619 1022 1740 1063 Ἰσραήλ
1760 1034 1768 1041 ·
1792 1021 1853 1053 Ἐὰν

1051 1065 1068 1108 ᾗ
1091 1071 1106 1098 ὁ
1131 1069 1239 1110 ἀριθμὸς
1262 1069 1313 1098 τῶν
1340 1069 1403 1098 υἱῶν
1432 1067 1544 1108 Ἰσραὴλ
1576 1069 1612 1101 ὣς
1636 1070 1654 1104 ἡ
1696 1067 1791 1106 ἄμμος
1813 1068 1854 1102 τῆς

1051 1114 1202 1150 θαλάσσης,
1218 1114 1248 1143 τὸ
1262 1113 1434 1152 κατάλειμμα
1448 1112 1609 1148 σωθήσεται.
1624 1125 1637 1139 ι·
1653 1113 1719 1143 Οὖχ
1741 1111 1852 1153 ἠρκέσθη

1051 1160 1089 1198 τῷ
1102 1158 1201 1196 Ὠσηὲ,
1218 1157 1288 1188 ἀλλὰ
1308 1157 1354 1187 καὶ
1373 1155 1491 1188 Ἡσαΐαν
1513 1157 1638 1198 μάρτυρα
1657 1157 1782 1196 παράγει
1795 1156 1855 1196 κρά-

1051 1205 1148 1240 ζοντα,
1171 1202 1307 1240 τουτέστι,
1324 1202 1392 1241 μετᾶ
1407 1201 1560 1244 παρρησίας
1581 1202 1795 1243 ἆναφωνοῧντα,
1813 1200 1853 1230 καὶ

1051 1249 1101 1288 οὐχ
1127 1247 1371 1284 ὑποστελλόμενον,
1391 1246 1432 1277 ὅτι
1457 1248 1487 1277 οὐ
1514 1247 1612 1280 πάντες
1634 1247 1808 1283 σωθήσονται
1831 1247 1851 1274 οἱ

1052 1291 1078 1327 ἐξ
1093 1293 1215 1332 Ἰσραὴλ,
1227 1293 1287 1322 ἀλλ’
1310 1293 1333 1321 οἱ
1350 1291 1417 1326 ἄξιοι
1435 1303 1441 1310 ·
1453 1294 1530 1322 τοῦτο
1545 1291 1597 1331 γάρ
1613 1292 1682 1329 ἐστι,
1697 1305 1709 1318 ι
1722 1290 1765 1321 Τὸ
1777 1289 1852 1320 κατά-

1051 1338 1165 1376 λειμμα,
1176 1351 1188 1364 n
1200 1337 1348 1375 τουτέστιν,
1364 1338 1380 1372 ἡ
1397 1336 1503 1375 ἐκλογή·
1516 1335 1559 1370 οὒς
1573 1337 1722 1366 κατέλιπεν
1736 1337 1751 1365 ὁ
1762 1335 1829 1368 Θεὸς
1841 1357 1848 1371 ,

1055 1382 1100 1411 καὶ
1125 1382 1268 1422 ἀφώρισεν,
1291 1383 1326 1414 ὥς
1350 1381 1437 1415 ἀξίους
1454 1380 1566 1417 δηλαδή.
1589 1380 1636 1411 Ἔν
1654 1381 1683 1410 δὲ
1702 1382 1742 1420 τῷ
1758 1381 1850 1417 εἰπεῖν,

1055 1438 1070 1456 ιι
1089 1426 1138 1460 Ὧς
1163 1430 1180 1463 ἡ
1197 1427 1284 1465 ἄμμος
1305 1427 1352 1462 τῆς
1373 1426 1521 1462 θαλάσσης,
1547 1436 1562 1454 υ
1585 1426 1790 1464 ἀναμιμνήσκει
1805 1424 1850 1453 αὖ·

1053 1471 1111 1504 τοὺς
1135 1473 1183 1507 τῆς
1205 1471 1320 1504 παλαιᾶς
1345 1471 1519 1510 ἐπαγγελίας,
1543 1466 1574 1506 ἧς
1597 1470 1711 1504 ἑαυτοὺς
1737 1469 1851 1503 ἀναξίους

201 1527 254 1554 qua
268 1526 297 1546 se
311 1518 439 1553 indignos
450 1517 661 1545 constituerunt.
683 1519 724 1545 Ne
739 1516 822 1552 igitur
839 1516 985 1545 turbemini

1063 1515 1231 1552 ιατέστησαν.
1261 1515 1310 1551 Μὴ
1325 1515 1412 1545 τοίνυν
1428 1514 1603 1556 θορυϐεῖσθε,
1620 1516 1657 1548 ὥς
1673 1517 1723 1550 τῆς
1741 1516 1850 1552 ἔπαγγε-

202 1571 252 1590 ceu
277 1562 355 1590 irrita
371 1566 397 1590 et
412 1570 480 1589 vana
502 1562 538 1589 sit
551 1560 623 1589 facta
644 1561 804 1597 promissio,
823 1560 999 1597 quandoqui-

201 1607 265 1635 dem
278 1614 375 1634 omnes
396 1606 536 1642 propheta:
550 1605 730 1634 vaticinantur
743 1605 816 1634 haud
830 1613 926 1634 omnes
941 1613 1000 1634 esse

200 1651 288 1679 salute
308 1650 415 1686 dignos.

239 1696 329 1724 VEBS.
356 1698 400 1722 28.
429 1706 442 1720 ι
463 1695 626 1723 Sermonem
646 1694 721 1723 enim
742 1702 942 1724 consummans
972 1700 1000 1724 et

202 1740 353 1768 concidens
378 1740 407 1768 in
427 1740 549 1776 justitia:
567 1739 701 1776 quoniam
727 1747 884 1768 sermonem
903 1740 998 1769 abbre-

203 1785 307 1813 viatum
335 1785 471 1813 Dominus
493 1784 575 1813 faciet
597 1785 626 1812 in
649 1789 733 1813 terra.
765 1797 777 1809 ιι
802 1785 864 1820 Qua
891 1786 999 1814 ratione

201 1829 324 1865 reliquie:
338 1830 392 1858 sint
406 1829 557 1862 servanda,
578 1838 651 1858 nunc
668 1830 793 1859 indicat:
809 1832 883 1864 Non,
899 1830 998 1867 inquit,

201 1874 340 1903 laboribus
353 1879 381 1903 et
393 1874 609 1908 circuitionibus,
618 1879 703 1912 atque
715 1875 866 1903 afﬂictione
879 1883 912 1904 ex
933 1883 998 1911 ope-

200 1919 276 1948 ribus
298 1920 365 1956 legis
385 1924 444 1948 orta
458 1928 528 1956 opus
542 1924 597 1953 est;
613 1919 663 1948 sed
677 1921 753 1948 Deus
764 1941 772 1953 ,
792 1919 896 1956 inquit,
918 1919 999 1955 perﬁ-

200 1965 275 1992 ciens
296 1969 324 1993 et
338 1964 485 1993 considens
508 1964 551 1992 vel
572 1964 733 1992 abbrevians
751 1971 911 1992 sermonem
934 1963 998 1992 ﬁdei

201 2009 230 2037 in
251 2009 376 2037 universa
398 2013 486 2043 terra,
507 2009 580 2036 hunc
603 2008 687 2036 faciet
707 2008 736 2036 in
745 2008 862 2044 justitia,
884 2008 936 2036 hoc
958 2013 1000 2037 est

200 2058 231 2081 ut
241 2053 374 2089 justiﬁcet
392 2061 438 2080 eos
457 2053 504 2089 qui
532 2053 612 2080 illum
638 2053 816 2088 susceperint.
837 2064 850 2077 α
875 2053 905 2080 Si
925 2053 998 2081 enim

201 2096 344 2126 confessus
357 2097 442 2125 fueris
453 2105 500 2125 ore
512 2101 560 2125 tuo
579 2097 734 2125 Dominum
752 2098 768 2124 J
770 2104 858 2131 esum,
872 2097 997 2125 credide-

200 2142 292 2178 risque
305 2142 334 2169 in
357 2140 439 2169 corde
457 2145 518 2175 tuo,
539 2141 612 2177 quod
634 2143 710 2169 Deus
732 2141 859 2169 excitavit
872 2141 964 2178 ipsum
982 2150 997 2169 a

1055 1560 1112 1594 λίας
1142 1561 1357 1600 διαψευσθείσης,
1385 1560 1450 1590 ὅπου
1479 1572 1510 1600 γε
1541 1559 1637 1593 πάντες
1664 1562 1691 1590 οἱ
1722 1561 1851 1599 προφῆται

1055 1572 1112 1594 Λιας
1142 1572 1357 1600 οιαψευσυεισης,
1385 1572 1450 1590 οπου
1498 1572 1510 1589 ε
1541 1572 1637 1593 παντες
1664 1572 1691 1590 οι
1722 1572 1811 1599 προφη

1053 1607 1287 1646 προαναφωνοῧσι,
1305 1604 1342 1644 μὴ
1361 1604 1462 1638 πάντας
1477 1572 1544 1634 έίίναι
1559 1604 1645 1639 ἀξίους
1660 1603 1811 1643 σωτηρίας.

1096 1705 1111 1722 α
1128 1694 1214 1732 Λόγον
1230 1693 1281 1733 γὰρ
1298 1695 1443 1732 συντελῶν,
1465 1694 1510 1723 καὶ
1527 1693 1679 1732 συντέμνων
1707 1695 1736 1724 ἐν
1752 1694 1844 1722 δικαιο-

1053 1737 1134 1778 σύνῃ,
1153 1738 1194 1768 ὅτι
1214 1738 1291 1776 λόγον
1316 1737 1529 1776 συντετμημένον
1555 1737 1662 1773 ποιήσει
1690 1737 1790 1778 Κύριος
1810 1736 1847 1766 ἐπὶ

1052 1785 1099 1819 τῆς
1123 1784 1179 1823 γῆς.
1197 1796 1209 1810 ι)
1235 1784 1291 1814 Νῦν
1307 1782 1421 1812 δείκνυσι
1449 1783 1505 1816 πῶς
1535 1782 1683 1818 σωθήσεται
1711 1783 1742 1813 τὸ
1768 1781 1845 1811 κατά-

1052 1829 1170 1866 λειμμα,
1183 1827 1229 1857 καί
1243 1839 1334 1867 φησιν,
1351 1826 1390 1856 ὅτι
1405 1828 1433 1856 οὗ
1449 1826 1527 1868 χρεία
1539 1827 1625 1857 πόνων
1644 1828 1691 1857 καὶ
1708 1825 1846 1867 περιόδων,

1053 1872 1098 1902 καὶ
1121 1874 1168 1908 τῆς
1186 1871 1372 1912 ταλαιπωρίας
1398 1874 1445 1908 τῆς
1467 1871 1511 1901 ἐπὶ
1532 1872 1586 1905 τοῖς
1614 1871 1702 1912 ἔργοις
1726 1872 1779 1905 τοῖς
1803 1882 1845 1899 νο-

1054 1921 1139 1956 μικοῖς
1155 1926 1162 1933 ·
1180 1918 1241 1946 ἀλλ’
1256 1919 1269 1946 ὁ
1284 1917 1352 1950 Θεὸς
1364 1939 1372 1954 ,
1390 1915 1473 1957 φησὶ,
1490 1917 1622 1946 συντελῶν
1635 1917 1682 1946 καὶ
1697 1916 1844 1954 συντέμνων

1052 1960 1097 1991 τὸν
1111 1963 1187 2001 λόγον
1210 1963 1258 1997 ἧς
1283 1961 1398 1995 πίστεως
1422 1961 1465 1991 ἐπὶ
1489 1961 1578 1998 πάσης
1600 1963 1648 1997 τῆς
1668 1964 1734 2001 γῆς,
1759 1962 1843 1990 τοῦτον

1052 2006 1158 2043 ποιήσει
1182 2007 1208 2035 ἐν
1233 2005 1403 2046 δικαιοσύνῃ,
1426 2005 1577 2041 τουτέστιν,
1604 2005 1674 2036 ὥστε
1703 2006 1842 2036 δικαιῶσαι

1051 2050 1111 2084 τοὺς
1130 2049 1356 2090 παραδεξομένους
1372 2052 1473 2080 τοῦτον.
1501 2064 1514 2076 ιι
1532 2050 1599 2080 Ἐὰν
1613 2050 1665 2090 γὰρ
1680 2049 1843 2090 ὁμολογήσῃς

1051 2096 1090 2135 τῷ
1115 2095 1228 2134 στόματί
1252 2106 1299 2125 σου
1324 2095 1421 2135 Κύριον
1450 2094 1568 2131 Ἰησοῦν,
1587 2096 1634 2125 καὶ
1653 2094 1796 2134 πιστεύσῃς
1818 2094 1842 2121 έν

1054 2143 1087 2180 τῇ
1107 2139 1203 2180 καρδίᾳ
1215 2151 1279 2180 σου,
1295 2139 1336 2169 ὅτι
1352 2139 1431 2168 αὐτὸν
1447 2139 1551 2179 ἤγειρεν
1564 2141 1577 2168 ὁ
1592 2139 1662 2173 Θεὸς
1681 2142 1711 2170 ἐκ
1728 2139 1823 2178 νεκρῶν
1833 2160 1840 2173 ,

200 2186 330 2220 mortuis,
353 2186 443 2214 salvus
465 2186 519 2214 eris
531 2187 553 2213 °.
567 2197 580 2210 ››
600 2186 653 2214 Hic
675 2190 731 2221 est,
752 2186 880 2215 concisus
900 2186 984 2215 abbre

1063 2179 1172 2224 ιὼθήσῇ.
1185 2179 1198 2211 ν
1208 2179 1294 2218 Οῧτός
1307 2185 1377 2214 ἔστιν
1390 2186 1403 2214 ὁ
1414 2184 1629 2223 συντετμημένος
1639 2184 1727 2224 λόγος,
1741 2183 1774 2213 τὰ
1785 2185 1842 2223 βρα-

201 2231 347 2267 viatusque
370 2239 472 2265 sermo,
487 2231 581 2259 brevia
598 2231 732 2259 nimirum
752 2231 814 2259 ﬁdei
833 2231 925 2260 verba.

236 2277 327 2304 Vnus.
344 2278 389 2303 29.
406 2287 419 2300 σι
432 2276 469 2304 Et
487 2276 558 2304 sicut
580 2275 707 2312 praedixit
728 2276 836 2312 Isaias,
851 2277 926 2305 :Nisi
941 2278 996 2305 Do-

198 2321 290 2348 minus
305 2320 462 2357 reliquisset
484 2320 563 2348 nobis
576 2328 681 2355 semen,
698 2321 770 2349 velut
797 2321 916 2349 Sodoma
931 2321 996 2349 facti

198 2372 332 2398 essemus,
357 2369 384 2393 et
404 2365 474 2393 sicut
493 2365 651 2394 Gomorrha
672 2365 775 2394 similes
800 2365 958 2394 fuissemus.
980 2376 994 2393 ι)

197 2410 268 2438 Cum
281 2409 392 2438 dixisset
407 2410 533 2446 reliquias
550 2414 662 2438 tantum
673 2409 732 2438 fore
745 2411 848 2446 salvas,
862 2411 995 2447 quidnam

207 2457 268 2482 stuc
293 2454 340 2488 sit,
373 2462 447 2482 nunc
467 2456 676 2491 interpretatur,
704 2455 848 2491 inquiens,
870 2456 996 2492 Reliquit

196 2498 276 2527 nobis
296 2500 369 2526 Deus
379 2499 499 2528 electum
516 2507 649 2528 semenac
657 2498 917 2528 fermentumznam
933 2508 993 2535 pro,

196 2544 292 2581 Elegit,
311 2556 322 2568 ιι
336 2543 468 2580 Reliquit,
487 2556 499 2569 υ
512 2544 607 2580 posuit
620 2554 627 2572 :
641 2548 673 2573 ut
684 2545 736 2572 nisi
750 2546 825 2573 Deus
834 2552 993 2574 conservas-

194 2593 235 2616 set
263 2589 340 2624 illud,
364 2596 475 2625 prorsus
495 2589 697 2618 interiissemus
727 2588 841 2625 perinde
861 2597 893 2617 ac
911 2589 994 2618 Sodo-

197 2641 243 2662 ma
261 2638 288 2662 et
314 2633 488 2669 Gomorrha',
509 2637 604 2670 utpote
622 2633 801 2662 condemnati
820 2634 855 2663 ob
882 2639 993 2671 peccata

197 2683 304 2708 nostra.

231 2725 314 2753 1³1Οειξ
329 2732 365 2759 ιι,
383 2727 434 2759 24ς
448 2732 470 2759 ι,
486 2727 529 2752 ιο.
567 2729 580 2742 ιι
596 2726 649 2753 Isa.
665 2732 696 2753 ι.
711 2726 757 2753 22.
797 2730 808 2742 υ
821 2725 906 2753 Rom.
923 2733 955 2758 Χ,
969 2728 999 2754 9.

1052 2229 1102 2269 χέα
1119 2231 1166 2265 τῆς
1179 2228 1291 2262 πίστεως
1305 2228 1423 2270 ῥήματα.

1096 2285 1110 2302 (ι
1122 2273 1178 2304 Καὶ
1199 2273 1285 2307 καθὼς
1309 2273 1466 2314 προείρηκεν
1488 2271 1621 2307 ἹΙσαΐας·
1639 2274 1674 2304 Εἰ
1696 2273 1734 2312 μὴ
1749 2271 1839 2312 Κύριος

1052 2317 1170 2348 Σαϐαὼθ
1193 2318 1365 2357 ἐγκατέλιπεν
1391 2318 1456 2354 ἡμῖν
1482 2317 1608 2358 σπέρμα,
1629 2320 1666 2352 ὥς
1689 2319 1796 2355 Σόδομα
1810 2315 1838 2344 ἂν

1051 2363 1232 2402 ἐγενήθημεν,
1247 2363 1292 2392 καὶ
1307 2363 1341 2397 ὡς
1366 2362 1491 2404 Γόμορῤα
1512 2361 1544 2392 ἂν
1568 2363 1754 2402 ὡμοιώθημεν.
1771 2375 1783 2387 ι
1798 2361 1838 2390 Εἷ-

1051 2407 1124 2446 πὼν,
1141 2407 1182 2438 ὅτι
1196 2407 1236 2438 Τὸ
1252 2408 1426 2447 χατάλειμμα
1443 2407 1611 2444 σωθήσεται,
1625 2411 1670 2438 νῦν
1687 2405 1836 2448 ἑρμηνεύει,

1049 2452 1075 2481 τί
1099 2454 1155 2482 ἐστι
1169 2455 1261 2492 τοῦτο,
1286 2452 1332 2482 καί
1358 2464 1453 2493 φησιν,
1470 2451 1511 2482 ὅτι
1525 2451 1564 2483 Ὃ
1587 2453 1758 2492 ἐγκατέλιπεν
1778 2452 1836 2488 ἡμῖν

1050 2499 1064 2526 ὁ
1079 2497 1147 2531 Θεὸς
1171 2497 1309 2527 ἐπίλεκτον
1325 2497 1432 2538 σπέρμα
1453 2497 1498 2527 χαὶ
1513 2497 1608 2536 ζύμην.
1624 2497 1694 2527 Ἀντὶ
1708 2496 1759 2537 γὰρ
1779 2496 1836 2530 τοῦ,

1051 2542 1205 2580 ἐπελέξατο,
1220 2541 1260 2579 τὸ,
1280 2553 1294 2571 α
1308 2541 1485 2582 Ἐγκατέλιπε
1495 2565 1503 2579 ,
1519 2555 1531 2568 ››
1550 2542 1631 2572 τέθειν
1648 2543 1657 2581 [
1664 2539 1832 2580 ᾑτέθεικενΓ

1049 2588 1084 2620 ὡς
1107 2586 1132 2616 εἴ
1151 2599 1181 2626 γε
1204 2587 1242 2624 μὴ
1266 2588 1280 2616 ὁ
1295 2586 1363 2621 Θεὸς
1388 2586 1542 2627 συνετήρει,
1567 2585 1737 2626 πανωλεθρίᾳ.
1755 2583 1784 2614 ἂν
1807 2583 1834 2611 ἀ-

1049 2630 1193 2672 πολώμεθα
1263 2631 1388 2670 ἆπωλόμ.
1398 2631 1423 2672 ],
1435 2633 1470 2665 ὡς
1483 2631 1517 2661 τὰ
1530 2631 1640 2671 Σόδομα
1647 2631 1692 2660 καὶ
1706 2632 1727 2661 Γ
1728 2629 1832 2668 όμοῤῥα,

1048 2671 1091 2706 οἶα
1107 2675 1139 2712 δὴ
1157 2676 1184 2711 ἐξ
1198 2676 1335 2718 ἁμαρτιῶν
1350 2671 1492 2706 κατάδωιοι
1509 2675 1592 2710 ὄντες.

1048 2730 1061 2747 ν
1071 2726 1123 2753 Isa.
1142 2732 1165 2760 ι,
1179 2728 1206 2754 9.

887 2765 980 2795 Variae
1003 2766 1153 2797 lectiones.

231 2805 252 2822 ‘6
264 2804 278 2831 ὁ
293 2804 361 2836 λαός.
377 2804 415 2832 fc.
432 2804 446 2831 ὁ
459 2804 486 2831 οὗ
499 2805 560 2836 λαὸς
575 2813 599 2833 ο,
