1901 3077
218 175 270 205 475

714 175 969 203 TIIEOPHYLACTI
988 175 1166 203 BULGARl/E
1185 174 1341 203 ARCHIEP.
1815 173 1853 201 476

214 239 292 275 dicit,
310 249 325 269 α
335 240 433 270 Zelum
443 238 495 267 Dei
508 238 621 272 habent,
634 236 683 266 sed
692 245 747 265 non
759 237 912 266 secundum
926 239 1007 275 cogni

1064 238 1120 268 ἀλλ’
1135 239 1165 268 οὗ
1179 239 1239 268 κατ’
1254 237 1406 276 ἐπίγνωσιν,
1421 249 1432 262 ι
1447 236 1540 269 ἐλέους
1552 236 1661 274 μᾶλλον
1676 234 1760 270 ἀξίους
1770 235 1853 271 αὐτοὺς,

215 287 332 321 tionem,
351 296 366 313 n
387 283 574 313 misericordia
602 283 693 319 potius
707 290 790 319 quam
814 291 896 319 pusna
916 283 1013 317 dignos

214 331 344 361 ostendit.
356 329 531 359 Emulautur
545 328 634 362 enim,
657 327 758 364 inquit,
784 336 834 364 pro
850 328 909 364 lege
922 329 973 356 sibi
996 337 1011 356 a

217 378 275 404 Deo
289 375 391 404 tradita
407 384 414 403 :
428 381 525 402 verum
535 381 591 401 non
605 372 757 401 secundum
770 373 958 409 cognitionem
973 377 1013 402 est

215 421 339 457 ipsorum
353 419 510 453 aemulatio;
524 417 625 454 quippe
638 417 684 453 qui
696 418 784 454 legem
797 417 869 446 hanc
880 417 1012 446 abolitam

216 473 275 495 esse
291 472 439 502 agnoscere
451 464 560 492 nolunt.
579 463 666 499 Atqui
681 462 709 490 in
722 462 901 498 sequentibus
915 471 1011 491 eorum

215 511 435 544 contentionem,
459 515 639 544 amoremque
654 508 790 543 primatus
804 507 918 536 indicat.
941 509 1010 536 Nam

214 558 370 592 querentes
381 558 503 583 statuere
513 552 652 589 justitiam
671 552 810 588 propriam
819 573 826 586 ,
841 552 894 581 hoc
907 557 960 586 est,
978 561 1012 581 ex

214 600 283 636 lege,
304 607 337 628 ex
363 598 483 635 propriis
501 597 635 626 nimirum
662 597 803 625 laboribus
831 601 858 625 et
881 597 1011 633 operibus

215 649 346 682 paratam,
378 651 440 680 qua:
462 651 526 671 cum
550 642 664 677 excidit,
687 646 748 670 tum
772 641 924 670 subsistere
953 651 1010 670 non

213 693 304 726 potest
327 699 334 717 :
357 696 444 725 neque
465 688 542 716 illam
562 690 729 720 statuerunt,
750 694 801 714 nec
825 686 936 722 iustitiae
957 687 1011 715 Dei

214 734 329 770 subjecti
343 737 417 762 sunt.
440 732 523 768 Quod
543 731 747 764 ostentationis,
772 739 804 759 ac
819 732 918 760 mentis
936 731 1011 767 prin-

214 779 322 815 cipatus
349 777 451 812 avidae,
473 777 532 805 imo
556 776 649 813 potius
675 776 782 804 stolidae
806 781 831 804 et
856 776 1010 813 insipientis

213 823 325 860 signum
346 826 399 856 est,
428 829 552 858 quaerere
575 821 711 850 nimirum
739 821 908 849 constituere
934 821 1009 858 quod

213 868 361 897 subsistere
387 867 498 903 nequit;
523 867 606 903 inque
638 874 671 894 eo
700 865 885 902 nequicquam
916 867 1007 895 atteri.

212 914 265 942 Dei
287 917 380 941 autem
397 912 506 949 justitia
531 919 563 940 ea
582 915 634 947 est,
658 918 720 947 qua:
745 919 778 939 ex
797 910 851 939 ﬁde
881 911 1008 940 est:haec

212 958 286 986 enim
310 965 367 986 non
389 957 495 994 indiget
518 956 661 985 laboribus
686 956 798 990 nostris,
825 964 924 984 verum
948 961 1007 986 tota

211 1003 247 1032 ad
273 1003 392 1039 gratiam
419 1002 470 1030 Dei
486 1001 614 1038 pertinet.

248 1048 303 1084 75
313 1049 402 1077 Vsus.
416 1050 445 1075 4.
453 1058 467 1072 α
477 1047 552 1075 Finis
567 1046 641 1074 enim
655 1045 721 1082 legis
740 1045 877 1080 Christus,
889 1045 1009 1083 adjusti-

211 1092 280 1121 tiam
303 1092 380 1120 omni
401 1091 533 1120 credenti.
548 1103 560 1116 ιι
575 1090 645 1126 Quia
673 1099 786 1127 prorsus
802 1091 940 1127 justitiam
960 1099 1009 1119 no-

211 1137 374 1171 minaverat,
388 1144 450 1165 eam
459 1143 520 1172 qua;
534 1140 577 1164 est
590 1136 618 1163 in
631 1136 702 1171 lege,
715 1143 749 1163 ne
767 1135 859 1163 dicant
874 1135 892 1164 ii
910 1136 957 1172 qui
974 1143 1006 1164 ex

210 1181 336 1210 Hebraeis
357 1181 552 1209 crediderunt:
568 1180 749 1209 Peccavimus
772 1188 854 1217 ergo,
870 1184 897 1208 et
915 1180 1008 1217 inique

211 1227 346 1264 egimus“,
361 1226 432 1255 hanc
449 1226 584 1262 justitiam
597 1225 770 1254 dimittentes
787 1235 795 1254 :
810 1233 842 1254 ac
859 1233 895 1254 ne
910 1233 1008 1254 rursus

211 1271 344 1300 increduli
359 1271 450 1300 dicere
463 1274 590 1307 possent:
604 1269 840 1307 Quandoquidem
850 1270 955 1307 justitia
967 1275 1009 1299 est

210 1316 238 1345 in
253 1316 311 1353 lege
325 1316 449 1351 omnino,
459 1315 566 1344 etiamsi
581 1323 642 1344 eam
653 1315 779 1344 nondum
793 1315 1006 1352 impleverimus,

209 1361 354 1398 aliquando
366 1365 463 1390 tamen
478 1361 596 1397 perfecte
609 1361 784 1397 implebimus
797 1369 803 1388 :
814 1360 896 1389 ambo
911 1361 971 1389 haec
994 1368 1010 1389 e

211 1407 299 1435 medis
317 1407 426 1442 tollens,
455 1406 516 1434 ait:
533 1416 547 1433 α
574 1406 650 1434 Finis
678 1405 746 1442 legis
772 1406 896 1434 Christus
918 1410 970 1434 est.
994 1417 1007 1430 ι

210 1452 292 1488 Quod
304 1454 380 1480 enim
398 1451 484 1480 voluit
498 1451 613 1487 quidem
629 1451 684 1485 lex,
703 1458 762 1479 non
774 1455 867 1479 autem
882 1450 1008 1487 perfecit,

209 1496 263 1525 hoc
283 1496 409 1525 Christus
428 1495 713 1532 perfecit,justiﬁcare
732 1503 833 1532 nempe
855 1495 1004 1523 hominem.

207 1543 299 1578 Quare
313 1549 348 1569 ne
365 1540 439 1569 dicas
453 1540 499 1576 qui
516 1540 625 1568 Christo
647 1539 789 1568 accessisti
815 1548 848 1568 ex
868 1539 1005 1574 Hebraeis,

1065 284 1094 312 οὗ
1107 282 1243 317 κολάσεως
1262 281 1389 311 δείκνυσι.
1411 282 1533 317 Ζηλοΰσι
1554 279 1612 320 γὰρ
1636 279 1704 320 ὑπὲρ
1716 282 1760 310 τοῦ
1773 280 1854 319 νόμον,

1065 329 1147 368 φησὶ,
1171 330 1218 357 τοῦ
1248 326 1321 367 παρὰ
1345 327 1417 357 Θεοῦ
1445 325 1571 357 δοθέντος
1596 324 1633 344 ⁵⁴·
1661 323 1732 361 πλὴν
1757 326 1784 355 οὗ
1808 325 1855 354 κατ’

1064 372 1207 412 ἐπίγνωσίν
1235 373 1305 402 ἐστιν
1341 373 1356 401 ὁ
1381 372 1457 412 ζῆλος
1481 371 1599 406 αὐτοῖς,
1639 369 1679 407 μὴ
1708 369 1855 408 βουλομένοις

1063 411 1179 457 γνῶναι,
1208 416 1278 447 ὅτιὸ
1299 415 1377 455 νόμος
1401 411 1475 449 οὗτος
1490 415 1524 433 ⁵²
1553 415 1697 444 πέπαυται
1711 413 1757 444 καὶ
1777 414 1857 453 κατήρ-

1064 474 1155 502 γηται.
1181 460 1353 492 Ὑποκατιὼν
1376 460 1466 500 μέντοι
1491 459 1618 490 δείκνυσι
1644 458 1692 494 τὴν
1715 458 1854 498 φιλονεικίαι

1065 508 1151 536 αὐτῶν
1178 507 1224 537 καὶ
1251 505 1407 547 φιλαρχίαν.
1445 507 1601 542 Ζητοῧντες
1626 504 1681 543 γὰρ
1705 506 1798 540 στῆσαι
1819 504 1855 537 τῆι

1064 551 1132 582 ἰδίαν
1148 551 1334 590 δικαιοσύνην,
1357 549 1493 587 τουτέστι,
1510 548 1565 586 τὴν
1589 550 1622 580 ἐκ
1644 551 1692 578 τοῦ
1714 548 1857 587 νόμου,τὴν

1064 596 1091 631 ἐξ
1105 597 1187 637 ἔργων
1203 596 1276 626 ἰδίων
1299 596 1345 625 καὶ
1366 595 1454 624 πόνων
1480 594 1722 634 κατορθουμνην,
1747 592 1801 628 ἥτις
1821 594 1857 621 καὶ

1063 641 1204 677 πέπτωκε,
1219 641 1265 671 καὶ
1279 642 1308 671 οὗ
1330 639 1440 670 δύναται
1455 641 1577 676 στῆναι,
1594 638 1657 669 οὔτε
1675 637 1773 674 ταύτην
1788 637 1855 673 ἔστη-

1063 698 1126 723 σαν,
1143 686 1189 716 καὶ
1267 688 1313 716 τοῦ
1337 687 1408 716 Θεοῦ
1425 684 1589 724 δικαιοσύνῃ
1612 684 1666 724 οὐχ
1691 682 1855 722 ὑπετάγησαν.

1063 730 1101 762 ⁸0
1119 731 1273 766 ἀλαζονείας
1292 734 1420 769 σημεῖον,
1435 729 1481 759 καὶ
1499 729 1643 769 φιλάρχου
1660 728 1782 768 γνώμης,
1797 727 1854 765 μᾶλ-

1061 777 1106 806 λον
1122 775 1150 805 δὲ
1165 775 1289 812 ἀνοήτου,
1306 776 1336 805 τὸ
1350 777 1437 811 ζητεῖν
1453 776 1591 809 συστῆναι
1607 774 1652 803 ἀεὶ
1666 773 1698 803 τὸ
1713 771 1852 808 ἀσύστατον,

1061 821 1108 850 καὶ
1124 823 1151 851 ἐν
1174 820 1259 861 τούτῳ
1281 821 1404 855 διακενῆς
1419 818 1654 860 κατατρίϐεσθαι.
1682 818 1753 848 Θεοῦ
1777 815 1802 845 δὲ
1817 816 1852 861 8t—

1061 865 1202 901 καιοσύνη,
1216 867 1233 901 ἡ
1245 859 1280 894 ἒέκ
1299 864 1413 898 πίστεως
1428 876 1436 882 ·
1454 865 1483 894 οὗ
1506 863 1564 903 γὰρ
1582 863 1682 896 πόνους
1696 863 1751 902 ἔχει
1771 859 1852 900 ἡμετέ-

1026 924 1049 955 B
1063 922 1137 952 ρους,
1155 910 1225 940 ἀλλᾶ
1239 910 1269 940 τὸ
1281 908 1340 940 ὅλον
1356 908 1480 950 χάρισμά
1493 909 1521 928 ⁵³
1537 909 1601 938 ἐστι
1616 909 1704 939 Θεοῦ.

1103 1058 1117 1076 α
1135 1045 1220 1080 Τέλος
1233 1046 1285 1088 γὰρ
1299 1046 1380 1085 νόμου
1393 1045 1507 1086 Χριστὸς
1517 1069 1525 1084 ,
1544 1047 1583 1080 εἷς
1603 1045 1775 1080 δικαιοσύνην
1784 1041 1851 1072 παντὶ

1060 1093 1099 1132 τῷ
1114 1090 1274 1122 πιστεύοντι.
1292 1106 1305 1118 Ι
1320 1090 1433 1128 Ἐπειδὴ
1455 1092 1524 1125 ὅλως
1546 1089 1725 1126 δικαιοσύνην
1744 1087 1851 1126 ὠνόμασε

1060 1137 1109 1173 τὴν
1136 1137 1162 1166 ἐν
1186 1137 1225 1175 τῷ
1248 1136 1335 1176 νόμῳ,
1351 1135 1395 1165 ἵνα
1420 1135 1458 1174 μὴ
1482 1135 1605 1175 ξείπωσιν
1632 1135 1658 1164 οἱ
1687 1133 1714 1168 ἐξ
1732 1132 1851 1172 Ἑϐραίων

1061 1180 1263 1218 πιστεύσαντες,
1288 1181 1328 1211 ὅτι
1355 1180 1454 1212 Λοιπὸν
1476 1180 1734 1220 παρηνομήσαμεν,
1761 1176 1851 1217 ἀφέντες

1061 1226 1109 1263 τὴν
1124 1225 1293 1262 δικαιοσύνην
1310 1225 1410 1261 ταύτην
1423 1237 1430 1244 ·
1445 1226 1490 1255 καὶ
1507 1226 1610 1263 πάλιν,
1626 1225 1651 1254 οἱ
1667 1224 1706 1253 ἔτι
1727 1223 1851 1252 ἀπιστοῦν-

1061 1284 1103 1306 τες
1123 1271 1167 1300 ἵνα
1194 1271 1232 1309 μὴ
1256 1270 1340 1311 ἔχωσι
1367 1271 1468 1311 λέγειν,
1492 1270 1535 1300 ὅτι
1564 1269 1681 1305 Ἐπειδὴ
1717 1265 1850 1299 δικαιοσύνη

1061 1315 1129 1350 ὅλως
1144 1314 1216 1345 ἐστὶν
1233 1316 1260 1345 ἐν
1274 1317 1312 1356 τῷ
1327 1315 1401 1356 νόμῳ
1414 1338 1422 1353 ,
1436 1316 1459 1345 εἰ
1475 1315 1521 1344 καὶ
1539 1314 1580 1354 μὴ
1592 1317 1641 1344 νῦν
1657 1312 1850 1354 ἔπληρώσαμεν,

1063 1361 1133 1392 ἀλλὰ
1158 1362 1264 1394 πάντως
1293 1359 1357 1390 ποτὲ
1386 1359 1566 1401 πληρώσομεν
1593 1371 1601 1379 ”
1629 1358 1709 1400 φησὶν
1730 1356 1850 1397 ἀμφότερα

1062 1408 1148 1436 ταῦτα
1171 1406 1304 1445 ἀναιρῶν,
1330 1405 1371 1435 ὅτι
1394 1405 1479 1438 Τέλος
1503 1405 1588 1439 νόμου
1609 1406 1625 1434 ὁ
1649 1404 1764 1444 Χριστός
1781 1403 1848 1431 ἔστιν.

1062 1450 1100 1481 Ὃ
1124 1450 1176 1491 γὰρ
1199 1450 1329 1487 ἠϐούλετο
1354 1449 1402 1489 μὲν
1428 1451 1442 1479 ὃ
1464 1449 1559 1489 νόμος,
1590 1450 1640 1480 οὔκ
1661 1447 1794 1478 ἐτελείωσε
1817 1445 1850 1491 δὲ,

1062 1489 1141 1525 τοῦτο
1155 1489 1307 1525 ἐτελείωσεν
1333 1496 1347 1525 ὁ
1369 1494 1502 1535 Χριστὸς,
1524 1495 1556 1525 τὸ
1585 1495 1729 1524 δικαιῶσαι
1751 1491 1793 1520 τὸν
1803 1489 1848 1535 ,ἄν-

1063 1543 1178 1580 θρωπον.
1205 1539 1294 1570 Ὥστε
1319 1539 1356 1579 μὴ
1371 1534 1446 1580 λέγε,
1463 1541 1477 1569 ὃ
1498 1539 1649 1573 πιστεύσας
1668 1538 1694 1572 ἐξ
1715 1534 1849 1580 Ἑϐραίων,

210 1577 285 1621 quod
301 1584 449 1621 deliqueris
465 1583 593 1612 adversus
612 1583 716 1620 legem:
733 1583 800 1620 quin
826 1585 918 1620 potius
937 1585 1006 1621 legis

1064 1577 1102 1614 δὴ
1118 1577 1326 1626 περηνόμησας
1344 1577 1414 1615 ἄλλα
1434 1585 1537 1622 μᾶλλον
1562 1583 1594 1614 τὸ
1616 1583 1741 1624 βούλημα
1755 1581 1798 1610 τοῦ
1810 1577 1849 1626 Vti-

212 1629 382 1658 voluntatem
400 1628 573 1665 conspexeris
599 1628 627 1656 in
648 1632 676 1656 te
701 1636 759 1657 esse
782 1628 931 1665 perfectam
958 1637 1006 1666 per

210 1673 293 1702 ﬁdem
308 1674 335 1701 in
353 1674 502 1702 Christum.
518 1674 614 1710 Neque
627 1681 723 1702 rursus
738 1674 784 1710 qui
801 1674 927 1702 nondum
946 1683 1005 1703 cre-

210 1719 319 1753 didisti,
338 1718 443 1754 Iudae,
459 1726 539 1755 spera
561 1718 635 1755 quod
656 1718 810 1754 perficietur
824 1719 872 1747 abs
886 1724 913 1747 te
928 1719 1007 1756 justi-

211 1765 249 1793 tia
265 1772 314 1801 per
327 1764 413 1800 legem
431 1763 574 1793 :Christus
588 1763 661 1792 enim
676 1768 718 1792 est
732 1768 941 1793 consummator
954 1764 1005 1792 hu-

207 1809 262 1846 jus.
283 1808 402 1837 Proinde
425 1808 447 1837 si
457 1808 596 1845 justitiam
610 1813 787 1837 assecuturus
801 1817 842 1844 es,
863 1809 1006 1838 Christum

210 1854 299 1891 accipe
311 1862 359 1890 per
368 1853 462 1888 ﬁdem,
475 1859 503 1883 et
519 1853 632 1883 habebis
650 1854 755 1882 omnia.

243 1901 334 1929 Vsus.
350 1901 377 1927 5.
394 1911 405 1924 ι
428 1900 520 1928 Moses
538 1899 615 1927 enim
630 1899 726 1927 scribit
740 1899 881 1935 justitiam
897 1907 960 1935 quae
974 1907 1006 1927 ex

207 1945 267 1981 lege
279 1949 333 1980 est,
347 1944 421 1981 quod
431 1944 484 1978 Qui
499 1943 598 1972 feceret
612 1951 643 1971 ea
654 1943 751 1976 homo,
767 1944 837 1972 vivet
849 1944 879 1972 in
891 1944 931 1972 eis
940 1944 950 1962 ι
970 1965 976 1972 .
992 1955 1006 1969 ιο

207 1988 358 2018 Conﬁrmat
368 1988 444 2025 quod
453 1987 536 2022 dixit,
551 1987 626 2024 quod
633 1987 661 2016 id
669 1987 744 2024 quod
753 1989 796 2016 lex
809 1996 867 2016 non
877 1987 1006 2024 perfecit,

206 2033 283 2062 istud
313 2033 439 2062 Christus
465 2033 600 2069 implevit,
613 2036 640 2060 et
658 2032 770 2069 inquit:
796 2034 890 2061 Moses
912 2033 1008 2062 asserit

207 2077 351 2107 hominem
371 2085 420 2114 per
438 2085 523 2113 opera
542 2076 711 2113 justiﬁcari:
732 2084 814 2113 opera
833 2085 897 2105 vero
924 2085 1007 2106 nemo

207 2123 337 2150 inventus
357 2126 401 2150 est
416 2121 533 2158 explere.
549 2123 646 2157 Itaque
657 2121 685 2149 in
706 2121 764 2158 lege
781 2121 942 2158 justiﬁcari,
966 2127 1008 2151 est

208 2166 388 2203 impossibile.

240 2213 335 2241 Vsns.
353 2214 410 2240 6-9.
435 2223 449 2236 α
465 2213 534 2248 Quae
545 2215 637 2240 autem
656 2219 687 2240 ex
700 2210 758 2240 ﬁde
777 2215 819 2240 est
833 2211 948 2248 justitia,
967 2212 1006 2241 sic

1062 1641 1112 1669 μου
1129 1621 1196 1664 εἶδες
1211 1621 1238 1659 ἐν
1266 1629 1308 1659 σοὶ
1331 1621 1469 1659 τελειωθὲν
1496 1629 1522 1649 ⁵*
1548 1629 1594 1658 διὰ
1612 1621 1661 1664 τῆς
1687 1628 1722 1660 εἷς
1747 1621 1848 1664 Χριστὸν

1061 1674 1186 1708 πίστεως.
1205 1674 1285 1709 Μηδὲ
1308 1674 1402 1711 πάλιν,
1417 1675 1431 1703 ὁ
1447 1673 1531 1712 μήπω
1554 1672 1703 1705 πιστεύσας
1719 1670 1844 1703 Ἰουδαῖος,

1061 1719 1168 1756 ἔλπιζε,
1184 1718 1224 1749 ὅτι
1247 1718 1453 1756 τελειωθήσεταί
1477 1730 1517 1749 σοι
1542 1720 1560 1755 ἡ
1586 1715 1741 1752 δικαιοσύνη
1756 1713 1846 1743 διᾶτοῧ

1061 1764 1143 1803 νόμου
1159 1776 1166 1783 ·
1191 1765 1206 1794 ὁ
1234 1763 1286 1804 γὰρ
1311 1763 1425 1804 Χριστός
1451 1765 1522 1793 ἐστιν
1546 1765 1561 1793 ὁ
1584 1760 1727 1809 τελειωτὴς
1745 1756 1844 1809 ταύτης

1061 1809 1148 1839 ⁸⁷Ωστε
1162 1810 1185 1839 εἰ
1200 1809 1305 1847 μέλλεις
1320 1809 1367 1845 τὴν
1388 1809 1558 1845 δικαιοσύνην
1580 1813 1671 1849 σχεῖν,
1688 1806 1732 1836 τὸν
1745 1805 1846 1843 Χριστὸν

1061 1854 1127 1884 λάϐε
1143 1853 1186 1883 διὰ
1201 1854 1330 1892 πίστεως,
1348 1854 1394 1883 καὶ
1409 1853 1473 1888 ἕξεις
1487 1854 1518 1884 τὸ
1533 1858 1598 1884 πᾶν.

1102 1912 1114 1925 ι
1129 1900 1232 1935 Μωσῆς
1251 1898 1301 1939 γὰρ
1325 1899 1422 1939 γράφει
1436 1898 1484 1935 τὴν
1508 1897 1681 1933 δικαιοσύνην
1703 1893 1750 1931 τὴν
1764 1893 1792 1923 ἐκ
1807 1892 1846 1939 τξῧ

1061 1943 1158 1982 νόμου,
1184 1943 1225 1972 ὅτι
1256 1935 1294 1974 ἑό
1314 1935 1428 1979 ποιήσας
1450 1943 1516 1972 αὐτὰ
1542 1943 1681 1983 ἄνθρωπος
1708 1939 1809 1983 ζήσεταῄι
1824 1935 1845 1964 ἓν

1061 1989 1158 2022 αὐτοῖς.
1177 2000 1190 2014 ι
1203 1989 1352 2017 Πιστοῢται
1375 1987 1389 2017 ὃ
1414 1983 1502 2025 εἶπεν,
1518 1987 1568 2028 ζὸτι
1628 1987 1709 2026 νόμος
1732 1984 1777 2014 οὔκ
1790 1981 1843 2028 ξτεξ

1060 2029 1171 2072 λείωσε,
1184 2035 1262 2063 τοῦτο
1285 2032 1401 2072 Χριστὸς
1423 2024 1563 2072 ἐπλήρωσε
1580 2044 1588 2052 ·
1613 2024 1666 2061 καί
1682 2039 1775 2072 φησιν,
1787 2024 1845 2054 δτιδ

1061 2079 1162 2114 Μωσῆς
1177 2077 1220 2106 διὰ
1241 2079 1294 2106 τῶν
1310 2077 1392 2117 ἔργων
1412 2077 1483 2117 λέγει
1497 2071 1665 2108 δικαιοῦσθαι
1690 2074 1733 2104 τὸν
1751 2071 1842 2117 ἄνθρυξο

1060 2134 1110 2152 πον
1126 2133 1132 2140 ·
1145 2113 1181 2151 τὰ
1198 2121 1225 2151 δὲ
1242 2121 1307 2162 ἔργα
1325 2113 1417 2156 ὀυδεὶς
1440 2113 1534 2162 εὓρὲθη
1553 2121 1711 2162 πληρώσας.
1728 2117 1808 2147 Ὥστε
1820 2113 1842 2141 ἦν

1060 2167 1134 2207 νόμῳ
1148 2167 1196 2196 οὐκ
1211 2166 1270 2196 ἔστι
1288 2166 1398 2196 δυνατὸν
1415 2168 1601 2203 δικαιωθῆναι.

1105 2200 1169 2242 «ΙἩ
1186 2210 1213 2241 δὲ
1241 2213 1271 2241 ἐκ
1299 2211 1414 2246 πίστεως
1433 2200 1587 2248 δικαιοσιῖνη
1609 2210 1678 2242 οὕτω
1694 2206 1762 2246 λέγει
1776 2215 1783 2223 ·

204 2256 289 2286 dicit:
315 2258 373 2286 Nec
390 2246 492 2285 dixeris
508 2257 535 2285 in
554 2256 637 2285 corde
655 2260 716 2291 tuo,
736 2257 805 2292 Quis
826 2246 955 2286 ascendet
975 2258 1004 2286 in

1064 2255 1138 2296 εἴπῃς
1163 2257 1190 2286 ἓν
1272 2256 1368 2298 καρδίᾳ
1391 2268 1437 2287 σου
1453 2269 1460 2276 ·
1488 2256 1539 2290 Τίς
1561 2246 1785 2298 ἀναϐήσεταιΔςς
1800 2246 1840 2298 Ξξν

205 2303 307 2331 coelum
317 2307 332 2322 υ
349 2302 364 2330 ?
377 2302 404 2330 id
415 2306 457 2330 est
473 2301 614 2331 Christum
631 2301 779 2330 deducere.
802 2303 860 2331 Aut
877 2303 939 2340 quis
961 2302 1004 2331 de-

205 2347 318 2376 scendet
338 2347 365 2375 in
376 2347 506 2383 abyssum
523 2349 535 2376 Ρ
549 2347 603 2376 hoc
616 2351 668 2382 est,
690 2346 831 2376 Christum
844 2355 877 2375 ex
889 2348 1004 2376 mortuis

203 2399 338 2420 revocare.
354 2391 407 2420 Sed
422 2391 489 2428 quid
503 2391 571 2420 dicit
595 2393 709 2428 PPrope
733 2396 761 2420 te
775 2396 819 2420 est
836 2392 963 2427 verbum,
974 2393 1003 2421 in

201 2436 284 2464 corde
304 2440 363 2472 tuo,
378 2437 443 2465 etin
455 2445 502 2465 ore
515 2441 574 2466 tuo.
594 2438 653 2465 Hoc
662 2441 705 2465 est
723 2437 836 2465 verbum
851 2437 914 2466 ﬁdei
928 2438 1002 2474 quod

202 2481 391 2518 praedicamus.
408 2483 545 2518 Quoniam
554 2482 578 2510 si
587 2482 731 2510 confessus
747 2481 831 2511 fueris
848 2482 877 2510 in
894 2490 942 2510 ore
955 2486 1002 2511 tuo

202 2526 356 2556 Dominum
377 2528 484 2562 Iesum,
506 2531 534 2556 et
557 2526 704 2556 credideris
727 2527 802 2564 quod
826 2529 902 2555 Deus
922 2527 1001 2556 illum

199 2572 344 2601 suscitavit
365 2581 381 2601 a
397 2572 522 2607 mortuis,
536 2572 628 2601 salvus
651 2572 714 2601 eris.
726 2583 739 2597 ι
757 2573 941 2609 Posteaquam
954 2580 999 2601 au-

201 2617 288 2647 divisti
303 2618 368 2655 legis
389 2625 471 2654 opera
496 2625 553 2646 non
568 2625 650 2654 posse
664 2617 820 2654 justiﬁcare
843 2617 998 2653 hominem,

200 2662 276 2692 disce
291 2664 352 2700 jam
365 2663 506 2700 quomodo
520 2663 589 2692 citra
606 2662 729 2691 laborem
752 2661 830 2691 facile
845 2662 874 2691 in
887 2662 996 2691 Christo

237 2727 248 2741 ι
260 2722 369 2751 Baruch
384 2730 420 2758 ιι,
437 2724 481 2750 12.
518 2723 528 2740 ί
540 2721 629 2751 Levit.
643 2729 738 2758 xvm,
753 2725 779 2751 5.

1058 2289 1182 2341 0693M;
1206 2289 1285 2332 Tobr'
1309 2289 1368 2331 ἔστι
1393 2301 1509 2342 Χριστὸν
1532 2289 1705 2341 καταγαγεῖν.
1733 2293 1784 2342 Ἦ,
1800 2289 1840 2342 ’Ῑίίς

1058 2345 1240 2380 καταϐήσεται
1255 2347 1291 2380 εἰς
1304 2346 1352 2382 τήν
1369 2336 1501 2383 ﬁuit-cev;
1524 2348 1595 2377 τοῦτ’
1610 2346 1665 2376 ἔστι
1688 2338 1798 2381 Χριστὸν
1813 2336 1837 2387 ἐκ

1057 2392 1158 2431 νεκρῶν
1184 2393 1337 2431 ἀναγαγεῖν.
1367 2391 1449 2422 Ἀλλὰ
1470 2391 1497 2421 τί
1521 2391 1606 2431 λέγει;
1636 2386 1731 2428 Ἐγγύς
1752 2394 1795 2431 σίῖυ

1060 2422 1134 2476 ῥῆιλά
1158 2422 1283 2466 ἐστιν-ἐν1
1347 2436 1444 2477 καρδίᾳ
1472 2448 1533 2473 σου,
1555 2422 1606 2466 καὶ,
1624 2437 1650 2466 ἐν
1732 2422 1839 2477 ’στόματί

1056 2474 1120 2517 σου,
1137 2481 1206 2510 τοῦτ’
1224 2480 1295 2518 ἔστι,
1315 2474 1345 2510 τὸ
1453 2484 1500 2518 ἧς
1521 2481 1633 2514 πίστεως
1647 2478 1661 2508 ὃ
1675 2474 1836 2522 κηρύσσομεν·

1055 2525 1095 2555 δτι
1111 2515 1171 2555 ἓέὰν
1199 2515 1370 2566 ὁμολογήσῃς
1392 2515 1428 2555 ’ἓν
1467 2515 1505 2566 τῷ
1534 2523 1648 2565 στόματί
1674 2515 1718 2567 dot!
1749 2515 1834 2567 Fit"?

1054 2568 1174 2608 Ἰησοῦν,
1191 2560 1238 2600 καὶ
1251 2560 1397 2611 πιστειίσῃς
1412 2572 1439 2601 ἐν
1453 2560 1496 2609 τῇ.
1507 2560 1604 2612 καρδία
1620 2580 1682 2603 σου,
1699 2564 1738 2612 ὅῖξ
1750 2560 1832 2612 δέθεδς

1053 2605 1131 2645 αὐτὸν
1153 2605 1258 2656 ἤγειρεν
1282 2616 1312 2645 ἐκ
1329 2605 1445 2657 νεκρῶν,
1463 2605 1584 2656 σωθήσῃ.
1596 2605 1619 2645 ἰ
1636 2608 1744 2658 Ἐπειξῆ
1758 2605 1829 2658 in,”

1054 2671 1103 2694 σας
1116 2660 1150 2690 τὰ
1172 2662 1219 2690 τοῦ
1242 2659 1324 2700 νόμου
1351 2655 1416 2702 ἔργα
1442 2659 1480 2700 μὴ
1503 2660 1629 2691 δύνασθαι
1647 2655 1778 2688 δικαιῶσαι
1791 2655 1829 2676 ἀν·

825 2723 926 2751 υΒθιιι.
944 2730 1020 2755 xxx,
1039 2724 1081 2750 I2.

899 2772 994 2802 Variae
1015 2771 1167 2802 lectiones.

244 2826 263 2844 δ’
283 2826 464 2862 παραδοθέντος
481 2834 507 2854 o.
547 2826 568 2844 ⁵³
580 2825 664 2858 αὐτοῖς
675 2834 702 2855 o.
740 2826 763 2844 ⁵³
776 2827 848 2862 χάρις
860 2834 900 2854 m.
937 2825 960 2843 ⁵⁸
973 2825 1102 2861 πληρωθὲν
1115 2833 1142 2854 ο.
