1901 3077
52 173 103 202 477

541 173 717 202 EXPOSITIO
736 173 769 202 IN
788 173 891 202 EPIST.
912 174 958 202 AD
977 174 1059 203 ROI.
1081 189 1116 196 -—
1135 175 1209 203 CAP.
1231 177 1260 204 Χ.

1654 178 1706 206 478

49 239 169 277 θρωπον,
186 235 306 275 μάνθανε
312 257 321 273 ,
345 237 399 269 πῶς
422 236 449 265 ἐν
466 237 575 277 Χριστῷ
590 235 764 276 δικαιοῦμιθα
778 236 848 268 ἀπό-

931 237 1084 266 stiﬁcemur
1102 246 1110 266 :
1130 237 1214 266 ﬁdem
1232 238 1306 267 enim
1326 239 1426 274 quierit
1437 246 1472 268 es
1484 239 1571 270 corde
1590 242 1618 270 et
1636 248 1705 270 con-

50 294 98 315 νως
116 281 164 311 καὶ
183 280 284 322 ῥαδίως
299 292 306 299 ·
320 280 409 311 πίστιν
425 281 477 320 γὰρ
499 283 570 317 ζητεί
595 282 626 311 ἐκ
650 282 778 322 καρδίας,
802 283 849 312 καὶ

49 325 193 365 ὁμολογίαν
210 327 244 356 ἐκ
266 325 406 364 στόματος.
428 325 582 366 Ἀναγκαῖον
607 327 634 356 δὶ
659 327 804 367 σαφηνίσαι
818 327 850 358 τὸ

52 371 127 413 ῥητὸν
144 370 337 410 πλατυτίρως,
366 370 413 408 τὸ,
442 384 457 397 ι
474 371 524 405 Τίς
551 371 716 408 ἀναϐήσεται
743 374 780 405 εἰς
806 372 848 402 τὸν

52 416 177 456 οὐρανόνς
196 429 210 442 ι
224 415 288 453 χαὶ,
305 430 317 442 ε
327 415 375 450 Τίς
390 415 574 452 καταϐήσεται
586 417 624 451 εἰς
639 416 687 452 τὴν
699 416 849 454 ἄϐυσσονν

53 461 114 491 Ἀπὸ
135 464 184 491 τοῦ
212 460 337 496 Μωσέως
366 460 492 497 εἴληπται
517 463 556 502 τῷ
581 462 734 501 Ἀποστόλῳ
757 463 848 498 νοηθὲν

52 505 117 535 κατὰ
129 506 178 542 τὴν
193 505 318 544 μεγάλην
333 506 413 536 αὐτοῦ
428 506 534 546 σοφίαν.
551 505 587 537 Ὁ
602 506 650 545 μὲν
665 506 716 547 γὰρ
734 508 847 544 Μωσῆς,

53 551 109 580 ὅσον
123 549 195 580 κατὰ
211 551 245 581 τὸ
259 551 387 591 γράμμα,
405 551 483 581 τοῦτό
494 551 520 570 ⁵⁵
535 562 614 592 φησιν
625 573 633 588 ,
649 550 739 592 ὅτιἮ
756 552 848 590 ἐντολὴ

53 598 94 626 τοῦ
114 597 188 626 Θεοῦ
212 595 267 636 πρὸ
289 597 434 636 ὀφθαλμῶν
452 607 494 626 σοι
508 596 535 615 ⁵⁸
559 600 661 635 χεῖται,
676 591 699 626 ὦ
722 596 848 634 Ἰουδαῖε,

53 640 94 670 καὶ
107 641 136 670 οὗ
153 641 194 670 δεῖ
210 652 243 670 σε
257 641 317 671 οὔτε
332 641 368 674 εἰς
387 641 430 670 τὸν
446 640 556 681 οὖρανὸν
572 641 704 678 ἀνελθεῖν,
717 639 762 671 ἵνα
778 641 847 672 ταύ-

53 697 96 721 την
110 685 190 726 εὕρῃς
206 697 214 705 -
230 684 292 715 οὔτε
312 686 348 719 εἰς
362 685 410 721 τὴν
426 684 542 716 ἄϐυσσον
558 687 708 720 κατελθεῖν,
722 685 767 715 ἴνα
783 685 848 716 ταύ-

52 741 96 765 την
117 729 207 771 λάϐῃς
220 741 228 748 ·
247 729 307 760 οὔτε
322 731 357 764 εἰς
377 729 412 759 τὰ
432 731 517 770 πέραν
532 732 579 767 τῆς
598 730 736 767 θαλάσσης
753 731 848 767 διαϐἧο

55 787 95 804 ναι
107 787 114 793 ·
125 776 186 804 ἄλλ’
203 773 283 815 ἐγγύς
295 775 342 805 σού
356 776 442 812 ἐστιν,
456 777 482 805 ἐν
498 777 536 815 τῷ
548 775 660 814 στόματί
680 787 745 810 σου.
761 776 807 806 χαὶ
821 776 848 806 ἐν

55 822 84 859 τῇ
99 820 203 860 διανοίᾳ
221 831 283 851 σου.
304 819 400 850 Πάντα
417 819 471 860 γὰρ
494 819 612 855 ὓπέδειξέ
629 831 672 850 σοι
686 821 700 850 6
721 819 790 855 Θεὸς
804 820 847 851 διὰ

55 867 97 894 τῶ
111 865 205 904 νόμον.
222 864 260 896 ⁸0
276 865 324 903 μὲν
340 860 384 895 οὖν
400 866 504 900 Μωσῆς
518 865 586 895 κατὰ
602 865 632 895 τὸ
646 865 759 905 γράμμα
775 865 847 896 οὕτω

56 910 120 941 δοκεῖ
145 914 232 940 ταῦτα
259 910 345 949 λέγειν
364 921 372 928 ·
399 911 414 938 6
441 909 468 940 δὲ
493 909 649 943 Ἀπόστολος
673 910 708 944 είς
737 910 850 950 Χριστὸν

56 957 134 984 ταῦτα
147 954 307 988 ἔξιλάϐετο·
322 954 455 990 τουτέστι,
473 954 522 989 Μὴ
538 954 677 994 διστάσῃς,
692 955 761 994 μηδὲ
775 955 852 996 εἴπῃς

56 1001 81 1029 ἐν
101 1001 133 1039 τῇ
156 999 263 1040 διανοίᾳ
280 1010 328 1030 σου
341 1011 349 1018 ο
368 1001 431 1033 Πῶς
446 1002 460 1029 ὁ
476 999 590 1038 Χριστὸς
609 1001 738 1035 “me”
753 1001 783 1030 ἐκ
797 1003 850 1030 τῶν

56 1045 183 1084 οὐρανῶν,
195 1044 242 1074 καὶ
257 1043 414 1084 ἰσαρκώθῃ
430 1042 462 1081 ἢ,
475 1045 537 1077 Πῶς
550 1043 689 1074 ἀποθανὼν
709 1044 804 1082 ἀνίστη
820 1046 850 1076 ἐκ

56 1091 98 1125 τῆς
112 1089 246 1126 ἀϐύσσου,
261 1089 380 1120 τουτέστι
389 1111 398 1126 ,
412 1090 464 1119 τῶν
479 1089 640 1120 κατωτάτων
655 1089 759 1127 τόπων;
780 1089 849 1120 ἀλλὰ

58 1134 205 1167 πίστευσον.
231 1134 276 1165 ὅτι
298 1135 414 1170 κατῆλθε
438 1134 597 1174 σαρκωθεὶς,
628 1133 674 1164 xui
701 1129 734 1164 αὖ
759 1135 850 1174 ταφεὶς

59 1181 164 1216 ἀνῆλθεν
180 1179 301 1214 ἀναστάς
315 1191 321 1198 ·
339 1180 354 1208 6
367 1179 436 1213 Θεὸς
457 1178 508 1219 γὰρ
527 1178 607 1208 αὐτὸν
630 1179 745 1219 ἤγειρεν.
760 1178 848 1210 Ὥστε

59 1224 98 1254 καὶ
119 1225 169 1255 ἀπὸ
194 1227 242 1254 τοῦ
264 1223 413 1266 ἀξιώματος
435 1227 482 1254 τοῦ
507 1223 656 1264 ἐγείραντος
673 1224 783 1255 δύνασαι
799 1226 849 1266 ρᾳ-

58 1269 113 1304 δίως
125 1272 281 1300 πιστεῦσαι.
297 1269 334 1300 Τί
352 1263 397 1299 οὖν
412 1269 438 1289 ⁵⁷
459 1268 552 1299 τούτου
573 1268 768 1309 εὐκολώτερον,
783 1263 846 1300 ὅταν

59 1314 82 1344 ἐν
104 1316 141 1354 τῷ
155 1314 274 1353 στόματί
298 1326 344 1345 σου
368 1314 432 1355 ἔχῃς
450 1314 497 1350 τὴν
516 1314 668 1355 σωτηρίως
690 1314 749 1345 ’Ίνα
764 1314 791 1344 δὲ
808 1313 846 1353 μὴ

60 1359 99 1388 διὰ
119 1359 149 1389 τὸ
172 1360 282 1390 εὔκολον
313 1358 376 1398 δόξῃ
401 1358 474 1393 ἄξιον
496 1359 721 1399 καταφρονήσεως
746 1359 777 1389 τὸ
798 1361 846 1396 τῆς

60 1403 162 1438 πίστεως
173 1407 289 1445 χρῆμα,
310 1404 455 1442 δείκνυσιν,
476 1404 518 1434 ὅτι
535 1404 582 1434 καὶ
657 1403 745 1435 πίστει
767 1406 846 1445 λογι-

61 1449 117 1487 σμοὶ
130 1449 254 1484 ἀπιστίας
270 1449 446 1486 ἆντίχεινται,
462 1450 509 1480 καὶ
531 1450 570 1479 δεῖ
584 1449 649 1489 πρὸς
664 1450 772 1484 τούτους
787 1461 846 1489 γεν-

60 1494 129 1528 ναίως
142 1493 280 1525 ἵστασθαι.
296 1493 344 1530 Μὴ
366 1494 442 1534 εἴπῃς
456 1494 521 1535 γὰρ,
540 1493 636 1535 φησὶν,
655 1495 682 1524 ἰν
748 1495 844 1536 καρδία

61 1550 101 1569 σου
114 1539 173 1570 τάδε
186 1539 231 1570 ιαὶ
246 1539 312 1569 τάδε
324 1551 331 1558 ·
357 1539 494 1578 τουτέστι,
519 1539 567 1575 Μὴ
585 1538 612 1559 ⁵⁸
627 1539 752 1580 ἐννοήσῃς
775 1540 844 1574 ὅλως

61 1584 209 1624 ἀμφιϐολίας
221 1597 249 1614 τι
262 1584 361 1623 νόημα.

98 1640 110 1658 ε
135 1630 236 1671 Καρδίᾳ
264 1629 312 1668 μὲν
335 1628 388 1669 γὰρ
415 1628 568 1660 πιστεύεται
595 1629 631 1662 εἰς
658 1628 843 1667 δικαιοσύνην,

62 1673 163 1712 στόματι
178 1674 206 1705 δὲ
229 1675 401 1715 ὁμολογεῖται
424 1675 461 1708 εἰς
480 1673 624 1715 σωτηρίαν.
643 1687 656 1702 v
680 1675 772 1704 Δεῖται
797 1674 843 1705 καὶ

62 1719 77 1753 ἡ
98 1719 186 1758 καρδία
206 1723 254 1750 τοῦ
277 1718 417 1758 στόματος.
450 1719 488 1750 Τί
513 1719 564 1759 γὰρ
588 1718 681 1759 ὄφελος
709 1719 843 1749 πιστεύειν

62 1763 121 1792 κατὰ
141 1764 244 1805 ψυχὴν,
271 1763 309 1803 μὴ
334 1765 472 1804 ὁμολογεῖν
497 1764 525 1794 δὲ
546 1763 656 1794 ἐνώπιον
683 1763 843 1803 ἂνθρώπωνς

63 1807 92 1838 Ἦ
108 1809 151 1846 μὲν
161 1809 212 1850 γὰρ
228 1808 301 1839 κατὰ
321 1809 438 1839 διάνοιαν
453 1809 542 1842 πίστις
561 1810 661 1839 δικαιοῖ
671 1821 677 1828 ·
692 1811 710 1845 ἡ
730 1809 759 1838 δὲ
773 1821 842 1839 ⁴ιταν-

63 1852 129 1889 τιλὴς
152 1854 272 1894 σωτηρία
303 1855 330 1884 ἐν
356 1855 390 1893 τῇ
413 1853 542 1896 ὁμολογίᾳ
571 1855 670 1884 κεῖται.
698 1853 768 1884 Τότε
791 1854 844 1895 γὰρ

63 1897 194 1937 διαλάμπει
208 1901 224 1935 ἡ
239 1898 341 1935 πίστις,
362 1899 408 1929 καὶ
423 1899 540 1932 πλείονες
560 1899 734 1938 ὠφελοῦνται.
750 1901 843 1929 Δεῑται

64 1941 140 1978 μέντοι
160 1944 203 1973 καὶ
224 1943 258 1973 τὸ
272 1943 361 1982 στόμα
381 1945 428 1980 ἧς
445 1944 564 1983 καρδίας.
593 1942 696 1974 Πολλοὶ
721 1943 769 1982 μὲν
789 1942 841 1984 γὰρ

63 1987 199 2027 ὁμολογοῦσι
211 1988 236 2008 ⁵³
254 1988 368 2028 στόματι
389 1988 505 2029 Χριστὸν
525 1987 583 2018 καθ’
598 1988 736 2029 ὑπόκρισιν
747 2000 754 2008 ο
779 1989 797 2025 ἡ
813 1989 841 2018 δὲ

64 2031 145 2070 καρδία
160 2034 245 2063 αὐτῶν
263 2034 353 2074 πόρῤω
370 2033 466 2074 ἀπέχει
481 2032 527 2062 ἀπ’
541 2034 632 2063 αὐτοῦ.

99 2089 109 2102 ι
121 2076 196 2116 Λέγει
209 2078 264 2118 γὰρ
286 2080 303 2114 ἡ
322 2078 426 2119 Γραφή·
443 2080 503 2112 Πᾶς
521 2079 535 2107 6
549 2077 682 2108 πιστεύων
702 2078 744 2108 ἐπ’
767 2078 840 2118 αὐτῷ

64 2121 88 2149 οὖ
99 2123 362 2163 καταισχυνθήσεται.
380 2124 422 2154 οὗ
436 2123 488 2164 γὰρ
500 2123 557 2153 ἔστι
569 2122 696 2159 διαστολὴ
709 2123 840 2153 Ἰουδαίου

65 2175 88 2194 τε
99 2166 140 2195 καὶ
150 2165 282 2205 Ἕλληνος
295 2180 303 2188 η
318 2169 332 2197 ὁ
346 2166 398 2209 γὰρ
412 2168 490 2202 αὐτὸς
511 2168 609 2208 Κύριος
621 2168 742 2204 πάντων,
757 2169 840 2198 πλου-

905 281 1052 311 fessionem
1070 290 1103 310 ex
1117 290 1171 311 ore.
1187 283 1378 312 Necessarium
1392 288 1487 312 autem
1505 289 1547 313 est
1568 285 1705 316 declarare

904 327 986 356 latius
1005 327 1080 364 quod
1093 327 1174 362 dixit,
1191 338 1204 353 «
1214 328 1283 363 Quis
1302 329 1434 357 ascendet
1447 329 1476 356 in
1491 330 1617 358 omium?
1633 342 1645 355 -
1666 336 1704 366 et,

906 384 919 397 ι
932 373 1000 408 Quis
1013 372 1164 402 descendet
1175 373 1204 401 in
1219 373 1369 410 abyssum?
1386 385 1398 399 υ
1410 375 1453 403 Ex
1463 375 1541 402 Moss
1555 374 1707 412 desumpsit

904 417 956 446 hoc
968 417 1132 454 Apostolus,
1147 426 1197 454 pro
1208 426 1307 454 magna
1319 427 1368 447 sua
1382 419 1516 455 sapientia
1527 419 1705 450 intellectum.

904 465 998 492 Moses
1011 470 1129 499 namque
1143 463 1234 499 quoad
1244 463 1363 492 litteram
1377 463 1450 492 hunc
1458 463 1492 493 ad
1506 464 1620 493 modum
1638 465 1706 494 illud

903 507 1005 536 effatus
1016 512 1058 537 est
1070 518 1077 536 :
1091 508 1254 537 Mandatum
1274 509 1323 537 Dei
1336 509 1372 537 ob
1384 510 1480 538 oculos
1495 513 1557 538 tuos
1583 510 1704 546 positum

903 557 955 587 est,
976 553 1087 588 Judaae;
1103 561 1192 590 neque
1212 561 1283 590 opus
1300 558 1341 582 est
1354 558 1382 583 te
1400 554 1429 582 in
1450 554 1555 583 coelum
1570 563 1705 584 conscen-

902 597 977 632 dere,
993 603 1024 626 ut
1037 598 1103 627 illud
1118 599 1240 627 invenias
1259 608 1266 626 :
1286 607 1375 635 neque
1393 599 1428 628 ad
1447 599 1577 635 abyssum
1589 599 1704 629 descen-

903 642 978 677 dere,
991 647 1022 671 ut
1033 643 1107 671 istud
1125 643 1254 680 accipias,
1268 651 1358 680 neque
1370 644 1442 672 ultra
1463 645 1551 672 maria
1565 645 1682 674 transire
1697 655 1702 673 :

901 687 951 716 sed
965 695 1050 724 prope
1059 692 1086 716 te
1095 693 1136 717 est
1151 688 1179 717 in
1193 696 1241 716 ore
1251 692 1310 724 tuo,
1325 693 1353 716 et
1371 688 1401 717 in
1415 693 1507 717 mente
1522 694 1576 717 tua.
1597 690 1703 719 Cuncta

901 733 976 760 enim
990 733 1154 762 monstravit
1175 733 1223 762 tibi
1239 735 1315 762 Deus
1338 741 1387 770 per
1400 734 1499 770 legem.
1515 735 1608 763 Moses
1622 735 1704 771 igitur

897 777 976 813 juxta
999 778 1117 806 litteram
1135 778 1193 807 haec
1212 777 1319 806 videtur
1343 779 1385 806 sic
1404 778 1497 807 dicere
1523 789 1529 806 :
1556 779 1704 815 Apostolus

901 826 995 851 autem
1005 822 1040 851 ad
1050 822 1189 851 Christum
1210 823 1256 851 illa
1269 823 1411 852 transtulit
1424 832 1431 851 :
1443 823 1496 852 hoc
1515 827 1571 857 est.
1590 825 1632 852 Ne
1646 824 1702 853 ba:-

900 867 980 901 sites,
998 875 1086 904 neque
1099 867 1174 896 dicas
1188 867 1214 896 in
1228 867 1312 896 corde
1323 873 1371 896 tuo
1388 878 1395 896 :
1415 868 1564 904 Quomodo
1577 868 1705 899 Christus

865 906 890 938 Β
906 913 1047 942 descendit
1065 921 1080 942 e
1101 913 1179 942 ctelis
1192 917 1220 942 et
1234 913 1390 942 incarnatus
1403 915 1462 942 est?
1476 918 1534 948 aut,
1555 915 1704 950 Quomodo

905 962 1042 992 mortuus,
1055 958 1202 986 resurrexit
1213 966 1247 986 ex
1258 958 1370 995 abysso,
1381 958 1434 986 hoc
1440 963 1481 986 est
1491 967 1523 986 ex
1535 959 1591 994 76
1601 959 1703 987 inﬁmis

904 1003 988 1031 locis?
1001 1003 1054 1031 Sed
1067 1003 1148 1031 crede
1166 1003 1240 1040 quod
1255 1007 1282 1031 et
1296 1003 1469 1031 descenderit
1479 1003 1650 1038 incarnatus,
1669 1011 1702 1031 ac

904 1048 1011 1076 tumulo
1033 1048 1162 1076 conditus
1182 1047 1297 1076 redierit
1319 1055 1466 1084 resurgam
1484 1052 1512 1076 et
1527 1048 1674 1077 suscitatus
1694 1059 1700 1076 :

903 1093 979 1120 Deus
997 1100 1118 1130 namque
1131 1093 1221 1129 ipsum
1242 1093 1392 1121 suscitavit.
1417 1093 1510 1128 Quare
1530 1097 1557 1121 et
1569 1101 1585 1121 a
1610 1093 1702 1130 digni-

902 1141 958 1166 tate
978 1141 1004 1165 et
1024 1137 1186 1166 auctoritate
1209 1137 1353 1166 excitantis
1376 1137 1455 1166 facile
1477 1142 1554 1174 potes
1577 1137 1699 1167 credere.

903 1183 977 1218 Quid
990 1183 1073 1218 igitur
1084 1182 1135 1211 hac
1148 1190 1178 1211 re
1198 1182 1315 1216 facilius,
1327 1190 1390 1210 cum
1406 1182 1434 1211 in
1457 1190 1505 1211 ore
1516 1187 1565 1212 tuo
1584 1183 1702 1212 salutem

901 1227 1020 1256 habeas?
1032 1229 1073 1256 Ne
1086 1231 1179 1256 autem
1188 1227 1224 1256 ob
1238 1227 1399 1256 facilitatem
1413 1231 1575 1264 contemptu
1587 1228 1701 1265 dignum

902 1272 1026 1301 videatur
1048 1272 1110 1300 ﬁdei
1131 1273 1284 1308 negotium,
1307 1272 1427 1300 ostendit
1446 1272 1642 1302 incredulitatis
1656 1281 1700 1302 ra-

899 1317 1088 1345 tiocinationes
1109 1321 1136 1345 et
1147 1317 1326 1353 cogitationes
1338 1325 1397 1346 esse
1412 1317 1453 1345 vel
1468 1317 1517 1353 ipsi
1536 1317 1599 1346 ﬁdei
1615 1326 1701 1354 oppo-

898 1362 978 1396 sitas,
997 1362 1090 1398 eisque
1105 1361 1215 1390 fortiter
1235 1361 1429 1390 resistendum.
1452 1363 1494 1390 Ne
1512 1361 1589 1390 dicas
1609 1363 1700 1397 enim,

900 1405 1003 1442 inquit,
1025 1406 1053 1434 in
1077 1406 1160 1435 corde
1181 1410 1230 1435 tuo
1245 1406 1306 1435 haec
1328 1406 1372 1434 vel
1386 1406 1441 1440 illa,
1463 1406 1516 1435 hoc
1529 1412 1572 1436 est
1596 1408 1700 1436 nullam

900 1451 1013 1479 omnino
1029 1451 1191 1481 buitantiaa
1212 1451 1407 1488 cogitationem
1423 1451 1451 1480 in
1464 1452 1591 1481 animum
1617 1451 1700 1481 indu-

899 1502 945 1524 cas
953 1499 1044 1524 tuum.

933 1632 1029 1661 Vna.
1047 1635 1090 1660 to.
1108 1642 1122 1656 ι
1138 1631 1227 1661 Corde
1240 1639 1363 1669 namque
1375 1632 1496 1661 creditur
1508 1632 1543 1661 ad
1551 1633 1698 1669 justitiam,

898 1683 945 1704 ore
959 1681 1052 1706 autem
1068 1676 1101 1705 ﬁt
1113 1677 1250 1705 confessio
1261 1677 1295 1705 ad
1307 1678 1432 1706 salutem.
1451 1689 1464 1702 ν
1475 1678 1530 1706 Cor
1541 1678 1632 1714 ipsum
1651 1685 1700 1706 ore

898 1721 1008 1758 indiget.
1019 1722 1092 1757 Quid
1101 1723 1177 1750 enim
1187 1721 1298 1758 prodest
1306 1723 1417 1750 credere
1427 1723 1539 1759 quidem
1554 1723 1581 1750 in
1591 1722 1696 1757 animo,

896 1774 953 1794 non
966 1767 1090 1795 conﬁteri
1105 1771 1196 1794 autem
1206 1774 1301 1795 coram
1324 1767 1499 1796 hominibus?
1524 1767 1605 1796 Fides
1620 1767 1696 1796 enim

897 1811 998 1839 mentis
1015 1811 1148 1848 justiﬁcat
1169 1811 1298 1848 quidem;
1326 1816 1458 1840 ceterum
1483 1812 1601 1847 perfecta
1624 1812 1698 1840 salus

897 1855 924 1884 in
945 1855 1119 1884 confessione
1142 1856 1192 1884 sita
1216 1859 1267 1883 est.
1286 1857 1358 1883 Tum
1380 1856 1454 1883 enim
1480 1856 1596 1891 effulget
1616 1856 1697 1890 ﬁdes,

896 1900 1019 1937 adeoque
1037 1901 1131 1936 plures
1144 1900 1320 1936 adjuvantur.
1330 1902 1398 1937 Eget
1412 1904 1505 1928 autem
1517 1904 1545 1928 et
1558 1908 1590 1928 os
1605 1901 1697 1936 ipsum

896 1945 989 1974 corde.
1015 1944 1156 1982 Siquidem
1183 1945 1264 1973 multi
1285 1952 1333 1973 ore
1360 1945 1525 1973 conﬁtentur
1553 1944 1694 1974 Christum

896 1998 945 2026 per
957 1989 1137 2027 hypocrisim,
1159 1989 1244 2018 corde
1257 1989 1340 2026 longe
1351 1989 1387 2018 ab
1398 1997 1431 2018 eo
1443 1989 1542 2018 dissiti.

929 2086 1020 2114 νεεδ.
1042 2086 1133 2113 11-13.
1147 2095 1160 2108 α
1177 2083 1250 2112 Dicit
1262 2084 1339 2113 enim
1350 2084 1490 2120 Scriptura
1510 2093 1518 2112 :
1539 2083 1639 2113 Omnis
1648 2085 1695 2121 qui

894 2130 981 2158 credit
993 2130 1023 2158 in
1046 2129 1151 2166 ipsum,
1168 2137 1224 2157 non
1247 2129 1430 2158 confundetur
1456 2149 1464 2157 .
1478 2130 1543 2158 Non
1566 2129 1640 2158 enim
1655 2133 1698 2158 est

893 2174 1036 2204 distinctio
1060 2174 1151 2203 Judaai
1171 2178 1198 2203 et
1219 2174 1311 2203 Graeci
1334 2183 1341 2202 :
1367 2173 1440 2202 idem
1462 2174 1537 2202 enim
1559 2175 1697 2203 Dominus

65 2211 109 2264 :5:
120 2212 157 2264 εἰς
168 2213 269 2246 πάντας
283 2211 342 2246 τοὺς
356 2212 579 2264 ἐπιξαλουμένους
597 2213 690 2243 αὐτόν.
707 2214 768 2264 Πᾶς
788 2212 839 2253 γὰρ
853 2233 855 2237 ς

931 2220 1033 2252 inium.
1048 2219 1124 2247 dives
1139 2219 1166 2247 in
1181 2227 1276 2247 omnes
1291 2219 1337 2255 qui
1353 2219 1483 2247 invocant
1498 2219 1585 2247 illum.
1601 2219 1696 2247 Omnis

66 2252 125 2300 6i“
146 2257 334 2295 ἐπικαλέσηται
347 2258 379 2287 τὸ
397 2257 481 2296 ὄνομα
507 2257 620 2298 Κυρίου,
643 2257 804 2294 σωθήσεται.
821 2252 836 2286 τι

931 2264 966 2292 im
980 2264 1026 2300 qui
1042 2263 1210 2292 invocaverit
1222 2252 1324 2292 nomen
1339 2263 1449 2292 Domini
1465 2263 1556 2291 salvus
1586 2263 1639 2291 erit
1653 2271 1660 2288 ε
1681 2275 1694 2288 ι

69 2293 153 2338 Εἶπεν,
171 2301 210 2331 ὅτι
225 2293 333 2344 Καρδίᾳ
356 2293 526 2340 πιστειίεται,
549 2293 594 2332 iui
609 2293 723 2342 στόματι
741 2303 838 2342 ὁμολο-

67 2348 137 2389 γιῑται
149 2357 156 2364 ·
171 2347 215 2376 χαὶ
235 2348 352 2388 παράγει
373 2347 426 2378 ἀπὸ
442 2349 488 2384 sic
503 2348 613 2389 Γραφῆς
634 2348 777 2388 μαρτυρίας
793 2348 838 2378 καὶ

65 2388 102 2423 τῆς
119 2389 225 2426 πίστεως
250 2393 296 2422 καὶ
318 2394 366 2429 τῆς
389 2393 549 2432 ὁμολογίας,
578 2392 638 2429 ἤτοι
663 2395 709 2428 τῆς
725 2392 838 2429 ἐπικλή-

67 2442 129 2478 σεως.
143 2436 187 2476 Τῷ
202 2436 248 2475 μὲν
262 2437 314 2478 γὰρ
329 2438 426 2474 εἰπεῖν,
450 2448 465 2467 α
482 2439 541 2472 Πᾶς
563 2439 577 2468 ὁ
595 2438 728 2468 πιστεύων
739 2460 747 2475 ,
764 2451 777 2464 ιι
789 2438 837 2475 τὴν

67 2476 139 2508 πίστιν
152 2481 282 2518 ἐδήλωσε,
301 2476 340 2512 ’δι’
363 2478 395 2518 ἧς
419 2483 600 2522 διχαιούμενος
623 2482 671 2520 μὲν
695 2483 724 2513 οὔ
739 2495 838 2513 καται-

68 2524 220 2568 inmitius-at
232 2527 266 2546 ⁸ο·
281 2529 318 2568 τῷ
333 2526 377 2563 δὲ,
395 2541 407 2555 ιι
422 2527 474 2562 ⁸ος
489 2529 520 2557 ἂν
534 2528 741 2565 ἔπιχαλέσηται,
762 2542 774 2555 1
790 2529 838 2565 τὴν

68 2566 204 2614 ξμολογίαν,
223 2571 280 2608 ἥτις
294 2566 429 2614 σωτηρίαν
453 2573 602 2613 ἐργάζεται.
631 2575 689 2607 Πᾶς
703 2569 765 2610 οὖν,
788 2574 838 2604 κᾶν

69 2607 186 2660 idem,
257 2607 381 2655 "sum,
395 2607 484 2652 δεκτὸς
490 2607 568 2659 παρὰ
582 2619 620 2659 τῷ
633 2619 705 2659 Θεῷ.
716 2632 728 2646 ι
742 2607 775 2649 Ὁ
787 2619 838 2660 γὰρ

71 2655 132 2691 αὐτὸς
152 2660 242 2700 Κύριος
263 2662 383 2701 πάντων,
400 2665 524 2693 πλουτῶν
536 2655 574 2696 εἰς
589 2655 690 2698 πάντας
703 2662 763 2697 τοὺς
780 2655 838 2693 lim;

105 2707 165 2736 'lsa.
177 2717 288 2747 sum,
299 2714 344 2741 16.
392 2713 479 2741 *Joel.
490 2720 526 2747 ιι,
541 2715 586 2742 32.

891 2309 979 2338 Corde
993 2308 1079 2343 credi,
1095 2316 1142 2337 ore
1155 2316 1220 2337 vero
1233 2307 1437 2337 confessionem
1453 2308 1512 2336 ﬁeri
1528 2307 1612 2342 dixit;
1631 2315 1695 2344 pro-

892 2353 969 2382 ducit
982 2353 1072 2390 itaque
1085 2361 1101 2381 a
1121 2353 1262 2389 Scriptura
1278 2353 1436 2382 testimonia
1459 2357 1522 2381 tum
1544 2352 1618 2389 ﬁdei,
1635 2356 1695 2382 tum

892 2398 1070 2428 confessionis
1105 2398 1162 2426 sive
1185 2398 1377 2427 invocationis.
1407 2399 1477 2427 Cum
1508 2398 1582 2427 enim
1615 2398 1693 2434 dicit,

895 2443 1018 2472 «Omnis
1032 2443 1078 2480 qui
1095 2443 1197 2478 credit,
1220 2455 1232 2468 ιι
1250 2443 1334 2472 ﬁdem
1349 2443 1536 2478 denuntiavit,
1552 2451 1600 2480 per
1611 2451 1694 2480 quam

888 2488 1054 2526 justiﬁcatus
1068 2496 1123 2516 non
1138 2488 1266 2524 pudeﬁet.
1281 2490 1318 2516 At
1332 2496 1395 2516 cum
1407 2488 1511 2523 subdit,
1530 2499 1544 2515 ιι
1564 2488 1695 2525 Quisquis

893 2528 1076 2568 invocaverit,
1102 2544 1116 2558 ι
1139 2533 1344 2562 confessionem
1371 2534 1478 2568 innuit,
1497 2541 1560 2570 quae
1578 2534 1695 2562 salutem

892 2584 1029 2616 operatur.
1041 2579 1141 2608 Omnis
1151 2579 1260 2614 itaque,
1275 2579 1332 2607 sive
1346 2579 1460 2608 Judazus
1470 2600 1480 2615 ,
1495 2579 1552 2607 sive
1566 2579 1694 2613 Graecus,

892 2625 952 2652 Deo
967 2628 1062 2661 gratus
1074 2628 1256 2660 acceptusque
1272 2628 1323 2652 est.
1343 2636 1356 2649 ι
1370 2624 1449 2653 idem
1468 2624 1542 2652 enim
1558 2623 1694 2651 Dominus

892 2668 1036 2705 omnium,
1056 2668 1134 2698 dives
1152 2669 1182 2698 in
1196 2676 1295 2698 omnes
1309 2669 1356 2706 qui
1371 2669 1500 2698 invocant
1519 2675 1596 2703 eum,
1613 2678 1626 2692 υ
1641 2667 1694 2696 hoc

745 2749 837 2780 Varia:
857 2750 1011 2781 lectiones.

98 2784 196 2831 “ﬁt”:
215 2799 254 2820 In.
287 2792 311 2812 ⁸⁸
330 2802 376 2820 σου
393 2801 423 2822 ο.
459 2793 481 2812 ⁸⁷
500 2794 525 2821 τί
539 2793 588 2830 γὰρ
611 2791 641 2828 ἦν
663 2801 690 2823 ο.
728 2794 750 2812 ⁵⁸
770 2794 833 2831 μηδὲ
851 2803 878 2824 o.
910 2794 934 2813 "
948 2794 1042 2822 πολλοὶ
1059 2794 1165 2830 στόματι
1186 2794 1231 2831 μὶν
1253 2794 1303 2831 γὰρ
1318 2793 1364 2831 ὀμ.
1378 2794 1424 2831 Χρ.
1447 2802 1474 2823 o.
1512 2793 1534 2811 ⁸ο
1552 2792 1581 2820 οὒ
1604 2802 1692 2821 καται-

74 2826 191 2861 σιννῦήσον
202 2831 227 2859 δὲ
239 2839 265 2861 o.
