1901 3077
202 167 254 195 479

667 166 930 195 THEOPHYLACTI
951 165 1131 194 BULGABIA‘I
1151 165 1308 194 ARCHIEP.
1814 166 1854 194 480

199 234 241 259 est
255 229 362 259 divitias
371 229 400 258 in
413 229 457 258 his
473 229 592 264 habens,
614 229 644 257 in
663 230 720 264 his,
740 230 869 265 inquam,
891 228 936 266 qui
953 229 992 257 in-

1068 228 1226 268 αλουμένους
1242 228 1330 257 αὐτόν·
1353 228 1489 265 τουτέστι,
1506 227 1558 258 τὸν
1584 229 1708 258 πλοῦτον
1727 229 1753 257 ἐν
1772 227 1857 262 τούτοις

197 275 355 303 vocaverint
376 274 467 310 ipsum
486 283 493 301 :
515 273 627 310 perinde
654 282 687 302 ac
708 274 732 302 si
753 274 814 310 quis
833 274 921 307 dicat,
939 275 998 302 Rex

198 320 251 348 iste
277 319 354 348 dives
379 323 422 347 est
439 319 497 347 auri
522 323 551 347 et
571 319 685 355 argenti.
710 319 828 347 Proinde
849 319 872 347 si
893 318 1001 346 divitias

198 365 283 393 habet
292 364 367 400 ipsos
374 363 518 392 credentes
526 385 533 398 ,
547 372 583 392 ne
593 363 764 399 despondeas
776 363 913 398 animum,
925 363 1001 400 quasi

197 409 268 437 adeo
287 408 423 445 peccatis,
442 413 474 436 ut
494 408 545 436 tibi
558 408 710 437 condonari
722 412 854 444 nequeat.
872 409 944 437 Nam
957 416 1002 436 su‘

198 453 292 490 scipiet
310 457 349 487 te.
364 457 396 482 ut
409 457 435 481 te
450 457 557 489 partem
571 453 730 481 divitiarum
752 460 866 482 suarum
889 452 1001 481 efﬁciat.

235 499 327 527 Vsus.
354 501 400 532 14,
426 501 470 526 15.
499 509 511 522 κ
533 498 679 533 Quomodo
698 505 764 534 ergo
778 498 955 532 invocabunt,
977 498 1003 525 in

198 551 283 580 quem
293 551 350 571 non
359 542 555 572 crediderunt?
565 542 711 578 Quomodo
727 547 822 571 autem
836 542 950 571 credent
962 543 986 570 ci
998 562 1004 574 ,

199 595 282 624 quem
296 596 354 616 non
375 588 541 617 audierunt?
563 587 709 623 Quomodo
731 595 796 616 vero
818 588 932 616 audient
949 588 1007 615 sine

200 632 387 669 praedicante?
399 633 546 669 Quomodo
559 637 655 662 autem
667 633 865 669 praedicabunt,
883 632 933 661 nisi
944 633 1007 660 mit.

203 680 318 706 tantur?
334 678 406 706 sicut
419 678 550 714 scriptum
566 682 605 706 est
626 683 639 699 π
659 687 665 705 :
685 678 777 712 Quam
795 677 910 713 speciosi
926 676 1008 713 pedes

201 722 446 759 evangelizantium
478 730 590 759 pacem,
614 723 863 759 evangelizantium
884 722 975 750 bona?
995 733 1007 746 ι

201 768 288 803 Supra
306 767 390 801 dixit,
407 779 420 792 α
437 767 535 795 Omnis
559 767 604 803 qui
628 767 796 795 invocaverit
822 775 926 794 nomen
948 768 1006 794 Do-

201 812 285 846 mini,
301 812 392 840 salvus
405 812 459 840 erit
484 821 491 840 :
503 822 517 839 »
539 820 614 840 nunc
628 811 742 840 Judmos
755 812 845 848 arguit
866 816 894 839 et
908 819 1005 847 repre-

200 856 296 884 hendit
316 856 390 892 quod
404 864 461 884 non
485 856 684 885 invocaverint.
707 857 799 891 Quare
829 859 922 884 autem
951 864 1007 884 non

1052 275 1135 314 ἔχων,
1153 275 1207 307 τοῖς
1225 273 1441 313 ἐπικαλουμένοις
1461 273 1554 303 αὖτόν·
1582 272 1682 314 ὥσπερ
1697 272 1764 307 εἴτις
1778 273 1856 303 εἶπον

1052 317 1087 349 Ὁ
1103 318 1226 359 βασιλεὺς
1241 320 1348 348 πλουτεῖ
1363 319 1399 352 εἷς
1413 318 1522 358 χρυσίον
1541 318 1594 348 καὶ
1612 318 1753 359 ἀργύριον.
1783 317 1858 348 Ὥστε

1054 364 1111 393 ἐπεὶ
1124 365 1236 393 πλοῦτον
1258 363 1313 403 ἔχει
1327 362 1389 396 τοὺς
1402 363 1585 396 πιστεύοντας
1596 387 1606 402 ,
1631 362 1672 401 μὴ
1691 364 1810 402 ἀπογνῷς
1832 366 1860 393 ὡς

1056 408 1231 448 ἀσύγγνωστα
1254 407 1421 448 ἡμαρτηκὼς
1435 420 1441 426 ·
1472 407 1663 448 προσδέξεται
1691 407 1744 447 γάρ
1759 419 1804 444 σε,
1824 407 1859 436 ἵνα

1055 453 1102 483 καὶ
1114 453 1144 482 σὲ
1156 453 1232 493 μέρος
1247 457 1291 483 τοῦ
1304 452 1401 482 οἰκείου
1416 453 1531 483 πλούτου
1546 453 1716 489 ποιήσηται.

1099 511 1110 524 α
1127 499 1191 531 Πῶς
1214 493 1258 527 οὖν
1283 496 1487 527 ἐπικαλέσονται
1503 499 1542 531 εἰς
1564 497 1597 527 ὃν
1614 498 1666 526 οὐκ
1694 497 1859 533 ἐπίστευσα-η

1058 544 1114 576 πῶς
1130 543 1157 573 δὲ
1172 542 1357 572 πιστεύσουσιν
1372 538 1403 572 οὗ
1427 544 1475 572 οὖκ
1499 542 1644 579 ἤκουσαν;
1673 544 1733 575 πῶς
1747 542 1774 571 δὲ
1790 542 1858 571 amo.

1061 599 1136 617 σουσι
1159 588 1240 627 χωρὶς
1261 586 1453 628 κηρύσσοντος
1476 588 1534 621 πῶς
1565 586 1597 616 δὲ
1619 585 1802 626 κηρύξουσιν,
1825 585 1861 614 ἐὰν

1062 632 1099 670 μὴ
1127 632 1314 669 dicandam;
1342 631 1429 666 καθὼς
1451 631 1611 671 γέγραπται
1626 643 1634 650 ·
1652 630 1702 664 (Ως
1729 632 1819 672 ὡραῖοι
1841 632 1859 660 οἱ

1061 677 1140 710 πόδες
1155 678 1207 706 τῶν
1232 677 1474 717 εὐαγγελιζομένων
1497 676 1630 717 εἰρήνην,
1656 678 1712 706 τῶν
1738 676 1859 714 εὖαγγελι-

1062 721 1177 758 ζομένων
1192 721 1227 750 τὰ
1242 721 1342 760 ἀγαθάῐ
1363 735 1376 747 ι
1402 716 1485 752 Εἶπεν
1507 716 1586 757 ἀνω,
1603 721 1649 750 ὅτι
1675 731 1691 750 α
1708 722 1768 754 Πᾶς
1781 719 1808 754 ὃς
1823 720 1858 749 ἐὰν

1063 765 1269 802 ἐπικαλέσηται,
1287 766 1449 802 σωθήσεταν
1462 779 1474 792 υ
1489 770 1644 805 κατηγορεῖ
1657 767 1706 795 νῦν
1716 765 1804 794 λοιπὸν
1817 766 1858 793 τῶν

1064 810 1217 850 Ἰουδαίων,
1243 812 1279 844 ὡς
1304 810 1342 848 μὴ
1367 810 1623 849 ἐπικαλεσαμένων.
1651 810 1706 840 Διὰ
1732 809 1759 838 τί
1778 809 1804 839 δὲ
1821 810 1857 838 οὐκ

1063 854 1258 885 ἐπεκαλέσαντο
1265 865 1274 893 ;
1301 855 1376 885 Διότι
1397 856 1444 885 οὐκ
1469 855 1650 885 ἓπίστευσαν,
1670 854 1724 885 Διὰ
1741 853 1767 884 τί
1783 853 1808 883 δὲ
1822 854 1858 882 οὐκ

200 901 411 929 invocaverunt?
434 901 487 936 77
507 901 576 935 Quia
600 909 657 929 non
683 900 873 929 crediderunt.
908 901 1000 935 Quare

1068 899 1234 938 ἓπίστευσανς
1253 899 1290 938 μὴ
1308 900 1374 929 διότι
1399 901 1447 929 οὐκ
1470 899 1612 937 ἤκουσαν;
1633 899 1693 930 Καὶ
1711 898 1765 937 μὴν
1788 898 1856 934 ἤκου-

203 949 297 974 autem
317 953 374 973 non
394 945 586 974 crediderunt?
606 946 681 974 Num
700 945 764 973 ideo
780 945 842 981 quia
857 953 913 973 non
929 945 1007 973 audi-

203 991 320 1018 verunt?
342 991 426 1026 Atqui
447 990 619 1018 audiverunt.
638 991 711 1018 Hinc
723 991 849 1027 sequitur
867 990 983 1026 objectio
998 999 1004 1017 :

205 1036 243 1063 At
253 1035 394 1071 quomodo
412 1035 471 1063 sine
484 1035 649 1071 praedicante
660 1035 755 1063 audire
773 1037 942 1071 potuerunt?
955 1036 992 1063 Cu
997 1039 1007 1067 ί

201 1080 325 1115 protinus
338 1079 466 1115 adjicitur
494 1079 592 1108 dilutio
617 1089 624 1108 :
650 1080 736 1115 Atqui
759 1079 955 1116 praedicarunt,
980 1082 1006 1107 et

200 1124 277 1152 missi
297 1128 363 1152 sunt
378 1124 412 1153 ad
431 1132 478 1152 eos
497 1132 552 1152 non
569 1124 658 1161 pauci.
682 1126 716 1152 Et
741 1124 812 1152 unde
832 1124 1006 1160 perspicuum

201 1173 244 1197 est
254 1176 301 1197 eos
313 1176 372 1197 esse
385 1169 447 1197 illos
460 1169 508 1204 qui
524 1169 578 1197 sint
590 1169 665 1197 missi
676 1171 687 1198 ἲ
704 1169 745 1197 Ad
761 1168 844 1205 hujus
856 1168 1004 1196 conﬁrma-

200 1213 307 1242 tionem
322 1213 425 1249 proi'ert
438 1222 503 1241 ane
516 1213 683 1250 prophetam
698 1214 836 1242 dicentem
858 1224 863 1241 :
882 1225 895 1238 ι
917 1214 1006 1248 Quam

199 1258 315 1294 speciosi
328 1257 409 1295 pedes
418 1258 660 1294 evangelizantium
674 1266 785 1294 pacem,
813 1258 1007 1294 evangelizan-

199 1303 270 1331 tium
287 1303 373 1331 bona!
387 1314 400 1330 »
415 1303 487 1332 Nihil
499 1304 574 1331 enim
584 1303 659 1332 aliud
673 1304 877 1332 circumeuntes
887 1303 1009 1339 apostoli

198 1348 393 1383 enuntiarunt,
412 1356 497 1384 quam
524 1348 671 1376 ineffabilia
687 1348 774 1383 bona,
797 1348 899 1384 Deique
918 1348 1006 1376 homi-

197 1393 279 1420 nibus
305 1393 537 1421 communicatam
567 1393 741 1429 oblatamque
775 1400 882 1428 pacem.
916 1393 1006 1428 Quare

198 1437 273 1473 quod
294 1446 350 1465 non
373 1437 560 1471 crediderunt,
585 1437 667 1473 culpa
693 1441 735 1465 est
759 1445 855 1465 eorum
880 1437 926 1474 qui
951 1445 1006 1465 non

199 1486 381 1518 susceperunt
394 1481 587 1518 praedicantes.

234 1527 322 1555 Vens.
340 1530 382 1555 l6.
399 1538 412 1551 α
433 1526 487 1555 Sed
500 1534 556 1554 non
579 1533 677 1554 omnes
699 1525 818 1554 credunt
832 1525 979 1562 Evangelia
995 1536 1000 1554 :
1017 1530 1040 1562 (ι

200 1570 284 1599 Isaias
304 1571 379 1598 enim
403 1570 471 1599 dicit
494 1581 500 1599 :
523 1570 652 1602 Domine.
674 1570 736 1606 quis
757 1569 873 1598 credidit
897 1569 1002 1598 auditui

201 1616 319 1643 nostro?
345 1626 358 1639 η
377 1614 448 1651 Quia
469 1615 591 1649 dixerat.
617 1615 835 1651 evangelizantes
853 1615 921 1643 istos
939 1623 1001 1651 pro-

202 1659 292 1696 phetae
309 1659 503 1688 testimonium
519 1659 620 1688 habere
634 1659 708 1696 quod
727 1668 742 1688 a
758 1661 818 1688 Deo
838 1664 946 1694 essent,
969 1668 1002 1687 ne

201 1703 262 1740 quis
277 1703 350 1732 dicat
368 1713 374 1732 :
391 1703 472 1740 Quod
486 1704 509 1732 si
522 1712 537 1732 a
552 1705 611 1732 Deo
625 1703 748 1739 fuerunt,
762 1711 860 1732 omnes
875 1703 929 1732 illis
950 1704 1001 1732 ob-

202 1753 356 1784 temperare
375 1749 455 1785 plane
473 1749 595 1785 oportuit
617 1759 624 1777 :
650 1749 759 1783 asserit,
791 1756 889 1777 omnes
909 1756 1002 1777 revera

202 1793 351 1829 Evangelio
368 1801 424 1822 non
443 1801 502 1822 esse
523 1794 686 1828 obsecutos;
709 1802 743 1822 ex
765 1801 799 1822 eo
817 1798 912 1822 tamen
933 1793 1001 1822 nihil

202 1845 313 1874 prorsu
349 1837 506 1867 labefactari
537 1839 627 1875 ipsam
652 1838 807 1867 veritatem.
837 1839 900 1867 Hoc
927 1838 1002 1867 enim

202 1883 294 1920 ipsum
309 1883 368 1920 jam
398 1883 466 1913 olim
492 1888 556 1913 ante
577 1885 680 1913 multos
702 1892 790 1913 annos
813 1884 896 1913 Isaias
918 1883 1002 1917 dixit,

204 1940 216 1953 α
233 1928 316 1964 Quis,
337 1929 479 1966 inquien,
499 1929 620 1958 credidit
633 1929 740 1958 auditui
757 1931 872 1957 nostro?
887 1940 900 1953 ιι
913 1928 1004 1963 Quis?

202 1981 263 2010 pro,
279 1974 357 2007 Rari,
372 1974 483 2010 ponitur
508 1974 562 2003 hoc
582 1975 646 2003 loco
667 1983 674 2002 :
695 1974 724 2003 id
740 1978 793 2006 est,
809 1973 893 2002 Pauci
911 1973 1001 2002 credi—

202 2018 305 2047 derunt
318 2018 421 2047 auditui
433 2023 539 2047 nostro.

238 2064 331 2091 Vnus.
346 2065 391 2091 17.
417 2075 430 2088 α
445 2063 526 2092 Fides
546 2063 639 2099 itaque
660 2070 693 2090 ex
707 2061 801 2090 auditu
823 2066 878 2096 est;
894 2062 1003 2091 auditus

200 2111 295 2135 autem
310 2115 358 2143 per
371 2109 487 2137 verbum
505 2107 567 2136 Dei.
585 2119 599 2133 ››
622 2107 694 2136 Cum
711 2105 930 2142 praecedentibus
944 2106 1003 2135 haec

1061 955 1120 974 σαν.
1152 940 1220 975 Εἶτα
1244 944 1372 977 ἀντίθεσις
1392 956 1399 963 ·
1429 944 1485 975 Καὶ
1505 946 1565 978 πῶς
1590 943 1732 980 ἠδύναντο
1756 945 1854 973 ἀκοῦσαι

1060 989 1143 1030 χωρὶς
1171 989 1364 1029 κηρύσσοντος;
1392 984 1461 1019 Εἶτα
1488 989 1572 1019 πάλιν
1606 989 1707 1022 λύσις·
1736 988 1789 1019 Καὶ
1814 987 1855 1025 μὴν

1060 1034 1206 1074 ἐκήρυξαν,
1231 1034 1278 1063 καὶ
1295 1034 1486 1070 ἀπεστάλησαν
1511 1035 1546 1066 εἷς
1565 1033 1668 1066 αὐτοὺς
1689 1032 1795 1062 πολλοί.
1812 1032 1856 1062 Καὶ

1060 1078 1138 1108 πόθεν
1154 1079 1249 1117 δῆλον,
1266 1078 1306 1109 ὅτι
1321 1074 1393 1107 οῖτοί
1408 1079 1473 1107 εἰσιν
1488 1079 1588 1108 ἐκεῖνοι
1606 1079 1632 1108 οἱ
1649 1076 1853 1111 ἀποσταλέντε‹;

1060 1123 1129 1153 Τότε
1145 1123 1167 1143 ⁶⁴
1199 1123 1231 1159 δὴ
1252 1123 1342 1153 λοιπὸν
1362 1123 1462 1161 εἰσάγει
1484 1123 1528 1152 τὸν
1556 1123 1704 1164 προφήτην
1732 1121 1853 1160 λέγοντα’

1061 1181 1074 1194 ι
1092 1167 1139 1201 Ὡς
1154 1169 1247 1208 ὡραῖοι
1262 1169 1286 1198 οἱ
1303 1168 1382 1201 πόδες
1400 1168 1452 1196 τῶν
1475 1167 1729 1207 εὐαγγελιζομένων
1745 1165 1853 1205 εἰρήνην,

1061 1214 1112 1242 τῶν
1138 1212 1377 1252 εὐαγγελιζομένων
1393 1211 1426 1241 τὰ
1452 1213 1556 1250 ἀγαθάῐ
1591 1226 1604 1239 ιι
1621 1212 1712 1243 Οὐδὲν
1731 1211 1781 1250 γὰρ
1800 1209 1854 1239 ἄλλο

1061 1257 1204 1297 περιῄεσαν
1231 1259 1255 1287 οἱ
1279 1257 1423 1287 ἀπόστολοι
1440 1256 1579 1295 λέγοντες,
1606 1258 1670 1286 ἀλλ’
1694 1255 1712 1292 ἢ
1727 1255 1761 1285 τὰ
1780 1254 1853 1294 ἀπόῤ-

1062 1304 1129 1341 ῥητα
1147 1302 1247 1342 ἀγαθὰ,
1261 1303 1306 1332 καὶ
1322 1301 1369 1338 τὴν
1384 1303 1430 1331 τοῦ
1445 1302 1517 1331 Θεοῦ
1533 1302 1604 1342 πρὸς
1619 1300 1776 1341 ἀνθρώπους
1789 1310 1853 1338 γενο-

1062 1346 1144 1384 μένην
1173 1348 1289 1388 εἶρήνην.
1313 1346 1404 1377 Ὥστε
1427 1346 1458 1376 τὸ
1484 1346 1521 1385 μὴ
1548 1349 1718 1380 πιστεῦσαι,
1745 1344 1851 1384 ἔγκλημα

1061 1391 1182 1429 ἐκείνων,
1195 1394 1247 1422 τῶν
1258 1391 1296 1431 μὴ
1309 1389 1533 1432 παραδεξαμένων
1548 1391 1613 1426 τοὺς
1628 1390 1817 1431 κηρύσσοντας.

1097 1540 1110 1554 ει
1137 1527 1208 1557 Ἀλλ’
1235 1528 1265 1557 οὗ
1294 1527 1391 1562 πάντες
1417 1527 1573 1563 ὑπήκουσαν
1613 1528 1653 1567 τῷ
1689 1525 1847 1565 Εὖαγγελίιρ.

1058 1570 1172 1605 Ἡσαΐας
1199 1572 1250 1612 γὰρ
1267 1572 1337 1611 λέγει
1361 1584 1367 1591 ·
1383 1572 1479 1613 Κύριε,
1503 1572 1543 1606 τίς
1560 1572 1707 1602 ἐπίστευσε
1731 1572 1765 1609 τῇ
1789 1570 1846 1606 ἀκοῇ

1057 1618 1150 1655 ἡμῶν;
1184 1628 1198 1645 r
1230 1616 1342 1653 Ἐπειδὴ
1371 1612 1457 1653 εἶπεν,
1485 1616 1525 1646 ὅτι
1565 1618 1591 1646 οἱ
1629 1613 1846 1655 εὐαγγελιζόμενοι

1056 1660 1132 1701 παρὰ
1149 1664 1193 1690 τοῦ
1210 1663 1345 1702 προφήτου
1360 1662 1582 1702 ἐμαρτυρήθησαν
1598 1663 1638 1702 ὡς
1658 1660 1745 1690 θεόθεν
1767 1657 1845 1689 ὄντες·

1055 1704 1099 1734 ἵνα
1113 1705 1203 1744 μήτις
1218 1701 1281 1746 εἴπῄ
1296 1716 1303 1724 ·
1323 1706 1377 1736 Καὶ
1398 1705 1451 1745 μὴν
1473 1707 1496 1736 εἰ
1516 1706 1605 1736 θεόθεν
1621 1701 1708 1742 ἦσαν,
1725 1703 1776 1734 ἔδει
1789 1702 1844 1730 πάν-

1055 1762 1103 1784 τας
1118 1751 1203 1780 αὖτῶν
1228 1752 1380 1780 ὓπακοῧσαι
1395 1751 1421 1770 ⁰²
1437 1763 1444 1770 ·
1459 1750 1552 1791 φησὶν,
1575 1751 1618 1780 ὅτι
1639 1751 1745 1785 ἀληθῶς
1760 1746 1845 1776 πάντες

1056 1795 1105 1835 οὖχ
1119 1796 1273 1832 ὓπήκουσαν
1289 1797 1327 1836 τῷ
1343 1796 1502 1836 Εὖαγγελίῳ
1517 1807 1524 1813 ·
1544 1796 1604 1824 ἀλλ’
1620 1795 1694 1824 οὐδὲν
1711 1795 1744 1836 ἐκ
1759 1791 1841 1836 τούτου

1057 1834 1204 1879 βλάπτεται
1217 1843 1234 1876 ἡ
1249 1834 1360 1876 ἀλήθεια
1372 1853 1378 1860 -
1390 1834 1454 1870 «me
1464 1834 1516 1880 γᾶρ
1529 1840 1554 1859 ⁸³
1567 1843 1649 1870 τοῦτο
1660 1835 1775 1870 Ἡσαΐας
1786 1834 1846 1872 λέγει

1055 1884 1108 1924 πρὸ
1119 1886 1226 1914 πολλῶν
1244 1885 1308 1914 ἐτῶν
1321 1897 1327 1903 ·
1347 1896 1361 1914 ¢
1377 1885 1427 1920 Τίς
1442 1885 1582 1915 ἐπίστευσε
1648 1885 1714 1923 ἀκοῇ
1727 1882 1812 1920 ἡμῶν;
1830 1893 1839 1903 ιι

1056 1929 1095 1959 Τὸ
1109 1929 1170 1969 γὰρ,
1185 1929 1251 1968 Τίς
1274 1930 1333 1959 ἀντὶ
1347 1933 1405 1966 τοῦ,
1427 1929 1541 1960 Σπάνιοι
1564 1929 1601 1966 Μ,
1626 1932 1712 1958 κεῖται
1736 1926 1845 1955 ἐνταῦθα*

1055 1973 1205 2010 τουτέστιν,
1221 1973 1324 2012 Ὀλίγοι
1339 1974 1498 2004 ἐπίστευσαν
1513 1977 1546 2011 1-4"
1561 1975 1631 2014 ἀκοῇ
1645 1974 1732 2012 ἡμῶν.

1099 2073 1110 2086 ιι
1126 2059 1193 2099 Ἄρα
1206 2062 1222 2095 ἡ
1240 2058 1328 2092 πίστις
1343 2058 1370 2093 ἐξ
1390 2060 1488 2094 ἀκοῆςσ
1514 2060 1531 2094 ἡ
1554 2057 1582 2088 δὲ
1594 2058 1663 2093 ἀκοὴ
1678 2055 1721 2086 διὰ
1737 2053 1841 2099 ρἥιξτοξ

1056 2107 1137 2136 Θεοῦ.
1159 2097 1172 2133 ί
1191 2105 1278 2134 Τοῦτο
1296 2103 1387 2144 ἔχεται
1413 2103 1460 2141 μὲν
1489 2104 1536 2139 τῆς
1561 2105 1614 2133 τῶν
1640 2100 1770 2142 προτέρων
1789 2097 1844 2144 ἀκρ-

200 2142 357 2187 οοὴωτθιη,
383 2161 415 2181 ac
438 2153 526 2181 instar
550 2151 735 2180 conclusionis
760 2149 904 2186 cujusdam
928 2159 1000 2187 prm-

1068 2149 1176 2185 ιουθίας,
1201 2148 1247 2178 καὶ
1275 2142 1366 2188 ὥσπερ
1395 2147 1578 2187 συμπέρασμά
1606 2159 1632 2177 τι
1670 2145 1760 2183 ἐπείγει
1790 2142 1837 2188 τοῖς

201 2197 283 2225 dictis
312 2196 488 2226 adducuntur
522 2205 529 2224 :
558 2194 715 2224 subindicat
742 2198 836 2223 autem
870 2195 1002 2232 quiddam

201 2241 284 2271 aliud.
308 2242 378 2277 Quia
392 2242 467 2270 enim
480 2240 573 2269 Judaei
587 2240 663 2269 nullo
681 2247 739 2269 non
752 2244 876 2276 tempore
894 2240 1002 2277 signum

201 2287 373 2323 quaerebant,
408 2293 441 2314 ac
476 2285 686 2313 resurrectionis
720 2289 862 2321 aspectum
899 2285 1002 2321 ipsum,

204 2331 311 2367 inquit,
336 2342 348 2355 ι
363 2330 444 2359 Fides
467 2334 510 2358 est
535 2337 569 2358 ex
589 2329 698 2365 auditu,
720 2341 732 2354 ιι
749 2334 830 2366 atque
844 2331 917 2359 ultra
931 2330 1005 2358 hunc

202 2375 327 2403 auditum
354 2383 409 2402 non
437 2378 546 2410 oportet
569 2374 703 2411 inquirere
733 2375 883 2411 quidquam
917 2374 1001 2403 aliud.

202 2421 274 2448 Nam
289 2418 400 2447 auditus
415 2419 471 2448 sive
493 2427 586 2448 sermo
610 2427 665 2448 non
689 2424 732 2448 est
746 2420 892 2448 verborum
906 2419 1006 2455 simpli-

202 2463 272 2492 citer
285 2463 436 2499 dictorum,
451 2463 499 2493 sed
527 2464 675 2493 verborum
689 2464 751 2493 Dei.
770 2464 904 2499 Quocirca
918 2464 942 2492 si
959 2463 1007 2493 ad—

202 2508 330 2538 miranda
352 2508 470 2546 quaeris,
496 2509 620 2546 adeoque
643 2510 795 2544 miracula,
818 2517 870 2537 ceu
894 2517 927 2537 ex
948 2510 1007 2537 Deo

203 2553 273 2589 sint,
296 2554 377 2583 crede
402 2554 488 2583 etiam
509 2554 608 2590 verbis,
633 2562 684 2583 ceu
709 2562 771 2590 quae
792 2562 808 2583 a
831 2555 893 2582 Deo
916 2553 1007 2590 profe-

200 2603 310 2628 rantur.

236 2645 317 2674 Vnns
332 2647 374 2673 18.
393 2656 405 2669 «ι
422 2644 476 2674 Sed
490 2644 553 2673 dico
569 2654 576 2672 :
599 2643 730 2681 Nunquid
749 2652 808 2674 non
831 2643 977 2673 audierunt
994 2645 1006 2672 Ρ

246 2690 319 2718 ιιεει.
339 2697 391 2725 ur,
407 2693 432 2718 7.
479 2691 550 2718 IIsa.
567 2697 643 2725 Lm,
655 2691 683 2717 1.

1056 2194 1240 2234 προῤῥηοεῖσιν
1257 2204 1264 2211 ”
1289 2193 1433 2222 αἰνίττεται
1458 2193 1485 2222 δὲ
1509 2193 1555 2222 καί
1579 2204 1605 2222 τι
1622 2192 1719 2231 ἕτερον.
1736 2182 1840 2234 Ἐπξιξῆ

1057 2228 1158 2278 γάρυοί
1177 2238 1300 2269 Ἰουδαῖοι
1325 2239 1385 2267 καθ’
1407 2238 1520 2267 ἕκαστον
1548 2236 1639 2278 καιρὸν
1668 2228 1763 2272 σημεῖα
1787 2228 1838 2278 ἐζή-

1057 2274 1131 2319 τουν,
1153 2282 1199 2312 καὶ
1223 2283 1270 2318 τὴν
1294 2282 1354 2322 ὄψιν
1378 2281 1460 2319 αὐτὴν
1480 2284 1528 2318 τῆς
1548 2274 1734 2312 ἀναστάσεως·
1750 2274 1839 2322 and“;

1058 2327 1098 2356 ὅτι
1111 2317 1128 2353 «Ι
1137 2325 1171 2357 Ἦ
1192 2327 1278 2360 πίστις
1293 2317 1321 2361 ἐξ
1334 2328 1425 2363 ἀκοῆς·
1467 2317 1521 2358 Καὶι
1534 2326 1615 2356 πλέον
1629 2327 1655 2346 ⁶⁵
1671 2327 1715 2360 τῆς
1730 2322 1805 2355 ἀκοῆς
1815 2317 1838 2346 οὐ

1059 2372 1097 2400 δεῖ
1125 2373 1211 2407 ζητεῖν
1237 2372 1324 2412 ἕτερόν
1349 2383 1385 2402 τι.
1413 2373 1454 2402 Οὐ
1482 2371 1534 2413 γὰρ
1560 2371 1626 2407 ἀκοή
1647 2371 1700 2400 ἐστι
1727 2363 1838 2413 ῥημάτωξ

1060 2416 1153 2449 ἁπλῶς
1179 2411 1346 2455 λεγομένων,
1371 2416 1441 2446 ἀλλὰ
1468 2411 1595 2457 ῥημάτων
1621 2417 1701 2446 Θεοῦ.
1725 2411 1803 2441 Ὥστε
1819 2411 1837 2457 εξ

1061 2460 1184 2500 θαύματα
1204 2463 1307 2498 ζητεῖς,
1333 2463 1368 2495 ὡς
1389 2463 1418 2491 ἐκ
1442 2463 1514 2492 Θεοῦ
1539 2461 1619 2498 ὄντα,
1650 2459 1782 2489 πίστευσον
1797 2460 1837 2481 και

1061 2510 1114 2539 τοῖς
1132 2505 1263 2547 ῥήμασιν,
1278 2508 1313 2539 ὡς
1327 2507 1358 2535 ἐκ
1375 2507 1446 2537 Θεοῦ
1461 2506 1623 2546 λεγομένοις.

1101 2650 1117 2669 α
1132 2638 1212 2670 Ἀλλὰ
1226 2639 1296 2680 λέγω
1308 2651 1314 2658 ·
1327 2638 1376 2675 Μὴ
1391 2639 1439 2669 οὒκ
1455 2638 1592 2676 ἤκουσαν;
1609 2636 1737 2672 Μενοῧνγε
1746 2629 1777 2661 εἷς
1789 2628 1831 2655 πε·

906 2730 1002 2760 Variae
1025 2729 1176 2760 lectiones.

238 2774 257 2792 ⁵¹
285 2775 315 2802 τὸ
343 2775 370 2803 δὲ
397 2783 422 2804 ο.
463 2775 485 2793 ⁵³
509 2775 606 2807 πάντως
632 2775 711 2803 αὗτῶν
737 2774 874 2803 ὑπακοῦσαι
899 2775 1006 2806 ἅπαντας
1031 2782 1058 2802 ο.

203 2814 271 2848 πλὴν
286 2823 312 2843 0.

1756 2762 1775 2779 65
1799 2757 1830 2783 ἴα.

1108 2774 1130 2792 ⁸³
1153 2773 1180 2801 δὲ
1203 2781 1230 2802 ο.
1281 2773 1302 2790 ⁶⁵
1331 2774 1450 2806 σπάνιος,
1478 2772 1533 2806 καὶ,
1563 2772 1669 2800 σπανίως
1697 2775 1722 2795 ο.
