1901 3077
59 173 108 201 481

534 172 707 203 EXPOSITIO
728 175 760 203 IN
779 174 883 204 EPIST.
902 176 947 204 AD
965 175 1049 204 ROM.
1074 191 1105 196 —
1127 177 1201 204 CAP.
1222 178 1250 204 x.

1664 182 1718 210 482

60 248 109 265 σαν
126 236 175 271 τὴν
199 237 250 274 γῆν
275 236 381 272 ἐξῆλθεν
406 238 420 266 ὁ
444 236 556 277 φθόγγος
581 238 683 274 αὐτῶν,
709 237 755 267 καὶ
770 239 807 272 εἷς
828 238 862 268 τὰ
876 242 947 273 Ann

941 239 990 275 qui
1006 239 1034 267 in
1053 247 1166 268 omnem
1191 243 1292 268 terram
1317 241 1402 269 exivit
1417 249 1502 270 sonus
1521 251 1630 278 eorum,
1649 245 1719 272 etin

58 280 166 321 πέρατα
189 283 237 316 τῆς
259 281 414 320 οἰκουμένης
427 281 461 310 τὰ
480 281 590 322 ῥήματα
607 283 703 313 αὐτῶν.
723 295 736 311 ι)
753 283 861 323 Ὥσπερ

57 326 128 359 ’τινὸς
140 325 268 359 εἰπόντος·
282 326 338 356 Καὶ
349 327 375 355 τί
385 326 449 364 πρὸς
461 326 566 360 τούτους
576 351 584 366 ,
597 327 654 367 [εἰ]
671 328 861 364 ἀπεστάλησαν

59 372 84 400 οἳ
110 371 360 410 εὐαγγελιζόμενοι,
387 367 457 400 οὗτοι
471 370 499 400 δὲ
513 373 561 402 οὐκ
575 372 694 408 ἤκουσαν
709 373 791 414 ὅλως
809 384 860 414 φη-

60 414 119 452 σὶν,
134 414 176 444 δτι
188 414 225 446 'H
240 415 383 456 οἰκουμένη
407 420 482 446 πᾶσα
496 414 522 435 ⁵⁵
541 416 638 452 ἤκουσε
649 440 657 456 ,
670 417 716 447 χαὶ
728 413 797 448 οὗτοι
815 418 863 447 οὐκ

59 460 197 498 ἤκουσαν,
220 461 285 500 παρ’
299 455 336 494 οἶς
352 462 476 503 τοσοῦτον
501 460 545 490 τὸν
571 455 664 501 χρόνον
684 461 818 503 διέτριψαν
839 463 862 492 οἱ

60 505 224 544 ἀπόστολοι,
239 505 284 534 καὶ
299 504 356 534 ὅθεν
371 500 455 543 iam;
472 505 525 536 Καὶ
535 500 634 540 πῶςγᾶν
645 506 702 546 ἔχοι
716 500 810 546 λέγοη

107 603 120 621 ιι
135 593 218 623 Ἀλλὰ
241 593 329 633 λέγω’
354 593 402 630 Μὴ
424 595 472 624 οὖιι
496 596 562 634 ἔγνω
584 594 712 635 ’Ῑσραήλ;
740 606 755 624 ι)
775 596 862 626 Πάλιν

60 637 141 678 ἑτέρα
155 638 284 671 ἀντίθεσις
296 651 302 657 ·
325 640 357 669 Εἰ
369 638 498 679 ἐκήρυξαν
519 639 567 677 μὲν
580 641 603 669 οἱ
617 640 777 675 ἀπόστολοι,
793 636 863 671 οὗτοι

58 682 88 711 δὲ
104 683 136 711 οὗ
155 684 291 719 συνῆκαν,
314 679 366 723 ἀρα
391 684 439 713 οὐκ
465 683 531 718 ἄξιοι
551 684 724 724 συγγνώμηςς
750 680 818 715 Εἶτα
834 686 863 715 ἒ-

61 726 148 765 πάγει
165 727 213 757 καὶ
226 727 320 757 τούτου
334 727 382 764 τὴν
394 728 480 758 λύσιν.

105 827 121 846 ε
139 817 250 857 Πρῶτος
267 819 368 853 Μωσῆς
391 817 463 857 λέγει
477 829 484 836 ·
498 817 573 856 Ἐγὼ
591 818 781 859 παραζηλώσω
797 819 866 858 ὑμᾶς

61 862 106 890 ἐπ’
153 863 202 891 οὒκ
240 862 307 891 ἔθνει
334 872 340 879 ·
377 862 421 892 ἐπὶ
458 861 526 892 ἔθνει
564 863 682 904 ἀσυνέτῳ
723 865 862 904 παροργιῶ

59 907 146 942 ὑμᾶς.
163 919 175 933 υ
192 907 227 936 Εἰ
248 906 293 936 χαὶ
318 906 472 945 μηδαμόθεν
492 909 600 937 ἄλλοθεν
614 930 623 945 ,
639 908 721 949 φησὶ,
737 907 787 938 κᾶν
804 911 866 947 γοῦν

915 283 983 312 lines
997 284 1071 312 orbis
1093 287 1232 312 terrarum
1248 284 1334 313 verba
1347 293 1444 314 eorum
1464 291 1485 311 ⁸-
1501 298 1514 310 ι
1532 288 1623 316 Veluti
1642 290 1718 325 quis-

914 329 986 365 piam
1009 328 1097 363 dicat,
1117 330 1153 357 Et
1169 329 1236 365 quid
1266 329 1300 358 ad
1320 329 1382 363 hos,
1407 329 1429 358 si
1455 331 1532 359 missi
1548 332 1603 360 sint
1623 333 1719 368 praedi-

913 377 1008 402 cantes
1020 373 1206 410 Evangelium,
1219 374 1237 402 ii
1249 378 1343 402 autem
1354 375 1470 403 omnino
1485 383 1538 403 non
1554 375 1720 407 audierint?

916 418 975 447 ait:
1000 419 1152 448 Universus
1175 422 1311 447 terrarum
1331 419 1405 448 orbis
1426 427 1524 448 eorum
1545 421 1721 456 praedicatio-

915 471 979 491 nem
994 463 1112 497 audivit,
1127 467 1155 491 et
1168 463 1208 492 illi
1222 471 1278 492 non
1293 463 1456 499 audiissent,
1473 465 1546 501 apud
1558 473 1627 502 quos
1641 470 1720 495 tanto

916 513 980 536 sunt
1011 513 1139 544 tempore
1175 509 1275 536 morati
1300 509 1433 545 apostoli,
1463 510 1618 546 quibusque
1642 516 1721 539 erant

915 553 1047 582 oriundi?
1060 554 1167 588 Quam,
1180 561 1284 590 quaeso,
1299 554 1435 582 rationem
1454 553 1507 582 hoc
1520 554 1667 585 habuerit?

951 599 1040 627 Vsns.
1061 601 1103 626 19.
1128 608 1143 625 α
1157 597 1211 627 Sed
1224 598 1302 633 dico;
1326 599 1460 636 Nunquid
1487 599 1569 628 Israel
1592 607 1648 628 non
1672 608 1719 628 co-

917 642 1028 678 gnovit?
1043 654 1055 666 -
1071 642 1133 671 Alia
1147 647 1189 671 est
1203 642 1321 680 objectio
1337 653 1343 671 :
1355 644 1382 671 Si
1393 643 1580 680 praedicarunt
1592 645 1720 681 apostoli,

916 687 955 715 illi
976 692 1068 716 autem
1093 696 1149 716 non
1185 688 1387 723 intellexerunt,
1414 689 1537 725 nunquid
1559 689 1635 726 digni
1654 694 1721 718 sunt

918 732 1015 760 venia?
1034 733 1125 769 Hujus
1139 733 1224 762 etiam
1239 733 1400 762 dilutionem
1413 734 1544 762 subtexit.

959 877 971 890 ι
988 866 1097 894 Primus
1114 867 1207 895 Moses
1221 865 1287 895 dicit
1302 876 1308 894 :
1324 867 1383 903 Ego
1401 865 1435 894 ad
1453 866 1658 894 aemulationem
1672 873 1721 894 vos

920 910 1058 939 adducam
1074 911 1101 939 in
1115 919 1171 939 non
1187 915 1309 947 gentem,
1325 911 1353 939 in
1367 915 1477 947 gentem
1493 911 1677 947 insipientem,
1692 911 1719 939 in

60 952 91 980 ἐκ
107 953 156 987 ἧς
175 953 273 989 τιμῆς,
289 951 322 987 ἣν
341 951 366 970 ⁸⁵⁷
381 951 547 991 ἐτιμήθησαν
563 952 589 971 ⁵⁸
604 954 627 982 οἱ
644 953 671 988 ἐξ
695 954 792 990 ἐθνῶν,
811 953 862 983 ἔδει
880 959 904 991 Β
918 955 947 984 ir:

941 964 987 984 am
995 964 1043 984 vos
1053 956 1162 984 mittam
1173 953 1199 984 ³⁸.
1212 968 1224 980 υ
1233 957 1261 984 Si
1272 964 1326 984 non
1339 955 1567 992 aliunde.inquit,
1576 956 1675 984 saltem
1687 963 1719 984 ex

59 995 159 1030 αὖτοὺς
189 996 318 1026 συνιέναι.
359 996 447 1026 Ὅταν
477 997 529 1038 γὰρ
559 997 647 1037 ἑώρων
684 997 744 1032 τοὺς
784 999 864 1027 εἰδω-

58 1041 196 1080 λολάτρας
225 1039 348 1081 ἐξαίφνης
375 1041 505 1071 τοσούτων
544 1041 700 1076 ἀξιωθέντας
738 1044 863 1082 ἀγαθῶν,

58 1084 114 1113 ἔδει
164 1084 258 1119 αὐτοὺς
284 1085 310 1104 ⁶⁹
346 1085 592 1126 παραζηλώσαντας
633 1088 775 1124 ἐννοῆσαι,
824 1086 865 1116 ὅτι

58 1128 152 1158 Τοῦτό
176 1130 234 1159 ἐστι
256 1129 287 1159 τὸ
314 1129 400 1167 ἔθνος,
427 1131 488 1170 περὶ
516 1126 546 1160 οὗ
571 1133 692 1168 Μωῧσῆς
712 1127 796 1162 εἶπεν.
824 1133 865 1162 Οὗ

58 1175 112 1214 γὰρ
137 1173 216 1212 μόνον
242 1174 272 1203 τὸ
295 1174 403 1214 μέγεθος
425 1177 472 1212 τῆς
499 1178 579 1214 τιμῆς
602 1177 693 1206 ἱκανὸν
714 1172 747 1213 ἧν
773 1176 865 1210 αὖτοὺς

59 1219 98 1264 εἰς
113 1220 194 1264 ζῆλον
217 1219 358 1257 ἐμϐαλεῖν,
381 1220 450 1250 ἀλλὰ
474 1220 520 1250 καὶ
546 1221 576 1251 τὸ
601 1220 683 1255 οὕτως
706 1222 819 1255 εὖτελεῖς
839 1221 865 1244 7⁰

58 1263 132 1293 εἶναι
157 1263 217 1298 τοὺς
239 1264 413 1303 τιμηθέντας,
430 1264 498 1295 ὥστε
521 1266 589 1304 μηδὲ
605 1266 674 1300 ἔθνος
697 1267 861 1305 νομίζεσθαι.

61 1319 76 1336 α
104 1307 171 1338 Ἐπ’
195 1310 243 1338 οὐκ
266 1309 332 1339 ἔθνει
360 1309 424 1350 γὰρ,
449 1310 528 1351 φησὶ,
557 1310 746 1350 παραζηλώσω
773 1312 862 1349 ὑμᾶς,

58 1352 105 1382 ἐπὶ
133 1352 203 1382 ἔθνει
228 1353 380 1394 ἀσυνέτῳ.»
409 1354 445 1385 Τί
469 1354 520 1394 γὰρ
536 1354 676 1391 Ἑλλήνων
699 1354 862 1385 ἀσυνετώτε-

60 1409 107 1438 ρον
119 1420 128 1434 ,
143 1397 227 1432 ξύλοις
241 1398 288 1428 καὶ
307 1399 387 1432 λίθοις
403 1400 641 1440 προσκεχηνότωνς

918 999 1036 1034 honore,
1047 999 1104 1034 78
1111 1006 1164 1035 quo
1176 1002 1271 1035 gentes
1276 997 1384 1027 affecta!
1390 1003 1466 1032 sunt,
1479 998 1631 1035 intelligere
1637 998 1720 1027 debe-

919 1043 985 1072 bant
1008 1043 1188 1080 praedicatum
1213 1043 1366 1072 Christum.
1388 1043 1458 1071 Cum
1485 1043 1559 1071 enim
1581 1043 1720 1071 idolorum

917 1088 1038 1116 cultores
1055 1091 1199 1116 cernerent
1221 1087 1290 1116 adeo
1303 1091 1415 1123 repente
1430 1088 1513 1115 tantis
1535 1087 1614 1115 bonis
1635 1095 1719 1116 orna-

919 1137 978 1167 tos,
992 1133 1136 1171 oportebat
1155 1140 1203 1160 eos
1224 1132 1401 1161 aemulatione
1416 1132 1543 1161 incitatos
1555 1132 1718 1168 intelligere,

920 1177 991 1206 hanc
1005 1185 1064 1206 esse
1077 1177 1163 1214 ipsam
1178 1181 1287 1214 gentem
1302 1176 1336 1205 de
1350 1185 1404 1214 qua
1414 1178 1508 1205 Moses
1519 1177 1601 1205 verba
1609 1176 1718 1206 fecerit.

917 1222 1026 1251 Nedum
1045 1222 1121 1250 enim
1136 1221 1297 1258 magnitudo
1313 1221 1427 1250 honoris
1449 1221 1605 1250 sufﬁciebat
1630 1226 1661 1250 ut
1682 1221 1718 1250 ad

917 1267 1124 1296 aemulationem
1135 1275 1182 1295 eos
1197 1267 1339 1301 incitaret,
1353 1274 1448 1295 verum
1463 1267 1546 1295 etiam
1562 1267 1636 1303 quod
1649 1266 1718 1295 adeo

917 1313 988 1341 viles
1017 1311 1123 1340 honore
1146 1311 1237 1340 affecti
1258 1316 1364 1345 essent,
1392 1315 1424 1340 ut
1444 1319 1478 1340 ne
1496 1312 1585 1348 gentis
1604 1311 1718 1348 quidem

918 1358 1032 1386 nomine
1043 1357 1171 1386 censendi
1184 1360 1284 1385 essent.
1300 1368 1312 1381 ι
1330 1358 1389 1392 Ego
1405 1356 1492 1392 enim,
1509 1368 1522 1382 τι
1538 1356 1636 1392 inquit,
1653 1368 1666 1381 α
1682 1355 1719 1385 ad

917 1402 1124 1431 aemulationem
1133 1409 1182 1430 vos
1187 1401 1323 1430 adducam
1334 1401 1362 1429 in
1369 1409 1424 1429 non
1433 1405 1544 1438 gentem
1552 1421 1560 1436 ,
1572 1401 1599 1429 in
1607 1405 1718 1438 gentem

58 1446 248 1482 insipientem.
286 1459 300 1472 ι
324 1447 396 1483 Quid
420 1448 494 1476 enim
513 1449 617 1478 Graecis
637 1448 749 1477 stultius
771 1453 798 1477 et
821 1447 1009 1484 insipientius,
1033 1446 1133 1484 quippe
1157 1446 1204 1483 qui
1227 1454 1243 1475 a
1264 1446 1347 1483 lignis
1367 1450 1396 1474 et
1415 1445 1547 1482 lapidibus
1567 1446 1649 1475 veluti
1671 1454 1720 1474 ore

61 1491 152 1519 hianti
169 1491 339 1528 penderent?

106 1549 119 1562 ι
140 1535 256 1569 Ἡσαΐας
273 1536 300 1566 δὲ
312 1537 335 1556 ⁷⁸
354 1538 497 1578 ἀποτολμᾷ
511 1537 558 1567 καὶ
572 1537 642 1576 λέγει
654 1549 661 1556 ·
678 1537 798 1577 Εὑρέθην
809 1541 863 1572 τοῖς
877 1538 900 1571 C

951 1537 1041 1564 Vsns.
1062 1538 1106 1564 20.
1123 1546 1135 1560 ι
1155 1535 1238 1564 Isaias
1251 1535 1327 1563 enim
1339 1534 1422 1564 audet
1443 1538 1472 1563 et
1482 1534 1551 1563 dicit
1567 1545 1573 1563 :
1587 1536 1720 1564 Inventus

60 1580 109 1617 ἐμὲ
138 1579 177 1618 μὴ
199 1582 339 1618 ζητοῦσιν,
372 1581 491 1622 ἐμφανὴς
520 1581 648 1621 ἕγενόμην
673 1584 727 1616 τοῖς
753 1582 800 1622 ἐμὲ
824 1581 862 1621 μὴ

61 1626 246 1664 ἐπερωτῶσιν.
263 1639 276 1652 ι
301 1625 393 1657 Εἰπὼν
418 1627 434 1656 8
447 1638 474 1656 τι
497 1628 601 1667 πρῶτος
629 1629 749 1663 Μωϋσῆς
772 1628 861 1667 λέγει,

60 1671 195 1709 διηγεῖται
221 1670 266 1700 καὶ
287 1670 348 1710 περὶ
365 1670 454 1711 ἑτέρου
479 1671 615 1712 προφήτου
627 1671 665 1712 ⁷³,
681 1672 715 1701 τὰ
731 1671 800 1701 αὐτὰ
813 1671 860 1702 λί-

59 1726 154 1753 γοντος
179 1714 226 1744 καὶ
251 1714 406 1756 τρανότερον
436 1715 482 1745 καὶ
512 1716 683 1757 σαφέστερον.
713 1728 729 1744 α
747 1713 862 1750 Ἡσαΐας

59 1759 128 1798 γὰρ⁷
142 1759 224 1800 φησὶν
233 1783 242 1799 ,
253 1762 409 1800 ἀποτολμᾷ,
427 1760 472 1790 καὶ
486 1760 557 1800 λέγει
570 1771 577 1779 ⁸
596 1772 609 1789 ι
626 1760 770 1798 τουτέστιν,
786 1760 862 1790 ἐϐιά-

59 1814 129 1833 σατο
144 1803 248 1844 γυμνὴν
262 1805 344 1834 εἰπεῖν
360 1803 408 1841 τὴν
431 1804 556 1841 ἀλήθειαν
566 1829 575 1843 ,
587 1805 633 1834 χαὶ
647 1806 831 1843 κινδυνεῦσαι,
844 1805 862 1842 ἢ

61 1849 268 1884 ima-micat.
285 1863 297 1875 ι
313 1849 431 1889 Εὓρέθην
445 1863 456 1876 ιι
472 1849 524 1889 γὰρ
535 1873 543 1888 ,
559 1850 639 1890 φησὶ,
654 1855 708 1884 τοὶς
727 1850 754 1884 ἐξ
770 1851 861 1890 ἐθνῶν,

61 1906 72 1918 ι
84 1897 142 1927 τοῖς
155 1893 203 1932 ἐμὲ
223 1893 261 1932 μὴ
276 1895 398 1931 ζητοῦσι,
411 1907 423 1920 ιν
436 1893 504 1933 μηδὲ
516 1894 670 1934 ἐπερωτῶσί
684 1906 729 1933 με.
743 1894 799 1928 Οὓς
811 1894 862 1934 γὰρ

62 1938 186 1973 Μωῦσῆς
201 1936 271 1971 ἔθνος
284 1937 410 1968 ἀσύνετον
427 1939 552 1977 ὠνόμασε
567 1939 604 1976 ⁷³,
624 1939 730 1973 τούτους
746 1937 862 1972 Ἡσαΐας

63 1981 99 2020 μὴ
137 1983 300 2020 ζητοῦντας,
332 1983 401 2021 μηδὲ
435 1984 624 2023 ἐπερωτῶντας
652 1984 794 2023 ὀνομάζει,
827 1985 863 2017 ὡς

61 2027 174 2065 ἀμαθεῖς
190 2026 292 2063 δηλαδὴ
313 2027 358 2057 καὶ
370 2028 536 2067 μισολόγους.
561 2028 640 2059 Ἔδει
652 2028 738 2058 τοίνυν
752 2029 782 2058 ἐκ
796 2028 862 2058 τού-

60 2083 113 2100 των
129 2071 238 2101 πάντων
254 2071 371 2102 συνιέναι
385 2072 444 2106 τοὺς
459 2074 466 2084 ⁷
477 2073 622 2110 ιουδαίους,
647 2075 704 2108 πῶς
719 2073 795 2103 αὐτοὶ
812 2072 860 2112 μὶν

63 2115 230 2152 ἀπώσθησαν
241 2140 249 2155 ,
266 2116 350 2157 ἕτεροι
366 2117 393 2147 δὲ
409 2117 638 2158 προσεδέχθησαν.

916 1589 978 1609 sum
991 1589 1007 1609 a
1020 1588 1077 1610 non
1093 1580 1281 1617 quaerentibus
1300 1587 1356 1615 me,
1371 1580 1463 1616 palam
1482 1580 1594 1616 apparui
1610 1579 1658 1614 iis,
1671 1580 1719 1616 qui

917 1633 962 1654 me
985 1633 1042 1654 non
1063 1624 1280 1661 interrogabant.
1304 1636 1318 1649 ιι
1343 1624 1486 1653 Praemisso
1513 1624 1586 1661 quod
1627 1626 1719 1653 Moses

916 1671 1037 1707 primum
1052 1670 1134 1704 dixit,
1157 1670 1215 1706 jam
1240 1669 1352 1698 alterius
1378 1669 1521 1706 prophetae
1544 1669 1718 1698 mentionem

917 1715 990 1750 facit,
1005 1715 1050 1752 qui
1063 1714 1164 1744 eadem
1176 1714 1275 1743 clarius
1288 1719 1316 1743 et
1330 1715 1450 1751 apertius
1468 1714 1588 1750 exponit.
1607 1726 1619 1738 α
1636 1714 1721 1743 Isaias

916 1760 1005 1794 enim,
1021 1771 1034 1785 ι
1055 1759 1155 1796 inquit,
1180 1771 1193 1783 α
1215 1758 1299 1787 audet
1316 1764 1344 1787 et
1370 1759 1450 1793 dicit,
1473 1770 1486 1783 ιι
1503 1759 1531 1787 id
1549 1762 1591 1787 est
1604 1762 1719 1787 conatus

917 1809 959 1833 est
984 1804 1089 1833 nudam
1123 1803 1216 1832 dicere
1249 1804 1408 1837 veritatem,
1441 1807 1469 1832 et
1503 1803 1624 1839 periculo
1660 1811 1719 1832 sese

917 1849 1079 1878 submittere
1093 1848 1186 1884 potius
1200 1855 1285 1884 quam
1297 1848 1423 1876 reticere.
1439 1859 1451 1871 ·‹
1466 1849 1599 1876 Inventus
1616 1855 1689 1882 sum,
1704 1859 1717 1872 ι

917 1894 1020 1930 inquit,
1044 1901 1061 1921 a
1081 1892 1221 1929 gentibus,
1242 1899 1304 1928 quae
1332 1899 1377 1920 me
1400 1899 1457 1919 non
1479 1891 1668 1927 inquirebant,
1689 1895 1718 1920 et

916 1946 978 1975 quae
999 1938 1035 1967 de
1049 1945 1095 1966 me
1108 1937 1174 1965 nihil
1189 1937 1427 1973 percontabantur.
1442 1937 1518 1972 Quos
1539 1936 1612 1965 enim
1627 1937 1719 1964 Moses

916 1989 1026 2021 gentem
1046 1992 1103 2012 non
1124 1983 1321 2019 intelligentem
1340 1982 1462 2016 vocavit,
1489 1981 1539 2010 hos
1559 1982 1642 2010 Isaias
1662 1989 1719 2011 non

917 2032 1085 2066 quaerentes,
1100 2035 1189 2064 neque
1208 2027 1407 2063 interrogantes
1422 2027 1566 2060 nominat,
1585 2030 1717 2062 tanquam

916 2073 1001 2102 rudes
1013 2073 1150 2106 videlicet,
1169 2079 1318 2108 osoresque
1330 2071 1548 2107 disciplinarum.
1563 2071 1719 2108 Oportebat

918 2118 1012 2155 itaque
1035 2125 1067 2146 ex
1092 2117 1168 2146 hisee
1187 2115 1316 2144 omnibus
1345 2115 1456 2144 Iudaeos
1479 2114 1631 2152 intelligere
1656 2123 1719 2145 sese

919 2170 979 2191 esse
992 2162 1128 2199 repulsos,
1148 2161 1269 2197 aliosque
1286 2163 1420 2196 receptos.

105 2218 119 2232 ι
146 2204 222 2245 Πρὸς
244 2205 272 2235 δὲ
288 2205 332 2235 τὸν
352 2205 464 2246 Ἰσραὴλ
478 2206 550 2246 λέγει
564 2217 571 2225 ·
582 2205 671 2243 Ὅλην
693 2205 742 2243 τὴν
757 2205 861 2247 ἡμέραν
877 2208 902 2240 Β

952 2208 1041 2235 Vsus.
1066 2210 1110 2235 21.
1137 2216 1152 2234 ιι
1173 2205 1217 2234 Ad
1240 2206 1320 2234 Israel
1335 2208 1429 2233 autem
1455 2203 1522 2233 dicit
1540 2199 1555 2220 ¹³
1571 2213 1577 2232 :
1593 2204 1664 2232 Tota
1675 2204 1719 2232 die

65 2249 211 2283 ἐξεπέτασα
235 2249 283 2284 τὰς
315 2251 406 2290 χεῖράς
433 2262 484 2289 μου
522 2250 586 2291 πρὸς
617 2251 679 2280 λαὸν
705 2252 864 2281 ἀπειθοῦντα

65 2294 108 2323 καὶ
133 2294 316 2334 ἀντιλέγοντα.
334 2309 345 2321 ι
359 2293 420 2325 Ἵνα
444 2295 482 2334 μὴ
504 2295 586 2336 ἔχωσι
613 2295 716 2335 λέγειν,
740 2295 780 2325 ὅτι
803 2297 866 2330 Τοῖς

66 2340 177 2373 ὶθνικοὶς
193 2339 317 2379 εὑρέθης,
334 2342 398 2378 ἡμῖν
427 2340 455 2370 δὲ
479 2341 527 2370 οὐκ
551 2340 686 2377 ἠθέλησας
712 2341 843 2379 ὁμιλῆσαι
858 2353 865 2360 ·

66 2383 143 2423 οησίν
160 2395 167 2403 ·
184 2398 197 2411 α
210 2382 302 2420 ι⁷Ολην
322 2385 371 2421 τὴν
385 2384 506 2425 ἡμέραν,
522 2398 534 2410 -
551 2384 691 2421 τουτέστι,
709 2385 797 2414 πάντα
820 2385 865 2416 τὸν

65 2428 173 2467 χρόνον,
191 2439 205 2458 ‹
223 2428 368 2463 ἐξεπέτασα
386 2429 433 2463 τὰς
449 2429 540 2470 χεῖράς
564 2441 614 2469 μου
625 2452 633 2466 ,
651 2443 662 2455 ιι
686 2427 753 2459 ὥστε
778 2431 858 2470 ἐφελ-

66 2473 197 2502 κὺσασθαι
223 2474 312 2512 ὑμᾶς·
337 2475 397 2503 ἀλλ’
428 2474 501 2512 ὑμεῖς
529 2474 642 2515 ἐφάνητε
668 2474 731 2508 λαὸς
756 2475 866 2512 ἀπειθὴς

66 2517 109 2547 καὶ
149 2517 306 2557 ἀντιλέγων.
336 2517 484 2559 εΥμέτερον
508 2516 553 2549 οὖν
587 2519 617 2548 τὸ
647 2517 786 2558 ἔγκλημα,
818 2520 865 2549 οὐχ

68 2562 136 2599 ἐμόν.
161 2563 236 2602 Ἐγὼ
252 2562 302 2604 γὰρ
321 2563 508 2597 ἐξεπετάννυον
528 2563 576 2598 τὰς
596 2568 688 2604 χεῖρας
709 2586 717 2601 ,
733 2564 779 2593 χαὶ
805 2576 858 2594 πα-

69 2607 192 2644 ρεκάλουν
208 2619 215 2625 ·
236 2609 295 2636 ἀλλ’
319 2609 370 2648 οὐχ
394 2608 575 2645 ὑπηκούσατε.
589 2608 679 2638 Ὥστε
701 2608 796 2647 δῆλον,
823 2609 863 2639 ὅτι

69 2651 110 2680 καὶ
123 2652 242 2688 ἤκουσαν
264 2655 287 2682 οἱ
303 2653 329 2687 ἐξ
353 2653 466 2694 Ἰσραὴλ
473 2677 482 2692 ,
508 2655 555 2685 καὶ
576 2653 694 2694 ἔγνωσαν
710 2665 717 2672 ⁸
737 2655 785 2683 οὐχ
801 2654 864 2691 ἠθέ-

69 2695 150 2732 λησαν
166 2697 195 2727 δὲ
213 2699 375 2728 ὓπαχοῢσαι.

100 2741 113 2753 ⁸
124 2738 197 2766 Psal.
214 2745 308 2773 xvm,
322 2741 350 2766 4.
389 2734 403 2754 ι’
417 2739 502 2767 Deut.
516 2743 606 2772 xxxx,
619 2741 664 2767 21.

704 2743 715 2757 °
729 2739 784 2772 Isa,
800 2745 872 2772 ειν,

918 2251 1036 2288 expandi
1052 2259 1153 2280 manus
1172 2258 1248 2279 meas
1261 2249 1298 2279 ad
1310 2249 1447 2286 populum
1465 2256 1523 2277 non
1543 2248 1717 2277 obedientem

919 2301 946 2325 et
965 2295 1210 2325 contradicentem.
1228 2302 1242 2320 ι
1266 2295 1308 2323 Ne
1326 2297 1439 2330 possent
1452 2293 1544 2322 dicere
1562 2293 1653 2322 Judaei
1671 2303 1678 2321 :
1694 2295 1719 2321 Α

919 2341 1048 2378 gentibus
1066 2340 1178 2377 quidem
1196 2348 1226 2369 es
1250 2339 1387 2373 inventus,
1411 2338 1558 2367 nobiscum
1580 2346 1645 2367 vero
1665 2346 1718 2367 no-

919 2386 993 2414 luisti
1019 2385 1135 2420 versari,
1165 2385 1272 2419 subdit,
1308 2395 1320 2409 α
1351 2385 1420 2412 Tota
1447 2383 1507 2418 die,
1546 2395 1559 2408 ι-
1584 2383 1638 2412 hoc
1665 2388 1720 2418 est,

919 2430 996 2459 omni
1011 2434 1137 2466 tempore
1159 2441 1172 2454 ιι
1187 2428 1307 2466 expandi
1319 2436 1420 2457 manus
1435 2435 1513 2457 meas
1527 2439 1539 2453 ι·
1554 2432 1586 2457 ut
1599 2428 1720 2457 attrahe-

918 2483 980 2504 rem
998 2483 1046 2504 vos
1067 2484 1073 2502 :
1096 2479 1125 2503 at
1138 2483 1186 2503 vos
1200 2474 1363 2510 apparuistis
1382 2473 1500 2509 populus
1514 2473 1678 2502 inobediens
1693 2477 1722 2502 et

918 2520 1116 2549 contradicens.
1141 2521 1239 2548 Vestra
1257 2518 1342 2555 igitur
1367 2518 1446 2555 culpa
1469 2523 1521 2552 est,
1551 2527 1609 2548 non
1644 2526 1716 2546 mea.

920 2569 979 2604 Ego
991 2575 1111 2604 namque
1128 2566 1312 2596 extendebam
1327 2573 1426 2594 manus
1444 2573 1532 2600 meas,
1555 2569 1583 2594 et
1604 2565 1722 2593 advoca-

921 2612 985 2641 bam
998 2620 1062 2646 vo,
1077 2615 1106 2640 at
1115 2619 1163 2640 vos
1171 2619 1229 2640 non
1241 2610 1395 2639 obediistis.
1410 2609 1528 2638 Proinde
1543 2607 1719 2637 manifestum

919 2661 961 2686 est
977 2656 1052 2693 quod
1073 2660 1101 2685 et
1120 2656 1284 2685 audiverunt
1306 2654 1450 2690 Israelitae,
1467 2658 1494 2682 et
1516 2657 1721 2690 cognoverunt,

919 2701 969 2730 sed
983 2701 1174 2737 obtemperare
1186 2701 1344 2730 noluerunt.

893 2737 910 2766 Ι.
949 2737 1024 2765 dlsa.
1043 2745 1113 2773 va,
1133 2740 1160 2766 2.

764 2775 860 2804 Variae
882 2774 1033 2805 lectiones.

103 2811 124 2829 ⁸⁸
149 2814 228 2840 ταῦτα
256 2821 281 2842 o.
320 2813 342 2831 ⁸⁷
368 2813 488 2850 ἐτίμησαν
515 2822 542 2843 0.
582 2814 604 2832 ⁸⁸
631 2811 660 2848 ἧς
681 2814 834 2852 ἐτιμήθησαν
856 2822 895 2843 m.
942 2814 968 2833 5’
990 2814 1087 2845 πάντως
1113 2822 1140 2841 ο.
1179 2813 1202 2830 ⁷⁰
1225 2812 1332 2844 ἀτελεῖς.

73 2853 199 2888 προσώπου
213 2862 241 2883 ο.
280 2854 303 2872 ⁷⁵
315 2854 417 2882 ἐκάλεσε
435 2863 461 2883 ο.

1380 2811 1400 2828 π
1424 2811 1471 2848 γὰρ
1496 2819 1521 2840 ο.
1561 2809 1583 2826 τ’
1605 2810 1720 2846 δευτέρου
