1901 3077
189 165 240 196 483

472 231 595 262 CAPUT
613 234 665 262 x1.

219 294 311 322 Vnus.
331 296 392 327 1.2.
407 306 421 320 σι
436 295 506 324 Dico
525 295 630 332 igitur:
645 295 782 333 Nunquid
793 297 894 333 repulit
908 298 984 327 Deus

187 338 320 375 populum
334 347 417 368 suum
429 348 514 376 quem
529 341 679 377 prmnoviti’
695 341 790 370 Absit!
807 342 877 370 Nam
893 346 920 371 et
934 350 983 379 ego

187 383 310 412 Israelita
328 391 392 412 sum
417 392 451 413 ex
473 385 577 414 semine
591 385 743 421 Abahami,
765 394 781 415 e
794 387 868 415 tribu
882 387 984 424 Benja-

187 428 256 456 min.
278 429 340 457 Non
353 429 454 466 repulit
467 431 540 458 Deus
557 431 693 467 populum
707 439 788 460 suum
810 439 893 468 quem
912 440 984 468 pra:-

185 473 273 502 scivit.
291 485 305 498 ι
322 474 390 509 Quia
413 474 474 503 illos
486 475 618 512 populum
636 476 841 506 inobedientem
860 482 984 512 vocarat,

185 517 292 546 dubitat
304 518 432 555 deinceps
446 524 474 547 et
486 520 551 548 dicit
568 530 575 548 ε
592 522 666 549 Num
678 522 741 558 quia
757 522 877 558 populus
895 522 986 551 incre—

185 561 267 592 dulus
292 567 319 591 et
332 564 493 593 inobediens
525 564 612 594 factus
632 570 682 601 est,
705 571 850 603 eapropter
873 572 986 596 caseatae

184 611 247 635 sunt
261 608 477 643 promissiones?
490 609 652 646 Respondet
668 620 675 638 :
694 622 707 636 ι
725 611 816 640 Absit!
830 612 896 640 Non
910 612 985 640 enim

182 652 279 689 repulit
287 653 423 689 populum
434 661 516 682 suum
526 662 609 690 quem
622 660 812 692 praenoverat,
830 667 843 680 ι»
858 656 911 684 hoc
925 661 983 691 est,

182 705 265 732 quem
298 697 402 726 sciebat
435 698 568 727 idoneum
602 700 637 728 ad
669 700 753 729 fidem
784 700 984 737 recipiendam.

183 753 197 767 ιι
212 743 284 771 Nam
298 747 325 771 et
346 751 396 779 ego
417 744 543 772 Israelita
557 752 629 773 sum.
654 756 668 770 -
682 747 720 774 Ac
734 753 769 774 ne
785 745 824 773 illi
837 746 986 782 objiciant,

181 787 259 815 Tune
273 786 349 815 solus
368 788 424 824 79
442 795 471 816 es
490 789 625 824 populus?
644 788 726 818 inl'ert
746 789 858 825 posthac
874 799 881 818 :
899 802 912 815 ι
928 792 989 819 Non

180 831 279 867 repulit
295 832 427 868 populum
437 840 534 868 suum,
550 845 564 859 ι
578 842 628 870 pro
651 841 683 862 eo
697 834 771 870 quod
786 839 844 870 est,
868 836 940 864 Sunt
961 839 989 864 et

701 169 960 200 THEOPHYLACTI
977 170 1156 201 BULGABIE
1175 171 1330 201 ARCHIEP.

1787 174 1839 203 484

1324 238 1469 268 ΚΕΦΑΛ.
1494 236 1555 269 ΙΛ¹.

1077 313 1090 327 ιι
1106 299 1186 341 Λέγω
1199 295 1244 330 οὖν
1257 313 1264 320 ·
1278 300 1325 337 Μὴ
1337 300 1465 331 ἀπώσατο
1476 302 1490 330 ὃ
1499 301 1567 336 Θεὸς
1579 300 1623 331 τὸν
1637 301 1703 331 λαὸν
1716 303 1798 332 αὑτοῦ
1812 301 1840 332 ὃν

1038 345 1177 385 προέγνως
1208 345 1258 382 Μὴ
1280 346 1396 386 γένοιτοῑ
1427 345 1484 377 Καὶ
1511 345 1563 386 γὰρ
1590 345 1643 386 ἐγὼ
1668 346 1842 386 Ἰσραηλίτης

1039 389 1112 429 εἰμὶ,
1130 391 1160 420 ἐκ
1181 389 1336 430 σπέρματος
1356 390 1493 431 Ἀϐραὰμ,
1515 392 1599 432 φυλῆς
1619 391 1760 430 Βενιαμίν.
1783 393 1843 422 Οὐκ

1041 434 1170 465 ἀπώσατο
1187 437 1201 465 ὁ
1216 436 1284 469 Θεὸς
1303 435 1347 465 τὸν
1361 436 1427 466 λαὸν
1445 436 1541 473 αὑτοῦ,
1566 435 1595 465 ὃν
1612 435 1744 476 προέγνω.
1760 449 1774 463 ι
1792 437 1842 467 Εἷ-

1039 479 1107 521 πὼνῌ
1124 479 1217 514 αὖτοὺς
1237 480 1302 509 λαὸν
1329 481 1444 517 ἀπειθῆ,
1469 481 1592 521 διαπορεῖ
1612 481 1720 518 λοιπὸν,
1741 481 1842 519 λέγων,

1040 519 1159 565 ὅτιτΑρα
1177 524 1214 563 μὴ
1237 525 1294 555 ἐπεὶ
1318 525 1427 560 ἀπειθὴς
1445 525 1510 560 λαὸς
1532 519 1666 566 ἐγένοντο,
1681 525 1842 566 διεψεύσθη-

1042 581 1090 599 σαν
1116 571 1144 599 αἱ
1172 569 1350 609 ἐπαγγελίαι,
1366 570 1412 600 καί
1431 582 1496 611 φησι
1513 579 1519 586 ·
1538 584 1551 597 ι
1581 570 1630 607 Μὴ
1653 571 1774 609 γένοιτοί
1801 571 1842 602 Οὖ

1041 614 1091 654 γὰρ
1116 614 1244 644 ἀπώσατο
1268 614 1314 644 τὸν
1329 615 1392 645 λαὸν
1418 617 1517 652 αὑτοῦ,
1538 614 1566 645 ὃν
1595 616 1727 656 προέγνω*
1742 630 1756 642 ι
1780 627 1844 645 του-

1041 659 1145 697 τέστιν,
1167 658 1196 689 ὂν
1217 659 1275 699 ᾔδει
1296 659 1443 696 ἐπιτήδειον
1458 660 1522 690 ὄντα
1542 660 1607 700 πρὸς
1627 661 1657 690 τὸ
1681 659 1732 698 τὴν
1753 661 1845 691 πίστιν

1043 703 1177 738 δέξασθαι.
1203 718 1214 731 ι
1233 703 1287 734 Καὶ
1302 703 1354 745 γὰρ
1379 704 1432 743 ἐγὼ
1446 705 1616 745 Ἰσραηλίτης
1637 705 1703 743 εἰμί.
1724 719 1737 732 ιι
1753 700 1844 745 Εἶτα,

1041 749 1085 778 ἵνα
1114 749 1152 789 μὴ
1187 749 1296 779 εἴπωσιν
1329 751 1419 789 αὐτῷ·
1447 750 1486 780 Σὺ
1516 750 1596 789 μόνος
1624 749 1688 784 λαὸς
1713 745 1758 788 el;
1787 753 1844 781 ἐπι-

1043 793 1116 834 φέρει
1131 794 1222 824 λοιπόν
1236 794 1272 811 ⁷⁴³
1297 807 1309 820 ι
1323 794 1384 824 Οὔκ
1408 794 1537 825 ἀπώσατο
1560 795 1605 824 τὸν
1624 795 1688 825 λαὸν
1712 797 1795 826 αὑτοῦ
1809 809 1817 815 ·
1833 811 1844 823 ι

1044 839 1102 869 ἀντὶ
1117 841 1163 868 τοῦ
1173 861 1181 876 ,
1200 839 1253 869 Καὶ
1270 838 1356 877 ἕτεροι
1371 838 1404 875 δή
1419 841 1484 869 εἰσιν
1495 862 1504 879 ,
1519 840 1543 869 οἱ
1566 839 1708 881 τρισχίλιοι
1723 841 1843 877 δηλαδὴ,

181 876 226 904 alii
251 879 294 905 ter
311 877 401 912 mille,
426 881 454 906 et
471 878 618 915 quinquies
639 878 728 913 mille,
751 879 807 908 imo
831 879 979 915 myriades‘

1075 883 1087 913 .l
1103 884 1127 914 οἳ
1148 883 1381 924 πεντακισχίλιοι,
1405 883 1451 914 καὶ
1474 876 1502 914 al
1527 876 1670 925 μυρέάδὲξ,
1693 883 1720 915 οἳ
1744 886 1776 915 ἐκ

181 929 242 958 quae
261 930 296 950 ex
318 922 419 959 populo
444 923 633 959 crediderunt,
650 928 682 952 ut
700 925 771 953 Acta
792 925 985 961 apostolorum

183 965 304 994 indicant
314 969 336 994 °.

214 1013 296 1041 Vsus.
322 1014 380 1040 2-4.
409 1024 423 1038 α
451 1013 510 1041 Aut
531 1013 644 1042 nescitis
672 1014 700 1042 in
736 1015 794 1043 Elia
819 1014 885 1052 quid
912 1015 985 1044 dicat

178 1058 335 1095 Scriptura?
351 1059 492 1096 quomodo
503 1060 657 1097 interpellet
671 1061 706 1090 ad
725 1063 817 1091 Deum
834 1062 981 1091 adversum

180 1103 282 1139 Israel,
308 1103 429 1133 dicens:
457 1105 583 1140 Domine.
607 1106 758 1142 prophetas
781 1111 845 1135 tuos
870 1107 982 1136 occide-

177 1151 258 1183 runt,
283 1152 312 1176 et
332 1149 428 1178 altaria
449 1154 497 1178 tua
522 1149 708 1186 suffoderunt,
731 1155 759 1179 et
784 1151 895 1180 relictus
919 1160 982 1180 sum

178 1192 267 1228 solus,
280 1197 307 1222 et
326 1199 453 1230 quaerunt
470 1195 591 1224 animam
607 1203 708 1224 meam.
725 1196 777 1225 Sed
793 1195 860 1233 quid
874 1196 939 1225 dicit
951 1197 978 1225 ei

178 1237 300 1267 divinum
314 1241 494 1275 responsum?
509 1240 621 1276 Reliqui
632 1241 701 1269 mihi
714 1241 765 1277 ipsi
774 1245 880 1278 septem
895 1241 979 1270 millia

178 1283 315 1318 virorum,
335 1284 381 1321 qui
406 1292 461 1313 non
480 1290 662 1314 curvaverunt
680 1293 770 1322 genua
792 1290 854 1314 ante
872 1286 948 1314 Baal.
968 1297 981 1311 ιι

180 1329 218 1355 Ne
235 1327 371 1364 objicient
384 1329 422 1362 ei,
441 1329 512 1364 Quid
530 1328 584 1364 ais,
610 1329 714 1358 Paule?
737 1330 791 1358 Ter
805 1329 980 1364 millibusne,

175 1375 216 1403 vel
229 1376 375 1412 quinquies
399 1376 533 1410 millibus,
553 1376 594 1404 vel
610 1377 703 1412 paucis
726 1377 896 1413 myriadibus
918 1381 982 1405 tan-

176 1426 237 1450 tum
257 1423 392 1459 populum
416 1422 643 1459 comprehendis,
668 1423 713 1460 qui
736 1431 827 1452 arenae
842 1423 984 1460 stellisque

175 1471 366 1506 comparatur?
391 1470 429 1498 ait
448 1469 524 1506 quod
548 1471 583 1498 Et
605 1470 634 1498 in
658 1470 727 1498 Elia:
752 1470 922 1506 temporibus
949 1470 984 1499 ad

175 1518 280 1550 septem
299 1514 384 1543 millia
398 1514 506 1543 redacta
528 1518 608 1542 erant
621 1522 684 1551 quae
701 1514 738 1543 ad
758 1515 877 1543 salutem
897 1515 978 1552 perti-

1039 930 1106 959 λαοῦ
1121 928 1298 969 ἐπίστευσαν,
1320 931 1356 963 ὣς
1376 930 1404 959 αἱ
1421 929 1536 970 Πράξεις
1547 931 1601 960 τῶν
1615 929 1776 960 ἀποστόλων
1790 931 1840 968 δη-

1039 974 1139 1005 λοῦσιν.

1080 1033 1093 1045 ι
1107 1017 1145 1049 *Η
1161 1019 1209 1048 οὐκ
1224 1018 1313 1049 οἴδατε
1334 1019 1360 1049 ἐν
1381 1018 1464 1061 Ἠλίᾳ
1485 1018 1512 1049 τί
1536 1018 1609 1058 λέγει
1631 1021 1649 1055 ἡ
1671 1019 1785 1061 Γραφής
1809 1021 1842 1054 ὣς

1038 1064 1194 1104 ἐντυγχάνει
1210 1065 1247 1104 τῷ
1259 1065 1323 1104 Θεῷ
1336 1063 1405 1094 κατὰ
1419 1066 1466 1094 τοῦ
1481 1063 1607 1105 Ἰσραὴλ,
1622 1064 1707 1104 λέγων
1723 1076 1730 1084 ·
1744 1064 1840 1106 Κύριε,

1039 1109 1097 1143 τοὺς
1120 1108 1258 1149 προφήτας
1286 1120 1334 1139 σου
1357 1109 1531 1146 ἀπέκτειναν,
1557 1109 1604 1139 καὶ
1627 1109 1661 1139 τὰ
1689 1110 1839 1147 θυσιαστή-

1039 1153 1083 1194 ριά
1110 1166 1158 1185 σου
1183 1153 1374 1195 κατέσκαψαν,
1403 1154 1478 1194 κάγὼ
1490 1155 1517 1174 ⁷⁵
1545 1154 1704 1196 ὑπελείφθην
1734 1155 1839 1195 μόνος,

1039 1198 1085 1228 καὶ
1108 1200 1214 1234 ζητοῦσι
1236 1197 1286 1235 τὴν
1313 1199 1402 1239 ψυχήν
1420 1210 1482 1238 μου.
1507 1198 1590 1230 Ἀλλὰ
1613 1199 1640 1229 τί
1662 1199 1737 1239 λέγει
1765 1201 1840 1241 αὖτῷ

1039 1245 1052 1273 ὁ
1087 1244 1292 1284 χρηματισμόςς
1332 1244 1484 1274 Κατέλιπον
1529 1246 1639 1285 ἐμαυτῷ
1676 1246 1841 1286 ἑπτακισχι-

1038 1288 1109 1323 λίους
1130 1289 1241 1329 ἄνδρας,
1265 1288 1359 1321 οἵτινες
1374 1290 1422 1319 οὒκ
1437 1289 1646 1330 ἔκαμψανῗγόνυ
1714 1290 1811 1321 Βάαλ.
1828 1304 1840 1316 ι

1037 1331 1100 1363 Ἵνα
1116 1332 1154 1372 μὴ
1168 1332 1277 1363 εἴπωσιν
1293 1334 1366 1374 αὐτῷ
1377 1346 1384 1353 ο
1396 1334 1434 1364 Τί
1448 1329 1546 1375 λέγεις,
1563 1329 1586 1364 ὦ
1607 1329 1717 1373 Παῦλες
1736 1347 1841 1376 τρισχι-

1038 1377 1121 1416 λίοις,
1147 1378 1194 1407 καὶ
1230 1379 1470 1419 πεντακισχιλίοις,
1504 1379 1549 1410 καὶ
1577 1379 1704 1420 μυριάσιν
1731 1380 1838 1420 ὀλίγαις

1039 1422 1193 1464 περιορίζεις
1211 1422 1256 1452 τὸν
1281 1426 1404 1454 τοσοῦτον
1415 1423 1498 1461 λαὸν,
1571 1424 1653 1465 ἅμμῳ
1668 1424 1716 1454 καὶ
1728 1424 1838 1465 ἄστροις

1039 1467 1280 1508 παρεικαζόμενονς
1304 1468 1384 1509 φησὶν
1394 1491 1403 1506 ,
1418 1468 1459 1498 ὅτι
1474 1468 1530 1499 Kal
1549 1470 1576 1499 ἐν
1597 1469 1680 1510 Ἠλίᾳ
1694 1470 1731 1503 εἰς
1749 1471 1836 1500 ἔπτα-

1032 1512 1167 1553 κιοχλίους
1178 1512 1205 1532 ⁷⁸
1229 1512 1356 1554 περιέστη
1382 1513 1417 1543 τὰ
1442 1515 1489 1550 τῆς
1510 1513 1644 1554 σωτηρίας
1659 1526 1666 1532 '
1690 1515 1750 1544 ἀλλ’
1773 1516 1833 1545 οὖδι

173 1559 275 1587 nebant
295 1568 302 1586 :
322 1567 420 1588 verum
443 1567 479 1587 ne
502 1558 553 1587 hos
571 1558 682 1595 quidem
700 1559 774 1588 Elias
794 1563 885 1588 norat.
914 1561 976 1588 Jam

1075 1559 1166 1602 wroucrb
1181 1557 1276 1592 Ἠλίας
1287 1559 1432 1595 ἠπίστατο.
1456 1558 1510 1589 Kal
1524 1562 1571 1588 νῦν
1588 1558 1616 1589 δὲ
1639 1558 1708 1593 εἰκὸς
1721 1559 1837 1594 πολλοὺς

176 1610 240 1632 vero
253 1603 400 1632 verisimile
413 1608 456 1632 est
470 1604 575 1632 multos
588 1611 650 1632 esse
663 1604 713 1640 qui
733 1604 918 1634 crediderunt.
938 1607 976 1634 Ac

175 1647 284 1676 etiamsi
297 1648 427 1684 ignoretis
445 1656 505 1681 vos,
527 1648 594 1676 nihil
614 1648 678 1677 novi
695 1653 747 1684 est,
761 1657 828 1677 cum
840 1654 868 1678 et
881 1650 976 1678 Helias

175 1691 237 1720 illos
259 1691 402 1729 quondam
425 1693 606 1730 ignoraverit.
634 1693 797 1722 Clanculum
819 1698 912 1723 autem
941 1695 975 1723 de

174 1737 228 1766 alio
254 1742 418 1774 argumento
438 1738 522 1767 verba
545 1737 660 1773 faciens,
689 1743 826 1768 monstrat
851 1739 973 1776 ipsorum

172 1781 354 1812 homicidium
364 1783 424 1820 jam
446 1783 514 1812 olim
527 1792 544 1812 a
558 1783 691 1821 principio
706 1783 742 1813 de
762 1784 830 1821 ipsis
841 1785 973 1821 praedica-

173 1830 244 1856 tum.
260 1829 303 1857 Ne
316 1828 391 1857 enim
408 1829 514 1862 dicant,
536 1830 679 1866 Tanquam
700 1829 882 1866 impostorem
896 1829 973 1858 Chri-

173 1877 247 1902 stum
261 1873 423 1909 occidimus,
442 1873 590 1910 Quomodo
615 1874 712 1910 igitur,
734 1874 841 1911 inquit,
867 1879 973 1904 veteres

173 1919 335 1956 prophetas,
365 1925 457 1957 patres
486 1925 515 1949 et
539 1921 659 1957 majores
690 1921 769 1949 vestri
794 1921 972 1951 occiderunt?

173 1966 248 1994 Num
270 1970 299 1994 et
316 1965 354 1993 illi
377 1965 543 2002 impostores
562 1967 660 1994 erant?
681 1965 734 1994 Sed
758 1965 867 1994 molesti
895 1971 972 1994 erant

171 2010 208 2038 ob
222 2010 341 2038 multam
359 2010 523 2038 libertatem.
546 2009 697 2045 Quomodo
708 2013 802 2038 autem
823 2018 885 2038 aras
898 2010 971 2046 ipsas

171 2053 367 2082 suffoderunt?
387 2056 461 2082 Num
475 2058 503 2082 et
515 2054 568 2082 illae
581 2053 745 2082 immodeste
759 2061 790 2082 se
804 2057 970 2090 gesserunt?

171 2098 227 2133 Qui
249 2106 314 2127 vero
337 2098 426 2127 Eliam
447 2098 554 2134 ipsum,
586 2099 632 2134 qui
654 2105 704 2134 pro
731 2098 856 2134 ipsorum
883 2099 970 2127 salute

169 2144 229 2172 zelo
242 2143 365 2177 ardebat,
387 2144 436 2180 qui
457 2143 598 2171 miraculis
612 2142 791 2179 miriﬁcisque
811 2142 896 2179 signis
914 2143 970 2172 cla-

170 2188 258 2223 rebat,
280 2187 407 2217 occidere
427 2188 605 2224 quaerebant?
625 2189 717 2223 Quare
732 2195 797 2216 cum
815 2192 881 2217 tunc
900 2193 971 2217 tem-

171 2233 259 2270 poris,
279 2241 344 2262 cum
365 2237 407 2262 tot
435 2233 561 2261 scelerati
585 2233 711 2261 homines
737 2237 840 2267 essent.
864 2238 970 2270 septem

169 2278 300 2307 duntaxat
313 2278 398 2307 millia
411 2277 524 2315 elegerit
541 2277 593 2306 sibi
615 2277 672 2314 ipse
687 2278 836 2313 Dominus,
855 2282 886 2307 ut
907 2287 969 2307 ora-

169 2324 263 2352 culum
280 2323 356 2358 dicit,
374 2323 427 2352 hoc
436 2327 488 2357 est,
506 2322 619 2351 Domini
632 2323 834 2352 demonstratio
847 2327 875 2352 et
884 2323 969 2352 collo-

169 2368 266 2404 quium
281 2375 288 2396 :
301 2367 369 2396 nihil
387 2368 452 2397 novi
465 2372 516 2402 est,
531 2368 556 2397 si
574 2368 728 2397 etiamnum
745 2368 843 2404 dignos
863 2372 969 2398 tantum

169 2412 282 2449 seliget:
296 2412 372 2449 quod
386 2417 413 2442 et
426 2421 475 2450 per
487 2413 681 2450 subsequentia
694 2412 824 2442 declarat.

202 2459 292 2487 Vsus.
315 2461 343 2487 5.
367 2471 379 2484 ι
400 2458 444 2487 Sic
457 2458 540 2495 igitur
560 2462 589 2487 et
609 2458 663 2486 hoc
681 2462 823 2494 tempore,
845 2458 969 2495 reliquiae

168 2503 321 2532 secundum
339 2504 501 2533 electionem
524 2503 620 2540 gratiae
644 2503 725 2532 facta!
743 2507 816 2532 sunt.
846 2515 860 2528 ι
877 2503 968 2532 Etiam

170 2557 252 2584 nunc,
259 2549 357 2586 inquit.
366 2549 504 2586 reliquum
511 2552 564 2582 est.
573 2548 625 2577 hoc
631 2553 673 2577 est
679 2549 718 2577 rel
723 2548 807 2584 iquiie
814 2547 891 2577 facta;
895 2553 967 2577 sunt.

167 2594 411 2630 Quemadmodum
433 2593 507 2622 enim
528 2593 613 2630 paleis
627 2593 794 2630 repurgatis,
808 2593 885 2630 quod
906 2593 968 2623 reli-

168 2647 254 2676 quum
263 2644 306 2669 est
318 2639 487 2669 frumentum
503 2643 545 2668 est
561 2648 568 2667 :
583 2638 653 2667 hanc
671 2638 707 2667 ad
720 2639 857 2667 rationem
871 2647 969 2676 pravos

166 2685 318 2722 reprobans
351 2687 438 2720 Deus,
470 2683 601 2721 relinquit
633 2683 734 2721 sibiipsi
760 2683 868 2721 dignos.
895 2684 967 2713 Cum

203 2741 215 2756 °
227 2741 289 2769 Act.
304 2747 341 2774 ιι,
355 2742 400 2768 24.
439 2735 508 2768 ¹ιιι.
522 2739 593 2775 Reg.
609 2746 699 2774 xxxx,
716 2740 761 2767 18.

1031 1597 1098 1632 εἶναι
1114 1601 1174 1636 τοὺς
1188 1603 1408 1638 πεπιστευκότας.
1435 1604 1470 1634 Εἰ
1485 1602 1514 1633 δὲ
1534 1604 1580 1633 καὶ
1607 1603 1725 1644 ἀγνοεῖτε
1743 1605 1836 1643 ὗμεῑς,

1029 1646 1103 1677 οὐδὲν
1131 1646 1238 1683 καινὸν,
1265 1647 1331 1678 ὅπου
1355 1659 1386 1687 γε
1410 1649 1530 1683 κάκεῖνος
1553 1647 1614 1682 τοὺς
1640 1648 1699 1678 τότε
1725 1649 1829 1688 ἠγνόει.

1031 1691 1184 1727 Λεληθότως
1200 1692 1227 1721 δὲ
1243 1693 1270 1722 ἐν
1294 1694 1333 1733 τῷ
1357 1692 1419 1732 περὶ
1444 1693 1528 1731 ἄλλης
1552 1693 1700 1727 ὗποθέσεως
1722 1693 1832 1733 λέγειν,

1028 1736 1143 1766 δείκνυσι
1167 1736 1214 1772 τὴν
1245 1737 1399 1778 μιαιφονίαν
1423 1738 1510 1768 αὐτῶν
1530 1737 1629 1768 ἄνωθεν
1652 1737 1698 1768 καὶ
1714 1737 1834 1779 ἐξαρχῆς

1027 1780 1239 1821 κηρυττομένην.
1257 1780 1318 1812 Ἵνα
1341 1782 1392 1822 γὰρ
1419 1781 1457 1821 μὴ
1481 1781 1611 1823 λέγωσιν,
1634 1782 1676 1812 ὅτι
1700 1782 1749 1818 Ὡς
1762 1784 1832 1814 πλά-

1027 1837 1070 1856 νον
1095 1826 1233 1865 ἀνείλομεν
1250 1825 1295 1856 τὸν
1319 1827 1456 1867 Χριστὸν,
1482 1829 1547 1862 Πῶς
1571 1823 1635 1864 οὖν,
1660 1828 1746 1868 φησὶ,
1773 1828 1835 1862 τοὺς

1026 1869 1155 1904 παλαιοὺς
1183 1870 1320 1912 προφήτας
1345 1872 1370 1900 οἱ
1398 1872 1511 1913 πατέρες
1537 1873 1640 1902 ἀνεῖλον
1671 1873 1764 1910 ὑμῶν;
1793 1873 1831 1913 μὴ

1026 1916 1145 1958 κάκεῖνοι
1165 1915 1277 1952 πλάνοις
1300 1915 1370 1946 Ἀλλ’
1394 1916 1509 1946 ἐλύπουν
1533 1917 1579 1947 διὰ
1596 1919 1644 1953 τῆς
1664 1917 1829 1958 παῤῥησίας.

1026 1961 1090 1994 Πῶς
1115 1955 1159 1989 οὖν
1183 1961 1217 1990 τὰ
1244 1960 1421 2001 θυσιαστήρια
1446 1961 1640 2002 κατέσκαψανς
1671 1955 1830 2000 μῆ-ἐκείνα

1026 2004 1249 2042 ἀπηναιδεόοντος
1280 2006 1341 2039 Πῶς
1357 2005 1384 2034 δὲ
1400 2005 1480 2036 αὐτὸν
1501 2006 1548 2036 τὸν
1572 2005 1668 2037 Ἦλίαν
1689 2006 1735 2036 τὸν
1760 2007 1830 2048 ὑπὲρ

1024 2050 1109 2079 αὐτῶν
1137 2050 1308 2086 ζηλώσαντα,
1335 2050 1380 2080 τὸν
1412 2050 1630 2092 θαυματουργὸν,
1658 2051 1769 2088 ἐζήτουν
1802 2052 1830 2072 ⁷⁷

1025 2095 1194 2132 ἀποκτεῖναι;
1224 2093 1310 2125 Ὥστε
1334 2094 1393 2125 ἐπεὶ
1425 2095 1484 2126 τότε
1509 2095 1641 2126 τοσούτων
1667 2095 1751 2126 ὄντων
1775 2098 1828 2126 τῶν

1026 2141 1148 2179 πονηρῶν
1174 2139 1338 2179 ἀνθρώπων,
1365 2140 1584 2181 ἑπτακισχιλίους
1607 2142 1701 2179 μόνους
1721 2141 1829 2176 ὗπεξεί-

1026 2185 1086 2214 λετο
1107 2186 1194 2225 ἑαυτῷ
1216 2184 1325 2224 Κύριος,
1340 2185 1375 2218 ὡς
1394 2186 1408 2214 ὁ
1432 2186 1630 2225 ,χρηματισμὸς
1654 2186 1744 2226 λέγει,
1762 2198 1826 2216 του-

1026 2229 1128 2266 τέστιν,
1146 2231 1164 2265 ἡ
1193 2231 1239 2258 τοῦ
1268 2231 1339 2260 Θεοῦ
1365 2229 1515 2270 ἐμφάνεια,
1533 2230 1580 2260 καὶ
1609 2230 1703 2270 ὁμιλία
1718 2241 1725 2248 ·
1751 2230 1827 2261 οῦδὲν

1024 2273 1130 2312 καινὸν,
1152 2274 1176 2303 εἰ
1199 2273 1245 2303 καὶ
1262 2277 1307 2303 νῦν
1331 2273 1391 2309 τοὺς
1412 2274 1499 2309 ἀξίους
1514 2275 1610 2314 μόνους
1633 2275 1772 2316 ἐκλέγεται
1790 2275 1827 2305 ·8

1024 2318 1070 2348 καὶ
1081 2318 1125 2348 διὰ
1136 2319 1189 2347 τῶν
1204 2317 1264 2356 ἑξῆς
1279 2319 1367 2356 δηλοῖ.

1068 2466 1084 2485 ιι
1105 2454 1199 2500 Οὕτως
1214 2451 1259 2486 οὖν
1279 2456 1323 2486 καὶ
1345 2456 1371 2486 ἓν
1386 2457 1425 2499 τῷ
1439 2460 1485 2489 νῦν
1507 2458 1609 2500 καιρῷ,
1632 2459 1736 2496 λεῖμμα
1763 2460 1824 2490 κατ’

1023 2499 1134 2540 ἐκλογὴν
1157 2501 1266 2541 χάριτος
1291 2500 1392 2541 γέγονε.
1417 2516 1430 2530 ι
1445 2503 1502 2535 Καὶ
1524 2499 1587 2541 νῦν,
1603 2502 1683 2544 φησὶ,
1705 2503 1824 2544 λεῖμμα,

1023 2545 1161 2582 τουτέστι,
1190 2545 1377 2590 νκατάλειμμα.
1415 2547 1522 2590 Ὥσπερ
1549 2549 1601 2590 γὰρ
1630 2550 1684 2578 τῶν
1713 2549 1821 2590 ἀχύρων

1023 2589 1279 2631 ἀποκαθαρθίντων,
1303 2592 1478 2633 κατάλειμμά
1502 2589 1573 2625 ἔστιν
1599 2595 1613 2624 ὁ
1636 2597 1708 2627 σῖτος
1723 2603 1732 2612 '
1751 2589 1822 2625 οὕτω

1022 2635 1082 2670 τοὺς
1100 2635 1229 2676 πονηροὺς
1252 2637 1457 2676 ἀποδοκιμάζων
1479 2640 1493 2668 ὁ
1516 2638 1600 2675 Θεὸς,
1620 2639 1821 2678 καταλιμπάνει

1022 2682 1109 2721 ἑαυτῷ
1125 2681 1184 2715 τοὺς
1209 2681 1304 2717 ἀξίους.
1330 2681 1379 2712 Ἐν
1404 2682 1453 2721 μὲν
1478 2678 1524 2714 οὖν
1541 2685 1581 2725 τῷ
1602 2684 1700 2722 εἰπεῖν,
1719 2694 1735 2714 ι
1751 2685 1820 2715 Κατ’

861 2775 957 2805 Variae
976 2775 1127 2808 lectiones.

203 2832 224 2852 ⁷⁵
236 2834 311 2863 πάλιν
322 2842 362 2864 m.
400 2833 422 2852 ⁷⁵
435 2834 477 2862 καὶ
491 2842 517 2864 0.
556 2833 578 2852 7“
597 2834 772 2872 ἑπτακισχίλια
785 2841 813 2864 o.
851 2833 872 2851 ⁷⁷
887 2833 968 2868 ἐζήτει
983 2841 1010 2863 ο.
