1901 3077
35 201 75 229 489

452 198 628 229 EXPOSITIO
650 202 680 228 IN
702 200 805 230 EPIST.
825 202 871 230 AD
890 200 972 231 ROM.
994 218 1028 224 —
1047 203 1122 231 CAP.
1143 204 1184 231 XI.

1599 207 1650 235 £90

29 265 99 303 ἔτερον
122 264 163 299 δὲ,
187 262 231 293 ἵνα
258 262 464 303 παραζηλώσω,
489 263 639 300 τουτέστιν,
668 265 703 298 εἷς
720 265 817 300 ζῆλον,

891 273 914 294 re
928 265 1111 294 ministerium
1125 274 1229 300 meum,
1244 266 1298 295 hoc
1312 271 1364 301 est,
1381 275 1429 296 vos
1444 277 1451 296 :
1472 269 1604 301 alterum,
1620 275 1650 298 ut

31 309 120 347 ἐμϐάλω
140 308 186 344 τὴν
208 308 293 348 σάρκα
317 320 386 346 μου,
400 308 535 345 τουτέστι,
551 308 611 343 τοὺς
629 309 699 338 κατὰ
712 309 800 349 σάρκα

31 358 140 394 συγγενεῖς
159 366 203 392 μοι
219 352 369 386 Ἰουδαίους.
398 353 491 393 Σάρκα
515 353 542 383 δὲ
569 353 668 390 εἰπὼν,
691 355 800 393 γνησιό-

32 410 85 433 τητα
98 398 137 427 καὶ
151 397 332 438 φιλοστοργίαν
358 397 478 438 ἐνέφηνε,
502 412 511 424 τι
532 398 585 428 Καὶ
602 398 700 434 σώσω,
719 412 730 424 ι
755 400 801 428 οὐκ

33 438 92 480 εἶπε,
107 443 225 481 Πάντας,
239 442 325 478 ἀλλὰ,
340 453 354 471 ι)
371 442 462 476 Τινάς.
486 456 497 468 α
516 443 672 478 Λεληθότως
687 443 737 484 γὰρ
755 442 802 478 τὴν

33 488 102 516 αὐτῶν
122 486 285 526 σκληρότητα
303 487 462 527 ὖπιμφαίνει
475 499 482 506 ·
498 486 562 521 ἴσως
582 487 634 527 γὰρ
657 488 802 528 φιλονεικίᾳ

34 531 142 571 χρώμενοι
161 530 323 570 μιμήσονται
337 531 396 565 τοὺς
415 531 547 569 ἐθνικοὺς,
567 532 614 561 καὶ
630 531 803 562 πιστεύσουσί

35 588 94 609 τινες.

67 679 77 691 ι
93 666 120 695 Εἰ
129 665 177 704 γὰρ
193 668 209 701 ἡ
223 665 344 701 ἀποϐολὴ
357 667 453 703 αὐτῶν,
467 665 625 706 καταλλαγὴ
636 666 735 705 κόσμου
748 679 754 685 ·
765 666 803 700 τίς

35 712 46 744 ἡ
63 709 211 750 πρόσληψις,
231 712 254 740 εἶ
271 711 308 749 μὴ
322 710 377 746 ζωὴ
395 712 426 740 ἐκ
442 712 558 750 νεκρῶν,
575 725 587 737 ιο
611 713 644 741 Ei
666 711 803 750 ὀργιζόμε-

34 766 65 787 νος
87 755 176 791 αὐτοῖς,
200 755 298 795 φησὶν,
321 756 433 792 ὁΘεὸς,
451 759 561 785 τοιαῦτα
577 756 721 796 ἐχαρίσατο
747 754 804 785 ἑτέ-

37 811 91 836 ροις,
106 799 147 828 καὶ
163 799 219 833 τοὺς
242 800 351 840 ἐχθροὺς
367 800 457 840 ιρίλους
472 800 596 837 ἐποίησεν
607 809 614 817 ·
631 799 694 830 ὅταν
711 800 803 835 αὐτοὺς

35 843 207 882 προσλάϐηται,
223 845 248 874 τί
266 845 314 874 οὐκ
336 844 368 873 ἂν
390 846 542 885 χαριεῖται;
564 845 628 881 Ζωὴ
650 846 701 884 γὰρ
716 846 745 875 ἐκ
759 858 804 875 νε-

35 890 89 927 κρῶν
110 888 163 918 τότε
185 889 278 926 ἔσται,
299 889 451 927 τουτέστιν,
473 889 571 931 ἄπειρα
594 891 680 929 ἀγαθοὶ
693 901 700 908 ·
727 893 804 920 τοῦτο

35 933 72 971 γὰρ
87 933 152 969 δηλοί
173 933 215 963 διὰ
238 936 286 970 τῆς
310 936 386 970 ζωῆς.
406 933 479 973 Ἅμα
502 935 529 964 δὲ
549 935 595 964 καὶ
611 935 756 965 αἰνίττεταί
778 947 804 964 τι

37 977 173 1016 βαθύτερον,
195 977 236 1008 ὅτι
250 977 341 1018 ὥσπερ
358 981 375 1015 ἡ
395 981 424 1009 ἐκ
435 982 533 1019 νεκρῶν
550 979 694 1014 ἀνάστασις
716 981 745 1009 οὖ
763 980 806 1010 διὰ

34 1021 81 1055 τοὺς
103 1022 236 1057 Ἰουδαίους
263 1024 356 1060 ἔσται,
383 1024 464 1057 οὕτως
489 1024 546 1054 οὐδὲ
573 1024 661 1054 ἄλλων
686 1024 805 1064 σωτηρία

35 1066 60 1095 δι’
86 1067 183 1104 αὐτοὺς,
210 1069 233 1098 εἶ
260 1067 301 1106 μὴ
323 1069 417 1098 ἐκεῖνοι
447 1068 537 1098 πίστιν
565 1069 660 1110 ἔχοιεν.
690 1068 722 1099 Ἃ
753 1069 805 1110 γὰρ

36 1110 120 1140 ἄπαντα
147 1113 216 1142 δοκεῖ
239 1113 328 1151 λέγειν
357 1113 424 1153 ὑπὲρ
454 1115 559 1151 αὐτῶν,
587 1114 695 1154 ψυχρὰν
725 1114 804 1154 χάριν

35 1156 181 1195 χαριζόμενος
192 1157 284 1197 λέγει,
301 1159 337 1191 ὥς
352 1157 398 1187 καὶ
409 1159 433 1188 οἱ
455 1158 539 1199 ἰατροὶ
556 1158 685 1192 πολλάκις
700 1162 805 1189 ποιοῦσι

36 1204 77 1234 τοῖς
95 1201 241 1240 κάμνουσιν.

68 1257 80 1272 ι
95 1247 123 1276 Εἰ
138 1245 163 1276 δὲ
177 1249 194 1283 ἡ
212 1246 324 1287 ἀπαρχὴ
341 1247 405 1286 ἁγία
415 1271 424 1286 ,
444 1247 532 1278 καὶτὸ
546 1247 655 1288 φύραμα
668 1258 674 1265 ·
690 1249 735 1278 καὶ
752 1248 775 1278 εἰ
790 1250 806 1284 ἡ

37 1290 82 1328 ῥίζα
103 1290 175 1330 ἆγία,
188 1292 232 1321 καὶ
247 1293 274 1321 οἱ
295 1292 398 1323 κλάδοι.
411 1303 425 1321 n
446 1293 582 1333 Ἀπαρχὴν
601 1293 647 1322 καὶ
663 1293 736 1333 ῥίζαν
750 1294 808 1322 ὀνο-

38 1334 100 1369 μάζει
121 1335 175 1369 τοὺς
199 1336 370 1376 πατριάρχας
389 1348 396 1355 ·
418 1337 529 1378 φύραμα
553 1337 581 1366 δὲ
605 1337 653 1366 καὶ
679 1338 806 1374 κλάδους,

37 1377 82 1411 τοὺς
105 1379 145 1421 Δέξ
181 1381 287 1410 ἐκείνων
331 1381 524 1416 πιστεύσαντας
558 1381 596 1412 ⁸⁸.
636 1383 809 1421 Παραμυθεῖ-

37 1434 71 1450 ττι
94 1417 133 1453 οὖν
153 1424 209 1458 τοὺς
233 1425 362 1459 ἀπίστους
390 1426 550 1466 Ἑϐραίους,
584 1426 624 1455 ὅτι
655 1417 810 1465 Κοιίῦμεῒς

38 1467 96 1512 ἅγιοι,
105 1467 187 1498 ἔσεσθε
207 1470 409 1504 πιστεύσαντες.
432 1470 547 1510 Ἀνάγκη
563 1471 615 1510 γὰρ
682 1472 808 1512 ἄπαρχῇ,

39 1511 152 1552 τουτέστι,
214 1514 286 1554 ζύμῃ
299 1516 330 1544 τὸ
345 1514 470 1556 φύραμα,
485 1515 530 1545 καὶ
548 1517 581 1554 τῇ
595 1515 653 1555 ῥίζῃ
673 1514 731 1549 τοὺς
746 1516 811 1545 κλά-

39 1555 84 1589 δους
104 1557 287 1597 ἐξομοιοῦσθαι.
306 1561 339 1590 Εἰ
355 1555 387 1590 δὲν
402 1562 475 1598 ὑμεῖς
497 1560 535 1599 μὴ
552 1559 715 1598 ἔξομοιοῧσθε
727 1583 735 1598 ,
757 1573 806 1599 με-

36 1600 103 1637 γάλης
116 1602 204 1637 κακίας
220 1606 300 1634 τοῦτο
312 1605 434 1643 σημεῖον.

70 1658 82 1673 α
97 1647 126 1677 Εἰ
150 1647 177 1677 δέ
198 1660 268 1682 τινες
293 1650 346 1678 τῶν
369 1649 474 1679 κλάδων
497 1648 708 1687 ἐξεκλάσθησαν,
735 1649 766 1680 σὺ
784 1649 810 1679 δὲ

38 1690 161 1729 ἀγριέλαιος
180 1692 216 1722 ὣν
237 1693 434 1732 ἐνεκεντρίσθης
459 1695 487 1723 ἐν
515 1695 619 1731 αὐτοῖς,
638 1694 684 1724 καὶ
706 1705 812 1733 συγκοι-

35 1735 98 1768 νωνὸς
112 1738 153 1772 τῆς
172 1738 242 1777 ῥίζης
262 1738 309 1767 καὶ
324 1740 370 1774 τῆς
385 1739 511 1775 πιότητος
526 1740 574 1775 τῆς
589 1739 680 1772 ἐλαίας
703 1739 792 1778 ἐγένου
803 1762 811 1772 .

38 1779 66 1815 μὴ
92 1784 247 1823 κατακαυχῶ
286 1783 338 1812 τῶν
366 1783 483 1813 κλάδων.
530 1796 544 1810 »
586 1783 657 1817 Τοὺς
688 1783 814 1817 ἀπίστους

38 1822 158 1863 Ἑϐραίους
180 1826 292 1857 ἐκάλεσε
317 1827 429 1861 κλάδους
454 1827 667 1862 ἄποκλασθέντας
683 1840 690 1846 ·
713 1828 814 1862 ἀνάξιοι

39 1867 78 1907 γὰρ
89 1870 131 1905 τῆς
154 1870 223 1910 ῥίζης
234 1873 284 1907 τῆς
309 1871 386 1911 ἁγίας
412 1872 538 1911 ἐγένοντο.
566 1873 619 1903 Καὶ
646 1874 734 1907 καλῶς
757 1867 814 1902 εἶπε

41 1913 73 1948 ‘5:
90 1925 102 1942 α
118 1914 334 1952 Ἐξεκλάσθησαν
349 1929 355 1935 ·
376 1931 388 1943 ι
415 1917 539 1947 οὐδέποτε
556 1917 608 1957 γὰρ
624 1916 706 1951 οὕτως
721 1917 815 1951 αὐτοὺς

66 1957 122 2003 Θεὸς
141 1960 310 1997 ἅπεϐάλετο,
342 1961 431 1991 καίτοι
454 1962 586 2003 διαφόρως
611 1962 812 2002 ἡμαρτηκότας.

40 2001 182 2048 ᾉνέαὐτῶν
207 2005 235 2035 δὲ
260 2006 472 2048 ἐνεκεντρίσθης,
498 2001 582 2048 (ρησὶ,
607 2006 638 2036 σὺ
662 2009 676 2036 ὃ
703 2008 814 2040 ἐθνικὸς.

41 2047 87 2076 Οὐκ
97 2042 179 2086 εἶπεν,
199 2042 384 2091 Ἐφυτεύθης,
409 2042 483 2090 ἀλλθ,
504 2042 518 2078 'I
536 2042 756 2091 Ἐνεκεντρίσθης
773 2061 780 2068 '
796 2063 810 2080 υ

41 2091 122 2122 δάκνων
137 2093 177 2124 τὸν
194 2095 327 2126 Ἰουδαῖον
337 2119 345 2133 ,
361 2096 407 2126 καὶ
422 2096 548 2126 δεικνύων
563 2097 589 2126 ἐν
605 2098 644 2137 τῷ
660 2098 744 2127 αὐτοῦ
759 2097 815 2127 δέν-

42 2135 96 2176 δρῳ,
119 2138 249 2179 τουτέστι,
276 2142 331 2174 τοῖς
346 2141 542 2181 πατριάρχαις,
564 2141 609 2170 τὸν
626 2141 725 2171 ἕθνικὸν
741 2141 815 2171 ἱστά-

41 2192 118 2220 μενον,
132 2184 175 2212 καὶ
200 2186 377 2224 συγχοινωνὸν
397 2186 458 2214 ὄντα
477 2188 523 2221 τῆς
547 2186 617 2226 ῥίζης
633 2186 677 2215 καὶ
694 2189 741 2222 τῆς
758 2186 815 2215 πιό-

823 1585 845 1616 C

855 318 1012 346 provocem,
1028 310 1080 339 hoc
1098 315 1140 339 est
1156 311 1191 340 ad
1204 312 1413 340 aemulationem
1432 313 1581 348 conjiciam
1595 315 1650 342 sive

855 363 1030 391 permoveam
1044 363 1154 384 carnem
1168 364 1270 391 meam,
1294 357 1346 385 hoc
1360 361 1411 392 est,
1427 358 1579 386 secundum
1592 366 1650 386 car-

855 407 917 427 nem
939 404 1070 436 cognatos
1081 401 1149 429 mihi
1163 400 1285 429 Judzeos.
1303 402 1421 430 Carnem
1435 407 1528 430 autem
1544 403 1648 436 dicens,

855 445 1048 480 cognationem
1070 450 1097 473 et
1111 446 1263 474 naturalem
1277 446 1336 482 ejus
1359 446 1489 474 affectum
1503 455 1651 475 common-

856 489 959 516 stravit.
975 499 989 515 ι(
1001 490 1035 517 Et
1050 497 1165 524 servem,
1187 502 1200 515 -
1212 498 1269 518 non
1281 491 1351 519 dixit
1361 499 1470 524 omnes,
1485 491 1544 525 sed,
1560 504 1572 516 τι
1592 492 1650 520 Ali-

855 537 932 568 quot.
946 543 960 560 »
973 534 1137 562 Clanculum
1148 535 1224 563 enim
1234 543 1331 564 eorum
1343 536 1472 564 duritiam
1478 536 1632 565 subindicat

856 577 973 607 fortasse
996 579 1069 607 enim
1094 580 1268 608 contentione
1287 585 1313 608 et
1330 581 1505 609 aemulatione
1533 582 1652 618 quadam

856 623 972 658 accensi,
988 623 1168 653 imitabuntur
1180 629 1287 661 gentes,
1300 630 1327 653 et
1343 626 1455 654 credent
1466 627 1562 662 aliqui.

891 668 947 703 82
953 669 1043 697 Vens.
1055 672 1098 697 15.
1112 680 1123 693 ι
1134 669 1162 697 Si
1172 670 1244 698 enim
1253 670 1365 706 rejectio
1372 671 1497 706 ipsorum
1505 675 1544 699 est
1555 679 1651 699 recon-

857 713 957 742 ciliatio
974 714 1082 748 mundi,
1095 722 1157 750 qua:
1168 715 1220 742 erit
1229 715 1390 751 assumptio,
1403 715 1457 744 nisi
1467 716 1522 743 vita
1534 724 1567 744 ex
1581 724 1653 744 mor-

858 758 927 786 tuis?
945 770 957 781 ιι
982 759 1009 786 Si
1037 759 1194 795 iratusipsis
1225 761 1310 794 Deus,
1346 761 1410 788 talia
1439 760 1552 789 donavit
1580 761 1652 795 aliis,

858 803 1005 839 hostesque
1021 804 1125 832 amicos
1146 804 1212 832 fecit
1234 814 1241 832 :
1264 805 1374 840 quando
1389 805 1463 840 ipsos
1477 807 1654 841 assumpserit

857 842 959 877 denuo,
975 843 1039 880 quid
1061 852 1118 872 non
1138 845 1291 873 donaturus
1310 846 1367 873 est?
1392 846 1455 873 Vita
1480 854 1599 882 namque
1620 854 1653 874 ex

859 888 978 916 mortuis
992 892 1051 916 tum
1063 889 1123 921 erit,
1146 889 1197 916 hoc
1211 893 1251 917 est
1263 889 1369 918 inﬁnita
1384 890 1462 926 plane
1478 890 1549 918 bona
1568 901 1574 918 :
1601 890 1654 918 hoc

859 932 933 960 enim
957 941 1004 968 per
1019 933 1106 961 vitam
1127 933 1237 962 indicat.
1260 935 1346 962 Simul
1368 939 1460 962 autem
1476 939 1503 963 et
1524 935 1654 970 quiddam

859 978 938 1004 altius
952 978 1041 1005 innuit
1057 989 1062 1005 :
1078 978 1222 1012 nimirum,
1241 978 1477 1014 quemadmodum
1491 987 1524 1007 ex
1537 980 1655 1008 mortuis

859 1022 1022 1050 resurrectio
1043 1030 1099 1050 non
1116 1027 1227 1058 propter
1244 1023 1355 1051 Iudaeos
1377 1024 1527 1060 continget,
1551 1024 1590 1052 sic
1608 1032 1655 1052 ne-

859 1074 911 1102 que
936 1066 1052 1094 aliorum
1074 1067 1148 1095 salus
1163 1071 1274 1103 propter
1290 1068 1373 1103 ipsos,
1391 1068 1443 1096 nisi
1458 1067 1495 1096 illi
1510 1068 1594 1096 ﬁdem
1610 1068 1655 1096 ha-

862 1111 982 1139 buerint.
997 1113 1175 1149 Quaecunque
1191 1112 1262 1140 enim
1282 1120 1331 1148 pro
1345 1113 1410 1148 ipsis
1425 1113 1516 1141 dicere
1536 1113 1654 1147 videtur,

860 1163 891 1183 ea
906 1156 980 1190 dicit,
990 1155 1120 1193 frigidam
1134 1158 1251 1193 gratiam
1265 1157 1318 1186 illis
1328 1157 1543 1194 impertiens,uti
1555 1158 1655 1187 medici

862 1201 1047 1230 laborantibus
1059 1209 1130 1238 sepe
1143 1201 1259 1230 faciunt.

898 1247 987 1275 Vens.
1009 1249 1051 1274 16.
1070 1259 1082 1271 ε
1094 1247 1123 1275 Si
1135 1251 1228 1275 autem
1239 1247 1366 1284 primitim
1377 1251 1490 1282 sancta},
1504 1251 1532 1276 et
1542 1256 1632 1277 massa
1648 1259 1655 1276 :

863 1290 920 1318 etsi
943 1291 1018 1319 radix
1039 1295 1144 1324 sancta,
1159 1295 1186 1319 et
1200 1292 1280 1320 rami.
1305 1302 1319 1318 ιι
1336 1293 1476 1321 Primitias
1493 1297 1521 1321 et
1534 1292 1656 1321 radicem

864 1336 982 1372 appellat
994 1336 1162 1373 patriarchas
1183 1346 1190 1365 :
1207 1345 1328 1365 massam
1346 1341 1437 1366 autem
1451 1342 1479 1366 et
1494 1346 1597 1371 ramos,
1611 1346 1659 1366 eos

862 1381 909 1417 qui
925 1389 957 1409 ex
972 1381 1023 1409 illis
1045 1381 1229 1410 crediderunt.
1254 1382 1419 1410 Consolatur
1433 1383 1516 1418 igitur
1528 1383 1658 1411 incredu-

865 1426 905 1454 los
917 1426 1060 1461 Hebmos,
1068 1427 1162 1454 dicens
1177 1436 1183 1454 :
1200 1427 1236 1454 Et
1246 1434 1293 1455 vos
1304 1427 1389 1455 sancti
1403 1427 1489 1461 eritis,
1505 1427 1526 1456 si
1539 1427 1658 1456 credide-

864 1470 932 1499 ritis.
951 1471 1068 1500 Necesse
1086 1471 1160 1500 enim
1174 1475 1215 1500 est
1233 1471 1371 1508 primitiis,
1387 1472 1440 1500 hoc
1453 1477 1506 1506 est,
1522 1472 1658 1501 fermento

866 1523 996 1550 massam,
1019 1521 1048 1544 et
1066 1516 1151 1544 radici
1177 1524 1270 1545 ramos
1296 1517 1453 1545 assimilari.
1474 1516 1521 1546 Sin
1543 1525 1590 1545 vos
1605 1517 1659 1545 illis

864 1568 919 1589 non
942 1560 1142 1595 assimilemini,
1167 1561 1284 1598 ingentis
1306 1561 1418 1590 malitiae
1442 1561 1496 1590 hoc
1511 1566 1553 1591 est
1578 1570 1660 1598 argu-

866 1610 990 1634 mentum
995 1627 1000 1633 .

902 1652 991 1680 Vsus.
1010 1655 1097 1686 17,13.
1119 1663 1132 1675 ιι
1153 1651 1234 1686 Quod
1257 1651 1278 1679 si
1297 1651 1378 1687 aliqui
1399 1659 1431 1680 ex
1450 1651 1536 1680 ramis
1556 1651 1662 1680 effracti

867 1699 945 1729 sunt,
972 1700 1003 1724 tu
1027 1704 1091 1724 vero
1113 1704 1177 1725 cum
1199 1697 1316 1724 oleaster
1339 1704 1422 1730 esses,
1445 1697 1566 1725 insertus
1587 1705 1616 1725 es
1635 1697 1662 1725 in

867 1740 929 1775 illis,
951 1745 978 1768 et
999 1741 1091 1769 socius
1109 1741 1205 1769 radicis
1228 1745 1255 1768 et
1278 1741 1451 1777 pinguedinis
1474 1741 1553 1770 olivae
1577 1741 1664 1770 factus

869 1793 908 1819 es,
932 1785 988 1813 noli
1009 1785 1118 1821 gloriari
1143 1785 1271 1813 adversus
1288 1793 1394 1813 ramos.
1426 1797 1438 1808 -
1461 1785 1586 1813 lnﬁdeles
1609 1787 1663 1814 ile—

869 1829 957 1858 braaos
967 1830 1111 1866 appellavit
1120 1828 1247 1857 effractos
1254 1837 1345 1857 ramos
1357 1838 1362 1856 :
1372 1829 1476 1864 indigni
1487 1830 1561 1858 enim
1569 1834 1662 1857 sancta

870 1874 961 1903 radice
975 1874 1040 1902 iacti
1058 1878 1130 1902 sunt.
1157 1873 1272 1902 Pulchre
1295 1878 1390 1902 autem
1404 1873 1483 1905 dixit,
1509 1884 1522 1900 «
1548 1873 1664 1902 Effracti

869 1923 934 1947 sunt
951 1928 958 1947 :
975 1931 987 1943 υ
1003 1926 1149 1955 nunquam
1164 1918 1239 1946 enim
1250 1919 1325 1946 Deus
1337 1918 1377 1946 sic
1391 1918 1465 1954 ipsos
1480 1919 1585 1954 rejecit,
1601 1918 1664 1946 licet

870 1963 1047 1992 multifariam
1068 1967 1234 1999 peccassent.
1260 1964 1314 1991 Pro
1328 1963 1393 1999 ipsis
1410 1967 1502 1991 autem
1522 1968 1552 1991 tu
1566 1963 1666 1991 insitus

870 2017 909 2043 es,
929 2017 947 2037 ο
968 2008 1093 2037 Ethnice.
1108 2009 1171 2036 Non
1190 2007 1258 2036 dixit
1272 2012 1375 2042 autem,
1390 2007 1531 2036 Plantatus
1551 2015 1592 2042 es,
1605 2008 1664 2041 sed,

872 2065 884 2078 α
896 2054 1005 2088 Insitus,
1017 2065 1030 2078 ιο
1045 2052 1176 2082 Judaeum
1191 2053 1228 2080 ita
1240 2052 1383 2087 mordens,
1398 2057 1425 2080 et
1437 2053 1585 2081 ostendens
1597 2061 1664 2089 gen-

870 2102 913 2127 tes
933 2099 961 2126 in
974 2098 1056 2134 ipsius
1075 2097 1183 2130 arbore,
1199 2097 1253 2126 hoc
1268 2101 1309 2125 est
1329 2097 1486 2134 patriarchis
1505 2098 1667 2135 consistere,

871 2151 987 2180 esseque
1000 2147 1142 2171 consortes
1158 2147 1185 2170 et
1208 2142 1352 2178 participes
1368 2142 1467 2170 radicis
1480 2147 1508 2170 et
1523 2143 1666 2178 pinguedi-

871 2188 923 2222 nis,
946 2187 998 2216 hoc
1019 2192 1061 2216 est
1082 2187 1204 2223 ejusdem
1219 2195 1283 2215 cum
1301 2187 1354 2214 illis
1374 2187 1524 2215 nobilitatis
1536 2191 1563 2215 et
1575 2187 1668 2223 glorias

42 2235 114 2270 ῖητνς,
130 2229 262 2267 τουτέστι,
277 2232 324 2265 τῆς
338 2231 419 2266 αὐτῆς
439 2230 546 2264 ἐκείνοις
564 2231 694 2270 εὐγενείας
715 2231 758 2260 καὶ
774 2230 816 2260 δό-

892 2232 946 2269 pud
959 2234 1051 2260 Deum
1066 2232 1221 2267 participes.
1236 2231 1363 2268 Neigitur
1377 2232 1501 2260 attollere
1513 2236 1540 2259 et
1550 2232 1666 2268 gloriare

42 2268 77 2302 ξης
89 2274 225 2313 μετέχοντα
240 2274 315 2314 παρὰ
331 2275 405 2315 θεῷ.
424 2275 472 2311 Μὴ
492 2270 537 2305 οὖν
557 2268 627 2305 κατὰ
642 2276 693 2304 τῶν
713 2275 816 2304 κλάδων

44 2314 135 2355 ἐπαίρου
145 2318 188 2346 καὶ
202 2321 307 2359 καυχῶ.

74 2360 124 2405 ινΕἶ
137 2361 162 2391 δὲ
175 2368 397 2403 κατακαυχᾶσαι,
415 2365 444 2393 οὔ
457 2363 488 2393 σὺ
504 2363 551 2399 τὴν
572 2364 643 2405 ῥίζαν
662 2364 817 2404 βαστάζεις,

45 2402 118 2439 ἀλλ’ἢ
133 2407 187 2446 ῥίζα
202 2407 243 2438 σέ.
259 2422 270 2434 ιι
287 2402 342 2438 καὶ
365 2409 391 2438 τί
404 2411 482 2438 τοῦτο
497 2408 657 2449 κατόρθωμα
678 2410 730 2438 τῶν
752 2410 819 2439 ἄπο-

46 2449 194 2494 ςπασθίντων
219 2452 342 2490 κλάδων;
364 2455 421 2489 Τῆς
443 2453 493 2494 γὰρ
509 2454 581 2494 ῥίζης
595 2454 651 2484 ἐστὶ
667 2454 697 2483 τὸ
714 2455 819 2494 βαστά-

44 2492 94 2539 ζιξν.
116 2493 209 2535 Ὁρᾷς,
236 2499 293 2531 πῶς
318 2502 372 2532 τοῖς
397 2492 534 2532 Ἰουδαίοις
557 2499 662 2539 ψυχρὰν
682 2492 821 2538 χαρίζεται

45 2535 124 2575 Ζίριν,
145 2542 387 2579 παραμυθήσασθαι
402 2543 481 2582 μόνον
503 2535 643 2581 σπεύδων;
667 2535 778 2573 Μάλλον
794 2544 821 2573 δὲ

45 2581 141 2627 καὶλδιὰ
166 2588 243 2615 τοῦτο
261 2587 287 2605 ⁸⁷
303 2587 444 2627 παροξύνει
470 2589 506 2622 εἷς
532 2589 628 2624 ζῆλον,
652 2588 752 2622 δεικνὺς
776 2588 825 2623 τὴν

46 2624 128 2672 ζημίᾳ*
141 2628 171 2664 ἣν
187 2630 302 2672 ἔπαθον,
319 2624 365 2662 κάλ
390 2632 460 2667 ὅπως
483 2634 561 2664 ἄλλοι
577 2632 611 2662 τὰ
628 2633 714 2663 αὐτῶν
730 2632 825 2662 ἔλαϐον

47 2668 90 2711 καὶ,
95 2670 194 2709 ἔχουσιν
201 2697 206 2703 .

873 2277 1002 2307 adversus
1015 2284 1118 2305 ramos.

913 2379 924 2392 ι
946 2367 1026 2403 Quod
1053 2367 1075 2395 si
1088 2366 1223 2403 gloriaris,
1259 2374 1317 2395 non
1351 2371 1380 2394 tu
1411 2366 1529 2395 radicem
1563 2371 1668 2402 portas,

873 2413 921 2441 sed
934 2412 1013 2441 radix
1025 2416 1060 2440 te.
1074 2421 1088 2438 γι
1104 2413 1138 2440 Et
1149 2411 1291 2447 quodnam
1307 2411 1358 2439 hoc
1367 2419 1511 2440 ramorum
1523 2412 1572 2448 qui
1583 2413 1670 2440 avulsi

874 2462 940 2486 sunt
964 2457 1127 2493 praeclarum
1154 2455 1279 2485 facinus?
1302 2456 1413 2484 Radicis
1443 2456 1519 2484 enim
1544 2461 1585 2485 est
1609 2465 1672 2493 por-

875 2507 943 2531 tare.
958 2501 1061 2531 Videns
1075 2509 1160 2538 quam
1171 2500 1267 2537 frigide
1287 2501 1457 2537 gratiﬁcetur
1475 2501 1593 2534 Judaais,
1608 2510 1673 2529 con-

875 2548 957 2576 solari
978 2547 1052 2583 ipsos
1071 2546 1263 2575 tantummodo
1285 2547 1410 2574 enitens?
1432 2547 1518 2582 Atqui
1548 2554 1596 2582 per
1620 2546 1673 2573 hoc

879 2593 970 2628 potius
992 2592 1026 2621 ad
1045 2591 1250 2620 aemulationem
1273 2598 1320 2619 eos
1338 2591 1443 2626 incitat,
1470 2591 1601 2618 damnum
1627 2597 1674 2617 os-

879 2636 996 2665 tendens
1020 2637 1093 2672 quod
1113 2640 1177 2664 sunt
1191 2636 1274 2672 passi,
1292 2639 1319 2664 et
1330 2635 1470 2672 quomodo
1487 2635 1533 2663 alii
1552 2642 1615 2670 quae
1634 2634 1674 2670 ip-

880 2689 975 2710 sorum
984 2685 1063 2709 erant
1072 2684 1254 2718 perceperunt
1267 2684 1295 2709 et
1309 2680 1460 2717 possident.

743 2772 837 2802 Variae
859 2771 1010 2802 lectiones.

82 2859 102 2879 "
114 2863 267 2896 πιστεύοντας
280 2873 306 2894 ο.
343 2864 366 2884 ⁸⁷
382 2869 470 2894 τοῦτον
489 2875 515 2896 o.

177 2908 297 2939 ΡΛτιιόι..
315 2911 362 2940 GR.
383 2913 490 2942 CXXIV.

1489 2914 1522 2944 i6
