1901 3077
243 204 295 236 405

754 201 1009 231 THEOPHYLACTI
1028 198 1205 230 BULGARUE
1225 199 1380 228 ARCHIEP.
1835 198 1874 226 496

243 269 448 300 demonstravit
468 267 653 297 inobedieutes
672 271 697 294 et
728 266 893 300 incredulos,
917 270 947 293 ut
973 265 1041 293 alios

1102 264 1228 298 ἰπέδειξιν
1244 265 1433 300 ἀπειθοῦντας,
1447 261 1490 291 ἵνα
1508 261 1567 294 τοὺς
1588 260 1697 300 ἑτέρους
1718 260 1763 289 διὰ
1782 262 1823 295 τῆς
1835 262 1873 290 τῶν

243 315 364 343 aliorum
372 313 548 342 contentione
565 316 698 340 servaret.
714 311 793 339 Prius
806 310 889 344 enim,
903 310 1041 346 gentibus,

245 368 302 388 non
342 357 608 393 obtemperantibus,
634 356 762 389 servavit,
789 355 830 383 uti
855 354 961 382 dictum
987 359 1041 388 est,

246 404 380 433 Hebraeos
399 411 515 431 :rursus
528 401 630 430 Judaais
650 401 759 429 Christo
779 408 833 427 non
857 398 1042 430 credentibus,

246 450 328 478 salvas
349 448 430 476 facta:
445 451 510 475 sunt
531 450 624 483 gentes
648 454 655 473 :
678 445 843 473 conservatis
871 444 926 480 85
946 447 1040 471 autem

247 494 374 531 gentibus
387 492 479 521 Judaei
489 491 663 524 aemulantes,
678 490 728 526 ipsi
743 490 827 518 etiam
840 493 984 516 servantur
996 497 1002 516 :
1016 492 1043 515 et

247 540 284 567 sic
298 546 394 566 omnes
405 535 620 565 misericordiam
631 538 849 571 consequuntur.

283 585 374 611 Vens.
404 585 451 610 33.
477 592 490 606 ‹‹
506 581 530 609 Ο
549 579 765 616 profunditatem
781 578 937 606 divitiarum
956 581 984 606 et
1000 584 1043 605 sa-

250 628 358 664 pientiae
371 631 400 655 et
417 626 539 654 scientiae
552 625 602 653 Dei
615 627 621 652 !
636 632 718 660 quam
731 628 796 652 sunt
819 622 1044 658 imperscrutabi-

248 673 282 701 lia
297 672 401 709 judicia
421 671 501 707 ejus,
527 674 554 698 et
577 668 840 705 impervestigabiles
863 668 914 695 viae
934 666 1007 702 ejusl
1030 678 1041 690 ο

247 719 390 754 Reputans
409 723 503 744 secum
516 714 565 743 Dei
587 713 887 750 dispensationes,quaa
904 719 920 739 a
945 710 1043 739 mundi

248 762 359 790 fuerunt
381 759 588 792 constitutione,
620 758 667 794 qui
694 765 742 793 per
776 755 911 784 contraria
938 755 1045 791 dispen-

248 811 289 835 set
300 805 446 838 contraria,
461 812 493 832 ac
516 812 566 840 per
578 803 645 831 alios
665 801 856 830 inobedientes
868 805 896 828 et
917 799 1043 827 incredu-

247 852 299 886 los,
314 851 381 878 alios
402 849 563 878 obedientes
580 852 607 875 et
615 847 741 875 credulos
750 845 861 880 efﬁciat,
879 845 1021 880 obstupuit
1035 854 1041 872 :

247 896 389 925 afﬁrmans
403 902 467 922 eum
478 893 593 922 omnino
603 892 649 928 qui
664 891 704 920 sic
715 899 757 919 res
774 894 881 918 nostras
892 890 1043 925 dispensat,

1095 310 1189 348 ἑτέρων
1209 309 1283 348 σώσῃ
1305 306 1474 348 φιλονεικίας.
1503 306 1635 345 Πρότερον
1653 305 1709 345 γὰρ
1733 306 1876 340 ἆπειθησάν-

1095 366 1146 383 των
1160 355 1211 382 τῶν
1221 354 1339 388 ἐθνικῶν,
1353 351 1460 387 ἔσωσεν,
1472 352 1507 384 ὣς
1518 351 1621 390 εἴρηται
1633 373 1642 388 ,
1657 350 1722 383 τοὺς
1732 349 1876 389 Ἑϐραίουςι

1095 398 1175 427 πάλιν
1202 398 1245 427 ἐπὶ
1273 399 1387 436 Χριστοῦ
1417 395 1617 431 ἆπειθησοίντων
1650 396 1706 424 τῶν
1741 394 1875 428 Ἰουδαίων,

1096 442 1231 478 ἐσώθησαν
1248 444 1271 472 οἱ
1284 441 1378 471 ἐθνικοί
1391 453 1398 460 ·
1413 441 1549 470 σωθέντων
1562 439 1689 479 [SHw-{iv
1703 440 1825 474 ἐθνικῶν,
1838 451 1875 468 πει-

1097 490 1268 528 ραζηλοῖντες
1277 489 1300 517 οἱ
1312 487 1446 522 Ἰουδαῖοι,
1461 486 1591 520 σώζονται
1601 484 1649 515 καὶ
1670 484 1758 514 cinci-
1769 484 1812 514 καὶ
1824 484 1876 513 οὕτω

1096 533 1192 565 πάντες
1209 533 1352 563 ἐλεοῦνται,

1137 591 1148 604 ιι
1162 577 1202 607 Ὢ
1215 577 1294 617 βάθος
1314 576 1427 606 πλούτου
1440 575 1487 605 καὶ
1501 574 1594 616 σοφίας
1613 573 1662 603 καὶ
1677 573 1799 612 γνώσεοκ
1809 574 1876 603 Θεεῦῑ

1096 624 1131 655 ὡς
1149 622 1334 662 ἂνεξερεύνητα
1359 620 1392 650 τὰ
1420 620 1540 660 κρίματα
1565 620 1668 655 αὐτοῦ,
1692 619 1740 648 καὶ
1756 617 1878 657 ἀνεξιχνία-

1097 679 1153 696 στοι
1167 668 1194 696 αἱ
1208 667 1262 696 ὁδοὶ
1282 667 1360 695 αὐτοῦ
1373 668 1380 696 l
1395 678 1408 695 ι)
1427 665 1484 699 Τὰς
1506 663 1660 702 οἰκονομίας
1675 667 1724 693 τοῦ
1738 663 1806 693 Θεοῦ
1827 664 1875 691 ἄνευ

1097 712 1283 752 λογισάμενος,
1300 711 1347 745 τὰς
1366 710 1410 750 ἀφ’
1424 705 1505 750 οἷπερ
1520 711 1534 738 ὁ
1557 709 1660 747 κόσμος
1687 708 1816 742 συνέστη,
1835 709 1876 740 πῶς

1097 756 1140 786 διὰ
1160 758 1211 785 τῶν
1227 755 1352 785 ἐναντίων
1371 755 1405 785 τὰ
1421 754 1526 784 ἐναντία
1551 754 1709 791 οἰκονομεῖ,
1736 753 1781 781 καὶ
1797 751 1875 780 δι’ἑτέ-

1097 813 1148 841 ρων
1182 800 1358 830 ἀπειθούντων
1390 800 1485 832 ἄλλους
1521 800 1648 831 εὐπειθεῖς
1687 797 1872 829 ἀναδείκνυσιν,

1096 845 1228 884 ἐξεπλάγη
1242 858 1248 864 ·
1270 845 1443 883 πιστούμενος
1467 843 1508 873 ὅτι
1532 842 1640 875 πάντως
1664 844 1680 872 ὁ
1697 841 1780 874 οὕτως
1800 842 1875 870 οἰκονο-

1098 893 1155 926 μῶν
1176 891 1209 920 τὰ
1224 890 1359 929 ἡμέτερα,
1386 889 1431 918 καὶ
1450 887 1511 928 περὶ
1533 890 1580 924 τῆς
1595 886 1876 929 μελλούσης-σωτηρίας

248 942 282 970 de
296 940 478 969 Hebraeorum
501 938 584 966 etiam
599 927 691 965 futura
704 936 802 969 salute,
815 934 917 970 aliquid
934 934 1044 969 dispen-

1102 937 1148 964 τῶν
1161 935 1297 965 Ἰουδαίων
1313 933 1492 972 οἰκονομήσει.
1523 933 1645 963 Πλοῦτον
1666 932 1717 970 μὲν
1741 927 1783 960 οὖν
1800 929 1874 967 ὀνομά-

247 990 385 1014 saturum.
412 983 524 1012 Divitias
547 982 630 1018 igitur
643 981 763 1009 divinam
788 980 938 1008 bonitatem
949 978 1046 1014 appel—

250 1031 299 1065 lat,
329 1029 407 1065 cujus
430 1026 646 1064 profunditatem
674 1024 852 1053 solummodo
879 1023 1043 1056 demiratur,

248 1075 430 1111 quantitatem
446 1073 576 1109 ignorans
596 1081 603 1098 -.
619 1078 653 1106 op
661 1078 708 1098 um
714 1070 790 1098 enim
804 1073 856 1102 est,
869 1072 963 1105 gentes
973 1067 1043 1095 adeo

249 1119 398 1155 locupletes
420 1118 518 1145 facere.
543 1116 692 1144 Enimvero
715 1122 780 1142 cum
795 1113 915 1141 bonitate
943 1116 972 1140 et
1000 1120 1043 1139 sa-

249 1164 379 1200 pientiam
398 1161 548 1190 admiratur
562 1168 609 1196 per
622 1167 706 1195 quam
727 1163 820 1186 nostra
851 1156 921 1193 regit
945 1164 978 1184 ac
1002 1155 1044 1184 di-

250 1212 372 1245 spensat,
399 1207 536 1242 rudesque
563 1208 659 1241 gentes
680 1202 791 1237 erudiit;
807 1206 834 1229 et
857 1200 1042 1237 cognitionem

247 1244 296 1290 per
310 1260 395 1290 quam
413 1251 490 1279 novit
504 1250 571 1286 quid
590 1249 737 1285 unicuique
749 1246 898 1275 conducat.
914 1246 977 1274 Non
1003 1244 1043 1272 di-

246 1289 287 1326 iiit
310 1302 403 1326 autem
418 1317 427 1331 ,
453 1292 757 1330 Imcomprehensibilia
771 1296 835 1320 sunt
858 1290 960 1327 judicia
973 1289 1043 1326 ejus,

245 1344 303 1374 sed,
319 1355 332 1367 α
355 1339 605 1378 lnperscrutabilia,
620 1348 634 1365 ιι
652 1338 706 1366 hoc
726 1341 779 1371 est,
801 1344 858 1364 non
871 1335 985 1363 omnino
999 1341 1043 1362 re-

244 1387 369 1424 cipientia
394 1385 609 1422 indagationem.
627 1394 639 1407 α
665 1384 699 1410 Et
730 1382 780 1409 viae
794 1381 862 1416 ejus,
879 1390 892 1406 υ
911 1380 964 1407 hoc
988 1382 1041 1411 est,

245 1422 471 1469 dispensationes,
501 1430 603 1457 nedum
638 1435 695 1454 non
716 1430 831 1462 possunt
851 1423 976 1460 agnosci,
995 1422 1042 1450 sed

247 1486 281 1505 ne
294 1476 394 1512 inquiri
410 1474 523 1511 quidem
544 1479 666 1509 prorsus,
689 1471 734 1498 vel
746 1469 890 1505 vestigium
918 1468 1042 1504 ipsarum

245 1530 365 1557 conspch
371 1541 379 1549 .

282 1565 374 1592 Vens.
385 1565 420 1591 34
433 1584 440 1597 ,
455 1565 499 1590 35.
519 1572 532 1585 α
554 1559 623 1595 Quis
635 1559 707 1587 enim
722 1557 851 1594 cognOVit
861 1563 976 1584 sensum
986 1557 1041 1584 Do-
1057 1565 1080 1597 ο

248 1609 331 1636 mini?
351 1611 399 1635 aut
420 1607 480 1643 quis
499 1603 671 1634 consiliarius
690 1603 742 1638 ipsi
761 1602 812 1630 fuit
840 1601 898 1637 i.j?
915 1605 963 1628 aut
983 1600 1044 1637 quis

248 1653 320 1689 prior
335 1651 410 1680 dedit
422 1651 456 1686 ei,
470 1655 497 1678 et
509 1647 679 1678 'retribuetur
690 1647 785 1683 ipsik?
800 1658 812 1670 ιο
825 1646 916 1679 Solus,
943 1645 1044 1681 inquit,

248 1698 305 1733 ipse
327 1697 404 1724 novit
421 1703 486 1728 sua,
498 1698 526 1722 et
548 1701 632 1722 nemo
655 1692 733 1720 alius.
751 1691 862 1727 Sapiens
877 1697 959 1726 porro
979 1697 1043 1717 cum

247 1743 291 1776 sit,
308 1750 323 1770 a
338 1741 414 1770 nullo
428 1740 483 1769 alio
512 1739 672 1768 consultare
684 1736 824 1765 institutus
853 1739 904 1769 est,
922 1734 971 1762 sed
986 1734 1043 1770 ipse

245 1787 349 1824 sibiipsi
369 1786 434 1815 satis
452 1784 508 1813 fuit
525 1782 677 1817 sufﬁciens,
697 1785 725 1810 et
737 1785 788 1809 est.
804 1780 963 1816 Quinetiam
983 1786 1043 1806 om-

247 1833 326 1860 nium
341 1832 480 1860 bonorum
500 1829 562 1858 fons
579 1831 631 1860 est,
654 1831 682 1855 et
704 1832 879 1862 quaecunque
900 1824 958 1857 dat,
987 1830 1044 1851 non

245 1877 327 1906 veluti
357 1874 612 1912 compensationem
628 1872 670 1900 vel
692 1870 906 1899 retributionem
932 1868 1043 1902 debeat,

245 1922 378 1958 impertit,
404 1919 451 1948 sed
463 1920 498 1948 ob
513 1918 654 1955 propriam
667 1915 862 1945 tantummodo
880 1914 1043 1942 bonitatem.

245 1957 313 2002 Quis
322 1966 396 1995 enim
405 1965 525 2001 primum
536 1963 613 1991 dedit
624 1962 659 1995 ei,
678 1960 812 1988 nimirum
825 1961 898 1991 Deo,
908 1962 938 1986 ut
963 1957 1044 1985 retri-

247 2001 348 2040 buatur
363 2010 433 2046 ipsi?
448 2009 503 2037 hoc
525 2012 578 2041 est,
598 2010 629 2034 ut
644 2005 718 2041 quod
734 2012 750 2032 a
767 2006 825 2031 Deo
839 2003 925 2031 datur
947 2001 1047 2030 beneﬁ-

247 2056 330 2089 cium,
347 2059 482 2089 tanquam
491 2049 636 2080 retributio
656 2056 721 2084 erga
741 2048 834 2084 ipsum
859 2046 933 2075 facta
955 2046 1043 2081 impu-

247 2104 322 2128 tetur
337 2101 349 2127 Ρ

280 2145 374 2172 Vnus.
397 2145 441 2170 36.
459 2153 471 2166 υ
490 2139 631 2176 Quoniam
650 2146 683 2166 ex
699 2137 775 2173 ipso,
791 2144 825 2164 ex
837 2142 886 2172 per
903 2135 1006 2171 ipsum,
1020 2138 1048 2162 et

246 2189 274 2216 in
293 2188 384 2224 ipsum
396 2190 461 2214 sunt
471 2184 575 2213 omnia.
590 2195 603 2208 ι
621 2183 681 2218 Ipse
692 2185 734 2209 est
750 2179 814 2209 fons
830 2179 974 2212 omnium;
993 2178 1049 2207 hoc

247 2223 320 2261 enim
335 2237 376 2261 est
393 2230 468 2268 quod
483 2230 537 2261 ait,
558 2241 570 2252 ι
586 2229 628 2256 Ex
645 2227 720 2262 ipso;
744 2237 756 2250 υ
777 2230 805 2253 et
824 2223 969 2253 Condidor
984 2231 1046 2251 om-

246 2278 345 2306 nium:
369 2277 421 2304 hoc
435 2275 511 2302 enim
528 2272 604 2307 illud,
631 2283 643 2296 ι
666 2272 718 2298 Per
729 2271 838 2306 ipsum;
858 2281 870 2293 ιο
895 2273 922 2296 et
935 2275 1045 2296 conser-

247 2326 325 2350 vator
337 2320 482 2349 omnium:
500 2318 553 2346 hoc
568 2317 643 2345 enim
658 2315 735 2349 illud,
751 2327 763 2339 ι
777 2316 807 2342 ln
831 2314 931 2349 ipsum.
949 2324 962 2337 ιι
979 2313 1047 2340 0m-

248 2367 292 2394 nia
307 2366 383 2394 enim
402 2372 436 2393 ex
460 2364 519 2400 ipso
531 2361 635 2390 habent
648 2360 829 2397 principium,
853 2361 882 2385 et
893 2364 939 2393 per
954 2356 1045 2392 ipsum

247 2411 318 2438 facta
331 2413 407 2445 sunt,
421 2412 449 2437 et
465 2408 493 2437 in
506 2407 598 2443 ipsum
612 2414 662 2434 ceu
672 2405 886 2433 fundamentum
904 2401 1046 2438 quoddam

248 2455 388 2491 vergentia
402 2453 551 2489 euntiaque
564 2450 720 2479 consistunt
738 2453 766 2478 et
779 2447 968 2480 continentur,
979 2453 1045 2474 con-

247 2507 325 2528 versa
337 2498 371 2528 ad
385 2499 491 2535 ipsum.

283 2556 296 2570 ι
314 2543 369 2581 Ipsi
394 2542 481 2580 gloria
496 2542 523 2569 in
541 2540 650 2569 saecula.
677 2540 781 2567 Amen.
803 2547 817 2561 ι»
841 2537 889 2563 Est
914 2535 944 2562 in
969 2541 1047 2562 more

247 2588 308 2617 divo
326 2579 420 2623 Paulo,
437 2591 468 2616 ut
495 2594 561 2614 cum
588 2583 665 2613 ardui
681 2582 813 2619 quiddam
839 2579 949 2613 dixerit,
982 2585 1046 2606 cum

245 2634 398 2670 gratiarum
411 2632 519 2661 actione
535 2636 695 2658 sermonem
709 2626 830 2660 claudat.
842 2624 955 2661 perinde
968 2630 1001 2651 ac
1021 2626 1049 2650 et

241 2668 302 2714 iam
326 2686 401 2707 nunc
424 2676 663 2710 facit.Postquam
703 2671 779 2700 enim
803 2668 988 2699 admiratione
1021 2670 1050 2694 et

282 2759 308 2781 U
323 2759 367 2787 lla
379 2764 431 2792 ιιι,
448 2759 492 2785 ιι.
531 2752 544 2772 ι
557 2756 623 2791 Sap.
640 2761 691 2787 ix.
706 2755 734 2780 8.

1098 982 1136 1015 ζει
1150 981 1197 1016 τὴν
1216 979 1366 1019 ἀγαθότητα
1378 1002 1385 1014 ,
1406 974 1437 1014 ἧς
1452 978 1482 1007 τὸ
1498 978 1577 1017 βάθος
1595 977 1778 1013 ἐκπλήττεται
1799 975 1875 1013 μόνον,

1071 1050 1074 1053 .
1098 1027 1128 1055 τὸ
1147 1025 1228 1055 ποσὸν
1248 1026 1327 1060 αὐτ-’ἧς
1350 1025 1468 1062 ἀγνοῶν·
1486 1022 1601 1051 πλούτου
1625 1022 1682 1061 γὰρ
1696 1021 1728 1050 τὸ
1750 1020 1806 1054 τοὺς
1826 1020 1873 1048 ἐθνιι

1098 1070 1158 1104 κοὺς
1173 1069 1254 1103 οὕτως
1269 1069 1393 1108 εὐπόρους
1417 1069 1538 1103 ποιῆσαι.
1563 1068 1603 1097 Οὔ
1626 1066 1683 1105 μὴν
1699 1065 1726 1084 ⁹⁴
1744 1065 1809 1095 ἀλλὰ
1830 1064 1876 1108 api}:

1097 1118 1131 1155 τῇ
1159 1115 1302 1155 ἀγαθότητι
1322 1104 1368 1142 καὶ
1392 1112 1439 1149 τὴν
1462 1111 1557 1152 σοφίαν
1582 1104 1784 1146 ἐκπλήττεται,
1810 1108 1838 1138 δι’
1856 1104 1876 1143 ἧς

1099 1152 1190 1190 πλέκεί
1212 1159 1246 1189 τὰ
1269 1158 1400 1198 ἡμέτερα,
1419 1157 1465 1186 καὶ
1479 1155 1551 1198 τοὺς
1559 1157 1673 1194 ἀμαθεῖς
1696 1154 1809 1187 ἐθνικοὺς
1832 1152 1875 1181 ἰσό-

1098 1216 1176 1244 φισε·
1201 1204 1246 1233 καὶ
1273 1196 1321 1239 τὴν
1344 1196 1458 1244 γνῶσιν,
1483 1201 1516 1230 δι’
1532 1196 1564 1236 ἧς
1589 1200 1719 1238 γινώσκει
1744 1199 1774 1228 τὸ
1793 1198 1875 1235 ἑκάστῳ

1098 1242 1242 1290 συμφέρον.
1266 1249 1326 1279 Οὖκ
1348 1242 1407 1277 εἶπε
1428 1247 1473 1283 δὲ,
1497 1245 1537 1287 ὅτι
1565 1245 1762 1282 Ἀκατάληπτα
1785 1243 1819 1290 τα
1835 1242 1875 1280 κρί-

1098 1306 1171 1332 ματα
1196 1295 1293 1330 αὐτοῦ,
1311 1293 1384 1328 ἀλλ’,
1412 1303 1427 1319 α
1452 1289 1672 1329 Ἀνεξερεύνητα,
1705 1302 1720 1318 ι
1748 1287 1874 1320 τουτέστιν,

1097 1339 1211 1371 οὐδόλως
1226 1338 1357 1378 δεχόμενα
1373 1336 1491 1376 ἔρευναν.
1508 1349 1520 1361 ι
1531 1335 1584 1365 Καὶ
1595 1336 1621 1364 αἱ
1635 1335 1694 1364 ὁδοὶ
1706 1335 1794 1370 αὐτοῦ,
1802 1346 1812 1357 ι·
1820 1342 1874 1360 τουτ-

1097 1383 1179 1422 έστιν,
1195 1384 1222 1412 αἱ
1238 1381 1385 1420 οἰκονομίαι
1395 1403 1404 1417 ,
1426 1381 1455 1410 οὖ
1471 1380 1550 1418 μόνον
1575 1381 1604 1409 οὗ
1627 1379 1756 1409 δύνανται
1772 1377 1874 1416 γνωσθῆ-

1096 1439 1155 1465 ναι,
1180 1429 1239 1458 ἀλλ’
1254 1427 1311 1457 οὖδὲ
1333 1427 1478 1463 ζητηθῆναι
1501 1423 1586 1459 ὅλως,
1602 1423 1620 1460 ἢ
1638 1424 1714 1464 ἴχνος
1739 1423 1820 1452 αὐτῶν
1840 1431 1874 1459 φα-

1097 1484 1184 1509 νηναι.

1140 1572 1152 1585 α
1169 1557 1218 1591 Τίς
1241 1556 1293 1597 γὰρ
1319 1556 1386 1594 ἔγνω
1411 1557 1470 1584 νοῦν
1494 1554 1613 1593 Κυρίου,
1640 1553 1658 1590 ἢ
1684 1553 1724 1586 τίς
1749 1550 1874 1597 σύμϐουλος

1099 1605 1170 1644 αὖτῷ
1185 1602 1303 1641 ἐγένετο;
1320 1600 1384 1637 ἣτίς
1402 1599 1550 1639 προέδωκεν
1573 1600 1647 1638 αὖτῷ
1655 1622 1665 1634 ,
1683 1598 1730 1628 καὶ
1746 1595 1871 1627 ἀνταποδο-

1097 1649 1206 1684 θήσεται
1222 1647 1311 1686 αὗτῷς
1327 1660 1338 1671 η
1360 1644 1462 1680 Μόνος,
1479 1645 1574 1684 φησὶν,
1586 1644 1666 1676 αὐτὸς
1678 1638 1733 1672 οἶδε
1749 1641 1782 1670 τὰ
1797 1640 1873 1671 aia-:05.

1097 1693 1142 1723 καὶ
1157 1691 1239 1725 οὐδεὶς
1259 1690 1353 1730 ἕτερος.
1373 1690 1458 1730 Σοφὸς
1479 1689 1506 1718 δὲ
1522 1688 1558 1717 ὢν
1569 1711 1575 1722 ,
1592 1690 1621 1717 οὖ
1637 1690 1704 1728 παρ’
1723 1686 1808 1726 ἐτέρου

1097 1737 1193 1767 ϐούλου
1217 1725 1362 1775 ἐσοφίσθη,
1387 1725 1446 1763 ἀλλ’
1467 1734 1544 1766 αὐτὸς
1571 1734 1659 1772 ἑαυτῷ
1681 1725 1815 1770 αὐτάρκης
1833 1725 1873 1775 iii:

1097 1794 1155 1812 νετο
1169 1781 1214 1810 καὶ
1228 1768 1309 1810 ἔστιν.
1333 1768 1416 1809 itm
1432 1779 1479 1808 καὶ
1502 1777 1609 1807 πάντων
1625 1768 1679 1806 τίόν
1699 1768 1803 1814 ἀγαθῶν
1815 1768 1871 1807 πηγή

1098 1828 1154 1857 ἐστι
1163 1849 1172 1863 ,
1186 1825 1231 1856 καὶ
1245 1825 1295 1855 ὅσα
1311 1823 1429 1861 δίδωσιν,
1445 1824 1495 1863 οὐχ
1509 1826 1544 1856 ὡς
1555 1821 1673 1860 ἀμοιϐὴν
1690 1820 1799 1860 ὀφείλων
1814 1815 1872 1845 δίδω-

1098 1884 1155 1907 σιν,
1173 1870 1240 1900 ἀλλὰ
1256 1869 1300 1898 διὰ
1315 1868 1362 1904 τὴν
1378 1868 1476 1897 οἰκείαν
1489 1866 1655 1906 ἀγαθότητα.
1672 1877 1688 1895 α
1704 1865 1753 1897 Τίς
1767 1863 1876 1907 γὰρῄπρξ·
1893 1882 1894 1907 ι

1100 1897 1155 1907 "'r
1174 1897 1240 1900 *‘"""
1261 1897 1265 1898 ν
1287 1897 1299 1898 η
1323 1897 1347 1904 νι
1514 1897 1519 1906 ι
1602 1897 1607 1902 .
1771 1897 1777 1902 .
1803 1897 1808 1900 .

1099 1916 1194 1945 ἔδωκεν
1210 1915 1291 1954 αὐτῷ,
1309 1928 1320 1939 ιν
1331 1913 1466 1948 τουτέστι,
1480 1913 1518 1952 τῷ
1533 1912 1615 1951 Θεῷ,
1626 1910 1674 1940 ἴνα
1691 1923 1702 1936 ι
1718 1901 1876 1938 ἄνταποδοθῆ·
1893 1897 1894 1927 ί

1100 1972 1172 1989 σεται
1187 1960 1275 1998 αὖτῷ;
1288 1972 1301 1985 ι
1319 1957 1468 1993 τουτέστιν,
1483 1956 1526 1986 ἵνα
1547 1958 1564 1992 ἡ
1582 1955 1657 1995 παρὰ
1678 1958 1724 1984 τοῦ
1739 1953 1807 1982 Θεοῦ
1823 1950 1878 1986 ιῦιρ⁴

1099 2004 1193 2044 γεσία,
1205 1993 1429 2040 οὓς-ἀνταπόδομα
1453 2001 1588 2042 λογισθείη
1605 1993 1673 2040 πρὸς
1695 1997 1773 2028 αὐτὸν
1788 1993 1877 2035 γινόμε-

1101 2060 1162 2086 νον,

1145 2145 1159 2160 α
1173 2132 1240 2163 Ὅτι
1264 2131 1290 2166 ἐξ
1306 2132 1401 2170 αὐτοῦ,
1417 2130 1464 2160 καὶ
1478 2128 1510 2159 δι’
1529 2130 1627 2166 αὐτοῦ,
1651 2127 1697 2158 καὶ
1721 2128 1757 2160 εἰς
1771 2117 1877 2170 αὐτὸν-ἒξ

1196 2161 1206 2163 ~
1221 2161 1226 2162 γ
1283 2161 1290 2166 -
1395 2161 1401 2170 ,
1621 2161 1626 2166 .

1102 2178 1201 2208 πάντα.
1213 2191 1225 2203 υ
1239 2176 1326 2209 Αὐτὸς
1341 2177 1358 2211 ἡ
1373 2173 1447 2214 πηγὴ
1464 2174 1571 2204 πάντων
1583 2186 1590 2192 ·
1605 2175 1685 2202 τοῦτο
1698 2171 1749 2211 γὰρ
1759 2169 1804 2205 τὸ,
1818 2180 1829 2193 ι
1842 2161 1876 2214 Ἐξ

1103 2224 1191 2251 αὐτοῦ·
1207 2234 1222 2250 io
1240 2221 1286 2251 καὶ
1302 2222 1316 2249 ὁ
1330 2219 1442 2256 ποιητὴς
1460 2219 1567 2248 πάντων
1582 2228 1588 2234 ·
1614 2219 1692 2247 τοῦτο
1707 2215 1757 2255 γὰρ
1771 2213 1812 2249 τὸ,
1824 2224 1834 2236 ι
1847 2207 1877 2256 ὲξδ

1103 2268 1198 2296 αὐτοῦ·
1220 2279 1236 2294 »
1264 2265 1308 2295 καὶ
1332 2267 1345 2294 ὁ
1367 2263 1492 2303 συνοχεὺς
1515 2264 1620 2292 πάντων
1637 2272 1644 2279 ⁶
1670 2265 1747 2291 τοῦτο
1774 2257 1820 2297 γὰρ
1841 2252 1876 2303 ξδι

1103 2325 1114 2337 ι
1132 2312 1179 2345 Εἰς
1195 2310 1282 2340 αὐτόν.
1302 2323 1313 2335 ιι
1329 2297 1491 2348 Πάν-ια’γὰρ
1512 2308 1537 2342 ἐξ
1553 2309 1634 2337 αὐτοῦ
1659 2306 1714 2346 ἔχει
1731 2303 1777 2339 τὴν
1792 2297 1875 2348 ἆξχῂνι

1102 2356 1146 2385 καὶ
1168 2355 1200 2385 δι’
1216 2357 1296 2384 αἰετοῦ
1321 2344 1505 2392 ἐγένετο,’καὶ
1526 2354 1562 2386 εἷς
1579 2344 1778 2391 αὖτὸνξῶσπερ
1797 2346 1829 2375 εἷς
1842 2344 1874 2392 εξε-

1103 2399 1192 2440 μέλιόν
1216 2411 1275 2428 τινα
1292 2387 1573 2438 βεϐηκότα-ἵστανται
1599 2396 1645 2426 καὶ
1669 2387 1822 2433 συνέχονται
1842 2387 1876 2414 ίπ·

1102 2444 1273 2485 ιστραμμίνα
1287 2442 1352 2483 πρὸς
1366 2442 1458 2472 αὐτόν.

1145 2538 1160 2554 α
1178 2526 1256 2564 Αὐτῷ
1274 2526 1291 2560 ἡ
1315 2523 1377 2558 δόξα
1396 2524 1431 2557 εἷς
1452 2522 1512 2557 τοὺς
1531 2522 1639 2554 αἰῶνας.
1664 2518 1765 2564 Ἀμήν..
1777 2526 1790 2544 a
1812 2511 1876 2541 Ἐθοί

1101 2573 1139 2611 τῷ
1154 2561 1256 2609 Παύλῴ
1266 2592 1274 2605 ,
1288 2568 1350 2597 ὅταν
1367 2580 1392 2597 τι
1407 2567 1476 2606 μέγα
1486 2567 1561 2611 εἱπῃ,
1579 2567 1616 2611 εἰς
1629 2561 1875 2611 εὐχαριστίαξηκέέξέ

1102 2594 1197 2645 salsi-civ
1204 2594 1274 2643 “si;
1283 2594 1359 2651 λέγον
1386 2594 1392 2597 γ
1400 2594 1476 2652 ﬁt?
1607 2594 1756 2639 ‘viﬁivhwloui.
1766 2649 1771 2652 _
1779 2594 1874 2652 ’Eﬂls’)

1103 2638 1368 2700 ζᾶζῖὲετέἆάγζζῆν
1390 2638 1627 2696 estsatis
1638 2638 1699 2690 ἢν
1714 2649 1817 2691 σοφίαν,
1838 2638 1873 2670 καὶ

946 2801 1042 2831 Varia
1065 2798 1216 2830 lectiones.

281 2867 306 2890 η
325 2866 354 2894 οὗ
374 2866 452 2903 μόνον
469 2872 497 2893 o.
