1901 3077
33 176 80 204 497
482 176 656 204 EXPOSITIO
677 177 708 204 IN
730 176 834 205 EPIST.
855 176 900 204 AD
920 177 1002 205 ROM.
1024 192 1057 197 —
1078 177 1154 204 CAP.
1175 178 1226 204 Xll.
1627 179 1679 207 498

30 238 74 274 τὴν
98 238 216 276 γνῶσιν,
241 237 286 268 καὶ
308 237 355 272 τὰς
376 238 524 276 οἰκονομίας
546 242 591 268 τοῦ
616 241 705 278 Θεοῦ,
725 239 815 274 δοξάζε

899 244 992 275 tupore
1011 240 1165 275 perculssus
1187 244 1229 268 est
1241 239 1276 267 ob
1301 239 1453 268 bonitatem
1468 244 1495 268 et
1516 239 1677 276 sapientiam

30 284 118 312 λοιπὸν
139 282 218 312 αὐτόν
232 295 239 301 ”
253 283 283 312 τὸ
298 283 362 313 αὐτὸ
383 283 428 312 καὶ
446 286 518 321 ἡμᾶς
541 283 689 320 διδάσκων,
713 285 756 315 ἐπὶ
773 289 817 313 τοῖι

899 287 906 312 t
920 284 1058 318 notitiam,
1068 289 1095 312 et
1110 284 1340 321 gubernationem
1356 285 1416 316 Dei,
1434 285 1526 320 ipsum
1548 285 1680 322 deinceps

30 328 152 365 μεγάλοις
182 328 288 366 ἀγαθοῖς
315 328 501 368 εὐχαριστεῖν,
525 331 570 358 καὶ
603 328 718 363 δοξάζειν
746 329 817 359 αὐτὸν

899 328 1014 357 loriﬁcat
1028 339 1034 356 :
1050 337 1102 357 nos
1118 329 1211 357 itidem
1237 329 1383 357 instituens
1408 329 1443 357 ob
1459 329 1578 366 ingentia
1600 331 1677 359 bona

30 372 72 401 καὶ
86 371 129 402 διὰ
141 371 230 412 λόγων
239 394 247 409 ,
261 371 309 402 καὶ
325 371 368 401 διὰ
380 373 527 408 πολιτείας.

899 373 976 402 ratias
991 381 1070 410 agere
1084 375 1252 410 ,ipsumque
1269 378 1296 402 et
1319 373 1410 402 verbis
1435 378 1463 402 et
1487 374 1541 402 vita
1569 375 1675 411 gloriﬁ-

317 474 459 505 ΚΕΦΛΛ.
483 474 540 505 ΙΒ’.

67 554 78 567 ιι
94 541 253 577 Παρακαλῶ
261 537 305 570 οὖν
316 543 399 579 ὑμᾶς,
415 541 540 582 ἀδελφοὶ,
558 541 602 572 διὰ
612 543 666 572 τῶν
679 543 823 584 οἰκτιρμῶν

31 588 71 615 sou”
82 586 152 616 θεοῦ
162 608 171 623 ,
189 588 364 625 παραστῆσαι
379 586 413 616 τὰ
436 585 551 625 σώματα
572 588 645 624 ὑμῶν
664 587 756 616 θυσίαν
769 590 821 622 ζῶ-

31 642 90 666 σαν,
103 629 183 670 ἁγίαν
193 653 201 666 ,
216 630 357 670 εὐάρεστον
371 633 408 672 τῷ
420 633 483 671 Θεῷ
492 654 501 668 ,
515 632 563 667 τὴν
576 630 684 671 λογικὴν
696 632 822 672 λατρείαν

31 676 107 713 ὑμῶν.
135 688 148 700 ι
188 675 302 711 Ἐπειδὴ
322 677 418 710 ἱκανῶς
436 678 475 717 τῷ
496 677 652 716 δογματικῷ
676 677 819 717 ἔνδιέτριψε

30 719 110 759 λόγῳ,
137 719 232 749 λοιπὸν
250 720 295 749 καὶ
315 721 350 754 εἷς
365 719 411 750 τὸν
428 720 518 756 ἠθικὸν
543 721 657 760 πρόεισι.
686 721 740 751 Καὶ
763 722 820 751 ἐπεὶ

31 763 104 798 ἔδειξε
129 763 178 799 τὴν
201 767 249 794 τοῦ
272 766 344 795 Θεοῦ
363 764 424 805 περὶ
449 767 521 804 ἡμᾶς
540 765 640 806 ἄφατον
668 767 819 804 οἰκονομίαν

31 809 69 836 χαὶ
84 810 239 847 ansam.
249 831 256 845 ,
278 810 432 849 παρακαλεῖ
457 823 469 836 α
489 809 532 839 διὰ
546 812 598 839 τῶν
614 811 758 850 οἰκτιρμῶν
774 815 820 842 τοῦ

31 854 107 889 Θεοῦ,
125 867 138 878 -
164 853 318 890 τουτέστιν,
333 853 428 888 αὐτοὺς
446 854 506 888 τοὺς
532 854 682 894 οἰκτιρμοὺς
709 856 818 893 μεσίτας

31 897 259 937 προϐαλλόμενος,
284 900 320 932 ὡς
342 897 374 928 ἂν
400 898 508 933 τούτους
532 899 708 936 αἰδεσθέντες,
735 900 817 939 μηδὲν

32 942 125 976 ἀνάξιον
152 944 244 972 αὓτῶν
279 943 481 981 δπιδειξώμεθα.
523 943 560 974 Τί
588 943 615 973 δῦ
645 946 818 984 παρακαλεῖς

29 986 81 1016 Ἴνα
102 987 322 1027 παραστήσωμεν
350 987 384 1017 τὰ
416 988 531 1025 σώματα
552 990 642 1026 ἡμῶν,
666 989 818 1026 τουτέστιν,

30 1030 67 1060 ἵνα
87 1032 121 1064 εἷς
146 1031 266 1070 πόλεμον
294 1036 378 1062 ταῦτα
402 1033 530 1071 ἕκδῶμεν.
555 1033 637 1064 Οὕτω
657 1032 710 1074 γὰρ
730 1031 818 1063 εἴωθεν

31 1078 44 1109 ἡ
65 1076 152 1114 ὁμιλία
177 1076 265 1115 λέγειν
283 1089 289 1095 ·
306 1077 480 1117 Παρέστησεν
506 1080 520 1107 ὁ
537 1079 684 1116 στρατηγὸς
705 1078 752 1111 τὰς
770 1079 817 1108 τοὶ-

30 1119 71 1153 Ξεις
83 1121 117 1153 εἰς
128 1121 260 1159 πόλεμον.
277 1119 316 1152 Ἢ
333 1122 379 1151 καὶ
394 1124 429 1155 ὡς
443 1123 548 1162 βασιλεῖ
571 1124 609 1161 τῷ
625 1124 690 1161 Θεῷ
714 1123 819 1162 ὀφείλο-

31 1176 71 1201 μεν
93 1170 230 1206 παριστᾷν
253 1165 287 1195 τὰ
307 1167 375 1204 μέλη
399 1169 474 1205 ἡμῶν
491 1167 588 1204 δόκιμα
603 1167 649 1196 καὶ
662 1168 818 1207 ἐκλελεγμέ-

30 1220 57 1237 va.
70 1221 76 1227 ·
88 1213 200 1240 τοιοῦτοι
215 1210 267 1250 γὰρ
283 1211 307 1240 οἱ
327 1213 366 1251 τῷ
390 1212 494 1250 βασιλεὶ
516 1212 720 1251 παριστάμενοι.
737 1211 817 1242 Ἀλλὰ

30 1254 67 1282 καὶ
84 1264 98 1282 ι(
110 1254 202 1284 θυσίαν
226 1256 312 1289 ζῶσαν
325 1269 337 1281 ι
356 1259 440 1293 ταῦτα
455 1258 635 1295 παραστῶμεν
704 1268 814 1297 παριστ.

31 1298 68 1328 vel
86 1300 314 1339 παραστήσωμ.
334 1298 423 1330 Ὀταν
447 1300 498 1339 γὰρ
520 1301 695 1339 νεκρώσωμεν
716 1304 815 1339 ταῦτα,

29 1342 79 1371 τότε
92 1344 175 1381 ζῶμεν
195 1343 269 1373 κατὰ
289 1347 405 1382 πνεῦμα.
424 1344 460 1375 Ἦ
487 1344 535 1382 μὲν
551 1341 596 1375 οὖν
623 1345 756 1382 Ἰουδαῑκὴ
772 1348 817 1375 Ou-

29 1386 81 1424 σία,
93 1389 139 1417 οὐκ
152 1389 295 1427 εὐάρεστος
305 1391 343 1429 τῷ
357 1390 433 1429 Θεῷ.
457 1403 468 1415 ε
484 1390 532 1423 Τίς
547 1390 598 1429 γὰρ
613 1389 754 1426 ἐξεζήτησι
768 1414 776 1429 ,
796 1402 811 1419 υ

32 1432 101 1472 φησὶ,
116 1446 127 1458 ι
142 1435 229 1462 ταῦτα
254 1434 284 1463 ἐκ
306 1435 358 1463 τῶν
385 1435 482 1474 χειρῶν
509 1436 601 1472 ὑμῶν;
622 1448 634 1461 η
655 1434 690 1465 Ἡ
711 1435 738 1464 δὲ
763 1437 816 1465 τῶν

31 1478 118 1505 πιστῶν
138 1477 232 1514 θυσία,
260 1479 277 1513 ἡ
299 1478 393 1516 λογικὴ
418 1479 546 1519 λατρεία,
571 1479 670 1519 σφόδρα
698 1479 815 1514 ζητεῖται

32 1521 95 1561 παρὰ
106 1525 150 1552 τῶ
165 1524 238 1554 Θεοῦ
252 1522 290 1553 ’³.
307 1536 318 1548 ι
329 1523 419 1553 Θῠσον
429 1537 441 1549 ι
453 1525 504 1563 γὰρ
517 1537 529 1550 ι
544 1524 582 1562 τῷ
597 1525 659 1563 Θεῷ
675 1524 767 1553 θυσίαν
778 1525 815 1554 αἷ-

31 1564 114 1600 νέσεως
125 1578 131 1584 ·
143 1581 154 1593 ι
170 1566 234 1601 καὶ,
248 1580 260 1593 α
273 1567 363 1598 Θυσία
374 1567 495 1601 αἰνέσεως
507 1567 611 1602 δοξάσει
627 1581 671 1607 με.
687 1581 699 1594 ι
712 1568 814 1608 Λογικὴ

33 1609 54 1638 δὲ
67 1610 176 1651 λατρεία,
190 1613 222 1641 οὖ
238 1611 318 1648 μόνον
329 1613 346 1647 ἡ
360 1611 404 1641 διὰ
418 1612 497 1650 λόγου
510 1612 574 1651 πρὸς
591 1613 661 1642 Θεὸν
677 1613 814 1652 γινομένη,

900 1614 959 1643 udis
971 1614 1135 1651 gloriﬁcabit
1148 1623 1194 1643 me
1208 1617 1239 1642 ".
1257 1627 1269 1639 ιο

34 1654 91 1683 ἀλλὰ
104 1657 146 1685 καὶ
162 1659 180 1693 ἡ
192 1656 265 1686 κατὰ
280 1657 395 1695 Χριστὸν
415 1657 535 1686 πολιτεία
549 1680 556 1693 ,
572 1657 634 1686 ὅταν
655 1658 736 1695 μηδὲν
753 1658 818 1687 ἄλο-

35 1710 71 1736 γον
94 1700 172 1734 πάθος
195 1701 225 1730 ἐν
249 1701 314 1739 ἡμῖν
334 1703 438 1742 κρατῇ,
460 1702 529 1731 ἀλλὰ
550 1704 564 1731 ὁ
586 1701 661 1741 λόγος
683 1703 715 1732 τὰ
730 1703 817 1731 πάντα

34 1744 106 1784 διοικῇ
116 1756 122 1763 ·
137 1745 182 1774 καὶ
195 1745 290 1785 ὥσπερ
307 1745 445 1785 ἀρχιερεὺς
461 1746 575 1779 ἕκαστος
590 1747 684 1777 ἑαυτοῦ
696 1747 815 1785 γίνεται,

35 1789 196 1829 ἀποσφάττων
217 1789 265 1823 τὰς
287 1790 357 1824 ἐντὸς
380 1791 489 1826 κακίας,
511 1790 557 1820 καὶ
582 1791 666 1820 δοκῶν
692 1792 733 1821 ἀεὶ
749 1803 817 1831 παρ-

36 1833 129 1863 εστάναι
217 1835 298 1874 Θεῷ,
314 1835 360 1864 καὶ
384 1837 454 1864 κατὰ
476 1839 567 1864 πᾶσαν
593 1835 687 1875 πρᾶξιν
710 1836 756 1865 καὶ
772 1837 818 1876 ῥῆ-

36 1888 68 1906 σιν
81 1877 144 1908 οὕτω
158 1878 275 1919 φρίττω
285 1903 294 1917 ,
316 1881 352 1912 ὥς
367 1882 381 1910 ὁ
398 1879 550 1920 ἀρχιερεὺς,
570 1880 633 1910 ὅταν
650 1879 710 1920 θείῳ
723 1883 818 1910 θυσια-

37 1922 122 1963 στηρίῳ
135 1923 310 1963 παρίσταται.

70 2025 80 2037 ι
97 2013 146 2043 Καὶ
169 2014 208 2051 μὴ
235 2013 480 2054 συσχηματίζεσθαι
495 2013 520 2032 ⁸⁸
544 2015 582 2054 τῷ
612 2016 691 2044 αἰῶνι
716 2013 818 2055 τούτῳ,

39 2055 98 2086 ἀλλὰ
119 2060 351 2099 μεταμορφῶσθαι
366 2058 391 2077 ³⁷
480 2058 659 2088 ἀνακαινώσει
689 2062 734 2089 τοῦ
761 2059 818 2094 νοὸς

39 2101 109 2137 (ιμῦν.
125 2115 136 2128 ι
160 2102 334 2133 ’Υποτίθεται
358 2105 423 2141 ἡμῖν
448 2103 562 2142 τρόπον,
588 2103 620 2132 δι’
643 2099 672 2132 οὗ
697 2104 818 2139 δυνησώ-

39 2147 94 2181 μεθα
117 2146 162 2182 τὴν
184 2147 294 2187 λογικὴν
317 2148 442 2187 λατρείαν
464 2150 631 2187 κατορθῶσαι
648 2160 654 2166 ·
679 2147 707 2182 ὃς
728 2149 817 2184 ἔστιν,

40 2187 77 2218 ἐὰν
100 2191 134 2227 μὴ
158 2192 422 2231 συσχηματιζώμεθα
445 2193 483 2231 τῷ
505 2193 581 2222 αἰῶνι
606 2191 702 2233 τούτῳ.
731 2193 817 2222 Οὖδὲν

39 2232 81 2273 γὰρ
92 2234 145 2275 ἔχει
158 2236 232 2269 ἑστὸς
242 2236 289 2265 καὶ
305 2235 412 2276 βέϐαιον
425 2258 432 2272 ,
447 2236 516 2266 ἀλλὰ
535 2236 624 2265 πάντα
647 2236 796 2277 πρόσκαιρα
809 2259 817 2275 ,

41 2278 76 2306 καὶ
97 2282 186 2319 σχῆμα
209 2281 288 2319 μόνον
315 2281 423 2320 ἔχοντα,
449 2282 499 2321 οὐχ
518 2280 664 2311 ὑπόστασίν
687 2293 746 2310 τινα
773 2282 819 2311 καὶ

41 2322 117 2352 οὐσίαν
145 2326 267 2364 μόνιμον.
299 2324 348 2360 Μὴ
363 2321 426 2363 οὖν,
453 2326 550 2366 φησὶν,
582 2325 745 2364 ἐξομοιοῦσθε
774 2326 819 2356 καὶ

41 2367 102 2403 ὑμεῖς
123 2369 205 2410 τούτῳ
221 2371 259 2410 τῷ
284 2371 358 2399 αἰῶνι
384 2371 559 2411 ἀνυποστᾶτῳ
577 2382 583 2388 ·
610 2370 746 2409 τουτέστι,
771 2370 819 2406 Μὴ

42 2415 144 2455 φρονεῖτε
158 2413 191 2442 τὰ
202 2414 306 2450 τούτου,
320 2427 333 2441 ι
345 2413 414 2444 ἀλλὰ
427 2417 648 2455 μεταμορφοῦσθε
661 2417 694 2452 τῇ
711 2416 820 2444 ἀνακαι-

41 2454 107 2484 νώσει
117 2460 160 2487 τοῦ
173 2458 230 2491 νοὸς
249 2459 333 2497 ὑμῶν,
347 2471 359 2485 ι
372 2459 521 2496 τουτέστιν,
533 2454 575 2488 ad.
591 2458 734 2489 ἀνακαίνου
746 2470 821 2488 σεαυ-

42 2498 87 2529 τόν.
104 2499 250 2542 Ἥμαρτες;
277 2502 449 2536 επαλαίωσάς
471 2514 519 2532 σου
542 2502 590 2539 τὴν
616 2503 715 2544 ψυχήν.
745 2503 820 2533 Ἀνα-

43 2545 174 2582 unicam
196 2548 284 2578 πάλιν.
316 2547 507 2587 Κατώρθωσάς
527 2559 553 2577 τι
577 2547 689 2588 μικρόν;
704 2548 822 2578 σπούδα-

45 2597 81 2632 tm
92 2590 134 2619 καὶ
147 2593 233 2629 μεῖζον
253 2594 440 2632 κατορθῶσαι,
455 2592 501 2622 καὶ
523 2592 633 2631 γέγονας
647 2592 736 2626 καινὸς
747 2614 755 2627 ,
779 2591 822 2622 ἀεὶ

46 2630 82 2678 ἒτςὶ
93 2633 120 2663 τὸ
137 2640 249 2676 κρεῖττον
269 2630 534 2678 μεταμορφούμενοςξ
550 2635 624 2677 Ὅρα
645 2637 673 2666 δὲ
684 2659 692 2673 ,
707 2638 763 2670 πῶς
776 2637 821 2666 ἐπὶ

48 2675 86 2711 μὲν
97 2681 136 2707 τοῦ
151 2681 248 2719 κόσμου
264 2675 358 2722 σχῆμα
380 2675 504 2719 ὦνόμασε
516 2705 524 2718 ,
548 2675 597 2711 sit
615 2681 646 2711 τὸ
667 2681 820 2711 εὐδιάλυτον

76 2732 144 2764 ‘lsa.
159 2741 236 2772 1.12.
274 2744 294 2758 ιι
311 2740 384 2769 Psal.
404 2747 493 2773 χιιι,
511 2742 552 2767 l4.

878 425 950 446 care.

1124 479 1182 515 se
1200 479 1322 508 CAPUT
1339 479 1405 507 xu.

914 545 1004 572 Vens.
1030 547 1054 572 1.
1075 556 1088 568 ι
1116 544 1238 572 Obsecro
1253 545 1342 580 itaque
1355 552 1414 578 vos,
1426 545 1537 578 tratres,
1554 553 1602 581 per
1623 546 1675 573 mi-

875 589 1027 618 serationes
1050 589 1115 624 Dei,
1132 593 1163 617 ut
1182 589 1333 618 exhibeatis
1356 597 1471 626 corpora
1502 594 1591 618 vestra
1624 589 1674 618 ho-

875 633 955 661 stiam
965 634 1113 667 viventem,
1129 638 1265 666 sanctam.
1291 635 1349 662 Deo
1368 634 1532 670 placentem,
1549 634 1674 662 rationa-

875 677 929 705 lem
943 678 1048 706 cultum
1074 682 1204 706 vestrum.
1227 690 1237 703 ο
1255 680 1405 714 Postquam
1428 678 1536 707 abunde
1559 679 1626 707 satis
1640 679 1674 707 de

872 722 1049 758 dogmatibus
1060 723 1140 751 verba
1155 722 1273 754 fecisset.
1284 723 1412 759 deinceps
1428 722 1462 751 ad
1484 731 1594 751 morum
1605 731 1673 759 pra?-

872 771 951 802 cepta
962 767 1061 804 pergit.
1081 769 1115 796 Et
1128 776 1192 795 cum
1202 767 1371 796 ineffabilem
1387 768 1435 796 Dei
1445 768 1517 796 circa
1540 776 1597 796 nos
1618 768 1675 797 dis-

873 812 1061 847 pensationem
1086 816 1115 840 et
1151 812 1302 840 bonitatem
1338 813 1520 847 ostendisset,
1550 813 1675 842 obsecrat

873 864 923 883 nos
948 864 995 891 per
1027 857 1217 885 miserationes
1239 857 1304 893 Dei,
1334 869 1347 881 ι»
1368 857 1421 885 hoc
1439 861 1496 890 est.
1521 857 1593 893 ipsas
1620 859 1673 886 mi-

872 901 1020 929 serationes
1035 901 1210 930 intermedias
1229 909 1402 937 proponens,
1429 906 1460 929 ut
1477 902 1516 930 vel
1537 902 1609 939 ipsas
1629 911 1673 932 re-

872 945 961 979 veriti,
976 945 1040 973 nihil
1062 946 1127 982 ipsis
1137 946 1279 982 indignum
1292 950 1463 982 pratstemus.
1478 947 1552 983 Quid
1577 952 1673 976 autem

871 991 1018 1018 obsecrat?
1039 991 1079 1018 Ut
1095 990 1273 1019 exhibeamus
1292 999 1410 1026 corpora
1424 995 1528 1024 nostra,
1551 991 1604 1020 hoc
1620 997 1672 1025 est,

872 1038 902 1062 ut
912 1035 945 1063 ad
959 1035 1062 1063 bellum
1089 1043 1259 1071 exponamus
1286 1040 1314 1063 et
1342 1035 1493 1063 tradamus.
1524 1036 1568 1064 Sic
1583 1037 1670 1065 enim.

871 1079 951 1115 vulgo
965 1079 1019 1108 dici
1031 1080 1100 1107 solet
1124 1088 1130 1106 :
1156 1081 1308 1115 Imperator
1333 1081 1404 1108 acies
1432 1088 1496 1108 suas
1515 1080 1548 1108 ad
1565 1080 1667 1109 bellum

871 1123 993 1152 exhibuit
1017 1125 1058 1152 vel
1069 1125 1208 1153 instruxit.
1230 1126 1287 1152 Aut
1314 1129 1444 1161 tanquam
1465 1125 1520 1161 regi
1538 1127 1596 1154 Deo
1626 1125 1673 1154 de-

871 1169 968 1196 bemus
977 1169 1112 1197 exhibere
1130 1169 1255 1197 membra
1267 1174 1361 1198 nostra
1390 1170 1504 1205 probata
1527 1175 1555 1198 et
1575 1171 1671 1198 electa.

871 1214 950 1242 Tales
968 1214 1042 1242 enim
1063 1218 1126 1242 sunt
1137 1214 1184 1250 qui
1203 1214 1366 1250 imperatori
1381 1214 1438 1242 sive
1451 1214 1557 1243 militia:
1575 1215 1672 1251 praele-

870 1261 916 1286 cto
937 1258 1079 1286 sistuntur.
1096 1259 1219 1294 Insuper,
1235 1270 1248 1282 α
1275 1258 1394 1286 hostiam
1426 1259 1562 1286 viventem
1590 1271 1602 1283 -
1627 1267 1671 1286 ea-

869 1302 933 1331 dem
944 1302 1132 1331 exhibeamus.
1145 1303 1261 1338 Quando
1272 1303 1343 1331 enim
1357 1311 1387 1331 ea
1401 1303 1672 1336 mortiﬁcaverimus,

870 1351 935 1375 tunc
949 1347 1065 1375 vivimus
1088 1347 1241 1375 secundum
1252 1348 1389 1383 spiritum.
1416 1347 1562 1376 Iudaicum
1577 1349 1672 1384 itaque

869 1391 1033 1420 sacriﬁcium
1058 1400 1114 1420 non
1141 1395 1183 1420 est
1204 1393 1264 1420 Deo
1280 1397 1397 1428 gratum.
1417 1402 1432 1419 ι(
1447 1393 1515 1428 Quis
1538 1393 1630 1427 enim,
1658 1405 1671 1417 ι

871 1436 970 1472 inquit,
995 1448 1007 1461 ι
1032 1436 1177 1473 exquisivit
1198 1436 1258 1465 haec
1283 1436 1318 1465 de
1342 1437 1472 1465 manibus
1487 1435 1630 1465 vestris'?
1656 1447 1670 1463 η

871 1481 1006 1509 Fidelium
1038 1485 1130 1510 autem
1161 1481 1336 1515 sacriﬁcium,
1367 1481 1395 1509 id
1421 1487 1474 1516 est,
1503 1482 1668 1510 rationalem

869 1525 974 1554 cultum
998 1525 1173 1554 vehementer
1187 1526 1289 1561 expetit
1307 1528 1390 1554 Deus.
1412 1537 1424 1551 α
1436 1526 1576 1554 Sacriﬁcia
1593 1526 1667 1554 enim

873 1572 939 1604 Deo,
953 1582 967 1595 ι
980 1570 1078 1606 inquit,
1090 1581 1103 1597 «
1116 1570 1280 1598 sacriﬁcium
1288 1570 1375 1598 laudis
1386 1580 1392 1598 :
1403 1581 1416 1597 ι)
1427 1575 1465 1604 et.
1477 1582 1490 1595 α
1500 1571 1670 1599 Sacriﬁcium

1300 1615 1453 1643 Rationalis
1466 1620 1559 1643 autem
1581 1615 1672 1643 cultus

874 1663 926 1693 est,
939 1668 995 1688 non
1011 1660 1102 1688 solum
1117 1661 1163 1695 qui
1188 1660 1277 1688 verbis
1294 1659 1328 1688 ad
1351 1662 1441 1688 Deum
1457 1659 1537 1688 factis
1553 1664 1670 1696 prasta-

872 1707 928 1736 tur,
946 1712 1040 1732 verum
1067 1704 1150 1732 etiam
1171 1705 1226 1732 vita
1241 1709 1283 1732 est
1297 1708 1323 1732 et
1337 1705 1513 1733 conversatio
1534 1705 1671 1733 ecundum

872 1748 1037 1777 Christum:
1060 1753 1088 1777 et
1109 1749 1222 1785 quando
1251 1749 1341 1777 nullus
1368 1749 1532 1777 irrationalis
1555 1749 1671 1778 affectus

874 1793 902 1820 in
925 1793 1003 1821 nobis
1013 1798 1118 1829 regnat,
1133 1793 1182 1822 sed
1197 1793 1266 1821 ratio
1282 1793 1378 1822 omnia
1392 1794 1545 1829 gubernat;
1562 1798 1590 1822 et
1603 1799 1667 1822 tan-

873 1845 957 1873 quam
972 1837 1094 1873 pontifex
1108 1838 1222 1873 quisque
1244 1837 1372 1873 suiipsius
1384 1837 1472 1865 factus
1488 1837 1582 1871 fuerit,
1597 1839 1671 1865 inte-

872 1881 973 1910 riorem
986 1882 1121 1909 malitiam
1133 1881 1274 1918 jugulans,
1294 1889 1379 1916 seque
1394 1881 1554 1909 existimans
1564 1889 1673 1917 semper

872 1934 967 1954 coram
987 1928 1046 1954 Deo
1062 1930 1143 1961 stare,
1160 1934 1192 1954 ac
1209 1925 1237 1953 in
1257 1925 1334 1954 omni
1349 1933 1431 1961 opere
1445 1929 1472 1953 et
1488 1925 1571 1953 verbo
1585 1926 1672 1953 instar

874 1971 1010 2007 pontiﬁcis
1024 1970 1126 1999 divinat
1138 1978 1194 1999 arae
1207 1970 1357 1998 assistentis
1372 1970 1591 2006 perhorrescens.

909 2017 1000 2044 Vsus.
1022 2019 1048 2043 2.
1071 2025 1085 2042 ‹ι
1099 2017 1132 2043 Et
1146 2023 1181 2043 ne
1195 2015 1405 2051 conﬁguremini
1421 2014 1484 2043 huic
1494 2015 1606 2048 saeculo,
1622 2014 1670 2042 sed

873 2060 1110 2088 transformemini
1128 2068 1174 2096 per
1185 2059 1393 2096 ren0vationern
1416 2059 1519 2087 mentis
1529 2063 1640 2088 vestra.
1656 2070 1671 2083 η

874 2105 988 2134 Modum
1004 2105 1084 2133 nobis
1103 2105 1245 2141 proponit,
1259 2112 1315 2141 quo
1329 2104 1492 2132 rationalem
1509 2104 1615 2132 cultum
1630 2103 1670 2132 vel

874 2150 1035 2178 servitutem
1062 2150 1197 2186 perﬁcere
1212 2157 1345 2185 queamus
1371 2159 1377 2177 :
1412 2149 1460 2185 qui
1489 2153 1542 2183 est,
1567 2148 1590 2177 si
1614 2156 1668 2176 non

874 2195 1080 2232 conﬁguremur
1091 2195 1193 2223 saeculo
1214 2194 1290 2222 huic.
1323 2193 1397 2222 Nihil
1424 2194 1500 2222 enim
1525 2193 1607 2222 habet
1627 2193 1672 2221 vel

875 2240 970 2268 stabile
985 2240 1025 2268 vel
1040 2239 1164 2273 ﬁrmum,
1186 2239 1235 2267 sed
1254 2239 1347 2267 omnia
1362 2243 1427 2267 sunt
1452 2238 1620 2274 temporaria
1646 2241 1674 2265 et

875 2284 989 2321 ﬁguram
1001 2288 1110 2312 tantum
1124 2284 1261 2318 habentia,
1279 2291 1334 2311 non
1354 2283 1563 2311 subsistentiam
1574 2290 1670 2318 quam-

874 2329 950 2363 dam,
965 2333 993 2357 et
1009 2329 1193 2357 substantiam
1208 2329 1317 2356 ﬁrmam
1331 2336 1379 2356 seu
1402 2331 1617 2364 permanentem.
1630 2327 1672 2354 Ne

875 2374 976 2409 itaque,
993 2374 1092 2410 inquit,
1112 2373 1300 2401 assimilemini
1315 2377 1342 2400 et
1360 2379 1410 2401 vos
1435 2372 1498 2400 huic
1519 2371 1619 2400 saeculo
1635 2371 1676 2399 in-

875 2419 1014 2447 constanti
1027 2427 1033 2446 :
1050 2418 1102 2446 hoc
1117 2422 1171 2452 est,
1187 2419 1228 2446 Ne
1255 2418 1384 2454 cogitate,
1409 2425 1498 2453 neque
1512 2417 1601 2453 sapite
1614 2423 1676 2452 qua!

874 2467 940 2492 sunt
954 2463 1046 2499 hujus,
1072 2472 1085 2489 α
1111 2462 1164 2491 Sed
1186 2461 1424 2490 transformemini
1448 2470 1495 2498 per
1514 2461 1673 2489 renovatio—

875 2515 939 2536 nem
969 2508 1068 2535 mentis
1093 2511 1207 2540 vestrae,
1225 2517 1238 2533 ς»
1259 2507 1312 2535 hoc
1325 2510 1377 2540 est,
1409 2507 1557 2542 Nunquam
1571 2514 1627 2533 non
1646 2509 1674 2532 te

876 2552 1088 2589 ipsuminnova.
1104 2551 1375 2580 Peccastii’animam
1388 2555 1465 2579 tuam
1476 2555 1599 2578 veterem
1612 2548 1675 2577 red-

875 2596 969 2625 didisti
996 2606 1002 2624 :
1031 2596 1161 2624 innavare
1186 2604 1291 2624 rursus.
1323 2595 1469 2624 Correxisti
1499 2601 1590 2622 mores
1613 2597 1676 2620 tuos

876 2641 1019 2677 paulum?
1040 2648 1140 2669 conare
1167 2641 1256 2677 magis
1282 2641 1422 2676 magisque
1447 2638 1604 2670 emendare,
1637 2637 1675 2664 I'a-

875 2690 990 2722 ctusque
1012 2693 1041 2713 es
1055 2693 1151 2720 novus,
1167 2686 1194 2712 in
1210 2685 1308 2713 melius
1321 2693 1429 2720 semper
1460 2682 1678 2711 transformalus

722 2779 818 2809 Varia;
840 2779 990 2809 lectiones.

78 2821 97 2840 ’⁵
108 2827 140 2861 τῷ
155 2826 208 2864 Θεῷ
225 2836 250 2857 ο.
288 2828 311 2846 ⁸⁸
323 2844 358 2849 --
372 2829 467 2860 τίζεαθε
481 2837 508 2857 o.
547 2829 570 2847 π
590 2845 615 2849 -
630 2829 720 2865 φοΰσθε
738 2837 765 2857 ο.
