1901 3077
234 212 282 245 491

742 214 996 246 THEOPHYLACTI
1014 214 1193 246 BULGARLE
1211 211 1370 245 ARCHIEP.
1826 208 1869 243 in

270 280 359 308 Vens.
378 282 477 313 19,20.
499 291 511 303 α
529 278 610 307 Dices
622 279 704 315 igitur
720 289 726 306 :
742 279 855 309 Effracti
868 285 933 309 sunt
946 279 1027 311 rami.

1127 295 1142 313 ε
1156 284 1242 324 Ἐρεῖς
1268 279 1313 313 οὖν
1327 296 1333 302 ι
1353 282 1571 319 Ἐξεκλάσθησαν
1595 283 1619 312 οἱ
1641 283 1749 319 κλάδοι,
1769 282 1810 312 ἵνα
1826 283 1871 322 ἐγὼ

235 327 267 352 ut
295 331 346 360 ego
371 324 514 352 insererer.
545 325 619 352 Bene
644 332 651 351 :
674 328 787 361 propter
810 325 1029 354 incredulitatem

235 368 340 397 effracti
355 373 430 404 sunt,
443 373 473 396 tu
485 373 579 397 autem
598 368 653 397 ﬁde
666 372 722 397 stas
738 378 744 397 :
758 369 814 398 noli
823 370 910 398 altum
925 377 1029 406 sapere,

235 413 283 442 sed
298 413 374 442 time.
393 425 406 437 ν
428 414 480 441 Hic
499 413 629 446 ostendit,
643 413 716 450 quod
735 421 791 442 non
809 414 872 451 quia
889 414 927 442 illi
942 415 1030 450 impe-

235 459 335 495 gerint,
355 462 450 494 gentes
469 458 525 486 sint
544 458 700 495 subrogata:
723 458 752 486 in
777 459 901 495 ipsorum
925 459 1028 491 locum,

235 502 285 531 sed
297 506 409 539 propter
423 502 506 531 ﬁdem
520 511 602 539 quam
620 502 892 532 demonstraverunt.
906 504 964 532 Ubi
984 512 1031 532 au-

235 552 293 576 tem
313 552 409 584 gentes
430 547 584 584 deprimere
606 547 724 582 videtur,
746 548 847 577 indicat
869 547 1030 577 Judaaorum

235 593 340 629 lapsum
353 593 432 621 venia
451 593 507 629 83
531 596 559 621 et
578 593 752 622 excusatione
765 601 868 621 carere.
891 595 1031 630 Utrosque

233 643 326 665 autem
346 637 468 673 corrigit.
486 637 567 666 Dices
582 638 664 674 igitur
685 642 715 666 tu
728 639 776 674 qui
790 646 820 666 es
833 645 868 666 ex
881 638 1007 674 gentibus
1023 647 1029 666 :

236 693 248 706 ι
260 681 373 709 Effracti
384 687 449 710 sunt
458 686 490 710 ut
500 689 550 718 ego
559 683 673 711 inserar.
684 694 698 707 υ
712 681 823 711 Effracti
833 687 898 711 sunt
908 681 1029 718 quidem,

231 726 280 755 sed
302 726 339 755 ob
352 734 432 755 suam
450 727 693 756 incrudelitatem:
717 735 774 756 non
794 727 870 763 quod
893 727 943 756 tibi
966 735 1030 755 eum

231 771 367 800 honorem
380 773 455 800 Deus
461 771 589 800 debuerit
600 782 607 800 :
620 783 633 797 α
649 773 712 800 Stas
722 773 795 800 enim
805 772 871 805 ﬁde.
887 781 901 798 ν
913 771 966 800 hoc
978 776 1030 806 est,

233 817 349 852 Propter
373 816 457 845 fidem
478 820 534 845 stas
555 816 638 845 radici
665 817 774 845 imitus.
800 817 894 845 Metue
915 817 999 853 igitur
1023 824 1030 843 :

231 869 295 889 nam
306 868 362 889 non
376 865 417 889 est
430 865 536 890 naturae
548 861 641 890 insitio
651 882 658 896 ,
675 861 721 890 sed
736 861 808 890 ﬁdei.

266 906 354 934 Vens.
372 908 418 934 2t.
436 917 449 930 ι
466 906 494 934 Si
512 906 587 934 enim
601 907 677 934 Deus
692 906 861 934 naturalibus
875 906 960 934 ramis
973 914 1029 934 non

231 951 370 986 pepercit,
395 950 540 987 nequando
567 959 617 979 nec
646 950 698 979 tibi
725 955 828 987 parcat.
857 960 872 977 ιο
891 950 1031 986 Siquidem

230 995 269 1023 illi
293 999 392 1024 natura
416 995 527 1024 fuerunt
547 995 596 1023 ﬁlii
617 1000 777 1023 sanctorum
800 995 1026 1032 patriarcharum,

230 1047 262 1068 ac
289 1044 401 1076 propter
428 1040 648 1068 incredulitatem
685 1048 766 1069 suam
796 1045 861 1069 sunt
892 1040 976 1069 evulsi
1002 1043 1030 1068 et

230 1083 352 1113 effracti.
379 1086 471 1120 Quare
491 1089 520 1112 tu
538 1085 628 1113 multo
651 1085 738 1121 magis
761 1088 866 1119 metue,
886 1085 934 1121 qui
960 1085 1028 1112 asci-

230 1129 308 1157 titius
334 1137 374 1164 es,
390 1137 425 1158 ne
441 1129 464 1158 si
489 1130 599 1166 quando
624 1129 762 1164 offendas,
788 1129 838 1158 tibi
863 1129 948 1158 etiam
972 1137 1029 1157 non

232 1178 325 1210 parcat

266 1219 357 1247 Vsns.
377 1221 474 1254 σερε.
495 1231 508 1244 ι
529 1218 599 1247 Vide
617 1219 699 1256 igitur
718 1219 870 1248 bonitatem
888 1223 917 1247 et
929 1218 1029 1247 severi-

230 1267 318 1292 tatem
341 1264 393 1292 Dei
410 1272 417 1291 :
435 1263 463 1292 in
478 1272 526 1292 eos
541 1264 657 1301 quidem
671 1264 717 1300 qui
743 1263 911 1298 ceciderunt,
930 1263 1028 1292 severi-

231 1313 315 1336 tatem
343 1319 350 1337 :
376 1308 404 1337 in
428 1313 457 1338 te
481 1312 576 1337 autem
604 1308 768 1343 bonitatem,
796 1309 820 1336 si
845 1308 1030 1345 permanseris

231 1354 259 1382 in
285 1353 410 1382 bonitate
445 1362 453 1381 :
486 1353 610 1390 alioquin
636 1357 665 1381 et
692 1357 722 1382 tu
749 1353 897 1382 excideris.
929 1353 964 1381 Et
989 1352 1028 1380 illi

229 1405 324 1427 rursus
346 1397 371 1426 si
395 1405 452 1426 non
481 1398 636 1426 manserint
658 1398 687 1426 in
716 1397 929 1432 incredulitate,
951 1397 1028 1425 inse-

230 1447 349 1471 rentur:
374 1447 472 1479 potens
493 1447 536 1470 est
562 1442 638 1470 enim
659 1443 735 1470 Deus
765 1449 876 1470 rursum
905 1441 1029 1469 inserere

230 1495 288 1516 eos.
316 1497 331 1513 π
357 1488 421 1515 Νοιι
445 1487 524 1522 dixit,
550 1486 621 1515 Vide
646 1487 730 1523 igitur
754 1494 823 1522 opus
849 1489 943 1521 tuum,
967 1486 1027 1521 sed,

231 1542 245 1559 ιι
260 1533 420 1560 Bonitstem
434 1531 486 1559 Dei
504 1541 511 1559 :
533 1543 547 1556 υ
565 1535 657 1560 totum
680 1531 758 1560 enim
773 1531 847 1560 illius
866 1535 909 1560 est
922 1531 1026 1568 gratim.

229 1578 265 1604 Et
278 1575 358 1605 stude
372 1584 544 1612 permanere,
560 1584 616 1604 non
638 1575 720 1609 dixit,
744 1577 772 1604 in
797 1575 862 1608 ﬁde,
877 1575 938 1610 sed,
950 1587 963 1600 ι
996 1577 1027 1604 In

232 1621 366 1655 bonitate,
385 1630 400 1646 ι)
415 1620 469 1649 hoc
486 1625 538 1655 est,
550 1620 633 1657 digna
653 1620 704 1649 Dei
722 1621 864 1649 clementia
875 1628 975 1657 perage
989 1620 1025 1649 ad

231 1665 316 1693 ﬁnem
331 1673 419 1702 usque
440 1665 514 1695 vita.
530 1665 589 1694 Nisi
604 1665 676 1694 enim
698 1665 737 1693 ita
752 1665 852 1702 egeris,
866 1665 1020 1694 excideris:

229 1710 466 1746 quemadmodum
480 1715 508 1739 et
521 1710 571 1745 illi,
585 1711 608 1739 si
621 1718 678 1738 non
692 1710 923 1746 perseveraverint
937 1710 966 1738 in
981 1710 1023 1738 in-

229 1755 401 1789 credulitate,
415 1755 584 1784 inserentur.
600 1757 672 1784 Nam
695 1763 784 1791 neque
806 1756 881 1784 Deus
902 1763 952 1784 eos
970 1755 1025 1791 pri-

229 1807 305 1828 mum
328 1800 426 1828 evulsit
452 1799 610 1837 effregitve,
639 1799 689 1828 sed
715 1800 766 1836 ipsi
789 1807 805 1828 a
820 1807 880 1829 sese
908 1808 958 1837 per
981 1800 1024 1828 in-

228 1844 420 1874 credulitatem
450 1853 530 1873 suam
561 1844 724 1874 deciderunt
753 1849 781 1873 et
811 1844 919 1873 effracti
948 1849 1022 1873 sunt.

227 1889 402 1919 Severitatem
419 1893 514 1918 autem
532 1889 584 1918 Dei
609 1890 685 1924 dicit,
707 1889 783 1926 quod
795 1897 850 1918 non
866 1893 959 1926 parcat
973 1890 1025 1924 eis,

227 1934 276 1962 sed
290 1934 416 1970 indignos
429 1942 477 1962 eos
485 1934 591 1970 judicet
604 1938 766 1962 sanctorum
778 1938 888 1970 patrum
901 1941 1026 1961 commu-

227 1979 310 2007 nione
321 1984 349 2007 et
362 1979 501 2007 societate.
513 1979 722 2015 Sapientissime
736 1987 801 2008 vero
816 1979 917 2007 Paulus
931 1983 1042 2015 gentes’

226 2027 313 2052 terret
324 2031 374 2060 per
385 2031 415 2051 ea
435 2031 498 2060 quae
512 2024 637 2053 Hebraeis
652 2024 808 2053 acciderunt
823 2032 831 2052 :
844 2023 1026 2059 exemploque

227 2068 352 2104 gentium
379 2068 491 2096 Judaaos
515 2068 621 2097 animat
635 2073 663 2097 et
685 2069 795 2102 excitat,
821 2072 854 2096 ut
875 2076 922 2104 per
941 2067 1026 2096 ﬁdem

227 2112 400 2142 inserantur:
414 2117 495 2149 atque
504 2121 520 2142 ει
530 2114 580 2142 Dei
594 2114 718 2150 potentia
730 2113 799 2141 bene
813 2119 924 2149 sperare
935 2112 1024 2149 jubet.

229 2168 242 2181 ι
257 2157 358 2186 Potens
371 2157 444 2186 enim
455 2162 499 2186 est
512 2159 599 2193 Deus,
611 2158 709 2195 inquit,
724 2158 854 2192 inserere,
871 2168 886 2183 ι
900 2157 952 2194 qui
964 2165 1026 2186 om-

226 2203 273 2231 nia
286 2210 368 2239 supra
379 2210 457 2239 spem
468 2207 592 2232 nostram
609 2203 744 2239 transigit.

261 2293 351 2321 Vsns.
367 2295 411 2321 24.
430 2305 442 2317 ι
459 2293 487 2321 Si
501 2293 574 2321 enim
589 2297 619 2321 tu
633 2300 666 2321 ex
688 2292 804 2321 naturali
818 2292 936 2322 oleastro
948 2293 1024 2322 exci-
1038 2285 1065 2317 Ῑ)

226 2340 272 2361 sus
286 2341 327 2368 es,
342 2338 371 2362 et
382 2337 481 2370 praeter
493 2339 623 2362 naturam
637 2332 733 2361 insitus
746 2340 776 2361 es
797 2333 826 2361 in
845 2333 949 2362 bonam
976 2333 1025 2362 oli-

227 2385 291 2407 vam
305 2389 312 2407 :
328 2382 432 2415 quanto
447 2379 536 2415 magis
552 2378 581 2406 hi
595 2377 642 2415 qui
659 2377 817 2406 secundum
829 2382 969 2412 naturam,
984 2378 1024 2406 in-

226 2428 352 2452 serentur
372 2431 430 2452 suae
454 2423 555 2452 olim?
579 2432 593 2450 »
621 2422 651 2452 Si
664 2426 695 2451 tu
717 2431 751 2451 ex
766 2422 906 2460 gentibus,
925 2423 1021 2460 inquit,

225 2472 321 2497 natura
348 2468 448 2503 malus,
483 2467 604 2504 majores
629 2466 736 2496 habens
765 2467 884 2496 oleastro
909 2468 1024 2501 similes,

224 2513 333 2542 excisus
345 2521 376 2542 es
389 2513 424 2542 ab
449 2512 502 2541 illis
523 2520 572 2548 per
596 2512 692 2546 ﬁdem,
705 2512 857 2549 insitusque
880 2520 910 2541 es
926 2516 1026 2549 praeter

224 2562 352 2587 naturam
372 2557 454 2586 bona:
469 2561 496 2585 et
510 2557 637 2586 fecundae
662 2557 741 2593 oleae,
765 2557 820 2586 sive
843 2557 1023 2594 patriarchis:

224 2607 328 2639 quanto
351 2602 438 2639 magis
450 2601 576 2636 Judzeus,
590 2606 688 2631 natura
703 2602 810 2631 bonum
822 2601 974 2638 possidens,
989 2602 1025 2632 ad

224 2648 344 2676 nativam
365 2654 445 2676 suam
472 2647 561 2676 oleam
585 2655 642 2676 nou
656 2651 790 2682 recurret,
804 2647 858 2676 hoc
877 2651 919 2676 est
929 2647 965 2676 ad
978 2655 1026 2684 pa-

224 2694 296 2720 tres?
311 2692 425 2726 Quando
436 2696 532 2721 autem
545 2691 682 2721 audiveris
693 2692 821 2728 Paulum,
839 2701 854 2719 α
867 2691 1025 2722 Secundum

223 2740 364 2772 naturam,
376 2748 388 2762 1
400 2735 549 2772 dicentem,
559 2737 661 2766 decens
668 2741 697 2766 et
705 2745 875 2774 consequens
883 2737 1005 2774 intelligo
1015 2745 1023 2764 :

1083 330 1267 368 ἐγκεντρισθῶ.
1289 329 1386 363 Καλῶς
1402 339 1408 346 '
1483 328 1596 368 ἀπιστία
1619 326 1830 365 ἐξεκλάσθησαν,
1845 326 1872 357 σὺ

1082 373 1109 403 δὲ
1168 374 1257 402 πίστει
1269 373 1384 409 ἕστηκας
1396 383 1403 389 ⁸
1419 372 1456 411 μὴ
1467 371 1643 413 ὕψηλοφρόνει
1652 394 1660 408 ,
1672 371 1745 401 ἀλλᾶ
1759 371 1846 412 φοϐοῦ.
1860 387 1870 399 1

1085 417 1216 448 Ἐνταῦθα
1233 418 1362 447 δείκνυσιν
1372 440 1381 454 ,
1396 417 1437 447 ὅτι
1450 417 1510 457 οὐχὶ
1532 416 1599 446 διότι
1615 417 1711 446 ἐκεῖνοι
1733 415 1870 452 ἔπταισαν,

1084 462 1127 492 διὰ
1141 465 1218 492 τοῦτο
1231 464 1254 492 οἱ
1270 463 1366 493 ἐθνικοὶ
1381 462 1595 502 ἀντεισήχθησαν
1605 484 1614 498 ,
1634 460 1704 491 ἀλλὰ
1715 461 1759 491 διὰ
1775 461 1820 496 τὴν
1834 462 1871 490 πί-

1083 518 1141 536 στιν
1166 507 1198 543 ἢν
1220 506 1398 540 ἐπεδείξαντο.
1410 506 1459 536 Ἐν
1479 502 1517 539 οἷς
1531 501 1577 536 οὖν
1600 506 1671 536 δοκεῖ
1690 505 1871 535 καταστέλλειν

1084 551 1128 581 τὸν
1146 551 1255 588 ἐθνικὸν,
1271 552 1387 581 δείκνυσι
1400 551 1446 581 τὸν
1460 551 1587 582 Ἰουδαῖον
1602 549 1780 589 ἆσΰγγνωστα
1795 550 1870 579 πταί-

1085 608 1180 627 σαντα.
1197 596 1222 626 Ἀ
1228 595 1373 636 μφοτέρους
1387 595 1414 625 δέ
1429 598 1555 636 κατορθοῖ
1565 595 1602 626 ⁸⁸.
1615 606 1628 623 ε
1645 594 1736 634 Ἐρεῖς
1748 590 1791 624 οὖν
1803 608 1814 621 1
1824 595 1872 624 ubi

1085 640 1196 676 ἔθνικὸς,
1213 640 1253 670 ὅτι
1266 654 1278 667 ι
1294 640 1525 677 Ἐξεκλάσθησαν,
1539 639 1582 670 ἵνα
1595 640 1648 678 ἐγὼ
1665 640 1845 679 ἐγκεντρισθῶ.
1855 651 1868 668 s

1085 685 1303 721 Ἐξεκλάσθησαν
1343 684 1407 724 μὲν,
1445 685 1514 715 ἀλλὰ
1554 685 1599 714 διὰ
1626 683 1675 720 τὴν
1711 685 1796 714 αὐτῶν
1819 685 1871 712 ἄπι-

1085 730 1171 767 στίαν,
1186 730 1246 770 οὐχὶ
1259 729 1325 759 διότι
1340 729 1381 760 σοὶ
1392 731 1406 758 ὁ
1418 730 1485 763 Θεὸς
1498 729 1641 769 ἐχρεώστει
1648 729 1742 767 τιμήν·
1758 727 1869 763 ε’Έστη-

1085 786 1133 808 κας
1148 774 1211 814 γὰρ
1274 774 1379 810 πίστει,
1393 788 1404 801 ι
1421 774 1479 804 ἀντὶ
1495 777 1556 813 τοῦ,
1573 774 1626 804 Διὰ
1638 773 1687 810 τὴν
1706 774 1794 803 πίστιν
1809 774 1871 808 ιστη-

1085 831 1147 855 κας,
1171 820 1198 848 ἐν
1277 819 1334 859 ῥίζῃ
1359 818 1617 858 ἐγκεκεντρισμένος.
1645 818 1741 849 Φοεοῢ
1770 819 1868 847 τοίνυν·

1086 865 1116 893 οὒ
1130 863 1182 905 γὰρ
1198 862 1299 904 φύσεώς
1319 864 1374 893 ἐστι
1388 863 1420 894 τὸ
1442 862 1621 904 ἐγκίντρισμα
1633 886 1642 901 ,
1665 863 1738 893 ἀλλὰ
1760 863 1868 894 πίστεως.

1130 921 1143 934 ι
1174 909 1206 938 Εἰ
1221 908 1273 948 γὰρ
1297 910 1310 937 ὁ
1334 908 1403 941 Θεὸς
1431 909 1484 937 τῶν
1500 908 1570 938 κατὰ
1599 908 1676 949 φύσιν
1707 907 1809 938 κλάδων
1832 907 1869 936 οὐκ

1086 953 1225 993 ἐφείσατο,
1242 952 1337 991 μήπως
1363 951 1421 982 οὖδέ
1443 955 1491 982 σοῦ
1516 952 1651 993 φείσηται.
1674 966 1688 979 ιι
1704 952 1816 983 Ἐκεῖνοι
1828 951 1869 990 γὰρ

1083 997 1160 1038 φύσει
1185 993 1254 1034 ἦσαν
1275 997 1328 1027 uio!
1355 1000 1408 1027 τῶν
1437 996 1520 1036 ἁγίων
1545 999 1743 1038 πατριαρχῶν,
1769 995 1812 1027 καὶ
1834 996 1867 1024 διὰ

1084 1042 1133 1078 τὴν
1149 1042 1274 1072 ἀπιστίαν
1297 1041 1505 1078 ἐξεκλάσθησαν.
1524 1042 1617 1073 Φοόοῦ
1642 1041 1675 1071 σὺ
1702 1043 1793 1081 πολλῷ
1808 1042 1866 1078 μᾶλ-

1082 1087 1128 1117 λον
1143 1089 1157 1116 ὁ
1172 1086 1322 1123 εἰσποίητος
1332 1111 1340 1124 ,
1356 1087 1453 1126 μήπως
1471 1086 1632 1121 πταίσαντός
1646 1098 1695 1117 σου
1709 1087 1740 1116 οὗ
1754 1086 1868 1126 φείσηται.

1127 1228 1142 1246 ιι
1165 1216 1215 1248 Ἰδέ
1231 1211 1276 1246 οὖν
1290 1215 1462 1257 χρηστότητα
1488 1215 1536 1245 καὶ
1557 1215 1711 1254 ἀποτομίαν
1734 1217 1820 1247 Θεοῦ·
1835 1214 1861 1244 ἐπ

1083 1261 1132 1301 μὶν
1147 1261 1208 1295 τοὺς
1222 1262 1369 1297 πεσόντας,
1390 1260 1539 1299 ἀποτομίαν
1556 1269 1563 1277 ·
1591 1260 1634 1290 ἐπὶ
1659 1259 1689 1290 δὲ
1713 1261 1743 1290 σὲ
1766 1258 1866 1300 χρηστό-

1081 1318 1165 1344 τητα,
1194 1305 1240 1336 ἐὰν
1264 1305 1400 1346 ἐπιμείνῃς
1480 1304 1665 1346 χρηστότητι·
1695 1304 1756 1335 ἐπεὶ
1779 1303 1821 1334 καὶ
1841 1301 1866 1332 σὺ

1082 1351 1231 1391 ἐκκοπήσῃ.
1259 1350 1314 1382 Καὶ
1341 1351 1434 1380 ἐκεῖνοι
1457 1349 1502 1386 δὲ,
1528 1350 1573 1380 ἐὰν
1600 1349 1638 1388 μὴ
1666 1350 1820 1388 ἐπιμείνιιπι
1840 1349 1864 1386 τῇ

1082 1395 1208 1437 ἀπιστία,
1238 1394 1519 1435 ἐγκεντρισθήσονταν
1548 1394 1657 1428 δυνατὸς
1693 1394 1745 1437 γάρ
1771 1393 1865 1437 ἐστινδ

1081 1440 1150 1474 Θεὸς
1172 1434 1253 1470 πάλιν
1277 1434 1443 1480 ἐγκεντρίσαι
1470 1439 1574 1472 αὐτούς.
1587 1450 1602 1468 ι»
1629 1439 1690 1469 Οὗιι
1715 1434 1803 1475 εἶπεν,
1823 1436 1865 1467 Ἰδᾶ

1081 1480 1126 1514 οὖν
1138 1484 1168 1514 τὸ
1180 1483 1342 1525 κατόρθωμά
1362 1495 1426 1520 σου,
1442 1484 1528 1520 ἀλλὰ,
1542 1497 1555 1510 α
1572 1482 1630 1520 Τὴν
1643 1483 1813 1524 χρηστότητα
1827 1482 1865 1511 τοῦ

1081 1530 1153 1560 θεοῦ
1165 1541 1173 1548 ·
1189 1543 1201 1556 ιι
1218 1528 1248 1558 τὸ
1262 1533 1315 1558 πᾶν
1333 1529 1384 1570 γὰρ
1402 1528 1563 1570 τῆςῌὰείνου
1585 1528 1697 1569 χάριτος
1709 1540 1716 1548 ·
1732 1527 1777 1558 καὶ
1790 1525 1863 1557 σπού-

1081 1574 1143 1608 δαζε
1155 1573 1180 1592 ⁸³
1198 1567 1349 1613 ἐπιμεῖναις
1371 1567 1421 1603 οὐκ
1440 1567 1512 1610 εἷπε,
1528 1574 1572 1613 Τῇ
1585 1567 1695 1610 ἠπίστει,
1712 1572 1793 1609 ἀλλὰ,
1807 1585 1819 1599 ι

1081 1618 1244 1658 χρηστότητι
1258 1630 1264 1637 ·
1277 1629 1291 1647 )ι
1309 1618 1443 1649 τουτέστιν
1454 1642 1463 1655 ,
1478 1617 1553 1652 1Ἀξια
1569 1622 1672 1658 πρᾶττε
1686 1621 1735 1655 ἧς
1749 1619 1793 1647 τοῦ
1806 1617 1865 1647 Θισῦ

1080 1663 1277 1703 φιλανθρωπίας
1300 1662 1365 1702 ἄχρι
1379 1663 1482 1696 τέλους.
1502 1663 1536 1693 Εἰ
1558 1662 1610 1703 γὰρ
1628 1662 1666 1701 μὴ
1689 1663 1806 1703 πράττῃς
1826 1659 1863 1690 οὗ·

1079 1719 1144 1744 τως,
1158 1707 1296 1747 ἐκκοπήσῃ
1312 1707 1347 1727 ’θ’
1363 1707 1455 1748 ὥσπερ
1471 1709 1566 1737 ἐκεῖνοι
1576 1730 1583 1743 ,
1601 1707 1647 1737 ἐὰν
1665 1707 1705 1746 μὴ
1723 1706 1863 1746 ἐπιμείνωσι

1078 1753 1112 1791 τῇ
1132 1751 1242 1792 ἀπιστίᾳ
1254 1775 1263 1792 ,
1279 1752 1555 1791 ἐγκεντρισθήσονται.
1574 1751 1629 1782 Καὶ
1637 1751 1692 1792 γὰρ
1709 1751 1768 1782 οὐδὲ
1782 1753 1796 1781 ὁ
1808 1748 1864 1782 Θεὸς

1079 1796 1173 1830 αὐτοὺς
1197 1797 1403 1837 προηγουμένως
1417 1796 1440 1815 ³⁸
1467 1796 1621 1833 ἐξίκλασεν,
1647 1798 1711 1826 ἀλλ’
1736 1795 1807 1826 αὐτοὶ
1828 1794 1863 1837 ὑφ’

1078 1842 1181 1871 ἕαυτῶν
1249 1841 1361 1882 ἀπιστία
1386 1840 1528 1878 ἐξέπεσον,
1555 1841 1601 1871 καὶ
1625 1840 1821 1877 ἐξεκλάσθησαν
1833 1836 1862 1867 η.

1077 1885 1236 1925 Ἀποτομίαν
1251 1886 1279 1915 δὲ
1295 1886 1366 1916 Θεοῦ
1390 1885 1478 1926 λέγει,
1501 1886 1531 1916 τὸ
1548 1886 1586 1924 μή
1609 1886 1754 1926 φείσασθαι
1769 1884 1862 1917 αὖτῶν,

1079 1932 1138 1960 ἀλλ’
1154 1930 1274 1965 ἀναξίους
1297 1935 1384 1970 κρῖναι
1407 1933 1453 1967 τῆς
1473 1930 1539 1971 πρὸς
1560 1930 1621 1964 τοὺς
1644 1930 1735 1969 ἁγίους
1760 1927 1863 1967 πατέρας

1078 1975 1214 2009 κοινωνίας
1235 1976 1281 2005 καὶ
1307 1976 1494 2016 ἀλληλουχίας,
1517 1976 1668 2016 Σοφώτατα
1691 1975 1719 2005 δὲ
1735 1977 1749 2004 ὁ
1772 1973 1864 2005 Παῦλος

1078 2019 1125 2050 καὶ
1137 2019 1182 2050 τὸν
1196 2021 1297 2050 ἐθνικὸν
1318 2019 1413 2060 φοϐεῖ,
1436 2020 1489 2050 ἀπὸ
1507 2022 1560 2050 τῶν
1573 2020 1737 2058 συμϐάντων
1753 2020 1789 2059 τῷ
1808 2017 1864 2047 Ἰου-

1078 2064 1146 2104 δαίῳ
1160 2073 1170 2083 ⁸
1185 2064 1231 2094 καὶ
1253 2065 1297 2095 τὸν
1313 2064 1439 2096 Ἰουδαῖον
1462 2065 1663 2106 παραθαῤῥύνει
1688 2067 1728 2105 τῷ
1750 2065 1792 2094 τοῦ
1806 2063 1862 2092 ἐθνι-

1080 2112 1127 2139 κοῧ
1137 2109 1312 2148 ὑποδείγματι
1321 2132 1330 2148 ,
1346 2110 1383 2144 εἰς
1397 2109 1427 2139 τὸ
1447 2109 1491 2139 διὰ
1505 2112 1551 2146 τῆς
1565 2109 1682 2143 πίστεως
1694 2107 1862 2149 ἐγκεντρισθῆ·

1079 2165 1141 2192 ναι,
1156 2154 1202 2183 καὶ
1218 2154 1271 2183 ἀπὸ
1285 2156 1332 2191 τῆς
1345 2157 1392 2184 τοῦ
1408 2155 1480 2185 Θεοῦ
1502 2155 1641 2193 δυνάμεως
1655 2154 1779 2185 εὐέλπιδα
1793 2153 1861 2182 noui.

1080 2212 1092 2225 ι
1108 2199 1225 2232 Δυνατὸς
1248 2198 1298 2238 γάρ
1321 2200 1392 2237 ἐστι,
1418 2199 1515 2240 φησὶν,
1540 2200 1555 2229 ὃ
1570 2199 1641 2234 Θεὸς
1662 2197 1839 2239 ἐγκιντρίσαι.
1852 2206 1861 2220 ι

1080 2244 1095 2272 ὁ
1106 2242 1195 2273 πάντα
1208 2243 1275 2284 ὑπὲρ
1287 2243 1383 2274 ἐλπίδα
1397 2245 1492 2274 ποιῶν.

1121 2300 1133 2313 ι
1153 2288 1185 2318 El
1205 2288 1256 2328 γὰρ
1277 2287 1309 2317 σὺ
1329 2289 1360 2317 ἐκ
1384 2290 1430 2324 τῆς
1454 2288 1524 2318 κατὰ
1551 2288 1628 2329 φύσιν
1654 2287 1779 2323 ἐξεκόπης
1801 2285 1862 2323 ἄγρι-

1077 2331 1177 2368 ελαίου,
1194 2333 1240 2362 καὶ
1250 2331 1329 2374 παραΔ
1337 2331 1414 2373 φύσιν
1426 2333 1619 2374 ἐνεκεντρίσθης
1636 2334 1672 2367 εῐς
1685 2331 1843 2362 καλλιέλαιον
1853 2351 1859 2357 .

1078 2376 1152 2417 πόσῳ
1177 2378 1279 2416 μᾶλλον
1300 2372 1371 2407 οὗτοι
1392 2378 1416 2407 oi
1441 2377 1512 2407 κατὰ
1530 2372 1616 2419 ’φύσιν
1646 2375 1860 2419 ἐγκιντρισθῆσοῩ

1077 2433 1122 2452 ται
1139 2414 1244 2463 ἰδίᾳ
1265 2421 1358 2462 ἐλαίας
1372 2431 1388 2452 »
1412 2423 1446 2453 Ei
1465 2421 1497 2452 σὺ
1519 2414 1672 2460 δ’ἐθνιιὸςς
1699 2414 1778 2462 φησὶ,
1794 2414 1861 2463 κακὸς

1078 2465 1115 2496 ὧν
1139 2461 1239 2506 φῦσειί
1258 2467 1304 2497 καὶ
1327 2461 1398 2508 ἔχων
1427 2466 1545 2508 πατέρας
1569 2461 1716 2508 ἂγριελαίῴ
1741 2461 1859 2508 ἐοικότας.

1078 2510 1205 2547 ἐξεκόπης
1219 2511 1326 2541 ἐκείνων
1341 2506 1390 2542 διὰ
1406 2513 1454 2548 τῆς
1467 2506 1599 2549 πίστεωςέ
1609 2506 1660 2542 ’καὶ
1682 2506 1861 2548 ἐνεκεντρίσθης

1079 2555 1153 2596 παρὰ
1168 2555 1245 2596 φύσιν
1307 2556 1488 2598 καλλιελαίῳ,
1502 2557 1584 2597 ἤγουν
1602 2561 1658 2591 τοῖς
1676 2553 1843 2598 πατριάρχὲξ(
1853 2559 1859 2566 ’

1078 2594 1155 2640 πόσῳ
1169 2594 1301 2639 μαλλονῆὸ
1317 2594 1462 2638 Ἰουδαῖος
1473 2594 1544 2631 κατὰ
1557 2601 1633 2642 φῦσιν
1646 2601 1715 2641 ἔχων
1730 2594 1759 2628 τὸ
1778 2594 1857 2642 καλδνν

1079 2646 1126 2675 οὐκ
1140 2638 1326 2685 ἐπαναδραμεῖ
1335 2657 1381 2676 ται
1391 2645 1458 2686 πρὸς
1476 2646 1526 2682 τὴν
1547 2638 1616 2676 ἰδίαν
1629 2638 1722 2675 ἐλαίαν
1731 2665 1740 2682 ,
1753 2638 1858 2686 τουτέσξτ¹

1079 2689 1137 2720 τοὺς
1156 2680 1289 2730 πατέραςξ
1304 2689 1393 2721 ὀταν
1414 2680 1452 2720 ’δὲ
1480 2680 1595 2729 ἀκούσῃς
1621 2691 1668 2720 τοῦ
1691 2680 1855 2730 Παῦλξυμτξι

1085 2744 1099 2762 (ι
1112 2733 1192 2764 Κατὰ
1204 2723 1300 2775 φόσινγ,
1316 2750 1326 2761 ο
1341 2734 1480 2775 λέγοντος,
1498 2735 1528 2765 τὸ
1630 2734 1682 2762 νόει
1697 2731 1741 2761 καὶ
1758 2728 1785 2758 τδ
1799 2723 1854 2755 ἀκί-

925 2803 1019 2833 Varia
1040 2802 1190 2835 lectiones.

259 2862 283 2883 ⁸⁸
294 2864 392 2900 διορθοῖ
405 2871 430 2893 o.
472 2862 495 2882 ⁸⁵
508 2863 655 2895 σπουδάζων
669 2870 697 2892 ο.
736 2862 758 2880 ⁹⁰
771 2862 868 2900 κοπήσῃ
881 2870 908 2892 ο.
945 2861 967 2880 ⁹¹
981 2862 1169 2900 προηγούμενος
1182 2871 1212 2893 o.
1249 2863 1272 2881 "
1286 2862 1491 2898 κατικλάσθησαν
1502 2870 1530 2891 o.
