1901 3077
33 211 82 240 Μ

491 212 664 242 EXPOSITIO
684 212 717 242 IN
736 212 840 243 EPIST.
862 212 908 242 Λῐ)
928 213 1010 242 ROM.
1029 229 1064 235 —
1084 213 1158 242 CAP.
1180 213 1211 242 XI

1627 217 1679 245 494

33 277 147 318 λουθονλ
163 270 233 312 οἷον,
250 275 319 310 εἰκὸς
337 269 370 318 ἦν
385 275 416 306 τὸ
437 276 529 307 τεκνον
544 279 591 307 τοῦ
608 276 684 317 ἇγίου
709 277 831 318 Ἀϐραὰμ.
846 285 870 315 Α
887 286 900 306 e

926 277 1003 314 ampli
1028 278 1126 314 gratia,
1156 278 1258 306 decens
1277 282 1336 306 erat
1351 281 1379 306 et
1395 286 1453 315 par,
1481 278 1568 307 ﬁliuni
1593 280 1680 308 sancti

31 320 104 359 ἅγιον
121 315 198 350 εἶναι·
214 319 305 362 ὥσπερ
333 316 383 357 αὖ,
399 334 411 348 ι
436 321 516 362 Παρὰ
540 315 638 363 φύσιν,
653 333 669 352 ι
686 323 744 352 ἀντὶ
759 315 831 359 τοῦ,

32 365 140 399 ἀπεικὸς
154 365 201 395 καὶ
216 365 392 396 ἀνακόλουθον
401 388 410 403 ,
425 366 456 396 τὸ
479 366 571 397 τέκνον
585 369 630 397 τοῦ
653 369 751 408 μιαροῦ
764 367 831 397 Ἐλ-

33 410 111 446 ληνος
126 409 202 450 ἅγιον
216 410 350 450 γενέσθαι.

74 511 89 530 (
108 501 151 531 Οὖ
165 501 218 541 γὰρ
234 501 302 531 θέλω
316 502 385 543 ὕμές
400 501 502 541 ἀγνοεῖν
514 523 522 538 ,
538 501 664 543 ἀδελφοὶ,
680 502 711 531 τὸ
727 501 831 540 μυστή-

35 557 88 585 ριον
110 547 190 574 τῶτο
203 543 267 585 (ἵνα
291 545 329 584 μὴ
349 541 396 582 ἦτε
419 547 540 586 φρόνιμοι
564 541 628 586 παρ’
644 546 776 586 ἑαυτοῖς),
792 546 832 576 ὅτι

34 590 159 629 πώρωσις
182 589 237 619 ἀπὸ
259 589 354 630 μέρους
378 592 417 630 τῷ
432 589 542 630 Ἰσραὴλ
559 590 679 630 γέγονεν,
705 591 781 632 ἄχρις
801 586 831 620 οὗ

33 634 63 663 τὸ
93 633 230 674 πλήρωμα
255 636 307 663 τῶν
334 635 414 664 ἐθνῶν
442 636 564 675 εἰσέλθῃ·
606 635 652 665 καὶ
680 636 748 665 οὕτω
779 639 832 669 πᾶς

34 678 150 716 Ἰσραὴλ
163 678 324 714 σωθήσεται.
342 693 354 705 ιο
372 679 527 719 Μυστήριον
545 681 656 710 ἐνταῦθα
667 679 698 709 τὸ
720 679 831 719 ἀγνοού-

35 734 114 761 μενον
139 723 187 752 καὶ
209 722 359 764 ἃπόῤῥητον
379 723 460 763 λέγει.
482 723 518 754 Τ(
541 723 568 753 δὲ
587 727 684 759 τοῦτο;
701 723 766 754 Ὅτι
783 725 831 754 οὔκ

34 767 59 801 ἐξ
75 767 224 806 ὁλοκλήρου
239 769 256 804 ἠ
272 768 383 798 ἀπιστία
402 770 456 797 τῶν
472 767 623 808 Ἑϐραίων,
647 770 706 798 ἀλλ’
729 770 759 798 ἐκ
781 768 832 807 μί-

35 823 95 852 ρους
111 814 129 848 ἡ
147 811 280 852 πώρωσις.
294 813 394 843 Πολλοὶ
407 813 458 853 γὰρ
469 813 626 854 ἰπίστευσαν
635 836 643 850 ,
656 814 699 847 οὓς
713 814 834 854 προέγνω

33 859 47 885 ὁ
62 856 152 893 Θεὸς,
174 857 210 890 ὣς
225 856 350 896 ἀνωτέρω
375 857 497 898 εἴρηται,
518 858 564 887 καὶ
586 853 620 887 αὖ
642 853 769 896 μέλλουσι
784 869 831 888 πι-

35 901 151 943 στεύειν.
182 900 384 941 Ἐπωρώθησαν
411 901 462 941 γὰρ
497 903 521 932 oi
548 903 728 943 Ἰσραηλῖται,
757 902 834 943 ἄχρις

35 941 64 974 οὗ
97 945 197 979 πάντες
224 947 248 975 οἱ
282 947 496 986 προεγνωσμένοι
521 947 547 967 ’⁸
577 941 674 978 ἐθνικοὶ
700 941 804 978 σωθῶσι
826 959 833 966 ·

34 990 82 1020 καὶ
107 991 168 1020 τότε
191 993 244 1024 πις
271 990 383 1032 Ἰσραὴλ
409 991 574 1029 σωθήσεται,
609 992 753 1026 πιστεύσας
783 993 832 1029 δη-

79 1089 97 1109 σ
114 1078 212 1113 Καθὼς
235 1079 384 1121 γέγραπται
400 1092 407 1100 ·
422 1080 502 1116 Ἥξει
524 1082 555 1112 ἐκ
569 1081 642 1112 Σιὼν
656 1083 671 1112 ὁ
692 1082 815 1122 ῥυόμενος
825 1103 834 1119 ,

33 1124 81 1153 καὶ
103 1124 267 1165 ἀποστρέψει
282 1124 406 1159 ἀσεϐείας
429 1126 482 1155 ἀπὸ
502 1125 614 1156 Ἰακώϐ.
632 1126 686 1157 Καὶ
702 1126 768 1162 αὕτη
785 1127 833 1156 αὔ-

33 1170 91 1202 τοῖς
107 1170 125 1204 ἡ
137 1170 204 1209 παρ’
221 1170 286 1208 ιμοῦ
302 1169 415 1206 διαθήκη
429 1193 438 1210 ,
453 1170 517 1200 ὅταν
533 1170 675 1212 ἀφέλωμαι
690 1171 737 1205 τὰς
751 1172 838 1211 ἀμαρ-

33 1213 94 1246 τίας
114 1215 212 1245 αὐτῶν.
228 1227 241 1242 ι
252 1214 305 1245 Τδν
316 1212 432 1245 Ἡσαΐαν
447 1215 527 1246 πάλιν
543 1216 643 1256 εἰσάγει
664 1217 780 1257 βοῶντα,
797 1216 837 1245 ὅτι

38 1269 52 1286 ιι
65 1258 152 1293 Ἥξει
166 1260 197 1289 εκ
212 1259 284 1290 Σιὼν
299 1273 312 1286 ιι
326 1262 342 1290 ὁ
356 1260 501 1300 δυνάμενος
519 1263 624 1298 σῶσαι,
638 1261 685 1292 καὶ
699 1261 838 1302 καθαρίσει

33 1303 83 1337 τὰς
119 1303 254 1344 ἁμαρτίας
279 1306 334 1335 τῶν
361 1304 544 1345 Ἰσραηλιτῶν.
577 1306 633 1337 Καὶ
663 1306 727 1336 πότε
754 1309 838 1336 ταῦτα

34 1348 130 1385 (erat;
163 1346 278 1379 «Ὅταν
304 1348 444 1390 ἀφέλωμαι
470 1350 518 1384 τὰς
539 1351 672 1390 ἁμαρτίας
694 1351 782 1380 αὐτῶν
798 1363 805 1369 ·
820 1362 834 1380 ι)

34 1391 177 1422 τουτέστιν
184 1415 194 1430 ,
209 1392 298 1424 ’Ὅταν
311 1395 358 1430 ἧς
379 1394 423 1424 διὰ
445 1397 490 1424 τοῦ
514 1395 699 1435 βαπτίσματος
722 1394 840 1435 ἀφέσεως

34 1436 210 1471 καταξιώσω.
222 1437 308 1469 Ὥστε
327 1438 384 1469 ἐπεὶ
405 1438 480 1469 οὔπω
497 1439 598 1477 ταύτης
613 1440 705 1480 ἔτυχον
727 1439 840 1480 (πεπώ-

35 1494 140 1522 ρωνται
156 1482 208 1524 γὰρ
216 1483 238 1523 ),
255 1483 366 1524 ὕστερον
381 1483 473 1522 μέλλει
485 1484 604 1524 γίνεσθαι
620 1488 707 1516 τοῦτο.

78 1592 93 1603 ι
113 1576 194 1608 Κατὰ
209 1575 257 1615 μὲν
271 1576 302 1606 τὸ
317 1577 495 1617 Εὖαγγέλιον,
508 1577 597 1617 ἐχθροὶ
620 1577 652 1606 δι’
668 1577 737 1615 ὑμᾶς
749 1588 757 1595 -
773 1575 842 1605 κατὰ

34 1623 63 1653 δὲ
77 1621 131 1658 τὴν
152 1620 280 1661 ἐκλογὴν,
305 1622 438 1662 ἀγαπητοὶ
465 1621 508 1651 διᾶ
530 1621 591 1655 τοὺς
609 1621 736 1661 πατέρας.
761 1620 843 1659 Ἀμε-

34 1666 183 1706 ταμέλητα
196 1665 247 1705 γὰρ
263 1665 296 1695 τὰ
308 1666 466 1706 χαρίσματα
477 1666 523 1696 καὶ
538 1668 554 1702 ἡ
567 1667 661 1701 κλῆσις
672 1667 719 1694 τοῦ
734 1665 816 1696 Θεοῦ.
831 1677 844 1690 ι

34 1711 128 1747 Διότι,
144 1710 236 1751 φησὶν,
260 1711 335 1748 ὑμεῖς
355 1710 524 1748 ὑπηκούσατε
547 1712 585 1751 τῷ
609 1709 781 1750 Εὖαγγελίῳ,
797 1709 844 1739 καὶ

34 1755 248 1796 προσελήφθητε
273 1754 324 1784 ὑπὸ
348 1758 394 1785 τοῦ
421 1756 509 1792 Θεοῦ,
534 1754 738 1795 φιλονεικότεροι
770 1753 844 1783 αὐτοὶ

35 1799 171 1841 γεγόνασι
194 1799 241 1828 καὶ
261 1799 440 1836 ἄπεπήδησαν
465 1800 566 1838 μᾶλλον
579 1821 587 1836 ,
610 1799 656 1829 καὶ
678 1798 768 1839 ἐχθροὶ
785 1799 845 1838 ἐγέ-

36 1857 119 1875 νοντο
130 1853 138 1861 ⁵
161 1843 227 1873 καθὸ
241 1843 329 1882 μέντοι
349 1845 374 1874 οἱ
393 1842 506 1884 πατέρες
520 1844 607 1874 αὖτῶν
621 1843 778 1883 ἔξελέγησαν
795 1843 846 1872 ὑπὸ

37 1891 116 1920 Θεοῦ
143 1887 171 1923 ἐξ
193 1889 296 1928 ἀρχῆς,
324 1890 372 1919 οὐκ
400 1889 472 1919 ἐάσει
498 1888 592 1922 αὐτοὺς
609 1889 624 1917 ὁ
638 1888 706 1922 Θεὸς
729 1887 845 1926 πάμπαν

36 1933 192 1963 ἀπολέσθαι
204 1933 354 1972 (ἀγαπητοὶ
364 1933 417 1974 γάρ
425 1934 491 1963 εἰσιν
499 1934 508 1972 )
516 1956 524 1972 ,
539 1932 600 1963 ἀλλ’
612 1933 657 1963 ἐὰν
670 1932 844 1971 πιστεύσωσί,

38 1977 238 2018 παραδέξεται.

85 2034 103 2051 ι
119 2021 231 2062 Ὥσπερ
250 2021 301 2063 γὰρ
326 2022 400 2061 ὑμεῖς
424 2034 490 2052 ποτε
513 2022 677 2058 ἠπειθήσατε
703 2023 742 2061 τῷ
765 2022 846 2063 Θεῷ,

37 2070 89 2097 νῦν
116 2067 145 2096 δὲ
167 2066 295 2108 ἰλιήθητε
319 2067 420 2108 [vulg.
437 2067 505 2107 ἠλ.]
579 2066 680 2096 τούτων
703 2066 824 2106 ἀπειθείᾳ
841 2078 847 2085 ·

38 2112 115 2142 οὕτω
138 2111 186 2141 καὶ
207 2107 277 2141 οὗτοι
301 2111 449 2148 ἠπείθησαν
475 2115 519 2141 νῦν
540 2113 579 2151 τῷ
602 2112 676 2150 ὑμῶν
699 2111 782 2150 ἐλέει,
805 2110 848 2140 ἵνα

37 2157 90 2187 καὶ
117 2155 194 2186 αὖτοὶ
220 2157 372 2193 ἐλεηθῶσιν.
391 2171 403 2183 1
430 2155 491 2186 Ἔτι
516 2155 710 2190 κατασκευάζει
734 2154 775 2186 ὅτι
789 2167 849 2185 σω-

39 2201 175 2238 θήσονται
197 2201 221 2230 οἱ
236 2199 263 2235 ἐξ
282 2199 394 2241 Ἰσραὴλ
409 2200 528 2241 ὕστερον,
553 2199 647 2239 Ὑμεῖς
659 2199 728 2241 γὰρ,
753 2200 849 2241 φησὶν,

885 323 1034 351 Abrahami
1047 327 1176 351 sanctum
1190 331 1250 352 esse
1266 323 1356 351 :sicut
1377 326 1404 352 et
1420 331 1525 357 rursus,
1543 335 1557 348 α
1577 325 1681 352 Praeter

885 371 1024 403 naturam,
1042 379 1055 393 ι
1081 376 1131 404 pro
1144 376 1178 397 eo
1193 368 1268 405 quod
1293 372 1343 402 est,
1360 367 1492 396 indecens
1507 373 1535 396 et
1547 369 1675 397 inconse-

885 419 988 448 quens,
1003 412 1086 446 dixit,
1110 416 1150 447 ut,
1164 414 1226 442 Non
1234 417 1294 442 erat
1307 413 1455 442 verisimile
1470 413 1566 450 polluti
1589 413 1678 442 Graeci

885 461 1003 493 gnatum
1016 462 1144 486 sanctum
1158 457 1226 486 ﬂeri.

919 501 1071 538 “Vens.
1081 504 1125 537 25,
1134 505 1178 530 26.
1189 514 1201 527 ι
1211 502 1282 531 Nolo
1288 502 1363 531 enim
1370 510 1427 537 vos,
1435 502 1543 536 fratres,
1551 503 1678 540 ignorare

885 546 1048 583 mysterium
1061 547 1114 576 hoc
1128 550 1169 581 (ut
1181 555 1237 575 non
1251 547 1312 576 sitis
1337 547 1409 584 apud
1420 548 1600 584 vosmetipsos
1615 556 1681 584 pru-

885 591 1002 627 dentes),
1017 591 1092 627 quod
1112 592 1221 620 cacitas
1236 592 1329 620 Israeli
1342 600 1376 620 ex
1400 596 1477 629 parte
1492 593 1617 629 contigit,
1631 592 1681 621 do-

884 643 934 663 nec
973 635 1114 672 plenitudo
1148 636 1273 673 gentium
1311 637 1445 670 intraret;
1472 641 1500 664 et
1525 637 1563 664 sic
1588 638 1682 665 omnis

885 680 966 708 Israel
980 681 1071 708 salvus
1083 680 1149 709 erit.
1172 693 1184 705 ιι
1195 681 1359 718 Mysterium
1373 681 1418 709 hic
1430 681 1554 717 ignotum
1565 686 1592 709 et
1603 689 1676 710 aros-

885 732 953 753 num
976 724 1052 753 dicit.
1069 725 1209 761 Quidnam
1224 730 1318 754 autem
1342 725 1395 754 hoc
1409 726 1467 754 est?
1479 725 1559 761 Quod
1574 735 1629 754 non
1655 727 1682 755 in

887 770 1046 798 universum
1067 770 1256 804 incredulitas,
1272 778 1367 799 verum
1382 778 1414 798 ex
1430 775 1507 807 parte
1522 772 1630 800 caecitas
1654 775 1682 800 et

887 813 1036 843 obduratio
1056 815 1186 844 Hebraeos
1212 815 1356 843 invaserat.
1375 815 1454 844 Multi
1468 816 1543 844 enim
1556 815 1684 845 credide—

887 862 963 893 runt,
975 867 1045 896 quos
1064 861 1140 888 Deus
1154 860 1338 896 praesciverat,
1353 864 1384 887 ut
1409 868 1490 896 supra
1503 860 1609 889 dictum
1631 865 1683 895 est,

853 918 876 949 Β
887 907 914 932 et
930 904 1046 940 posthac
1056 904 1141 949 multi
1154 905 1284 933 credituri
1299 908 1373 932 sunt.
1384 906 1519 933 Exezecati
1532 905 1606 933 enim
1621 910 1686 933 sunt

889 948 1032 983 Israelita,
1046 948 1134 977 donec
1159 949 1260 977 ethnici
1284 957 1382 978 omnes
1409 949 1591 986 praedestinati
1618 950 1684 978 salvi

889 992 953 1021 facti
968 993 1040 1021 sint:
1056 998 1084 1021 et
1098 997 1165 1022 tunc
1179 994 1270 1022 omnis
1284 993 1365 1022 Israel
1379 994 1471 1022 salvus
1491 995 1554 1030 erit,
1567 995 1615 1031 qui
1628 1003 1686 1023 cre-

889 1037 988 1066 diderit
1002 1037 1136 1066 videlicet.

926 1083 1019 1112 Vsns.
1037 1086 1081 1117 26,
1095 1086 1140 1112 27.
1168 1095 1180 1108 α
1198 1083 1273 1112 Sicut
1285 1083 1419 1120 scriptum
1436 1088 1478 1112 est
1496 1093 1503 1112 :
1526 1084 1625 1112 Veniet
1653 1092 1685 1113 ex

891 1128 958 1156 Sion
966 1128 1121 1162 Liberator,
1132 1133 1160 1156 et
1171 1132 1276 1157 avertet
1283 1128 1438 1165 impietates
1445 1137 1460 1157 a
1471 1129 1567 1157 Jacob.
1574 1130 1687 1166 Hocque

892 1172 957 1209 ipsis
980 1180 996 1201 ιι
1009 1181 1053 1202 me
1067 1177 1273 1207 testamentum,
1294 1173 1405 1210 quando
1425 1173 1564 1202 abstulero
1578 1179 1687 1211 peccata

892 1219 1023 1254 ipsorum.
1042 1230 1054 1242 ι
1071 1218 1169 1247 Isaiam
1184 1226 1279 1246 rursus
1289 1218 1403 1246 adducit
1416 1219 1590 1255 clamantem,
1615 1227 1687 1256 quo-

892 1263 967 1291 niam
983 1275 995 1287 ι
1010 1264 1091 1291 Venit
1105 1271 1138 1291 ex
1152 1262 1228 1297 Sion,
1246 1274 1260 1288 ι
1275 1263 1320 1300 qui
1341 1264 1427 1300 possit
1438 1271 1556 1297 servare.
1576 1268 1603 1292 et
1621 1272 1687 1300 pur-

893 1307 967 1344 gabit
990 1307 1174 1336 Israelitarum
1212 1312 1329 1344 peccata.
1357 1308 1474 1343 Quando
1504 1312 1596 1337 autem
1631 1309 1690 1337 haec

894 1353 994 1381 erunt?
1015 1364 1028 1376 ι
1043 1352 1161 1389 Quando
1187 1353 1326 1381 abstulero
1345 1358 1455 1389 peccata
1471 1361 1580 1388 eorum,
1600 1365 1613 1378 ιο
1637 1353 1690 1381 hoc

895 1401 952 1432 est,
973 1397 1044 1425 Cum
1073 1405 1122 1434 per
1135 1397 1269 1433 baptisma
1291 1405 1338 1426 eos
1352 1397 1512 1426 dimissione
1534 1406 1615 1427 noxa:
1637 1398 1690 1426 do-

894 1449 1004 1470 navero.
1034 1441 1125 1477 Quare
1147 1450 1212 1470 cum
1236 1441 1363 1470 nondum
1389 1442 1463 1471 hanc
1487 1443 1609 1471 assecuti
1636 1443 1693 1471 sint

896 1489 905 1520 (
918 1490 984 1515 sunt
993 1486 1066 1515 enim
1080 1485 1199 1515 indurati
1206 1487 1263 1516 sive
1275 1487 1426 1522 exmcacti),
1435 1487 1462 1515 in
1469 1492 1613 1524 posterum
1621 1488 1692 1516 hanc

896 1535 1111 1568 consequentur.

932 1576 1026 1604 Vsus.
1044 1578 1090 1610 28,
1103 1578 1148 1604 29.
1168 1588 1180 1601 ι
1196 1577 1355 1606 Secundum
1369 1576 1548 1613 Evangelium
1569 1577 1692 1614 quidem,

897 1620 1000 1648 inimici
1023 1625 1134 1657 propter
1149 1629 1209 1657 vos,
1235 1621 1389 1650 secundum
1415 1622 1576 1650 electionem
1600 1627 1694 1650 autem

895 1664 987 1693 dilecti
1001 1669 1114 1701 propter
1141 1670 1238 1701 patres.
1263 1666 1327 1694 Sine
1349 1667 1507 1702 paenitentia
1531 1667 1606 1694 enim
1629 1670 1695 1695 sunt

897 1708 970 1738 dona
995 1711 1046 1737 Dei
1071 1714 1098 1738 et
1120 1711 1240 1739 vocatio.
1266 1720 1281 1737 ι)
1301 1711 1374 1747 Quia
1400 1719 1449 1739 vos
1469 1711 1626 1745 obediistis,
1650 1712 1696 1739 in-

898 1754 967 1790 quit,
985 1754 1140 1791 Evangelio,
1164 1759 1192 1783 et
1206 1755 1337 1791 assumpti
1350 1756 1416 1784 estis
1431 1764 1446 1783 a
1470 1757 1539 1790 Deo,
1562 1755 1612 1792 ipsi
1628 1763 1695 1784 con-

898 1800 1074 1828 tentiosiores
1097 1799 1159 1828 facti
1186 1804 1271 1835 sunt,
1302 1801 1447 1837 magisque
1476 1800 1640 1834 resilierunt,
1668 1805 1696 1828 et

899 1843 993 1872 hostes
1006 1849 1072 1872 sunt
1086 1844 1186 1872 redditi
1201 1854 1207 1872 :
1221 1849 1249 1872 at
1263 1849 1401 1881 quatenus
1422 1849 1512 1881 patres
1530 1853 1626 1873 eorum
1637 1845 1695 1881 jam

900 1889 966 1918 olim
981 1889 1016 1917 ab
1030 1889 1111 1917 initio
1121 1893 1183 1917 sunt
1197 1889 1274 1917 electi
1284 1897 1301 1917 ο.
1315 1890 1386 1924 Deo,
1403 1898 1458 1918 non
1478 1890 1549 1918 sinet
1562 1898 1610 1918 eos
1623 1891 1696 1917 Deus

901 1935 1013 1962 interire
1027 1941 1140 1971 prorsus
1151 1933 1250 1968 (dilecti
1269 1934 1345 1962 enim
1357 1938 1452 1969 sunt),
1467 1934 1515 1963 sed
1534 1935 1556 1963 si
1574 1934 1697 1964 credide-

900 1979 966 2013 rint,
977 1978 1090 2014 recipiet
1108 1986 1164 2007 eos.

936 2025 1026 2052 νεεδ.
1042 2025 1087 2059 30,
1112 2026 1156 2052 31.
1175 2032 1190 2050 ιι
1203 2023 1283 2052 Sicut
1301 2022 1375 2052 enim
1387 2027 1415 2051 et
1425 2031 1473 2051 vos
1485 2024 1631 2060 aliquando
1642 2033 1697 2053 non

901 2068 1054 2098 credidistis
1069 2069 1142 2103 Deo,
1156 2076 1230 2097 nunc
1240 2072 1334 2096 autem
1357 2068 1574 2097 misericordiam
1600 2078 1697 2098 conse-

901 2113 956 2142 cuti
971 2113 1036 2142 estis
1050 2117 1161 2150 propter
1177 2112 1395 2142 incredulitatem
1417 2113 1526 2141 illorum
1543 2123 1549 2141 :
1564 2114 1599 2142 ita
1613 2119 1641 2142 et
1653 2115 1697 2143 isti

902 2166 959 2186 non
972 2157 1147 2186 crediderunt
1170 2165 1243 2186 nunc
1263 2158 1291 2186 in
1317 2162 1437 2186 vestram
1466 2158 1699 2193 misericordiam,

902 2207 934 2231 ut
946 2206 975 2231 et
1002 2202 1053 2239 ipsi
1078 2201 1298 2231 misericordiam
1324 2207 1536 2239 consequantur.
1565 2214 1578 2228 ι
1593 2203 1699 2232 Conﬁr-

39 2248 68 2276 οἳ
94 2245 194 2276 ἐθνικοὶ
218 2244 358 2281 κληθέντες
381 2245 508 2286 πρότερον
521 2267 530 2282 ,
559 2245 607 2274 οὐκ
633 2244 776 2281 ἕθελήσατε
797 2247 848 2274 ὗπ-
862 2242 888 2274 Ι)

926 2255 977 2276 lare
997 2247 1088 2284 pergit
1111 2247 1246 2276 Israelitas
1274 2247 1386 2276 tandem
1410 2248 1622 2276 conservandos.
1643 2249 1699 2276 Vos

41 2293 180 2327 τεκοῦσαι,
203 2290 249 2320 καὶ
265 2290 307 2320 διὰ
322 2292 400 2320 τοῦτο
424 2289 576 2326 ἐκλήθησαν
599 2289 623 2319 οἱ
643 2289 786 2328 Ἰουδαῖοι,
804 2290 848 2320 καὶ

40 2335 130 2374 νόμον
141 2334 239 2364 ἔλαϐον
255 2346 262 2353 ο
273 2335 369 2371 πάλιν,
387 2335 536 2371 κληθέντων
560 2335 612 2363 τῶν
630 2334 768 2364 Ἰουδαίων
780 2357 788 2371 ,
803 2334 849 2364 καὶ

44 2380 253 2417 ἆπειθησάντων
267 2381 305 2420 τῷ
322 2380 430 2420 Χριστῷ
441 2401 449 2415 ,
465 2379 595 2416 ἐκλήθητε
607 2379 696 2418 ὑμεῖς,
709 2379 755 2408 καὶ
770 2378 850 2415 ἠλεή-

46 2427 124 2460 θητε.
141 2423 226 2454 Ἀλλὰ
245 2423 276 2454 τὸ
296 2426 369 2462 ὑμῶν
390 2424 461 2458 ἔλεος
482 2423 528 2454 καὶ
552 2423 651 2453 τούτων
675 2423 769 2453 ἔσται·
796 2435 850 2453 πα-

49 2468 240 2509 ραζηλώσουσι
264 2468 316 2508 γὰρ
335 2471 421 2507 ὑμᾶς,
438 2468 484 2498 καὶ
505 2468 677 2498 πιστεύσουσι
699 2468 744 2499 καὶ
761 2468 851 2506 αὐτοὶ,

50 2513 100 2543 καὶ
114 2513 187 2543 οὕτω
202 2514 241 2554 τῷ
255 2514 331 2553 ἱμῶν
345 2512 411 2543 me:
426 2513 624 2550 ἐλεηθήσονται.

95 2658 110 2675 ι
127 2647 290 2678 Συνίκλεισε
305 2647 356 2689 γὰρ
376 2649 391 2677 ὃ
414 2648 483 2682 Θεὸς
505 2647 565 2681 τοὺς
588 2647 692 2682 πάντας
715 2648 752 2682 εἷς
773 2647 853 2677 ἀπεί-

51 2693 138 2729 θειαν,
153 2692 200 2721 ἵνα
212 2692 275 2727 τοὺς
289 2692 390 2727 πάντας
400 2692 510 2733 ἐλεήσῃ.
520 2706 534 2721 ι
543 2693 699 2730 Τουτέστιν,
710 2689 854 2732 Ἦλεγξεν,

904 2293 989 2326 enim,
1003 2291 1101 2329 inquit,
1116 2291 1218 2321 ethnici
1241 2292 1363 2328 primum
1375 2293 1477 2327 vocati,
1488 2293 1614 2322 noluistis
1633 2293 1699 2321 obe-

902 2337 972 2372 dire,
990 2340 1019 2366 et
1034 2341 1179 2374 propterea
1192 2337 1281 2365 vocati
1297 2341 1363 2365 sunt
1374 2338 1475 2372 Judaei,
1501 2342 1584 2376 atque
1610 2338 1698 2375 legem

903 2385 1074 2419 acceperunt.
1089 2381 1324 2418 Rursus,|vocatis
1336 2381 1438 2410 Judazis
1457 2385 1494 2417 ,et
1514 2383 1624 2411 Christo
1639 2391 1685 2411 mo

904 2434 964 2455 rem
984 2434 1039 2455 non
1056 2425 1222 2463 gerentibus,
1236 2426 1323 2454 vocati
1342 2426 1406 2454 estis
1418 2434 1476 2461 vos,
1499 2430 1528 2455 et
1547 2427 1702 2456 misericor-

905 2471 978 2499 diam
1000 2471 1065 2499 estis
1087 2470 1227 2499 consecuti
1246 2481 1253 2498 :
1275 2478 1371 2498 verum
1396 2474 1486 2499 vestra
1513 2471 1703 2500 misericordia

905 2515 1006 2544 horum
1025 2523 1134 2553 quoque
1159 2516 1221 2544 erit.
1244 2516 1455 2544 )Emulabuntur
1472 2516 1545 2545 enim
1571 2525 1630 2551 vos,
1643 2524 1703 2544 cre-

907 2560 1027 2597 dentquc
1051 2560 1115 2597 ipsi,
1143 2560 1246 2597 hacque
1267 2560 1375 2589 ratione
1397 2565 1489 2590 vestra
1515 2560 1703 2589 misericordia

909 2604 1094 2633 donabuntur.

944 2651 1037 2679 Vsus.
1048 2653 1092 2679 32.
1106 2660 1121 2675 (ι
1133 2650 1274 2679 Conclusit
1282 2650 1358 2679 enim
1369 2651 1444 2679 Deus
1450 2658 1545 2679 omnes
1553 2650 1604 2678 sub
1615 2649 1704 2676 incre-

908 2695 1033 2730 dulitate,
1045 2700 1078 2723 ut
1091 2695 1218 2724 omnium
1239 2695 1415 2724 misereatur.
1425 2707 1438 2720 ι
1452 2696 1513 2723 Hoc
1532 2699 1584 2729 est,
1598 2693 1707 2729 Arguit,

761 2795 856 2826 Varia
877 2795 1026 2826 lectiones.

95 2879 118 2901 ἥ
133 2878 313 2919 προωρισμένοι
328 2887 350 2910 οι
