1901 3077
246 197 298 229 405

755 196 1010 227 THEOPHYLACTI
1029 195 1206 227 BULGARLE
1226 197 1382 227 ARCHIEP.
1833 200 1873 227 490

246 263 449 293 demonstravit
469 262 655 291 inobedieutes
674 266 699 290 et
730 262 894 296 incredulos,
919 266 949 290 ut
974 262 1039 290 alios

1097 261 1229 296 ἀπέδειξεν
1246 263 1434 299 ἀπειθοῦντας,
1448 260 1492 289 ἵνα
1510 260 1569 294 τοὺς
1589 261 1695 300 ἑτέρους
1715 261 1759 290 διὰ
1778 263 1819 296 τῆς
1831 264 1872 291 τῶν

245 309 365 336 aliorum
374 307 548 336 contentione
566 311 698 335 servaret.
715 306 794 334 Prius
808 306 890 340 enim,
904 306 1042 342 gentibus,

246 361 303 381 non
343 351 607 387 obtemperantibus,
635 351 762 384 servavit,
790 351 831 379 uti
857 350 962 378 dictum
988 346 1041 385 est,

248 397 380 426 Hebraeos
399 404 514 425 :rursus
528 396 630 424 .ludteis
650 395 759 423 Christo
779 403 833 423 non
857 395 1042 427 credentibus.

247 442 329 471 salvae
350 441 429 470 factae
445 445 511 469 sunt
531 444 624 477 gentes
647 449 655 467 τ
678 440 844 468 conservatis
871 440 926 475 85
947 444 1040 468 autem

247 487 373 523 gentibus
387 486 478 515 Judaei
489 485 662 518 aemulantes,
678 485 728 521 ipsi
742 485 827 513 etiam
840 489 984 513 servantur
996 494 1002 512 :
1016 489 1043 512 et

247 532 284 559 sic
298 539 393 559 omnes
404 530 620 559 misericordiam
630 533 848 566 consequuntur,

283 577 374 604 Vsus.
404 578 451 604 33.
476 586 490 600 (ι
505 575 529 603 Ο
548 573 764 610 profunditatem
780 574 936 602 divitiarum
955 578 984 602 et
1000 581 1042 602 sa-

250 621 358 656 pientiae
372 624 399 648 et
416 620 538 648 scientiae
551 619 601 647 Dei
613 621 619 647 !
634 627 717 654 quam
730 623 795 647 sunt
818 619 1043 654 imperscrutabi-

248 666 283 693 lia
298 665 401 702 judicia
421 665 479 700 ejus
492 686 500 698 ,
525 667 553 692 et
576 664 838 700 impervestigabiles
862 664 913 691 vim
933 663 1007 699 ejusl
1029 675 1040 687 ιι

248 712 390 746 Reputans
408 717 501 737 secum
514 708 564 737 Dei
585 708 885 744 dispensationes,quaa
903 715 918 735 a
943 707 1042 736 mundi

248 754 358 782 fuerunt
380 753 586 787 constitutione,
618 753 665 788 qui
692 760 740 788 per
774 752 909 780 contraria
937 751 1044 788 dispen-

247 803 288 827 set
299 798 444 831 contraria,
460 806 491 826 ac
514 806 564 834 per
576 797 643 826 alios
663 797 854 826 inobedientes
866 801 894 824 et
915 796 1041 824 incredu-

246 845 297 878 los,
313 844 379 871 alios
400 843 561 872 obedientes
577 846 604 870 et
612 841 738 870 credulos
748 841 859 876 efﬁciat,
877 841 1019 876 obstupuit
1033 850 1040 868 :

246 889 387 917 afﬁrmans
401 896 465 916 eum
476 887 590 916 omnino
600 887 647 923 qui
662 886 702 914 sic
712 894 755 914 res
772 890 879 914 nostras
889 885 1041 921 dispensat,

1096 307 1189 346 ἑτέρων
1211 306 1284 346 σώσῃ
1306 305 1476 347 φιλονεικίας.
1505 305 1638 345 Πρότερον
1655 305 1706 345 γὰρ
1730 307 1874 342 amomi.-

1095 363 1148 380 των
1161 353 1211 380 τῶν
1222 352 1339 386 ἐθνικῶν,
1354 350 1461 386 ἔσωσεν,
1473 351 1508 383 ὡς
1519 350 1624 390 εἴρηται
1636 373 1644 388 ,
1658 350 1718 384 τοὺς
1729 350 1858 390 Ἑϐραίους
1869 363 1873 369 ·

1096 396 1176 424 πάλιν
1203 396 1245 425 ἐπὶ
1273 397 1388 434 Χριστοῦ
1417 395 1619 431 ἀπειθησάντων
1651 397 1703 424 τῶν
1738 395 1873 430 Ἰουδαίων,

1097 440 1232 476 ἐσώθησαν
1249 443 1271 470 οἱ
1285 440 1379 470 ἐθνικοί
1392 452 1398 458 ·
1414 441 1549 469 σωθέντων
1562 440 1686 479 [δὲ]τίι”’›ν
1700 441 1820 476 ἐθνικῶν,
1833 452 1873 470 πα-

1097 487 1268 525 ραζηλοῖντες
1278 487 1301 515 οἱ
1313 486 1446 522 Ἰουδαῖοι,
1462 486 1591 519 σώζονται
1602 485 1650 515 καὶ
1668 485 1753 515 αὐτοί·
1764 485 1806 515 καὶ
1819 485 1874 515 οὕτω

1096 531 1193 563 πάντες
1209 531 1352 562 ἐλεοῦνται.

1137 589 1148 602 ι
1162 574 1202 605 Ὧ
1215 575 1294 614 βάθος
1314 574 1427 605 πλούτου
1440 574 1486 604 καὶ
1500 574 1594 615 σοφίας
1613 573 1660 604 καὶ
1674 574 1793 613 γνώσειικ
1804 575 1874 605 Θεοῦῐ

1096 622 1131 652 ὡς
1148 619 1334 659 ἀνεξερεύνητα
1359 619 1392 649 τὰ
1420 619 1539 659 κρίματα
1565 620 1665 656 αὐτοῦ,
1689 620 1735 648 καὶ
1750 619 1876 659 ἀνεξιχνία-

1096 677 1152 694 στοι
1167 666 1194 694 αἱ
1207 665 1261 694 ὁδοὶ
1281 665 1359 694 αὐτοῦ
1372 667 1379 695 i
1395 677 1408 694 ι)
1427 664 1484 698 Τὰς
1506 664 1658 702 οἰκονομίας
1672 668 1720 694 τοῦ
1733 665 1800 694 Θεῶ
1822 666 1873 693 ἄνα-

1096 709 1282 749 λογισιιίμενος,
1299 709 1346 743 τὰς
1366 709 1409 749 ἀφ’
1423 704 1504 749 οἷπερ
1519 710 1533 737 ὁ
1557 709 1658 748 κόσμος
1683 709 1810 744 συνέστη,
1829 711 1874 742 πῶς

1096 754 1138 783 διὰ
1159 755 1210 783 τῶν
1226 754 1351 783 ἐναντίων
1369 754 1404 784 τὰ
1419 753 1524 783 ἐναντία
1550 754 1705 791 οἰκονομεῖ,
1731 754 1775 782 καὶ
1791 753 1820 782 δι’
1831 754 1873 782 ἑτέ-

1095 811 1146 839 ρων
1181 798 1356 828 ἀπειθούντων
1389 799 1484 831 ἄλλους
1519 800 1647 831 εὐπειθεῖς
1683 798 1869 832 ἀναδείκνυσιν,

1094 843 1226 882 ἐξεπλάγη
1240 856 1246 862 ·
1268 844 1442 882 πιστούμενος
1465 842 1505 872 ὅτι
1530 842 1639 876 πάντως
1661 845 1676 872 ὁ
1693 842 1775 876 οὕτως
1795 844 1874 872 οἰκονο-

1096 890 1153 924 μῶν
1175 889 1207 917 τὰ
1222 889 1338 928 ἡμέτερα
1349 911 1357 925 ,
1384 888 1429 917 xui
1448 887 1510 927 περὶ
1531 889 1578 924 τῆς
1593 887 1746 925 μελλούσης
1761 887 1874 927 σωτηρίας

246 933 280 962 de
293 933 476 961 Hebraeorum
498 932 581 960 etiam
596 931 687 960 futura
701 931 799 964 salute,
812 930 913 966 aliquid
932 930 1039 966 dispen-

1097 934 1146 962 τῶν
1159 932 1295 963 Ἰουδαίων
1311 932 1490 970 οἰκονομήσει.
1521 933 1642 963 Πλοῦτον
1662 932 1712 970 μὲν
1736 927 1778 961 οὖν
1795 931 1873 969 ὀνομά-

245 983 383 1006 saturum.
409 977 521 1005 Divitias
544 976 627 1012 igitur
640 975 761 1004 divinam
785 975 936 1003 bonitatem
946 975 1043 1010 appel-

247 1023 295 1057 lat,
326 1022 404 1058 cujus
427 1021 643 1058 profunditatem
670 1019 849 1048 solummodo
876 1020 1040 1053 demiratur,
1067 1047 1071 1050 ,

245 1067 427 1103 quantitatem
442 1066 573 1103 ignorans
593 1075 600 1093 ι
615 1073 650 1100 ορ
657 1073 705 1093 um
711 1065 786 1093 enirn
800 1068 852 1098 est,
866 1068 959 1100 gentes
970 1064 1040 1092 adeo

245 1112 395 1148 locupletes
415 1111 514 1139 facere.
539 1111 688 1138 Enimvero
711 1117 776 1137 cum
791 1109 912 1137 bonitate
940 1112 968 1136 et
997 1116 1040 1136 sa-

245 1156 375 1192 pientiam
394 1154 544 1183 admiratur
558 1162 605 1190 per
618 1161 702 1190 quam
723 1158 816 1181 nostra
848 1151 917 1188 regit
942 1160 974 1180 ac
999 1152 1041 1180 di-

246 1205 368 1237 spensat,
395 1200 532 1236 rudesque
559 1203 654 1235 gentes
675 1197 787 1231 erudiit;
803 1201 830 1225 et
854 1196 1039 1233 cognitionem

243 1253 291 1282 per
306 1253 390 1281 quam
409 1245 486 1272 novit
500 1243 566 1279 quid
585 1243 733 1280 unicuique
745 1242 894 1270 conducat.
910 1242 974 1270 Non
999 1241 1040 1269 di-

242 1290 282 1318 xit
306 1294 398 1318 autem
414 1310 423 1324 ,
449 1287 752 1323 lmcomprehensibilia
767 1291 830 1315 sunt
853 1285 956 1323 judicia
969 1285 1039 1322 ejus,

241 1336 298 1366 sed.
315 1347 326 1359 α
350 1333 600 1370 lnperscrutabilia,
615 1342 629 1359 ι
647 1332 701 1361 hoc
721 1336 774 1366 est,
796 1339 853 1359 non
866 1331 981 1359 omnino
995 1338 1038 1358 re-

240 1380 364 1416 cipientia
389 1378 604 1414 indagationem.
622 1389 635 1401 ιι
660 1378 694 1404 Et
725 1376 775 1404 via:
789 1376 857 1411 ejus,
874 1385 888 1402 ι)
907 1375 959 1403 hoc
983 1378 1036 1408 est,

240 1424 466 1461 dispensationes,
495 1423 598 1450 nedum
633 1429 690 1448 non
711 1425 826 1456 possunt
846 1419 970 1456 agnosci,
991 1419 1037 1447 sed

242 1477 275 1497 ne
288 1468 388 1504 inquiri
404 1467 518 1504 quidem
539 1473 661 1502 prorsus,
684 1465 728 1493 vel
741 1464 885 1500 vestigium
913 1464 1037 1500 ipsarum

239 1513 359 1549 conspici
366 1533 373 1541 .

276 1558 368 1584 Vsns.
379 1558 414 1584 34
427 1577 434 1589 ,
449 1558 493 1583 35.
513 1565 526 1578 α
549 1553 618 1589 Quis
629 1553 702 1581 enim
716 1552 846 1588 cognovit
856 1559 970 1580 sensum
980 1553 1035 1580 Do-
1051 1561 1074 1594 ρ

241 1601 324 1628 mini?
344 1604 393 1628 aut
413 1600 474 1636 quis
493 1598 665 1627 consiliarius
684 1597 736 1633 ipsi
756 1597 806 1625 fuit
834 1596 892 1633 i.j?
909 1601 957 1624 aut
977 1597 1038 1633 quis

241 1646 314 1681 prior
328 1644 404 1673 dedit
415 1644 449 1679 ei,
463 1649 490 1672 et
502 1640 672 1671 ‘retribuetur
684 1642 778 1677 ipsis?
794 1653 805 1665 ιι
819 1642 909 1676 Solus,
937 1641 1038 1678 inquit,

241 1690 298 1725 ipse
320 1689 397 1717 novit
414 1697 480 1721 sua,
491 1692 520 1716 et
542 1695 626 1715 nemo
648 1686 727 1714 alius.
744 1687 856 1722 Sapiens
870 1693 952 1722 porro
972 1694 1036 1714 cum

240 1736 284 1767 sit,
301 1742 316 1762 a
331 1734 406 1762 nullo
421 1733 476 1761 alio
505 1732 665 1761 consultare
678 1731 817 1759 institutus
846 1735 897 1765 est,
915 1730 964 1758 sed
979 1731 1036 1767 ipse

238 1780 342 1816 sibiipsi
363 1778 427 1807 satis
445 1777 500 1806 fuit
518 1776 669 1811 sufﬁciens,
690 1780 717 1804 et
730 1779 780 1804 est.
797 1775 956 1811 Quinetiam
975 1782 1036 1803 om-

239 1824 318 1852 nium
335 1824 473 1852 bonorum
492 1821 554 1851 fons
572 1825 624 1853 est,
646 1825 675 1849 et
697 1827 872 1857 quaecunque
892 1820 950 1853 dat,
980 1827 1036 1847 non

238 1869 319 1897 veluti
350 1867 604 1904 compensationem
620 1866 662 1894 vel
684 1865 898 1894 retributionem
925 1863 1036 1898 debeat,

238 1913 370 1950 impertit,
395 1912 443 1941 sed
454 1912 490 1940 ob
504 1911 646 1948 propriam
658 1910 854 1938 tantummodo
871 1909 1035 1938 bonitatem.

237 1959 304 1993 Quis
314 1958 387 1987 enim
397 1958 516 1994 primum
527 1956 604 1985 dedit
615 1956 650 1990 ei,
670 1955 803 1983 nimirum
817 1956 889 1987 Deo,
899 1958 930 1982 ut
955 1952 1035 1981 retri-

239 2005 339 2031 buatur
354 2003 425 2038 ipsi?
439 2003 493 2031 hoc
515 2006 568 2035 est,
589 2004 620 2028 ut
635 1999 709 2036 quod
725 2007 741 2026 a
757 2001 816 2026 Deo
830 1998 917 2026 datur
938 1997 1038 2026 beneﬁ-

238 2048 321 2082 cium,
339 2051 472 2083 tanquam
481 2044 627 2075 retributio
646 2051 711 2080 erga
732 2043 825 2079 ipsum
850 2041 924 2070 facta
946 2042 1034 2077 impu-

238 2096 312 2120 tetur
327 2094 339 2120 Ρ

270 2138 363 2166 Vsus.
387 2139 430 2165 36.
448 2147 460 2161 α
480 2134 621 2170 Quoniam
639 2141 672 2161 ex
689 2132 765 2167 ipso,
782 2139 816 2159 ex
828 2137 877 2166 per
893 2130 996 2166 ipsum,
1011 2134 1039 2159 et

236 2181 263 2208 in
283 2181 373 2217 ipsum
385 2185 451 2209 sunt
460 2179 565 2208 omnia.
580 2190 592 2202 ι-
611 2178 671 2213 Ipse
682 2180 725 2203 est
741 2174 804 2203 fons
820 2174 964 2208 omnium;
984 2174 1040 2202 hoc

235 2226 309 2254 enim
324 2231 365 2254 est
382 2224 457 2261 quod
472 2224 526 2255 ait,
548 2234 560 2246 -
576 2223 618 2249 Ex
635 2221 711 2256 ipso;
735 2231 747 2244 ιι
767 2224 795 2247 et
814 2218 959 2247 Condidor
974 2226 1036 2247 om-

235 2271 334 2298 nium:
358 2270 410 2297 hoc
425 2268 500 2296 enim
517 2266 594 2299 illud,
621 2277 632 2289 ιι
656 2265 708 2292 Per
720 2264 828 2300 ipsum;
848 2275 860 2287 ι·
885 2267 912 2290 et
925 2271 1035 2291 conser-

235 2319 314 2343 vator
326 2313 451 2342 omnium
465 2320 471 2338 :
489 2311 542 2339 hoc
558 2310 633 2338 enim
647 2308 725 2343 illud,
741 2320 753 2332 σι
767 2310 797 2336 In
821 2308 921 2343 ipsum.
939 2319 952 2332 ν
969 2308 1037 2335 Om-

236 2359 281 2386 nia
295 2359 372 2386 enim
391 2364 425 2384 ex
449 2356 509 2391 ipso
519 2354 624 2382 habent
638 2353 819 2390 principium,
842 2356 871 2379 et
882 2359 929 2387 per
944 2352 1035 2387 ipsum

236 2403 307 2430 facta
319 2405 396 2435 sunt,
410 2404 438 2429 et
454 2400 482 2428 in
496 2399 587 2435 ipsum
602 2406 651 2426 ceu
661 2398 876 2426 fundamentum
894 2396 1035 2432 quoddam

236 2446 377 2481 vergentia
391 2444 540 2480 euntiaque
553 2443 709 2471 consistunt
727 2446 755 2470 et
768 2441 958 2474 continentur,
968 2448 1035 2469 con-

235 2498 314 2518 versa
325 2489 360 2518 ad
374 2489 479 2525 ipsum.

272 2545 284 2559 ι
303 2534 358 2570 Ipsi
383 2533 469 2570 gloria
484 2532 511 2560 in
529 2532 639 2560 saecula.
666 2532 769 2559 Amen.
792 2541 805 2554 ι
831 2530 878 2556 Est
903 2528 932 2556 in
958 2535 1036 2556 more

235 2578 297 2607 divo
315 2578 409 2612 Paulo,
426 2581 456 2606 ut
483 2585 550 2604 cum
577 2575 653 2604 ardui
669 2574 802 2611 quiddam
828 2572 938 2606 dixerit,
971 2579 1035 2600 cum

233 2623 387 2660 gratiarum
400 2622 508 2650 actione
523 2627 683 2648 sermonem
697 2618 819 2651 claudat,
831 2617 944 2653 perinde
956 2624 990 2645 ac
1010 2621 1037 2644 et

228 2667 289 2704 jam
315 2675 389 2696 nunc
413 2666 487 2694 facit.
498 2666 651 2701 Postquam
691 2663 767 2692 enim
791 2661 976 2690 admiratione
1010 2664 1038 2688 et

270 2748 296 2769 U
311 2748 355 2776 lla
367 2753 418 2782 ιι..
436 2749 480 2775 18.
519 2742 533 2761 ι
545 2746 611 2781 Sap.
628 2752 679 2778 Ix,
694 2746 722 2772 3.

1095 979 1133 1012 ζει
1147 978 1195 1014 τὴν
1213 978 1363 1017 ἀγαθότητα
1375 1000 1382 1012 ,
1404 973 1434 1013 ἧς
1449 978 1480 1007 τὸ
1495 977 1574 1016 βάθος
1593 977 1773 1013 ἐκπλήττεται
1793 977 1873 1015 μόνον,

1096 1024 1125 1052 τὸ
1145 1023 1224 1052 ποσὸν
1245 1024 1324 1058 enim";
1347 1024 1447 1061 ἀγνοῶν
1459 1034 1466 1041 ·
1483 1022 1598 1052 πλούτου
1623 1022 1677 1062 γὰρ
1692 1022 1723 1051 τὸ
1744 1021 1801 1056 τοὺς
1821 1023 1872 1051 ἐθνι-

1095 1067 1156 1102 κοὺς
1170 1067 1251 1101 οὕτως
1267 1067 1391 1106 εὐπόρους
1414 1068 1535 1102 ποιῆσαι.
1560 1068 1600 1097 Οὐ
1622 1066 1679 1105 μὴν
1695 1066 1721 1085 ⁹⁴
1739 1067 1804 1096 ἀλλὰ
1826 1066 1874 1105 πρὸς

1094 1115 1128 1152 τῇ
1156 1113 1298 1153 ἀγαθότητι
1319 1112 1364 1141 καὶ
1389 1111 1436 1148 τὴν
1459 1111 1555 1152 σοφίαν
1579 1111 1780 1148 ἐκπλήττεται,
1806 1110 1834 1140 δι’
1853 1106 1875 1145 ἧς

1095 1157 1186 1187 πλέκει
1208 1157 1242 1187 τὰ
1266 1156 1396 1196 ἡμέτερα,
1416 1156 1462 1185 καὶ
1476 1155 1537 1189 τοὺς
1556 1156 1666 1194 ἀμαθεῖς
1691 1155 1805 1189 ἐθνικοὶις
1827 1154 1874 1184 ἐσό-

1094 1213 1173 1241 φισεο
1197 1202 1242 1231 καὶ
1270 1202 1317 1237 τὴν
1341 1202 1455 1240 γνῶσιν,
1479 1201 1512 1229 δι’
1528 1196 1561 1236 ἧς
1586 1201 1714 1238 γινώσκει
1739 1200 1768 1230 τὸ
1788 1200 1874 1238 ἑκάστῳ

1094 1240 1238 1287 συμφέρον.
1262 1247 1323 1277 Οὔκ
1345 1240 1402 1275 εἷπε
1424 1246 1469 1282 δὲ,
1493 1244 1533 1286 ὅτι
1561 1245 1757 1283 Ἀκατάληπτα
1781 1245 1812 1274 τὰ
1831 1245 1875 1283 χρία

1094 1303 1166 1329 ματα
1192 1292 1289 1328 αὖτοῧ,
1307 1291 1379 1327 ἀλλ’,
1408 1302 1423 1317 ιι
1448 1289 1665 1329 Ἀνεξερεύνητα,
1701 1303 1715 1318 ι
1743 1289 1874 1323 τουτέστιν,

1093 1336 1206 1369 οὐδόλως
1221 1337 1354 1376 δεχόμενα
1369 1335 1487 1374 ἔρευναν.
1503 1349 1515 1361 ι
1526 1335 1580 1365 Καὶ
1591 1336 1618 1364 αἱ
1630 1335 1689 1364 ὁδοὶ
1701 1337 1808 1372 αὐτῶν
1817 1344 1875 1362 τουτ-

1092 1380 1174 1420 έστιν,
1191 1382 1217 1410 αἱ
1234 1380 1380 1419 οἰκονομίαι
1391 1401 1399 1416 ,
1422 1381 1450 1409 οὗ
1467 1379 1546 1417 μόνον
1571 1381 1599 1409 οὗ
1622 1379 1751 1410 δύνανται
1767 1380 1873 1418 γνωσθῆ-

1091 1436 1150 1462 ναι,
1175 1426 1234 1455 ἀλλ’
1249 1425 1306 1455 οὐδὲ
1328 1426 1473 1462 ζητηθῆναι
1496 1423 1581 1459 ὅλως,
1597 1423 1615 1460 ἢ
1633 1424 1709 1464 ἴχνος
1733 1425 1817 1454 αὐτῶν
1838 1434 1875 1462 φα-

1091 1481 1179 1506 νηναι.

1135 1569 1147 1582 ιι
1163 1555 1212 1589 Τίς
1236 1554 1287 1595 γὰρ
1313 1554 1381 1593 ἔγνω
1405 1556 1464 1583 νοῦν
1489 1553 1607 1592 Κυρίου,
1634 1553 1652 1589 ἢ
1677 1554 1718 1588 τίς
1744 1553 1874 1593 σύμϐουλος

1093 1602 1164 1641 αὖτῷ
1179 1600 1297 1639 ἐγένετο;
1314 1598 1379 1635 ἢτίς
1396 1599 1544 1638 προέδωκεν
1567 1600 1640 1638 αὖτῷ
1648 1622 1657 1634 ,
1676 1599 1725 1628 xui
1741 1598 1873 1628 ἀνταποδο-

1091 1646 1200 1681 θήσεται
1216 1645 1305 1684 αὖτῷς
1321 1658 1332 1669 ιο
1354 1643 1456 1679 Μόνος,
1473 1644 1568 1683 φησὶν,
1580 1644 1658 1676 αὐτὸς
1670 1638 1728 1673 οἶδε
1744 1643 1777 1672 τὰ
1793 1643 1873 1675 siuei},

1091 1690 1136 1720 xui
1151 1689 1233 1722 οὐδεὶς
1253 1688 1346 1728 ἕτερος.
1367 1688 1452 1729 Σοφὸς
1473 1689 1500 1717 δὲ
1516 1687 1552 1717 ὢν
1563 1711 1570 1722 ,
1585 1689 1615 1717 οὖ
1630 1691 1698 1728 παρ’
1717 1688 1805 1728 ἑτέρου
1821 1698 1874 1723 συμ-

1091 1734 1186 1764 ϐούλου
1210 1733 1335 1772 ἕσοφίσθη
1348 1755 1355 1768 ,
1381 1732 1440 1762 ἀλλ’
1461 1733 1538 1766 αὐτὸς
1565 1734 1651 1772 ἑαυτῷ
1676 1733 1812 1772 αὐτάρκης
1831 1730 1875 1769 ἐγέ-

1090 1791 1148 1809 νετο
1162 1779 1207 1808 καὶ
1222 1778 1303 1808 ἔστιν.
1326 1778 1408 1807 Ἀλλὰ
1426 1778 1471 1807 καὶ
1495 1777 1603 1806 πάντων
1619 1778 1671 1806 τῶν
1693 1779 1799 1816 ἀγαθῶν
1812 1773 1872 1812 πηγή

1090 1825 1146 1853 ἐστι
1156 1845 1165 1860 ,
1179 1823 1224 1852 καὶ
1238 1823 1287 1853 ὅσα
1304 1822 1422 1860 δίδωσιν,
1437 1823 1488 1862 οὐχ
1502 1825 1537 1855 ὡς
1548 1822 1665 1860 ἀμοιϐὴν
1683 1822 1796 1861 ὀφείλων
1811 1819 1873 1849 δίδω-

1091 1881 1130 1897 σιν
1140 1891 1147 1904 ,
1165 1867 1233 1897 ἀλλὰ
1249 1867 1292 1896 διὰ
1308 1866 1355 1902 τὴν
1371 1867 1469 1896 οἰκείαν
1482 1866 1647 1906 ἀγαθότητα.
1664 1877 1681 1895 ιι
1698 1867 1747 1900 Τίς
1762 1866 1813 1904 γὰρ
1828 1875 1877 1903 προ·

1092 1885 1147 1904 UH,
1249 1885 1292 1896 UHI
1313 1885 1355 1902 ‘ll'
1371 1885 1468 1896 υικιιϋιν
1482 1885 1600 1906 ιιῐιινυιιλ
1608 1885 1647 1895 HL-
1664 1885 1681 1895 Ιι
1704 1885 1747 1900 Ι.ιῇ
1831 1885 1869 1903 lurv

1092 1913 1187 1942 ἔδωκεν
1202 1913 1283 1952 αὐτῷ,
1301 1926 1312 1936 ιι
1323 1911 1458 1947 τουτέστι,
1472 1913 1510 1951 τῷ
1525 1912 1590 1950 Θεῷ
1600 1934 1608 1946 ,
1619 1910 1666 1940 ἵνα
1684 1925 1696 1938 ι
1712 1906 1877 1942 ἀνταποδοθῆ-

1092 1969 1165 1986 σεται
1179 1958 1268 1996 αὖτῷ;
1281 1969 1294 1983 ι
1311 1956 1460 1992 τουτέστιν,
1475 1956 1518 1985 ἵνα
1540 1958 1556 1991 ἡ
1575 1955 1649 1995 παρὰ
1670 1959 1718 1986 τοῦ
1733 1956 1804 1985 Θεοῦ
1821 1954 1879 1992 εὖιρ-
1900 1975 1901 1992 γ

1091 2001 1184 2040 γεσία,
1198 2003 1233 2035 ὣς
1248 2000 1420 2039 ἀνταπόδομα
1445 2000 1580 2041 λογισθείη
1597 2000 1664 2040 πρὸς
1688 2000 1769 2030 αὐτὸν
1784 1998 1880 2039 γινόμι-
1900 1996 1901 2004 ‘

1093 2057 1136 2075 νον
1145 2058 1154 2082 δ

1136 2141 1150 2156 ιι
1164 2129 1231 2160 Ὅτι
1255 2129 1281 2164 ἐξ
1297 2130 1392 2167 αὐτοῦ,
1408 2129 1455 2158 καὶ
1469 2128 1502 2158 δι’
1520 2130 1619 2166 αὐτοῦ,
1642 2128 1690 2158 καὶ
1715 2130 1752 2162 εἷς
1768 2127 1841 2159 αὐτὸν
1854 2124 1879 2154 τὰ

1093 2174 1191 2204 πάντα.
1204 2188 1216 2200 ιι
1230 2174 1316 2207 Αὐτὸς
1332 2176 1348 2209 ἠ
1364 2172 1438 2213 πηγὴ
1455 2173 1562 2203 πάντων
1574 2186 1581 2192 ·
1597 2175 1676 2203 τοῦτο
1691 2173 1744 2214 γὰρ
1755 2173 1785 2202 τὸ
1794 2195 1802 2208 ,
1817 2185 1828 2198 ι
1842 2169 1878 2202 Ἐξ

1093 2221 1182 2248 αὐτοῦ’
1197 2231 1212 2246 ιι
1230 2218 1276 2248 καὶ
1292 2219 1306 2247 ὁ
1320 2218 1432 2254 ποιητὴς
1451 2218 1558 2248 πάντων
1573 2228 1579 2234 ·
1605 2220 1685 2248 τοῦτο
1700 2217 1753 2257 γὰρ
1767 2218 1810 2254 τὸ,
1823 2230 1834 2241 ι
1847 2214 1879 2244 Δι’

1093 2264 1188 2292 αὐτοῦ·
1211 2275 1226 2291 ιν
1254 2263 1298 2292 xui
1322 2265 1335 2292 ὃ
1357 2262 1482 2302 συνοχεὺς
1505 2263 1611 2292 πάντων
1629 2273 1635 2279 ·
1661 2266 1743 2292 τοῦτο
1771 2261 1820 2301 γὰρ
1842 2259 1878 2293 τὸν

1093 2321 1103 2333 ι
1121 2308 1169 2341 Εἷς
1185 2307 1272 2337 αὐτόν.
1292 2320 1303 2333 ιο
1319 2307 1415 2337 Πάντα
1430 2308 1481 2346 γὰρ
1502 2307 1528 2342 ἐξ
1543 2309 1625 2337 αὐτοῦ
1650 2307 1707 2347 ἔχει
1725 2306 1774 2343 τὴν
1790 2304 1878 2345 ἀρχὴνγ

1091 2352 1136 2381 καὶ
1158 2352 1190 2381 δι’
1206 2354 1285 2381 nimii
1310 2351 1431 2390 ἐγένετο,
1449 2352 1495 2381 καὶ
1516 2353 1553 2385 εἰς
1570 2351 1668 2391 αὐτὸν,
1683 2351 1776 2390 ὥσπερ
1796 2351 1829 2382 εἰς
1843 2351 1877 2377 θι-

1093 2395 1181 2435 μέλιόν
1205 2408 1264 2425 τινα
1281 2395 1416 2436 βεϐηκότα
1440 2395 1564 2426 ἵστανται
1590 2396 1636 2426 καὶ
1663 2395 1821 2436 συνέχονται
1843 2394 1878 2422 iﬁ-

1091 2441 1262 2481 εστραμμένα
1276 2440 1341 2480 πρὸς
1355 2440 1447 2470 αὐτόν.

1134 2534 1149 2549 α
1167 2522 1245 2561 Αὐτῷ
1263 2523 1279 2557 ἡ
1304 2521 1366 2555 δόξα
1385 2522 1420 2555 εἷς
1441 2521 1501 2555 τοὺς
1521 2522 1629 2554 αἰῶνας.
1655 2520 1751 2560 Ἀμήν.
1774 2531 1789 2549 ι
1812 2517 1879 2549 Ἐθοι

1090 2568 1127 2606 τῷ
1142 2565 1244 2606 Παύλῳ
1255 2589 1262 2601 ,
1277 2565 1339 2594 ὅταν
1355 2578 1380 2595 τι
1396 2566 1465 2604 μέγα
1475 2566 1551 2606 πίττῃ.
1569 2567 1606 2600 εἰς
1620 2565 1793 2606 εὐχαριστίαν
1806 2573 1879 2606 καταξ

1090 2604 1185 2640 κλείειν
1209 2604 1254 2639 τὸν
1271 2609 1366 2649 λόγον·
1388 2609 1453 2650 ὅπερ
1477 2604 1583 2640 οὖνκαὶ
1607 2604 1752 2640 νῦνήττοιεῑ.
1777 2604 1878 2650 Ἐπιιδῇ

1091 2655 1143 2695 γὰρ
1157 2654 1289 2693 ἐξεπλάγη
1308 2653 1356 2690 τὴν
1379 2648 1548 2694 ἀγαθότητα,
1571 2654 1617 2684 καὶ
1642 2654 1691 2691 τὴν
1707 2653 1818 2695 σοφίαν,
1841 2648 1878 2678 μὶ

934 2794 1030 2825 Varia
1052 2793 1203 2826 lectiones.

269 2855 293 2878 ιι
313 2854 342 2882 οὗ
362 2854 440 2891 μόνον
457 2861 485 2882 ο.
