1901 3077
51 174 108 203 497
514 176 688 204 EXPOSITIO
709 177 740 204 IN
762 176 865 205 EPIST.
887 175 932 204 AD
952 176 1034 204 ROM.
1055 192 1089 196 —
1109 176 1185 204 CAP.
1207 177 1258 204 XII.
1659 178 1711 206 498

47 237 102 273 τὴν
129 239 246 277 γνῶσιν,
273 238 318 268 καὶ
341 238 387 272 τὰς
408 238 556 276 οἰκονομίας
578 242 624 268 τοῦ
648 241 737 278 Θεοῦ,
757 239 853 274 δοξάζει

932 245 1023 275 :upore
1043 239 1197 275 perculssus
1219 244 1260 267 est
1272 239 1307 267 ob
1332 238 1484 267 bonitatem
1499 243 1526 267 et
1548 239 1709 276 sapientiam

46 284 149 312 λοιπὸν
171 283 250 313 αὐτόν
264 295 271 302 ·
285 284 315 313 τὸ
330 283 394 313 αὐτὸ
415 284 460 312 καὶ
478 287 550 322 ἡμᾶς
573 283 721 320 διδάσκων,
745 285 788 314 ἐπὶ
805 289 853 317 τοῖς

932 284 1089 318 tnotitiam,
1099 288 1127 312 et
1142 283 1371 320 gubernationem
1387 284 1448 315 Dei,
1466 284 1558 320 ipsum
1580 284 1711 322 deinceps

45 328 184 366 μεγάλοις
212 329 320 367 ἀγαθοῖς
347 329 533 368 εὐχαριστεῖν,
557 331 602 358 καὶ
635 328 750 363 δοξάζειν
778 329 853 359 αὐτὸν

932 328 1046 357 loriﬁcat
1060 338 1066 356 :
1082 336 1134 357 nos
1149 328 1242 356 itidem
1269 328 1414 357 instituens
1440 328 1475 356 ob
1491 329 1610 365 ingentia
1633 329 1708 358 bona

45 372 98 401 καὶ
117 372 162 402 διὰ
175 372 279 413 λόγων,
293 372 341 402 καὶ
357 372 401 402 διὰ
412 373 559 408 πολιτείας.

932 373 1008 402 Ὦὶίᾶῧ
1022 381 1102 410 agere
1116 374 1284 409 ,ipsumque
1301 377 1328 401 et
1351 372 1442 401 verbis
1467 377 1494 401 et
1518 373 1574 401 vita
1601 374 1706 409 gloriﬁ-

910 425 982 446 care.

349 475 492 506 ΚΕΦΛΛ.
515 475 573 506 ῙΒ¹.

93 555 106 567 ε
126 542 285 577 Παρακαλῶ
293 537 337 571 οὖν
348 543 431 580 ὑμᾶς,
447 542 572 582 ἀδελφοὶ,
590 542 634 572 διὰ
645 543 698 571 τῶν
711 543 855 584 οἰκτιρμῶν

46 588 98 616 τοῦ
112 587 186 616 Θεοῦ
196 609 204 623 ,
222 588 396 626 παραστῆσαι
411 586 446 616 τὰ
469 586 583 625 σώματα
604 588 677 624 ὖμῶν
697 587 788 616 θυσίαν
801 590 854 622 ζῶ-

1156 478 1215 514 ss
1232 478 1354 507 CAPUT
1371 479 1437 506 xu.

946 545 1036 572 Vsus.
1062 546 1087 571 1,
1107 555 1120 568 α
1148 543 1270 572 Obsecro
1284 545 1373 579 itaque
1387 551 1446 578 vos,
1458 544 1568 578 fratres,
1586 551 1634 579 per
1654 544 1707 572 mi-

907 588 1059 617 serationes
1082 589 1147 623 Dei,
1165 592 1195 616 ut
1214 588 1365 616 exhibeatis
1388 596 1502 624 corpora
1534 593 1623 616 vestra
1656 588 1706 616 ho-

46 642 103 660 σαν
113 653 122 667 ,
137 630 217 671 ἁγίαν
226 653 234 667 ,
249 630 389 671 εὐάρεστον
403 633 440 672 τῷ
452 633 516 671 Θιῷ
525 654 534 668 ,
548 632 595 667 τὴν
609 630 716 670 λογικὴν
729 632 853 672 λατρείαν

935 633 988 660 iam
998 633 1145 666 viventem,
1161 637 1297 665 sanctam,
1323 634 1381 661 Deo
1399 633 1564 669 placentem,
1581 633 1706 661 rationa-

45 677 141 714 ὑμῶν.
170 689 183 701 ι
221 675 334 711 Ἐπειδῆ
354 677 451 710 ἱκανῶς
469 678 508 716 τῷ
529 677 684 716 δογματικῷ
708 677 852 716 ἰνδιέτριψε

934 685 961 705 m
975 678 1080 705 cultum
1106 682 1236 706 vestrum.
1259 689 1269 702 -
1287 679 1437 714 Postquam
1461 677 1568 706 abunde
1591 677 1658 706 satis
1672 677 1707 706 de

45 720 145 760 λόγῳ,
172 720 264 750 λοιπὸν
282 720 327 750 καὶ
347 722 383 754 εἷς
397 720 443 750 τὸν
460 721 550 756 ἠθικὸν
575 721 689 760 πρόεισι.
718 721 772 751 Καὶ
795 722 852 751 ἐπεὶ

932 722 1080 758 )gmatibus
1092 722 1172 750 verba
1187 722 1305 754 fecisset.
1316 722 1444 758 deinceps
1460 721 1494 750 ad
1516 730 1626 750 morum
1637 730 1705 758 prte-

45 764 138 799 ἔδειξε
165 764 212 800 τὴν
235 767 280 794 τοῦ
304 767 376 796 Θεοῦ
396 765 456 805 περὶ
482 767 554 804 ἡμᾶς
573 765 673 806 ἄφατον
700 767 852 804 οἰκονομίαν

932 771 984 802 apta
994 766 1094 804 pergit.
1113 768 1148 795 Et
1160 775 1224 795 cum
1234 766 1403 795 ineffabilem
1419 767 1468 795 Dei
1477 767 1549 795 circa
1572 775 1628 795 nos
1650 766 1707 795 dis-

45 809 97 838 καὶ
115 810 271 849 ἄγαθότητα
281 832 289 846 ,
311 810 465 850 παρακαλιῖ
490 824 502 836 α
521 810 565 840 διὰ
579 812 631 839 τῶν
646 811 791 850 οἰκτιρμῶν
807 815 852 842 τοῦ

932 811 1093 839 εοεειίοοεηι
1119 816 1147 839 et
1183 811 1334 840 bonitatem
1370 811 1552 845 ostendisset,
1582 812 1708 840 obsecrat

45 855 141 890 Θεοῦ,
160 867 175 880 ν
200 853 350 891 τουτέστιν,
366 854 460 888 αὐτοὺς
478 854 538 888 τοὺς
565 854 714 894 οἰκτιρμοὺς
741 855 851 893 μεσίτας

932 863 955 883 )s
981 863 1028 891 per
1060 856 1249 884 miserationes
1272 856 1336 892 Dei,
1367 868 1379 881 ν
1400 856 1453 884 hoc
1471 860 1528 889 est,
1553 856 1625 892 ipsas
1652 857 1705 885 mi-

45 898 291 938 προϐαλλόμενος,
317 901 352 932 ὥς
374 898 406 928 ἂν
433 898 540 933 τούτους
564 899 740 936 αἰδεσθέντες,
767 900 850 939 μηδὲν

932 901 1052 928 rationes
1067 900 1243 929 intermedias
1262 909 1434 936 proponens,
1461 905 1492 928 ut
1510 901 1548 929 vel
1570 901 1641 937 ipsas
1661 910 1705 930 re-

44 942 161 977 ἆνάξιον
189 944 277 973 αὑτῶν
311 943 514 982 ἐπιδιιξώμεθα.
556 943 593 974 Τί
621 943 648 973 δὲ
678 946 851 984 παρακαλεῖς

42 987 112 1017 Ἵνα
136 987 355 1028 παραστήσωμεν
383 987 417 1017 τὰ
448 988 563 1026 σώματα
584 990 676 1026 ἡμῶν,
699 989 851 1026 τουτέστιν,

41 1031 92 1061 ἵνα
119 1033 157 1065 εἷς
184 1032 299 1070 πόλεμον
327 1036 411 1062 ταῦτα
435 1034 562 1071 ἐκδῶμεν.
588 1033 670 1064 Οὕτω
690 1032 743 1074 γὰρ
762 1031 851 1063 εἴωθεν

43 1079 62 1111 ἡ
91 1076 190 1114 ὁμιλία
213 1076 298 1115 λέγειν
316 1089 322 1095 ·
338 1077 513 1117 Παρίστησεν
539 1080 553 1108 ὁ
570 1079 717 1116 στρατηγὸς
738 1077 785 1111 τὰς
803 1079 851 1108 ταί-

42 1121 98 1154 Est:
115 1122 152 1154 εἰς
165 1121 293 1159 πόλεμον.
310 1120 349 1152 Ἦ
366 1123 412 1151 καὶ
427 1124 462 1155 ὡς
476 1123 582 1162 βασιλεῖ
604 1124 642 1161 τῷ
658 1124 723 1161 Θεῷ
747 1123 853 1162 ὀφείλο-

44 1178 98 1203 μεν
127 1170 263 1206 παριστᾷν
287 1165 320 1195 τὰ
340 1167 408 1204 μέλη
432 1169 508 1205 ἡμῶν
525 1166 621 1204 δόκιμα
636 1167 682 1196 καὶ
695 1168 852 1206 ἐκλελεγμέ-

41 1222 78 1239 να
97 1221 105 1228 ·
120 1213 235 1240 τοῶτοι
249 1210 300 1250 γὰρ
316 1212 341 1240 οἱ
360 1213 400 1251 τῷ
423 1212 527 1250 βασιλεῖ
549 1212 753 1250 παριστάμενοι.
770 1211 850 1242 Ἀλλὰ

41 1255 93 1284 καὶ
116 1265 131 1283 (ι
144 1254 237 1284 θυσίαν
259 1256 345 1289 ζῶσαν
358 1269 371 1281 ν
389 1259 473 1293 ταῦτα
488 1257 668 1296 παραστῶμεν
685 1255 724 1295 Ῐ
737 1267 848 1296 παριστ.

42 1300 94 1330 vel
118 1299 347 1339 παραστήσωμ.].
367 1298 456 1330 Ὀταν
480 1300 531 1340 γὰρ
553 1301 728 1339 νεκρώσωμιν
749 1304 848 1338 ταῦτα,

40 1344 108 1373 τότε
124 1345 212 1381 ζῶμεν
232 1343 302 1373 κατὰ
323 1347 438 1382 πνεῦμα.
458 1344 493 1374 Ἥ
520 1345 568 1382 μὲν
585 1341 629 1375 οὖν
656 1345 789 1382 Ἰουδαῖκὴ
805 1348 851 1375 θυ-

39 1387 110 1425 σία,
126 1389 176 1418 οὐκ
190 1388 328 1427 εὐάρεστος
339 1391 376 1429 τῷ
390 1390 466 1429 Θεῷ.
490 1403 501 1415 ιι
517 1389 566 1423 Τίς
580 1390 631 1429 γὰρ
647 1389 787 1426 ἐξεζήτησι
802 1413 809 1428 ,
830 1401 844 1419 ο

42 1433 134 1474 φησὶ,
151 1447 163 1458 ι
179 1435 263 1462 ταῦτα
287 1434 317 1463 ἐκ
339 1435 391 1463 τῶν
419 1435 516 1473 χειρῶν
543 1436 634 1472 ὗμῶνς
656 1448 667 1461 ιο
688 1433 724 1464 Ἣ
744 1434 772 1464 δὲ
797 1437 850 1464 τῶν

41 1479 153 1506 πιστῶν
175 1477 265 1513 θυσία,
293 1480 311 1514 ἡ
333 1478 427 1516 λογικὴ
451 1479 579 1519 λατρεία,
605 1478 704 1519 σφόδρα
731 1479 849 1514 ζητεῖται

41 1521 126 1562 παρὰ
139 1525 187 1552 τοῦ
202 1524 272 1554 Θεοῦ
285 1522 323 1553 ³³.
341 1536 352 1548 α
363 1524 452 1552 Θῦσον
463 1537 475 1549 ι
487 1524 538 1562 γὰρ
551 1536 563 1549 ι
577 1524 616 1562 τῷ
630 1525 692 1563 Θεῷ
709 1523 800 1553 θυσίαν
812 1525 849 1553 αἰ-

41 1566 147 1600 νέσεως
160 1578 167 1585 ·
180 1581 191 1593 ι
207 1567 268 1601 καὶ,
282 1580 294 1593 ιι
307 1567 396 1598 Θυσία
408 1567 529 1601 αἰνέσεως
541 1567 644 1601 δοξάσει
661 1580 705 1606 με.
721 1581 732 1594 ι
746 1567 848 1607 Λογικὴ

41 1612 71 1641 δὲ
88 1610 212 1651 λατρεία,
227 1612 256 1641 οὗ
272 1611 351 1648 μόνον
363 1614 380 1647 ἡ
394 1611 438 1641 διὰ
452 1611 530 1650 λόγου
544 1612 607 1651 πρὸς
625 1613 695 1642 Θεὸν
711 1613 848 1652 γινομένη,

933 1613 992 1642 udis
1005 1614 1169 1650 gloriﬁcabit
1182 1621 1228 1642 me
1241 1615 1272 1641 ".
1290 1626 1302 1638 ι-

44 1656 121 1686 ἆλλὰ
136 1656 182 1685 καὶ
199 1659 216 1692 ἡ
229 1656 298 1686 κατὰ
314 1656 428 1695 Χριστὸν
449 1656 569 1686 πολιτεία
583 1679 589 1692 ,
605 1656 668 1686 ὅταν
689 1657 771 1695 μηδὲν
787 1657 852 1686 ἄλο-

44 1713 94 1739 γον
124 1701 209 1734 πάθος
232 1702 258 1730 ἐν
282 1701 347 1739 ἡμῖν
368 1703 472 1742 κρατῇ,
495 1702 563 1730 ἀλλὰ
584 1703 598 1730 ὃ
620 1701 695 1740 λόγος
717 1702 750 1732 τὰ
764 1702 851 1731 πάντα

43 1747 138 1785 διοικῇ
149 1757 156 1763 ·
173 1745 218 1774 καὶ
232 1745 324 1785 ὥσπερ
341 1745 479 1785 ἀρχιερεὺς
495 1745 610 1779 ἕκαστος
624 1747 719 1776 ἑαυτοῦ
730 1747 830 1784 γίνεται
842 1770 849 1780 ,

45 1790 232 1830 ἀποσφάττων
251 1789 299 1823 τὰς
320 1790 391 1824 ἐντὸς
413 1791 523 1826 κακίας,
545 1790 591 1820 καὶ
616 1791 700 1820 δοκῶν
727 1791 767 1820 dei
784 1803 851 1830 παρ-

46 1834 164 1865 εστάναι
189 1836 227 1874 τῷ
251 1835 331 1874 Θεῷ,
348 1834 394 1864 καὶ
418 1837 488 1864 κατὰ
510 1839 601 1864 πᾶσαν
627 1834 722 1874 πρᾶξιν
744 1835 790 1865 καὶ
806 1837 852 1875 ῥῆ-

44 1892 89 1910 σιν
106 1879 180 1909 οὕτω
194 1879 308 1920 φρίττων
319 1903 327 1916 ,
349 1881 385 1912 ὣς
400 1882 415 1910 ὁ
431 1879 584 1920 ἀρχιερεὺς,
605 1880 668 1910 ὅταν
684 1879 745 1920 θείῳ
757 1883 852 1910 θυσια-

46 1924 155 1964 στηρίῳ
170 1923 343 1963 παρίσταται.

90 2027 104 2041 ι
125 2013 181 2045 Καὶ
205 2014 242 2051 μὴ
269 2013 514 2053 συσχηματίζεσθαι
529 2013 555 2032 ⁸⁸
578 2015 616 2054 τῷ
647 2015 725 2043 αἰῶνι
750 2013 852 2055 τούτῳ,

48 2058 125 2088 ἀλλὰ
150 2060 385 2099 μεταμορφοῦσθαι
400 2058 425 2076 ⁹⁷
515 2058 696 2099 ἀνακαινώσει
723 2061 769 2088 τοῦ
796 2058 852 2093 νοὸς

48 2104 139 2142 ὑμῶν.
157 2115 170 2129 ι
195 2102 368 2133 ’Υποτίθεται
392 2105 458 2141 ἡμῖν
482 2102 596 2142 τρόπον,
622 2103 655 2132 δι’
677 2098 706 2132 οὗ
732 2103 853 2138 δυνησώ-

47 2150 121 2186 μεθα
148 2147 197 2182 τὴν
220 2146 329 2187 λογικὴν
351 2147 476 2187 λατρείαν
498 2149 666 2187 κατορθῶσαι
682 2159 688 2166 ·
713 2146 741 2182 ὅς
763 2148 851 2183 ἐστιν,

48 2192 98 2223 ἐὰν
127 2192 166 2230 μὴ
192 2192 457 2231 συσχηματιζώμεθα
479 2193 517 2231 τῷ
539 2193 616 2222 αἰῶνι
640 2191 737 2232 τούτῳ.
766 2192 851 2222 Οὐδὲν

48 2236 104 2277 γὰρ
117 2237 178 2277 ἔχει
192 2236 266 2268 ἑστὸς
277 2236 323 2265 καὶ
339 2235 447 2276 βέϐαιον
459 2258 466 2272 ,
482 2236 551 2266 ἀλλὰ
570 2236 658 2265 πάντα
682 2235 830 2276 πρόσκαιρα
843 2259 852 2274 ,

49 2282 97 2311 καὶ
122 2283 220 2321 σχῆμα
245 2280 323 2319 μόνον
349 2280 458 2320 ἔχοντα,
483 2281 534 2320 οὐχ
553 2280 698 2310 ὓπόστασίν
722 2293 781 2310 τινα
808 2281 854 2310 καὶ

49 2325 145 2356 οὐσίαν
178 2326 301 2364 μόνιμον.
333 2324 383 2360 Μὴ
398 2321 460 2363 ὦν,
488 2326 585 2365 φησὶν,
616 2324 780 2364 ἐξομοιοῢσθε
808 2325 854 2355 καὶ

50 2371 127 2409 ὑμεῖς
152 2369 240 2411 τούτῳ
256 2371 294 2410 τῷ
318 2371 393 2399 αἰῶνι
418 2370 594 2410 ἄνυποστοίτῳ
611 2382 618 2388 υ
645 2370 781 2408 τουτέστι,
805 2370 854 2406 Μὴ

52 2418 176 2455 φρονεῖτε
190 2413 226 2443 τὰ
237 2414 341 2450 τούτου,
355 2427 368 2441 α
379 2413 448 2444 ἀλλὰ
461 2417 683 2454 μεταμορφοῦσθε
696 2416 728 2451 τῇ
746 2415 855 2444 ἀνακαι-

50 2460 132 2488 νώσει
143 2461 193 2488 τοῦ
207 2458 264 2491 νοὸς
283 2459 368 2497 ὑμῶν,
382 2471 394 2485 ι
407 2459 556 2496 τουτέστιν,
568 2459 610 2488 ἀεὶ
626 2458 769 2488 ἀνακαίνου
781 2469 856 2488 σεαυ·

51 2503 106 2534 τόν.
128 2502 285 2542 Ἧμαρτες;
312 2502 483 2536 επαλαίωσάς
505 2513 553 2532 σου
576 2502 626 2539 τὴν
650 2502 750 2544 ψυχήν.
780 2503 854 2532 Ἄνα-

53 2548 209 2584 καινίσθητι
229 2548 319 2578 πάλιν.
351 2547 542 2587 Κατώρθωσᾶς
562 2559 588 2577 τι
612 2547 704 2588 μικρόν
715 2559 724 2584 ;
739 2547 856 2577 σπούδα-

54 2604 98 2622 σον
112 2592 162 2622 καὶ
177 2594 267 2631 μεῖζον
289 2593 474 2631 κατορθῶσαι,
490 2592 536 2622 καὶ
558 2591 668 2631 γέγονας
681 2591 772 2625 καινὸς
782 2613 790 2628 ,
814 2591 856 2622 ἀεὶ

54 2638 97 2667 ἐπὶ
111 2637 144 2666 τὸ
165 2641 284 2677 κρεῖττον
304 2636 567 2677 μεταμορφούμενος.
584 2635 659 2676 Ὅρα
680 2636 726 2673 δὲ,
742 2638 798 2669 πῶς
811 2636 856 2666 ἐπὶ

56 2682 103 2719 μὲν
116 2684 164 2710 τοῦ
180 2681 284 2720 κόσμου
299 2683 394 2721 σχῆμα
415 2681 539 2719 ὠνόμασε
550 2705 559 2717 ,
582 2681 626 2711 διὰ
650 2681 681 2711 τὸ
702 2681 855 2711 εὐδιάλυτον

90 2739 99 2758 ι
116 2741 171 2768 lsa.
188 2746 212 2773 ι,
227 2741 270 2767 12.
309 2743 329 2758 ³
347 2740 419 2768 Psal.
439 2747 527 2773 χιιι,
546 2742 587 2767 l4.

905 945 994 979 veriti,
1008 945 1073 973 nihil
1095 945 1160 981 ipsis
1170 945 1312 981 indignum
1325 950 1496 982 prmstemus.
1510 946 1584 982 Quid
1609 951 1706 974 autem

903 990 1051 1018 obsecrat?
1071 991 1112 1018 Ut
1128 989 1306 1018 exhibeamus
1325 998 1442 1026 corpora
1457 994 1561 1023 nostra,
1584 990 1637 1018 hoc
1652 995 1705 1024 est,

904 1038 935 1061 ut
945 1034 979 1062 ad
992 1034 1095 1062 bellum
1121 1042 1292 1070 exponamus
1319 1039 1347 1062 et
1375 1034 1526 1062 tradamus.
1557 1035 1601 1063 Sic
1615 1036 1702 1063 enim.

904 1079 984 1115 vulgo
998 1079 1052 1107 dici
1063 1079 1133 1107 solet
1157 1087 1163 1106 :
1189 1081 1341 1114 imperator
1366 1080 1437 1107 acies
1465 1087 1528 1107 suas
1548 1079 1581 1107 ad
1598 1079 1699 1108 bellum

904 1122 1026 1152 exhibuit
1051 1124 1091 1151 vel
1102 1123 1242 1152 instruxit.
1263 1125 1319 1152 Aut
1347 1128 1477 1160 tanquam
1498 1124 1553 1160 regi
1570 1125 1628 1152 Deo
1658 1124 1705 1152 de-

904 1168 1000 1196 bemus
1009 1168 1145 1196 exhibere
1163 1168 1288 1196 membra
1299 1173 1393 1196 nostra
1423 1169 1536 1204 probata
1559 1173 1588 1196 et
1607 1169 1704 1197 electa.

904 1213 983 1241 Tales
1001 1213 1075 1241 enim
1096 1213 1217 1250 suntqui
1236 1213 1398 1249 imperatori
1413 1213 1470 1241 sive
1484 1213 1589 1242 militiae
1608 1213 1705 1249 praele-

903 1261 949 1285 cto
970 1257 1112 1285 sistuntur.
1130 1258 1252 1293 Insuper,
1269 1269 1281 1281 α
1308 1257 1426 1285 hostiam
1459 1258 1594 1285 viventem
1622 1270 1635 1282 ν
1659 1266 1704 1286 ea-

903 1302 966 1330 dem
977 1302 1165 1330 exhibeamus.
1178 1301 1294 1337 Quando
1305 1302 1376 1330 enim
1389 1310 1420 1330 ea
1434 1302 1705 1335 mortiﬁcaverimus,

903 1351 969 1374 tunc
983 1346 1099 1375 vivimus
1121 1346 1274 1374 secundum
1285 1347 1422 1382 spiritum.
1449 1346 1595 1375 Iudaicum
1610 1347 1704 1382 itaque

903 1391 1066 1419 sacriﬁcium
1091 1399 1147 1418 non
1175 1395 1216 1418 est
1237 1393 1297 1419 Deo
1313 1395 1431 1427 gratum.
1451 1401 1465 1417 ι(
1480 1391 1548 1427 Quis
1570 1391 1663 1426 enim,
1691 1403 1703 1416 υ

904 1435 1003 1472 inquit,
1029 1448 1041 1460 ι
1065 1435 1210 1472 exquisivit
1232 1435 1291 1463 hac
1317 1435 1350 1464 de
1375 1436 1505 1464 manibus
1520 1434 1662 1464 vestris'?
1689 1446 1703 1462 »

904 1480 1040 1509 Fidelium
1071 1484 1164 1508 autem
1195 1480 1368 1514 sacriﬁcium,
1400 1480 1429 1508 id
1454 1485 1507 1515 est,
1536 1481 1701 1509 rationalem

902 1524 1007 1553 cultum
1032 1525 1207 1553 vehementer
1220 1525 1323 1560 expetit
1340 1526 1424 1553 Deus.
1445 1536 1457 1550 ιι
1469 1525 1609 1553 Sacriﬁcia
1625 1525 1701 1553 enim

906 1571 973 1603 Deo,
987 1581 1000 1595 ιι
1014 1569 1112 1606 inquit,
1124 1580 1137 1595 α
1149 1569 1314 1597 sacriﬁcium
1322 1569 1408 1597 laudis
1419 1579 1426 1597 :
1436 1580 1450 1596 ι)
1460 1574 1499 1603 et,
1510 1581 1523 1593 «ι
1533 1570 1703 1598 Sacriﬁcium

1333 1614 1486 1642 Rationalis
1499 1619 1592 1642 autem
1615 1614 1705 1642 cultus

908 1662 960 1693 est,
972 1666 1029 1686 non
1044 1659 1136 1687 solum
1151 1659 1197 1694 qui
1221 1659 1310 1687 verbis
1327 1658 1362 1687 ad
1385 1661 1475 1687 Deum
1491 1657 1570 1687 factis
1587 1663 1703 1695 praesta-

906 1707 962 1736 tur,
979 1711 1074 1731 verum
1100 1703 1184 1732 etiam
1204 1704 1260 1731 vita
1274 1708 1317 1732 est
1331 1707 1358 1731 et
1371 1704 1546 1732 conversatio
1567 1703 1704 1732 ecundum

906 1747 1048 1776 Christum
1066 1759 1071 1775 :
1093 1752 1122 1776 et
1143 1748 1256 1784 quando
1284 1748 1375 1776 nullus
1402 1748 1566 1776 irrationalis
1588 1748 1704 1777 affectus

907 1793 936 1820 in
959 1792 1038 1820 nobis
1047 1797 1152 1828 regnat,
1167 1792 1216 1820 sed
1231 1792 1300 1820 ratio
1317 1793 1411 1820 omnia
1427 1793 1579 1828 gubernat;
1596 1797 1623 1820 et
1637 1798 1699 1821 tan-

907 1845 991 1873 quam
1006 1836 1127 1873 pontifex
1142 1837 1256 1872 quisque
1278 1837 1406 1872 suiipsius
1418 1837 1506 1865 iactus
1522 1836 1616 1870 fuerit,
1631 1838 1704 1864 inte-

906 1881 1007 1910 riorem
1020 1881 1155 1909 malitiam
1167 1881 1308 1917 jugulans,
1328 1888 1413 1916 seque
1428 1881 1588 1908 existimans
1597 1888 1706 1916 semper

906 1934 1002 1954 coram
1022 1927 1080 1954 Deo
1096 1929 1177 1960 stare,
1194 1934 1226 1954 ac
1243 1926 1271 1953 in
1292 1925 1368 1953 omni
1384 1933 1465 1960 opere
1478 1929 1506 1953 et
1522 1925 1604 1952 verbo
1619 1925 1706 1953 instar

907 1971 1044 2007 pontiﬁcis
1059 1970 1160 1999 divinat
1172 1978 1228 1999 arae
1241 1969 1392 1998 assistentis
1406 1969 1625 2006 perhorrescens.

943 2017 1034 2044 Vsus.
1056 2019 1082 2043 2.
1105 2025 1119 2042 α
1133 2017 1167 2043 Et
1180 2023 1215 2043 ne
1229 2014 1440 2051 conﬁguremini
1455 2014 1518 2042 huic
1529 2014 1640 2047 saeculo,
1657 2013 1704 2042 sed

907 2060 1144 2088 transformemini
1162 2067 1208 2096 per
1219 2059 1427 2096 renovationem
1450 2059 1553 2087 mentis
1562 2062 1674 2087 vestrae.
1691 2069 1705 2083 ιι

908 2105 1023 2134 Modum
1038 2105 1118 2133 nobis
1137 2105 1279 2141 proponit,
1293 2112 1349 2140 quo
1363 2104 1526 2132 ratiOnalem
1543 2104 1649 2132 cultum
1664 2103 1705 2131 vel

909 2150 1070 2178 servitutem
1097 2149 1231 2186 perﬁcere
1247 2156 1380 2185 queamus
1405 2158 1412 2177 :
1447 2149 1495 2185 qui
1523 2153 1576 2182 est,
1601 2148 1624 2176 si
1648 2156 1703 2175 non

908 2194 1114 2231 conﬁguremur
1126 2195 1227 2223 saeculo
1248 2194 1324 2222 huic.
1357 2193 1431 2221 Nihil
1458 2194 1534 2221 enim
1559 2192 1641 2221 habet
1661 2192 1706 2220 vel

909 2239 1004 2267 stabile
1020 2240 1060 2267 vel
1075 2239 1199 2272 ﬁrmum,
1220 2239 1269 2267 sed
1288 2239 1381 2267 omnia
1397 2242 1462 2266 sunt
1486 2237 1654 2273 temporaria
1680 2240 1708 2264 et

909 2283 1024 2320 ﬁguram
1036 2287 1144 2312 tantum
1158 2283 1296 2318 habentia,
1313 2291 1369 2311 non
1389 2283 1597 2311 subsistentiam
1608 2289 1704 2317 quam-

909 2328 985 2362 dam,
1000 2332 1028 2357 et
1043 2328 1227 2356 substantiam
1242 2328 1352 2356 ﬁrmam
1365 2336 1413 2356 seu
1436 2330 1651 2364 permanentem.
1665 2327 1707 2354 Ne

909 2373 1011 2408 itaque,
1028 2373 1127 2409 inquit,
1146 2372 1335 2400 assimilemini
1349 2377 1376 2400 et
1394 2379 1444 2400 vos
1469 2371 1533 2400 huic
1553 2371 1654 2400 saeculo
1668 2371 1710 2399 iu-

909 2418 1068 2446 eonstanti:
1085 2417 1137 2445 hoc
1152 2421 1206 2451 est,
1221 2418 1262 2445 Ne
1289 2417 1419 2453 cogitate,
1443 2424 1532 2452 neque
1547 2416 1635 2452 sapite
1649 2423 1711 2452 qua

909 2467 975 2491 sunt
989 2462 1081 2499 hujus,
1107 2471 1120 2489 (ι
1146 2461 1198 2490 Sed
1221 2460 1458 2489 transformemini
1482 2469 1530 2497 per
1548 2460 1708 2489 renovatio-

910 2515 974 2536 nem
1004 2507 1103 2535 mentis
1128 2510 1242 2538 vestrm,
1259 2516 1273 2532 ιι
1294 2506 1346 2534 hoc
1360 2509 1411 2539 est,
1443 2506 1592 2541 Nunquam
1606 2513 1662 2532 non
1680 2509 1708 2532 te

912 2552 1122 2588 ipsuminnova.
1139 2550 1409 2579 Peccasti?animam
1422 2555 1499 2578 tuam
1511 2553 1633 2578 veterem
1647 2548 1709 2576 red-

910 2595 1004 2624 didisti
1031 2604 1037 2623 :
1066 2595 1195 2624 inn0vare
1221 2603 1326 2623 rursus.
1358 2595 1503 2623 Correxisti
1533 2601 1624 2622 mores
1646 2597 1710 2620 tuos

911 2640 1054 2676 paulum?
1075 2648 1175 2668 conare
1201 2640 1291 2676 magis
1317 2640 1456 2675 magisque
1482 2638 1639 2670 emendare,
1672 2636 1710 2663 ra-

910 2689 1025 2720 ctusque
1047 2692 1076 2712 es
1090 2693 1186 2719 novus,
1202 2685 1229 2712 in
1244 2685 1343 2712 melius
1355 2692 1464 2719 semper
1495 2681 1713 2711 transformalus

756 2779 852 2809 Variae
875 2778 1025 2808 lectiones.

92 2828 115 2846 ³⁵
128 2831 164 2864 τῷ
183 2828 240 2865 Θεῷ
258 2836 284 2857 ο.
323 2827 346 2845 ’⁸
358 2844 393 2849 -
407 2828 502 2859 τίζεσθε
516 2837 543 2857 ο.
581 2828 604 2846 9⁷
625 2844 650 2848 -
665 2828 755 2864 φοΰσθε
772 2836 799 2856 0.
