1901 3077
63 133 113 160 50!

513 133 687 162 EXPOSITIO
707 134 741 162 IN
759 133 864 162 EPIST.
885 133 931 163 AD
949 133 1031 162 R0].
1051 148 1086 155 —
1105 135 1180 162 CAP.
1200 135 1251 163 Xll.

1665 138 1716 166 502

63 193 136 224 ἀλλὰ
148 194 195 224 τὸν
213 194 269 224 ἀπὸ
283 196 329 225 τοῦ
344 196 432 234 Θεοῦ,
452 195 481 226 δν
500 197 519 232 ἡ
540 196 617 237 χάρις
633 197 714 226 αὐτοῦ
729 196 869 227 ίνέπνιυσέ
882 198 906 230 Α
922 204 937 224 δι

949 196 970 224 ιὰ
988 204 1053 224 eum
1075 204 1159 233 quem
1182 204 1198 225 a
1219 198 1276 225 Deo
1296 197 1397 233 accepi.
1419 205 1501 234 quem
1522 199 1609 235 gratia
1632 199 1717 236 ipsius

62 250 122 276 μοι.
138 239 227 270 Παντὶ
242 239 270 270 δὲ
283 241 355 279 λέγει
370 239 391 276 ⁸,
407 239 453 270 καὶ
466 240 575 281 ἰδιώτῃ,
587 241 632 270 καὶ
646 241 754 282 ἄρχοντι
764 263 772 277 ,
787 255 798 267 ιι
814 240 863 277 Μὴ

61 285 237 324 ὑπερφρονεῖν
252 285 318 325 παρ’
335 284 349 315 6
365 285 404 314 δεῖ
423 289 536 326 φρονεῖν·
550 298 564 312 ι
585 285 648 325 περὶ
670 287 717 323 τῆς
738 297 864 316 ταπεινο-

63 328 199 370 φροσύνης
225 329 410 369 διαλεγόμενος
436 331 558 370 πρῶτον,
584 329 676 371 ὥσπερ
699 330 745 360 καὶ
764 333 778 360 6
806 330 865 362 Κύ-

64 384 136 414 ριος,
153 374 201 404 ἀπ’
223 374 306 409 αἰνῆς
320 373 420 413 ἤρξατο
436 381 445 390 ⁸
472 388 485 401 ι
502 375 639 416 Μακάριοι
653 376 678 406 οἱ
698 375 802 416 πτωχοὶ
822 377 861 416 τῷ

69 417 216 458 πνεύματι.
235 431 247 445 ι
264 418 300 450 '0
315 419 342 449 δὲ
355 418 442 457 λέγει,
454 419 572 450 τοιοῦτόν
587 421 644 450 ἐστι
658 430 664 437 ·
680 422 728 451 Δεῖ
740 420 789 459 μὲν
804 431 866 461 φρο-

66 466 140 499 νεῖν,
155 462 291 493 τουτέστιν
300 487 308 500 ,
322 463 424 503 ὑψηλὸν
444 464 572 503 λογισμὸν
583 464 665 505 ἔχειν,
675 463 745 494 ἀλλὰ
757 465 821 505 πρὸς
835 465 866 496 τὸ

61 507 168 547 φρονεῖν
191 507 225 537 τὰ
246 508 374 549 οὐράνια,
405 509 451 538 καὶ
472 509 645 550 ὕπεριιιῖσθαι
669 511 722 540 τῶν
746 511 866 551 γεηρῶν,

60 552 123 592 οὐχὶ
147 551 213 593 πρὸς
236 552 268 584 τὸ
292 553 345 583 τῦν
370 554 505 594 ὁμογενῶν
530 554 741 595 ιατεπαίρεσοαι
757 564 764 572 ⁸
787 557 866 585 τοῦτο

59 595 116 637 γάρ
130 597 189 627 έστι
203 597 233 627 τὸ
246 598 428 639 ὑπερφρονεῖν.

103 699 117 712 ι
139 685 221 717 Ἀλλὰ
241 690 346 728 φρονεῖν
367 687 404 721 εἰς
427 686 458 717 τὸ
481 688 637 728 σωφρονεῖν.
664 702 677 715 ι
712 687 864 726 Ἐλάϐομιν

61 730 115 771 γὰρ
136 731 279 772 φρόνησιν,
301 732 351 772 οὔχ
372 731 417 761 ἶνα
441 732 479 766 εἰς
511 732 639 762 ἀπόνοιαν
664 732 732 772 αὐτῇ
757 732 866 773 χρηοώο

63 778 135 813 μιοα
148 797 157 812 ,
169 776 230 806 ἀλλ’
244 775 289 806 ἵνα
300 777 336 810 εἰς
349 777 523 817 σωφροσύνην
533 800 542 814 ,
556 776 704 815 τουτέστιν,
720 778 757 811 εἰς
771 788 862 807 ταπειο

60 820 235 860 νοφροσύνην.
257 820 339 852 Οὕτω
355 820 383 852 δὶ
400 817 491 859 εἶπεν,
506 819 551 851 ἵνα
565 821 652 862 δείξῃ,
664 822 705 852 ὅτι
724 823 738 852 6
757 821 796 861 μὴ
811 834 863 852 τα-

61 866 249 918 Ῑτεινοφρονῶν
274 865 436 918 ⁵παραπαίει
464 865 515 918 καὶ
549 865 674 918 {Etet-qus
791 866 864 918 ἰδίων
881 886 904 918 Β

60 909 199 948 λογισμῶν
215 918 223 926 ·
238 912 253 940 6
271 909 299 939 δὶ
320 912 532 951 τιπεινοφρονῶν
560 910 632 945 σώας
652 910 708 952 ἔχει
731 910 781 945 τὰς
795 909 863 952 φρέ-

60 964 108 988 νας
124 962 132 970 ⁶
147 954 194 985 καὶ
206 954 251 984 διὰ
265 956 344 986 τοῦτο
360 955 465 995 λέγεται
481 960 637 997 σωφρονεῖν.

99 1058 113 1070 ι
129 1043 261 1084 Ἐχάστῳ
281 1045 318 1078 ὥς
335 1046 350 1074 6
365 1044 433 1078 Θεὸς
456 1044 562 1085 ίμέρισε
586 1045 682 1085 μέτρον
707 1043 831 1078 πίστεως.
849 1058 861 1072 ι

60 1088 175 1126 Εἰπὼν,
196 1088 237 1118 δτι
252 1090 290 1118 δεῖ
305 1091 376 1128 ἡμᾶς
397 1088 436 1127 μὴ
459 1092 645 1130 ὕπερφρονεῑν,
660 1089 731 1119 ἀλλὰ
753 1101 860 1131 σωφροο

57 1135 130 1170 νεῖν,
154 1136 200 1164 ν’ὗν
223 1132 295 1174 λέγει
318 1134 374 1167 πῶς
395 1134 436 1163 δεῖ
458 1138 624 1174 σωφρονεῖν·
643 1133 690 1164 καί
704 1145 784 1175 φησιν
797 1157 806 1171 ,
820 1134 861 1163 δτι

57 1177 132 1208 οὕτω
153 1178 193 1208 δεῖ
217 1182 380 1218 σωφρονιῑν,
402 1179 438 1212 ὥς
465 1178 665 1217 λογιζομένους,
689 1177 730 1208 ὅτι
756 1178 861 1218 indere)

57 1223 184 1262 ἐμέρισεν
208 1223 224 1252 6
249 1222 318 1256 Θεὸς
342 1221 439 1263 μέτρον
463 1223 586 1257 πίστεως.
613 1221 728 1259 Ἐπιιδὴ
752 1222 804 1263 γὰρ
824 1223 860 1253 τὰ

56 1267 220 1307 χαρίσματα
236 1267 338 1305 μαλλον
355 1267 391 1301 είς
403 1266 532 1297 ἀπόνοιαν
551 1269 633 1307 ἐπῆρε
650 1267 709 1301 τοὺς
723 1267 839 1301 πολλοὺς
851 1291 857 1303 ,

55 1311 93 1341 δι’
111 1311 178 1342 αὐτὸ
201 1313 294 1348 τοῦτο,
316 1312 396 1353 φησι,
421 1312 461 1342 δεῖ
481 1313 639 1353 σωφρονεῖν,
663 1313 730 1342 διότι
756 1314 770 1342 ὁ
790 1312 859 1346 Θεὸς

55 1356 183 1396 ἐμέρισεν
206 1356 311 1397 ἑκάστῳ
333 1356 364 1386 τὸ
389 1359 485 1395 μέτρον
509 1359 556 1393 τῆς
580 1357 704 1392 πίστεως.
733 1355 780 1392 Μὴ
807 1356 859 1396 γὰρ

55 1401 105 1431 σὺν
129 1401 292 1441 κατόρθωμα
316 1403 408 1437 τοῦτο,
439 1401 509 1431 ἀλλὰ
534 1401 657 1442 χάρισμά
679 1403 736 1432 ἐστι
765 1404 833 1432 θεῖον
847 1411 856 1420 ⁸

56 1445 110 1475 κᾶν
125 1445 212 1485 μέγα,
225 1445 275 1475 κᾶν
294 1445 389 1486 μικρὸν
401 1468 410 1482 ,
428 1448 442 1475 6
453 1447 521 1480 Θεὸς
536 1449 614 1476 τοῦτο
629 1446 740 1476 δέδωκε.
760 1445 856 1476 Πίστιν

918 241 1061 277 inspiravit
1080 240 1161 269 mihi.
1179 250 1193 267 ιι
1207 241 1326 270 Cuilibet
1341 253 1353 267 -
1371 246 1466 270 autem
1480 243 1526 271 hie
1537 243 1619 272 verba
1640 244 1717 280 facit,

918 290 947 314 et
959 286 1065 322 privato
1077 289 1104 314 et
1111 286 1302 322 magistratum
1311 286 1430 323 gerenti,
1443 298 1456 311 ι
1468 288 1530 315 Non
1540 296 1634 324 sapere
1646 290 1717 318 ultra

919 339 1002 367 quam
1015 335 1141 367 oporteat
1156 341 1163 359 :
1186 342 1198 356 -
1216 330 1252 359 de
1266 331 1418 360 humilitate
1432 332 1555 368 primum
1569 332 1715 368 disserens,

918 375 990 404 sicut
1002 380 1031 404 et
1044 376 1182 404 Dominus
1200 375 1236 404 ab
1248 375 1305 412 ipsa
1320 376 1405 404 etiam
1419 384 1501 405 orsus
1512 381 1554 405 est
1575 386 1582 405 :
1606 389 1619 402 α
1639 379 1717 407 Beati

919 428 1053 457 pauperes
1075 420 1173 457 spiritu
1194 424 1207 444 ν
1223 442 1229 449 .
1254 432 1266 445 ι
1283 420 1364 456 Quod
1378 425 1473 449 autem
1487 421 1537 455 ait,
1559 426 1602 450 est
1621 421 1717 459 hujus-

920 464 995 494 modi
1011 474 1019 493 :
1033 466 1147 502 Oportet
1166 465 1281 502 quidem
1294 473 1403 502 sapere,
1418 465 1472 494 hoc
1494 470 1547 501 est,
1563 467 1647 495 altam
1671 475 1717 496 co-

919 509 1081 546 gitationem
1102 509 1212 543 habere,
1235 510 1284 538 sed
1309 509 1358 543 ita,
1383 514 1414 538 ut
1432 511 1559 539 ccelestes
1582 519 1626 539 res
1651 511 1720 540 affe-

919 558 1037 588 ctemus.
1061 558 1144 591 atque
1162 562 1244 591 super
1267 554 1406 583 terrestria
1435 554 1583 590 elevomur.
1606 564 1663 584 non
1687 561 1719 585 ut

918 603 1016 627 contra
1031 598 1126 628 fratres
1141 603 1170 628 et
1185 599 1327 635 proximos
1340 599 1504 635 efferamur;
1520 600 1572 630 hoc
1586 602 1662 630 enim
1676 606 1718 631 est

919 651 1014 679 sapere
1031 644 1101 673 ultra
1115 651 1201 680 quam
1219 648 1338 680 oportet.

958 699 971 714 ιι
984 688 1037 717 Sed
1060 696 1157 725 sapere
1171 688 1206 717 ad
1219 688 1409 718 sobrietatem.
1431 700 1445 714 »
1462 689 1627 726 Accepimus
1640 692 1714 720 enim

916 733 1078 768 sapientiam
1089 741 1147 762 non
1159 738 1189 762 ut
1206 733 1239 762 ad
1255 734 1441 770 arrogantiam
1452 733 1601 763 abutamur
1609 744 1651 771 ea,
1665 737 1713 765 sed

916 777 951 806 ad
965 777 1145 806 sobrietatem
1159 782 1187 806 et
1197 778 1425 812 moderationem.
1440 779 1492 807 hoc
1505 784 1557 813 est,
1571 780 1606 808 ad
1622 780 1713 809 humi-

918 822 1032 851 litatem.
1051 824 1118 851 Hec
1129 823 1164 851 ita
1180 823 1288 851 locutus
1302 827 1354 858 est.
1369 827 1401 851 ut
1413 824 1571 852 ostenderet
1588 833 1653 854 eum
1668 827 1714 862 qui

919 875 974 895 non
998 867 1148 901 humiliter,
1172 867 1220 896 sed
1233 872 1397 903 arroganter
1419 876 1449 897 se
1471 869 1596 906 gesserit.
1620 874 1648 898 et
1661 871 1715 899 im-

919 913 1025 948 pegisse
1043 917 1071 940 et
1091 912 1224 941 excidisse
1243 920 1259 941 a
1279 913 1397 949 propriis
1415 914 1636 950 cogitationibus.
1654 916 1714 944 Hu-

916 957 991 986 milis
1011 961 1104 986 sutem
1135 957 1291 986 incolumes
1311 958 1456 995 salvosque
1476 966 1573 987 sensus
1595 959 1679 988 habet
1706 970 1713 988 :

916 1006 1058 1038 propterea
1071 1001 1172 1030 dicitur
1185 1009 1245 1030 esse
1259 1002 1375 1030 sobrius.

952 1057 965 1071 ι
982 1045 1140 1082 Unicuique
1159 1046 1230 1074 sicut
1253 1049 1328 1075 Deus
1351 1047 1467 1083 partitus
1488 1052 1531 1076 est
1554 1056 1714 1078 mensuram

915 1090 988 1120 ﬁdei.
1005 1102 1019 1116 ι
1033 1091 1105 1120 Cum
1126 1090 1240 1120 dixisset
1263 1099 1314 1120 nos
1335 1099 1392 1120 non
1410 1096 1537 1128 oportere
1560 1094 1714 1130 superbire,

914 1135 964 1164 sed
986 1135 1126 1164 modestos
1148 1143 1207 1164 esse
1224 1140 1252 1165 et
1271 1135 1399 1172 humiles,
1418 1145 1493 1165 nunc
1515 1138 1635 1166 ostendit
1657 1147 1711 1176 qua

914 1180 1020 1209 ratione
1040 1180 1147 1209 sobrios
1165 1188 1225 1209 esse
1240 1181 1376 1217 oporteat,
1393 1181 1531 1218 inquiens,
1553 1183 1591 1211 ita
1606 1183 1713 1213 sobrios

912 1232 972 1252 esse
983 1229 1122 1261 oportere,
1139 1229 1297 1261 reputantes
1311 1233 1422 1262 nempe,
1437 1226 1512 1262 quod
1524 1227 1623 1263 cuique
1639 1229 1714 1257 Deus

914 1269 1028 1306 partitus
1048 1273 1089 1297 est
1112 1277 1271 1298 mensuram
1292 1269 1366 1298 ﬁdei.
1383 1271 1617 1307 Quandoquidem
1639 1273 1713 1301 enim

913 1313 987 1343 dona
1001 1314 1045 1342 illa
1055 1314 1214 1351 complures
1227 1315 1257 1343 in
1270 1315 1457 1351 arrogantiam
1472 1315 1634 1352 elferebant,
1649 1318 1712 1346 Pro-

914 1363 974 1394 pter
993 1358 1046 1387 hoc
1066 1358 1167 1395 ipsum,
1194 1359 1291 1395 inquit.
1317 1359 1444 1388 modeste
1465 1360 1567 1389 sentire
1590 1366 1710 1398 oportet,

911 1403 985 1439 quod
1005 1405 1080 1432 Deus
1095 1404 1242 1440 unicuique
1264 1403 1328 1432 ﬁdei
1351 1412 1509 1433 mensuram
1530 1407 1646 1441 partitus
1663 1407 1710 1435 sit.

911 1449 975 1477 Non
989 1448 1066 1477 enim
1080 1452 1126 1477 tua
1143 1449 1228 1477 virtus
1249 1448 1354 1483 isthm,
1369 1457 1460 1485 neque
1473 1454 1553 1478 tuum
1575 1459 1645 1487 opus
1658 1455 1710 1485 est,

55 1491 83 1520 δὲ
98 1491 214 1520 ἐνταῦθα
229 1491 260 1520 τὸ
281 1491 403 1530 χάρισμα
417 1491 505 1530 λέγει,
526 1492 553 1520 ἄν
575 1486 597 1531 ᾧ
612 1490 856 1534 ἐθαυματούργουν.
872 1496 894 1527 c
909 1501 937 1521 se

949 1492 957 1521 l
975 1493 1101 1521 divinum
1119 1493 1227 1522 donum
1249 1502 1256 1521 :
1279 1494 1337 1522 sive
1352 1502 1485 1531 magnum
1505 1496 1562 1523 sive
1583 1497 1710 1533 exiguum

54 1535 92 1566 Ἦ
109 1535 162 1575 γὰρ
175 1534 264 1568 πίστις
285 1535 360 1572 διττή
380 1546 387 1554 ·
402 1537 419 1571 ἡ
431 1535 479 1574 μὲν
500 1537 594 1573 ἡμῶν,
609 1537 644 1570 ὥς
665 1536 713 1573 τὸ,
728 1548 741 1562 ι
757 1534 793 1565 Ίί
812 1535 856 1564 πί-

55 1591 114 1613 στις
130 1591 179 1610 σου
202 1579 303 1610 σέσωκέ
321 1590 352 1610 σε
364 1591 371 1598 ·
387 1590 403 1609 ι
429 1583 446 1616 ἡ
467 1580 495 1610 δὲ
514 1580 585 1610 Θεοῦ
600 1581 700 1620 δῶρον,
716 1579 750 1609 δι’
765 1575 797 1616 ἧς
812 1579 858 1610 καὶ

54 1625 182 1662 θαύματα
199 1624 332 1664 γίνονται,
355 1626 391 1658 ὥς
413 1624 462 1664 τὸ,
491 1636 505 1653 ε
522 1623 589 1656 Ἐὰν
615 1624 694 1665 ἔχητε
717 1625 807 1654 πίστιν
822 1626 859 1659 ὥς

53 1670 154 1700 κόκκον
172 1669 322 1708 σινάπεως,
345 1670 429 1710 ἐρεῖτε
443 1671 482 1710 τῷ
507 1669 563 1710 ὄρει
588 1671 688 1711 τούτῳ,
714 1669 858 1705 Μετάϐηθι

54 1715 177 1743 ἄντεῧοιν
198 1713 253 1744 ita?
264 1737 273 1751 ,
289 1714 336 1744 καὶ
348 1713 543 1752 μεταϐήσεται.
564 1727 580 1743 ι

101 1861 117 1879 s
133 1850 266 1891 Καθάπερ
282 1850 334 1892 γὰρ
348 1852 375 1881 ἄν
389 1851 427 1884 (vi
441 1851 549 1890 σώματι
563 1850 651 1881 πολλὰ
666 1850 734 1890 με’λη
748 1850 858 1891 ιχομεν,

55 1895 147 1925 πάντα
163 1895 190 1924 δὲ
212 1895 245 1924 τὰ
261 1895 330 1934 μέλη
346 1896 375 1925 οὐ
399 1895 448 1931 τὴν
466 1895 548 1931 αὐτὴν
573 1895 630 1935 ἔχει
652 1895 746 1935 πρᾶξιν
759 1904 767 1912 ⁸
788 1893 859 1925 οὕτω

55 1939 105 1970 καὶ
122 1940 147 1970 οἱ
159 1940 254 1970 πολλοὶ
274 1939 302 1970 ἓν
319 1940 400 1980 σῶμά
414 1942 494 1980 ἐσμεν
509 1941 536 1970 ἕν
547 1942 661 1980 Χριστῷ
678 1950 685 1957 ·
696 1941 710 1968 6
726 1939 753 1969 δὲ
770 1941 859 1973 καθεῖς

57 1985 161 2025 [vulg.
179 1986 238 2015 καθ’
254 1980 289 2018 εἷς
299 1986 323 2024 ],
340 1985 464 2021 ἀλλήλων
485 1985 565 2024 μέλη.
578 1997 592 2014 η
612 1986 661 2025 Τῷ
675 1987 721 2014 τῶ
734 1984 857 2022 σώματος

55 2030 103 2058 καὶ
131 2031 185 2059 τῶν
205 2031 294 2067 μελῶν
317 2029 493 2068 ὑποδείγματι
517 2030 547 2060 τὸ
562 2029 631 2068 μέγα
652 2031 699 2065 τῆς
722 2030 856 2071 ὑπερφρο-

913 1537 1008 1571 fuerit,
1028 1539 1104 1566 Deus
1123 1542 1196 1566 certe
1217 1537 1270 1566 hoc
1284 1539 1428 1574 impertiit.
1448 1539 1543 1568 Fidem
1558 1544 1651 1569 autem
1667 1541 1712 1569 hic

911 1581 1018 1611 donum
1035 1582 1144 1618 spellat,
1164 1582 1240 1619 quod
1264 1583 1394 1611 miracula
1419 1583 1607 1620 perﬁciebant.
1631 1585 1714 1614 Fides

911 1626 986 1655 enim
1000 1626 1103 1663 duplex
1124 1631 1166 1655 est
1191 1637 1196 1655 :
1212 1627 1297 1656 altera
1310 1632 1415 1662 nostra,
1436 1632 1478 1663 ut,
1499 1640 1512 1653 ι
1530 1629 1612 1658 Fides
1626 1633 1672 1658 tua
1684 1634 1713 1658 te

911 1672 1030 1700 servavit
1044 1676 1058 1696 ι
1072 1682 1079 1700 :
1095 1681 1109 1698 ν
1125 1672 1211 1701 altera
1227 1680 1290 1701 vero
1305 1672 1414 1701 donum
1428 1674 1489 1707 Dei,
1503 1681 1551 1710 per
1563 1682 1647 1711 quam
1663 1675 1712 1703 mi-

912 1717 1007 1746 racula.
1027 1716 1109 1751 ﬁunt.
1133 1721 1163 1745 ut
1184 1725 1249 1746 cum
1267 1717 1305 1746 ait
1325 1717 1450 1746 Christus
1471 1728 1478 1746 :
1504 1719 1531 1747 Si
1559 1719 1711 1748 habueritis

912 1760 995 1790 ﬁdem
1017 1761 1091 1789 sicut
1108 1769 1226 1798 granum
1247 1762 1361 1798 sinapis.
1385 1761 1481 1790 dicetis
1505 1763 1593 1791 monti
1616 1764 1680 1792 huic
1701 1774 1708 1791 :

911 1804 1040 1834 Transfer
1050 1809 1078 1834 te
1088 1805 1151 1834 hinc
1164 1805 1222 1839 illo,
1234 1810 1264 1834 et
1276 1805 1457 1834 transferetur
1469 1811 1478 1825 ι
1493 1827 1499 1834 .
1516 1819 1529 1832 ι

946 1851 1037 1879 Vsus.
1060 1853 1089 1883 4,
1108 1853 1136 1878 5.
1158 1861 1171 1875 ι
1187 1850 1262 1878 Sicut
1277 1850 1351 1879 enim
1374 1851 1401 1878 in
1417 1859 1471 1879 uno
1492 1859 1608 1888 corpore
1624 1853 1710 1881 multa

909 1894 1034 1923 membra
1046 1894 1190 1929 habemus,
1203 1894 1299 1923 omnia
1313 1899 1406 1923 autem
1421 1895 1546 1923 membra
1560 1904 1617 1924 non
1632 1905 1710 1925 eum-

911 1939 974 1968 dem
994 1939 1098 1968 habent
1109 1943 1202 1968 aetum
1218 1948 1226 1967 :
1246 1939 1284 1967 ita
1304 1943 1333 1968 et
1350 1939 1431 1968 multi
1445 1948 1533 1968 unum
1548 1947 1649 1977 corpus
1662 1949 1709 1970 su-

911 1992 974 2013 mus
987 1985 1015 2013 in
1036 1984 1159 2018 Christo,
1173 1984 1273 2020 singuli
1292 1988 1398 2019 autem,
1413 1985 1481 2013 alter
1500 1985 1614 2014 alterius
1629 1994 1708 2014 men-

909 2030 967 2059 brn.
991 2041 1003 2054 ιι
1019 2029 1148 2065 Corporis
1165 2033 1193 2057 et
1215 2028 1406 2058 membrorum
1429 2030 1556 2066 exemplo
1569 2030 1709 2066 ingentem

55 2073 138 2111 σύνης
152 2073 262 2114 ἔπαρμα
277 2077 409 2114 καθαιρεῖ.
425 2073 534 2115 Ὠσπερ
555 2074 608 2114 γὰρ
624 2075 654 2103 τὸ
668 2076 748 2113 σῶμα
762 2073 790 2104 ἓν
807 2074 856 2113 μέν
906 2082 937 2103 lu

949 2074 1044 2111 φοι-δίε
1063 2074 1210 2103 elationem
1230 2074 1311 2102 tollit.
1337 2075 1379 2104 Ut
1399 2075 1473 2102 enim
1495 2083 1595 2111 corpus
1621 2083 1707 2104 unum

55 2119 132 2157 ἐστι,
148 2117 262 2159 διάφορα
279 2118 307 2148 δὲ
323 2117 392 2157 μέλη
405 2118 461 2158 ιχιι
471 2140 479 2154 ,
500 2118 638 2160 διαφόρως
657 2118 766 2158 πράξεις
781 2119 853 2159 ἐνερ-

908 2119 1019 2156 quidem
1033 2123 1085 2154 est,
1105 2118 1211 2148 diversa
1224 2127 1289 2147 vero
1309 2119 1434 2148 membra
1449 2119 1531 2148 habet
1549 2119 1709 2149 differentes

53 2167 152 2202 γοῦντα
163 2174 170 2181 ·
188 2162 257 2193 οὕτω
279 2163 325 2193 καὶ
339 2163 364 2192 οἱ
382 2163 471 2193 πιστοὶ
492 2163 521 2192 εν
536 2163 616 2202 σῶμα
632 2164 712 2201 ισμεν
734 2164 761 2192 ἄν
785 2164 854 2204 Χρι-
870 2168 895 2200 D
909 2173 937 2193 ac

949 2165 1030 2193 dones
1054 2164 1207 2192 exercentis
1230 2173 1237 2191 :
1257 2163 1296 2192 sic
1314 2168 1343 2192 et
1362 2172 1413 2193 nos
1436 2164 1530 2193 ﬁdeles
1547 2173 1634 2193 unum
1659 2173 1706 2193 su-

55 2209 127 2248 σιῷ,
144 2209 182 2241 ὡς
201 2208 227 2238 ἐν
247 2209 350 2248 κεφαλῇ
365 2207 572 2247 συνιστάμενον,
591 2207 636 2238 καὶ
650 2209 664 2237 6
678 2211 766 2242 καθεῖς
776 2231 785 2245 ,
799 2209 852 2238 ἄλ·-

55 2251 148 2288 λήλων
163 2251 233 2290 μέλη
244 2263 251 2270 ·
266 2253 316 2292 οὐχ
327 2254 341 2281 6
356 2251 449 2292 μιαρὸς
471 2253 550 2290 μόνον
565 2256 613 2283 τοῦ
628 2253 762 2291 μεγάλου,
781 2253 852 2283 ἀλλὰ

56 2297 102 2326 καὶ
116 2298 133 2326 6
150 2296 235 2336 μέγας
256 2299 304 2326 τοῦ
325 2299 432 2337 μικροῦ.
455 2297 502 2332 Μὴ
525 2297 611 2327 τοίνυν
635 2297 760 2332 ἀλλήλων
786 2309 855 2327 κατ-

56 2341 198 2382 επαίρεσθε
211 2353 218 2360 ·
232 2341 346 2382 χρῄζετε
361 2342 422 2382 γὰρ,
446 2342 482 2375 ὣς
495 2341 540 2371 καὶ
561 2341 595 2371 τὰ
612 2341 681 2381 μέλη
691 2363 700 2378 ,
718 2342 853 2378 ἀλλήλων.

92 2489 106 2503 ι
123 2473 255 2516 Ἔχοντες
267 2475 294 2505 δι
304 2475 338 2506 τὰ
348 2475 505 2517 χαρίσματα
519 2476 591 2506 κατὰ
603 2475 652 2513 τὴν
664 2475 742 2517 χάριν
751 2475 798 2511 τὴν
810 2477 854 2506 δο-

57 2523 145 2551 θεῖσαν
160 2523 226 2559 ἡμῖν
238 2521 350 2561 διάφορα
361 2544 369 2558 ,
386 2520 439 2551 εἴτε
455 2520 634 2561 προφητείαν,
646 2520 714 2550 κατὰ
725 2520 773 2557 τὴν
788 2522 853 2550 ἀνα-

55 2566 147 2605 λογίαν
155 2567 204 2601 ἧς
213 2565 336 2599 πίστεως.
351 2578 364 2592 ι
373 2566 434 2596 οὐκ
444 2561 531 2602 εἶπεν,
543 2564 584 2595 ὅτι
593 2565 710 2600 Μείζονα
721 2564 767 2595 καὶ
780 2564 856 2595 ἐλάτ-

59 2620 118 2639 τονα
129 2609 249 2650 ἔχοντες,
261 2609 347 2648 ἀλλὰ,
359 2623 372 2637 ι
386 2610 508 2651 Διάφορα
521 2622 528 2630 ·
539 2625 551 2637 ι
564 2609 608 2640 ἵνα
619 2609 781 2650 καταστείλῃ
794 2608 855 2644 τοὺς

97 2685 219 2714 PMstth.
237 2693 267 2720 ν,
282 2689 308 2714 δ.
354 2685 474 2714 αΜειιιι.
488 2693 533 2721 ix,
550 2689 594 2714 :2.

910 2217 973 2238 mus
985 2209 1015 2238 in
1029 2209 1148 2241 Christo,
1170 2217 1221 2237 ceu
1243 2209 1272 2237 in
1284 2209 1382 2245 capite,
1397 2217 1497 2244 corpus
1509 2209 1706 2244 constitutum.

908 2259 990 2292 atque
1011 2254 1084 2283 inter
1103 2261 1155 2282 nos
1175 2258 1272 2282 mutuo
1289 2254 1357 2282 alter
1379 2253 1492 2282 alten'us
1509 2262 1606 2282 sumus
1620 2261 1707 2282 mem-

908 2299 959 2328 bra
982 2309 989 2328 :
1010 2307 1066 2328 non
1079 2298 1172 2327 minor
1191 2298 1385 2327 tantummodo
1399 2298 1522 2335 maioris,
1546 2299 1594 2327 sed
1617 2299 1707 2335 major

908 2344 992 2372 etiam
1016 2343 1142 2372 minoris.
1163 2343 1204 2371 Ne
1221 2342 1303 2379 igitur
1323 2343 1396 2371 inter
1415 2350 1465 2371 vos
1486 2343 1558 2372 alter
1575 2343 1709 2372 adversus

908 2388 1028 2417 alterum
1050 2387 1205 2416 efferamini
1231 2397 1237 2416 :
1258 2387 1344 2424 egetis
1357 2387 1442 2421 enim,
1462 2387 1651 2417 membrorum
1664 2388 1708 2417 in-

908 2437 977 2468 star,
1001 2437 1096 2461 mutua
1110 2436 1201 2461 vestra
1219 2440 1313 2469 opera.

942 2479 1030 2507 Vens.
1047 2480 1073 2506 6.
1089 2489 1101 2503 ι
1119 2477 1259 2506 Habentes
1277 2481 1369 2506 autem
1382 2477 1466 2512 dona,
1480 2477 1631 2506 secundum
1645 2486 1706 2515 gra-

908 2523 976 2552 tiam
1000 2530 1063 2560 qua
1083 2522 1147 2551 data
1168 2526 1209 2551 est
1228 2522 1320 2557 nobis,
1342 2522 1428 2556 varia.
1457 2522 1514 2551 sive
1533 2522 1706 2559 prophetiam

908 2567 1060 2596 secundum
1071 2568 1207 2596 rationem
1219 2567 1293 2596 ﬁdei.
1305 2576 1320 2594 ι
1337 2567 1465 2603 Non”
1473 2566 1554 2600 dixit,
1565 2567 1637 2595 dona
1646 2573 1707 2594 ma-

906 2613 968 2649 jora
989 2617 1037 2641 aut
1055 2612 1164 2641 minora
1180 2611 1322 2646 habentes,
1336 2611 1395 2646 sed,
1417 2623 1430 2636 ι
1450 2612 1566 2640 Diversa
1584 2620 1591 2638 :
1607 2614 1638 2638 ut
1657 2618 1705 2637 su-

632 2687 643 2702 ¹
656 2686 758 2714 Matth.
777 2692 857 2719 xui.
872 2687 917 2713 19.

768 2756 864 2787 Varia
886 2756 1036 2786 lectiones.

92 2796 100 2815 ¹
118 2796 191 2834 λόγῳ
204 2804 234 2826 ο.
