1901 3077
200 124 251 150 503

708 121 965 149 THEOPHYLACTI
984 121 1160 149 BULGARLE
1179 121 1335 148 AliCHlEP.
1816 117 1862 146 504

199 185 296 221 perbos
318 185 356 212 vel
372 193 404 212 eo
419 184 477 220 ipso
494 184 609 212 nomine
628 184 790 220 comprimat
805 194 813 212 :
829 191 919 220 neque
933 184 995 212 Vir-

1071 184 1240 224 ιταιρομένους
1266 184 1312 213 καὶ
1339 183 1365 218 ἐξ
1390 185 1468 213 αὐτοῦ
1495 186 1547 212 τοῦ
1583 181 1742 221 ὀνόματος
1770 181 1813 210 καὶ
1839 182 1863 210 οὖ

199 233 271 258 tutes
287 229 366 263 dixit,
388 229 447 262 sed,
474 240 496 253 ιι
510 230 600 256 Dona.
616 241 628 252 ιι
652 229 704 256 Dei
719 229 803 262 enim,
826 229 923 264 inquit,
945 228 995 257 do-

200 283 267 302 num
288 278 340 307 est,
365 281 421 301 non
440 278 613 308 tuumopus,
629 273 704 309 quod
725 273 853 309 accepisti
874 282 880 301 :
899 277 925 300 et
938 281 998 310 gra-

202 319 237 347 tia
253 323 295 346 est
308 325 369 354 qua
383 317 456 346 istud
474 318 523 346 tibi
541 318 595 345 dat.
612 318 652 345 Ut
672 318 758 352 igitur
773 318 859 346 elatos
876 318 996 354 dejiciat,

201 363 260 391 haec
281 371 294 390 a
316 364 375 390 Deo
401 362 497 390 donari
519 362 650 396 afﬁrmat,
676 362 840 390 charismata
856 371 888 390 ea
911 363 998 390 nomi-

201 416 280 435 nans.
302 409 342 436 Ut
365 411 459 435 autem
473 415 568 442 segnes
583 411 610 434 et
630 407 744 443 ignavos
767 408 876 441 excitet,
898 407 997 435 iterum

201 452 320 480 ostendit
343 452 417 487 quod
433 456 458 479 et
479 459 531 479 nos
546 451 648 488 aliquid
662 452 861 480 contribuimus
875 457 906 480 ut
924 452 996 480 acci-

201 497 308 533 piamus
338 497 421 530 dona,
457 508 469 520 α
503 497 566 524 Sive
596 496 778 532 prophetiam,
814 509 826 521 ι
863 497 996 533 inquiens,

204 553 216 566 ιι
231 541 266 569 ad
288 541 440 577 analogiam
455 540 526 569 ﬁdei.
549 552 562 565 ν
580 541 639 569 Etsi
663 541 738 569 enim
762 541 849 577 gratia
868 546 920 575 est,
941 550 996 570 non

201 591 293 615 tamen
314 586 474 622 simpliciter
492 585 655 620 effunditur;
675 585 725 614 sed
743 590 877 622 quatenus
890 587 998 614 invene-

202 633 239 659 rit
253 639 298 659 vas
315 631 377 659 fidei
402 631 452 658 sibi
468 631 602 665 oblatum,
617 635 730 659 eatenus
750 631 850 659 inﬂuit.
874 632 996 667 Prophe-

201 677 246 706 tia:
269 680 361 705 autem
386 676 508 712 primum
538 676 674 710 meminit,
698 675 765 704 citra
794 677 881 704 ullum
902 676 998 704 forsan

202 721 353 750 discrimen
375 721 445 749 istud
467 720 580 756 faciens,
606 721 648 748 vel
667 720 784 749 fortasse
804 721 865 757 quia
888 725 998 756 propter

202 774 263 794 eam
278 765 404 793 nonnulli
422 766 501 801 vulgo
517 765 723 793 extollebantur.
738 767 824 794 Porro
844 766 866 793 si
883 766 998 794 extolle-

203 811 313 845 bantur,
330 818 379 838 cur
391 818 446 838 non
456 810 573 846 privavit
587 818 635 838 eos
648 812 724 838 Deus
733 818 766 838 eo
780 810 870 838 dono?
885 812 998 846 Propter

203 855 296 891 populi
311 855 554 888 commoditatem,
576 859 659 890 utque
675 855 782 883 erudiat
802 863 864 889 nos,
879 863 914 883 ne
929 863 997 883 con-

202 900 366 928 demnemus
393 900 557 928 charismata
578 899 716 931 habentes,
736 900 844 928 etiamsi
867 907 996 936 peccave-

202 945 265 973 rint.
294 945 322 973 Si
347 945 421 973 enim
444 952 495 980 ego
524 952 579 972 non
610 944 720 973 denudo
746 948 794 973 aut
825 945 902 981 privo
934 952 997 981 gra-

201 990 238 1017 tia
252 997 311 1018 mea
330 989 434 1025 (inquit
454 990 554 1024 Deus),
579 994 610 1017 tu
630 989 691 1025 quis
705 997 734 1017 es
758 990 804 1025 qui
826 989 916 1025 ipsum
938 989 997 1017 vili-

203 1034 296 1070 pendis
304 1035 315 1062 ἓ

237 1081 322 1107 Vsus.
337 1082 363 1106 7.
380 1088 394 1105 (ι
406 1079 466 1107 Sive
481 1079 675 1112 ministerium,
688 1079 716 1106 in
731 1078 896 1106 ministerio.
911 1089 924 1103 α
951 1080 1001 1106 Est

202 1131 269 1152 sane
281 1127 308 1152 et
322 1123 447 1160 specialis
459 1131 533 1152 curae
550 1131 583 1151 ac
595 1123 798 1160 gubernationis
812 1122 930 1157 donum,
946 1123 999 1150 mi-

202 1169 360 1202 nisterium,
377 1168 466 1204 qualis
481 1172 539 1196 erat
558 1172 663 1204 septem
689 1167 869 1196 diaconorum
883 1165 999 1194 functio.

203 1214 340 1249 Intelliges
366 1217 459 1241 tamen
483 1213 646 1249 generaliter
665 1220 746 1240 omne
767 1220 835 1247 opus
859 1212 1002 1248 spirituale

204 1266 251 1294 per
272 1257 467 1286 ministerium.
499 1258 545 1285 Ait
567 1265 633 1293 ergo
656 1268 662 1285 :
694 1257 721 1285 Si
744 1256 807 1293 quis
829 1256 1001 1285 functionem

203 1303 361 1339 quampiam
387 1306 484 1331 nactus
508 1307 559 1334 est.
580 1302 608 1330 in
632 1310 663 1330 ea
687 1301 826 1330 functione
850 1305 1003 1338 perseveret

204 1351 359 1382 (necessum
373 1352 414 1376 est
424 1347 496 1376 enim
507 1347 650 1375 sententiae
663 1346 726 1374 huic
739 1354 884 1382 apponere,
897 1346 1000 1381 μενέτω,

204 1393 232 1421 id
251 1397 302 1427 est,
320 1396 429 1420 maneat
442 1392 499 1420 sive
518 1394 697 1427 perseveret),
712 1398 800 1426 neque
812 1389 917 1426 aliquid
930 1390 1002 1418 ultra

203 1441 318 1474 quaerat,
330 1445 419 1473 neque
429 1436 559 1465 adversus
571 1436 657 1464 alium
667 1435 823 1470 extollatur,
835 1433 882 1462 sed
893 1439 1004 1462 maneat

204 1486 349 1510 contentus
369 1489 402 1509 eo
423 1480 498 1517 quod
512 1480 626 1516 accepit.

241 1538 254 1551 α
277 1527 338 1554 Sive
355 1525 401 1561 qui
420 1525 509 1558 docet,
536 1525 564 1552 in
579 1523 714 1552 doctrina.
732 1535 745 1547 ιι
766 1523 793 1551 Si
807 1522 1000 1551 ministterium
1017 1528 1041 1559 ρ

204 1571 394 1599 nniversaliter
420 1570 547 1605 accipias,
572 1568 637 1597 audi
667 1568 796 1604 deinceps
818 1567 877 1604 ejus
898 1568 1001 1604 species

205 1619 416 1643 connumeratas
440 1623 447 1641 :
472 1614 512 1642 sin
537 1621 600 1641 vero
628 1613 792 1649 particulare
817 1612 1000 1641 ministerium

206 1659 354 1695 intelligas,
373 1659 486 1686 observa
504 1658 643 1694 quomodo
658 1657 733 1693 prius
747 1657 818 1686 illius
831 1657 999 1691 meminerit,

206 1704 267 1732 licet
280 1703 395 1732 inferius
416 1704 462 1737 sit,
479 1711 511 1732 ac
530 1702 698 1736 doctrinam,
713 1710 777 1730 cum
800 1706 895 1730 tamen
910 1702 1002 1738 major

206 1749 251 1783 sit,
267 1749 388 1777 secundo
396 1748 456 1776 loco
470 1748 602 1785 posuerit,
614 1747 864 1776 indiscriminatum
877 1746 1002 1775 ordinem

206 1793 363 1827 ostendens,
384 1793 564 1830 erudiensque
596 1800 647 1821 nos
671 1800 703 1820 ex
728 1792 787 1829 ipso
815 1791 922 1826 ordine,
947 1799 1004 1819 non

206 1839 294 1867 inﬂari
315 1839 424 1873 debere,
443 1846 532 1874 neque
553 1838 586 1866 de
607 1837 640 1866 iis
658 1845 721 1874 quae
742 1837 850 1873 majora
864 1836 1003 1870 videntur,

205 1883 306 1913 efferri.

241 1930 330 1958 Vsus.
346 1931 374 1956 8.
392 1940 406 1953 ιι
417 1928 479 1956 Sive
493 1928 540 1964 qui
550 1926 724 1960 exhortatur,
733 1926 761 1953 in
776 1925 975 1954 exhortatione.
990 1936 1002 1948 ιο

207 1975 256 2002 Est
277 1978 305 2002 et
329 1974 386 2009 ipsa
411 1980 520 2009 quoque
544 1971 708 2005 exhortatio,
734 1970 868 1998 doctrinae
889 1970 1003 2005 species.

206 2018 338 2046 Doctrina
350 2018 425 2046 enim
437 2017 538 2045 dicitur
552 2015 722 2052 simpliciter,
738 2014 772 2042 de
787 2014 881 2050 quavis
895 2022 925 2042 re
937 2022 1004 2050 pro-

207 2063 294 2098 posita
308 2062 454 2097 disputatio
478 2072 484 2089 :
507 2060 661 2089 exhortatio
675 2063 768 2087 autem
784 2059 840 2086 sive
854 2059 1004 2086 consolatio

206 2107 358 2143 speciatim,
381 2105 492 2142 quando
513 2105 647 2141 quispiam
670 2103 810 2132 mentibus
829 2111 947 2131 mmrore
963 2103 1003 2131 vel

207 2151 348 2180 iracundia
359 2150 525 2187 perturbatis
539 2149 738 2186 miﬁgationem
753 2153 779 2176 et
790 2148 913 2184 quietem
925 2148 1004 2176 indu-

1051 229 1270 268 Κατορθώματα,
1286 229 1353 258 ἀλλὰ
1364 251 1372 265 ,
1392 240 1406 257 (ι
1418 228 1606 268 Χαρίσματα.
1628 238 1645 255 (ι
1657 229 1733 257 Θεοῦ
1749 226 1809 265 γᾶιρ⁷
1819 238 1861 267 φη-

1049 274 1090 303 σὶν
1100 297 1108 312 ,
1121 274 1176 303 ἔστι
1190 274 1313 313 χάρισμα
1323 297 1331 311 ,
1343 275 1371 303 οὖ
1384 273 1428 304 σὸν
1445 273 1635 312 κατόρθωμα,
1655 271 1670 301 ὃ
1688 271 1786 313 ἔλαξες
1800 283 1806 289 ·
1821 272 1860 299 καὶ

1049 319 1126 358 χάρις
1149 318 1218 348 ἐστὶν
1235 321 1251 354 ἡ
1268 319 1349 348 δοῦσά
1372 330 1414 348 σοι
1439 321 1529 348 τοῦτο.
1563 316 1632 347 Ἵνα
1649 315 1702 354 μὲν
1725 310 1770 345 οὖν
1786 327 1860 344 κατα-

1050 365 1140 402 στείλῃ
1154 363 1213 397 τοὺς
1227 362 1430 403 ἐπαιρομένους,
1447 362 1523 402 παρὰ
1540 362 1624 392 Θεοῦ
1646 361 1772 390 δίδοσθαι
1785 362 1862 389 enim:

1049 407 1136 447 λέγει,
1153 409 1197 437 καὶ
1211 408 1367 448 χαρίσματα
1389 407 1512 446 ὀνομάζει
1529 420 1535 426 ·
1556 407 1606 435 ἵνα
1628 406 1657 436 δὲ
1675 405 1794 445 δειγείρῃ
1811 405 1863 438 τοὺς

1051 452 1197 494 ῥᾳθύμους,
1212 454 1291 482 πάλιν
1315 453 1447 482 δείκνυσιν
1473 451 1513 482 ὅτι
1537 451 1591 482 καὶ
1621 454 1705 487 ἡμεῖς
1728 451 1861 489 συνεισφέ-

1052 498 1129 537 ρομέν
1147 510 1173 528 τι
1185 500 1221 532 εἷς
1240 499 1270 527 τὸ
1287 497 1380 527 λαϐεῖν
1391 497 1426 526 τὰ
1436 496 1605 538 χαρίσματα
1625 505 1633 512 ·
1653 495 1704 524 καί
1720 506 1810 535 φησιν,
1828 494 1862 522 ὅτι

1054 553 1069 570 (ι
1086 542 1148 573 Εἴτε
1171 543 1349 582 προφητείαν,
1376 541 1446 571 κατὰ
1474 541 1521 577 τὴν
1555 540 1714 579 ἀναλογίαν
1753 542 1801 574 τῆς
1823 540 1862 568 πί-

1051 599 1142 620 στεως.
1161 602 1172 613 -
1202 589 1235 618 Εἰ
1263 587 1314 627 γὰρ
1339 586 1386 616 καὶ
1409 588 1488 626 χάρις
1511 586 1590 615 ἐστὶν
1604 607 1612 621 ,
1631 586 1696 614 ἀλλ’
1713 585 1764 624 οὐχ
1778 583 1862 616 ἅπλῶς

1051 632 1184 672 ἐκχεῖται,
1215 633 1273 661 ἀλλ’
1289 632 1348 661 ὅσον
1375 631 1406 661 ἂν
1432 630 1496 671 εὕρῃ
1521 633 1627 663 σκεῦος
1656 629 1775 662 πίστεως
1800 629 1860 666 αὐτῇ

1050 676 1238 716 προσενεχθὲν,
1268 679 1391 706 τοσοῦτον
1417 677 1530 716 ἐπιῤῥεῖ,
1574 677 1697 715 Πρῶτον
1727 673 1756 702 δὲ
1781 672 1793 690 ³
1820 674 1861 707 ἧς

1051 721 1210 761 προφητείας
1224 721 1342 760 ἐμνήσθη
1354 744 1361 756 ,
1380 720 1451 760 τάχα
1470 719 1518 758 μὲν
1543 719 1596 749 καὶ
1622 717 1778 758 ἀδιαφόρως
1791 720 1860 761 τοῦτο

1051 766 1182 806 ποιήσας,
1204 767 1268 800 ἴσως
1292 766 1319 794 δὲ
1347 766 1392 794 καὶ
1421 765 1487 794 διότι
1507 763 1595 804 τυχὸν
1624 764 1672 792 ἐπὶ
1700 761 1784 799 ταύτῃ
1799 757 1860 797 ἦσάν

1051 821 1118 844 τινες
1133 811 1314 850 ἐπαιρόμενοι.
1341 810 1394 840 Καὶ
1412 811 1434 840 εἷ
1449 810 1600 850 ἐπήροντο,
1621 809 1683 841 πῶς
1706 809 1721 836 ὁ
1736 806 1803 839 Θεὸς
1817 807 1857 834 οὐκ

1053 855 1152 895 ἐστέρει
1174 856 1267 889 αὖτοὺς
1291 858 1336 885 τοῦ
1360 854 1545 895 χαρίσματος
1572 853 1629 883 Διὰ
1657 851 1708 887 τὴν
1736 851 1857 891 ὠφέλειαν

1053 902 1098 929 τοῦ
1119 901 1202 937 λαοῦ,
1226 901 1271 930 καὶ
1294 900 1338 930 ἵνα
1357 900 1488 939 παιδεύσῃ
1518 900 1596 935 ἡμᾶς
1625 897 1666 936 μὴ
1695 895 1855 935 κατακρίνειν

1051 944 1109 980 τοὺς
1132 945 1166 975 τὰ
1192 945 1349 985 χαρίσματα
1369 945 1495 985 ἔχοντας,
1518 942 1572 973 κᾶν
1597 941 1812 981 ἁμαρτάνουσιν.
1828 940 1857 969 Εἰ

1053 990 1103 1031 γὰρ
1116 990 1173 1031 ,ἐγὼ
1189 983 1342 1029 αὖτὸννοῦχ
1366 983 1512 1028 ἀπογυμνῶ
1533 989 1585 1023 τῆς
1607 986 1726 1027 χάριτός
1743 997 1806 1024 μου,
1828 983 1856 1012 σὺ

1051 1034 1090 1068 τίς
1106 1030 1129 1063 εἶ
1143 1036 1156 1064 ὁ
1170 1037 1260 1064 τοῦτον
1273 1033 1429 1070 ἐξουθενιῖινς

1097 1090 1113 1108 α
1130 1080 1192 1110 Εἴτε
1212 1079 1361 1114 διακονίαν,
1377 1079 1402 1108 ἐν
1464 1076 1597 1117 διακονία.
1618 1088 1635 1103 ι)
1652 1074 1738 1105 Ἔστι
1753 1072 1800 1112 μὲν
1818 1068 1857 1102 οὖν

1053 1123 1099 1153 καὶ
1129 1125 1212 1159 ἷδικῆς
1239 1123 1390 1163 οἰκονομίας
1418 1122 1542 1162 χάρισμα
1573 1123 1592 1156 ἡ
1623 1119 1766 1155 διακονία,
1787 1119 1856 1163 ὡςη

1054 1170 1105 1198 τῶν
1131 1169 1198 1198 ἑπτὰ
1225 1161 1364 1198 διακόνων.
1386 1161 1499 1203 Νοήσεις
1525 1165 1622 1205 μέντοι
1650 1164 1800 1205 manus;
1817 1161 1855 1190 καὶ

1054 1218 1106 1243 πᾶν
1118 1213 1193 1254 ἔργον
1205 1212 1385 1251 πνευματικὸν
1401 1211 1547 1242 διακονίαν.
1566 1209 1667 1246 Φησὶν
1682 1203 1738 1238 οὖν’
1755 1207 1791 1237 Εἴ
1803 1217 1854 1235 τινα

1054 1258 1187 1287 διακονίαν
1209 1270 1247 1292 τις
1262 1257 1376 1295 ἔλαϐεν,
1399 1258 1425 1286 ἐν
1503 1255 1630 1294 διακονίᾳ
1656 1253 1761 1292 μενέτω
1780 1251 1854 1288 ταύτῃ

1055 1304 1113 1341 (δεῖ
1137 1303 1188 1343 γὰρ
1203 1305 1354 1342 προσθεῖναι
1368 1302 1412 1338 τὸ,
1430 1295 1569 1340 μενέτω),
1586 1300 1635 1329 καὶ
1651 1298 1690 1337 μὴ
1710 1295 1819 1343 ζητείτω
1827 1306 1856 1343 ,τι

1055 1340 1153 1383 πλέον,
1168 1340 1235 1386 μηδέ
1249 1346 1451 1386 κατεπαιρέσθω
1465 1346 1561 1383 ἄλλον,
1580 1343 1655 1374 ἀλλὰ
1670 1342 1774 1381 μενέτω
1789 1340 1855 1378 στέρ-

1055 1403 1108 1431 γων
1123 1391 1137 1421 ὃ
1152 1391 1258 1422 ἔλαϐεν.

1103 1539 1116 1556 ί(
1131 1527 1194 1558 Εἴτε
1219 1529 1233 1557 ὁ
1254 1526 1406 1563 διδάσκων,
1433 1529 1459 1556 ἐν
1526 1524 1707 1565 διδασκαλίᾳ.
1734 1533 1748 1550 ι)
1765 1521 1798 1551 Εἰ
1812 1519 1853 1558 μὲν

1056 1572 1167 1602 καθόλου
1184 1572 1231 1609 τὴν
1254 1571 1388 1602 διακονίαν
1403 1570 1489 1611 λάϐῃς
1504 1571 1534 1606 ³,
1552 1570 1628 1605 δέξαι
1653 1564 1747 1598 λοιπὸν
1764 1565 1808 1596 καὶ
1822 1564 1849 1592 τὰ

1056 1617 1152 1654 ταύτης
1167 1618 1223 1654 εἴδη
1242 1616 1474 1657 καταριθμούμενα
1490 1615 1500 1632 ⁸
1518 1627 1524 1633 ·
1548 1616 1570 1644 εἷ
1586 1615 1616 1644 δὲ
1633 1614 1684 1650 τὴν
1702 1611 1786 1646 ἰδικὴν
1801 1611 1851 1657 δια-

1057 1662 1162 1701 κονίαν,
1187 1662 1254 1702 δρα,
1270 1655 1326 1694 πῶς
1348 1663 1454 1700 πρώτης
1482 1659 1582 1696 ἐκείνης
1607 1657 1750 1698 μνησθεὶς,
1772 1655 1850 1702 καίτοι

1056 1694 1252 1747 ὑποδεεστέρας,
1268 1694 1432 1743 οὔσηςξτὴν
1453 1694 1630 1734 διδασκαλίαν
1649 1703 1758 1742 μείζονα
1781 1694 1853 1747 οὖσαν

1058 1751 1182 1792 δευτέραν
1210 1752 1342 1790 τέθεικεν,
1371 1750 1512 1790 ἀδιάφορον
1535 1749 1582 1784 τὴν
1612 1749 1687 1782 τάξιν
1714 1743 1849 1777 δεικνὺς⁵ν

1057 1797 1102 1826 καὶ
1119 1790 1249 1826 παιδεύων
1275 1795 1302 1830 ἐξ
1331 1795 1412 1830 αὐτῆς
1438 1797 1484 1830 τῆς
1507 1793 1605 1828 τάξεως
1638 1793 1677 1831 μὴ
1706 1790 1850 1832 φυσᾶσθαι)

1058 1841 1125 1880 μηδὲ
1140 1842 1294 1881 ἐπαίρεσθαι
1310 1840 1353 1870 ἐπὶ
1368 1843 1421 1872 τοῖς
1438 1840 1544 1869 δοκοῦσι
1563 1839 1694 1878 μείζοσιν.

1104 1941 1116 1954 α
1142 1927 1207 1958 Εἴτε
1228 1929 1242 1957 ὁ
1258 1927 1440 1966 παρακαλῶν,
1462 1926 1490 1955 ἐν
1565 1923 1746 1965 παρακλήσει.
1763 1931 1777 1946 ν
1802 1914 1849 1966 ξ(ξῖ

1059 1975 1135 2002 τοῦτο
1151 1968 1217 2005 εἶδος
1232 1960 1420 2007 διδασκαλίας,
1432 1960 1462 2006 ⁷ἡ
1481 1960 1664 2010 παράκλησις.
1688 1960 1845 1997 Διδθισιιίιιλίίπι

1060 2018 1107 2056 μὲν
1122 2016 1172 2056 γὰρ
1190 2017 1282 2049 ἅπλῶς
1309 2015 1415 2054 λέγεται
1447 2018 1461 2051 ἡ
1483 2015 1544 2054 περὶ
1567 2014 1668 2046 παντὸς
1689 2013 1734 2040 τοῦ
1760 2016 1846 2056 προξε-

1059 2051 1146 2096 δέντος
1158 2051 1271 2095 διάλεξις
1286 2073 1292 2079 ·
1310 2051 1479 2100 παράκλησις
1498 2051 1525 2089 δέ
1547 2059 1638 2091 ἷδικῶς
1652 2082 1660 2096 ,
1678 2055 1739 2086 ὅταν
1753 2064 1790 2084 τις

1058 2109 1121 2148 ψαῑς
1139 2093 1358 2146 τεταραγμέναις.
1379 2105 1396 2140 ἢ
1423 2093 1509 2145 λύπῃ,
1533 2103 1550 2139 ἢ
1577 2093 1667 2143 θυμῷ,
1691 2093 1846 2148 χαταστολῆν

1059 2154 1157 2192 ἔμποιῇ
1182 2151 1226 2180 διὰ
1241 2154 1287 2180 τοῦ
1302 2150 1390 2189 λόγου.
1411 2149 1445 2180 t0
1468 2151 1529 2189 γοῦν
1545 2148 1728 2192 παρακαλῷν,
1757 2150 1843 2192 vim":

206 2197 243 2225 cit
257 2204 305 2233 per
319 2180 487 2224 sermonem.
504 2180 624 2223 Proinde
635 2194 682 2230 qui
698 2180 859 2222 adhortatur
879 2193 919 2220 vel
934 2201 1003 2220 con-

1071 2180 1127 2237 ντῇ
1143 2180 1312 2236 παρακλήσει
1336 2180 1453 2233 μενέτω,
1467 2180 1497 2224 τὸ
1511 2180 1593 2233 ἔργον¹
1613 2190 1726 2232 μετιὼν,
1749 2185 1792 2216 καὶ
1810 2180 1842 2220 μὴ

207 2242 323 2276 solatur,
345 2240 445 2277 inquit,
466 2239 493 2267 in
521 2238 712 2267 exhortatione
739 2238 794 2266 sive
816 2238 1004 2266 consolatione

206 2291 325 2318 maneat,
348 2293 417 2322 opus
439 2292 522 2313 suum
553 2291 692 2318 exercens,
720 2291 770 2310 nec
795 2287 890 2311 contra
918 2282 1004 2310 alium

206 2331 301 2359 elatus.

245 2387 258 2400 ι
274 2375 327 2410 Qui
340 2374 448 2408 tribuit,
462 2374 489 2402 in
504 2373 678 2410 simplicitate
694 2382 701 2400 :
717 2373 763 2409 qui
775 2377 876 2409 praeest
888 2373 918 2400 in
930 2371 1006 2400 solli-

207 2420 341 2449 citudiue.
360 2429 375 2445 »
395 2420 465 2447 Cum
487 2418 521 2447 de
536 2418 662 2447 doctrina
683 2422 711 2446 et
725 2418 926 2450 exhortatione,
942 2423 1005 2452 qua:

207 2470 274 2493 sunt
283 2464 439 2492 animarum
449 2463 629 2500 praefectura,
641 2463 699 2499 90
709 2462 790 2490 verba
800 2462 921 2495 fecisset,
932 2468 1005 2488 nunc

206 2511 240 2538 de
253 2509 378 2546 corporis
389 2509 471 2537 rebus
485 2509 606 2545 loquitur
622 2517 629 2536 :
645 2508 704 2537 haec
718 2507 792 2535 enim
807 2505 928 2535 secundo
943 2505 1005 2533 loco

206 2555 350 2583 habentur.
368 2554 582 2590 Simplicitatem
593 2557 699 2585 autem,
714 2553 803 2587 ipsam
813 2550 1005 2579 liberalitatem

205 2600 279 2628 dicit.
294 2601 411 2635 Oportet
432 2599 516 2636 igitur
531 2598 596 2626 dare
612 2605 677 2625 cum
690 2596 856 2624 liberalitate
872 2599 900 2623 et
918 2594 1006 2630 copia.

204 2645 285 2674 Nulla
300 2645 374 2673 enim
387 2644 474 2672 virtus
489 2651 653 2680 permanere
675 2644 783 2677 potest,
796 2640 818 2668 si
835 2639 1007 2669 convenieuti

1060 2242 1142 2271 ἄλλου
1155 2240 1390 2281 κατεπαιρόμενος.

1105 2376 1119 2394 (ι
1133 2365 1168 2395 Ὁ
1182 2364 1336 2404 μεταδιδοὺς
1345 2387 1353 2402 ,
1371 2365 1397 2393 ἐν
1410 2363 1543 2399 ἁπλότητι
1557 2371 1564 2379 '
1581 2364 1596 2392 ὁ
1610 2358 1804 2404 προϊστάμενος,
1817 2351 1839 2379 έν

1061 2401 1202 2450 σπουδῇ.)
1220 2409 1293 2440 Μετὰ
1310 2401 1436 2438 τὸνεῖπεῖν
1449 2408 1509 2448 περὶ
1524 2401 1695 2437 διδασκαλίας
1709 2401 1752 2451 {tul
1767 2406 1840 2451 ξήρ’·

1059 2455 1194 2491 κλήσεως,
1218 2454 1313 2487 αἵτινές
1334 2455 1384 2483 εἶσι
1398 2455 1451 2482 τῶν
1477 2454 1570 2493 ψυχῶν
1591 2446 1762 2493 προστασίαι,
1777 2443 1838 2493 ξέγει

1059 2503 1103 2529 ν’ὗν
1126 2500 1171 2529 καὶ
1194 2499 1324 2538 περὶτῶν
1348 2499 1508 2536 σωματικῶν
1524 2509 1530 2515 ·
1556 2497 1666 2536 δεύτερα
1687 2489 1835 2538 1319135?-

1059 2545 1209 2580 Ἁπλότητα
1225 2529 1252 2573 δὲ
1268 2543 1322 2578 τὴν
1332 2529 1469 2583 δαψίλιιάν
1485 2553 1560 2584 φησι.
1582 2529 1701 2579 Δεῖ-γοῦν
1712 2529 1783 2584 il"?
1800 2529 1838 2584 δέ(

1614 2570 1693 2630 μένει

1064 2622 1132 2673 μετὰ
1152 2636 1196 2663 τοῦ
1219 2622 1397 2673 προσήκοντος
1412 2622 1509 2673 τρόπον
1522 2622 1657 2673 ⁴ίινομένη,
1672 2624 1725 2659 Καὶ
1738 2622 1762 2652 at
1773 2627 1834 2656 παρ’

912 2702 1007 2732 Variae
1028 2702 1177 2731 lectiones.

240 2780 250 2796 ²
279 2780 322 2815 μὲν
338 2788 365 2807 ο.
405 2779 416 2795 ³
430 2777 516 2807 λαϐοις
531 2785 557 2804 0.
599 2775 607 2792 ⁸
622 2775 833 2811 σαναριθμούμενα
844 2783 870 2804 0.
908 2775 918 2792 ⁵
933 2775 1021 2801 στάσιν
1036 2773 1152 2800 δεικνύων
1169 2780 1196 2801 ο.
