1901 3077
67 150 125 176 505

520 149 696 178 EXPOSITIO
716 150 748 177 IN
769 149 874 177 EPIST.
894 149 940 176 AD
959 150 1041 179 R031.
1060 165 1095 171 —
1113 151 1188 179 CAP.
1209 151 1262 180 XII.

1667 154 1720 181 506

64 211 140 241 θένοι
154 211 207 251 γὰρ
231 211 319 241 ἔλαιον
342 206 427 251 εἶχον,
450 213 508 241 ἀλλ’
531 213 588 242 ἐπεὶ
604 213 632 242 τὸ
655 213 749 252 ἀρκοῦν
768 213 816 242 οὔκ
829 207 864 241 εἶ·
883 214 908 245 Α
925 220 939 240 1'

943 213 1033 241 atione
1047 221 1104 242 non
1127 213 1183 242 ﬁat.
1207 215 1280 242 Nam
1294 217 1323 242 et
1336 212 1454 250 virgines
1467 215 1558 243 oleum
1572 214 1720 250 habebant,

62 268 134 296 χον,
152 255 276 290 ἐξέπεσον
294 268 301 275 ·
319 257 408 297 ὥσπερ
421 253 466 287 οὖν
481 257 526 286 καὶ
545 259 559 286 6
579 257 770 298 προϊστάμενος
792 256 866 298 ὀφεί-

62 303 110 330 λει
127 302 296 339 σπουδαίως,
313 301 358 330 καὶ
378 303 424 331 οὐκ
445 302 683 343 ἐρῤαθυμημένως,
705 305 784 331 τοῦτο
801 313 865 340 μετ-

64 346 147 376 ιέναι.
162 344 346 386 Προῖστασθαι
356 346 384 375 δέ
396 347 452 376 ἐστι
462 348 492 377 τὸ
504 347 606 387 βοηθεῖν
617 348 662 377 καὶ
673 347 716 376 διὰ
729 347 866 387 ῥημάτων,

64 391 114 419 καὶ
131 390 174 419 διὰ
198 395 243 421 τοῦ
270 391 393 432 σωματος
415 393 508 428 αὑτοῦ,
534 393 572 431 τῷ
594 392 715 432 βοηθείας
736 391 864 432 δεομένῳ.

65 435 183 471 Ἐπειδὴ
208 435 259 475 γὰρ
282 431 339 465 εἷπε
364 437 426 475 περὶ
455 436 620 474 μεταδόσεως
645 437 809 476 χρημάτων,
837 436 866 466 οὒ

64 480 166 513 πάντες
179 479 206 510 δὲ
220 480 367 520 χρημάτων
382 482 522 520 εὐποροῦσι
534 503 542 516 ,
557 481 636 522 φησὶν
654 481 694 510 ὅτι
711 479 865 520 Προίστασο

65 525 171 561 ἄλλως,
188 526 223 558 ὣς
238 525 369 562 δύνασαι,
386 526 431 555 καὶ
448 526 537 566 βοήθει
552 527 605 560 τοῖς
622 526 764 567 χρῄζουσιν
775 549 783 564 ,
806 525 865 555 ἀλλ’

64 570 96 598 ἐν
112 570 227 610 σπουδῇ.

112 625 128 643 οι
143 613 178 644 t0
191 615 288 651 ἐλεῶν,
300 616 326 644 ἕν
337 615 485 655 ἱλαρότητι.
500 629 512 642 υ
529 610 611 646 Εἶπεν
625 615 763 655 ἀνωτέρω,
773 613 813 644 ὅτι
826 615 864 644 δεῖ

64 658 137 696 μετὰ
153 658 303 694 ἁπλότητος
314 682 323 697 ,
340 659 398 695 ἤτοι
419 660 555 700 δαψιλείας
579 660 757 699 μεταδιδόναι.
774 655 843 690 Εἶτα
855 683 862 694 ,

63 704 162 740 ἐπειδὴ
186 703 280 733 πολλοὶ
303 703 351 742 μὲν
377 704 464 734 πολλὰ
493 704 613 740 διδόασι,
637 704 821 745 βεϐιασμένως
837 704 863 734 δὲ

61 748 111 777 καὶ
129 748 200 786 μετὰ
214 748 299 784 λύπης
310 772 317 785 ,
330 749 410 789 φησὶν
425 749 465 778 δτι
478 752 510 789 τῇ
535 750 658 790 δαψιλείᾳ
674 750 719 779 καὶ
734 749 782 785 τὴν
798 751 863 779 ἀλυ-

59 792 129 822 πίαν
139 792 152 810 ⁸
165 793 205 822 δεῖ
221 798 373 833 προσεῖναι,
390 796 490 832 μᾶλλον
504 794 529 823 δὲ
545 795 593 830 τὴν
605 795 763 835 ἱλαρότητα,
778 794 860 833 ἤγουν

61 837 241 877 φαιδρότητα.
262 839 375 878 Χαίρειν
392 838 442 879 γὰρ
459 839 515 875 δεῖ,
541 838 580 868 ὅτι
603 839 750 878 λαμϐάνεις
772 839 862 879 ὀλίγου

921 258 970 286 sed
990 258 1053 294 quia
1075 258 1167 286 oleum
1189 258 1261 286 istud
1284 266 1341 286 non
1363 259 1526 293 sufficiebat,
1549 260 1718 288 exciderunt.

921 303 973 338 Qui
990 303 1117 339 praesidet
1126 303 1218 340 igitur,
1233 303 1330 331 sedulo
1339 303 1422 332 debet
1433 303 1477 331 hic
1484 311 1591 339 quoque
1601 309 1629 332 et
1637 304 1721 334 haud-

921 356 1061 385 quaquam
1081 348 1199 384 segniter
1224 348 1275 376 hoc
1300 349 1461 385 transigere.
1485 350 1607 377 Prmesse
1627 354 1720 378 autem

919 397 970 427 est,
985 393 1075 422 verbis
1097 397 1125 421 et
1146 401 1260 429 corpore
1273 393 1398 421 auxiliari
1418 393 1441 421 ei
1465 394 1511 429 qui
1525 393 1625 421 auxilio
1647 398 1716 430 eget.

919 439 989 474 Quia
1003 442 1094 466 autem
1113 437 1149 467 de
1163 438 1305 475 largitione
1324 438 1502 474 pecuniarum
1522 439 1629 466 locutus
1647 442 1718 472 erat,

918 491 968 511 nec
989 491 1086 511 omnes
1109 483 1249 512 abundant
1276 482 1464 517 facultatibus,
1491 483 1531 510 ait
1562 490 1569 509 :
1597 484 1719 512 Prazesto

919 527 1006 562 aliter,
1022 532 1052 556 ut
1066 532 1153 565 potes,
1173 536 1206 556 ac
1219 528 1316 565 adjuva
1330 533 1451 564 egentes,
1471 535 1568 555 verum
1581 527 1677 556 sedulo
1692 532 1720 556 et

919 573 1054 602 studiose.

955 631 968 643 σι
989 619 1041 656 Qui
1062 619 1218 651 miseretur,
1236 619 1264 646 in
1285 617 1430 646 hilaritate.
1454 629 1466 641 ιι
1487 617 1574 653 Supra
1596 618 1718 652 monuit,

919 663 994 700 quod
1007 671 1072 692 cum
1093 663 1276 699 simplicitate,
1292 663 1348 690 sive
1369 661 1536 696 liberalitate,
1560 662 1597 690 sit
1612 663 1717 697 imper-

919 710 1042 738 tiendum
1057 718 1064 736 :
1079 708 1187 742 deinde,
1201 708 1265 744 quia
1282 708 1360 735 multi
1375 708 1472 742 multa,
1486 707 1563 734 inviti
1579 711 1674 734 tamen
1690 711 1717 735 et

918 754 1005 783 coacti
1024 761 1088 782 cum
1111 760 1231 781 mmrore
1253 753 1382 789 quopiam
1407 752 1572 787 largiuntur,
1592 751 1685 780 subdit
1708 761 1714 779 :

918 799 1034 834 Oportet
1056 802 1086 826 ut
1107 797 1252 826 liberalitas
1274 797 1321 824 ﬁat
1344 797 1401 825 sine
1419 796 1541 829 tristitia,
1567 796 1607 824 vel
1627 796 1717 832 potius

919 848 951 872 ut
963 844 988 871 ei
1009 842 1081 871 adsit
1098 842 1232 876 hilaritas,
1258 842 1315 869 sive
1336 841 1472 870 alacritas.
1491 841 1619 869 Gaudere
1642 840 1716 868 enim

62 876 220 921 τιμήματος
244 883 288 912 τὸν
310 876 433 923 οὖρανόνί
454 883 516 914 Νόει
541 883 568 913 δέ
585 895 631 923 μοι
640 876 658 908 V7
677 884 802 924 διαφορὰν
818 876 863 914 τοῦ
883 876 905 907 Β
921 893 939 916 ιε

943 887 1093 922 econvenit,
1109 886 1185 923 quod
1200 894 1249 922 pro
1263 887 1361 922 exiguo
1374 886 1460 922 pretio
1475 886 1576 913 cmlum
1588 885 1716 920 accipias.

61 927 254 964 μεταδιδόντος
274 928 318 957 καὶ
336 929 469 962 ἐλεοῦντος
491 940 498 946 ·
521 927 561 958 ὅτι
575 931 589 959 6
613 929 661 968 μὲν
688 928 860 967 μεταδιδοὺς,

60 973 130 1010 παρ’
144 971 228 1002 ἄλλου
244 972 404 1009 λαμϐάνων,
429 975 595 1012 μετοχετεύει
617 973 665 1009 τὴν
688 973 759 1003 δόσιν
777 986 783 992 ·
805 975 819 1003 6
834 973 861 1003 δὲ

59 1017 145 1046 ἐλεῶν
160 1018 226 1057 παρ’
242 1018 335 1046 ἑαυτοῦ
354 1017 502 1048 ἀναλίσκει.

108 1118 124 1136 α
139 1107 176 1137 Ἦ
195 1107 288 1146 ἀγάπη
316 1108 496 1147 ἀνυπόκριτος.
513 1119 527 1136 ι)
555 1108 679 1138 Δείκνυσι
703 1110 758 1143 πῶς
783 1108 814 1138 ἂν
828 1109 861 1139 τὰ

59 1151 246 1192 προειρημένα
265 1152 377 1182 πάντα⁸
404 1154 598 1192 κατορθωθείη,
627 1153 672 1183 καί
698 1165 798 1194 φησιν,
821 1153 862 1183 ὅτι

57 1196 97 1227 Ἦ
115 1197 210 1236 ἀγάπη
231 1197 299 1226 ἔστω
318 1197 499 1236 ἀνυπόκριτος.
516 1198 585 1228 Τότε
605 1198 656 1239 γάρ
672 1200 742 1228 ἔστιν
763 1201 779 1234 ἡ
796 1198 860 1237 ἀγά-

58 1253 101 1277 πη
111 1263 121 1278 ,
135 1242 182 1271 καὶ
197 1241 283 1271 πάντα
298 1241 527 1282 κατορθωθήσεται
545 1243 652 1283 ῥᾳδίως.
671 1244 724 1273 Καὶ
744 1245 758 1272 6
781 1244 860 1272 ἐλεῶν

56 1286 114 1327 γὰρ
130 1287 228 1326 ἱλαρῶς
243 1286 362 1323 ἐλεήσει,
379 1286 464 1320 διδοὺς
487 1289 525 1326 τῷ
547 1288 658 1323 πλησίον
669 1288 681 1304 ⁰
695 1290 729 1320 ὥς
750 1289 835 1328 ἑαυτῷ
852 1300 858 1306 ·

55 1330 107 1360 καὶ
138 1332 153 1360 6
179 1331 369 1370 προϊστάμενος
405 1332 552 1365 σπουδαίως
584 1332 780 1371 προστήσεται,
822 1334 858 1366 ὡς

55 1375 130 1415 ὅπερ
145 1377 240 1406 ἑαυτοῦ
256 1376 446 1415 ἀγωνιζόμενος
461 1379 507 1406 τοῦ
522 1377 647 1413 πλησίον,
664 1376 710 1406 καὶ
727 1376 814 1406 πάντα
828 1377 852 1395 ⁶⁰

56 1421 169 1459 ὁμοίυκ.

106 1517 122 1535 α
137 1506 356 1546 Ἀποστυγοῦντες
380 1507 411 1537 τὸ
434 1507 560 1547 πονηρόν.
579 1521 590 1534 ιι
616 1502 686 1537 Elite
711 1507 772 1548 περὶ
792 1507 858 1546 ἀγά-

917 933 1056 969 lntelliges
1083 936 1175 960 autem
1203 931 1351 959 discrimen
1377 930 1559 966 impertieutis
1586 934 1612 957 et
1636 930 1716 958 mise-

916 978 1014 1006 rentis.
1038 978 1110 1006 Nam
1126 976 1298 1013 impertiens,
1321 976 1354 1003 ab
1375 975 1429 1003 alio
1451 975 1596 1010 accipiens,
1612 974 1714 1002 donum

917 1022 1046 1051 transfert
1077 1032 1083 1050 :
1107 1023 1153 1058 qui
1179 1029 1242 1049 vero
1270 1021 1415 1049 miseretur
1436 1029 1451 1048 a
1475 1020 1563 1056 seipso
1584 1019 1712 1054 insumit,

917 1068 973 1096 sive
989 1066 1023 1096 de
1041 1075 1092 1096 suo
1105 1066 1213 1095 tribuit.

952 1113 1043 1141 Vens.
1060 1115 1087 1139 9.
1105 1123 1118 1136 ι
1138 1111 1257 1140 Dilectio
1279 1111 1339 1139 sine
1354 1109 1540 1138 simulatione.
1558 1121 1570 1133 «ι
1587 1109 1712 1144 Quanam

917 1157 1024 1185 ratione
1045 1156 1172 1193 pradicta
1197 1156 1290 1184 omnia
1311 1155 1499 1191 compleantur
1524 1154 1714 1191 perﬁciantur-

915 1210 968 1238 que
985 1205 1128 1235 monstrat,
1144 1201 1268 1237 inquiens
1284 1210 1291 1228 :
1307 1200 1432 1228 Charitas
1447 1208 1501 1228 non
1516 1200 1551 1228 sit
1572 1199 1710 1228 simulata.

916 1246 984 1275 Tum
999 1247 1074 1274 enim
1094 1254 1156 1274 vere
1175 1250 1218 1274 est
1236 1245 1365 1279 Charitas,
1381 1249 1408 1273 et
1427 1249 1524 1273 cuncta
1541 1244 1617 1272 facile
1631 1244 1713 1280 perﬁ-

915 1292 1030 1320 cientur.
1044 1291 1156 1319 Etenim
1168 1291 1213 1327 qui
1223 1290 1378 1323 miseretur,
1392 1289 1511 1318 hilariter
1524 1289 1711 1321 miserebitur,

915 1337 1077 1372 impertiens
1092 1336 1217 1372 proximo
1236 1343 1285 1364 suo
1306 1340 1438 1370 tanquam
1461 1334 1515 1363 sibi
1530 1334 1591 1370 ipsi.
1609 1333 1712 1362 Deinde

914 1381 960 1417 qui
971 1385 1080 1417 praeest,
1093 1380 1187 1408 sedulo
1204 1379 1320 1415 praeerit,
1337 1387 1386 1416 pro
1400 1379 1526 1416 proximo
1536 1386 1587 1407 suo
1603 1378 1712 1414 perinde

914 1433 946 1454 ac
970 1433 1019 1461 pro
1039 1433 1068 1454 se
1097 1425 1156 1461 ipso
1177 1428 1295 1457 certans,
1325 1428 1353 1453 et
1375 1424 1468 1452 omnia
1493 1424 1551 1460 pari
1574 1423 1711 1460 diligentia

916 1474 1104 1506 persequetur.

952 1526 965 1538 σι
981 1514 1054 1542 0dio
1068 1518 1264 1551 prosequentes
1275 1513 1351 1550 quod
1365 1513 1471 1542 malum
1485 1517 1535 1541 est.
1554 1523 1566 1537 υ
1589 1513 1632 1541 De
1644 1512 1710 1540 cha-

57 1564 125 1600 πης.
144 1551 225 1600 ’.Επεί
237 1551 264 1580 δὲ
277 1551 348 1600 ἔστιν
364 1551 638 1600 ἀγάπη-ἐπιϐλαϐὴς,
661 1554 696 1586 ὡς
747 1553 798 1600 τῶν
880 1569 903 1600 C
915 1559 937 1587 ri

943 1563 995 1588 tate
1018 1559 1098 1587 verba
1122 1559 1195 1587 fecit.
1224 1562 1261 1588 At
1283 1558 1415 1595 quoniam
1438 1562 1480 1586 est
1507 1557 1627 1586 charitas
1648 1565 1711 1594 quae

57 1595 199 1635 λῃστείαις
215 1595 391 1634 ὁμονοούντων
401 1620 409 1635 ,
426 1597 470 1625 καὶ
485 1598 536 1626 τῶν
555 1595 678 1626 τοιούτων
701 1608 707 1615 ·
727 1596 770 1626 διὰ
783 1597 861 1626 τοῦτό

57 1652 142 1681 φησιν
160 1649 169 1657 ”
199 1655 212 1667 ιι
229 1640 449 1680 Ἀποστυγοῖῖντες
469 1641 499 1671 τὸ
522 1641 634 1681 πονηρόν
648 1653 654 1659 ι
671 1656 683 1668 ιι
705 1642 858 1677 τοστέστιν,

57 1686 114 1716 Ἐκ
128 1687 218 1726 ψυχῆς
233 1687 380 1724 μισοῦντες.
397 1685 431 1716 Ἣ
446 1686 508 1725 γὰρ,
529 1699 542 1711 ι
560 1685 640 1724 Ἀπὸ,
661 1699 673 1712 α
685 1686 804 1726 πρόθεσις
814 1710 821 1722 ,
831 1686 861 1716 τὸ

57 1729 254 1768 ἐπιτεταμένον
275 1731 368 1769 μῖσος,
395 1731 439 1760 καὶ
460 1731 489 1760 τὸ
517 1731 569 1760 ἀπὸ
588 1731 697 1771 καρδίας
726 1731 858 1771 ἐμφαίνει.

58 1774 177 1810 Ἐπειδὴ
193 1774 244 1815 γὰρ
262 1776 354 1805 πολλοί
370 1777 421 1805 εἰσι
433 1775 470 1813 μὴ
486 1776 645 1815 πράττοντες
657 1776 705 1814 μὲν
721 1775 754 1804 τὰ
771 1776 841 1805 κακὰ
851 1798 859 1812 ,

58 1820 134 1857 ὅμως
161 1819 251 1858 μέντοι
267 1819 316 1855 τὴν
332 1820 474 1859 ἐπιθυμίαν
497 1822 584 1850 αὐτῶν
607 1820 712 1860 ἔχοντες
728 1831 734 1838 ·
759 1821 838 1860 φησὶν
851 1843 858 1857 ,

57 1865 100 1894 ὅτι
113 1864 155 1895 Τὸ
168 1864 221 1894 ἀπὸ
235 1865 344 1904 καρδίας
360 1869 437 1903 μῖσος
459 1866 523 1906 πρὸς
541 1866 588 1901 τὴν
611 1867 708 1895 κακίαν
731 1866 837 1906 άπαιτῶ
848 1887 857 1902 ,

57 1909 103 1939 ἵνα
125 1909 172 1938 καὶ
201 1911 218 1945 ἡ
234 1908 307 1950 ψυχὴ
331 1904 487 1949 καθαρεῦοιξ
510 1910 556 1946 Μὴ
576 1906 620 1940 οὖν
645 1911 738 1945 ἐπειδὴ
761 1904 856 1947 εἶπον,

62 1966 78 1983 α
94 1953 230 1993 Ἇγαπᾶτε
243 1954 382 1990 ἀλλήλους,
397 1968 408 1980 -
427 1954 553 1992 νομίσητέ
575 1967 609 1993 με
622 1954 756 1996 διεγείρειν
771 1957 856 1994 ὑμᾶς,

57 1998 102 2028 ἴνα
118 1999 164 2028 καὶ
180 1999 216 2032 εἷς
229 1999 258 2028 τὸ
279 1999 394 2038 πονηρὸν
410 2000 601 2039 συμπράττητε
626 2000 749 2035 ἀλλήλοις
765 2010 772 2017 ⁸
788 2000 858 2029 ἀλλὰ

58 2044 211 2073 τούναντίον
224 2044 338 2081 μᾶλλον,
354 2045 556 2083 ἀλλοτριοῦσθαι
581 2045 712 2084 βούλομαι
729 2046 814 2083 ὑμᾶς,
829 2047 858 2075 οὒ

58 2088 137 2126 μόνον
155 2090 202 2124 τῆς
217 2088 338 2127 πράξεως
353 2091 399 2124 τ’ἧς
414 2093 533 2129 πονηρᾶς
546 2112 553 2126 ,
569 2089 638 2119 ἀλλὰ
653 2090 698 2119 καὶ
719 2092 766 2126 τ’ἧς
787 2089 857 2119 κατᾶ

58 2133 150 2173 ψυχὴν
164 2132 229 2172 πρὸς
244 2133 328 2169 αὐτὴν
340 2133 495 2167 διαθέσεως.

101 2282 113 2294 ι
133 2268 306 2306 Κολλώμενοι
321 2269 358 2308 τῷ
379 2269 483 2309 ἀγαθῷ.
504 2283 514 2295 ι
537 2271 596 2299 Οὐκ
614 2271 691 2310 ἀρκεῖ
706 2273 723 2306 ἡ
738 2273 783 2300 τοῦ
802 2283 853 2300 κα-
869 2252 894 2283 D

57 2316 104 2343 κοῦ
120 2313 272 2353 ἀποφυγὴ,
289 2313 364 2357 ἄλλα.
381 2314 420 2343 δεῖ
435 2318 574 2354 προσεῖναι
588 2314 634 2344 καὶ
654 2315 702 2350 τὴν
717 2318 766 2351 τῆς
786 2317 853 2357 ἄρε-

58 2359 103 2393 τῆς
117 2358 246 2398 ἐργασίαν
262 2368 270 2376 '
287 2358 326 2388 διὸ
339 2352 396 2388 εἷπε
410 2370 415 2376 ·
434 2370 449 2388 (ι
463 2359 636 2397 Κολλώμενοι
651 2363 688 2399 τῷ
703 2352 818 2402 ἀγαθῷζ
840 2376 850 2387 υ

57 2405 191 2439 τουτέστι,
215 2402 330 2432 διάθεσιν
355 2404 420 2443 πρὸς
451 2404 515 2433 αὐτὸ
540 2405 709 2443 ἀγαπητικὴν
736 2405 851 2445 ἔχοντες,

58 2448 138 2477 οὕτω
154 2447 200 2476 καὶ
214 2449 228 2476 ὁ
245 2448 314 2481 Θεὸς
326 2448 467 2478 συνάπτων
483 2449 638 2490 οἰκειότερον
657 2449 700 2478 τὸν
725 2450 808 2490 ἄνδρα

57 2493 178 2530 γυναικὶ,
210 2492 284 2531 ἔλεγε
318 2503 325 2510 ·
353 2505 369 2522 α
399 2494 670 2534 Προσκολληθήσεται
706 2494 771 2535 πρὸς
805 2495 852 2531 τὴν

57 2548 178 2575 γυναικα.
199 2550 211 2562 -

97 2595 109 2606 ι
144 2582 188 2620 Τῇ
217 2581 376 2623 φιλαδελφίᾳ
408 2583 444 2616 εἰς
472 2583 602 2619 ἀλλήλους
625 2583 805 2624 φιλόστοργοι.
840 2599 850 2610 ιι

59 2625 205 2665 Παρήνεσαι
217 2627 278 2664 ὑμῖν
288 2648 296 2663 ,
320 2627 418 2667 φησὶν,
443 2627 567 2668 ἀγαπᾷν,
583 2628 629 2657 καὶ
643 2629 748 2662 εἰκότως
774 2629 832 2668 ὄφεί
842 2646 853 2653 ς

88 2697 122 2725 ἰ
136 2697 213 2726 Petr.
229 2704 252 2732 ι,
268 2700 312 2727 12.

913 1604 1046 1632 damnum
1062 1603 1171 1638 inferat,
1188 1604 1341 1640 cujusmodi
1357 1607 1399 1631 est
1414 1603 1468 1637 illa,
1484 1610 1545 1638 quas
1559 1609 1622 1630 cum
1646 1609 1711 1638 pras—

913 1648 1033 1677 donibus
1051 1648 1087 1676 de
1107 1648 1255 1677 latrociniis
1269 1648 1494 1676 convenientibus
1507 1645 1670 1681 intercedit,
1683 1651 1711 1674 et

914 1694 942 1720 in
957 1693 1092 1721 similibus
1115 1702 1121 1721 :
1139 1701 1200 1721 eam
1214 1693 1250 1721 ob
1272 1701 1331 1721 rem
1352 1692 1471 1729 subjicit,
1495 1704 1507 1716 α
1532 1691 1603 1720 odio
1619 1699 1712 1727 prose-

914 1742 1029 1774 quentes
1041 1738 1156 1771 malum,
1170 1749 1183 1761 ν
1200 1737 1253 1766 hoc
1266 1742 1309 1766 est
1322 1747 1328 1764 :
1344 1739 1383 1765 Ex
1394 1738 1486 1765 animo
1496 1737 1560 1765 odio
1571 1737 1710 1764 habentes.

914 1783 1075 1818 Prarpositio
1096 1783 1171 1810 enim
1186 1782 1235 1809 ἀπὸ
1249 1783 1388 1810 intensum
1403 1786 1431 1810 et
1451 1781 1601 1809 vehemens
1616 1780 1709 1809 odium

913 1827 1057 1863 signiﬁcat,
1072 1832 1100 1855 et
1117 1827 1192 1863 quod
1206 1835 1239 1854 ex
1259 1827 1314 1854 imo
1326 1826 1409 1854 corde
1429 1826 1624 1862 proﬁciscatur.
1641 1826 1709 1853 Cum

913 1871 986 1900 enim
1000 1879 1055 1899 non
1076 1871 1156 1907 pauci
1172 1871 1229 1898 sint
1247 1870 1337 1898 scelus
1357 1878 1442 1905 opere
1457 1869 1567 1906 quidem
1583 1877 1640 1897 non
1661 1877 1709 1905 pa-

913 1920 1026 1951 trantes,
1047 1916 1109 1952 ejus
1129 1920 1222 1943 tamen
1241 1914 1392 1951 cupiditate
1418 1914 1576 1950 ﬂagrantes,
1595 1913 1709 1948 Odium,

911 1962 1008 1998 inquit,
1025 1961 1090 1989 mali
1106 1961 1286 1996 omniumque
1300 1959 1428 1988 vitiorum
1442 1967 1474 1987 ex
1488 1959 1571 1987 corde
1586 1959 1708 1995 postulo,

912 2010 943 2034 ut
957 2006 997 2034 vel
1013 2006 1072 2042 ipsa
1093 2005 1185 2033 anima
1200 2006 1236 2033 sit
1256 2012 1334 2041 pura.
1358 2005 1398 2032 Ne
1420 2004 1514 2041 igitur,
1529 2012 1593 2032 cum
1612 2003 1665 2032 dixi
1681 2009 1707 2037 κ,

913 2063 926 2076 ε
949 2051 1059 2087 Diligite
1069 2058 1117 2078 vos
1129 2055 1240 2082 mutuo.
1257 2062 1270 2074 υ
1286 2049 1447 2078 existimetis
1459 2048 1576 2077 excitare
1591 2056 1636 2077 me
1649 2056 1707 2082 vos,

912 2099 943 2124 ut
963 2096 999 2124 ad
1020 2095 1125 2123 malum
1148 2094 1273 2132 adeoque
1293 2094 1392 2130 ﬂagitia
1413 2093 1615 2122 committenda
1641 2093 1710 2121 alter

911 2141 1031 2169 alterum
1043 2140 1190 2177 adjuvetis;
1215 2139 1264 2168 sed
1279 2139 1366 2168 multo
1386 2139 1475 2176 magis
1494 2147 1509 2167 θ
1528 2138 1645 2172 diverso,
1662 2145 1710 2166 vos

911 2185 1092 2214 alienissimos
1106 2193 1166 2213 esse
1182 2185 1242 2213 volo
1251 2206 1258 2218 ,
1270 2184 1375 2213 nedum
1386 2192 1400 2212 a
1412 2192 1494 2220 pravo
1507 2191 1600 2220 opere,
1613 2191 1708 2211 verum

911 2230 994 2258 etiam
1007 2230 1042 2258 ab
1056 2229 1129 2257 omni
1153 2229 1245 2258 cordis
1259 2229 1439 2266 propensione
1455 2236 1519 2264 erga
1534 2228 1633 2264 ipsum.

948 2286 960 2299 ιι
981 2274 1153 2311 Agglutinati
1167 2275 1250 2303 bono.
1280 2286 1293 2298 ι
1314 2276 1379 2303 Non
1395 2273 1498 2302 sufficit
1522 2282 1538 2302 a
1561 2272 1710 2301 sceleribus

909 2319 1056 2352 declinare,
1076 2318 1128 2347 nisi
1149 2323 1177 2347 et
1192 2318 1299 2347 virtutis
1319 2319 1390 2347 actio
1408 2318 1463 2354 91
1489 2322 1590 2354 praesto
1609 2317 1706 2351 fuerit;

910 2371 974 2392 eam
987 2364 1023 2392 ob
1045 2371 1104 2392 rem
1122 2363 1198 2396 dixit,
1221 2375 1233 2387 -
1256 2363 1426 2399 Agglutinati
1443 2363 1528 2397 bono,
1551 2374 1564 2388 ι
1584 2362 1637 2391 hoc
1654 2366 1706 2395 est,

907 2409 1035 2438 affectum
1050 2409 1191 2437 charitatis
1211 2416 1274 2445 erga
1296 2409 1386 2444 ipsum
1404 2408 1544 2436 habentes.
1568 2408 1648 2436 Hunc
1673 2408 1708 2436 ad

908 2453 1023 2482 modum
1042 2455 1119 2482 Deus
1133 2453 1264 2482 maritum
1287 2453 1364 2482 uxori
1386 2452 1544 2481 familiarius
1563 2453 1706 2489 copulans,

911 2511 924 2523 ιι
945 2498 1178 2536 Agglutinabitur,
1197 2511 1208 2524 ι
1225 2499 1326 2534 inquit,
1339 2509 1351 2523 ι
1372 2497 1450 2526 uxori
1465 2505 1532 2526 suae.
1551 2509 1563 2522 -

944 2589 1032 2618 Vsus.
1054 2592 1097 2618 to.
1121 2600 1134 2613 α
1155 2589 1286 2617 Fraterns
1306 2588 1438 2617 charitate
1452 2596 1517 2624 ergo
1539 2594 1587 2616 vos
1607 2590 1705 2614 mutuo

908 2633 1010 2662 affecti.
1036 2633 1225 2662 «Adhortatus
1238 2641 1301 2662 sum
1323 2642 1382 2669 vos,
1404 2633 1504 2670 inquit,
1525 2635 1556 2660 ut
1576 2631 1706 2667 diligatis,

746 2741 842 2770 Variae
864 2741 1018 2772 lectiones.

90 2801 101 2817 ⁶
112 2802 141 2829 τὸ
152 2802 252 2834 ἀλύπως
265 2811 291 2830 ο.
332 2802 343 2819 ⁷
355 2804 451 2838 νοήσεις
464 2803 541 2831 δὲκαὶ
556 2813 582 2833 ο.
621 2805 633 2824 ⁸
647 2805 743 2837 πάντως
754 2814 780 2834 ο.
819 2805 830 2823 ⁸
844 2807 886 2834 τὸν
901 2805 1009 2834 πλοῦτον
1022 2814 1050 2835 ο.
1088 2806 1110 2824 ⁸ο
1124 2807 1212 2838 πάντες
1226 2814 1252 2836 o.
