1901 3077
233 181 285 213 408

743 184 998 214 THEOPHYLACTI
1017 183 1194 214 BULGARLE
1215 184 1370 215 ARCHIEP.
1807 193 1847 221 496

233 247 436 276 demonstravit
457 248 642 276 inobedientes
661 252 687 275 et
717 248 882 283 incredulos,
906 253 936 277 ut
961 249 1021 277 alio:

1084 249 1217 284 ἀπέδειξεν
1233 251 1421 287 ἀπειθοῦντας,
1436 249 1479 279 ἵνα
1498 249 1556 284 τοὺς
1576 251 1678 291 ἑτέρους
1697 252 1737 282 διὰ
1755 255 1794 289 τῆς
1806 256 1846 284 τῶν

232 292 352 321 aliorum
361 292 535 320 contentione
552 296 686 320 servaret.
702 293 782 320 Prius
795 293 878 327 enim,
892 293 1029 329 gentibus,

233 345 290 365 non
330 337 595 372 obtemperantibus,
621 337 749 371 servavit,
777 338 818 365 uti
844 337 950 366 dictum
975 342 1029 372 est,

234 382 367 410 Hebraaos
386 389 502 409 :rursus
515 382 618 410 Judaais
638 382 746 410 Christo
766 390 820 410 non
845 382 1030 414 credentibus.

233 426 314 455 salvae
335 426 415 455 facta:
431 430 497 454 sunt
518 430 611 463 gentes
635 435 641 453 :
665 427 830 454 conservatis
858 427 913 462 85
934 431 1027 455 autem

234 472 359 508 gentibus
373 471 464 500 Judaei
475 471 649 505 aemulantes,
665 471 715 507 ipsi
729 471 814 499 etiam
827 476 971 500 servantur
983 481 989 499 :
1003 476 1030 500 et

233 517 270 544 sic
284 523 379 544 omnes
390 515 607 544 misericordiam
617 521 835 552 consequuntur,

268 562 360 589 Vens.
390 564 437 589 33.
463 571 476 585 ι(
492 561 516 589 0
535 559 751 596 profunditatem
767 560 923 589 divitiarum
942 565 970 589 et
986 569 1029 589 sa-

236 606 344 641 pientiae
357 609 386 633 et
403 605 525 633 scientiae
538 605 588 633 Dei
600 607 606 633 !
622 613 704 640 quam
717 610 782 633 sunt
804 606 1030 641 imperscrutabi—

234 650 268 678 lia
283 650 386 686 judicia
407 650 466 686 ejus
479 671 486 684 ,
512 653 540 678 et
563 650 825 687 impervestigabiles
849 651 899 678 via:
919 651 993 686 ejusl
1015 662 1026 674 ιι

233 697 375 731 Reputans
394 702 487 722 secum
501 694 550 723 Dei
572 694 871 731 dispensationes,quaz
889 703 905 723 a
929 694 1028 723 mundi

233 739 344 767 fuerunt
366 739 573 773 constitutione,
605 739 652 775 qui
679 747 726 775 per
760 739 896 767 contraria
923 738 1029 775 dispen-

232 788 273 812 set
284 784 430 817 contraria,
446 792 477 811 ac
500 791 550 820 per
562 783 630 812 alios
650 783 839 812 inobedientes
852 788 880 812 et
901 784 1027 812 incredu-

231 829 282 863 los,
298 829 364 856 alios
386 828 547 857 obedientes
563 828 724 856 etcredulos
734 828 844 862 efﬁciat,
862 829 1005 864 obstupuit
1019 838 1025 856 :

231 873 372 902 afﬁrmans
386 881 451 901 eum
461 873 576 901 omnino
586 873 633 909 qui
647 873 687 901 sic
698 881 740 901 res
757 877 864 901 nostras
875 873 1026 909 dispensat,

231 918 265 947 de
279 918 460 946 Hebraeorum
484 918 566 946 etiam
582 917 673 945 futura
687 918 784 952 salute,
797 917 899 953 aliquid
917 918 1027 953 dispen-

230 967 368 991 saturum.
395 963 506 991 Divitias
528 962 612 999 igitur
625 962 745 990 divinam
770 962 920 990 bonitatem
931 963 1028 998 appel-

231 1008 280 1042 lat,
312 1007 389 1043 cujus
412 1006 627 1043 profunditatem
655 1006 834 1035 solummodo
861 1007 1025 1041 demiratur,

230 1052 412 1088 quantitatem
427 1052 557 1088 ignorans
578 1061 584 1079 :
600 1059 634 1087 op
641 1059 689 1080 um
696 1051 770 1080 enim
785 1055 837 1085 est,
850 1056 944 1087 gentes
955 1052 1025 1080 adeo

230 1097 379 1133 locupletes
400 1096 499 1124 facere.
523 1097 672 1124 Enimvero
695 1104 761 1124 cum
776 1096 896 1124 bonitate
925 1100 953 1124 et
981 1096 1024 1124 sa-

229 1142 360 1177 pientiam
379 1140 528 1169 admiratur
542 1148 589 1176 per
602 1148 686 1176 quam
708 1145 800 1168 nostra
832 1140 901 1176 regit
926 1148 958 1169 ac
983 1140 1024 1168 di-

230 1190 352 1222 spensat,
379 1185 515 1222 rudesque
543 1189 638 1221 gentes
660 1184 770 1219 erudiit;
787 1189 814 1212 et
838 1184 1023 1221 cognitionem

227 1238 276 1267 per
290 1238 374 1267 quam
393 1230 469 1258 novit
484 1230 550 1265 quid
569 1230 716 1266 unicuique
729 1229 877 1258 conducat.
894 1230 957 1258 Non
982 1229 1023 1257 di-

226 1275 266 1303 xit
290 1279 382 1303 autem
398 1296 407 1310 ,
433 1274 736 1310 Imcomprebensibilia
750 1279 814 1302 sunt
837 1274 939 1310 judicia
952 1274 1022 1310 ejus,

224 1321 283 1351 sed,
299 1332 311 1344 ιι
335 1319 583 1356 lnperscrutabilia,
599 1329 613 1345 ν
630 1319 685 1347 hoc
705 1323 757 1353 est,
779 1327 837 1347 non
849 1319 965 1347 omnino
978 1326 1021 1346 re-

223 1365 348 1401 cipientia
373 1364 587 1401 indagationem.
605 1375 618 1388 α
643 1365 678 1391 Et
708 1363 758 1392 viae
772 1364 840 1399 ejus,
857 1373 871 1390 »
890 1363 942 1391 hoc
967 1367 1019 1397 est,

223 1410 449 1446 dispensationes,
479 1409 581 1437 nedum
616 1416 673 1436 non
693 1413 809 1443 possunt
829 1408 953 1444 agnosci,
973 1407 1020 1436 sed

224 1463 258 1482 ne
272 1454 371 1490 inquiri
387 1453 500 1490 quidem
522 1460 643 1489 prorsus,
668 1453 711 1480 vel
723 1452 867 1488 vestigium
896 1453 1020 1488 ipsarum

222 1507 342 1535 CODSPICI
348 1520 356 1527 .

259 1543 350 1571 Vens.
362 1545 396 1570 34
410 1564 416 1577 ,
431 1545 475 1570 35.
496 1552 508 1565 ι
531 1541 600 1576 Quis
611 1541 684 1569 enim
699 1541 828 1577 cognovit
838 1548 952 1569 sensum
962 1542 1018 1569 Do-
1033 1551 1056 1583 ε

223 1587 307 1615 mini?
326 1591 375 1614 aut
395 1587 456 1623 quis
475 1585 647 1614 consiliarius
666 1586 718 1620 ipsi
738 1585 788 1613 fuit
816 1585 874 1622 i.j?
892 1590 939 1613 aut
959 1586 1020 1622 quis

223 1632 296 1667 prior
310 1631 386 1659 dedit
398 1631 431 1666 ei,
445 1636 472 1659 et
484 1627 655 1658 'retribuetur
665 1630 737 1665 ipsik
749 1632 760 1658 Ρ
776 1641 787 1654 ιι
801 1630 892 1664 Solus,
919 1630 1020 1666 inquit,

223 1676 280 1711 ipse
302 1676 379 1704 novit
396 1683 462 1708 ua,
473 1679 502 1703 et
523 1682 608 1702 nemo
630 1674 708 1702 alius.
726 1675 837 1710 Sapiens
852 1682 935 1710 porro
955 1683 1019 1703 cum

222 1722 266 1754 sit,
283 1729 298 1749 a
313 1721 388 1749 nullo
403 1720 458 1748 alio
487 1720 647 1748 consultore
659 1719 799 1747 institutus
828 1723 879 1753 est,
897 1719 945 1747 sed
961 1719 1018 1755 ipse

220 1766 324 1802 sibiipsi
345 1765 409 1794 satis
427 1764 482 1793 fuit
501 1764 651 1799 sufﬁciens,
672 1768 700 1792 et
712 1767 762 1792 est.
779 1764 938 1799 Quinetiam
957 1771 1017 1792 om-

221 1811 301 1839 nium
317 1810 454 1838 bonorum
475 1808 536 1838 fons
554 1813 606 1841 est,
628 1813 657 1837 et
679 1816 854 1845 quaecunque
874 1808 933 1842 dat,
962 1816 1018 1836 non

220 1856 301 1884 veluti
332 1854 586 1891 compensationem
602 1853 644 1882 vel
666 1854 880 1882 retributionem
906 1852 1017 1887 debeat,

220 1899 353 1936 impertit,
378 1898 425 1928 sed
437 1899 473 1927 ob
487 1899 627 1935 propriam
641 1898 836 1926 tantummodo
853 1898 1016 1926 bonitatem.

220 1945 287 1980 Quis
296 1944 370 1973 enim
380 1944 499 1980 primum
510 1943 585 1972 dedit
597 1943 631 1977 ei,
652 1943 785 1970 nimirum
798 1944 870 1976 Deo,
882 1946 912 1970 ut
936 1942 1017 1971 retri-

221 1991 321 2017 buatur
337 1989 407 2025 ipsi?
421 1989 476 2017 hoc
498 1993 550 2023 est,
571 1991 602 2016 ut
617 1987 691 2023 quod
707 1995 722 2014 a
739 1989 798 2015 Deo
811 1986 898 2015 datur
919 1987 1019 2015 beneﬁ-

220 2034 304 2068 cium,
321 2037 454 2069 tanquam
464 2031 609 2061 retributio
628 2039 693 2067 erga
713 2031 806 2067 ipsum
831 2030 906 2059 facta
927 2031 1016 2067 impu-

220 2082 294 2106 tetur
310 2080 321 2106 Ρ

253 2124 346 2152 Vsas.
369 2126 412 2151 36.
430 2134 443 2147 υ
461 2122 602 2157 Quoniam
621 2129 654 2149 ex
671 2121 746 2156 ipso,
763 2128 796 2148 ex
809 2127 857 2156 per
874 2120 977 2156 ipsum,
992 2125 1020 2149 et

218 2167 246 2195 in
265 2167 355 2203 ipsum
368 2171 433 2195 sunt
442 2166 546 2195 omnia.
562 2177 574 2190 ι
592 2166 652 2201 Ipse
663 2169 705 2192 est
721 2163 785 2192 fons
801 2164 944 2198 omnium;
964 2164 1020 2193 hoc

218 2212 292 2241 enim
306 2217 348 2240 est
365 2211 439 2248 quod
453 2212 507 2243 ait,
529 2222 541 2234 ι
557 2212 599 2238 Ex
616 2209 691 2245 ipso;
715 2220 727 2233 ι-
747 2214 775 2237 et
794 2208 939 2237 Condidor
954 2217 1016 2237 om-

217 2257 294 2285 nium
310 2266 316 2284 :
340 2257 392 2284 hoc
406 2256 481 2283 enim
499 2254 574 2288 illud,
601 2266 613 2278 ι
636 2255 688 2281 Per
700 2253 808 2290 ipsum;
827 2265 840 2278 ν
865 2258 892 2281 et
905 2262 1015 2282 conser-

217 2306 296 2330 vator
308 2301 432 2329 omnium
446 2308 452 2326 :
470 2299 523 2328 hoc
539 2299 613 2327 enim
628 2298 705 2333 illud,
721 2310 733 2322 α
747 2300 777 2326 ln
801 2298 901 2334 ipsum.
919 2310 932 2323 ν
949 2299 1016 2327 0m-

218 2346 262 2373 nia
277 2345 353 2373 enim
373 2352 406 2373 ex
430 2345 489 2380 ipso
500 2344 604 2372 habent
618 2343 798 2380 principium,
822 2347 851 2370 et
861 2350 909 2379 per
923 2343 1015 2378 ipsum

217 2390 288 2418 facta
301 2393 377 2425 sunt,
391 2393 419 2417 et
435 2389 462 2417 in
476 2389 567 2424 ipsum
582 2397 630 2417 ceu
641 2388 855 2417 fundamentum
873 2387 1015 2424 quoddam

217 2434 358 2470 vergentia
371 2434 520 2470 euntiaque
533 2433 688 2462 consistunt
707 2437 734 2461 et
748 2433 937 2466 continentur,
947 2440 1014 2461 con-

216 2487 294 2508 versa
306 2478 340 2507 ad
355 2479 460 2515 ipsum.

251 2535 264 2549 α
283 2524 338 2560 Ipsi
363 2523 492 2560 gloriain
509 2523 618 2552 saecula.
645 2524 749 2551 Amen.
771 2533 784 2546 ι
809 2522 857 2549 Est
882 2521 911 2548 in
937 2528 1015 2549 more

215 2568 276 2597 divo
295 2569 388 2603 Paulo,
405 2572 436 2597 ut
463 2576 528 2596 cum
556 2567 632 2596 ardui
649 2566 780 2603 quiddam
806 2565 916 2599 dixerit,
949 2573 1013 2593 cum

212 2613 366 2650 gratiarum
380 2613 487 2642 actione
502 2619 662 2641 sermonem
677 2610 797 2645 claudat,
809 2610 922 2646 perinde
935 2617 968 2638 ac
988 2614 1016 2637 et

208 2658 269 2694 jam
294 2666 369 2686 nunc
392 2657 629 2693 facit.Postquam
670 2655 745 2684 enim
770 2654 954 2684 admiratione
988 2657 1016 2682 et

249 2739 275 2761 '5
289 2739 334 2768 Ila
346 2746 397 2774 ιι,
415 2741 459 2767 18.
497 2735 511 2754 ι
523 2739 589 2774 Sap.
606 2745 657 2771 1x,
673 2739 700 2765 3.

1084 295 1177 334 ἑτέρων
1198 295 1271 334 σώσῃ
1294 294 1463 335 φιλονεικίας.
1491 295 1623 335 Πρότερον
1640 296 1688 336 γὰρ
1709 298 1848 334 ἆπειθησάν-

1082 351 1135 368 των
1148 341 1199 368 τῶν
1209 340 1326 374 ἐθνικῶν,
1341 339 1448 375 ἔσωσεν,
1460 340 1495 372 ὡς
1505 339 1609 380 εἴρηται
1621 363 1629 377 ,
1642 340 1699 375 τοὺς
1709 341 1833 382 Ἑϐραίους
1844 356 1849 362 ·

1083 384 1163 412 πάλιν
1189 384 1232 413 ἐπὶ
1260 385 1375 423 Χριστοῦ
1404 384 1605 420 ἄπειθησάντων
1636 387 1685 414 τῶν
1717 386 1848 423 Ἰουδαίων,

1083 427 1219 464 ἐσώθησαν
1235 431 1258 458 οἱ
1272 429 1366 458 ἐθνικοί
1379 440 1386 448 ⁸
1401 429 1536 458 σωθέντων
1549 429 1592 469 [δὲ
1601 430 1668 469 ]τῶν
1681 431 1796 468 ἐθνικῶν,
1809 444 1849 461 πα·

1084 475 1255 512 ραζηλοῦντες
1265 475 1287 504 οἱ
1299 475 1432 511 Ἰουδαῖοι,
1449 475 1577 509 σώζονται
1588 475 1634 504 καὶ
1652 476 1731 506 αὖτοίο
1741 476 1782 506 καὶ
1794 477 1850 507 οὕτω

1082 519 1179 551 πάντες
1195 519 1339 550 ἐλεοῦνται.

1123 576 1134 589 α
1148 562 1188 593 Ὢ
1201 563 1280 603 βάθος
1300 563 1413 594 πλούτου
1426 564 1473 593 καὶ
1487 564 1580 605 σοφίας
1599 563 1644 594 καὶ
1658 564 1770 603 γνώσεως
1781 566 1851 596 Θεοῦὲ

1082 609 1117 641 ὡς
1134 607 1320 648 ἂνεξερεύνητα
1345 608 1378 637 τὰ
1406 608 1525 648 κρίματα
1551 610 1649 646 αὐτοῦ,
1671 610 1715 639 καὶ
1729 610 1854 650 ἀνεξιχνία-

1082 665 1137 682 στοι
1153 655 1180 682 αἱ
1193 654 1247 682 ὁδοὶ
1267 654 1345 682 αὐτοῦ
1358 655 1365 684 l
1381 666 1394 683 ι)
1413 653 1470 688 Τὰς
1492 654 1642 692 οἰκονομίας
1655 658 1700 684 τοῦ
1713 655 1778 684 Θεοῦ
1799 657 1850 684 ἀνα-

1082 697 1268 737 λογισάμενος,
1285 698 1332 732 τὰς
1351 698 1395 738 ἀφ’
1409 694 1490 739 οἷπερ
1504 700 1518 727 6
1542 698 1642 737 κόσμος
1665 699 1787 734 συνέστη¹
1807 702 1852 733 πῶς

1082 742 1124 772 διὰ
1145 744 1195 771 τῶν
1212 742 1337 772 ἐναντίων
1355 743 1390 773 τὰ
1406 743 1510 772 ἐναντία
1535 744 1687 782 οἰκονομεῖ,
1711 744 1754 773 καὶ
1769 743 1798 772 δι’
1809 745 1852 773 ἑτέ-

1081 799 1132 827 ρων
1166 787 1342 816 ἀπειθούντων
1374 788 1469 821 ἄλλους
1504 790 1631 821 εὐπειθεῖς
1666 788 1849 823 ἀναδείκνυσιν,

1079 831 1211 871 ἐξεπλάγη
1226 845 1232 851 ’
1253 833 1427 871 πιστούμενος
1450 831 1491 862 ὅτι.
1515 832 1623 866 πάντως
1645 835 1659 862 6
1675 833 1754 866 οὕτως
1773 834 1854 862 οἰκονο-

1082 879 1138 912 μῶν
1160 877 1192 906 τὰ
1207 877 1323 917 ἡμέτερα
1334 900 1342 913 ,
1369 877 1414 906 καὶ
1433 876 1494 917 περὶ
1516 879 1562 913 τῆς
1578 878 1725 915 μελλούσης
1740 877 1854 918 σωτηρίας

1043 931 1067 962 Β
1080 923 1131 950 τῶν
1144 921 1280 951 Ἰουδαίων
1296 922 1474 960 οἰκονομήσει.
1506 923 1628 952 Πλοῦτον
1647 922 1694 960 μὲν
1716 918 1757 951 οὖν
1773 922 1854 960 ὀνομά-

1080 967 1118 1000 ζει
1132 967 1180 1002 τὴν
1198 967 1348 1006 ἆγαθότητα
1360 990 1367 1002 ,
1388 962 1419 1002 ἧς
1434 967 1464 996 τὸ
1479 967 1559 1006 βάθος
1578 967 1752 1003 ἐκπλήττεται
1772 967 1854 1006 μόνον,

1080 1012 1110 1041 τὸ
1129 1012 1209 1041 ποσὸν
1229 1013 1309 1048 αὐτῆς
1331 1013 1450 1051 ἀγνοῶν
1467 1011 1583 1041 πλούτου
1608 1012 1661 1052 γὰρ
1674 1012 1704 1041 τὸ
1725 1011 1781 1045 τοὺς
1801 1013 1854 1040 ἐθνιν

1080 1056 1140 1090 κοὺς
1154 1056 1235 1090 οὕτως
1251 1056 1375 1096 εὐπόρους
1399 1058 1519 1092 ποιῆσαι.
1544 1058 1585 1087 Οὔ
1607 1057 1662 1096 μὴν
1677 1056 1702 1075 ⁹⁴
1720 1057 1783 1086 ἀλλὰ
1805 1056 1856 1096 πρὸς

1079 1104 1112 1141 τῇ
1140 1102 1283 1141 ἀγαθότητι
1303 1101 1348 1130 καὶ
1373 1101 1420 1137 τὴν
1443 1100 1538 1141 σοφίαν
1563 1101 1760 1137 ἐκπλήττεται,
1785 1100 1814 1130 δι’
1834 1096 1858 1136 ἧς

1080 1146 1170 1176 πλέκει
1193 1147 1226 1176 τὰ
1250 1145 1380 1186 ἡμέτερα,
1400 1146 1445 1175 καὶ
1459 1145 1520 1178 τοὺς
1539 1146 1652 1184 ἀμαθεῖς
1673 1145 1784 1179 ἐθνικοὺς
1807 1144 1856 1174 ἐσό-

1078 1202 1157 1230 φισεο
1181 1191 1227 1220 καὶ
1253 1191 1301 1227 τὴν
1325 1185 1438 1230 γνῶσιν,
1463 1191 1496 1219 δι’
1512 1185 1544 1226 ἧς
1569 1191 1696 1229 γινώσκει
1720 1190 1749 1220 τὸ
1768 1190 1856 1229 ἑκάστῳ

1077 1235 1221 1276 συμφέρον.
1246 1236 1305 1266 Οὖκ
1328 1230 1386 1265 εἷπε
1407 1235 1452 1272 δὲ,
1476 1234 1516 1276 ὅτι
1544 1235 1738 1273 Ἀκατάληπτα
1761 1235 1792 1264 τὰ
1813 1235 1857 1273 ιιρί-

1077 1292 1150 1318 ματα
1175 1281 1272 1318 αὐτοῦ,
1290 1281 1363 1316 ἀλλ’,
1391 1292 1406 1307 α
1431 1279 1651 1319 Ἀνεξερεύνητα,
1683 1293 1698 1309 ι
1724 1279 1858 1314 τουτέστιν,

1076 1325 1190 1358 οὐδόλως
1205 1326 1337 1365 δεχόμενα
1352 1325 1470 1364 ἔρευναν.
1486 1339 1498 1351 σι
1509 1325 1562 1355 Καὶ
1574 1327 1602 1355 αἱ
1615 1325 1672 1355 ὁδοὶ
1684 1327 1771 1362 αὐτοῦ,
1779 1338 1789 1349 ι
1798 1334 1858 1352 τουτ-

1075 1369 1157 1408 έστιν,
1174 1371 1200 1399 αἱ
1217 1369 1382 1408 οἰκονομίαι,
1405 1371 1433 1399 οὒ
1450 1370 1528 1407 μόνον
1554 1372 1583 1399 οὗ
1608 1369 1733 1400 δύνανται
1749 1370 1857 1408 γνωσθῆ-

1075 1425 1133 1451 ναι,
1158 1415 1217 1444 ἀλλ’
1231 1415 1289 1444 οὐδὲ
1311 1416 1455 1451 ζητηθῆναι
1478 1413 1563 1450 ὅλως,
1582 1414 1600 1451 ἢ
1618 1415 1692 1455 ἴχνος
1716 1415 1798 1444 αὐτῶν
1820 1424 1858 1452 φα-

1074 1470 1161 1495 νηναι.

1117 1558 1129 1572 α
1145 1544 1194 1578 Τίς
1219 1543 1269 1584 γὰρ
1296 1544 1363 1583 ἔγνω
1387 1545 1446 1573 νοῦν
1471 1544 1592 1583 Κυρίου,
1620 1544 1638 1581 ἣ
1662 1545 1702 1578 τίς
1727 1543 1859 1583 σύμϐουλος

1075 1592 1146 1630 αὐτῷ
1161 1589 1279 1628 ἐγένετο;
1296 1587 1361 1624 ἣτίς
1379 1589 1526 1628 προέδωκεν
1549 1590 1626 1629 αὖτῷ
1634 1613 1644 1625 ,
1662 1590 1708 1619 καὶ
1724 1588 1858 1618 οἷντιιιτοδο⁸

1073 1629 1182 1671 θήσεται
1198 1634 1287 1673 αὖτῷ;
1303 1648 1314 1659 ιι
1336 1633 1438 1669 Μόνος⁷
1455 1634 1549 1674 φησὶν,
1562 1635 1644 1668 αὖτὸς
1657 1629 1712 1664 οἶδε
1727 1633 1760 1663 τὰ
1776 1633 1859 1666 αὓτοῦ,

1072 1680 1117 1709 καὶ
1133 1678 1214 1712 οὐδεὶς
1235 1678 1328 1718 ἕτερος.
1349 1678 1433 1719 Σοφὸς
1455 1678 1482 1708 δὲ
1498 1677 1533 1707 ὢν
1544 1701 1550 1713 ,
1568 1680 1599 1708 οὗ
1615 1681 1683 1719 παρ’
1701 1678 1789 1718 ἑτέρου
1806 1688 1860 1713 συμ-

1073 1723 1168 1754 ϐούλου
1192 1723 1337 1762 ἔσοφίσθη,
1363 1723 1421 1752 ἀλλ’
1442 1723 1520 1756 αὐτὸς
1546 1725 1637 1763 ἑαυτῷ
1662 1723 1796 1763 αὐτάρκης
1816 1719 1861 1759 ἐγέ-

1071 1781 1129 1798 νετο
1143 1768 1189 1798 καὶ
1203 1767 1284 1797 ἔστιν.
1308 1767 1390 1797 Ἀλλὰ
1407 1768 1453 1797 καὶ
1476 1767 1585 1797 πάντων
1602 1770 1657 1797 τῶν
1677 1769 1784 1806 ἀγαθῶν
1797 1763 1859 1803 πηγή

1072 1815 1128 1843 ἐστι
1138 1835 1146 1850 ,
1160 1813 1205 1842 καὶ
1220 1813 1270 1843 ὅσα
1285 1812 1403 1850 δίδωσιν,
1419 1814 1469 1852 οὔχ
1483 1816 1518 1845 ὡς
1529 1813 1651 1850 ἀμοιϐὴν
1668 1812 1780 1852 ὀφείλων
1796 1809 1860 1839 δίδω-

1072 1871 1111 1888 σιν
1121 1882 1129 1894 ,
1146 1857 1214 1887 ἀλλὰ
1230 1857 1274 1886 διὰ
1290 1856 1336 1892 τὴν
1352 1857 1450 1886 οἰκείαν
1463 1856 1632 1896 ἀγαθότητα,
1650 1868 1666 1886 (r
1683 1858 1732 1890 Τίς
1747 1856 1799 1895 γὰρ
1813 1865 1865 1893 προ·

1073 1904 1168 1932 ἔδωκεν
1183 1903 1264 1942 αὐτῷ,
1283 1916 1294 1927 »
1304 1902 1439 1937 τουτέστι,
1453 1903 1491 1941 τῷ
1506 1902 1571 1941 Θεῷ
1581 1925 1590 1938 ,
1602 1901 1651 1931 ἵνα
1669 1915 1680 1928 ι
1696 1897 1864 1933 ἀνταποδοθή-

1073 1959 1146 1976 σεται
1160 1948 1248 1986 αὖτῷ,
1262 1960 1275 1974 ι
1292 1946 1441 1982 τουτέστιν,
1456 1946 1498 1976 ἴνα
1520 1948 1536 1981 ἡ
1554 1946 1634 1986 παρὰ
1656 1950 1703 1976 τοῦ
1719 1947 1790 1976 Θεοῦ
1807 1945 1867 1982 εὖιρσ

1072 1992 1165 2031 γεσία,
1178 1993 1214 2026 ὣς
1229 1991 1402 2029 ἀνταπόδομα
1426 1991 1560 2031 λογισθείη
1577 1991 1650 2031 πρὸς
1673 1991 1754 2021 αὐτὸν
1770 1989 1867 2030 γινόμε-

1073 2047 1117 2065 νον
1126 2049 1134 2073 ς

1116 2132 1131 2148 α
1145 2120 1211 2150 Ὀτι
1236 2119 1262 2155 ἐξ
1278 2121 1373 2158 αὐτοῦ,
1388 2119 1435 2149 καὶ
1449 2118 1482 2149 δι’
1500 2120 1600 2156 αὐτοῦ,
1626 2119 1675 2150 καὶ
1701 2121 1739 2153 εἷς
1755 2117 1830 2150 αὖτὺν
1844 2115 1869 2145 τὶ

1073 2166 1172 2195 πάντα.
1184 2178 1197 2191 ν
1210 2164 1297 2197 Αὐτὸς
1313 2166 1329 2200 ἡ
1344 2163 1418 2204 πηγὴ
1435 2164 1541 2193 πάντων
1554 2176 1560 2183 ·
1576 2166 1662 2194 τοῦτο
1676 2165 1731 2205 γὰρ
1741 2164 1772 2193 τὸ
1782 2186 1790 2200 ,
1805 2177 1817 2189 ι
1831 2159 1868 2192 Ἐξ

1073 2211 1162 2239 αὐτοῦ·
1178 2221 1193 2237 ι)
1211 2209 1256 2239 καὶ
1273 2210 1286 2237 6
1301 2209 1412 2244 ποιητὴς
1431 2208 1537 2238 πάντων
1552 2219 1559 2225 ·
1585 2211 1670 2239 τοῦτο
1686 2209 1740 2249 γὰρ
1755 2209 1799 2246 τὸ,
1812 2222 1824 2233 ι
1837 2205 1869 2236 Δι’

1073 2256 1168 2284 αὐτοῦ·
1191 2266 1206 2282 ι)
1233 2254 1279 2283 καὶ
1302 2256 1316 2283 6
1338 2252 1462 2292 συνοχεὺς
1485 2254 1591 2283 πάντων
1610 2264 1617 2270 ·
1646 2258 1729 2284 τοῦτο
1758 2253 1808 2293 γὰρ
1832 2251 1868 2284 τὸν

1073 2313 1083 2325 ι
1103 2300 1149 2333 Εἷς
1165 2298 1252 2328 αὐτόν.
1272 2311 1283 2324 ιι
1300 2298 1395 2328 Πάντα
1410 2300 1461 2337 γὰρ
1481 2298 1507 2333 ἐξ
1522 2299 1606 2327 αὐτοῦ
1634 2298 1694 2339 ἔχει
1711 2298 1762 2334 τὴν
1778 2295 1869 2337 ἀρχὴν,

1071 2344 1115 2373 καὶ
1137 2343 1170 2373 δι’
1185 2345 1265 2373 αὗτοῦ
1290 2342 1411 2382 ἐγένετο,
1429 2342 1474 2372 καὶ
1495 2344 1531 2376 εἷς
1548 2342 1652 2383 αὐτὸν,
1669 2343 1764 2382 ὥσπερ
1785 2343 1819 2373 εἰς
1833 2343 1868 2369 θε-

1072 2387 1161 2428 μέλιόν
1185 2400 1244 2417 τινα
1261 2387 1396 2428 βεϐηκότα
1419 2386 1542 2417 ἵστανται
1568 2387 1617 2417 καὶ
1646 2388 1812 2428 συνέχονται
1834 2385 1869 2414 ἰπ-

1071 2433 1241 2474 εστραμμένα
1256 2432 1321 2472 πρὸς
1335 2431 1426 2462 αὒτόν.

1113 2527 1128 2542 α
1145 2515 1224 2554 Αὐτῷ
1242 2516 1259 2550 ἡ
1284 2513 1345 2548 δόξα
1363 2514 1399 2547 εἰς
1420 2513 1480 2547 τοὺς
1499 2513 1609 2546 αἰῶνας.
1638 2513 1740 2552 Ἀμήν.
1764 2524 1779 2542 ι
1803 2511 1872 2541 Ἐθος

1068 2562 1106 2600 τῷ
1121 2558 1241 2599 Παύλῳ,
1255 2558 1318 2588 ὅταν
1334 2571 1359 2588 τι
1375 2557 1444 2597 μέγα
1453 2558 1528 2600 silvai,
1546 2558 1583 2591 εἷς
1598 2557 1784 2598 εὐχαριστίαν
1797 2566 1871 2600 tuter

1068 2597 1164 2634 κλείειν
1187 2597 1233 2632 τὸν
1250 2603 1326 2642 λόγον
1339 2613 1345 2621 ·
1367 2602 1432 2642 ὅπερ
1455 2597 1500 2632 οὖν
1515 2602 1560 2631 καὶ
1584 2597 1742 2632 νῦννποιεῖ.
1768 2598 1872 2642 Ἐπιιδῂ

1069 2649 1121 2690 γὰρ
1136 2647 1268 2687 ἐξεπλάγη
1287 2641 1335 2683 τὴν
1357 2641 1526 2686 ἀγαθότητα,
1548 2646 1594 2676 καὶ
1623 2647 1678 2684 τὴν
1695 2647 1810 2688 σοφίαν,
1834 2641 1871 2672 καὶ

912 2789 1007 2820 Variae
1030 2788 1181 2820 lectiones,

247 2847 272 2871 οι
291 2846 320 2874 οὒ
340 2847 418 2884 μόνον
435 2854 462 2875 ο.
