1901 3077
63 172 116 201 497

518 174 692 202 EXPOSITIO
713 175 744 202 IN
766 174 869 202 EPIST.
891 174 936 202 AD
956 174 1038 202 ROM.
1059 189 1093 194 —
1113 174 1189 202 CAP.
1210 175 1262 202 Xll.

1663 176 1714 204 498

59 235 110 271 τὴν
136 236 250 275 γνῶσιν,
277 235 322 266 καὶ
344 235 391 270 τὰς
412 236 560 274 οἰκονομίας
581 239 627 266 τοῦ
652 238 741 276 Θεοῦ,
761 236 862 271 δοξάζει
878 239 902 270 Α
915 241 992 272 ειυρο

935 241 1027 272 tupore
1047 237 1201 273 perculssus
1223 242 1264 265 est
1276 237 1311 265 ob
1336 236 1488 265 bonitatem
1503 241 1530 266 et
1552 237 1712 274 sapientiam

58 282 154 310 λοιπὸν
175 280 253 310 αὐτόν
268 293 275 299 '
289 281 319 310 τὸ
334 280 398 310 αὐτὸ
418 281 464 310 καὶ
482 284 554 319 ἡμᾶς
577 281 725 318 διδάσκων,
749 282 792 312 ἐπὶ
809 286 861 315 τοῖς
915 285 942 310 et
955 289 992 310 no

935 281 1131 315 tnotitiam,et
1145 281 1375 318 gubernationem
1391 282 1452 313 Dei,
1470 282 1562 318 ipsum
1583 282 1715 320 deinceps

58 326 188 363 μεγάλοις
217 327 324 365 ἀγαθοῖς
351 326 536 366 εὐχαριστεῖν,
560 328 606 356 καὶ
639 326 753 361 δοξάζειν
782 327 860 356 αὐτὸν

58 370 108 399 καὶ
123 369 167 400 διὰ
179 370 265 410 λόγων
274 392 282 407 ,
297 370 345 400 καὶ
361 370 404 399 διὰ
416 371 563 405 πολιτείας.

353 472 496 503 ΚΕΦΑΛ.
519 472 576 503 ω’.

103 552 115 565 α
133 539 289 575 Παρακαλῶ
297 535 341 568 οὖν
351 541 435 577 ὑμᾶς,
451 539 576 580 ἀδελφοὶ,
594 539 638 569 διὰ
649 541 702 569 τῶν
715 541 859 582 οἰκτιρμῶν

58 586 107 613 τῶ
119 584 209 620 Θεοῦ,
226 586 400 623 παραστῆσαι
415 584 449 613 τὰ
472 583 587 623 σώματα
607 586 681 622 ὑμῶν
701 585 792 614 θυσίαν
805 587 858 620 ζῶ-

58 639 129 665 σαν,
143 627 238 668 ἁγίαν,
253 628 393 668 εὐάρεστον
406 630 444 669 τῷ
456 630 519 669 Θεῷ
529 652 538 665 ,
552 629 599 665 τὴν
612 628 720 668 λογικὴν
732 630 857 670 λατρείαν

57 674 146 711 ὑμῶν.
175 686 188 698 ι·
226 673 338 709 Ἐπειδὴ
357 675 455 707 ἱκανῶς
473 676 512 714 τῷ
532 674 688 714 δογματικῷ
712 675 855 714 ἰνδιέτριψε

57 718 150 757 λόγῳ,
176 718 268 748 λοιπὸν
285 718 331 747 καὶ
350 719 386 752 εἰς
401 717 447 748 τὸν
464 718 554 754 ἠθικὸν
579 719 693 757 πρόεισι.
722 719 776 749 Καὶ
799 720 856 749 ἐπεὶ

57 762 142 796 ἔδειξε
169 761 216 797 τὴν
239 765 284 792 τοῦ
307 764 380 793 Θεοῦ
399 762 460 803 περὶ
486 765 557 802 ἧμας
576 763 676 803 ἄφατον
704 765 855 802 οἰκονομίαν

57 807 105 835 καὶ
121 808 292 846 ἀγαθότητα,
314 808 468 847 παρακαλεῖ
494 821 506 834 ιι
525 807 568 837 διὰ
582 809 635 837 τῶν
650 809 794 848 οἰκτιρμῶν
811 812 855 840 τοῦ

56 852 146 888 Θεοῦ,
165 865 178 876 ι·
203 851 353 888 τουτέστιν,
369 852 464 886 αὐτοὺς
482 852 542 886 τοὺς
568 851 718 892 οἰκτιρμοὺς
745 853 855 891 μεσίτας

56 896 295 935 προϐαλλόμενος,
320 898 356 930 ὥς
378 896 409 926 ἂν
436 896 544 931 τούτους
568 897 744 934 αἰδεσθέντες,
771 898 854 936 μηδὲν

56 940 165 975 ἀνάξιον
192 942 280 971 αὑτῶν
315 941 518 979 ἐπιδειξώμεθα.
559 941 596 972 Τί
624 941 652 971 δὶ
681 944 854 982 παρακαλεί;

53 984 118 1014 Ἷνα
140 985 358 1025 παραστήσωμεν
386 985 420 1014 τὰ
452 986 567 1023 σώματα
588 988 679 1024 ἡμῶν,
703 987 854 1024 τουτέστιν,

53 1028 99 1059 ἵνα
124 1030 161 1063 εἰς
187 1029 303 1068 πόλεμον
330 1033 414 1060 ταῦτα
439 1031 566 1069 ἐκδῶμεν.
592 1031 673 1061 Οὕτω
693 1030 746 1071 γὰρ
766 1029 854 1061 εἴωθεν

54 1076 71 1109 ἡ
98 1073 193 1112 ὁμιλία
217 1074 302 1113 λέγειν
319 1087 326 1093 ·
342 1074 516 1115 Παρίστησεν
543 1077 556 1105 δ
573 1076 721 1114 στρατηγὸς
741 1075 788 1109 τὰς
806 1077 854 1105 τά-

52 1118 105 1152 ξεις
119 1120 156 1152 εἰς
168 1119 296 1157 πόλεμον.
314 1117 352 1150 Ἣ
369 1121 415 1149 καὶ
430 1122 466 1152 ὡς
479 1121 585 1160 βασιλεί
608 1122 646 1159 τῷ
661 1122 726 1159 Θεῷ
750 1121 856 1160 ὀφείλο-

53 1175 104 1200 μεν
132 1167 267 1204 παριστᾷν
290 1163 324 1193 τὰ
343 1165 412 1202 μέλη
436 1166 511 1202 ἡμῶν
529 1165 624 1202 δόκιμα
639 1165 685 1194 καὶ
698 1166 855 1204 ἐκλελεγμέο

51 1219 84 1236 να
103 1219 111 1226 ·
124 1211 239 1238 τοῶτοι
252 1208 304 1248 γὰρ
319 1209 344 1238 οἱ
364 1211 403 1249 τῷ
426 1210 530 1248 βασιλεί
552 1209 757 1248 παριστάμενοι.
774 1209 854 1240 Ἀλλὰ

51 1252 98 1281 καὶ
120 1263 134 1280 α
148 1252 241 1282 θυσίαν
263 1254 348 1287 ζῶσαν
361 1267 374 1279 ι
392 1257 476 1291 ταῦτα
492 1255 671 1293 παραστῶμεν
688 1253 728 1292 [
740 1265 851 1294 παριστ.

51 1297 100 1327 vel
121 1297 350 1337 παραστήσωμ.].
370 1296 459 1328 Ὅταν
484 1298 535 1337 γὰρ
556 1299 731 1336 νεκρὼσωμεν
753 1301 852 1336 ταῦτα,

49 1341 113 1370 τότε
128 1342 216 1378 ζῶμεν
235 1341 305 1371 κατὰ
326 1345 441 1380 πνεῦμα.
461 1342 496 1372 Ἢ
524 1342 571 1380 μὲν
588 1339 632 1372 οὖν
659 1342 792 1379 Ἰουδαίκὴ
808 1346 854 1372 θυ-

49 1385 115 1423 σία,
129 1387 179 1416 οὐκ
193 1386 332 1426 εὐάρεστος
342 1388 380 1427 τῷ
393 1387 470 1427 Θεῷ.
493 1400 504 1412 σι
520 1387 569 1420 Τίς
583 1387 635 1427 γὰρ
650 1387 790 1423 ἐξεζήτησε
805 1411 813 1426 ,
833 1399 848 1417 ι

51 1431 137 1472 φησὶ,
154 1444 167 1456 ι
182 1433 266 1460 ταῦτα
291 1432 321 1461 ἐκ
343 1433 394 1461 τῶν
422 1433 519 1471 χειρῶν
546 1434 637 1470 ὑμῶνς
659 1446 671 1458 ιι
691 1431 727 1462 Ἣ
747 1432 775 1462 δὲ
800 1435 853 1462 τῶν

49 1477 157 1504 πιστῶν
177 1475 268 1512 θυσία,
297 1477 314 1511 ἡ
337 1476 430 1514 λογικὴ
455 1477 582 1516 λατρεία,
607 1476 707 1517 σφόδρα
734 1477 852 1512 ζητεῖται

50 1519 129 1560 παρὰ
142 1523 190 1550 τοῦ
205 1522 275 1551 Θεοῦ
289 1520 327 1551 ’⁵.
344 1534 355 1546 α
366 1521 455 1550 ὦσον
466 1535 477 1547 -
490 1522 541 1560 γὰρ
554 1535 566 1547 ι
580 1522 618 1560 τῷ
633 1522 696 1561 Θεῷ
712 1521 803 1551 θυσίαν
815 1523 852 1551 αἰ-

50 1564 151 1598 νέσεως
164 1576 170 1583 ·
183 1578 194 1591 ι
211 1564 272 1599 καὶ,
285 1578 297 1591 ι
310 1565 400 1596 Θυσία
411 1565 532 1599 αἰνέσεως
544 1565 647 1599 δοξάσει
664 1578 708 1604 με.
723 1579 735 1592 ι·
750 1566 851 1605 Λογικὴ

50 1609 78 1638 δὲ
94 1608 216 1649 λατρεία,
230 1610 260 1639 αὖ
275 1609 354 1646 μόνον
366 1612 384 1646 ἡ
397 1609 441 1638 διὰ
455 1609 534 1648 λόγου
547 1610 610 1648 πρὸς
627 1611 698 1640 Θεὸν
714 1611 851 1650 γινομένη,
871 1608 896 1640 G

52 1653 124 1683 ἀλλὰ
140 1654 186 1683 καὶ
203 1657 220 1690 ἡ
232 1654 302 1684 κατὰ
317 1654 432 1693 Χριστὸν
452 1654 571 1684 πολιτεία
585 1677 592 1690 ,
608 1654 671 1684 ὅταν
692 1655 774 1693 μηδὲν
790 1655 855 1684 ἄλο-

52 1710 100 1736 γον
128 1698 212 1732 πάθος
235 1699 262 1728 ἐν
286 1699 351 1737 ἡμῖν
371 1701 474 1740 κρατῇ,
497 1700 566 1728 ἀλλὰ
587 1701 600 1728 ὁ
623 1699 699 1738 λόγος
720 1700 753 1730 τὰ
767 1700 854 1729 πάντα

52 1744 142 1783 διοικῇ
153 1754 161 1761 ⁸
176 1743 222 1772 καὶ
236 1743 327 1783 ὥσπερ
345 1743 482 1783 ἀρχιερεὺς
498 1743 612 1777 ἕκαστος
627 1745 721 1774 ἑαυτοῦ
733 1744 834 1782 γίνεται
845 1768 852 1778 ,

53 1787 236 1827 ἀποσφάττων
254 1787 303 1821 τὰς
324 1788 394 1821 ἐντὸς
416 1789 526 1824 κακίας,
548 1788 594 1818 καὶ
619 1789 703 1818 δοκῶν
729 1789 770 1818 ἀεὶ
787 1801 854 1828 παρ-

54 1832 167 1862 ιστάναι
192 1834 231 1872 τῷ
255 1833 335 1872 Θεῷ,
351 1832 397 1862 καὶ
421 1835 490 1862 κατὰ
513 1837 604 1862 πᾶσαν
630 1832 725 1872 πρᾶξιν
747 1834 793 1863 καὶ
809 1835 855 1874 ῥῆ-

53 1889 96 1907 σιν
112 1876 184 1907 οὕτω
198 1877 311 1917 φρίττων
322 1900 330 1914 ,
353 1879 389 1910 ὣς
404 1879 418 1907 ὁ
435 1877 587 1918 ἀρχιερεὺς,
607 1878 670 1908 ὅταν
686 1877 748 1918 θείῳ
760 1881 855 1908 θυσια-

53 1921 160 1962 στηρίῳ
173 1921 347 1960 παρίσταται.

96 2025 110 2038 α
129 2011 185 2042 Καὶ
209 2011 246 2049 μὴ
272 2011 517 2051 συσχηματίζεσθαι
532 2011 558 2030 ⁸⁸
581 2013 619 2052 τῷ
649 2013 728 2041 αἰῶνι
753 2010 855 2052 τούτῳ,

55 2055 130 2086 ἀλλὰ
155 2058 388 2096 μεταμορφοῦσθαι
403 2056 428 2074 ⁹⁷
517 2056 696 2086 ἀνακαινώσει
726 2059 772 2086 τοῢ
799 2056 856 2091 νοὸς

55 2101 143 2139 ὑμῶν.
161 2113 173 2126 ιι
199 2100 372 2130 Ὕποτίθεται
395 2103 461 2138 ἡμῖν
485 2100 600 2140 τρόπον,
625 2101 658 2130 δι’
680 2096 709 2130 οὗ
735 2101 856 2136 δυνησώ-

54 2147 126 2183 μεθα
152 2144 200 2181 τὴν
223 2144 332 2184 λογικὴν
354 2146 479 2185 λατρείαν
501 2147 668 2185 κατορθῶσαι
685 2157 691 2164 ·
716 2144 744 2180 ὅς
765 2146 854 2181 ἐστιν,

55 2189 104 2220 ἰὰν
132 2189 170 2227 μὴ
196 2189 460 2229 συσχηματιζώμεθα
482 2191 520 2228 τῷ
542 2191 619 2219 αἰῶνι
643 2189 740 2230 τούτῳ.
769 2190 854 2220 Οὐδὲν

54 2233 110 2274 γὰρ
122 2234 181 2274 ἔχει
195 2234 269 2266 ἑστὸς
280 2233 327 2263 καὶ
343 2233 450 2273 βέϐαιον
462 2256 470 2270 ,
484 2234 553 2263 ἀλλὰ
573 2234 661 2263 πάντα
685 2233 833 2275 πρόσκαιρα
846 2257 854 2272 ,

56 2279 103 2308 καὶ
127 2280 223 2318 σχῆμα
248 2278 326 2317 μόνον
352 2278 460 2318 ἔχοντα,
486 2279 537 2318 οὐχ
556 2278 701 2308 ὕπόστασίν
725 2291 784 2308 τινα
811 2279 856 2308 καὶ

55 2323 151 2353 οὐσίαν
181 2324 305 2362 μόνιμον.
336 2322 386 2358 Μὴ
401 2319 463 2361 οὖν,
491 2324 588 2363 φησὶν,
619 2323 782 2361 δξομοιοῧσθε
811 2324 856 2354 καὶ

56 2367 133 2406 ὑμεῖς
157 2367 243 2408 τούτῳ
259 2369 297 2407 τῷ
321 2368 396 2397 αἰῶνι
421 2368 597 2408 ἆνυποστάτῳ
614 2379 621 2386 ο
647 2368 783 2407 τουτέστι,
808 2368 856 2404 Μὴ

58 2415 180 2452 φρονεῖτε
194 2411 229 2440 τὰ
240 2411 344 2448 τούτου,
358 2425 371 2439 ι
382 2411 452 2442 ἀλλὰ
464 2415 686 2452 μεταμορφοῦσθε
699 2414 731 2449 τῇ
749 2414 858 2442 ἀνακαι-

55 2457 138 2486 νώσει
149 2459 197 2486 τοῦ
210 2456 268 2489 νοὸς
286 2457 371 2495 ὑμῶν,
384 2469 397 2483 ι
410 2457 558 2494 τουτέστιν,
571 2457 613 2486 ἀεὶ
629 2455 772 2487 ἀνακαίνου
783 2468 858 2486 σεαυ-

56 2501 112 2531 τόν.
134 2499 288 2540 Ἥμαρτες;
315 2501 486 2534 ἔπαλαίωσάς
508 2511 556 2530 σου
579 2499 628 2536 τὴν
653 2501 753 2541 ψυχήν.
783 2501 857 2530 Ἀνα-

58 2545 211 2581 ιαινίσθητι
233 2545 323 2576 πάλιν.
353 2545 544 2585 Κατώρθωσάς
565 2557 591 2574 τι
614 2545 726 2586 μικρόνς
741 2545 859 2575 σπούδα-

60 2601 105 2618 σον
119 2589 167 2619 καὶ
181 2591 270 2628 μεῖζον
292 2591 477 2629 κατορθῦσαι,
493 2590 538 2620 καὶ
561 2590 670 2629 γέγονας
685 2589 792 2626 καινὸς,
817 2589 859 2620 ἀεὶ

61 2634 104 2664 ἐπὶ
118 2634 150 2664 τὸ
169 2638 287 2674 κρεῖττον
307 2634 570 2675 μεταμορφούμενος.
587 2633 662 2675 Ὅρα
683 2634 710 2664 δὲ
721 2658 729 2671 ,
744 2636 800 2668 πῶς
813 2634 859 2663 ἐπὶ

62 2678 110 2716 μὲν
123 2681 168 2708 τοῦ
184 2679 286 2718 κόσμου
302 2681 397 2719 σχῆμα
417 2679 542 2717 ὠνόμασε
553 2703 561 2716 ,
585 2679 628 2709 διὰ
653 2679 684 2708 τὸ
705 2679 857 2709 εὐδιάλυτον

97 2735 106 2754 ι
123 2737 175 2765 lsa.
192 2739 274 2770 ι,12.
312 2741 332 2756 ιι
349 2737 422 2766 Psal.
443 2745 530 2771 xux,
548 2740 590 2765 14.

914 326 1050 363 gloriﬁcat
1064 336 1070 353 :
1086 334 1138 355 nos
1153 326 1246 354 itidem
1272 326 1418 354 instituens
1443 326 1479 354 ob
1494 327 1613 363 ingentia
1636 328 1712 356 bona

911 371 1012 407 gratias
1026 379 1106 408 agere
1119 372 1288 408 ,ipsumque
1305 375 1332 399 et
1354 370 1446 400 verbis
1470 375 1498 399 et
1522 371 1577 399 vita
1604 371 1710 407 gloriﬁ—

914 423 986 444 care.

1160 476 1218 512 86
1235 477 1357 505 CAPUT
1374 477 1440 504 ΧΠ.

949 543 1040 570 Vsns.
1066 544 1090 569 1.
1111 553 1123 566 α
1151 541 1274 570 Obsecro
1289 542 1377 577 itaque
1391 549 1449 575 vos,
1461 542 1572 576 fratres,
1590 550 1638 578 per
1658 543 1711 570 mi-

911 586 1063 615 serationes
1086 587 1150 621 Dei,
1168 590 1199 614 ut
1218 586 1369 614 exhibeatis
1392 594 1506 622 corpora
1538 591 1626 614 vestra
1660 587 1710 614 ho-

910 631 991 658 stiam
1001 631 1148 664 viventem,
1164 635 1301 663 sanctam,
1326 632 1385 659 Deo
1403 631 1567 667 placentem,
1585 639 1614 659 ra
1621 631 1710 659 tiona-

911 675 965 702 lem
979 676 1084 703 cultum
1109 680 1240 704 vestrum.
1262 687 1273 700 ο
1290 677 1441 712 Postquam
1464 675 1571 704 abunde
1595 675 1662 704 satis
1676 676 1710 704 de

908 720 1084 756 dogmatibus
1096 720 1176 748 verba
1191 719 1309 752 fecisset.
1320 720 1447 756 deinceps
1464 719 1498 748 ad
1520 727 1630 748 morum
1641 728 1709 756 prve-

908 769 987 800 cepta
998 764 1097 801 pergit.
1116 766 1151 793 Et
1163 773 1228 793 cum
1238 764 1407 793 ineffabilem
1423 765 1471 793 Dei
1481 765 1553 793 circa
1575 773 1632 793 nos
1653 765 1711 794 dis-

909 809 1096 845 pensationem
1122 813 1151 837 et
1186 809 1337 837 bonitatem
1374 809 1556 843 ostendisset,
1586 811 1711 838 obsecrat

909 861 959 881 nos
985 861 1031 889 per
1063 854 1253 882 miserationes
1275 854 1339 890 Dei,
1370 866 1382 878 -
1404 854 1456 882 hoc
1475 858 1532 887 est,
1557 854 1628 890 ipsas
1656 855 1709 883 mi-

908 898 1056 926 serationes
1071 898 1246 927 intermediae
1265 906 1437 934 proponens,
1464 903 1495 926 ut
1513 899 1552 927 vel
1573 899 1645 936 ipsas
1664 908 1709 928 re-

908 943 997 977 veriti,
1012 943 1076 970 nihil
1098 943 1163 979 ipsis
1173 943 1315 979 indignum
1328 948 1499 979 praestemus.
1514 944 1588 980 Quid
1613 949 1709 973 autem

907 988 1054 1015 obsecrat?
1075 988 1115 1015 Ut
1131 987 1309 1016 exhibeamus
1329 996 1446 1024 corpora
1461 992 1564 1021 nostra,
1588 988 1640 1016 hoc
1656 993 1708 1022 est,

908 1036 939 1059 ut
949 1032 982 1060 ad
996 1032 1098 1060 bellum
1125 1040 1295 1068 exponamus
1322 1037 1350 1060 et
1378 1032 1530 1060 tradamus.
1560 1033 1604 1061 Sic
1619 1034 1706 1062 enim.

907 1077 988 1113 vulgo
1001 1076 1056 1105 dici
1067 1077 1137 1105 solet
1160 1085 1166 1103 :
1192 1078 1344 1112 Imperator
1369 1078 1441 1105 acies
1468 1085 1531 1105 suas
1551 1077 1585 1105 ad
1601 1077 1703 1106 bellum

907 1121 1029 1150 exhibuit
1054 1122 1094 1149 vel
1106 1121 1245 1150 instruxit.
1267 1122 1323 1149 Aut
1350 1126 1480 1158 tanquam
1502 1122 1556 1158 regi
1574 1123 1632 1150 Deo
1662 1122 1709 1150 de-

907 1166 1004 1194 bemus
1013 1166 1149 1194 exhibere
1166 1166 1291 1194 membra
1303 1171 1397 1194 nostra
1426 1167 1540 1202 probata
1563 1171 1591 1194 et
1611 1167 1707 1195 electa.

908 1211 986 1239 Tales
1003 1211 1078 1239 enim
1100 1215 1162 1239 sunt
1173 1211 1220 1247 qui
1239 1211 1402 1247 imperatori
1417 1211 1474 1239 sive
1487 1211 1593 1240 militiae
1611 1211 1708 1248 praele-

907 1259 952 1282 cto
973 1255 1116 1283 sistuntur.
1133 1256 1255 1291 Insuper.
1272 1267 1284 1279 ι
1312 1255 1430 1283 hostiam
1463 1256 1598 1283 viventem
1626 1268 1638 1280 ιι
1662 1264 1707 1283 ea-

906 1299 969 1328 dem
980 1299 1168 1328 exhibeamus.
1181 1299 1298 1334 Quando
1308 1300 1379 1327 enim
1393 1308 1423 1328 ea
1437 1300 1708 1333 mortiﬁcaverimus,

906 1348 972 1372 tunc
986 1344 1102 1372 vivimus
1125 1344 1277 1372 secundum
1289 1345 1425 1380 spiritum.
1452 1344 1598 1373 Iudaicum
1613 1345 1708 1381 itaque

905 1389 1070 1417 sacriﬁcium
1095 1397 1150 1416 non
1178 1393 1220 1416 est
1241 1390 1300 1417 Deo
1316 1393 1434 1425 gratum.
1454 1399 1468 1415 α
1483 1389 1551 1425 Quis
1574 1389 1666 1424 enim,
1694 1401 1707 1414 ι

907 1433 1007 1470 inquit,
1032 1446 1044 1458 ει
1068 1433 1213 1470 exquisivit
1235 1433 1294 1461 haec
1320 1433 1354 1462 de
1379 1434 1508 1462 manibus
1523 1432 1666 1462 vestris'?
1693 1444 1707 1460 ι)

907 1478 1043 1507 Fidelium
1075 1482 1167 1506 autem
1197 1478 1372 1512 sacriﬁcium,
1403 1478 1432 1506 id
1457 1483 1510 1513 est,
1539 1478 1704 1507 rationalem

906 1522 1011 1551 cultum
1035 1523 1210 1551 vehementer
1223 1523 1326 1558 expetit
1343 1524 1427 1551 Deus.
1448 1534 1460 1548 κ
1472 1523 1612 1551 Sacriﬁcia
1629 1524 1703 1552 enim

909 1569 976 1602 Deo,
990 1579 1003 1592 ι
1017 1567 1115 1603 inquit,
1127 1578 1140 1593 α
1152 1567 1317 1596 sacriﬁcium
1325 1567 1412 1596 laudis
1423 1577 1429 1595 :
1439 1578 1453 1593 ι»
1463 1571 1502 1601 et,
1514 1579 1526 1592 ιι
1537 1567 1706 1596 Sacriﬁcium

911 1611 996 1640 laudis
1008 1611 1172 1648 gloriﬁcabit
1186 1620 1231 1640 me
1244 1613 1275 1639 ³³.
1294 1624 1306 1636 -
1337 1612 1490 1640 Rationalis
1503 1617 1595 1640 autem
1618 1612 1708 1640 cultus

911 1660 963 1690 est,
975 1665 1032 1684 non
1047 1657 1139 1685 solum
1154 1657 1200 1692 qui
1224 1657 1313 1685 verbis
1330 1656 1365 1685 ad
1388 1659 1478 1685 Deum
1494 1656 1573 1684 factis
1590 1661 1706 1693 praeeta~

909 1705 965 1733 tur,
983 1709 1077 1729 verum
1103 1701 1187 1729 etiam
1207 1702 1262 1729 vita
1277 1706 1320 1730 est
1334 1706 1360 1729 et
1374 1701 1549 1730 conversatio
1571 1701 1708 1730 ecundum

909 1745 1051 1774 Christum
1069 1756 1075 1773 :
1097 1750 1125 1774 et
1146 1745 1259 1782 quando
1288 1746 1378 1774 nullus
1404 1746 1569 1774 irrationalis
1591 1746 1707 1775 affectus

911 1791 939 1818 in
962 1790 1040 1818 nobis
1050 1794 1155 1826 regnat,
1170 1790 1219 1818 sed
1234 1790 1303 1818 ratio
1320 1791 1414 1819 omnia
1430 1791 1582 1826 gubernat;
1599 1794 1626 1818 et
1640 1796 1703 1819 tan-

910 1843 995 1871 quam
1009 1834 1131 1870 pontifex
1145 1835 1259 1870 quisque
1281 1835 1409 1870 suiipsius
1421 1835 1510 1863 iactus
1525 1834 1619 1868 fuerit,
1634 1836 1707 1862 inte-

909 1879 1010 1907 riorem
1023 1879 1158 1907 malitiam
1170 1879 1311 1915 jugulans,
1331 1887 1416 1914 seque
1431 1879 1591 1907 existimans
1601 1887 1710 1914 semper

909 1931 1005 1952 coram
1024 1925 1084 1952 Deo
1099 1928 1180 1959 stare,
1197 1932 1228 1952 ac
1247 1924 1274 1951 in
1295 1923 1371 1952 omni
1387 1931 1468 1958 opere
1481 1927 1509 1951 et
1525 1923 1607 1951 verbo
1622 1923 1709 1951 instar

911 1969 1048 2004 pontiﬁcis
1061 1968 1163 1997 divinat
1175 1976 1231 1997 area
1243 1968 1395 1996 assistentis
1409 1968 1628 2004 perhorrescens.

946 2015 1037 2042 Vns.
1059 2017 1085 2041 2.
1108 2023 1122 2040 ‹‹
1136 2015 1170 2041 Et
1184 2021 1218 2041 ne
1232 2013 1442 2049 conﬁguremini
1458 2012 1521 2040 huic
1531 2012 1644 2046 saeculo,
1660 2011 1707 2040 sed

911 2057 1147 2086 transformemini
1165 2066 1212 2094 per
1222 2057 1430 2094 renovationem
1453 2057 1556 2085 mentis
1566 2060 1678 2085 vestra.
1694 2067 1708 2081 n

912 2103 1026 2131 Modum
1042 2103 1121 2132 nobis
1140 2103 1282 2139 proponit,
1296 2110 1352 2138 quo
1365 2102 1529 2130 rationalem
1546 2103 1653 2130 cultum
1667 2101 1708 2129 vel

912 2147 1073 2176 servitutem
1100 2148 1234 2184 perﬁcere
1250 2155 1383 2183 queamus
1408 2156 1415 2175 :
1449 2147 1498 2183 qui
1526 2151 1580 2180 est,
1604 2146 1627 2175 si
1651 2154 1706 2173 non

911 2192 1117 2229 conﬁguremur
1128 2193 1230 2220 saeculo
1251 2192 1327 2220 huic.
1360 2191 1434 2220 Nihil
1461 2192 1537 2219 enim
1562 2190 1645 2219 habet
1664 2191 1710 2218 vel

912 2237 1008 2266 stabile
1023 2238 1063 2265 vel
1078 2237 1202 2270 firmum,
1223 2237 1272 2265 sed
1291 2237 1384 2265 omnia
1400 2241 1465 2265 sunt
1490 2236 1657 2272 temporaria
1683 2239 1711 2263 et

912 2282 1027 2318 ﬁguram
1039 2286 1147 2310 tantum
1161 2281 1299 2316 habentia,
1316 2289 1372 2309 non
1391 2281 1600 2310 subsistentiam
1611 2287 1708 2316 quam-

911 2326 988 2360 dam,
1003 2330 1031 2355 et
1046 2326 1231 2355 substantiam
1246 2326 1355 2354 ﬁrmam
1369 2334 1416 2354 seu
1439 2329 1655 2362 permanentem.
1668 2325 1710 2352 Ne

912 2371 1014 2407 itaque,
1031 2371 1130 2408 inquit,
1149 2371 1338 2398 assimilemini
1352 2375 1379 2398 et
1397 2378 1447 2399 vos
1472 2370 1536 2398 huic
1556 2369 1657 2398 saeculo
1672 2369 1713 2397 in-

912 2416 1051 2444 constanti
1064 2425 1071 2443 ι
1088 2415 1140 2444 hoc
1155 2419 1208 2449 est,
1224 2417 1265 2443 Ne
1293 2415 1422 2451 cogitate,
1446 2423 1535 2451 neque
1550 2415 1638 2450 sapite
1652 2421 1714 2450 qua:

912 2465 977 2490 sunt
991 2461 1084 2497 hujus,
1110 2469 1123 2487 α
1148 2460 1201 2488 Sed
1224 2459 1461 2488 transformemini
1485 2467 1533 2495 per
1551 2459 1711 2487 renovatio—

913 2513 977 2534 nem
1007 2505 1106 2533 mentis
1131 2509 1245 2537 vestrm,
1262 2514 1276 2530 ιι
1297 2504 1350 2532 hoc
1363 2508 1414 2538 est,
1446 2505 1595 2540 Nunquam
1609 2512 1665 2531 non
1683 2507 1711 2530 te

915 2551 1005 2586 ipsum
1014 2550 1125 2578 innova.
1141 2549 1412 2578 Peccasti?animam
1426 2553 1502 2577 tuam
1514 2552 1636 2576 veterem
1650 2546 1713 2575 red-

913 2593 1007 2622 didisti
1034 2603 1040 2622 :
1069 2594 1198 2622 inn0vare
1224 2601 1329 2622 rursus.
1361 2593 1507 2622 Correxisti
1536 2600 1628 2620 mores
1650 2595 1714 2619 tuos

914 2639 1027 2674 paulum
1044 2641 1057 2668 ἲ
1078 2647 1177 2667 conare
1204 2638 1293 2674 magis
1320 2639 1459 2674 magisque
1485 2637 1642 2668 emendare,
1675 2636 1714 2662 fu-

913 2688 1028 2719 ctusque
1050 2691 1079 2711 es
1093 2691 1189 2717 novus,
1205 2683 1232 2710 in
1247 2683 1346 2710 melius
1359 2691 1468 2718 semper
1498 2680 1716 2710 transformalus

759 2777 855 2807 Varia
878 2777 1028 2807 lectiones.

99 2825 121 2843 ⁸⁵
134 2829 169 2862 τῷ
187 2825 243 2862 Θεῷ
261 2834 287 2854 o.
326 2825 348 2843 "
361 2842 396 2847 —
410 2826 504 2857 τῑζεσθε
519 2835 546 2855 ο.
584 2827 607 2844 ⁹⁷
628 2842 652 2847 ——
667 2827 758 2862 φοῦσθε
775 2835 802 2854 ο.
