1901 3077
207 134 259 160 499

700 131 957 159 THEOPHYLACTI
976 130 1154 159 BULGARle
1174 131 1332 159 ARCHIEP.

1817 131 1864 158 500

206 194 275 223 Vide
289 199 384 223 autem
396 193 536 230 quomodo
563 193 597 222 de
611 193 717 222 mundo
732 193 851 230 ﬁguram
874 193 954 228 dixit,
969 201 1001 222 eo
1016 224 1017 227 η

1081 193 1102 222 ιὶ
1114 193 1287 233 πρόσκαιρον
1310 192 1354 223 ἐπὶ
1374 191 1402 222 δὲ
1414 194 1462 230 τῆς
1484 193 1579 232 ἀρετῆς
1589 215 1598 229 ,
1625 191 1740 233 μορφὴν
1751 216 1760 228 ,
1772 193 1808 226 ὥς
1825 204 1867 232 φυ-

208 239 282 275 quod
303 238 369 266 nihil
393 246 451 266 non
478 238 513 266 sit
537 237 566 265 in
585 238 630 266 illo
658 238 868 274 temporarium,
886 242 914 266 et
930 237 1004 266 facile

209 283 367 312 dissolubile
384 294 389 311 :
408 282 442 310 de
460 282 560 311 virtute
574 290 649 317 vero,
664 283 720 318 87
734 282 853 311 formam
871 291 877 311 :
898 286 929 311 ut
942 290 1004 319 qua:

210 328 361 357 naturalem
390 327 619 364 pulchritudinem
646 331 723 364 gerat
737 335 825 364 neque
845 327 936 364 aliqua
957 335 1004 356 ex-

211 378 352 401 ternarum
380 372 533 408 ﬁgurarum
571 376 833 400 ornamentorumve
870 372 1001 409 indigeat.

212 417 334 445 Mundus
348 417 424 445 enim
436 421 561 451 ornatur,
575 421 607 444 ut
619 424 672 445 nos
684 417 712 445 in
727 416 857 445 fraudem
874 416 1002 445 inducat:

212 462 298 490 virtus
311 466 404 490 autem
426 461 567 498 propriam
589 469 668 490 suam
695 462 813 490 formam
825 461 928 498 absque
942 462 1006 490 fuco

211 507 339 535 ostendit.
358 507 472 542 Semper
485 506 578 543 itaque
603 505 796 535 transformari
820 506 954 535 debemus
965 514 1006 535 se-

211 551 333 580 cundum
352 551 484 579 virtutem
505 551 687 587 iunovarique
701 559 717 579 a
732 551 808 579 malo
835 551 870 580 ad
888 551 1006 586 bonum,

212 600 240 625 et
252 604 268 624 a
282 596 381 624 minori
393 596 495 624 virtute
513 596 550 624 ad
573 595 718 631 majorem.

250 652 262 665 ιι
277 642 318 670 Ut
332 641 452 677 probetis
467 648 516 669 vos
541 648 603 677 quae
617 641 655 668 sit
668 640 793 669 voluntas
813 639 863 668 Dei
882 640 968 675 bona,
981 645 1009 669 et

213 686 282 715 bene
307 686 416 722 placens
428 690 455 713 et
476 685 605 721 perfecta.
627 697 640 711 »
656 685 725 721 Quia
748 684 861 717 dixerat,
889 687 1006 713 lnnove-

213 731 281 759 mini
295 738 414 766 semper,
438 730 501 759 novi
513 730 577 758 facti
594 740 600 758 :
618 730 678 767 jam
690 731 812 766 exponit,
827 729 863 758 ad
876 729 942 766 quid
956 729 1009 758 uti-

214 775 247 803 lis
271 775 306 803 sit
327 775 422 803 isthaee
438 775 539 803 mentis
556 775 697 803 innovatio
720 784 727 802 :
746 774 880 803 nimirum
895 774 930 803 ad
944 774 1008 809 hoc,

216 830 230 846 ‹‹
245 821 285 848 Ut
301 820 422 856 probetis
432 840 440 854 ,
456 831 470 845 ιο
494 819 548 848 hoc
562 824 614 853 est,
629 824 659 847 ut
683 819 847 856 dignoscatis
864 829 878 845 σι
897 827 958 855 quae
973 819 1010 847 sit

1058 238 1132 268 σικὸν
1155 237 1268 278 ἐχούσης
1287 237 1402 275 κάλλος,
1427 236 1472 267 καὶ
1491 236 1565 267 οὐδὲν
1588 236 1723 275 δεόμενον
1744 238 1797 266 τῶν
1812 236 1867 271 ἔξω·

1059 285 1100 312 θεν
1120 282 1268 323 σχημάτων
1292 281 1337 311 καὶ
1355 281 1602 320 καλλωπισμάτων.
1621 281 1661 312 (0
1688 281 1740 320 μὲν
1758 281 1812 321 γὰρ
1827 282 1867 310 χό-

1059 339 1124 365 σμος
1140 327 1353 367 σχηματίζεται,
1371 327 1407 360 ὥς
1422 326 1453 356 ἂν
1474 327 1559 367 κλέψῃ
1575 328 1653 365 ἡμᾶς
1669 337 1676 345 ·
1703 329 1721 362 ἡ
1738 325 1767 355 δὲ
1791 326 1867 366 ἀρετὴ

1058 371 1106 408 τὴν
1144 371 1242 401 οἰκείαν
1279 370 1382 411 μορφὴν
1423 371 1630 410 ἀσχημάτιστον
1674 370 1866 401 ἐπιδείκνυται.

1058 416 1218 457 Ὀφείλομεν
1244 411 1288 445 οὖν
1313 417 1354 445 ἀεὶ
1382 418 1622 457 μεταμορφοῦσθαι
1655 415 1725 445 κατ’
1751 414 1865 454 ἆρει-λν,

1061 460 1290 500 ἄναχαινιζόμενοι
1304 459 1350 490 καὶ
1366 459 1475 490 ἀπὸτοῦ
1492 462 1575 490 κακοῦ
1594 460 1634 494 εἷς
1651 459 1685 489 τὸ
1698 460 1786 489 καλὸν
1799 482 1807 496 ,
1826 460 1867 489 καὶ

1062 506 1114 536 ἀπὸ
1127 507 1174 542 τῆς
1193 506 1332 538 ἐλάττονος
1346 506 1442 545 ἀρετῆς
1462 506 1498 539 εἷς
1517 503 1565 540 τὴν
1580 505 1707 543 μείζονα.

1103 652 1115 666 α
1134 639 1180 673 Εἷς
1199 638 1229 669 τὸ
1252 638 1403 677 δοκιμάζειν
1429 640 1501 677 ὑμᾶς
1520 638 1546 668 τί
1560 638 1591 668 τὸ
1605 639 1720 677 θέλημα
1740 639 1788 667 τοῦ
1802 639 1868 668 Θεοῦ

1062 684 1093 714 τὸ
1107 683 1206 723 ἀγαθὸν
1217 706 1226 720 ,
1246 683 1291 713 καὶ
1307 683 1447 723 εὐάρεστον
1459 705 1467 720 ,
1481 683 1528 712 καὶ
1543 682 1657 713 τέλειον.
1672 696 1684 708 ι
1701 681 1812 720 Εἰπὼν,
1828 682 1865 712 ὅτι

1064 728 1234 760 Ἀνανεοῦσθε
1260 728 1301 758 ἀεὶ
1325 727 1412 759 καινοὶ
1437 728 1572 767 γενόμενοι
1598 727 1649 768 ff.
1682 739 1736 767 γιν.
1752 729 1776 766 ],
1800 726 1867 766 λέγει

1066 776 1127 810 νῦν,
1141 773 1188 803 καὶ
1201 775 1251 802 ποῦ
1270 772 1402 813 ὠφέλιμος
1418 775 1434 808 ἡ
1451 774 1498 802 τοῦ
1519 772 1577 806 νοὸς
1597 772 1785 804 ἂναιιαίνωσκ
1797 783 1804 790 ⁴
1825 772 1867 801 καί

1069 830 1166 860 φησιν,
1192 817 1233 848 ὅτι
1257 831 1269 845 αι
1290 819 1337 851 Εἰς
1359 817 1390 846 τὸ
1414 816 1566 855 δοκιμάζειν
1587 817 1681 856 ὖμᾶς,
1703 831 1716 843 Ι
1737 815 1867 852 τουτέστι,

215 864 343 893 voluntas
357 864 419 892 Dei.
439 876 450 889 υ
472 864 523 893 Cui
537 865 611 892 enim
626 868 668 892 est
680 864 832 893 inveterata
846 872 936 899 meus,
951 872 1009 892 non

1081 862 1244 902 ιαγινώσκειν
1255 885 1264 900 ,
1281 876 1292 890 σι
1308 863 1335 892 τί
1349 862 1378 891 τὸ
1389 861 1493 900 θέλημα
1507 864 1553 892 τοῦ
1567 863 1654 892 Θεοῦ.
1679 875 1692 888 ι
1709 861 1746 892 ⁸0
1758 861 1806 900 μὲν
1820 860 1865 900 γὰρ

213 910 291 938 novit
302 918 364 946 quae
374 910 410 938 sit
426 909 552 938 Voluntas
566 909 617 938 Dei
629 917 635 937 :
652 916 714 946 quae
728 914 777 944 est,
791 910 821 937 in
835 908 931 938 humili
945 908 1012 937 affe-

214 958 260 982 ctu
271 954 365 982 vivere
388 958 415 982 et
441 954 470 981 in
483 958 641 990 paupertate
658 957 686 981 et
699 954 774 982 luctu
799 953 915 990 aliisque
929 954 1013 982 rebus

214 999 249 1027 de
263 998 364 1036 quibus
391 999 449 1035 lege
467 1002 579 1027 cautum
593 1003 647 1027 est.
677 999 825 1027 Innovatus
848 1003 940 1027 autem
954 999 1013 1035 spi-

214 1044 280 1077 ritu,
305 1043 330 1071 is
352 1043 427 1071 novit
441 1051 503 1080 qua:
526 1043 562 1071 sit
587 1043 712 1072 voluntas
736 1043 797 1077 Dei,
823 1051 880 1071 non
901 1043 1014 1079 perinde

216 1097 248 1116 ac
272 1088 360 1116 Judaei
373 1091 481 1122 norant,
497 1088 557 1124 lege
570 1086 684 1116 detenti.
698 1087 841 1123 Siquidem
863 1091 890 1116 et
904 1088 948 1116 lex
962 1087 1014 1116 Dei

216 1133 343 1162 voluntas
358 1136 426 1167 erat,
451 1132 497 1160 sed
509 1140 566 1160 non
579 1132 758 1169 beneplacens
770 1139 858 1168 neque
878 1131 1013 1168 perfecta.

217 1179 279 1206 Non
315 1177 389 1206 enim
416 1177 545 1213 primario
570 1180 598 1205 et
621 1177 757 1213 praecipue
786 1177 839 1204 lata
862 1181 928 1209 erat,
967 1176 1015 1205 sed

217 1225 329 1258 propter
342 1221 453 1249 illorum
463 1221 681 1250 imbecillitatem
694 1229 826 1250 concessa
847 1225 899 1250 est.
923 1220 1014 1250 Perfe-

218 1271 260 1295 cta
279 1270 374 1295 autem
392 1266 518 1294 voluntas
532 1270 559 1294 et
580 1266 759 1302 beneplaeens
783 1269 825 1294 est
837 1267 948 1294 Novum
961 1267 1015 1294 Te-

218 1316 399 1340 stamentum.
415 1313 495 1339 Potes
514 1315 606 1339 autem
631 1311 709 1347 juxta
731 1311 823 1346 Magni
837 1310 929 1338 Basilii
949 1317 1015 1338 sen-

219 1356 331 1384 tentiam
341 1355 381 1384 sic
402 1355 486 1383 etiam
499 1354 643 1391 accipere:
665 1355 752 1383 Multa
778 1355 837 1383 vult
864 1356 949 1387 Deus,
965 1355 1016 1383 alia

218 1401 331 1438 quidem
345 1400 380 1428 ad
398 1400 610 1428 beneficentiam
631 1403 755 1428 nostram
771 1407 833 1435 quae
852 1399 924 1427 bona
934 1399 1016 1427 etiam

219 1445 359 1478 dicuntur,
374 1452 425 1472 ceu
441 1444 564 1472 bonitate
579 1443 682 1472 referta
695 1453 702 1472 :
717 1444 770 1472 alia
784 1451 848 1472 vero
859 1444 925 1478 vult,
950 1451 1017 1480 pro-

1065 901 1135 948 ἔχών
1150 908 1194 937 τὸν
1210 910 1270 938 νοῦν
1294 906 1530 945 πεπαλαιωμένον,
1551 908 1599 937 οὐκ
1624 901 1682 936 οἶδε
1710 906 1741 937 τὸ
1767 906 1865 945 θέλημα

1066 956 1111 983 τοῦ
1126 954 1196 984 Θεοῦ
1212 962 1219 970 ·
1236 953 1302 992 ὅπερ
1322 951 1380 982 ἐστὶ
1400 951 1429 982 τὸ
1444 953 1470 981 ἔν
1486 951 1722 992 ταπεινοφροσύνῃ
1743 952 1804 990 ζῇν,
1824 949 1864 980 καὶ

1066 997 1160 1038 πενίᾳ,
1174 998 1221 1027 καὶ
1234 996 1342 1034 πένθει,
1356 997 1402 1026 καὶ
1422 1000 1475 1030 τοῖς
1494 996 1584 1031 ἄλλοις
1604 992 1862 1038 οἶςῌένομςθέτησεν.

1067 1042 1101 1073 Ὀ
1126 1035 1154 1072 δὲ
1176 1041 1369 1075 ἄναχαινισθεὶς
1387 1042 1425 1081 τῷ
1453 1041 1602 1080 πνεύματι,
1628 1036 1706 1074 οὗτος
1729 1035 1784 1071 οἶδε
1802 1038 1864 1069 τίτὸ

1067 1087 1170 1124 θέλημα
1185 1089 1231 1116 τοῦ
1245 1087 1331 1124 Θεοῦ,
1353 1087 1403 1126 οὔχ
1425 1081 1478 1115 οἷον
1494 1087 1518 1115 οἱ
1537 1085 1668 1116 Ἰουδαῖοι
1689 1085 1789 1126 ᾔδεσαν
1800 1107 1809 1122 ,
1823 1087 1863 1126 τοῦ

1068 1131 1148 1170 νόμου
1165 1131 1325 1172 ἐξεχόμενοι.
1345 1124 1403 1162 Κάῐ
1422 1133 1436 1160 ὁ
1461 1130 1539 1170 νόμος
1565 1130 1614 1170 μὲν
1641 1124 1700 1170 γὰρ’
1720 1129 1821 1167 θέλημα
1833 1124 1862 1164 ἦν

1068 1178 1150 1213 Θεοῦ,
1175 1177 1234 1206 ἀλλ’
1262 1176 1309 1206 οὐκ
1333 1175 1493 1216 εὐάρεστον,
1527 1176 1585 1205 εὐδὲ
1612 1176 1727 1205 τέλειον.
1753 1175 1793 1204 Οὖ
1815 1172 1860 1212 γὰρ

1067 1221 1271 1261 προηγουμένως
1285 1221 1362 1256 ἐδόθη
1371 1243 1379 1257 ,
1394 1220 1463 1250 ἀλλὰ
1473 1220 1516 1250 διὰ
1532 1219 1581 1256 τὴν
1593 1220 1738 1250 ἀσθένειαν
1748 1220 1831 1248 αὐτῶν
1839 1217 1861 1235 ’³

1069 1265 1251 1306 συνεχωρήθη,
1276 1265 1384 1296 Τέλειον
1408 1264 1436 1294 δὲ
1456 1264 1503 1294 καὶ
1524 1265 1669 1305 εὐάρεστον
1690 1267 1708 1301 ἡ
1725 1263 1782 1294 Νέα
1802 1265 1859 1293 Δια-

1069 1310 1148 1347 θήκη.
1173 1310 1292 1340 Δύνασαι
1318 1309 1346 1339 δὲ
1375 1309 1422 1339 καὶ
1450 1308 1521 1339 κατὰ
1545 1309 1591 1339 τὸν
1623 1309 1710 1349 μέγαν
1734 1307 1861 1338 Βασίλειον

1069 1354 1152 1388 οὕτως
1182 1350 1342 1384 ἐκλαϐέσθαι
1359 1363 1367 1371 ”
1395 1355 1490 1384 Πολλὰ
1516 1353 1586 1383 θέλει
1610 1355 1625 1383 ὃ
1652 1353 1739 1392 Θεὸς,
1763 1351 1796 1382 τὰ
1820 1350 1860 1390 μὲν

1069 1399 1135 1439 πρὸς
1157 1399 1305 1439 εὐεργεσίαν
1330 1400 1407 1437 ἡμῶν
1421 1410 1429 1417 ·
1453 1399 1471 1428 ἃ
1486 1398 1530 1428 καὶ
1556 1398 1647 1437 ἀγαθὰ
1667 1397 1808 1436 λέγονται,
1831 1397 1861 1428 ὡς

1071 1444 1232 1482 ἀγαθότητος
1248 1444 1364 1483 γέμοντα
1379 1455 1386 1462 ·
1400 1442 1434 1473 τὰ
1456 1443 1483 1473 δὲ
1510 1442 1554 1472 διὰ
1571 1443 1620 1477 τὰς
1640 1441 1773 1484 ἁμαρτίας
1792 1441 1860 1480 ἡμῶν

221 1494 282 1526 pter
304 1493 413 1525 peccata
441 1492 535 1516 nostra
559 1489 646 1516 iratus
659 1495 720 1524 quae
740 1492 768 1516 et
791 1487 863 1516 mala
890 1488 1017 1517 dicuntur

1081 1488 1140 1519 Ιέλει
1159 1488 1323 1528 ὀργιζόμενος
1336 1497 1343 1505 '
1368 1488 1386 1517 ἃ
1408 1487 1454 1517 καὶ
1470 1487 1541 1517 κακὰ
1562 1487 1707 1527 λέγονται,
1729 1488 1763 1519 ὥς
1785 1485 1862 1514 διέχον

222 1539 252 1562 ut
277 1542 340 1570 qua:
362 1541 414 1562 nos
434 1532 569 1569 affligant,
593 1533 702 1561 etiamsi
724 1536 752 1561 et
765 1532 865 1561 horum
879 1532 943 1561 ﬁnis
965 1533 1019 1562 bo—

222 1586 274 1607 nus
288 1582 339 1607 est.
355 1579 446 1606 Bonas
461 1577 543 1614 igitur
558 1577 608 1606 Dei
619 1577 776 1605 voluntates
788 1585 839 1605 nos
853 1577 955 1606 imitari
970 1577 1019 1606 de-

223 1622 342 1651 bemus:
358 1630 419 1658 quae
441 1625 535 1650 autem
552 1621 589 1650 ad
609 1621 788 1650 afﬂictionem
802 1626 934 1658 spectant,
964 1630 1020 1650 non

224 1667 347 1695 omnino.
360 1668 423 1694 Non
442 1666 516 1694 enim
536 1666 657 1695 ministri
677 1666 814 1695 malorum
838 1674 889 1695 nos
911 1674 1019 1701 sumus,

224 1711 271 1740 sed
285 1711 546 1748 pravaalpotestates.
565 1711 690 1739 Primum
717 1711 801 1747 igitur
814 1710 957 1741 considera
973 1719 1020 1740 vo-

224 1757 358 1785 luntatem
378 1756 440 1790 Dei,
465 1763 534 1784 num
548 1755 622 1784 bona
641 1756 695 1784 sit:
711 1755 808 1784 deinde
830 1756 877 1784 ubi
901 1764 1013 1793 agnove-

225 1801 275 1836 ris,
300 1801 486 1837 contemplare
505 1809 575 1839 num
589 1801 627 1829 sit
639 1800 723 1829 etiam
743 1800 932 1837 beneplacens.
947 1801 1021 1830 Nam

225 1846 313 1874 multa
337 1846 410 1874 bona
429 1849 504 1880 sunt,
527 1853 589 1882 quae
614 1853 704 1882 neque
730 1850 805 1882 grata
831 1850 904 1881 sunt,
932 1854 1023 1883 neque

225 1892 284 1920 Deo
316 1891 460 1928 placentia,
502 1891 636 1928 temporis
673 1890 799 1920 videlicet
821 1898 870 1919 seu
898 1899 1023 1927 persona:

225 1943 307 1964 causa
323 1935 436 1970 :veluti,
450 1937 510 1964 Deo
525 1936 671 1964 incensum
683 1935 793 1963 adolere
815 1935 921 1963 bonum
945 1939 987 1964 est
1015 1945 1022 1964 :

226 1985 254 2008 at
268 1980 343 2009 istud
356 1988 421 2009 cum
433 1981 514 2010 Ozias
529 1979 641 2013 faceret,
656 1979 796 2015 displicuit
806 1980 865 2007 Deo
879 1986 905 2008 υ.
919 1981 953 2009 Et
971 1980 1024 2008 bo-

225 2033 293 2053 num
305 2029 365 2053 erat
384 2024 530 2060 discipulis
553 2024 582 2052 in
595 2024 704 2052 arcanis
730 2023 870 2060 mysteriis
895 2023 1024 2059 institui;

227 2069 274 2098 sed
285 2073 347 2098 ante
355 2073 476 2105 tempus,
492 2076 550 2097 non
571 2068 761 2104 beneplacens.
778 2079 792 2092 α
809 2069 871 2096 Non
898 2068 984 2102 enim,
1008 2079 1023 2096 ι)

227 2114 325 2152 inquit,
350 2113 465 2150 potestis
498 2117 609 2149 portare
642 2112 728 2141 modo
755 2117 778 2141 °.
809 2124 821 2138 υ
838 2113 907 2141 Cum
934 2117 1026 2143 autem

227 2163 256 2188 et
275 2159 380 2188 bonum
395 2163 424 2187 et
436 2158 618 2194 beneplacens
642 2157 734 2192 fuerit,
748 2157 814 2186 dato
828 2165 940 2195 operam
955 2163 986 2188 ut
999 2164 1028 2188 et

227 2204 381 2241 perfectum
395 2203 430 2233 sit
443 2207 472 2231 et
498 2201 669 2236 indeﬂciens,
688 2202 727 2231 ita
742 2202 848 2231 factum
876 2203 917 2232 uti
940 2204 1023 2241 exigi-

227 2253 283 2284 tur,
295 2257 351 2277 non
366 2252 476 2277 curtum
487 2251 514 2276 et
526 2247 655 2276 mutilum
670 2255 677 2275 :
692 2247 810 2284 exempli
825 2247 925 2284 gratia,
941 2256 1024 2284 opro-

1073 1545 1114 1563 σιν
1129 1535 1305 1572 ἐμποιοῦντα,
1329 1531 1415 1563 καίτοι
1439 1532 1598 1562 καὶτούτων
1619 1532 1653 1561 τὸ
1675 1531 1749 1564 τέλος
1764 1529 1859 1570 ἀγαθόν.

1072 1578 1116 1609 Τὰ
1132 1578 1217 1608 τοίνυν
1234 1576 1320 1617 ἀγαθὰ
1335 1581 1381 1607 τοῦ
1397 1578 1467 1608 Θεοῦ
1479 1577 1618 1616 θελήματα
1635 1578 1776 1616 μιμεῖσθαι
1797 1573 1861 1614 ὀφεί-

1074 1626 1154 1662 λομεν
1168 1631 1175 1639 ·
1205 1623 1240 1652 τὰ
1265 1622 1293 1652 δὲ
1320 1622 1384 1662 πρὸς
1408 1621 1540 1658 κάκωσιν,
1558 1622 1588 1651 οὗ
1610 1622 1730 1655 πάντως.
1755 1621 1794 1651 Οὖ
1818 1618 1862 1657 γὰρ

1074 1667 1203 1706 ὑπηρέται
1229 1668 1319 1697 κακῶν
1343 1668 1435 1705 ἡμεῖς,
1461 1666 1518 1696 ἀλλ’
1547 1667 1575 1695 αῖ
1599 1665 1718 1706 πονηραὶ
1737 1663 1859 1702 δυνάμεις.

1076 1713 1187 1753 Πρῶτον
1203 1707 1248 1742 οὖν
1263 1711 1357 1742 σκόπει
1372 1711 1403 1741 τὸ
1419 1711 1523 1750 θέλημα
1538 1714 1584 1740 τοῦ
1598 1711 1675 1741 Θεοῦ
1685 1733 1693 1747 ,
1713 1711 1736 1739 εἰ
1753 1708 1841 1753 ἀγαθον
1851 1715 1859 1753 ι·

1076 1750 1123 1787 εἷθ’
1135 1756 1199 1787 ὅταν
1213 1756 1362 1796 γνωρίσῂς,
1383 1755 1489 1792 σκόπει,
1504 1756 1527 1785 εἰ
1548 1755 1596 1785 καὶ
1613 1755 1764 1796 εὐάρεστον.
1780 1750 1861 1783 Πολλᾶ

1075 1801 1127 1842 γὰρ
1142 1801 1228 1842 ἀγαθὰ
1240 1801 1304 1831 ὄντα
1313 1824 1321 1839 ,
1340 1801 1388 1830 οὐχ
1397 1801 1528 1842 εὖάρεστοξ
1541 1802 1625 1840 εἰσιν,
1636 1800 1655 1836 ἢ
1669 1799 1744 1839 παρὰ
1757 1797 1798 1828 τὸν
1811 1806 1861 1842 Ital:

1078 1840 1138 1886 ρὸν,
1185 1845 1259 1886 παρὰ
1273 1845 1303 1874 τὸ
1314 1846 1464 1885 πρόσωπον.
1489 1840 1565 1881 Οἷον,
1586 1845 1617 1876 τὸ
1632 1847 1729 1885 θυμιᾷν
1749 1843 1785 1882 τῷ
1806 1841 1859 1886 Θεῷ

1078 1883 1175 1930 οἰγαθόν
1198 1883 1268 1920 ἐστιν
1286 1899 1292 1907 ·
1320 1883 1379 1919 ἀλλ’
1406 1891 1420 1919 ὁ
1442 1889 1535 1924 Ὀζίας
1556 1889 1689 1927 ποιήσας,
1706 1883 1758 1919 οὐκ
1784 1883 1860 1930 εὐηρέ-

1077 1929 1170 1971 στησε.
1190 1935 1245 1966 Καὶ
1259 1934 1339 1964 καλὸν
1355 1930 1386 1971 ἦν
1401 1933 1431 1964 τὸ
1454 1937 1507 1967 τοῖς
1527 1935 1660 1972 μαθηταῖς
1683 1932 1718 1962 τὰ
1737 1929 1857 1971 μυστήρια

1078 1982 1251 2016 πιστευθῆναι
1268 1988 1275 1995 ⁵
1289 1978 1358 2010 ἀλλὰ
1371 1978 1423 2019 πρὸ
1437 1981 1546 2018 καιροῦ,
1558 1979 1606 2007 οὐκ
1629 1977 1779 2018 εὐάρεστον.
1797 1986 1810 2002 ι

1078 2024 1129 2065 γὰρ
1146 2024 1272 2064 δύνασθε,
1288 2037 1300 2051 ιι
1313 2023 1378 2064 φησὶ
1387 2015 1399 2061 ,I
1410 2037 1423 2051 ι
1440 2015 1531 2065 νῦν-ξ’
1547 2015 1702 2061 βαστάζειν,
1714 2036 1726 2048 ι
1736 2019 1819 2065 Ὅταν

1079 2059 1126 2100 etei
1146 2068 1242 2109 ἀγαθὸν
1264 2068 1310 2098 καὶ
1331 2068 1472 2109 εὐάρεστον
1490 2063 1522 2107 ᾗ,
1535 2067 1687 2097 σπούδασον
1703 2066 1746 2096 ἵνα
1763 2063 1805 2094 καὶ
1823 2059 1857 2090 τί·

1080 2116 1148 2144 λειον
1164 2113 1211 2144 καὶ
1225 2113 1362 2147 ἀνελλιπὲς
1374 2108 1402 2153 ᾗ,
1420 2113 1488 2143 οὕτω
1502 2113 1640 2152 γινόμενον
1654 2113 1690 2146 ὥς
1703 2112 1857 2153 ἐπαιτεῖται,

1042 2178 1067 2210 D
1081 2159 1127 2188 καὶ
1142 2159 1180 2210 μὴ
1195 2157 1322 2210 κολοϐιῗις.
1331 2151 1434 2210 91:63,,
1443 2158 1481 2187 δεῖ
1496 2151 1667 2210 μεταδξόηι
1687 2157 1714 2210 ἐρ
1729 2151 1857 2210 ἀπλέτῖιῖίν

1080 2194 1214 2240 τουτέστι,
1237 2203 1306 2242 μετὰ
1329 2203 1466 2243 δαψιλείας
1480 2194 1551 2231 ’.ἐὰν
1572 2197 1619 2231 οὖν
1643 2200 1711 2237 μετὰ
1735 2194 1857 2239 φειδωλίας

1079 2247 1198 2287 γίνεται,
1214 2249 1244 2278 οὖ
1258 2248 1289 2278 τὸ
1300 2247 1400 2278 τέλειον
1415 2247 1510 2287 μίτραν
1531 2246 1609 2287 ἔσχεν
1624 2249 1642 2283 ἡ
1663 2244 1806 2286 μετάδοσις-

228 2297 267 2321 tet
284 2292 420 2329 impertiri
434 2292 463 2320 in
481 2291 666 2328 simplicitate,
679 2291 732 2320 hoc
748 2296 790 2320 est
802 2300 866 2321 cum
879 2292 1046 2324 liberalitate
1064 2297 1128 2325 :sin
1147 2305 1227 2333 parce
1241 2297 1299 2331 ﬂat,
1326 2304 1382 2324 non
1396 2295 1493 2324 habuit
1513 2294 1665 2331 perfectam
1679 2294 1729 2322 ista
1746 2294 1856 2319 ωωωυ·

227 2338 330 2366 nicatio
344 2345 515 2365 mensuram.

264 2383 353 2410 Vnus.
369 2385 394 2410 3.
419 2392 432 2406 σι
453 2381 522 2410 Dico
537 2382 611 2410 enim
626 2389 673 2418 per
690 2382 807 2419 gratiam
821 2382 871 2411 Dei
887 2390 949 2419 quae
961 2382 1026 2412 data

229 2431 271 2456 est
281 2427 362 2461 mihi,
377 2426 486 2455 cuilibet
501 2427 546 2463 qui
563 2431 606 2456 est
622 2427 693 2456 inter
707 2435 766 2462 vos,
781 2435 838 2456 non
853 2428 925 2456 ultra
940 2435 1034 2464 quam

228 2475 341 2507 oportet
355 2479 460 2507 sapere.
485 2483 499 2496 ν
539 2473 595 2501 Ceu
617 2471 734 2500 humilia
763 2475 896 2508 perpetuo
917 2473 1026 2508 spirans

231 2517 335 2548 Paulus,
356 2524 493 2553 nusquam
517 2524 549 2546 eo
571 2516 626 2546 ﬁde
640 2516 753 2553 dignum
771 2516 870 2553 jactat;
891 2517 940 2546 sed
958 2517 1026 2546 alias

229 2561 418 2590 miserationes
436 2561 499 2596 Dei,
531 2561 599 2590 alias
623 2569 687 2590 vero
711 2561 832 2598 gratiam
857 2561 1030 2591 mediatrices

229 2607 364 2644 proponit.
382 2609 444 2635 Non
466 2614 571 2642 meum,
585 2606 684 2642 inquit,
698 2614 854 2635 sermonem
876 2608 934 2644 88
956 2607 1032 2642 dico,

265 2693 278 2708 ιι
290 2687 414 2717 llParal.
429 2695 516 2722 xxvx,
533 2690 574 2717 16.
614 2688 718 2717 °Joan.
735 2695 802 2723 xvr,
822 2691 864 2716 I2.

1124 2391 1136 2405 α
1153 2377 1232 2417 Λέγω
1245 2377 1297 2417 γὰρ
1312 2376 1356 2407 διὰ
1367 2378 1414 2413 τῆς
1428 2376 1535 2416 χάριτος
1546 2378 1594 2406 τοῦ
1612 2377 1682 2406 Θεοῦ
1699 2374 1745 2409 τῆς
1756 2367 1856 2417 δοθείξηξ

1080 2434 1140 2462 μοι,
1154 2408 1240 2452 Ῠπαντὶ
1306 2421 1363 2452 ὄντι
1383 2408 1412 2452 εἶ
1426 2408 1506 2459 εμῗν,
1526 2408 1570 2459 Ἶμὴ
1588 2421 1755 2461 ὃπερφρονεῑν
1767 2412 1824 2463 πξβ
1841 2408 1855 2463 ξ

1079 2459 1121 2497 δεῖ
1133 2459 1247 2509 ιῃρονιῖν.
1266 2459 1344 2500 ν-Ὡς
1367 2465 1548 2506 ταπεινόφρων
1572 2467 1586 2495 ὁ
1609 2459 1732 2498 Πάῧλος,
1755 2459 1854 2509 uiderim:

1080 2498 1230 2544 ἀξιόπιστον
1251 2498 1343 2542 ἑαυτόν
1367 2522 1463 2552 φησιν,
1483 2498 1558 2540 ’ἀλλὰ
1583 2508 1648 2539 ποτὲ
1669 2509 1732 2548 μὲν,
1747 2501 1809 2552 ’τοὺς
1825 2498 1855 2528 οῖ’

1083 2555 1208 2596 χτιρμοὺς
1222 2557 1268 2586 τοῦ
1283 2556 1356 2586 Θεοῦ
1365 2550 1379 2595 ,⁷
1393 2555 1501 2595 «irriget
1510 2578 1519 2594 ,
1534 2555 1583 2591 τὴν
1602 2554 1680 2595 χάριν
1693 2550 1794 2591 μισέω(
1803 2553 1856 2596 ’ξΡν

1084 2587 1224 2632 ϐάλλεται.
1242 2601 1300 2631 Οὖιι
1313 2587 1383 2640 ,ἐμὸν
1402 2587 1481 2640 λόγᾶν
1733 2596 1754 2636 ξίν
1771 2587 1853 2632 Ῡησὶνν

923 2739 1018 2770 Variae
1039 2738 1193 2769 lectiones.

267 2785 288 2802 θ’
302 2785 400 2812 ἐκείνων
415 2793 441 2814 o.
480 2785 502 2802 9°
519 2786 574 2822 ἄρτι
588 2793 616 2814 o.
