1901 3077
68 122 120 150 501

518 122 692 151 EXPOSITIO
711 123 745 151 IN
764 122 869 151 EPIST.
889 122 935 151 AD
954 122 1036 151 R0].
1056 137 1090 143 —
1109 123 1185 151 CAP.
1205 123 1256 151 Xll.

1669 126 1721 153 502

68 183 141 213 ἀλλὰ
154 183 200 213 τὸν
219 183 274 214 ἀπὸ
288 185 334 214 τοῦ
349 185 436 223 Θεοῦ,
457 184 486 215 ὃν
505 186 524 220 ἡ
544 185 621 225 χάρις
637 186 718 215 αὐτοῦ
734 185 873 216 ὶνέπνευσέ
886 187 911 218 Α
926 193 942 212 ε

954 185 975 213 :d
993 193 1057 213 eum
1079 193 1163 222 quem
1187 193 1202 213 a
1224 186 1281 213 Deo
1301 185 1402 222 accepi,
1424 193 1505 222 quem
1526 187 1613 223 gratia
1637 187 1722 224 ipsius

68 240 127 266 μοι.
143 228 232 259 Παντὶ
247 228 274 259 δὲ
288 230 359 268 λέγει
375 229 396 266 ⁸,
412 228 458 259 καὶ
471 229 579 270 ἰδιώτῃ,
591 230 637 259 χαὶ
650 230 777 271 ἄρχοντι,
791 243 802 256 ι
818 229 868 265 Μὴ

67 275 242 313 ὑπερφρονεῖν
256 274 322 314 παρ’
340 273 354 303 ὃ
369 274 409 303 δεῖ
428 278 540 314 φρονεῖν·
555 287 568 302 ι
589 274 652 314 περὶ
675 276 722 311 τῆς
743 285 868 304 ταπεινο-

69 317 204 359 φροσύνης
231 318 415 358 διαλεγόμενος
441 320 563 359 πρῶτον,
589 318 680 360 ὥσπερ
703 319 750 349 καὶ
768 321 783 349 6
811 319 869 350 Κύ-

70 373 141 402 ριος,
157 363 206 393 ἀπ’
228 363 310 398 αὐτῆς
325 363 425 402 ἤρξατο
441 370 450 379 ⁸
477 377 490 390 ι
507 363 644 404 Μακάριοι
658 365 682 394 οἱ
703 364 807 405 πτωχοὶ
827 366 865 404 τῷ

75 406 221 446 πνεύματι.
239 420 252 434 ι
269 407 305 439 ⁸0
320 408 347 438 δε
360 407 447 446 λέγει,
459 408 577 439 τοιοῦτόν
592 409 648 439 ἐστι
662 419 669 426 ·
685 410 732 439 Δεῖ
745 408 793 448 μὶν
809 420 871 450 φρο-

72 455 145 488 νεῖν,
159 451 296 482 τουτέστιν
305 476 313 489 ,
327 452 429 493 ὒψηλὸν
448 453 576 492 λογισμὸν
588 453 669 494 ἔχειν,
680 452 750 483 ἀλλὰ
761 453 826 493 πρὸς
840 454 871 484 τὸ

68 497 173 537 φρονεῖν
196 496 230 526 τὰ
251 497 380 538 οὐράνια,
409 498 455 527 καὶ
476 498 649 539 ὑπερκεῖσθαι
674 499 727 528 τῶν
751 499 870 539 γεηρῶν,

66 541 128 582 οὐχὶ
152 541 218 582 πρὸς
240 541 273 572 τὸ
297 543 350 572 τῦν
375 543 509 582 ὁμογενῶν
535 542 746 583 ιιατεπαῖρεσοαι
761 552 768 560 ·
792 545 871 574 τοῦτο

65 585 122 626 γάρ
136 586 194 616 ἔστι
208 585 238 616 τὸ
251 587 433 628 ὑπερφρονεῖν.

109 688 123 701 ι
144 674 226 706 Ἀλλὰ
246 679 350 717 φρονεῖν
372 676 408 710 εἰς
432 675 463 706 τὸ
486 677 642 717 σωφρονεῖν.
669 690 682 703 ι
717 675 869 715 Ἐλάϐομεν

67 719 121 760 γὰρ
142 720 284 761 φρόνησιν,
306 721 356 761 οὐχ
377 719 422 750 ἵνα
446 721 484 755 εἷς
516 721 643 751 ἀπόνοιαν
669 721 736 761 αὐτῇ
762 720 871 762 χρησώ-

69 767 141 802 μεθα
154 786 163 801 ,
175 765 235 795 ἀλλ’
249 763 294 795 ἵνα
305 766 341 799 εἰς
354 766 528 806 σωφροσύνην
538 789 547 803 ,
561 765 709 803 τουτέστιν,
725 767 762 800 εἰς
776 777 866 796 ταπει-

67 809 240 850 νοφροσύνην.
262 809 344 840 Οὕτω
360 809 388 840 δὲ
405 807 477 840 εἷπεν
487 832 496 848 ,
510 808 556 840 ἵνα
570 810 657 850 δείξῃ,
669 811 710 841 ὅτι
728 813 743 840 6
762 809 801 850 μὴ
816 823 868 841 τα-

67 855 254 907 Ῑιεινοφρρνῶν
279 854 440 907 luperci“
469 854 520 907 uel
555 854 679 907 ‘E‘F‘l‘qx‘l
795 855 869 907 ῐδῐορν
885 875 909 907 Β

66 897 205 938 λογισμῶν
220 907 228 915 “
243 900 258 929 6
275 898 303 928 δὲ
325 901 537 940 ταπεινοφρονῶν
565 899 637 934 σώας
657 899 712 941 ἔχει
735 899 786 934 τὰς
799 898 868 941 φρέ-

65 954 114 976 νας
130 951 138 959 ⁸
153 943 200 977 καὶ
212 943 256 973 διὰ
269 945 349 974 τοῦτο
364 943 470 984 λέγεται
486 949 642 986 σωφρονεῖν.

106 1047 119 1059 ι
135 1031 265 1073 Ἕιιᾶστῳ
285 1034 322 1067 ὡς
340 1034 354 1062 6
370 1033 438 1068 Θεὸς
461 1033 567 1074 ιμέρισε
591 1033 688 1074 μέτρον
712 1032 836 1067 πίστιοκ.
854 1047 866 1061 ι

66 1077 181 1115 Εἰπὼν,
202 1077 242 1108 ὅτι
257 1078 295 1108 δεῖ
310 1080 381 1117 ἡμᾶς
402 1077 441 1116 μὴ
464 1081 651 1120 ὗτεερφρονεῖν,
665 1078 736 1108 ἀλλὰ
758 1090 865 1119 σωφρο-

63 1124 136 1160 νεῖν,
160 1125 205 1152 νῦν
228 1121 300 1162 λέγει
323 1123 380 1156 πῶς
400 1123 441 1152 δεῖ
463 1127 608 1163 σωφρονεῖν
624 1133 629 1138 ·
649 1122 695 1153 καί
709 1134 789 1164 φησιν
801 1146 811 1160 ,
825 1122 866 1152 ὅτι

63 1165 138 1196 οὕτω
159 1167 198 1197 δεῖ
221 1171 385 1208 σωφρονεῖν,
407 1168 443 1201 ὣς
470 1166 670 1206 λογιζομένους,
695 1166 735 1197 δτι
761 1167 866 1206 istim

63 1211 189 1251 ἐμέρισεν
214 1212 229 1241 6
254 1211 323 1245 Θεὸς
347 1210 444 1252 μέτρον
469 1212 591 1246 πίστεως.
618 1210 733 1248 Ἐπειδὴ
757 1211 809 1252 γὰρ
829 1211 865 1242 τὰ

62 1255 225 1296 χαρίσματα
241 1256 343 1294 μαλλον
359 1257 397 1290 εἰς
408 1255 537 1286 ἀπόνοιαν
556 1258 638 1296 ὶιτῆρε
656 1255 714 1290 τοὺς
728 1256 844 1290 πολλοὺς
856 1280 862 1291 ,

62 1300 100 1330 δι’
117 1300 184 1330 αὐτὸ
206 1302 299 1337 τοῦτο,
321 1301 401 1341 φησὶ,
426 1301 466 1330 δεῖ
487 1301 645 1342 σωφρονεῖν,
668 1302 735 1331 διότι
761 1303 775 1330 6
795 1300 864 1335 Θεὸς

61 1345 188 1385 ἐμέρισεν
212 1345 316 1386 ἑκάστῳ
338 1345 369 1375 τὸ
395 1348 490 1384 μέτρον
514 1347 561 1382 τῆς
585 1346 710 1380 πίστεως.
738 1344 785 1381 Μὴ
812 1344 864 1385 γὰρ

62 1390 112 1420 σὺν
135 1390 298 1430 κατόρθωμα
322 1392 413 1426 τοῦτο,
444 1390 515 1420 ἀλλὰ
540 1390 662 1430 χάρισμά
684 1392 742 1421 ἐστι
770 1392 838 1420 θεῖον
852 1399 861 1408 ·

62 1435 116 1464 κᾶν
131 1434 217 1474 μέγα,
231 1434 280 1465 κᾶν
299 1434 395 1475 μικρὸν
407 1456 415 1471 ,
433 1436 448 1464 6
459 1436 527 1468 Θεὸς
541 1437 620 1465 τοῦτο
634 1435 745 1465 δέδωκε.
765 1434 861 1464 Πίστιν

923 229 1065 266 inspiravit
1085 229 1165 258 mihi.
1183 239 1198 256 ε
1211 229 1330 258 Cuilibet
1345 242 1358 254 -
1375 235 1471 259 autem
1485 231 1530 259 hie
1543 232 1624 260 verba
1645 232 1721 267 facit,

922 278 951 302 et
963 274 1070 311 privato
1081 277 1109 303 et
1116 275 1306 311 magistratum
1316 275 1434 311 gerenti,
1447 286 1460 300 -
1473 276 1535 303 Non
1544 284 1640 312 sapere
1651 278 1722 306 ultra

923 327 1007 356 quam
1020 323 1146 355 oporteat
1160 329 1167 348 :
1191 331 1203 344 ι
1221 319 1257 348 de
1270 319 1423 348 humilitate
1437 320 1560 356 primum
1573 321 1720 356 disserens,

923 364 994 393 sicut
1007 369 1036 392 et
1049 364 1187 393 Dominus
1205 364 1241 392 ab
1252 364 1310 400 ipsa
1325 365 1410 393 etiam
1424 373 1505 393 orsus
1517 369 1559 394 est
1579 374 1587 393 :
1611 377 1624 390 ι
1644 367 1722 395 Beati

923 417 1058 445 pauperes
1080 408 1177 446 spiritu
1198 413 1212 432 P
1227 431 1234 437 .
1258 420 1270 434 ι
1287 409 1368 444 Quod
1383 413 1478 438 autem
1492 410 1542 444 ait,
1564 414 1607 438 est
1626 409 1722 447 hujus-

925 453 1000 482 modi
1016 462 1023 482 :
1038 455 1153 490 Oportet
1171 453 1286 490 quidem
1298 461 1408 490 sapere,
1423 453 1476 482 hoc
1498 459 1552 489 est,
1568 455 1653 484 altam
1676 463 1722 484 σοι

923 498 1086 534 gitationem
1107 498 1217 532 habere,
1240 498 1289 527 sed
1313 498 1363 532 ita,
1388 502 1419 526 ut
1436 499 1564 527 caelestes
1587 507 1631 528 res
1655 499 1725 529 affe-

924 547 1042 577 ctemus.
1065 547 1150 580 atque
1167 550 1250 579 super
1272 543 1411 571 terrestria
1439 543 1588 578 elevemur,
1611 552 1668 573 non
1692 550 1724 573 ut

923 591 1021 616 contra
1036 587 1131 616 fratres
1146 591 1175 616 et
1190 587 1332 623 proximos
1345 587 1509 623 efferamur;
1525 588 1577 618 hoc
1591 590 1667 618 enim
1680 595 1722 619 est

924 639 1019 668 sapere
1036 633 1106 661 ultra
1119 639 1205 669 quam
1224 636 1344 668 oportet.

962 687 976 702 α
989 677 1042 705 Sed
1064 685 1162 713 sapere
1176 676 1210 705 ad
1224 676 1414 706 sobrietatem.
1435 689 1450 702 ι
1467 678 1632 714 Accepimus
1645 680 1719 708 enim

921 721 1083 757 sapientiam
1094 729 1152 750 non
1164 726 1194 750 ut
1211 721 1245 750 ad
1260 722 1446 758 arrogantiam
1457 722 1607 751 abutamur
1614 732 1656 758 ea,
1670 725 1718 753 sed

921 766 956 795 ad
970 766 1149 795 sobrietatem
1164 771 1192 795 et
1203 766 1430 800 moderationem,
1444 767 1496 795 hoc
1510 772 1562 801 est,
1576 768 1610 796 ad
1626 769 1718 797 humi-

923 811 1037 840 litatem.
1056 813 1122 840 Hec
1134 811 1170 839 ita
1185 811 1293 840 locutus
1307 815 1359 846 est,
1374 815 1406 840 ut
1418 812 1576 841 ostenderet
1593 821 1658 842 eum
1672 815 1720 850 qui

924 863 978 884 non
1003 856 1154 890 humiliter,
1178 856 1225 884 sed
1238 860 1402 891 arroganter
1424 864 1454 885 se
1476 857 1601 893 gesserit,
1625 862 1653 886 et
1666 859 1719 887 im-

924 901 1031 937 pegisse
1048 905 1076 929 et
1096 900 1229 929 excidisse
1248 909 1264 929 a
1285 901 1402 937 propriis
1420 902 1641 938 cogitationibus.
1659 904 1718 932 Hu-

921 946 996 974 milis
1016 949 1109 974 autem
1140 945 1296 974 incolumes
1316 946 1461 983 salsosque
1481 955 1579 975 sensus
1600 947 1684 976 habet
1711 958 1718 977 :

921 994 1064 1027 propterea
1076 989 1177 1019 dicitur
1190 998 1250 1018 esse
1264 990 1381 1019 sobrius.

957 1046 970 1059 ι
986 1034 1145 1071 Unicuique
1164 1035 1235 1063 sicut
1258 1037 1333 1064 Deus
1356 1035 1472 1071 partitus
1493 1040 1535 1064 est
1559 1044 1718 1066 mensuram

920 1079 993 1109 ﬁdei.
1010 1091 1024 1104 ι
1038 1080 1110 1108 Cum
1131 1079 1245 1108 dixisset
1268 1087 1319 1108 nos
1340 1087 1398 1108 non
1415 1084 1542 1116 oportere
1565 1082 1719 1118 superbire,

919 1123 968 1153 sed
990 1124 1131 1153 modestos
1153 1131 1212 1153 esse
1229 1128 1257 1153 et
1276 1124 1404 1159 humiles,
1423 1133 1497 1153 nunc
1521 1126 1640 1154 ostendit
1662 1135 1716 1163 qua

919 1169 1025 1197 ratione
1045 1168 1153 1197 sobrios
1170 1176 1230 1197 esse
1245 1168 1381 1205 oporteat,
1398 1170 1536 1206 inquiens.
1558 1171 1596 1199 ita
1611 1171 1718 1200 sobrios

917 1220 977 1241 esse
988 1218 1127 1250 oportere,
1144 1217 1302 1249 reputantes
1316 1221 1427 1250 nempe,
1442 1214 1517 1250 quod
1529 1215 1628 1251 cuique
1644 1217 1719 1245 Deus

919 1258 1033 1294 partitus
1053 1262 1094 1286 est
1118 1265 1277 1287 mensuram
1297 1257 1371 1286 ﬁdei.
1389 1259 1621 1295 Quandoquidem
1644 1261 1717 1289 enim

918 1302 992 1332 dona
1006 1303 1050 1331 illa
1061 1303 1218 1339 complures
1232 1303 1262 1331 in
1275 1304 1462 1339 arrogantiam
1477 1303 1639 1339 efferebant,
1654 1306 1718 1333 Pro-

919 1351 979 1383 pter
998 1347 1051 1376 hoc
1071 1347 1172 1383 ipsum,
1199 1347 1296 1383 inquit.
1323 1347 1449 1376 modeste
1470 1349 1572 1377 sentire
1595 1354 1716 1385 oportet,

917 1392 990 1428 quod
1011 1393 1086 1420 Deus
1100 1392 1247 1428 unicuique
1270 1392 1334 1421 ﬁdei
1356 1400 1514 1421 mensuram
1535 1395 1651 1429 partitus
1668 1395 1716 1422 sit.

917 1437 980 1465 Non
994 1436 1071 1465 enim
1085 1441 1132 1465 tua
1148 1437 1233 1465 virtus
1254 1436 1359 1471 isthme,
1375 1445 1465 1473 neque
1478 1442 1558 1466 tuum
1581 1447 1650 1474 opus
1663 1443 1716 1473 est,

61 1480 90 1509 δὲ
105 1480 220 1509 ενταῦθα
234 1479 265 1509 τὸ
287 1479 409 1520 χάρισμα
422 1480 511 1519 λέγει,
532 1480 558 1509 ἐν
580 1475 603 1519 ᾧ
617 1479 861 1523 έθαυματοόργουν.
877 1484 899 1516 C
914 1489 942 1509 se

954 1481 962 1510 l
980 1481 1106 1510 divinum
1125 1481 1232 1510 donum
1254 1490 1261 1510 :
1284 1482 1342 1510 sive
1357 1489 1490 1519 magnum
1510 1483 1568 1512 sive
1588 1484 1716 1520 exiguum

60 1523 99 1556 Ἦ
115 1523 168 1564 γὰρ
180 1523 269 1558 πίστις
291 1524 366 1560 διττή
386 1535 393 1543 ·
408 1526 424 1560 ἡ
437 1524 485 1562 μὲν
505 1525 599 1561 ἡμῶν,
614 1526 650 1558 ὣς
670 1525 718 1561 τὸ,
734 1537 746 1550 ι
763 1523 798 1554 Ἡ
817 1523 861 1553 π(-

61 1580 120 1602 στις
136 1579 184 1598 σου
208 1567 309 1598 σέσωκέ
327 1579 357 1598 es
369 1579 377 1587 θ
392 1579 408 1598 s
435 1571 452 1605 ἡ
473 1569 501 1599 δὲ
520 1569 590 1599 Θεοῦ
606 1569 705 1608 δῶρον,
721 1568 755 1598 δι’
771 1564 802 1604 ἧς
817 1567 863 1598 καὶ

60 1613 189 1651 θαύματα
205 1613 338 1653 γίνονται,
361 1615 397 1647 ὥς
419 1613 468 1653 τὸ,
497 1625 511 1642 ε
527 1612 595 1645 Ἐὰν
620 1614 700 1654 ιχητε
722 1613 813 1643 πίστιν
828 1614 864 1648 ὡς

60 1659 160 1688 κόκκον
178 1659 328 1697 σινάπεως,
350 1659 434 1699 ἐρεῖτε
449 1660 487 1698 τῷ
512 1658 569 1699 ὄρει
594 1659 694 1699 τούτῳ,
720 1657 864 1694 Μετάϐηθι

61 1704 184 1732 ἐντεῦθεν
204 1703 259 1733 ἐκεῖ
269 1725 279 1740 ,
295 1703 342 1733 καὶ
354 1702 549 1741 μεταϐήσεται.
570 1715 585 1731 ι

107 1850 123 1868 a
140 1839 272 1880 Καθάπερ
288 1839 340 1881 γὰρ
354 1841 380 1870 έν
395 1840 433 1872 ἑνὶ
446 1839 555 1879 σώματι
569 1839 656 1870 πολλὰ
671 1839 739 1878 μέλη
753 1838 863 1879 ἔχομεν,

61 1884 153 1914 πάντα
169 1883 197 1914 δὲ
217 1884 251 1913 τὰ
267 1883 335 1923 μέλη
351 1885 381 1914 οὔ
405 1883 454 1920 τὴν
472 1884 554 1920 αὐτὴν
579 1884 636 1924 ἔχει
658 1883 751 1924 πρᾶξιν
765 1893 772 1901 ⁸
794 1882 864 1914 οὕτω

62 1928 111 1959 καὶ
129 1929 154 1959 οἱ
165 1929 260 1959 πολλοὶ
280 1927 307 1958 ἓν
325 1929 405 1968 σῶμά
420 1931 500 1968 ἐσμεν
515 1930 542 1959 ἐν
552 1931 666 1969 Χριστῷ
684 1938 691 1946 ·
701 1930 715 1958 6
732 1928 758 1958 δὲ
775 1930 864 1961 καθεῑς

63 1973 167 2013 [υκις.
185 1975 245 2004 καθ’
259 1969 328 2013 sic],
346 1973 470 2009 ἀλλήλων
491 1973 570 2012 μέλη.
584 1985 598 2003 η
617 1975 666 2014 Τῷ
681 1975 726 2003 τοῦ
739 1972 863 2010 σώματος

60 2018 109 2047 καὶ
138 2020 191 2048 τῶν
211 2019 300 2056 μελῶν
323 2018 498 2057 διεοδείγματι
522 2019 553 2048 τὸ
567 2018 636 2057 μέγα
658 2020 705 2054 τῆς
727 2019 861 2060 ὑπερφρο-

61 2062 144 2100 σύνης
159 2062 268 2103 ἔπαρμα
283 2066 414 2103 καθαιρεῖ.
430 2062 540 2104 Ὥσπερ
561 2063 614 2103 γὰρ
630 2063 660 2092 τὸ
673 2065 754 2101 σῶμα
768 2062 796 2093 ἓν
812 2063 862 2102 μέν

60 2107 118 2137 ἐστι
129 2129 139 2146 ,
154 2106 268 2148 διάφορα
285 2107 312 2137 δέ
329 2107 397 2145 μέλη
411 2107 466 2148 ἔχει
477 2129 485 2143 ,
506 2107 644 2148 διαφόρους
663 2106 771 2147 πράξεις
787 2108 859 2148 ἄνερ-

919 1525 1013 1560 fuerit.
1034 1527 1109 1554 Deus
1128 1531 1202 1554 certe
1222 1525 1276 1554 hoc
1289 1526 1433 1562 impertiit.
1454 1527 1548 1556 Fidem
1564 1532 1657 1557 autem
1672 1529 1718 1557 hic

917 1570 1023 1599 donum
1040 1571 1149 1606 apellat,
1169 1571 1245 1607 quod
1269 1571 1400 1599 miracula
1424 1571 1612 1608 perﬁciebant.
1637 1573 1720 1602 Fides

916 1615 991 1644 enim
1005 1614 1108 1651 duplex
1129 1619 1171 1644 est
1196 1625 1202 1643 2
1217 1615 1302 1644 altera
1315 1620 1421 1650 nostra,
1441 1620 1484 1651 ut,
1505 1628 1518 1641 ι
1536 1617 1618 1646 Fides
1631 1621 1678 1646 tua
1690 1622 1718 1646 te

916 1660 1035 1688 servavit
1049 1664 1063 1684 1
1077 1670 1084 1689 ι
1100 1670 1115 1686 n
1131 1660 1216 1689 altera
1232 1668 1296 1689 vero
1310 1660 1419 1689 donum
1433 1662 1495 1695 Dei,
1509 1669 1556 1698 per
1568 1670 1653 1699 quam
1668 1663 1717 1691 mi-

917 1705 1012 1734 racula
1032 1705 1114 1739 ﬁunt,
1139 1709 1169 1733 ut
1190 1713 1254 1734 eum
1272 1705 1310 1734 ait
1330 1705 1456 1734 Christus
1477 1716 1483 1733 :
1509 1707 1536 1734 Si
1564 1707 1717 1736 habueritis

917 1748 1001 1778 ﬁdem
1022 1749 1096 1778 sicut
1114 1757 1232 1786 granum
1253 1750 1367 1786 sinapis,
1391 1750 1487 1779 dicetis
1510 1752 1598 1779 monti
1622 1751 1686 1780 huic
1707 1762 1713 1779 :

917 1793 1046 1822 Transfer
1055 1798 1083 1822 te
1094 1793 1156 1822 hinc
1169 1794 1227 1828 illo,
1240 1798 1270 1822 et
1282 1794 1462 1823 transferetur
1475 1799 1484 1813 ι
1498 1816 1505 1822 .
1521 1807 1534 1820 ι

952 1840 1042 1867 Vsus.
1066 1841 1094 1872 4,
1113 1841 1142 1866 5.
1163 1850 1177 1863 α
1192 1838 1268 1867 Sicut
1283 1839 1357 1867 enim
1380 1839 1407 1867 in
1423 1847 1477 1867 uno
1498 1847 1614 1876 corpore
1630 1841 1715 1869 multa

915 1883 1039 1911 membra
1051 1882 1195 1917 habemus,
1209 1883 1305 1911 omnia
1319 1887 1412 1911 autem
1427 1884 1552 1912 membra
1566 1892 1622 1912 non
1637 1893 1715 1914 eum-

916 1928 980 1956 dem
999 1927 1103 1956 habent
1114 1931 1208 1956 aetum
1224 1936 1232 1956 :
1252 1928 1290 1956 ita
1310 1932 1338 1956 et
1356 1927 1437 1956 multi
1451 1936 1539 1956 unum
1554 1936 1654 1965 corpus
1667 1937 1714 1958 su-

916 1981 980 2002 mus
993 1974 1021 2001 in
1042 1972 1164 2006 Christo.
1178 1973 1279 2009 singuli
1298 1977 1404 2007 autem,
1419 1973 1487 2001 alter
1506 1973 1620 2002 alterius
1634 1982 1713 2002 men-

914 2019 973 2048 bra.
996 2030 1009 2042 ιι
1024 2017 1153 2054 Corporis
1171 2022 1199 2046 et
1221 2017 1412 2046 membrorum
1435 2018 1561 2055 exemplo
1575 2018 1714 2054 ingentem

912 2063 1049 2100 superbia
1068 2063 1216 2091 elationem
1235 2063 1316 2090 tollit.
1343 2063 1385 2092 Ut
1405 2063 1478 2091 enim
1501 2071 1601 2099 corpus
1627 2071 1713 2092 unum

913 2108 1025 2145 quidem
1039 2112 1090 2142 est,
1111 2107 1217 2136 diversa
1230 2115 1294 2136 vero
1315 2107 1440 2136 membra
1455 2107 1537 2136 habet
1555 2107 1715 2137 differentes

59 2155 158 2191 γοῦντα
169 2163 176 2170 ·
194 2151 263 2182 οὕτω
285 2152 331 2181 καὶ
345 2152 369 2182 οἱ
388 2152 476 2181 πιστοὶ
498 2151 526 2181 εν
542 2152 622 2191 σῶμά
637 2153 718 2190 ὶσμεν
740 2153 767 2181 έν
790 2153 860 2192 Χρι-
876 2157 901 2189 D
915 2161 942 2182 ac

954 2153 1035 2182 iones
1060 2152 1212 2181 exercentis
1235 2161 1243 2179 :
1262 2152 1302 2181 sic
1320 2156 1349 2180 et
1367 2159 1419 2181 nos
1442 2152 1536 2181 ﬁdeles
1554 2161 1639 2181 unum
1665 2161 1712 2182 su-

60 2198 134 2238 στῷ,
151 2198 188 2230 ὥς
207 2197 234 2226 ἐν
253 2198 356 2237 ιιιφελῇ
372 2196 578 2236 συνιστάμενον,
596 2197 641 2226 καὶ
655 2198 670 2225 6
684 2199 771 2230 χαθεῖς
781 2219 790 2234 ,
804 2198 858 2226 ἂλ-

61 2240 154 2277 λη’λων
169 2240 257 2279 με’λη·
273 2242 322 2281 οὐχ
333 2243 348 2270 6
362 2241 455 2281 μικρὸς
477 2242 555 2279 μόνον
571 2245 619 2272 τοῦ
634 2242 767 2280 μεγάλου,
787 2241 858 2271 ἀλλὰ

61 2286 110 2315 καὶ
124 2287 140 2315 6
156 2285 241 2325 μέγας
263 2289 309 2315 τοῦ
332 2288 438 2326 μικροῦ.
461 2286 509 2321 Μὴ
531 2286 617 2316 τοίνυν
641 2286 765 2321 ἀλλήλων
792 2298 861 2316 κατ-

61 2329 204 2370 ιπαίρεσοε
217 2341 224 2349 ο
239 2329 353 2371 χρῄζετε
367 2331 428 2372 γὰρ,
452 2331 488 2364 ὧς
501 2330 546 2360 καὶ
567 2330 602 2360 τὰ
617 2330 686 2370 μέλη
697 2353 706 2367 ,
723 2330 859 2366 ἀλλήλων.

101 2478 114 2492 ι
130 2462 262 2505 Ἔχοντες
273 2464 300 2494 δέ
311 2464 345 2494 τὰ
354 2464 510 2506 χαρίσματα
525 2465 596 2495 κατὰ
609 2463 657 2502 τὴν
670 2464 748 2506 χάριν
756 2464 804 2500 τὴν
815 2466 860 2494 6o-

62 2512 152 2540 θεῖσαν
167 2511 232 2548 ἡμῖν
244 2510 357 2550 διάφορα
367 2533 376 2548 ,
392 2509 445 2540 εἴτε
461 2509 640 2550 προφητείαν,
652 2509 721 2539 χατὰ
731 2509 779 2546 τὴν
794 2511 859 2538 ἁνα-

61 2554 153 2593 λογίαν
161 2555 210 2590 τῆς
219 2553 342 2588 πίστεως.
357 2567 369 2580 ι
379 2555 440 2585 οὐχ
451 2550 522 2585 εἶπεν
529 2576 537 2591 ,
549 2553 589 2584 ὅτι
598 2554 715 2588 Μείζονα
727 2553 773 2584 καὶ
785 2553 862 2584 ἕλάτ-

64 2609 126 2628 τονα
136 2598 255 2639 ἔχοντες,
268 2598 353 2636 ἀλλὰ,
365 2611 378 2626 ε
392 2599 514 2640 Διάφορα
527 2611 534 2618 ·
545 2613 557 2626 ι
570 2597 614 2629 ἵνα
625 2598 787 2639 καταστείλῃ
800 2597 861 2633 τοὺς

105 2673 226 2702 lMatth.
243 2682 274 2709 ν,
289 2677 315 2703 3.
360 2675 479 2703 sMatth.
495 2682 539 2710 rx,
555 2677 600 2703 22.

915 2206 978 2227 mus
990 2198 1021 2226 in
1035 2197 1153 2230 Christo,
1176 2204 1226 2226 ceu
1248 2197 1277 2226 in
1290 2197 1388 2234 capite,
1402 2205 1503 2233 corpus
1514 2197 1712 2232 constitutum,

914 2248 996 2280 atque
1017 2242 1090 2271 inter
1109 2250 1161 2271 nos
1180 2246 1278 2270 mutuo
1295 2242 1364 2270 alter
1385 2242 1498 2270 alterius
1515 2250 1612 2271 sumus
1626 2250 1713 2270 mem-

914 2288 965 2317 bra
988 2298 994 2316 :
1015 2295 1072 2316 non
1086 2287 1178 2316 minor
1197 2286 1391 2316 tantummodo
1405 2287 1528 2323 maioris,
1552 2287 1599 2315 sed
1622 2287 1713 2323 major

914 2333 998 2361 etiam
1022 2332 1148 2360 minoris.
1168 2332 1209 2360 Ne
1227 2331 1308 2367 igitur
1329 2331 1402 2359 inter
1421 2339 1470 2359 vos
1492 2331 1564 2360 alter
1581 2331 1715 2360 adversus

914 2377 1033 2406 alterum
1056 2376 1211 2405 efferamini
1237 2386 1243 2404 :
1263 2376 1350 2412 egetis
1363 2375 1447 2409 enim,
1467 2376 1657 2405 membrorum
1670 2377 1714 2405 in-

914 2426 983 2457 star,
1007 2426 1103 2450 mutus
1117 2425 1207 2450 vestra
1224 2429 1320 2457 opera.

947 2467 1036 2496 Vm.
1052 2469 1080 2495 6.
1094 2478 1107 2492 ιι
1125 2466 1265 2495 Habentes
1283 2469 1375 2494 autem
1387 2465 1472 2501 dona,
1486 2465 1637 2494 secundum
1650 2474 1712 2503 gra-

914 2513 982 2540 tiam
1006 2519 1069 2549 qua
1089 2511 1152 2540 data
1174 2515 1215 2540 est
1234 2511 1326 2546 nobis,
1348 2511 1434 2544 varia,
1463 2511 1519 2539 sive
1539 2510 1712 2547 prophetiam

914 2556 1066 2585 secundum
1076 2556 1213 2584 rationem
1225 2555 1299 2584 ﬁdei.
1310 2565 1326 2582 ι
1343 2556 1406 2584 Non
1413 2555 1470 2591 89
1478 2555 1560 2587 dixit,
1571 2555 1643 2583 dona
1653 2561 1713 2582 ma-

912 2602 974 2638 jora
995 2606 1043 2630 aut
1061 2601 1169 2630 minora
1186 2600 1328 2635 habentes,
1341 2599 1401 2634 sed,
1423 2611 1436 2625 ι
1455 2600 1572 2628 Diversa
1590 2608 1597 2626 :
1613 2602 1644 2627 ut
1663 2605 1711 2625 su-

639 2676 650 2691 '
662 2674 764 2703 Matth.
783 2681 863 2708 xvrr,
878 2676 923 2702 19.

774 2745 870 2776 Varia
891 2745 1042 2775 lectiones.

100 2785 241 2823 nmo.
