1901 3077
196 127 246 153 503

704 124 960 152 THEOPHYLACTI
978 123 1155 152 BULGARIE
1174 124 1330 152 AlICHlEP.

1800 120 1849 149 504

195 187 291 224 perbos
313 187 351 215 vel
367 195 400 214 eo
414 187 472 223 ipso
490 186 604 214 nomine
623 186 786 223 comprimat
801 197 808 214 :
823 195 915 223 neque
928 187 991 215 Vir—

1071 186 1235 227 ιαιρομένους
1261 186 1308 216 καὶ
1335 185 1361 220 ἐξ
1385 187 1465 215 αὐτοῦ
1493 188 1537 215 τοῦ
1567 184 1718 224 ὀνόματος·
1749 184 1796 214 καὶ
1823 185 1850 213 οὖ

194 235 266 260 tutes
283 232 362 266 dixit,
384 231 442 264 sed,
469 243 491 256 ι-
505 233 595 259 Dona.
612 243 624 256 ν
648 231 699 259 Dei
714 231 798 265 enim,
821 231 918 267 inquit,
941 231 990 260 do-

195 285 262 304 num
284 281 336 309 est,
361 284 416 304 non
437 280 609 311 tuum-opus,
625 276 699 312 quod
721 276 848 312 accepisti
869 286 876 304 :
894 280 920 304 et
934 284 994 313 gra-

196 322 231 350 tia
249 325 290 349 est
304 328 364 357 quae
378 320 451 349 istud
470 321 520 349 tibi
536 321 591 348 dat.
608 321 648 349 Ut
668 321 754 356 igitur
769 321 855 349 elatos
872 321 992 357 dejiciat,

197 366 256 394 haec
277 374 290 393 a
312 367 371 393 Deo
397 365 492 393 donari
514 365 646 399 affirmat,
671 365 836 393 charismata
851 374 883 393 ea
906 366 994 393 nomi-

197 419 276 438 nans.
298 412 338 439 Ut
361 415 455 438 autem
469 418 564 446 segnes
579 414 605 437 et
626 410 740 446 ignavos
762 411 871 444 excitet,
894 411 992 438 iterum

197 455 316 483 ostendit
339 455 413 490 quod
429 459 455 482 et
475 463 527 482 nos
542 454 644 491 aliquid
658 455 856 483 contribuimus
871 460 902 483 ut
919 455 993 483 acci—

197 500 304 536 piamus
334 500 417 532 dona,
453 511 465 524 «
500 500 561 527 Sive
592 499 774 536 prophetiam,
809 512 821 524 ιο
858 500 992 536 inquiens,

200 557 212 569 α
227 545 262 573 ad
284 544 436 580 analogiam
451 543 522 572 ﬁdei.
545 556 557 568 ιι
577 545 636 572 Etsi
659 544 734 572 enim
758 545 845 580 gratia
864 549 916 577 est,
936 553 993 572 non

196 594 289 618 tamen
311 589 470 625 simpliciter
488 588 651 623 effunditur;
672 588 720 618 sed
739 593 873 626 quatenus
886 589 994 617 invene-

198 635 235 662 rit
250 642 294 662 vas
311 634 374 662 ﬁdei
399 634 448 661 sibi
464 634 598 668 oblatum,
614 638 726 662 eatenus
747 634 846 662 inﬂuit.
869 635 992 670 Prophe-

198 680 242 709 tim
265 683 358 708 autem
383 679 505 715 primum
535 679 671 713 meminit,
695 679 763 707 citra
791 680 877 707 ullum
898 679 994 707 forsan

199 724 350 753 discrimen
372 724 442 752 istud
463 723 576 758 faciens,
602 724 644 752 vel
664 723 780 752 fortasse
801 725 862 760 quia
884 728 994 760 propter

199 777 259 797 eam
275 769 401 797 nonnulli
419 769 498 804 vulgo
513 768 720 797 extollebantur.
734 770 819 796 Porro
840 769 863 796 si
880 769 994 796 extolle-

199 815 310 848 bantur,
327 821 376 842 cur
388 821 443 841 non
453 813 569 849 privavit
584 821 631 841 eos
644 815 720 841 Deus
730 821 762 841 eo
776 813 867 841 dono?
881 815 995 849 Propter

199 859 292 895 populi
308 858 550 891 commoditatem,
572 862 655 893 utque
671 858 778 886 erudiat
799 865 860 892 nos,
875 866 910 886 ne
925 865 993 886 con-

199 903 362 931 demnemus
390 902 553 931 charismata
574 902 711 934 habentes.
732 903 841 930 etiamsi
864 910 992 938 peccave-

198 948 262 976 rint.
290 948 318 975 Si
343 948 417 975 enim
441 954 491 982 ego
521 955 576 975 non
606 947 716 976 denudo
743 951 790 975 aut
821 947 899 984 privo
931 955 993 984 gra-

197 993 234 1020 tia
248 1000 308 1020 mea
327 992 430 1028 (inquit
451 993 551 1026 Deus),
575 996 606 1019 tu
626 991 688 1028 quis
701 1000 730 1020 es
754 992 799 1028 qui
823 992 912 1028 ipsum
934 992 993 1020 vili-

199 1037 292 1073 pendis
300 1038 312 1064 Ρ

234 1084 319 1110 Vnus.
333 1085 360 1109 7.
377 1091 391 1108 ι(
403 1081 463 1110 Sive
477 1081 671 1115 ministerium,
685 1082 714 1109 in
727 1081 893 1109 ministerio.
908 1093 920 1105 ει
948 1083 997 1109 Est

199 1135 265 1155 sane
278 1130 305 1154 et
318 1126 444 1162 specialis
456 1134 529 1155 cura!
547 1134 579 1154 ac
591 1126 795 1163 gubernationis
809 1125 926 1160 donum,
942 1125 995 1153 mi-

199 1171 357 1204 nisterium,
373 1171 463 1207 qualis
478 1175 536 1199 erat
554 1175 660 1207 septem
686 1170 866 1198 diaconorum
880 1169 995 1197 functio.

199 1217 337 1252 Intelliges
362 1220 456 1244 tamen
479 1216 642 1252 generaliter
661 1223 744 1243 omne
764 1223 832 1250 opus
856 1215 998 1250 spirituale

201 1269 248 1297 per
268 1260 463 1289 ministerium.
496 1261 542 1288 Ait
563 1268 629 1296 ergo
653 1270 659 1288 :
691 1260 718 1288 Si
741 1259 804 1296 quis
826 1259 998 1287 functionem

199 1306 358 1343 quampiam
383 1309 480 1334 nactus
505 1310 556 1337 est.
576 1305 605 1333 in
629 1313 660 1333 ea
683 1304 823 1332 iunctione
846 1307 1000 1340 perseveret

200 1354 356 1385 (necessum
369 1355 410 1379 est
420 1350 493 1379 enim
504 1350 646 1378 sententia:
660 1349 723 1378 huic
735 1357 880 1385 apponere,
894 1349 997 1384 μενέτω,

200 1395 229 1424 id
248 1400 298 1430 est,
317 1399 425 1423 maneat
439 1395 496 1423 sive
514 1397 694 1430 perseveret),
708 1402 797 1429 neque
809 1393 914 1429 aliquid
927 1393 998 1421 ultra

199 1444 314 1477 quaerat,
327 1448 416 1476 neque
426 1439 556 1468 adversus
568 1439 654 1467 alium
663 1438 819 1472 extollatur,
832 1437 879 1466 sed
890 1441 1001 1465 maneat

200 1489 346 1514 contentus
366 1493 399 1512 eo
420 1483 494 1520 quod
509 1483 623 1519 accepit.

238 1541 251 1554 ιι
274 1530 335 1557 Sive
352 1528 398 1565 qui
417 1528 506 1562 docet,
534 1529 561 1556 in
576 1527 712 1556 doctrina.
730 1538 742 1551 ιι
763 1527 790 1555 Si
804 1525 998 1555 ministterium
1013 1532 1038 1562 α

201 1574 390 1602 universaliter
417 1573 544 1609 accipias,
569 1572 634 1600 audi
664 1572 793 1608 deinceps
815 1571 874 1608 ejus
896 1572 998 1607 species

201 1622 413 1647 connumeratas
437 1627 444 1645 :
469 1618 510 1646 sin
534 1625 597 1645 vero
625 1617 788 1653 particulare
814 1615 998 1644 ministerium

203 1663 350 1699 intelligas,
370 1663 484 1690 observa
501 1662 640 1698 quomodo
655 1661 730 1697 prius
744 1661 815 1689 illius
828 1660 996 1694 meminerit,

203 1709 265 1736 licet
276 1707 393 1735 inferius
413 1708 460 1742 sit,
477 1715 509 1735 ac
528 1706 695 1740 doctrinam,
711 1713 774 1733 cum
797 1710 893 1734 tamen
907 1705 998 1741 major

203 1753 248 1787 sit,
264 1752 385 1781 secundo
394 1752 453 1780 loco
467 1752 599 1788 posuerit,
611 1751 862 1779 indiscriminatnm
874 1750 999 1778 ordinem

202 1797 360 1831 ostendens,
381 1797 561 1833 erudiensque
593 1804 644 1824 nos
668 1804 700 1824 ex
725 1795 784 1832 ipso
813 1795 918 1829 ordine,
945 1802 1000 1822 non

203 1842 291 1871 inﬂari
312 1842 421 1877 debere,
440 1849 529 1878 neque
549 1841 584 1870 de
604 1841 636 1869 iis
655 1848 718 1877 quae
739 1840 848 1876 majora
862 1839 999 1873 videntur,

202 1887 302 1916 efferri.

238 1934 327 1962 Vsus.
344 1935 370 1960 8.
389 1943 402 1957 α
414 1931 476 1960 Sive
489 1931 537 1968 qui
547 1930 720 1963 exhortatur,
730 1929 758 1957 in
773 1929 971 1957 exhortatione.
987 1939 999 1952 ιι

203 1979 252 2005 Est
274 1982 302 2006 et
325 1978 383 2013 ipsa
408 1984 517 2012 quoque
541 1975 705 2009 exhortatio,
731 1973 865 2002 doctrina:
886 1973 999 2009 species.

203 2022 334 2050 Doctrina
346 2021 422 2049 enim
435 2021 536 2048 dicitur
549 2019 720 2055 simpliciter,
735 2018 769 2046 de
784 2018 878 2053 quavis
892 2026 923 2045 re
934 2025 1001 2054 pro-

204 2066 291 2102 posita
305 2065 452 2101 disputatio
475 2075 480 2092 :
505 2064 659 2092 exhortatio
672 2066 766 2091 autem
781 2062 837 2090 sive
852 2062 1001 2090 consolatio

203 2111 355 2147 speciatim.
378 2108 490 2146 quando
510 2108 645 2145 quispiam
668 2107 807 2135 mentibus
826 2114 944 2134 maerore
960 2106 1000 2135 vel

203 2154 344 2184 iracundia
356 2154 521 2191 perturbatis
536 2152 736 2189 mitigationem
750 2156 776 2179 et
788 2151 910 2187 quietem
922 2151 1001 2179 indu-

1046 231 1266 271 Κατορθιίιματα,
1281 231 1349 260 ἀλλὰ
1359 253 1368 268 ,
1388 242 1402 260 (ι
1414 231 1588 271 Χαρίσματα.
1607 241 1622 258 (‹
1633 232 1708 261 Θεοῦ
1725 229 1791 268 γὰρ,
1802 241 1848 269 φη-

1045 277 1085 306 σὶν
1096 300 1104 316 ,
1116 277 1171 306 ἔστι
1185 277 1326 316 χάρισμα,
1338 277 1366 305 οὗ
1380 275 1424 306 σὸν
1441 274 1614 315 κατόρθωμα,
1631 275 1645 304 ὃ
1661 274 1766 316 ἔλαξες
1782 286 1788 292 ·
1805 275 1847 302 καὶ

1044 322 1121 361 χάρις
1144 321 1213 351 ἐστὶν
1230 323 1246 356 ἡ
1263 321 1344 350 δοῦσά
1368 332 1410 350 σοι
1435 314 1522 350 τοῦτο,
1551 320 1612 350 Ἵνα
1627 319 1675 357 μὲν
1700 314 1749 348 οὖν
1766 330 1847 348 κατα-

1046 368 1136 405 στείλῃ
1150 365 1208 400 τοὺς
1223 364 1426 406 ἐπαιρομένους,
1443 364 1518 404 παρὰ
1532 365 1605 395 Θεοῦ
1625 364 1752 394 δίδοσθαι
1765 365 1849 392 ταῦτα

1045 411 1132 450 λέγει,
1149 411 1193 440 καὶ
1207 411 1363 451 χαρίσματα
1385 410 1509 448 ὀνομάζει
1523 422 1529 428 ~
1546 410 1590 438 ἵνα
1609 409 1635 439 δὲ
1651 408 1776 448 δειγείρῃ
1794 408 1850 440 τοὺς

1047 455 1193 497 ῥᾳθύμους,
1208 456 1287 485 πάλιν
1312 455 1443 485 δείκνυσιν
1469 454 1509 484 ὅτι
1531 454 1577 484 καὶ
1603 456 1680 490 ἡμεῖς
1705 454 1850 492 συνεισφέυ

1047 501 1125 539 ρομέν
1143 513 1169 530 τι
1181 503 1217 534 εἷς
1236 501 1266 530 τὸ
1283 499 1375 530 λαϐεῖν
1387 499 1421 528 τὰ
1432 499 1590 540 χαρίσματα
1608 508 1615 515 ·
1632 498 1678 528 καί
1695 509 1793 538 φησιν,
1812 498 1850 526 ὅτι

1050 545 1144 575 «Εἴτε
1166 545 1345 584 προφητείαν,
1372 543 1442 574 κατὰ
1470 543 1518 579 τὴν
1547 543 1691 583 ἀναλογίαν
1733 545 1785 578 τ’ἦς
1808 543 1850 571 πί-

1047 601 1138 623 στεως.
1157 604 1168 616 υ
1198 591 1230 620 Εἰ
1259 589 1310 629 γὰρ
1335 589 1382 619 καὶ
1405 591 1484 629 χάρις
1507 589 1597 624 ἐστὶν,
1613 589 1672 617 ἀλλ’
1689 588 1743 627 οὐχ
1760 587 1850 620 ἅπλῶς

1047 635 1181 674 ἐκχεῖται,
1211 635 1269 664 ἀλλ’
1285 634 1345 664 ὅσον
1371 633 1402 663 ἂν
1428 633 1492 674 εὕρῃ
1517 635 1610 666 σκεῦος
1635 632 1757 665 πίστεως
1783 632 1849 669 αὐτῇ

1046 679 1234 719 προσενεχθὲν,
1265 682 1387 708 τοσοῦτον
1413 680 1526 719 ἐπιρῤεἶ.
1564 679 1673 718 Πρῶτον
1705 676 1736 705 δὲ
1763 675 1777 693 ³
1804 677 1850 711 τῆς

1047 724 1206 764 προφητείας
1221 724 1338 762 ἐμνήσθη
1351 746 1357 758 ,
1376 723 1447 762 τάχα
1466 722 1514 760 μὲν
1538 722 1584 751 καὶ
1607 720 1761 761 ἀδιαφόρως
1775 723 1850 764 τοῦτο

1048 769 1178 808 ποιήσας,
1201 769 1264 802 ἴσως
1288 768 1315 797 δὲ
1343 768 1388 797 καὶ
1417 767 1483 796 διότι
1503 766 1583 806 τυχὸν
1608 766 1651 795 ἐπὶ
1678 764 1768 803 ταύτῃ
1784 759 1849 799 ἦσαν

1048 825 1115 846 τινες
1129 814 1310 853 ἐπαιρόμενοι.
1338 813 1391 843 Καὶ
1408 813 1429 842 εἰ
1445 813 1588 852 ἐπήροντο,
1606 812 1662 844 πῶς
1685 812 1701 840 ὁ
1717 810 1789 843 Θεὸς
1803 811 1847 838 οὐκ

1049 858 1148 898 ἔστέρει
1171 858 1263 891 αὐτοὺς
1287 860 1332 888 τοῦ
1356 857 1540 898 lapidum-tog;
1564 856 1614 885 Διὰ
1639 854 1687 890 τὴν
1717 854 1847 894 ὠφέλειαν

1049 905 1094 932 τοῦ
1115 904 1198 940 λαοῦ,
1222 904 1268 932 καὶ
1291 902 1334 932 ἵνα
1353 902 1484 941 παιδεύσῃ
1515 903 1585 938 ἡμᾶς
1611 900 1648 939 μὴ
1675 898 1846 938 κατακρίνειν

1047 947 1105 982 τοὺς
1129 947 1162 977 τὰ
1189 948 1345 988 χαρίσματα
1365 947 1492 987 ἔχοντας,
1515 945 1564 975 κᾶν
1586 945 1800 984 ἁμαρτάνωσιν.
1817 944 1848 973 Ei

1049 992 1099 1033 γὰρ
1113 992 1170 1033 ,ἐγὼ
1186 994 1264 1022 αὐτὸν
1288 993 1338 1032 οὐχ
1362 992 1508 1031 ἀπογυμνῶ
1528 991 1577 1026 τῆς
1596 989 1708 1029 χάριτός
1727 1000 1794 1027 μου,
1819 987 1848 1016 σὺ

1048 1032 1090 1071 τίς
1102 1032 1126 1066 εἶ
1139 1039 1153 1066 ὁ
1167 1040 1256 1067 τοῦτον
1270 1036 1425 1072 ἐξουθενῶν;

1094 1093 1110 1112 (ι
1126 1082 1188 1112 Εἴτε
1209 1081 1357 1117 διακονίαν,
1373 1082 1398 1110 ἐν
1413 1083 1444 1119 τῇ
1460 1078 1588 1120 διακονίᾳ.
1607 1091 1621 1106 ιι
1637 1077 1722 1108 Ἔστι
1739 1076 1788 1116 μὲν
1808 1072 1848 1106 οὖν

1050 1126 1095 1156 καὶ
1125 1127 1208 1162 ἷδικῆς
1236 1126 1387 1166 οἰκονομίας
1415 1125 1538 1165 χάρισμα
1567 1125 1584 1158 ἡ
1612 1122 1754 1159 διακονία,
1776 1123 1848 1156 ὡςὴ

1051 1173 1102 1201 τῶν
1127 1171 1194 1200 ἑπτὰ
1221 1171 1361 1201 διακόνων.
1382 1170 1496 1205 Νοήσεις
1521 1167 1611 1207 μέντοι
1637 1168 1790 1207 καθολικῶς
1808 1166 1849 1195 καὶ

1051 1221 1103 1245 πᾶν
1114 1216 1189 1256 ἔργον
1202 1215 1381 1254 πνευματικὸν
1397 1214 1542 1245 διακονίαν.
1561 1212 1653 1248 Φησὶν
1667 1206 1725 1241 οὖν·
1743 1210 1780 1241 Εἴ
1795 1221 1848 1239 τινα

1051 1255 1184 1290 διακονίαν
1206 1272 1243 1294 τις
1259 1260 1372 1298 ἔλαϐεν,
1396 1261 1421 1288 ἐν
1499 1258 1619 1297 διακονίᾳ
1643 1256 1749 1295 μενέτω
1770 1255 1848 1293 ταύτῃ

1052 1307 1109 1344 (δεῖ
1133 1306 1184 1346 γὰρ
1199 1308 1350 1345 προσθεῖναι
1364 1304 1409 1340 τὸ,
1427 1303 1564 1343 μενέτω),
1580 1302 1625 1332 καὶ
1639 1301 1676 1340 μὴ
1696 1299 1812 1337 ζητείτω
1822 1311 1850 1346 ,τι

1051 1351 1130 1379 πλέον
1142 1372 1149 1386 ,
1165 1345 1232 1389 μηδὲ
1246 1349 1447 1389 κατεπαιρέσθω
1461 1348 1557 1386 ἄλλον,
1574 1345 1643 1376 ἀλλὰ
1657 1345 1765 1384 μενέτω
1780 1345 1850 1383 στέρ-

1051 1406 1105 1434 γων
1119 1394 1133 1424 ὃ
1149 1394 1255 1424 ἔλαϐεν.

1099 1530 1191 1561 «Εἴτε
1216 1532 1230 1559 ὃ
1251 1529 1402 1566 διδάσκων,
1430 1531 1455 1559 ἐν
1523 1527 1693 1568 διδασκαλία.
1724 1537 1739 1555 n
1757 1526 1791 1556 Ei
1806 1524 1848 1563 μὲν

1052 1575 1164 1606 καθόλου
1180 1576 1228 1612 τὴν
1251 1574 1384 1604 διακονίαν
1400 1574 1485 1614 λάϐῃς
1501 1574 1513 1592 ³
1523 1596 1530 1609 ,
1548 1572 1620 1607 δέξαι
1642 1572 1738 1601 λοιπὸν
1756 1570 1803 1600 καὶ
1818 1570 1846 1598 τὰ

1053 1621 1148 1658 ταύτης
1164 1621 1220 1657 εἴδη
1238 1619 1471 1660 καταριθμούμενα
1487 1618 1497 1635 ⁵
1514 1630 1521 1636 ·
1545 1619 1566 1646 εἴ
1582 1618 1609 1647 δὲ
1624 1617 1672 1652 τὴν
1690 1616 1780 1651 ἴδικὴν
1796 1616 1847 1644 δια-

1053 1665 1158 1704 κονίαν,
1183 1665 1250 1705 ὅρα,
1266 1666 1323 1697 πῶς
1345 1665 1451 1703 πρώτης
1479 1662 1579 1698 ἐκείνης
1601 1661 1743 1700 μνησθεὶς,
1766 1660 1847 1705 καίτοι

1054 1710 1241 1751 ὑποδεεστέρας
1265 1709 1358 1746 οὔσης,
1381 1709 1429 1743 τὴν
1450 1706 1622 1737 διδασκαλίαν
1641 1706 1751 1745 μείζονα
1776 1700 1851 1734 οὖσαν

1055 1755 1179 1795 δευτέραν
1196 1749 1338 1793 τέθεικεν,
1367 1753 1509 1793 ἀδιάφορον
1532 1752 1579 1787 τὴν
1606 1751 1678 1785 τάξιν
1704 1749 1847 1783 δευινὺς⁵⁷

1054 1799 1099 1830 καὶ
1115 1799 1246 1829 παιδεύων
1273 1798 1299 1833 ἐξ
1328 1798 1409 1833 «ora;
1436 1799 1481 1832 τῆς
1504 1796 1600 1831 τάξεως
1631 1796 1668 1834 μὴ
1697 1796 1848 1836 φυσᾶσθαι,

1055 1844 1122 1884 μηδὲ
1137 1845 1290 1885 ἐπαίρεσθαι
1307 1843 1350 1873 ἐπὶ
1365 1846 1418 1876 τοῖς
1435 1843 1540 1872 δοκοῦσι
1560 1841 1686 1880 μείζοσιν.

1101 1944 1113 1957 ι
1140 1930 1205 1961 Εἴτε
1225 1933 1239 1960 ὁ
1255 1930 1437 1969 παρακαλῶν,
1460 1929 1487 1958 ἐν
1562 1927 1742 1968 παρακλήσει.
1759 1938 1773 1953 ιι
1801 1921 1848 1969 καὶ

1056 1978 1133 2005 τοῦτο
1148 1972 1214 2008 εἶδος
1230 1967 1417 2010 διδασκαλίας,
1441 1976 1458 2009 ἡ
1478 1967 1657 2013 παράκλησις.
1681 1967 1844 2001 Διδασκαλίαι

1056 2021 1103 2059 μὲν
1119 2020 1169 2059 γὰρ
1187 2020 1279 2053 ἅπλῶς
1306 2018 1412 2058 λέγεται
1444 2020 1458 2054 ἡ
1480 2018 1542 2056 περὶ
1563 2017 1662 2050 παντὸς
1683 2019 1729 2045 τοῦ
1757 2023 1846 2053 προτε-

1056 2066 1142 2099 θέντος
1155 2064 1268 2098 διάλεξις
1284 2076 1290 2083 ·
1307 2064 1476 2104 παράκλησις
1495 2062 1522 2092 δὲ
1544 2062 1633 2094 ἷδικῶς
1647 2085 1655 2100 ,
1672 2060 1736 2089 ὅταν
1751 2070 1788 2091 τις

1055 2112 1118 2151 ψαῑς
1144 2100 1354 2149 τεταραγμέναις
1376 2107 1393 2144 ἢ
1420 2108 1506 2148 λύπῃ,
1531 2106 1548 2142 ἢ
1574 2108 1662 2146 θυμῷ,
1686 2100 1846 2151 καταστολὴν

1056 2147 1154 2195 ἐμποιῇ
1179 2147 1223 2183 διᾶ
1238 2157 1284 2184 τοῦ
1300 2154 1387 2192 λόγου.
1408 2152 1442 2183 Ὁ
1465 2155 1526 2192 γοῦν
1542 2152 1706 2195 παρακαλῶν
1716 2170 1725 2183 ,
1756 2147 1844 2195 φησὶν.)

203 2200 241 2228 cit
254 2208 302 2236 per
316 2189 483 2228 sermonem.
501 2197 622 2226 Proinde
633 2197 679 2234 qui
695 2196 856 2225 adhortatur
877 2196 916 2224 vel
932 2204 1000 2224 con-

1071 2189 1080 2228 ν
1092 2203 1125 2240 τῇ
1140 2189 1309 2239 παρακλήσει
1334 2189 1433 2236 μενέτω
1442 2219 1450 2235 ,
1464 2189 1494 2227 τὸ
1508 2189 1590 2236 ἔργον.
1610 2194 1706 2234 μετιὼν
1715 2217 1723 2231 ,
1748 2192 1792 2223 καὶ
1811 2189 1844 2228 μὴ

205 2245 320 2279 solatur,
342 2244 442 2280 inquit,
463 2243 490 2270 in
519 2242 709 2271 exhortatione
736 2242 792 2269 sive
814 2241 1002 2269 consolatione

203 2295 322 2322 maneat,
345 2297 415 2325 opus
436 2295 520 2316 suum
551 2294 689 2321 exercens,
717 2294 768 2314 nec
792 2290 887 2314 contra
915 2285 1001 2314 alium

204 2335 299 2363 elatus.

242 2391 254 2404 ι
272 2379 325 2414 Qui
337 2378 445 2412 tribuit,
460 2378 487 2405 in
501 2377 675 2413 simplicitate
691 2386 698 2404 :
715 2376 760 2412 qui
773 2380 873 2412 praeest
885 2376 915 2403 in
928 2374 1004 2403 solli-

204 2424 338 2452 citudine.
357 2433 372 2449 η
392 2424 463 2451 Cum
484 2422 519 2450 de
533 2422 659 2450 doctrina
680 2425 708 2450 et
722 2421 923 2454 exhortatione,
940 2427 1002 2456 quas

204 2473 271 2497 sunt
280 2468 436 2497 animarum
447 2466 627 2504 praefecturae,
638 2466 696 2502 9o
707 2465 787 2494 verba
797 2465 918 2497 fecisset,
929 2472 1003 2492 nunc

204 2514 238 2542 de
251 2513 375 2549 corporis
386 2513 468 2541 rebus
483 2512 603 2548 loquitur
620 2521 626 2539 :
642 2511 701 2540 haec
716 2511 789 2539 enim
804 2509 925 2538 secundo
941 2509 1002 2537 loco

203 2559 347 2587 habentur.
365 2557 579 2594 Simplicitatem
590 2561 696 2588 autem,
711 2556 800 2591 ipsam
811 2554 1002 2582 liberalitatem

202 2603 276 2631 dicit.
292 2604 409 2639 Oportet
430 2603 513 2639 igitur
529 2601 594 2630 dare
610 2609 674 2629 cum
688 2599 853 2627 liberalitate
869 2603 897 2626 et
916 2598 1004 2634 copia_

202 2648 282 2677 Nulla
297 2648 371 2676 enim
385 2648 471 2676 virtus
487 2654 650 2683 permanere
672 2648 780 2681 potest,
793 2644 816 2672 si
832 2643 1004 2672 convenienti

1058 2245 1139 2274 ἄλλου
1152 2243 1387 2284 κατεπαιρόμενος.

1103 2379 1116 2397 (ι
1130 2368 1165 2399 Ὁ
1179 2367 1333 2407 μεταδιδοὺς
1343 2390 1351 2405 ,
1368 2368 1394 2396 ἐν
1408 2366 1541 2402 ἁπλότητι
1554 2374 1561 2382 ⁸
1579 2367 1593 2395 ὁ
1607 2364 1806 2404 προϊστάμενος,
1820 2359 1841 2387 ἓν

1058 2415 1171 2454 σπουδῇ.
1188 2426 1199 2439 ιι
1216 2412 1291 2443 Μετὰ
1307 2412 1337 2441 τὸ
1352 2411 1433 2441 εἰπεῖν
1447 2411 1507 2451 περὶ
1521 2409 1693 2442 διδασκαλίας
1707 2407 1754 2438 καὶ
1768 2415 1842 2454 παρα·

1057 2449 1191 2494 κλήσεως,
1215 2457 1311 2490 αἵτινές
1332 2458 1381 2486 εἶσι
1396 2457 1449 2486 τῶν
1475 2449 1567 2496 ψυχῶν
1588 2453 1764 2494 προστασίαι,
1779 2449 1841 2487 λέγει

1056 2507 1101 2532 νῦν
1123 2503 1168 2533 καὶ
1191 2502 1254 2541 περὶ
1269 2503 1321 2531 τῶν
1346 2502 1505 2540 σωματικῶν
1522 2512 1528 2518 ·
1554 2499 1664 2539 δεύτερα
1685 2497 1737 2538 γὰρ
1753 2497 1838 2541 ταῦτα·

1057 2548 1206 2584 Ἁπλότητα
1223 2539 1250 2577 δὲ
1265 2546 1318 2582 τὴν
1329 2539 1467 2586 δαψίλειάν
1483 2556 1558 2586 φησι,
1579 2546 1626 2574 Δεῖ
1640 2545 1701 2582 γοῦν
1722 2539 1786 2586 μετα
1804 2539 1842 2586 5!"

1059 2579 1171 2633 dulcius.
1183 2579 1297 2622 διδόναι..
1309 2579 1430 2630 Οὖδέμία
1447 2579 1498 2630 γὰρ
1514 2579 1594 2629 ἀρετὴ
1612 2579 1684 2626 μένει
1706 2584 1793 2633 sipara,
1807 2579 1840 2620 μὴ

1062 2630 1129 2677 μετὰ
1149 2640 1194 2666 τοῦ
1216 2635 1395 2678 προσήκοντος
1410 2635 1507 2676 τρόπον
1520 2633 1656 2676 γινομένη.
1670 2630 1726 2662 Καὶ
1741 2630 1766 2659 αἱ
1777 2637 1839 2665 παρ-

910 2706 1005 2736 Varia:
1026 2706 1174 2735 lectiones.

237 2784 247 2800 ²
277 2783 319 2819 μὲν
335 2791 362 2811 o.
403 2782 413 2799 ³
427 2780 513 2811 λαςοις
529 2788 555 2808 0.
596 2779 604 2795 ⁸
619 2779 831 2815 συναριθμούμενα
842 2787 868 2807 ο.
906 2779 916 2795 ⁵
931 2779 1018 2805 στάσιν
1033 2776 1150 2804 δεικνύων
1167 2784 1193 2804 ο.
