  <div class='ocr_page' id='page_1' title='image "/cluster/home/n/w/nwhite01/storage/ocr_20150623/124/njp.32101010942728/370.png"; bbox 0 0 1901 3077; ppageno 0'>
   <div class='ocr_carea' id='block_1_1' title="bbox 68 135 121 161">
    <p class='ocr_par' dir='ltr' id='par_1_1' title="bbox 68 135 121 161">
     <span class='ocr_line' id='line_1_1' title="bbox 68 135 121 161; baseline 0 0"><span class='ocrx_word' id='word_1_1' title='bbox 68 135 121 161; x_wconf 83' lang='grc'><strong>505</strong></span> 
     </span>
    </p>
   </div>
   <div class='ocr_carea' id='block_1_2' title="bbox 519 133 873 162">
    <p class='ocr_par' dir='ltr' id='par_1_2' title="bbox 519 133 873 162">
     <span class='ocr_line' id='line_1_2' title="bbox 519 133 873 162; baseline -0.006 0"><span class='ocrx_word' id='word_1_2' title='bbox 519 133 694 162; x_wconf 78' lang='lat' dir='ltr'><strong>EXPOSITIO</strong></span> <span class='ocrx_word' id='word_1_3' title='bbox 714 133 747 161; x_wconf 87' lang='lat' dir='ltr'><strong>IN</strong></span> <span class='ocrx_word' id='word_1_4' title='bbox 768 133 873 161; x_wconf 89' lang='lat' dir='ltr'><strong>EPIST.</strong></span> 
     </span>
    </p>
   </div>
   <div class='ocr_carea' id='block_1_3' title="bbox 893 133 1718 164">
    <p class='ocr_par' dir='ltr' id='par_1_3' title="bbox 893 133 1718 164">
     <span class='ocr_line' id='line_1_3' title="bbox 893 133 1718 164; baseline 0.002 -3"><span class='ocrx_word' id='word_1_5' title='bbox 893 133 938 160; x_wconf 84' lang='lat' dir='ltr'><strong>AD</strong></span> <span class='ocrx_word' id='word_1_6' title='bbox 958 133 1039 162; x_wconf 76' lang='lat' dir='ltr'><strong>ROM.</strong></span> <span class='ocrx_word' id='word_1_7' title='bbox 1059 148 1094 155; x_wconf 90' lang='lat'><strong><em>—</em></strong></span> <span class='ocrx_word' id='word_1_8' title='bbox 1112 134 1186 162; x_wconf 76' lang='lat' dir='ltr'><strong>CAP.</strong></span> <span class='ocrx_word' id='word_1_9' title='bbox 1208 135 1260 163; x_wconf 75' lang='lat' dir='ltr'><strong>XII.</strong></span> <span class='ocrx_word' id='word_1_10' title='bbox 1666 137 1718 164; x_wconf 80' lang='lat'><strong>506</strong></span> 
     </span>
    </p>
   </div>
   <div class='ocr_carea' id='block_1_4' title="bbox 65 191 858 236">
    <p class='ocr_par' dir='ltr' id='par_1_4' title="bbox 65 191 858 236">
     <span class='ocr_line' id='line_1_4' title="bbox 65 191 858 236; baseline 0 -11"><span class='ocrx_word' id='word_1_11' title='bbox 65 197 137 226; x_wconf 79' lang='grc' dir='ltr'>θένοι</span> <span class='ocrx_word' id='word_1_12' title='bbox 152 197 206 236; x_wconf 83' lang='grc' dir='ltr'><strong>γὰρ</strong></span> <span class='ocrx_word' id='word_1_13' title='bbox 230 195 317 226; x_wconf 69' lang='grc' dir='ltr'>ἔλαιον</span> <span class='ocrx_word' id='word_1_14' title='bbox 340 191 426 236; x_wconf 71' lang='grc' dir='ltr'>εἶχον,</span> <span class='ocrx_word' id='word_1_15' title='bbox 448 197 507 226; x_wconf 75' lang='grc' dir='ltr'>ἀλλ’</span> <span class='ocrx_word' id='word_1_16' title='bbox 530 198 586 226; x_wconf 77' lang='grc' dir='ltr'>ἐπεὶ</span> <span class='ocrx_word' id='word_1_17' title='bbox 602 197 631 226; x_wconf 82' lang='grc' dir='ltr'>τὸ</span> <span class='ocrx_word' id='word_1_18' title='bbox 653 198 747 236; x_wconf 78' lang='grc' dir='ltr'>ἀρκοῦν</span> <span class='ocrx_word' id='word_1_19' title='bbox 767 197 815 226; x_wconf 79' lang='grc' dir='ltr'><strong>οὐκ</strong></span> <span class='ocrx_word' id='word_1_20' title='bbox 828 191 858 225; x_wconf 56' lang='lat' dir='ltr'><strong>si-</strong></span> 
     </span>
    </p>
   </div>
   <div class='ocr_carea' id='block_1_5' title="bbox 944 191 1719 236">
    <p class='ocr_par' dir='ltr' id='par_1_5' title="bbox 944 196 1719 234">
     <span class='ocr_line' id='line_1_5' title="bbox 944 196 1719 234; baseline 0.003 -10"><span class='ocrx_word' id='word_1_21' title='bbox 944 197 1031 225; x_wconf 72' lang='lat' dir='ltr'><strong>itione</strong></span> <span class='ocrx_word' id='word_1_22' title='bbox 1046 204 1103 225; x_wconf 89' lang='lat' dir='ltr'><strong>non</strong></span> <span class='ocrx_word' id='word_1_23' title='bbox 1126 197 1181 225; x_wconf 85' lang='lat' dir='ltr'><strong>fiat.</strong></span> <span class='ocrx_word' id='word_1_24' title='bbox 1205 199 1278 225; x_wconf 85' lang='lat' dir='ltr'><strong>Nam</strong></span> <span class='ocrx_word' id='word_1_25' title='bbox 1293 200 1321 226; x_wconf 88' lang='lat' dir='ltr'><strong>et</strong></span> <span class='ocrx_word' id='word_1_26' title='bbox 1335 196 1452 234; x_wconf 77' lang='lat' dir='ltr'><strong>virgines</strong></span> <span class='ocrx_word' id='word_1_27' title='bbox 1466 198 1556 226; x_wconf 88' lang='lat' dir='ltr'><strong>oleum</strong></span> <span class='ocrx_word' id='word_1_28' title='bbox 1570 197 1719 233; x_wconf 84' lang='lat' dir='ltr'><strong>habebant,</strong></span> 
     </span>
    </p>
   </div>
   <div class='ocr_carea' id='block_1_6' title="bbox 63 238 865 282">
    <p class='ocr_par' dir='ltr' id='par_1_6' title="bbox 63 238 865 282">
     <span class='ocr_line' id='line_1_6' title="bbox 63 238 865 282; baseline 0 -12"><span class='ocrx_word' id='word_1_29' title='bbox 63 253 131 281; x_wconf 76' lang='grc' dir='ltr'>χον,</span> <span class='ocrx_word' id='word_1_30' title='bbox 150 240 274 276; x_wconf 77' lang='grc' dir='ltr'><strong>ἐξέπεσον</strong></span> <span class='ocrx_word' id='word_1_31' title='bbox 292 253 299 260; x_wconf 91' lang='grc'><strong>·</strong></span> <span class='ocrx_word' id='word_1_32' title='bbox 317 241 407 282; x_wconf 80' lang='grc' dir='ltr'>ὥσπερ</span> <span class='ocrx_word' id='word_1_33' title='bbox 419 238 464 272; x_wconf 70' lang='grc' dir='ltr'><strong>οὖν</strong></span> <span class='ocrx_word' id='word_1_34' title='bbox 480 241 525 271; x_wconf 82' lang='grc' dir='ltr'>καὶ</span> <span class='ocrx_word' id='word_1_35' title='bbox 544 243 557 271; x_wconf 80' lang='grc' dir='ltr'>ὁ</span> <span class='ocrx_word' id='word_1_36' title='bbox 578 241 769 282; x_wconf 79' lang='grc' dir='ltr'><strong>προϊστάμενος</strong></span> <span class='ocrx_word' id='word_1_37' title='bbox 791 239 865 282; x_wconf 76' lang='grc' dir='ltr'>ὀφεί-</span> 
     </span>
    </p>
   </div>
   <div class='ocr_carea' id='block_1_7' title="bbox 63 286 864 328">
    <p class='ocr_par' dir='ltr' id='par_1_7' title="bbox 63 286 864 328">
     <span class='ocr_line' id='line_1_7' title="bbox 63 286 864 328; baseline 0 -13"><span class='ocrx_word' id='word_1_38' title='bbox 63 288 105 315; x_wconf 86' lang='grc' dir='ltr'><strong>λει</strong></span> <span class='ocrx_word' id='word_1_39' title='bbox 123 286 294 324; x_wconf 71' lang='grc' dir='ltr'><strong>σπουδαίως,</strong></span> <span class='ocrx_word' id='word_1_40' title='bbox 311 286 356 315; x_wconf 73' lang='grc' dir='ltr'><strong>καὶ</strong></span> <span class='ocrx_word' id='word_1_41' title='bbox 377 288 423 316; x_wconf 86' lang='grc' dir='ltr'>οὖκ</span> <span class='ocrx_word' id='word_1_42' title='bbox 444 286 682 328; x_wconf 66' lang='grc' dir='ltr'>ἐῤῥαθυμημένως,</span> <span class='ocrx_word' id='word_1_43' title='bbox 704 289 782 316; x_wconf 76' lang='grc' dir='ltr'>τοῦτο</span> <span class='ocrx_word' id='word_1_44' title='bbox 799 298 864 325; x_wconf 87' lang='grc' dir='ltr'>μετ-</span> 
     </span>
    </p>
   </div>
   <div class='ocr_carea' id='block_1_8' title="bbox 64 329 865 371">
    <p class='ocr_par' dir='ltr' id='par_1_8' title="bbox 64 329 865 371">
     <span class='ocr_line' id='line_1_8' title="bbox 64 329 865 371; baseline 0.001 -12"><span class='ocrx_word' id='word_1_45' title='bbox 64 331 145 361; x_wconf 85' lang='grc' dir='ltr'>ιέναι.</span> <span class='ocrx_word' id='word_1_46' title='bbox 161 329 345 371; x_wconf 77' lang='grc' dir='ltr'>Προΐστασθαι</span> <span class='ocrx_word' id='word_1_47' title='bbox 354 331 383 360; x_wconf 87' lang='grc' dir='ltr'>δέ</span> <span class='ocrx_word' id='word_1_48' title='bbox 395 332 450 361; x_wconf 74' lang='grc' dir='ltr'>ἐστι</span> <span class='ocrx_word' id='word_1_49' title='bbox 461 332 491 362; x_wconf 80' lang='grc' dir='ltr'>τὸ</span> <span class='ocrx_word' id='word_1_50' title='bbox 502 331 605 371; x_wconf 79' lang='grc' dir='ltr'>βοηθεῖν</span> <span class='ocrx_word' id='word_1_51' title='bbox 616 333 660 361; x_wconf 86' lang='grc' dir='ltr'><strong>καὶ</strong></span> <span class='ocrx_word' id='word_1_52' title='bbox 672 332 714 361; x_wconf 80' lang='grc' dir='ltr'><strong>διὰ</strong></span> <span class='ocrx_word' id='word_1_53' title='bbox 728 331 865 371; x_wconf 78' lang='grc' dir='ltr'><strong>ῥημάτων,</strong></span> 
     </span>
    </p>
   </div>
   <div class='ocr_carea' id='block_1_9' title="bbox 64 375 862 417">
    <p class='ocr_par' dir='ltr' id='par_1_9' title="bbox 64 375 862 417">
     <span class='ocr_line' id='line_1_9' title="bbox 64 375 862 417; baseline 0.001 -13"><span class='ocrx_word' id='word_1_54' title='bbox 64 377 111 404; x_wconf 80' lang='grc' dir='ltr'><strong>καὶ</strong></span> <span class='ocrx_word' id='word_1_55' title='bbox 128 375 173 405; x_wconf 73' lang='grc' dir='ltr'><strong>διὰ</strong></span> <span class='ocrx_word' id='word_1_56' title='bbox 197 379 243 406; x_wconf 78' lang='grc' dir='ltr'><strong>τοῦ</strong></span> <span class='ocrx_word' id='word_1_57' title='bbox 269 375 391 417; x_wconf 71' lang='grc' dir='ltr'>σῴμαιος</span> <span class='ocrx_word' id='word_1_58' title='bbox 414 377 507 413; x_wconf 75' lang='grc' dir='ltr'>αὐτοῦ,</span> <span class='ocrx_word' id='word_1_59' title='bbox 532 377 570 416; x_wconf 80' lang='grc' dir='ltr'><strong>τῷ</strong></span> <span class='ocrx_word' id='word_1_60' title='bbox 592 376 714 417; x_wconf 75' lang='grc' dir='ltr'><strong>βοηθείας</strong></span> <span class='ocrx_word' id='word_1_61' title='bbox 736 375 862 415; x_wconf 85' lang='grc' dir='ltr'>δεομένῳ.</span> 
     </span>
    </p>
   </div>
   <div class='ocr_carea' id='block_1_10' title="bbox 65 416 865 461">
    <p class='ocr_par' dir='ltr' id='par_1_10' title="bbox 65 416 865 461">
     <span class='ocr_line' id='line_1_10' title="bbox 65 416 865 461; baseline -0.003 -11"><span class='ocrx_word' id='word_1_62' title='bbox 65 420 181 456; x_wconf 78' lang='grc' dir='ltr'><strong>Ἐπειδὴ</strong></span> <span class='ocrx_word' id='word_1_63' title='bbox 207 420 259 460; x_wconf 81' lang='grc' dir='ltr'><strong>γὰρ</strong></span> <span class='ocrx_word' id='word_1_64' title='bbox 280 416 337 450; x_wconf 70' lang='grc' dir='ltr'>εἷπε</span> <span class='ocrx_word' id='word_1_65' title='bbox 362 421 424 460; x_wconf 79' lang='grc' dir='ltr'>περὶ</span> <span class='ocrx_word' id='word_1_66' title='bbox 454 420 619 459; x_wconf 77' lang='grc' dir='ltr'><strong>μεταδόσεως</strong></span> <span class='ocrx_word' id='word_1_67' title='bbox 644 421 809 461; x_wconf 76' lang='grc' dir='ltr'>χρημάτων,</span> <span class='ocrx_word' id='word_1_68' title='bbox 836 420 865 450; x_wconf 87' lang='grc' dir='ltr'>οὖ</span> 
     </span>
    </p>
   </div>
   <div class='ocr_carea' id='block_1_11' title="bbox 67 463 864 506">
    <p class='ocr_par' dir='ltr' id='par_1_11' title="bbox 67 463 864 506">
     <span class='ocr_line' id='line_1_11' title="bbox 67 463 864 506; baseline -0.001 -12"><span class='ocrx_word' id='word_1_69' title='bbox 67 465 165 498; x_wconf 80' lang='grc' dir='ltr'>πάντες</span> <span class='ocrx_word' id='word_1_70' title='bbox 177 465 205 494; x_wconf 63' lang='grc' dir='ltr'>δὲ</span> <span class='ocrx_word' id='word_1_71' title='bbox 219 465 366 505; x_wconf 82' lang='grc' dir='ltr'>χρημάτων</span> <span class='ocrx_word' id='word_1_72' title='bbox 381 466 521 505; x_wconf 77' lang='grc' dir='ltr'>εὐποροῦσι</span> <span class='ocrx_word' id='word_1_73' title='bbox 533 488 540 500; x_wconf 84' lang='grc'><strong>,</strong></span> <span class='ocrx_word' id='word_1_74' title='bbox 556 465 634 506; x_wconf 76' lang='grc' dir='ltr'>φησὶν</span> <span class='ocrx_word' id='word_1_75' title='bbox 653 465 694 495; x_wconf 77' lang='grc' dir='ltr'><strong>ὅτι</strong></span> <span class='ocrx_word' id='word_1_76' title='bbox 710 463 864 504; x_wconf 80' lang='grc' dir='ltr'>Προίστασο</span> 
     </span>
    </p>
   </div>
   <div class='ocr_carea' id='block_1_12' title="bbox 68 509 864 551">
    <p class='ocr_par' dir='ltr' id='par_1_12' title="bbox 68 509 864 551">
     <span class='ocr_line' id='line_1_12' title="bbox 68 509 864 551; baseline -0.001 -12"><span class='ocrx_word' id='word_1_77' title='bbox 68 510 171 546; x_wconf 80' lang='grc' dir='ltr'>άλλως,</span> <span class='ocrx_word' id='word_1_78' title='bbox 187 511 222 544; x_wconf 80' lang='grc' dir='ltr'>ὥς</span> <span class='ocrx_word' id='word_1_79' title='bbox 237 509 349 540; x_wconf 88' lang='grc' dir='ltr'>δύνασαι</span> <span class='ocrx_word' id='word_1_80' title='bbox 359 533 368 548; x_wconf 94' lang='grc'><strong>,</strong></span> <span class='ocrx_word' id='word_1_81' title='bbox 385 510 430 540; x_wconf 81' lang='grc' dir='ltr'>καὶ</span> <span class='ocrx_word' id='word_1_82' title='bbox 447 510 536 551; x_wconf 80' lang='grc' dir='ltr'>βοήθει</span> <span class='ocrx_word' id='word_1_83' title='bbox 551 511 604 545; x_wconf 85' lang='grc' dir='ltr'>τοῖς</span> <span class='ocrx_word' id='word_1_84' title='bbox 621 511 763 551; x_wconf 81' lang='grc' dir='ltr'>χρῄζουσιν</span> <span class='ocrx_word' id='word_1_85' title='bbox 774 533 782 548; x_wconf 79' lang='grc'><strong>,</strong></span> <span class='ocrx_word' id='word_1_86' title='bbox 805 509 864 538; x_wconf 83' lang='grc' dir='ltr'>ἀλλ’</span> 
     </span>
    </p>
   </div>
   <div class='ocr_carea' id='block_1_13' title="bbox 67 555 226 594">
    <p class='ocr_par' dir='ltr' id='par_1_13' title="bbox 67 555 226 594">
     <span class='ocr_line' id='line_1_13' title="bbox 67 555 226 594; baseline 0.006 -11"><span class='ocrx_word' id='word_1_87' title='bbox 67 555 93 583; x_wconf 81' lang='grc' dir='ltr'>ἐν</span> <span class='ocrx_word' id='word_1_88' title='bbox 109 555 226 594; x_wconf 83' lang='grc' dir='ltr'>σπουδῇ.</span> 
     </span>
    </p>
   </div>
   <div class='ocr_carea' id='block_1_14' title="bbox 110 595 863 640">
    <p class='ocr_par' dir='ltr' id='par_1_14' title="bbox 110 595 863 640">
     <span class='ocr_line' id='line_1_14' title="bbox 110 595 863 640; baseline -0.001 -11"><span class='ocrx_word' id='word_1_89' title='bbox 110 610 125 628; x_wconf 82' lang='grc' dir='ltr'><strong>ιι</strong></span> <span class='ocrx_word' id='word_1_90' title='bbox 141 598 178 629; x_wconf 69' lang='grc' dir='ltr'><strong>Ὀ</strong></span> <span class='ocrx_word' id='word_1_91' title='bbox 190 600 287 636; x_wconf 73' lang='grc' dir='ltr'>ἐλεῶν,</span> <span class='ocrx_word' id='word_1_92' title='bbox 300 601 325 629; x_wconf 78' lang='grc' dir='ltr'>ἐν</span> <span class='ocrx_word' id='word_1_93' title='bbox 336 600 484 640; x_wconf 78' lang='grc' dir='ltr'>ἱλαρότητι.</span> <span class='ocrx_word' id='word_1_94' title='bbox 500 614 511 627; x_wconf 67' lang='grc' dir='ltr'><strong>ι</strong></span> <span class='ocrx_word' id='word_1_95' title='bbox 528 595 610 630; x_wconf 71' lang='grc' dir='ltr'>Εἶπεν</span> <span class='ocrx_word' id='word_1_96' title='bbox 625 599 762 639; x_wconf 78' lang='grc' dir='ltr'>ἀνωτέρω,</span> <span class='ocrx_word' id='word_1_97' title='bbox 773 597 813 640; x_wconf 72' lang='grc' dir='ltr'>ὅτι</span> <span class='ocrx_word' id='word_1_98' title='bbox 826 599 863 628; x_wconf 84' lang='grc' dir='ltr'>δεῖ</span> 
     </span>
    </p>
   </div>
   <div class='ocr_carea' id='block_1_15' title="bbox 68 639 861 684">
    <p class='ocr_par' dir='ltr' id='par_1_15' title="bbox 68 639 861 684">
     <span class='ocr_line' id='line_1_15' title="bbox 68 639 861 684; baseline 0.001 -12"><span class='ocrx_word' id='word_1_99' title='bbox 68 643 135 681; x_wconf 80' lang='grc' dir='ltr'>μετὰ</span> <span class='ocrx_word' id='word_1_100' title='bbox 152 643 302 680; x_wconf 75' lang='grc' dir='ltr'>ἁπλότητος</span> <span class='ocrx_word' id='word_1_101' title='bbox 313 667 322 681; x_wconf 87' lang='grc'><strong>,</strong></span> <span class='ocrx_word' id='word_1_102' title='bbox 338 644 396 680; x_wconf 80' lang='grc' dir='ltr'>ἤτοι</span> <span class='ocrx_word' id='word_1_103' title='bbox 418 645 554 684; x_wconf 78' lang='grc' dir='ltr'><strong>δαψιλείας</strong></span> <span class='ocrx_word' id='word_1_104' title='bbox 579 645 756 683; x_wconf 79' lang='grc' dir='ltr'>μεταδιδόναι.</span> <span class='ocrx_word' id='word_1_105' title='bbox 773 639 842 674; x_wconf 69' lang='grc' dir='ltr'>Εἶτα</span> <span class='ocrx_word' id='word_1_106' title='bbox 855 667 861 679; x_wconf 85' lang='lat'><strong>,</strong></span> 
     </span>
    </p>
   </div>
   <div class='ocr_carea' id='block_1_16' title="bbox 67 688 862 729">
    <p class='ocr_par' dir='ltr' id='par_1_16' title="bbox 67 688 862 729">
     <span class='ocr_line' id='line_1_16' title="bbox 67 688 862 729; baseline 0 -12"><span class='ocrx_word' id='word_1_107' title='bbox 67 689 161 725; x_wconf 76' lang='grc' dir='ltr'>ἐπειδὴ</span> <span class='ocrx_word' id='word_1_108' title='bbox 185 688 279 719; x_wconf 81' lang='grc' dir='ltr'>πολλοὶ</span> <span class='ocrx_word' id='word_1_109' title='bbox 303 688 350 728; x_wconf 72' lang='grc' dir='ltr'>μὲν</span> <span class='ocrx_word' id='word_1_110' title='bbox 376 689 464 718; x_wconf 81' lang='grc' dir='ltr'>πολλὰ</span> <span class='ocrx_word' id='word_1_111' title='bbox 492 689 613 725; x_wconf 84' lang='grc' dir='ltr'>διδόασι,</span> <span class='ocrx_word' id='word_1_112' title='bbox 637 688 820 729; x_wconf 75' lang='grc' dir='ltr'>βεϐιασμένως</span> <span class='ocrx_word' id='word_1_113' title='bbox 836 688 862 718; x_wconf 83' lang='grc' dir='ltr'>δὲ</span> 
     </span>
    </p>
   </div>
   <div class='ocr_carea' id='block_1_17' title="bbox 66 733 863 775">
    <p class='ocr_par' dir='ltr' id='par_1_17' title="bbox 66 733 863 775">
     <span class='ocr_line' id='line_1_17' title="bbox 66 733 863 775; baseline 0 -13"><span class='ocrx_word' id='word_1_114' title='bbox 66 733 110 762; x_wconf 81' lang='grc' dir='ltr'><strong>καὶ</strong></span> <span class='ocrx_word' id='word_1_115' title='bbox 128 733 199 771; x_wconf 80' lang='grc' dir='ltr'>μετὰ</span> <span class='ocrx_word' id='word_1_116' title='bbox 214 733 298 769; x_wconf 80' lang='grc' dir='ltr'><strong>λύπης</strong></span> <span class='ocrx_word' id='word_1_117' title='bbox 309 757 317 770; x_wconf 82' lang='grc'><strong>,</strong></span> <span class='ocrx_word' id='word_1_118' title='bbox 329 734 409 774; x_wconf 75' lang='grc' dir='ltr'>φησὶν</span> <span class='ocrx_word' id='word_1_119' title='bbox 424 734 464 763; x_wconf 80' lang='grc' dir='ltr'><strong>ὅτι</strong></span> <span class='ocrx_word' id='word_1_120' title='bbox 477 737 510 774; x_wconf 80' lang='grc' dir='ltr'><strong>τῇ</strong></span> <span class='ocrx_word' id='word_1_121' title='bbox 534 734 658 775; x_wconf 65' lang='grc' dir='ltr'>δαψιλείᾳ</span> <span class='ocrx_word' id='word_1_122' title='bbox 673 734 719 763; x_wconf 77' lang='grc' dir='ltr'><strong>καὶ</strong></span> <span class='ocrx_word' id='word_1_123' title='bbox 733 733 781 769; x_wconf 76' lang='grc' dir='ltr'><strong>τὴν</strong></span> <span class='ocrx_word' id='word_1_124' title='bbox 797 734 863 762; x_wconf 82' lang='grc' dir='ltr'>ἀλυ-</span> 
     </span>
    </p>
   </div>
   <div class='ocr_carea' id='block_1_18' title="bbox 65 777 859 819">
    <p class='ocr_par' dir='ltr' id='par_1_18' title="bbox 65 777 859 819">
     <span class='ocr_line' id='line_1_18' title="bbox 65 777 859 819; baseline 0.001 -13"><span class='ocrx_word' id='word_1_125' title='bbox 65 777 128 806; x_wconf 84' lang='grc' dir='ltr'>πίαν</span> <span class='ocrx_word' id='word_1_126' title='bbox 139 777 152 795; x_wconf 83' lang='grc'><strong><em>⁶</em></strong></span> <span class='ocrx_word' id='word_1_127' title='bbox 166 778 205 807; x_wconf 86' lang='grc' dir='ltr'><strong>δεῖ</strong></span> <span class='ocrx_word' id='word_1_128' title='bbox 220 783 373 818; x_wconf 86' lang='grc' dir='ltr'>προσεῖναι,</span> <span class='ocrx_word' id='word_1_129' title='bbox 389 780 490 817; x_wconf 80' lang='grc' dir='ltr'>μᾶλλον</span> <span class='ocrx_word' id='word_1_130' title='bbox 503 779 529 808; x_wconf 61' lang='lat' dir='ltr'><strong>Si</strong></span> <span class='ocrx_word' id='word_1_131' title='bbox 546 779 592 814; x_wconf 72' lang='grc' dir='ltr'>τὴν</span> <span class='ocrx_word' id='word_1_132' title='bbox 605 779 763 819; x_wconf 80' lang='grc' dir='ltr'>ἱλαρότητα,</span> <span class='ocrx_word' id='word_1_133' title='bbox 778 778 859 817; x_wconf 87' lang='grc' dir='ltr'>ἤγουν</span> 
     </span>
    </p>
   </div>
   <div class='ocr_carea' id='block_1_19' title="bbox 66 823 862 863">
    <p class='ocr_par' dir='ltr' id='par_1_19' title="bbox 66 823 862 863">
     <span class='ocr_line' id='line_1_19' title="bbox 66 823 862 863; baseline 0.001 -12"><span class='ocrx_word' id='word_1_134' title='bbox 66 823 241 862; x_wconf 70' lang='grc' dir='ltr'>φαιδρότητα.</span> <span class='ocrx_word' id='word_1_135' title='bbox 261 823 374 863; x_wconf 80' lang='grc' dir='ltr'>Χαίρειν</span> <span class='ocrx_word' id='word_1_136' title='bbox 391 823 441 863; x_wconf 85' lang='grc' dir='ltr'><strong>γὰρ</strong></span> <span class='ocrx_word' id='word_1_137' title='bbox 458 824 514 860; x_wconf 86' lang='grc' dir='ltr'>δεῖ,</span> <span class='ocrx_word' id='word_1_138' title='bbox 540 823 580 853; x_wconf 73' lang='grc' dir='ltr'><strong>ὅτι</strong></span> <span class='ocrx_word' id='word_1_139' title='bbox 602 823 750 862; x_wconf 79' lang='grc' dir='ltr'>λαμϐάνεις</span> <span class='ocrx_word' id='word_1_140' title='bbox 771 823 862 863; x_wconf 82' lang='grc' dir='ltr'>ὀλίγου</span> 
     </span>
    </p>
   </div>
   <div class='ocr_carea' id='block_1_20' title="bbox 67 867 862 908">
    <p class='ocr_par' dir='ltr' id='par_1_20' title="bbox 67 867 862 908">
     <span class='ocr_line' id='line_1_20' title="bbox 67 867 862 908; baseline 0.001 -13"><span class='ocrx_word' id='word_1_141' title='bbox 67 867 220 906; x_wconf 78' lang='grc' dir='ltr'>τιμήματος</span> <span class='ocrx_word' id='word_1_142' title='bbox 243 867 287 897; x_wconf 85' lang='grc' dir='ltr'><strong>τὸν</strong></span> <span class='ocrx_word' id='word_1_143' title='bbox 310 868 425 908; x_wconf 73' lang='grc' dir='ltr'>οιῖιρανόν.</span> <span class='ocrx_word' id='word_1_144' title='bbox 454 868 516 899; x_wconf 86' lang='grc' dir='ltr'>Νόει</span> <span class='ocrx_word' id='word_1_145' title='bbox 540 868 568 897; x_wconf 79' lang='grc' dir='ltr'>δέ</span> <span class='ocrx_word' id='word_1_146' title='bbox 585 880 630 907; x_wconf 92' lang='grc' dir='ltr'><strong>μοι</strong></span> <span class='ocrx_word' id='word_1_147' title='bbox 647 873 657 892; x_wconf 93' lang='grc'>7</span> <span class='ocrx_word' id='word_1_148' title='bbox 676 867 802 908; x_wconf 70' lang='grc' dir='ltr'>διαφορὰν</span> <span class='ocrx_word' id='word_1_149' title='bbox 817 872 862 897; x_wconf 78' lang='grc' dir='ltr'><strong>τοῦ</strong></span> 
     </span>
    </p>
   </div>
   <div class='ocr_carea' id='block_1_21' title="bbox 67 912 860 952">
    <p class='ocr_par' dir='ltr' id='par_1_21' title="bbox 67 912 860 952">
     <span class='ocr_line' id='line_1_21' title="bbox 67 912 860 952; baseline 0 -10"><span class='ocrx_word' id='word_1_150' title='bbox 67 912 254 949; x_wconf 83' lang='grc' dir='ltr'>μεταδιδόντος</span> <span class='ocrx_word' id='word_1_151' title='bbox 273 913 318 942; x_wconf 81' lang='grc' dir='ltr'><strong>καὶ</strong></span> <span class='ocrx_word' id='word_1_152' title='bbox 335 914 469 947; x_wconf 69' lang='grc' dir='ltr'>ἐλεοῦντος</span> <span class='ocrx_word' id='word_1_153' title='bbox 491 925 497 931; x_wconf 93' lang='grc'><strong>·</strong></span> <span class='ocrx_word' id='word_1_154' title='bbox 520 912 560 942; x_wconf 75' lang='grc' dir='ltr'><strong>ὅτι</strong></span> <span class='ocrx_word' id='word_1_155' title='bbox 575 915 589 943; x_wconf 85' lang='grc' dir='ltr'>ὁ</span> <span class='ocrx_word' id='word_1_156' title='bbox 612 913 660 952; x_wconf 84' lang='grc' dir='ltr'>μὲν</span> <span class='ocrx_word' id='word_1_157' title='bbox 687 912 860 951; x_wconf 75' lang='grc' dir='ltr'>μεταδιδοὺς,</span> 
     </span>
    </p>
   </div>
   <div class='ocr_carea' id='block_1_22' title="bbox 65 957 861 997">
    <p class='ocr_par' dir='ltr' id='par_1_22' title="bbox 65 957 861 997">
     <span class='ocr_line' id='line_1_22' title="bbox 65 957 861 997; baseline 0.003 -12"><span class='ocrx_word' id='word_1_158' title='bbox 65 958 131 995; x_wconf 83' lang='grc' dir='ltr'>παρ’</span> <span class='ocrx_word' id='word_1_159' title='bbox 145 957 228 987; x_wconf 81' lang='grc' dir='ltr'>ἄλλου</span> <span class='ocrx_word' id='word_1_160' title='bbox 244 957 403 995; x_wconf 78' lang='grc' dir='ltr'>λαμϐάνων,</span> <span class='ocrx_word' id='word_1_161' title='bbox 429 959 595 997; x_wconf 81' lang='grc' dir='ltr'>μετοχετεύει</span> <span class='ocrx_word' id='word_1_162' title='bbox 617 958 664 994; x_wconf 78' lang='grc' dir='ltr'><strong>τὴν</strong></span> <span class='ocrx_word' id='word_1_163' title='bbox 687 958 758 988; x_wconf 84' lang='grc' dir='ltr'>δόσιν</span> <span class='ocrx_word' id='word_1_164' title='bbox 777 970 783 976; x_wconf 82' lang='grc'><strong>“</strong></span> <span class='ocrx_word' id='word_1_165' title='bbox 805 959 818 987; x_wconf 84' lang='grc' dir='ltr'>ὁ</span> <span class='ocrx_word' id='word_1_166' title='bbox 834 957 861 987; x_wconf 84' lang='grc' dir='ltr'>δὲ</span> 
     </span>
    </p>
   </div>
   <div class='ocr_carea' id='block_1_23' title="bbox 65 1002 501 1042">
    <p class='ocr_par' dir='ltr' id='par_1_23' title="bbox 65 1002 501 1042">
     <span class='ocr_line' id='line_1_23' title="bbox 65 1002 501 1042; baseline 0.005 -12"><span class='ocrx_word' id='word_1_167' title='bbox 65 1002 146 1031; x_wconf 77' lang='grc' dir='ltr'>ἐλεῶν</span> <span class='ocrx_word' id='word_1_168' title='bbox 162 1003 226 1042; x_wconf 79' lang='grc' dir='ltr'>παρ’</span> <span class='ocrx_word' id='word_1_169' title='bbox 242 1004 334 1031; x_wconf 77' lang='grc' dir='ltr'>ἑαυτοῦ</span> <span class='ocrx_word' id='word_1_170' title='bbox 353 1002 501 1032; x_wconf 69' lang='grc' dir='ltr'>ἀναλίσκει.</span> 
     </span>
    </p>
   </div>
   <div class='ocr_carea' id='block_1_24' title="bbox 111 1092 861 1133">
    <p class='ocr_par' dir='ltr' id='par_1_24' title="bbox 111 1092 861 1133">
     <span class='ocr_line' id='line_1_24' title="bbox 111 1092 861 1133; baseline 0.001 -11"><span class='ocrx_word' id='word_1_171' title='bbox 111 1104 126 1122; x_wconf 80' lang='grc' dir='ltr'><strong>ιι</strong></span> <span class='ocrx_word' id='word_1_172' title='bbox 140 1092 176 1122; x_wconf 62' lang='grc' dir='ltr'><strong>⁸Η</strong></span> <span class='ocrx_word' id='word_1_173' title='bbox 196 1092 288 1132; x_wconf 77' lang='grc' dir='ltr'>ἀγάπη</span> <span class='ocrx_word' id='word_1_174' title='bbox 316 1093 496 1133; x_wconf 83' lang='grc' dir='ltr'>ἀνυπόκριτος.</span> <span class='ocrx_word' id='word_1_175' title='bbox 513 1104 527 1121; x_wconf 75' lang='grc' dir='ltr'>ι)</span> <span class='ocrx_word' id='word_1_176' title='bbox 555 1093 679 1123; x_wconf 84' lang='grc' dir='ltr'>Δείκνυσι</span> <span class='ocrx_word' id='word_1_177' title='bbox 702 1095 758 1127; x_wconf 81' lang='grc' dir='ltr'><strong>πῶς</strong></span> <span class='ocrx_word' id='word_1_178' title='bbox 783 1092 813 1122; x_wconf 80' lang='grc' dir='ltr'><strong>ἂν</strong></span> <span class='ocrx_word' id='word_1_179' title='bbox 828 1093 861 1123; x_wconf 73' lang='grc' dir='ltr'><strong>τὰ</strong></span> 
     </span>
    </p>
   </div>
   <div class='ocr_carea' id='block_1_25' title="bbox 64 1136 862 1178">
    <p class='ocr_par' dir='ltr' id='par_1_25' title="bbox 64 1136 862 1178">
     <span class='ocr_line' id='line_1_25' title="bbox 64 1136 862 1178; baseline 0.001 -12"><span class='ocrx_word' id='word_1_180' title='bbox 64 1136 245 1177; x_wconf 82' lang='grc' dir='ltr'>προειρημένα</span> <span class='ocrx_word' id='word_1_181' title='bbox 265 1137 377 1166; x_wconf 74' lang='grc' dir='ltr'>πάντα⁸</span> <span class='ocrx_word' id='word_1_182' title='bbox 404 1138 598 1177; x_wconf 81' lang='grc' dir='ltr'>κατορθωθείη,</span> <span class='ocrx_word' id='word_1_183' title='bbox 627 1137 672 1167; x_wconf 86' lang='grc' dir='ltr'><strong>καί</strong></span> <span class='ocrx_word' id='word_1_184' title='bbox 698 1149 798 1178; x_wconf 83' lang='grc' dir='ltr'>φησιν,</span> <span class='ocrx_word' id='word_1_185' title='bbox 821 1137 862 1167; x_wconf 79' lang='grc' dir='ltr'><strong>ὅτι</strong></span> 
     </span>
    </p>
   </div>
   <div class='ocr_carea' id='block_1_26' title="bbox 64 1181 861 1223">
    <p class='ocr_par' dir='ltr' id='par_1_26' title="bbox 64 1181 861 1223">
     <span class='ocr_line' id='line_1_26' title="bbox 64 1181 861 1223; baseline 0 -11"><span class='ocrx_word' id='word_1_186' title='bbox 64 1181 101 1212; x_wconf 82' lang='grc' dir='ltr'><strong><em>Ἣ</em></strong></span> <span class='ocrx_word' id='word_1_187' title='bbox 117 1182 210 1222; x_wconf 84' lang='grc' dir='ltr'>ἀγάπη</span> <span class='ocrx_word' id='word_1_188' title='bbox 231 1182 300 1211; x_wconf 84' lang='grc' dir='ltr'>ἔστω</span> <span class='ocrx_word' id='word_1_189' title='bbox 319 1182 499 1221; x_wconf 77' lang='grc' dir='ltr'>ἀνυπόκριτος.</span> <span class='ocrx_word' id='word_1_190' title='bbox 516 1183 586 1213; x_wconf 83' lang='grc' dir='ltr'>Τότε</span> <span class='ocrx_word' id='word_1_191' title='bbox 605 1182 656 1223; x_wconf 88' lang='grc' dir='ltr'><strong>γάρ</strong></span> <span class='ocrx_word' id='word_1_192' title='bbox 672 1184 743 1212; x_wconf 80' lang='grc' dir='ltr'>ἐστιν</span> <span class='ocrx_word' id='word_1_193' title='bbox 763 1185 779 1218; x_wconf 84' lang='grc' dir='ltr'><strong>ἡ</strong></span> <span class='ocrx_word' id='word_1_194' title='bbox 796 1182 861 1221; x_wconf 68' lang='grc' dir='ltr'>ἀγάο</span> 
     </span>
    </p>
   </div>
   <div class='ocr_carea' id='block_1_27' title="bbox 63 1226 859 1267">
    <p class='ocr_par' dir='ltr' id='par_1_27' title="bbox 63 1226 859 1267">
     <span class='ocr_line' id='line_1_27' title="bbox 63 1226 859 1267; baseline 0 -11"><span class='ocrx_word' id='word_1_195' title='bbox 63 1239 104 1263; x_wconf 80' lang='grc' dir='ltr'><strong>πη</strong></span> <span class='ocrx_word' id='word_1_196' title='bbox 114 1249 122 1263; x_wconf 91' lang='grc'><strong>,</strong></span> <span class='ocrx_word' id='word_1_197' title='bbox 137 1227 182 1256; x_wconf 76' lang='grc' dir='ltr'>καὶ</span> <span class='ocrx_word' id='word_1_198' title='bbox 197 1226 284 1256; x_wconf 88' lang='grc' dir='ltr'>πάντα</span> <span class='ocrx_word' id='word_1_199' title='bbox 298 1226 528 1267; x_wconf 76' lang='grc' dir='ltr'>κατορθωθήσεται</span> <span class='ocrx_word' id='word_1_200' title='bbox 545 1227 652 1267; x_wconf 72' lang='grc' dir='ltr'>ῥᾳδίως.</span> <span class='ocrx_word' id='word_1_201' title='bbox 671 1228 724 1258; x_wconf 76' lang='grc' dir='ltr'><strong>Καὶ</strong></span> <span class='ocrx_word' id='word_1_202' title='bbox 744 1229 758 1256; x_wconf 78' lang='grc' dir='ltr'><strong>ὁ</strong></span> <span class='ocrx_word' id='word_1_203' title='bbox 780 1228 859 1257; x_wconf 78' lang='grc' dir='ltr'>ἐλεῶν</span> 
     </span>
    </p>
   </div>
   <div class='ocr_carea' id='block_1_28' title="bbox 62 1271 858 1312">
    <p class='ocr_par' dir='ltr' id='par_1_28' title="bbox 62 1271 858 1312">
     <span class='ocr_line' id='line_1_28' title="bbox 62 1271 858 1312; baseline 0.001 -12"><span class='ocrx_word' id='word_1_204' title='bbox 62 1271 116 1312; x_wconf 78' lang='grc' dir='ltr'><strong>γὰρ</strong></span> <span class='ocrx_word' id='word_1_205' title='bbox 131 1272 228 1311; x_wconf 77' lang='grc' dir='ltr'>ἱλαρῶς</span> <span class='ocrx_word' id='word_1_206' title='bbox 243 1271 362 1308; x_wconf 79' lang='grc' dir='ltr'>ἐλεήσει,</span> <span class='ocrx_word' id='word_1_207' title='bbox 379 1271 464 1305; x_wconf 80' lang='grc' dir='ltr'>διδοὺς</span> <span class='ocrx_word' id='word_1_208' title='bbox 487 1274 525 1311; x_wconf 86' lang='grc' dir='ltr'><strong>τῷ</strong></span> <span class='ocrx_word' id='word_1_209' title='bbox 548 1273 658 1308; x_wconf 84' lang='grc' dir='ltr'>πλησίον</span> <span class='ocrx_word' id='word_1_210' title='bbox 669 1272 681 1289; x_wconf 83' lang='grc'>⁹</span> <span class='ocrx_word' id='word_1_211' title='bbox 694 1275 729 1305; x_wconf 82' lang='grc' dir='ltr'>ὡς</span> <span class='ocrx_word' id='word_1_212' title='bbox 749 1273 835 1312; x_wconf 75' lang='grc' dir='ltr'>ἑαυτῷ</span> <span class='ocrx_word' id='word_1_213' title='bbox 853 1284 858 1290; x_wconf 94' lang='grc'><strong>·</strong></span> 
     </span>
    </p>
   </div>
   <div class='ocr_carea' id='block_1_29' title="bbox 61 1315 859 1356">
    <p class='ocr_par' dir='ltr' id='par_1_29' title="bbox 61 1315 859 1356">
     <span class='ocr_line' id='line_1_29' title="bbox 61 1315 859 1356; baseline 0.001 -11"><span class='ocrx_word' id='word_1_214' title='bbox 61 1315 111 1345; x_wconf 82' lang='grc' dir='ltr'>καὶ</span> <span class='ocrx_word' id='word_1_215' title='bbox 139 1318 154 1345; x_wconf 84' lang='grc' dir='ltr'><strong>ὁ</strong></span> <span class='ocrx_word' id='word_1_216' title='bbox 179 1316 369 1355; x_wconf 82' lang='grc' dir='ltr'>προϊστάμενος</span> <span class='ocrx_word' id='word_1_217' title='bbox 405 1317 553 1349; x_wconf 80' lang='grc' dir='ltr'>σπουδαίως</span> <span class='ocrx_word' id='word_1_218' title='bbox 584 1316 780 1356; x_wconf 79' lang='grc' dir='ltr'>προστήσεται,</span> <span class='ocrx_word' id='word_1_219' title='bbox 822 1318 859 1350; x_wconf 86' lang='grc' dir='ltr'>ὥς</span> 
     </span>
    </p>
   </div>
   <div class='ocr_carea' id='block_1_30' title="bbox 61 1361 852 1400">
    <p class='ocr_par' dir='ltr' id='par_1_30' title="bbox 61 1361 852 1400">
     <span class='ocr_line' id='line_1_30' title="bbox 61 1361 852 1400; baseline 0 -10"><span class='ocrx_word' id='word_1_220' title='bbox 61 1361 131 1400; x_wconf 74' lang='grc' dir='ltr'>ὑπὲρ</span> <span class='ocrx_word' id='word_1_221' title='bbox 146 1362 241 1391; x_wconf 72' lang='grc' dir='ltr'>ἑαυτοῦ</span> <span class='ocrx_word' id='word_1_222' title='bbox 256 1362 446 1400; x_wconf 81' lang='grc' dir='ltr'>ἀγωνιζόμενος</span> <span class='ocrx_word' id='word_1_223' title='bbox 461 1364 508 1391; x_wconf 77' lang='grc' dir='ltr'><strong>τοῦ</strong></span> <span class='ocrx_word' id='word_1_224' title='bbox 522 1361 648 1398; x_wconf 80' lang='grc' dir='ltr'>πλησίον,</span> <span class='ocrx_word' id='word_1_225' title='bbox 664 1361 710 1390; x_wconf 83' lang='grc' dir='ltr'>καὶ</span> <span class='ocrx_word' id='word_1_226' title='bbox 727 1361 814 1391; x_wconf 87' lang='grc' dir='ltr'>πάντα</span> <span class='ocrx_word' id='word_1_227' title='bbox 828 1361 852 1379; x_wconf 78' lang='grc'>⁴⁰</span> 
     </span>
    </p>
   </div>
   <div class='ocr_carea' id='block_1_31' title="bbox 61 1406 169 1444">
    <p class='ocr_par' dir='ltr' id='par_1_31' title="bbox 61 1406 169 1444">
     <span class='ocr_line' id='line_1_31' title="bbox 61 1406 169 1444; baseline -0.009 -9"><span class='ocrx_word' id='word_1_228' title='bbox 61 1406 169 1444; x_wconf 75' lang='grc' dir='ltr'>ὁμοίως.</span> 
     </span>
    </p>
   </div>
   <div class='ocr_carea' id='block_1_32' title="bbox 109 1486 859 1532">
    <p class='ocr_par' dir='ltr' id='par_1_32' title="bbox 109 1486 859 1532">
     <span class='ocr_line' id='line_1_32' title="bbox 109 1486 859 1532; baseline 0 -11"><span class='ocrx_word' id='word_1_229' title='bbox 109 1503 124 1521; x_wconf 78' lang='grc' dir='ltr'><strong>α</strong></span> <span class='ocrx_word' id='word_1_230' title='bbox 138 1491 357 1531; x_wconf 82' lang='grc' dir='ltr'>Ἀποστυγοῧντες</span> <span class='ocrx_word' id='word_1_231' title='bbox 381 1492 411 1521; x_wconf 83' lang='grc' dir='ltr'><strong>τὸ</strong></span> <span class='ocrx_word' id='word_1_232' title='bbox 434 1491 561 1531; x_wconf 88' lang='grc' dir='ltr'>πονηρόν.</span> <span class='ocrx_word' id='word_1_233' title='bbox 579 1505 590 1519; x_wconf 71' lang='grc' dir='ltr'><strong>ν</strong></span> <span class='ocrx_word' id='word_1_234' title='bbox 617 1486 686 1521; x_wconf 73' lang='grc' dir='ltr'>Εἶπε</span> <span class='ocrx_word' id='word_1_235' title='bbox 711 1492 772 1532; x_wconf 80' lang='grc' dir='ltr'>περὶ</span> <span class='ocrx_word' id='word_1_236' title='bbox 793 1491 859 1529; x_wconf 74' lang='grc' dir='ltr'>ἀγά-</span> 
     </span>
    </p>
   </div>
   <div class='ocr_carea' id='block_1_33' title="bbox 61 1535 860 1574">
    <p class='ocr_par' dir='ltr' id='par_1_33' title="bbox 61 1535 860 1574">
     <span class='ocr_line' id='line_1_33' title="bbox 61 1535 860 1574; baseline -0.001 -8"><span class='ocrx_word' id='word_1_237' title='bbox 61 1548 127 1572; x_wconf 76' lang='grc' dir='ltr'>πης.</span> <span class='ocrx_word' id='word_1_238' title='bbox 145 1536 224 1566; x_wconf 74' lang='grc' dir='ltr'>Ἐπεὶ</span> <span class='ocrx_word' id='word_1_239' title='bbox 238 1536 264 1566; x_wconf 87' lang='grc' dir='ltr'>δὲ</span> <span class='ocrx_word' id='word_1_240' title='bbox 278 1535 349 1566; x_wconf 80' lang='grc' dir='ltr'>ἔστιν</span> <span class='ocrx_word' id='word_1_241' title='bbox 364 1536 457 1574; x_wconf 79' lang='grc' dir='ltr'>ἀγάπη</span> <span class='ocrx_word' id='word_1_242' title='bbox 473 1535 639 1573; x_wconf 77' lang='grc' dir='ltr'>ἐπιϐλαϐὴς,</span> <span class='ocrx_word' id='word_1_243' title='bbox 661 1538 696 1570; x_wconf 87' lang='grc' dir='ltr'>ὡς</span> <span class='ocrx_word' id='word_1_244' title='bbox 708 1538 725 1572; x_wconf 85' lang='grc' dir='ltr'><strong>ἡ</strong></span> <span class='ocrx_word' id='word_1_245' title='bbox 747 1537 799 1566; x_wconf 81' lang='grc' dir='ltr'><strong>τῶν</strong></span> <span class='ocrx_word' id='word_1_246' title='bbox 816 1536 860 1565; x_wconf 83' lang='grc' dir='ltr'><strong>ἐπὶ</strong></span> 
     </span>
    </p>
   </div>
   <div class='ocr_carea' id='block_1_34' title="bbox 61 1580 861 1621">
    <p class='ocr_par' dir='ltr' id='par_1_34' title="bbox 61 1580 861 1621">
     <span class='ocr_line' id='line_1_34' title="bbox 61 1580 861 1621; baseline 0 -11"><span class='ocrx_word' id='word_1_247' title='bbox 61 1580 200 1621; x_wconf 85' lang='grc' dir='ltr'>λῃστείαις</span> <span class='ocrx_word' id='word_1_248' title='bbox 215 1581 392 1619; x_wconf 82' lang='grc' dir='ltr'>ὁμονοούντων</span> <span class='ocrx_word' id='word_1_249' title='bbox 402 1605 410 1620; x_wconf 89' lang='grc'><strong>,</strong></span> <span class='ocrx_word' id='word_1_250' title='bbox 427 1582 471 1610; x_wconf 79' lang='grc' dir='ltr'><strong>καὶ</strong></span> <span class='ocrx_word' id='word_1_251' title='bbox 486 1583 537 1610; x_wconf 78' lang='grc' dir='ltr'><strong>τῶν</strong></span> <span class='ocrx_word' id='word_1_252' title='bbox 556 1580 679 1611; x_wconf 81' lang='grc' dir='ltr'>τοιούτων</span> <span class='ocrx_word' id='word_1_253' title='bbox 701 1593 708 1599; x_wconf 93' lang='grc'><strong>·</strong></span> <span class='ocrx_word' id='word_1_254' title='bbox 728 1580 771 1610; x_wconf 78' lang='grc' dir='ltr'><strong>διὰ</strong></span> <span class='ocrx_word' id='word_1_255' title='bbox 784 1581 861 1610; x_wconf 68' lang='grc' dir='ltr'>τοῦτό</span> 
     </span>
    </p>
   </div>
   <div class='ocr_carea' id='block_1_35' title="bbox 61 1625 860 1666">
    <p class='ocr_par' dir='ltr' id='par_1_35' title="bbox 61 1625 860 1666">
     <span class='ocr_line' id='line_1_35' title="bbox 61 1625 860 1666; baseline -0.001 -11"><span class='ocrx_word' id='word_1_256' title='bbox 61 1637 143 1666; x_wconf 80' lang='grc' dir='ltr'>φησιν</span> <span class='ocrx_word' id='word_1_257' title='bbox 161 1634 169 1642; x_wconf 90' lang='lat'>&#39;</span> <span class='ocrx_word' id='word_1_258' title='bbox 199 1640 212 1652; x_wconf 77' lang='grc' dir='ltr'><strong>ι</strong></span> <span class='ocrx_word' id='word_1_259' title='bbox 230 1625 450 1665; x_wconf 74' lang='grc' dir='ltr'>Ἀποστυγοῖὶντες</span> <span class='ocrx_word' id='word_1_260' title='bbox 470 1626 500 1656; x_wconf 77' lang='grc' dir='ltr'>τὸ</span> <span class='ocrx_word' id='word_1_261' title='bbox 522 1625 635 1665; x_wconf 81' lang='grc' dir='ltr'>πονηρόν</span> <span class='ocrx_word' id='word_1_262' title='bbox 649 1637 655 1644; x_wconf 73' lang='grc' dir='ltr'><strong>ι</strong></span> <span class='ocrx_word' id='word_1_263' title='bbox 671 1641 684 1653; x_wconf 75' lang='grc' dir='ltr'><strong><em>ι</em></strong></span> <span class='ocrx_word' id='word_1_264' title='bbox 705 1625 860 1662; x_wconf 76' lang='grc' dir='ltr'>τοστέστιν,</span> 
     </span>
    </p>
   </div>
   <div class='ocr_carea' id='block_1_36' title="bbox 61 1670 862 1711">
    <p class='ocr_par' dir='ltr' id='par_1_36' title="bbox 61 1670 862 1711">
     <span class='ocr_line' id='line_1_36' title="bbox 61 1670 862 1711; baseline -0.001 -10"><span class='ocrx_word' id='word_1_265' title='bbox 61 1671 116 1701; x_wconf 89' lang='grc' dir='ltr'>Ἐκ</span> <span class='ocrx_word' id='word_1_266' title='bbox 130 1672 218 1711; x_wconf 74' lang='grc' dir='ltr'>ψυχῆς</span> <span class='ocrx_word' id='word_1_267' title='bbox 234 1673 380 1710; x_wconf 75' lang='grc' dir='ltr'>μισοῦντες.</span> <span class='ocrx_word' id='word_1_268' title='bbox 398 1670 432 1701; x_wconf 84' lang='grc' dir='ltr'><strong><em>Ἡ</em></strong></span> <span class='ocrx_word' id='word_1_269' title='bbox 447 1671 509 1709; x_wconf 85' lang='grc' dir='ltr'>γὰρ,</span> <span class='ocrx_word' id='word_1_270' title='bbox 531 1684 542 1696; x_wconf 78' lang='grc' dir='ltr'>ι</span> <span class='ocrx_word' id='word_1_271' title='bbox 560 1670 641 1709; x_wconf 80' lang='grc' dir='ltr'>Ἀπὸ,</span> <span class='ocrx_word' id='word_1_272' title='bbox 662 1684 674 1697; x_wconf 75' lang='grc' dir='ltr'><strong>α</strong></span> <span class='ocrx_word' id='word_1_273' title='bbox 685 1670 822 1710; x_wconf 84' lang='grc' dir='ltr'>πρόθεσις,</span> <span class='ocrx_word' id='word_1_274' title='bbox 832 1671 862 1700; x_wconf 82' lang='grc' dir='ltr'>τὸ</span> 
     </span>
    </p>
   </div>
   <div class='ocr_carea' id='block_1_37' title="bbox 60 1715 859 1756">
    <p class='ocr_par' dir='ltr' id='par_1_37' title="bbox 60 1715 859 1756">
     <span class='ocr_line' id='line_1_37' title="bbox 60 1715 859 1756; baseline 0 -12"><span class='ocrx_word' id='word_1_275' title='bbox 60 1715 254 1753; x_wconf 69' lang='grc' dir='ltr'>ἐπιτεταμένον</span> <span class='ocrx_word' id='word_1_276' title='bbox 277 1717 369 1754; x_wconf 82' lang='grc' dir='ltr'>μῖσος,</span> <span class='ocrx_word' id='word_1_277' title='bbox 395 1716 440 1744; x_wconf 63' lang='grc' dir='ltr'><strong>καὶ</strong></span> <span class='ocrx_word' id='word_1_278' title='bbox 461 1715 490 1745; x_wconf 71' lang='grc' dir='ltr'><strong>τὸ</strong></span> <span class='ocrx_word' id='word_1_279' title='bbox 517 1715 570 1744; x_wconf 81' lang='grc' dir='ltr'><strong>ἀπὸ</strong></span> <span class='ocrx_word' id='word_1_280' title='bbox 589 1715 698 1756; x_wconf 87' lang='grc' dir='ltr'>καρδίας</span> <span class='ocrx_word' id='word_1_281' title='bbox 727 1715 859 1756; x_wconf 77' lang='grc' dir='ltr'>ἐμφαίνει.</span> 
     </span>
    </p>
   </div>
   <div class='ocr_carea' id='block_1_38' title="bbox 61 1759 860 1800">
    <p class='ocr_par' dir='ltr' id='par_1_38' title="bbox 61 1759 860 1800">
     <span class='ocr_line' id='line_1_38' title="bbox 61 1759 860 1800; baseline 0 -10"><span class='ocrx_word' id='word_1_282' title='bbox 61 1760 178 1795; x_wconf 78' lang='grc' dir='ltr'>Ἐπειδὴ</span> <span class='ocrx_word' id='word_1_283' title='bbox 194 1759 245 1800; x_wconf 80' lang='grc' dir='ltr'><strong>γὰρ</strong></span> <span class='ocrx_word' id='word_1_284' title='bbox 263 1761 355 1790; x_wconf 89' lang='grc' dir='ltr'>πολλοί</span> <span class='ocrx_word' id='word_1_285' title='bbox 371 1762 422 1789; x_wconf 85' lang='grc' dir='ltr'>εἰσι</span> <span class='ocrx_word' id='word_1_286' title='bbox 434 1759 471 1798; x_wconf 88' lang='grc' dir='ltr'><strong>μὴ</strong></span> <span class='ocrx_word' id='word_1_287' title='bbox 487 1761 646 1800; x_wconf 71' lang='grc' dir='ltr'>πράττοντες</span> <span class='ocrx_word' id='word_1_288' title='bbox 658 1760 706 1798; x_wconf 73' lang='grc' dir='ltr'>μὲν</span> <span class='ocrx_word' id='word_1_289' title='bbox 722 1760 755 1789; x_wconf 78' lang='grc' dir='ltr'><strong>τὰ</strong></span> <span class='ocrx_word' id='word_1_290' title='bbox 772 1760 842 1790; x_wconf 82' lang='grc' dir='ltr'>κακὰ</span> <span class='ocrx_word' id='word_1_291' title='bbox 852 1783 860 1797; x_wconf 85' lang='grc'><strong>,</strong></span> 
     </span>
    </p>
   </div>
   <div class='ocr_carea' id='block_1_39' title="bbox 61 1803 858 1844">
    <p class='ocr_par' dir='ltr' id='par_1_39' title="bbox 61 1803 858 1844">
     <span class='ocr_line' id='line_1_39' title="bbox 61 1803 858 1844; baseline 0 -11"><span class='ocrx_word' id='word_1_292' title='bbox 61 1805 137 1843; x_wconf 79' lang='grc' dir='ltr'>ὅμως</span> <span class='ocrx_word' id='word_1_293' title='bbox 163 1805 253 1843; x_wconf 78' lang='grc' dir='ltr'>μέντοι</span> <span class='ocrx_word' id='word_1_294' title='bbox 268 1803 317 1840; x_wconf 89' lang='grc' dir='ltr'><strong>τὴν</strong></span> <span class='ocrx_word' id='word_1_295' title='bbox 333 1804 474 1844; x_wconf 71' lang='grc' dir='ltr'>ἐπιθυμίαν</span> <span class='ocrx_word' id='word_1_296' title='bbox 499 1806 585 1834; x_wconf 75' lang='grc' dir='ltr'>αὐτῶν</span> <span class='ocrx_word' id='word_1_297' title='bbox 609 1804 713 1844; x_wconf 79' lang='grc' dir='ltr'>ἔχοντες</span> <span class='ocrx_word' id='word_1_298' title='bbox 729 1815 735 1822; x_wconf 76' lang='grc'><em>⁴</em></span> <span class='ocrx_word' id='word_1_299' title='bbox 759 1805 839 1844; x_wconf 79' lang='grc' dir='ltr'>φησὶν</span> <span class='ocrx_word' id='word_1_300' title='bbox 851 1828 858 1842; x_wconf 81' lang='lat'><strong>,</strong></span> 
     </span>
    </p>
   </div>
   <div class='ocr_carea' id='block_1_40' title="bbox 60 1849 858 1890">
    <p class='ocr_par' dir='ltr' id='par_1_40' title="bbox 60 1849 858 1890">
     <span class='ocr_line' id='line_1_40' title="bbox 60 1849 858 1890; baseline -0.001 -11"><span class='ocrx_word' id='word_1_301' title='bbox 60 1850 104 1879; x_wconf 80' lang='grc' dir='ltr'><strong>ὅτι</strong></span> <span class='ocrx_word' id='word_1_302' title='bbox 115 1849 156 1880; x_wconf 87' lang='grc' dir='ltr'>Τὸ</span> <span class='ocrx_word' id='word_1_303' title='bbox 169 1849 222 1879; x_wconf 80' lang='grc' dir='ltr'>ἀπὸ</span> <span class='ocrx_word' id='word_1_304' title='bbox 237 1849 345 1888; x_wconf 77' lang='grc' dir='ltr'>καρδίας</span> <span class='ocrx_word' id='word_1_305' title='bbox 361 1854 438 1888; x_wconf 83' lang='grc' dir='ltr'>μῖσος</span> <span class='ocrx_word' id='word_1_306' title='bbox 461 1850 524 1890; x_wconf 79' lang='grc' dir='ltr'>πρὸς</span> <span class='ocrx_word' id='word_1_307' title='bbox 542 1850 590 1886; x_wconf 79' lang='grc' dir='ltr'><strong>τὴν</strong></span> <span class='ocrx_word' id='word_1_308' title='bbox 613 1851 709 1879; x_wconf 84' lang='grc' dir='ltr'>κακίαν</span> <span class='ocrx_word' id='word_1_309' title='bbox 732 1850 838 1890; x_wconf 70' lang='grc' dir='ltr'>ἀπαιτῶ</span> <span class='ocrx_word' id='word_1_310' title='bbox 849 1871 858 1886; x_wconf 84' lang='grc'><strong>,</strong></span> 
     </span>
    </p>
   </div>
   <div class='ocr_carea' id='block_1_41' title="bbox 59 1889 857 1935">
    <p class='ocr_par' dir='ltr' id='par_1_41' title="bbox 59 1889 857 1935">
     <span class='ocr_line' id='line_1_41' title="bbox 59 1889 857 1935; baseline 0.001 -12"><span class='ocrx_word' id='word_1_311' title='bbox 59 1894 106 1924; x_wconf 75' lang='grc' dir='ltr'><strong>ἵνα</strong></span> <span class='ocrx_word' id='word_1_312' title='bbox 127 1894 174 1923; x_wconf 81' lang='grc' dir='ltr'>καὶ</span> <span class='ocrx_word' id='word_1_313' title='bbox 202 1896 219 1930; x_wconf 87' lang='grc' dir='ltr'><strong>ἡ</strong></span> <span class='ocrx_word' id='word_1_314' title='bbox 235 1893 309 1935; x_wconf 81' lang='grc' dir='ltr'>ψυχὴ</span> <span class='ocrx_word' id='word_1_315' title='bbox 332 1889 488 1934; x_wconf 54' lang='grc' dir='ltr'>καθαρεύοιξ</span> <span class='ocrx_word' id='word_1_316' title='bbox 511 1894 558 1930; x_wconf 84' lang='grc' dir='ltr'><strong>Μὴ</strong></span> <span class='ocrx_word' id='word_1_317' title='bbox 578 1890 622 1924; x_wconf 68' lang='grc' dir='ltr'><strong>οὖν</strong></span> <span class='ocrx_word' id='word_1_318' title='bbox 647 1895 738 1930; x_wconf 81' lang='grc' dir='ltr'>ἐπειδὴ</span> <span class='ocrx_word' id='word_1_319' title='bbox 763 1889 857 1931; x_wconf 71' lang='grc' dir='ltr'>εἶπον,</span> 
     </span>
    </p>
   </div>
   <div class='ocr_carea' id='block_1_42' title="bbox 64 1939 857 1980">
    <p class='ocr_par' dir='ltr' id='par_1_42' title="bbox 64 1939 857 1980">
     <span class='ocr_line' id='line_1_42' title="bbox 64 1939 857 1980; baseline -0.001 -11"><span class='ocrx_word' id='word_1_320' title='bbox 64 1951 81 1969; x_wconf 79' lang='grc' dir='ltr'><strong>ιι</strong></span> <span class='ocrx_word' id='word_1_321' title='bbox 97 1939 231 1978; x_wconf 77' lang='grc' dir='ltr'>Ἀγαπᾶτε</span> <span class='ocrx_word' id='word_1_322' title='bbox 245 1939 384 1975; x_wconf 73' lang='grc' dir='ltr'>ἀλλήλους,</span> <span class='ocrx_word' id='word_1_323' title='bbox 397 1953 409 1965; x_wconf 74' lang='grc' dir='ltr'>ια</span> <span class='ocrx_word' id='word_1_324' title='bbox 428 1939 554 1977; x_wconf 79' lang='grc' dir='ltr'>νομίσητέ</span> <span class='ocrx_word' id='word_1_325' title='bbox 577 1951 610 1978; x_wconf 88' lang='grc' dir='ltr'><strong>με</strong></span> <span class='ocrx_word' id='word_1_326' title='bbox 623 1939 757 1980; x_wconf 83' lang='grc' dir='ltr'>διεγείρειν</span> <span class='ocrx_word' id='word_1_327' title='bbox 773 1941 841 1978; x_wconf 77' lang='grc' dir='ltr'>ὑμᾶς</span> <span class='ocrx_word' id='word_1_328' title='bbox 850 1963 857 1976; x_wconf 87' lang='grc'><strong>,</strong></span> 
     </span>
    </p>
   </div>
   <div class='ocr_carea' id='block_1_43' title="bbox 59 1983 859 2024">
    <p class='ocr_par' dir='ltr' id='par_1_43' title="bbox 59 1983 859 2024">
     <span class='ocr_line' id='line_1_43' title="bbox 59 1983 859 2024; baseline 0.001 -12"><span class='ocrx_word' id='word_1_329' title='bbox 59 1984 104 2013; x_wconf 80' lang='grc' dir='ltr'>ἵνα</span> <span class='ocrx_word' id='word_1_330' title='bbox 120 1985 166 2012; x_wconf 74' lang='grc' dir='ltr'><strong>καὶ</strong></span> <span class='ocrx_word' id='word_1_331' title='bbox 182 1984 218 2017; x_wconf 81' lang='grc' dir='ltr'>εἷς</span> <span class='ocrx_word' id='word_1_332' title='bbox 231 1984 260 2013; x_wconf 84' lang='grc' dir='ltr'>τὸ</span> <span class='ocrx_word' id='word_1_333' title='bbox 281 1983 395 2023; x_wconf 82' lang='grc' dir='ltr'>πονηρὸν</span> <span class='ocrx_word' id='word_1_334' title='bbox 411 1984 602 2024; x_wconf 83' lang='grc' dir='ltr'>συμπράττητε</span> <span class='ocrx_word' id='word_1_335' title='bbox 627 1984 750 2019; x_wconf 81' lang='grc' dir='ltr'>ἀλλήλοις</span> <span class='ocrx_word' id='word_1_336' title='bbox 767 1995 772 2001; x_wconf 94' lang='grc'>·</span> <span class='ocrx_word' id='word_1_337' title='bbox 789 1984 859 2013; x_wconf 80' lang='grc' dir='ltr'>ἀλλὰ</span> 
     </span>
    </p>
   </div>
   <div class='ocr_carea' id='block_1_44' title="bbox 60 2029 859 2068">
    <p class='ocr_par' dir='ltr' id='par_1_44' title="bbox 60 2029 859 2068">
     <span class='ocr_line' id='line_1_44' title="bbox 60 2029 859 2068; baseline 0.003 -11"><span class='ocrx_word' id='word_1_338' title='bbox 60 2029 212 2058; x_wconf 78' lang='grc' dir='ltr'>τοῦναντίον</span> <span class='ocrx_word' id='word_1_339' title='bbox 226 2029 339 2066; x_wconf 75' lang='grc' dir='ltr'>μᾶλλον,</span> <span class='ocrx_word' id='word_1_340' title='bbox 356 2030 558 2068; x_wconf 75' lang='grc' dir='ltr'>ἀλλοτριοῦσθαι</span> <span class='ocrx_word' id='word_1_341' title='bbox 583 2029 714 2068; x_wconf 82' lang='grc' dir='ltr'>βούλομαι</span> <span class='ocrx_word' id='word_1_342' title='bbox 730 2031 798 2067; x_wconf 75' lang='grc' dir='ltr'>ὑμᾶς</span> <span class='ocrx_word' id='word_1_343' title='bbox 808 2053 815 2067; x_wconf 86' lang='grc'><strong>,</strong></span> <span class='ocrx_word' id='word_1_344' title='bbox 830 2031 859 2059; x_wconf 85' lang='grc' dir='ltr'>οὐ</span> 
     </span>
    </p>
   </div>
   <div class='ocr_carea' id='block_1_45' title="bbox 59 2073 858 2113">
    <p class='ocr_par' dir='ltr' id='par_1_45' title="bbox 59 2073 858 2113">
     <span class='ocr_line' id='line_1_45' title="bbox 59 2073 858 2113; baseline 0.001 -11"><span class='ocrx_word' id='word_1_345' title='bbox 59 2073 139 2112; x_wconf 86' lang='grc' dir='ltr'>μόνον</span> <span class='ocrx_word' id='word_1_346' title='bbox 157 2076 204 2109; x_wconf 79' lang='grc' dir='ltr'><strong>τῆς</strong></span> <span class='ocrx_word' id='word_1_347' title='bbox 219 2073 339 2112; x_wconf 78' lang='grc' dir='ltr'>πράξεως</span> <span class='ocrx_word' id='word_1_348' title='bbox 354 2075 401 2108; x_wconf 80' lang='grc' dir='ltr'><strong>τῆς</strong></span> <span class='ocrx_word' id='word_1_349' title='bbox 416 2078 534 2113; x_wconf 72' lang='grc' dir='ltr'>πονηρᾶς</span> <span class='ocrx_word' id='word_1_350' title='bbox 547 2097 555 2110; x_wconf 91' lang='grc'><strong>,</strong></span> <span class='ocrx_word' id='word_1_351' title='bbox 571 2074 639 2103; x_wconf 76' lang='grc' dir='ltr'>ἀλλὰ</span> <span class='ocrx_word' id='word_1_352' title='bbox 654 2074 699 2103; x_wconf 86' lang='grc' dir='ltr'>καὶ</span> <span class='ocrx_word' id='word_1_353' title='bbox 720 2076 768 2110; x_wconf 77' lang='grc' dir='ltr'><strong>τῆς</strong></span> <span class='ocrx_word' id='word_1_354' title='bbox 788 2073 858 2103; x_wconf 72' lang='grc' dir='ltr'>κατὰ</span> 
     </span>
    </p>
   </div>
   <div class='ocr_carea' id='block_1_46' title="bbox 59 2117 497 2158">
    <p class='ocr_par' dir='ltr' id='par_1_46' title="bbox 59 2117 497 2158">
     <span class='ocr_line' id='line_1_46' title="bbox 59 2117 497 2158; baseline 0.002 -10"><span class='ocrx_word' id='word_1_355' title='bbox 59 2118 151 2158; x_wconf 78' lang='grc' dir='ltr'>ψυχὴν</span> <span class='ocrx_word' id='word_1_356' title='bbox 165 2118 230 2157; x_wconf 85' lang='grc' dir='ltr'>πρὸς</span> <span class='ocrx_word' id='word_1_357' title='bbox 245 2118 328 2154; x_wconf 70' lang='grc' dir='ltr'>αὐτὴν</span> <span class='ocrx_word' id='word_1_358' title='bbox 341 2117 497 2152; x_wconf 78' lang='grc' dir='ltr'>διαθέσεως.</span> 
     </span>
    </p>
   </div>
   <div class='ocr_carea' id='block_1_47' title="bbox 103 2252 855 2295">
    <p class='ocr_par' dir='ltr' id='par_1_47' title="bbox 103 2252 855 2295">
     <span class='ocr_line' id='line_1_47' title="bbox 103 2252 855 2295; baseline 0.004 -13"><span class='ocrx_word' id='word_1_359' title='bbox 103 2267 115 2279; x_wconf 78' lang='grc' dir='ltr'>ι</span> <span class='ocrx_word' id='word_1_360' title='bbox 136 2252 308 2292; x_wconf 81' lang='grc' dir='ltr'>Κολλώμενοι</span> <span class='ocrx_word' id='word_1_361' title='bbox 323 2255 360 2292; x_wconf 84' lang='grc' dir='ltr'><strong>τῷ</strong></span> <span class='ocrx_word' id='word_1_362' title='bbox 381 2254 485 2294; x_wconf 77' lang='grc' dir='ltr'>ἀγαθῷ.</span> <span class='ocrx_word' id='word_1_363' title='bbox 506 2267 516 2280; x_wconf 72' lang='grc' dir='ltr'><strong>ι</strong></span> <span class='ocrx_word' id='word_1_364' title='bbox 539 2256 598 2284; x_wconf 88' lang='grc' dir='ltr'><strong>Οὐκ</strong></span> <span class='ocrx_word' id='word_1_365' title='bbox 616 2256 692 2295; x_wconf 75' lang='grc' dir='ltr'>ἀρκεῖ</span> <span class='ocrx_word' id='word_1_366' title='bbox 707 2257 725 2291; x_wconf 84' lang='grc' dir='ltr'>ἡ</span> <span class='ocrx_word' id='word_1_367' title='bbox 740 2257 785 2285; x_wconf 75' lang='grc' dir='ltr'><strong>τοῦ</strong></span> <span class='ocrx_word' id='word_1_368' title='bbox 804 2267 855 2285; x_wconf 91' lang='grc' dir='ltr'>κα-</span> 
     </span>
    </p>
   </div>
   <div class='ocr_carea' id='block_1_48' title="bbox 57 2297 855 2341">
    <p class='ocr_par' dir='ltr' id='par_1_48' title="bbox 57 2297 855 2341">
     <span class='ocr_line' id='line_1_48' title="bbox 57 2297 855 2341; baseline 0.003 -14"><span class='ocrx_word' id='word_1_369' title='bbox 57 2301 106 2328; x_wconf 78' lang='grc' dir='ltr'><strong>κοῦ</strong></span> <span class='ocrx_word' id='word_1_370' title='bbox 123 2298 273 2338; x_wconf 69' lang='grc' dir='ltr'><strong>Ιἀποφυγὴ,</strong></span> <span class='ocrx_word' id='word_1_371' title='bbox 290 2297 365 2341; x_wconf 44' lang='grc' dir='ltr'>ἄλλα</span> <span class='ocrx_word' id='word_1_372' title='bbox 383 2299 422 2328; x_wconf 77' lang='grc' dir='ltr'>δεῖ</span> <span class='ocrx_word' id='word_1_373' title='bbox 438 2303 576 2338; x_wconf 85' lang='grc' dir='ltr'>προσεῖναι</span> <span class='ocrx_word' id='word_1_374' title='bbox 590 2299 635 2328; x_wconf 79' lang='grc' dir='ltr'><strong>καὶ</strong></span> <span class='ocrx_word' id='word_1_375' title='bbox 655 2299 703 2335; x_wconf 79' lang='grc' dir='ltr'><strong>τὴν</strong></span> <span class='ocrx_word' id='word_1_376' title='bbox 719 2302 767 2336; x_wconf 81' lang='grc' dir='ltr'><strong>τῆς</strong></span> <span class='ocrx_word' id='word_1_377' title='bbox 788 2301 855 2341; x_wconf 78' lang='grc' dir='ltr'>ἄρε-</span> 
     </span>
    </p>
   </div>
   <div class='ocr_carea' id='block_1_49' title="bbox 58 2337 852 2386">
    <p class='ocr_par' dir='ltr' id='par_1_49' title="bbox 58 2337 852 2386">
     <span class='ocr_line' id='line_1_49' title="bbox 58 2337 852 2386; baseline -0.001 -14"><span class='ocrx_word' id='word_1_378' title='bbox 58 2345 106 2378; x_wconf 78' lang='grc' dir='ltr'><strong>τῆς</strong></span> <span class='ocrx_word' id='word_1_379' title='bbox 120 2337 248 2383; x_wconf 76' lang='grc' dir='ltr'>ἐργασίαν</span> <span class='ocrx_word' id='word_1_380' title='bbox 265 2353 272 2360; x_wconf 93' lang='grc'><strong>·</strong></span> <span class='ocrx_word' id='word_1_381' title='bbox 289 2343 329 2372; x_wconf 82' lang='grc' dir='ltr'><strong>διὸ</strong></span> <span class='ocrx_word' id='word_1_382' title='bbox 341 2337 398 2372; x_wconf 70' lang='grc' dir='ltr'>εἷπε</span> <span class='ocrx_word' id='word_1_383' title='bbox 412 2354 418 2360; x_wconf 90' lang='grc'>·</span> <span class='ocrx_word' id='word_1_384' title='bbox 436 2355 451 2372; x_wconf 80' lang='grc' dir='ltr'><strong>ιι</strong></span> <span class='ocrx_word' id='word_1_385' title='bbox 462 2337 638 2381; x_wconf 78' lang='grc' dir='ltr'>Κολλώμενοι</span> <span class='ocrx_word' id='word_1_386' title='bbox 653 2347 690 2384; x_wconf 65' lang='grc' dir='ltr'><strong>τῷ</strong></span> <span class='ocrx_word' id='word_1_387' title='bbox 705 2337 821 2386; x_wconf 53' lang='lat' dir='ltr'><strong>ama&quot;</strong></span> <span class='ocrx_word' id='word_1_388' title='bbox 842 2360 852 2371; x_wconf 79' lang='grc' dir='ltr'><strong>υ</strong></span> 
     </span>
    </p>
   </div>
   <div class='ocr_carea' id='block_1_50' title="bbox 57 2387 853 2429">
    <p class='ocr_par' dir='ltr' id='par_1_50' title="bbox 57 2387 853 2429">
     <span class='ocr_line' id='line_1_50' title="bbox 57 2387 853 2429; baseline 0.001 -12"><span class='ocrx_word' id='word_1_389' title='bbox 57 2390 193 2425; x_wconf 75' lang='grc' dir='ltr'>τουτέστι,</span> <span class='ocrx_word' id='word_1_390' title='bbox 217 2387 331 2417; x_wconf 77' lang='grc' dir='ltr'>διάθεσιν</span> <span class='ocrx_word' id='word_1_391' title='bbox 358 2388 422 2427; x_wconf 87' lang='grc' dir='ltr'>πρὸς</span> <span class='ocrx_word' id='word_1_392' title='bbox 454 2388 518 2417; x_wconf 79' lang='grc' dir='ltr'>αὐτὸ</span> <span class='ocrx_word' id='word_1_393' title='bbox 542 2389 711 2427; x_wconf 81' lang='grc' dir='ltr'>ἀγαπητικὴν</span> <span class='ocrx_word' id='word_1_394' title='bbox 738 2389 853 2429; x_wconf 77' lang='grc' dir='ltr'>ἔχοντες.</span> 
     </span>
    </p>
   </div>
   <div class='ocr_carea' id='block_1_51' title="bbox 58 2432 854 2474">
    <p class='ocr_par' dir='ltr' id='par_1_51' title="bbox 58 2432 854 2474">
     <span class='ocr_line' id='line_1_51' title="bbox 58 2432 854 2474; baseline 0.003 -12"><span class='ocrx_word' id='word_1_395' title='bbox 58 2433 141 2462; x_wconf 81' lang='grc' dir='ltr'>Οὕτω</span> <span class='ocrx_word' id='word_1_396' title='bbox 156 2432 202 2461; x_wconf 82' lang='grc' dir='ltr'>καὶ</span> <span class='ocrx_word' id='word_1_397' title='bbox 216 2434 230 2461; x_wconf 79' lang='grc' dir='ltr'>ὁ</span> <span class='ocrx_word' id='word_1_398' title='bbox 247 2433 316 2466; x_wconf 80' lang='grc' dir='ltr'>Θεὸς</span> <span class='ocrx_word' id='word_1_399' title='bbox 329 2432 470 2462; x_wconf 80' lang='grc' dir='ltr'>συνάπτων</span> <span class='ocrx_word' id='word_1_400' title='bbox 486 2433 640 2474; x_wconf 83' lang='grc' dir='ltr'>οἰκειότερον</span> <span class='ocrx_word' id='word_1_401' title='bbox 659 2434 701 2463; x_wconf 85' lang='grc' dir='ltr'><strong>τὸν</strong></span> <span class='ocrx_word' id='word_1_402' title='bbox 727 2434 810 2474; x_wconf 84' lang='grc' dir='ltr'>ἄνδρα</span> 
     </span>
    </p>
   </div>
   <div class='ocr_carea' id='block_1_52' title="bbox 57 2477 853 2519">
    <p class='ocr_par' dir='ltr' id='par_1_52' title="bbox 57 2477 853 2519">
     <span class='ocr_line' id='line_1_52' title="bbox 57 2477 853 2519; baseline 0.004 -14"><span class='ocrx_word' id='word_1_403' title='bbox 57 2477 182 2516; x_wconf 66' lang='grc' dir='ltr'>γυναικὶ,</span> <span class='ocrx_word' id='word_1_404' title='bbox 213 2477 287 2516; x_wconf 74' lang='grc' dir='ltr'>ἔλεγε</span> <span class='ocrx_word' id='word_1_405' title='bbox 320 2487 327 2494; x_wconf 81' lang='grc'><strong>”</strong></span> <span class='ocrx_word' id='word_1_406' title='bbox 356 2489 371 2506; x_wconf 79' lang='grc' dir='ltr'><strong>ιι</strong></span> <span class='ocrx_word' id='word_1_407' title='bbox 401 2478 672 2518; x_wconf 82' lang='grc' dir='ltr'>Προσκολληθήσεται</span> <span class='ocrx_word' id='word_1_408' title='bbox 709 2478 774 2519; x_wconf 83' lang='grc' dir='ltr'>πρὸς</span> <span class='ocrx_word' id='word_1_409' title='bbox 807 2478 853 2516; x_wconf 81' lang='grc' dir='ltr'><strong>τὴν</strong></span> 
     </span>
    </p>
   </div>
   <div class='ocr_carea' id='block_1_53' title="bbox 57 2533 213 2561">
    <p class='ocr_par' dir='ltr' id='par_1_53' title="bbox 57 2533 213 2561">
     <span class='ocr_line' id='line_1_53' title="bbox 57 2533 213 2561; baseline 0.019 -12"><span class='ocrx_word' id='word_1_410' title='bbox 57 2533 180 2561; x_wconf 81' lang='grc' dir='ltr'>γυναικα.</span> <span class='ocrx_word' id='word_1_411' title='bbox 201 2535 213 2547; x_wconf 75' lang='grc'>³</span> 
     </span>
    </p>
   </div>
   <div class='ocr_carea' id='block_1_54' title="bbox 101 2565 853 2608">
    <p class='ocr_par' dir='ltr' id='par_1_54' title="bbox 101 2565 853 2608">
     <span class='ocr_line' id='line_1_54' title="bbox 101 2565 853 2608; baseline 0.004 -13"><span class='ocrx_word' id='word_1_412' title='bbox 101 2580 113 2591; x_wconf 76' lang='grc' dir='ltr'>ι</span> <span class='ocrx_word' id='word_1_413' title='bbox 219 2565 378 2608; x_wconf 75' lang='grc' dir='ltr'>φιλαδελφίᾳ</span> <span class='ocrx_word' id='word_1_414' title='bbox 411 2568 447 2601; x_wconf 81' lang='grc' dir='ltr'><strong>εἷς</strong></span> <span class='ocrx_word' id='word_1_415' title='bbox 475 2567 604 2603; x_wconf 75' lang='grc' dir='ltr'>ἀλλήλους</span> <span class='ocrx_word' id='word_1_416' title='bbox 628 2567 807 2608; x_wconf 82' lang='grc' dir='ltr'>φιλόστοργοι.</span> <span class='ocrx_word' id='word_1_417' title='bbox 842 2583 853 2594; x_wconf 79' lang='grc' dir='ltr'><strong>υ</strong></span> 
     </span>
    </p>
   </div>
   <div class='ocr_carea' id='block_1_55' title="bbox 58 2611 855 2652">
    <p class='ocr_par' dir='ltr' id='par_1_55' title="bbox 58 2611 855 2652">
     <span class='ocr_line' id='line_1_55' title="bbox 58 2611 855 2652; baseline 0.004 -13"><span class='ocrx_word' id='word_1_418' title='bbox 58 2611 209 2650; x_wconf 51' lang='lat' dir='ltr'><strong>Homeristas</strong></span> <span class='ocrx_word' id='word_1_419' title='bbox 219 2612 280 2650; x_wconf 77' lang='grc' dir='ltr'>ὑμῖν</span> <span class='ocrx_word' id='word_1_420' title='bbox 291 2633 299 2648; x_wconf 94' lang='grc'><strong>,</strong></span> <span class='ocrx_word' id='word_1_421' title='bbox 322 2612 420 2652; x_wconf 76' lang='grc' dir='ltr'>φησὶν,</span> <span class='ocrx_word' id='word_1_422' title='bbox 446 2612 570 2652; x_wconf 68' lang='grc' dir='ltr'>ἀγαπᾷν,</span> <span class='ocrx_word' id='word_1_423' title='bbox 586 2613 631 2642; x_wconf 79' lang='grc' dir='ltr'><strong>καὶ</strong></span> <span class='ocrx_word' id='word_1_424' title='bbox 646 2613 751 2646; x_wconf 82' lang='grc' dir='ltr'>εἰκότως</span> <span class='ocrx_word' id='word_1_425' title='bbox 777 2613 835 2652; x_wconf 72' lang='grc' dir='ltr'>ὀφεί</span> <span class='ocrx_word' id='word_1_426' title='bbox 845 2630 855 2637; x_wconf 82' lang='lat'><em>-</em></span> 
     </span>
    </p>
   </div>
   <div class='ocr_carea' id='block_1_56' title="bbox 91 2682 315 2717">
    <p class='ocr_par' dir='ltr' id='par_1_56' title="bbox 91 2682 315 2717">
     <span class='ocr_line' id='line_1_56' title="bbox 91 2682 315 2717; baseline 0.004 -8"><span class='ocrx_word' id='word_1_427' title='bbox 91 2682 125 2709; x_wconf 81' lang='grc' dir='ltr'><strong>ιι</strong></span> <span class='ocrx_word' id='word_1_428' title='bbox 139 2682 215 2711; x_wconf 86' lang='lat' dir='ltr'><strong>Petr.</strong></span> <span class='ocrx_word' id='word_1_429' title='bbox 231 2689 255 2717; x_wconf 78' lang='grc' dir='ltr'><strong>ι,</strong></span> <span class='ocrx_word' id='word_1_430' title='bbox 271 2685 315 2711; x_wconf 78' lang='lat' dir='ltr'><strong>l2.</strong></span> 
     </span>
    </p>
   </div>
   <div class='ocr_carea' id='block_1_57' title="bbox 920 241 1717 278">
    <p class='ocr_par' dir='ltr' id='par_1_57' title="bbox 920 241 1717 278">
     <span class='ocr_line' id='line_1_57' title="bbox 920 241 1717 278; baseline 0.001 -8"><span class='ocrx_word' id='word_1_431' title='bbox 920 241 968 270; x_wconf 86' lang='lat' dir='ltr'><strong>sed</strong></span> <span class='ocrx_word' id='word_1_432' title='bbox 989 242 1052 278; x_wconf 84' lang='lat' dir='ltr'><strong>quia</strong></span> <span class='ocrx_word' id='word_1_433' title='bbox 1073 242 1166 270; x_wconf 88' lang='lat' dir='ltr'><strong>oleum</strong></span> <span class='ocrx_word' id='word_1_434' title='bbox 1187 241 1260 270; x_wconf 85' lang='lat' dir='ltr'><strong>istud</strong></span> <span class='ocrx_word' id='word_1_435' title='bbox 1283 249 1340 270; x_wconf 88' lang='lat' dir='ltr'><strong>non</strong></span> <span class='ocrx_word' id='word_1_436' title='bbox 1362 241 1525 276; x_wconf 83' lang='lat' dir='ltr'><strong>sufﬁciebat,</strong></span> <span class='ocrx_word' id='word_1_437' title='bbox 1548 243 1717 272; x_wconf 83' lang='lat' dir='ltr'><strong>exciderunt.</strong></span> 
     </span>
    </p>
   </div>
   <div class='ocr_carea' id='block_1_58' title="bbox 921 286 1720 323">
    <p class='ocr_par' dir='ltr' id='par_1_58' title="bbox 921 286 1720 323">
     <span class='ocr_line' id='line_1_58' title="bbox 921 286 1720 323; baseline 0.001 -9"><span class='ocrx_word' id='word_1_438' title='bbox 921 287 972 322; x_wconf 85' lang='lat' dir='ltr'><strong>Qui</strong></span> <span class='ocrx_word' id='word_1_439' title='bbox 988 286 1116 323; x_wconf 57' lang='lat' dir='ltr'><strong>praesidet</strong></span> <span class='ocrx_word' id='word_1_440' title='bbox 1125 286 1217 323; x_wconf 77' lang='lat' dir='ltr'><strong>igitur,</strong></span> <span class='ocrx_word' id='word_1_441' title='bbox 1232 286 1328 314; x_wconf 88' lang='lat' dir='ltr'><strong>sedulo</strong></span> <span class='ocrx_word' id='word_1_442' title='bbox 1338 286 1420 315; x_wconf 81' lang='lat' dir='ltr'><strong>debet</strong></span> <span class='ocrx_word' id='word_1_443' title='bbox 1432 286 1476 314; x_wconf 88' lang='lat' dir='ltr'><strong>hic</strong></span> <span class='ocrx_word' id='word_1_444' title='bbox 1483 294 1590 323; x_wconf 85' lang='lat' dir='ltr'><strong>quoque</strong></span> <span class='ocrx_word' id='word_1_445' title='bbox 1601 292 1628 315; x_wconf 89' lang='lat' dir='ltr'><strong>et</strong></span> <span class='ocrx_word' id='word_1_446' title='bbox 1636 287 1720 316; x_wconf 85' lang='lat' dir='ltr'><strong>haud-</strong></span> 
     </span>
    </p>
   </div>
   <div class='ocr_carea' id='block_1_59' title="bbox 920 331 1718 368">
    <p class='ocr_par' dir='ltr' id='par_1_59' title="bbox 920 331 1718 368">
     <span class='ocr_line' id='line_1_59' title="bbox 920 331 1718 368; baseline 0 -8"><span class='ocrx_word' id='word_1_447' title='bbox 920 340 1060 368; x_wconf 86' lang='lat' dir='ltr'><strong>quaquam</strong></span> <span class='ocrx_word' id='word_1_448' title='bbox 1080 332 1198 368; x_wconf 80' lang='lat' dir='ltr'><strong>segniter</strong></span> <span class='ocrx_word' id='word_1_449' title='bbox 1223 331 1274 360; x_wconf 86' lang='lat' dir='ltr'><strong>hoc</strong></span> <span class='ocrx_word' id='word_1_450' title='bbox 1299 332 1460 368; x_wconf 73' lang='lat' dir='ltr'><strong>transigere.</strong></span> <span class='ocrx_word' id='word_1_451' title='bbox 1484 333 1606 360; x_wconf 71' lang='lat' dir='ltr'><strong>Przeesse</strong></span> <span class='ocrx_word' id='word_1_452' title='bbox 1625 336 1718 360; x_wconf 87' lang='lat' dir='ltr'><strong>autem</strong></span> 
     </span>
    </p>
   </div>
   <div class='ocr_carea' id='block_1_60' title="bbox 917 376 1715 413">
    <p class='ocr_par' dir='ltr' id='par_1_60' title="bbox 917 376 1715 413">
     <span class='ocr_line' id='line_1_60' title="bbox 917 376 1715 413; baseline -0.001 -8"><span class='ocrx_word' id='word_1_453' title='bbox 917 381 970 411; x_wconf 90' lang='lat' dir='ltr'><strong>est,</strong></span> <span class='ocrx_word' id='word_1_454' title='bbox 984 377 1074 405; x_wconf 88' lang='lat' dir='ltr'><strong>verbis</strong></span> <span class='ocrx_word' id='word_1_455' title='bbox 1096 381 1124 404; x_wconf 82' lang='lat' dir='ltr'><strong>et</strong></span> <span class='ocrx_word' id='word_1_456' title='bbox 1145 385 1259 413; x_wconf 84' lang='lat' dir='ltr'><strong>corpore</strong></span> <span class='ocrx_word' id='word_1_457' title='bbox 1272 376 1397 405; x_wconf 77' lang='lat' dir='ltr'><strong>auxiliari</strong></span> <span class='ocrx_word' id='word_1_458' title='bbox 1417 376 1440 404; x_wconf 91' lang='lat' dir='ltr'><strong>ei</strong></span> <span class='ocrx_word' id='word_1_459' title='bbox 1464 377 1510 412; x_wconf 88' lang='lat' dir='ltr'><strong>qui</strong></span> <span class='ocrx_word' id='word_1_460' title='bbox 1524 376 1624 404; x_wconf 80' lang='lat' dir='ltr'><strong>auxilio</strong></span> <span class='ocrx_word' id='word_1_461' title='bbox 1646 381 1715 412; x_wconf 81' lang='lat' dir='ltr'><strong>eget.</strong></span> 
     </span>
    </p>
   </div>
   <div class='ocr_carea' id='block_1_61' title="bbox 918 421 1717 458">
    <p class='ocr_par' dir='ltr' id='par_1_61' title="bbox 918 421 1717 458">
     <span class='ocr_line' id='line_1_61' title="bbox 918 421 1717 458; baseline -0.003 -8"><span class='ocrx_word' id='word_1_462' title='bbox 918 422 988 457; x_wconf 88' lang='lat' dir='ltr'><strong>Quia</strong></span> <span class='ocrx_word' id='word_1_463' title='bbox 1002 426 1093 450; x_wconf 88' lang='lat' dir='ltr'><strong>autem</strong></span> <span class='ocrx_word' id='word_1_464' title='bbox 1112 421 1147 450; x_wconf 85' lang='lat' dir='ltr'><strong>de</strong></span> <span class='ocrx_word' id='word_1_465' title='bbox 1162 421 1304 458; x_wconf 77' lang='lat' dir='ltr'><strong>largitione</strong></span> <span class='ocrx_word' id='word_1_466' title='bbox 1323 421 1502 458; x_wconf 83' lang='lat' dir='ltr'><strong>pecuniarum</strong></span> <span class='ocrx_word' id='word_1_467' title='bbox 1521 422 1628 449; x_wconf 90' lang='lat' dir='ltr'><strong>locutus</strong></span> <span class='ocrx_word' id='word_1_468' title='bbox 1646 426 1717 455; x_wconf 84' lang='lat' dir='ltr'><strong>erat,</strong></span> 
     </span>
    </p>
   </div>
   <div class='ocr_carea' id='block_1_62' title="bbox 917 465 1718 500">
    <p class='ocr_par' dir='ltr' id='par_1_62' title="bbox 917 465 1718 500">
     <span class='ocr_line' id='line_1_62' title="bbox 917 465 1718 500; baseline 0 -6"><span class='ocrx_word' id='word_1_469' title='bbox 917 474 966 495; x_wconf 90' lang='lat' dir='ltr'><strong>nec</strong></span> <span class='ocrx_word' id='word_1_470' title='bbox 988 475 1085 495; x_wconf 88' lang='lat' dir='ltr'><strong>omnes</strong></span> <span class='ocrx_word' id='word_1_471' title='bbox 1107 466 1248 495; x_wconf 86' lang='lat' dir='ltr'><strong>abundant</strong></span> <span class='ocrx_word' id='word_1_472' title='bbox 1275 465 1463 500; x_wconf 75' lang='lat' dir='ltr'><strong>facultatibus,</strong></span> <span class='ocrx_word' id='word_1_473' title='bbox 1491 465 1530 493; x_wconf 85' lang='lat' dir='ltr'><strong>ait</strong></span> <span class='ocrx_word' id='word_1_474' title='bbox 1561 473 1568 492; x_wconf 91' lang='lat'>:</span> <span class='ocrx_word' id='word_1_475' title='bbox 1596 467 1718 494; x_wconf 61' lang='lat' dir='ltr'><strong>Praesto</strong></span> 
     </span>
    </p>
   </div>
   <div class='ocr_carea' id='block_1_63' title="bbox 918 510 1719 549">
    <p class='ocr_par' dir='ltr' id='par_1_63' title="bbox 918 510 1719 549">
     <span class='ocr_line' id='line_1_63' title="bbox 918 510 1719 549; baseline 0 -10"><span class='ocrx_word' id='word_1_476' title='bbox 918 511 1005 546; x_wconf 86' lang='lat' dir='ltr'><strong>aliter,</strong></span> <span class='ocrx_word' id='word_1_477' title='bbox 1021 516 1051 540; x_wconf 92' lang='lat' dir='ltr'><strong>ut</strong></span> <span class='ocrx_word' id='word_1_478' title='bbox 1065 516 1152 549; x_wconf 85' lang='lat' dir='ltr'><strong>potes,</strong></span> <span class='ocrx_word' id='word_1_479' title='bbox 1172 519 1204 540; x_wconf 91' lang='lat' dir='ltr'><strong>ac</strong></span> <span class='ocrx_word' id='word_1_480' title='bbox 1218 511 1315 548; x_wconf 87' lang='lat' dir='ltr'><strong>adjuva</strong></span> <span class='ocrx_word' id='word_1_481' title='bbox 1329 516 1450 547; x_wconf 81' lang='lat' dir='ltr'><strong>egentes,</strong></span> <span class='ocrx_word' id='word_1_482' title='bbox 1470 518 1568 538; x_wconf 87' lang='lat' dir='ltr'><strong>verum</strong></span> <span class='ocrx_word' id='word_1_483' title='bbox 1581 510 1675 538; x_wconf 89' lang='lat' dir='ltr'><strong>sedulo</strong></span> <span class='ocrx_word' id='word_1_484' title='bbox 1691 514 1719 539; x_wconf 92' lang='lat' dir='ltr'><strong>et</strong></span> 
     </span>
    </p>
   </div>
   <div class='ocr_carea' id='block_1_64' title="bbox 918 557 1053 586">
    <p class='ocr_par' dir='ltr' id='par_1_64' title="bbox 918 557 1053 586">
     <span class='ocr_line' id='line_1_64' title="bbox 918 557 1053 586; baseline 0.007 -1"><span class='ocrx_word' id='word_1_485' title='bbox 918 557 1053 586; x_wconf 84' lang='lat' dir='ltr'><strong>studiose.</strong></span> 
     </span>
    </p>
   </div>
   <div class='ocr_carea' id='block_1_65' title="bbox 955 600 1717 640">
    <p class='ocr_par' dir='ltr' id='par_1_65' title="bbox 955 600 1717 640">
     <span class='ocr_line' id='line_1_65' title="bbox 955 600 1717 640; baseline -0.005 -9"><span class='ocrx_word' id='word_1_486' title='bbox 955 615 967 627; x_wconf 77' lang='grc' dir='ltr'><strong>οι</strong></span> <span class='ocrx_word' id='word_1_487' title='bbox 988 602 1041 640; x_wconf 90' lang='lat' dir='ltr'><strong>Qui</strong></span> <span class='ocrx_word' id='word_1_488' title='bbox 1061 603 1217 635; x_wconf 88' lang='lat' dir='ltr'><strong>miseretur,</strong></span> <span class='ocrx_word' id='word_1_489' title='bbox 1235 602 1264 629; x_wconf 92' lang='lat' dir='ltr'><strong>in</strong></span> <span class='ocrx_word' id='word_1_490' title='bbox 1285 601 1429 629; x_wconf 88' lang='lat' dir='ltr'><strong>hilaritate.</strong></span> <span class='ocrx_word' id='word_1_491' title='bbox 1454 612 1466 624; x_wconf 72' lang='grc' dir='ltr'><strong>υ</strong></span> <span class='ocrx_word' id='word_1_492' title='bbox 1487 600 1574 636; x_wconf 83' lang='lat' dir='ltr'><strong>Supra</strong></span> <span class='ocrx_word' id='word_1_493' title='bbox 1596 601 1717 635; x_wconf 86' lang='lat' dir='ltr'><strong>monuit,</strong></span> 
     </span>
    </p>
   </div>
   <div class='ocr_carea' id='block_1_66' title="bbox 919 645 1716 684">
    <p class='ocr_par' dir='ltr' id='par_1_66' title="bbox 919 645 1716 684">
     <span class='ocr_line' id='line_1_66' title="bbox 919 645 1716 684; baseline -0.004 -8"><span class='ocrx_word' id='word_1_494' title='bbox 919 647 993 684; x_wconf 87' lang='lat' dir='ltr'><strong>quod</strong></span> <span class='ocrx_word' id='word_1_495' title='bbox 1007 655 1071 676; x_wconf 89' lang='lat' dir='ltr'><strong>cum</strong></span> <span class='ocrx_word' id='word_1_496' title='bbox 1093 647 1276 683; x_wconf 79' lang='lat' dir='ltr'><strong>simplicitate,</strong></span> <span class='ocrx_word' id='word_1_497' title='bbox 1291 646 1347 674; x_wconf 84' lang='lat' dir='ltr'><strong>sive</strong></span> <span class='ocrx_word' id='word_1_498' title='bbox 1369 645 1536 679; x_wconf 88' lang='lat' dir='ltr'><strong>liberalitate,</strong></span> <span class='ocrx_word' id='word_1_499' title='bbox 1559 645 1596 673; x_wconf 85' lang='lat' dir='ltr'><strong>sit</strong></span> <span class='ocrx_word' id='word_1_500' title='bbox 1611 645 1716 680; x_wconf 84' lang='lat' dir='ltr'><strong>imper-</strong></span> 
     </span>
    </p>
   </div>
   <div class='ocr_carea' id='block_1_67' title="bbox 919 689 1717 727">
    <p class='ocr_par' dir='ltr' id='par_1_67' title="bbox 919 689 1717 727">
     <span class='ocr_line' id='line_1_67' title="bbox 919 689 1717 727; baseline -0.006 -6"><span class='ocrx_word' id='word_1_501' title='bbox 919 693 1042 721; x_wconf 79' lang='lat' dir='ltr'><strong>tiendum</strong></span> <span class='ocrx_word' id='word_1_502' title='bbox 1055 701 1063 719; x_wconf 87' lang='lat'><strong>:</strong></span> <span class='ocrx_word' id='word_1_503' title='bbox 1078 691 1186 725; x_wconf 89' lang='lat' dir='ltr'><strong>deinde,</strong></span> <span class='ocrx_word' id='word_1_504' title='bbox 1201 691 1265 727; x_wconf 89' lang='lat' dir='ltr'><strong>quia</strong></span> <span class='ocrx_word' id='word_1_505' title='bbox 1281 691 1359 719; x_wconf 89' lang='lat' dir='ltr'><strong>multi</strong></span> <span class='ocrx_word' id='word_1_506' title='bbox 1374 691 1472 725; x_wconf 86' lang='lat' dir='ltr'><strong>multa,</strong></span> <span class='ocrx_word' id='word_1_507' title='bbox 1486 689 1563 717; x_wconf 85' lang='lat' dir='ltr'><strong>inviti</strong></span> <span class='ocrx_word' id='word_1_508' title='bbox 1579 693 1674 717; x_wconf 85' lang='lat' dir='ltr'><strong>tamen</strong></span> <span class='ocrx_word' id='word_1_509' title='bbox 1689 694 1717 717; x_wconf 89' lang='lat' dir='ltr'><strong>et</strong></span> 
     </span>
    </p>
   </div>
   <div class='ocr_carea' id='block_1_68' title="bbox 917 734 1713 772">
    <p class='ocr_par' dir='ltr' id='par_1_68' title="bbox 917 734 1713 772">
     <span class='ocr_line' id='line_1_68' title="bbox 917 734 1713 772; baseline -0.006 -6"><span class='ocrx_word' id='word_1_510' title='bbox 917 738 1004 766; x_wconf 84' lang='lat' dir='ltr'><strong>coacti</strong></span> <span class='ocrx_word' id='word_1_511' title='bbox 1023 745 1087 765; x_wconf 90' lang='lat' dir='ltr'><strong>cum</strong></span> <span class='ocrx_word' id='word_1_512' title='bbox 1110 744 1230 765; x_wconf 70' lang='lat' dir='ltr'><strong>mmrore</strong></span> <span class='ocrx_word' id='word_1_513' title='bbox 1253 736 1382 772; x_wconf 87' lang='lat' dir='ltr'><strong>quopiam</strong></span> <span class='ocrx_word' id='word_1_514' title='bbox 1406 735 1572 771; x_wconf 82' lang='lat' dir='ltr'><strong>largiuntur,</strong></span> <span class='ocrx_word' id='word_1_515' title='bbox 1592 734 1685 762; x_wconf 89' lang='lat' dir='ltr'><strong>subdit</strong></span> <span class='ocrx_word' id='word_1_516' title='bbox 1708 744 1713 762; x_wconf 92' lang='lat'><strong>:</strong></span> 
     </span>
    </p>
   </div>
   <div class='ocr_carea' id='block_1_69' title="bbox 917 779 1717 818">
    <p class='ocr_par' dir='ltr' id='par_1_69' title="bbox 917 779 1717 818">
     <span class='ocr_line' id='line_1_69' title="bbox 917 779 1717 818; baseline -0.006 -7"><span class='ocrx_word' id='word_1_517' title='bbox 917 783 1033 818; x_wconf 83' lang='lat' dir='ltr'><strong>Oportet</strong></span> <span class='ocrx_word' id='word_1_518' title='bbox 1056 786 1085 809; x_wconf 90' lang='lat' dir='ltr'><strong>ut</strong></span> <span class='ocrx_word' id='word_1_519' title='bbox 1107 781 1252 809; x_wconf 82' lang='lat' dir='ltr'><strong>liberalitas</strong></span> <span class='ocrx_word' id='word_1_520' title='bbox 1273 780 1322 808; x_wconf 82' lang='lat' dir='ltr'><strong>ﬁat</strong></span> <span class='ocrx_word' id='word_1_521' title='bbox 1343 780 1400 808; x_wconf 89' lang='lat' dir='ltr'><strong>sine</strong></span> <span class='ocrx_word' id='word_1_522' title='bbox 1419 779 1541 812; x_wconf 86' lang='lat' dir='ltr'><strong>tristitia,</strong></span> <span class='ocrx_word' id='word_1_523' title='bbox 1566 779 1607 807; x_wconf 89' lang='lat' dir='ltr'><strong>vel</strong></span> <span class='ocrx_word' id='word_1_524' title='bbox 1627 779 1717 815; x_wconf 85' lang='lat' dir='ltr'><strong>potius</strong></span> 
     </span>
    </p>
   </div>
   <div class='ocr_carea' id='block_1_70' title="bbox 919 823 1715 860">
    <p class='ocr_par' dir='ltr' id='par_1_70' title="bbox 919 823 1715 860">
     <span class='ocr_line' id='line_1_70' title="bbox 919 823 1715 860; baseline -0.005 -5"><span class='ocrx_word' id='word_1_525' title='bbox 919 831 950 855; x_wconf 93' lang='lat' dir='ltr'><strong>ut</strong></span> <span class='ocrx_word' id='word_1_526' title='bbox 963 827 987 855; x_wconf 91' lang='lat' dir='ltr'><strong>ei</strong></span> <span class='ocrx_word' id='word_1_527' title='bbox 1009 825 1080 855; x_wconf 86' lang='lat' dir='ltr'><strong>adsit</strong></span> <span class='ocrx_word' id='word_1_528' title='bbox 1098 825 1231 860; x_wconf 85' lang='lat' dir='ltr'><strong>hilaritas,</strong></span> <span class='ocrx_word' id='word_1_529' title='bbox 1258 825 1314 853; x_wconf 88' lang='lat' dir='ltr'><strong>sive</strong></span> <span class='ocrx_word' id='word_1_530' title='bbox 1336 824 1471 852; x_wconf 78' lang='lat' dir='ltr'><strong>alacritas.</strong></span> <span class='ocrx_word' id='word_1_531' title='bbox 1491 824 1619 852; x_wconf 87' lang='lat' dir='ltr'><strong>Gaudere</strong></span> <span class='ocrx_word' id='word_1_532' title='bbox 1641 823 1715 851; x_wconf 89' lang='lat' dir='ltr'><strong>enim</strong></span> 
     </span>
    </p>
   </div>
   <div class='ocr_carea' id='block_1_71' title="bbox 883 860 1716 906">
    <p class='ocr_par' dir='ltr' id='par_1_71' title="bbox 883 860 1716 906">
     <span class='ocr_line' id='line_1_71' title="bbox 883 860 1716 906; baseline -0.005 -6"><span class='ocrx_word' id='word_1_533' title='bbox 883 860 905 891; x_wconf 79' lang='grc' dir='ltr'><strong>Β</strong></span> <span class='ocrx_word' id='word_1_534' title='bbox 920 877 946 900; x_wconf 90' lang='lat' dir='ltr'><strong>te</strong></span> <span class='ocrx_word' id='word_1_535' title='bbox 957 871 1092 905; x_wconf 86' lang='lat' dir='ltr'><strong>convenit,</strong></span> <span class='ocrx_word' id='word_1_536' title='bbox 1109 870 1185 906; x_wconf 85' lang='lat' dir='ltr'><strong>quod</strong></span> <span class='ocrx_word' id='word_1_537' title='bbox 1199 878 1248 906; x_wconf 93' lang='lat' dir='ltr'><strong>pro</strong></span> <span class='ocrx_word' id='word_1_538' title='bbox 1263 870 1361 905; x_wconf 81' lang='lat' dir='ltr'><strong>exiguo</strong></span> <span class='ocrx_word' id='word_1_539' title='bbox 1374 869 1460 905; x_wconf 87' lang='lat' dir='ltr'><strong>pretio</strong></span> <span class='ocrx_word' id='word_1_540' title='bbox 1475 868 1576 896; x_wconf 65' lang='lat' dir='ltr'><strong>malum</strong></span> <span class='ocrx_word' id='word_1_541' title='bbox 1588 868 1716 903; x_wconf 89' lang='lat' dir='ltr'><strong>accipias.</strong></span> 
     </span>
    </p>
   </div>
   <div class='ocr_carea' id='block_1_72' title="bbox 917 913 1716 952">
    <p class='ocr_par' dir='ltr' id='par_1_72' title="bbox 917 913 1716 952">
     <span class='ocr_line' id='line_1_72' title="bbox 917 913 1716 952; baseline -0.006 -8"><span class='ocrx_word' id='word_1_542' title='bbox 917 916 1055 952; x_wconf 86' lang='lat' dir='ltr'><strong>Intelliges</strong></span> <span class='ocrx_word' id='word_1_543' title='bbox 1083 920 1175 943; x_wconf 86' lang='lat' dir='ltr'><strong>autem</strong></span> <span class='ocrx_word' id='word_1_544' title='bbox 1203 915 1350 943; x_wconf 84' lang='lat' dir='ltr'><strong>discrimen</strong></span> <span class='ocrx_word' id='word_1_545' title='bbox 1376 913 1558 949; x_wconf 89' lang='lat' dir='ltr'><strong>impertientis</strong></span> <span class='ocrx_word' id='word_1_546' title='bbox 1586 918 1612 940; x_wconf 88' lang='lat' dir='ltr'><strong>et</strong></span> <span class='ocrx_word' id='word_1_547' title='bbox 1636 913 1716 940; x_wconf 89' lang='lat' dir='ltr'><strong>mise-</strong></span> 
     </span>
    </p>
   </div>
   <div class='ocr_carea' id='block_1_73' title="bbox 916 957 1714 996">
    <p class='ocr_par' dir='ltr' id='par_1_73' title="bbox 916 957 1714 996">
     <span class='ocr_line' id='line_1_73' title="bbox 916 957 1714 996; baseline -0.008 -6"><span class='ocrx_word' id='word_1_548' title='bbox 916 962 1014 990; x_wconf 85' lang='lat' dir='ltr'><strong>rentis.</strong></span> <span class='ocrx_word' id='word_1_549' title='bbox 1038 962 1110 989; x_wconf 84' lang='lat' dir='ltr'><strong>Nam</strong></span> <span class='ocrx_word' id='word_1_550' title='bbox 1125 960 1298 996; x_wconf 82' lang='lat' dir='ltr'><strong>impertiens,</strong></span> <span class='ocrx_word' id='word_1_551' title='bbox 1320 959 1355 986; x_wconf 87' lang='lat' dir='ltr'><strong>ab</strong></span> <span class='ocrx_word' id='word_1_552' title='bbox 1375 958 1430 986; x_wconf 88' lang='lat' dir='ltr'><strong>alio</strong></span> <span class='ocrx_word' id='word_1_553' title='bbox 1451 958 1596 993; x_wconf 88' lang='lat' dir='ltr'><strong>accipiens,</strong></span> <span class='ocrx_word' id='word_1_554' title='bbox 1611 957 1714 986; x_wconf 86' lang='lat' dir='ltr'><strong>donum</strong></span> 
     </span>
    </p>
   </div>
   <div class='ocr_carea' id='block_1_74' title="bbox 916 1003 1713 1042">
    <p class='ocr_par' dir='ltr' id='par_1_74' title="bbox 916 1003 1713 1042">
     <span class='ocr_line' id='line_1_74' title="bbox 916 1003 1713 1042; baseline -0.006 -7"><span class='ocrx_word' id='word_1_555' title='bbox 916 1006 1046 1035; x_wconf 80' lang='lat' dir='ltr'><strong>transfert</strong></span> <span class='ocrx_word' id='word_1_556' title='bbox 1077 1015 1083 1034; x_wconf 89' lang='lat'><strong>:</strong></span> <span class='ocrx_word' id='word_1_557' title='bbox 1107 1006 1153 1042; x_wconf 91' lang='lat' dir='ltr'><strong>qui</strong></span> <span class='ocrx_word' id='word_1_558' title='bbox 1179 1013 1243 1033; x_wconf 91' lang='lat' dir='ltr'><strong>vero</strong></span> <span class='ocrx_word' id='word_1_559' title='bbox 1270 1004 1415 1032; x_wconf 86' lang='lat' dir='ltr'><strong>miseretur</strong></span> <span class='ocrx_word' id='word_1_560' title='bbox 1436 1012 1451 1031; x_wconf 87' lang='lat' dir='ltr'><strong>a</strong></span> <span class='ocrx_word' id='word_1_561' title='bbox 1475 1003 1563 1039; x_wconf 88' lang='lat' dir='ltr'><strong>seipso</strong></span> <span class='ocrx_word' id='word_1_562' title='bbox 1584 1003 1713 1036; x_wconf 86' lang='lat' dir='ltr'><strong>insumit,</strong></span> 
     </span>
    </p>
   </div>
   <div class='ocr_carea' id='block_1_75' title="bbox 917 1049 1213 1080">
    <p class='ocr_par' dir='ltr' id='par_1_75' title="bbox 917 1049 1213 1080">
     <span class='ocr_line' id='line_1_75' title="bbox 917 1049 1213 1080; baseline -0.01 0"><span class='ocrx_word' id='word_1_563' title='bbox 917 1052 973 1080; x_wconf 83' lang='lat' dir='ltr'><strong>sive</strong></span> <span class='ocrx_word' id='word_1_564' title='bbox 989 1050 1024 1079; x_wconf 89' lang='lat' dir='ltr'><strong>de</strong></span> <span class='ocrx_word' id='word_1_565' title='bbox 1041 1058 1091 1079; x_wconf 89' lang='lat' dir='ltr'><strong>suo</strong></span> <span class='ocrx_word' id='word_1_566' title='bbox 1105 1049 1213 1078; x_wconf 88' lang='lat' dir='ltr'><strong>tribuit.</strong></span> 
     </span>
    </p>
   </div>
   <div class='ocr_carea' id='block_1_76' title="bbox 952 1092 1712 1127">
    <p class='ocr_par' dir='ltr' id='par_1_76' title="bbox 952 1092 1712 1127">
     <span class='ocr_line' id='line_1_76' title="bbox 952 1092 1712 1127; baseline -0.008 -2"><span class='ocrx_word' id='word_1_567' title='bbox 952 1097 1043 1125; x_wconf 71' lang='lat' dir='ltr'><strong>Vens.</strong></span> <span class='ocrx_word' id='word_1_568' title='bbox 1060 1099 1088 1123; x_wconf 86' lang='lat'><strong>9.</strong></span> <span class='ocrx_word' id='word_1_569' title='bbox 1105 1107 1117 1119; x_wconf 77' lang='grc' dir='ltr'><strong>ι</strong></span> <span class='ocrx_word' id='word_1_570' title='bbox 1138 1095 1257 1123; x_wconf 88' lang='lat' dir='ltr'><strong>Dilectio</strong></span> <span class='ocrx_word' id='word_1_571' title='bbox 1279 1094 1340 1122; x_wconf 85' lang='lat' dir='ltr'><strong>sine</strong></span> <span class='ocrx_word' id='word_1_572' title='bbox 1355 1092 1540 1121; x_wconf 84' lang='lat' dir='ltr'><strong>simulatione.</strong></span> <span class='ocrx_word' id='word_1_573' title='bbox 1558 1104 1570 1116; x_wconf 73' lang='grc' dir='ltr'>ει</span> <span class='ocrx_word' id='word_1_574' title='bbox 1588 1092 1712 1127; x_wconf 88' lang='lat' dir='ltr'><strong>Quanam</strong></span> 
     </span>
    </p>
   </div>
   <div class='ocr_carea' id='block_1_77' title="bbox 917 1137 1714 1176">
    <p class='ocr_par' dir='ltr' id='par_1_77' title="bbox 917 1137 1714 1176">
     <span class='ocr_line' id='line_1_77' title="bbox 917 1137 1714 1176; baseline -0.005 -7"><span class='ocrx_word' id='word_1_575' title='bbox 917 1141 1023 1169; x_wconf 89' lang='lat' dir='ltr'><strong>ratione</strong></span> <span class='ocrx_word' id='word_1_576' title='bbox 1045 1140 1173 1176; x_wconf 62' lang='lat' dir='ltr'><strong>praedicta</strong></span> <span class='ocrx_word' id='word_1_577' title='bbox 1197 1139 1290 1167; x_wconf 84' lang='lat' dir='ltr'><strong>omnia</strong></span> <span class='ocrx_word' id='word_1_578' title='bbox 1311 1138 1499 1174; x_wconf 88' lang='lat' dir='ltr'><strong>compleantur</strong></span> <span class='ocrx_word' id='word_1_579' title='bbox 1524 1137 1714 1174; x_wconf 85' lang='lat' dir='ltr'><strong>perﬁciantur—</strong></span> 
     </span>
    </p>
   </div>
   <div class='ocr_carea' id='block_1_78' title="bbox 915 1182 1710 1222">
    <p class='ocr_par' dir='ltr' id='par_1_78' title="bbox 915 1182 1710 1222">
     <span class='ocr_line' id='line_1_78' title="bbox 915 1182 1710 1222; baseline -0.005 -9"><span class='ocrx_word' id='word_1_580' title='bbox 915 1194 968 1222; x_wconf 87' lang='lat' dir='ltr'><strong>que</strong></span> <span class='ocrx_word' id='word_1_581' title='bbox 984 1189 1128 1219; x_wconf 85' lang='lat' dir='ltr'><strong>monstrat,</strong></span> <span class='ocrx_word' id='word_1_582' title='bbox 1144 1185 1268 1220; x_wconf 88' lang='lat' dir='ltr'><strong>inquiens</strong></span> <span class='ocrx_word' id='word_1_583' title='bbox 1285 1194 1291 1211; x_wconf 88' lang='lat'><strong>:</strong></span> <span class='ocrx_word' id='word_1_584' title='bbox 1307 1183 1432 1212; x_wconf 83' lang='lat' dir='ltr'><strong>Charitas</strong></span> <span class='ocrx_word' id='word_1_585' title='bbox 1447 1190 1501 1212; x_wconf 89' lang='lat' dir='ltr'><strong>non</strong></span> <span class='ocrx_word' id='word_1_586' title='bbox 1516 1183 1552 1210; x_wconf 89' lang='lat' dir='ltr'><strong>sit</strong></span> <span class='ocrx_word' id='word_1_587' title='bbox 1572 1182 1710 1210; x_wconf 85' lang='lat' dir='ltr'><strong>simulata.</strong></span> 
     </span>
    </p>
   </div>
   <div class='ocr_carea' id='block_1_79' title="bbox 916 1227 1713 1262">
    <p class='ocr_par' dir='ltr' id='par_1_79' title="bbox 916 1227 1713 1262">
     <span class='ocr_line' id='line_1_79' title="bbox 916 1227 1713 1262; baseline -0.003 -6"><span class='ocrx_word' id='word_1_588' title='bbox 916 1230 984 1259; x_wconf 90' lang='lat' dir='ltr'><strong>Tum</strong></span> <span class='ocrx_word' id='word_1_589' title='bbox 999 1231 1074 1258; x_wconf 91' lang='lat' dir='ltr'><strong>enim</strong></span> <span class='ocrx_word' id='word_1_590' title='bbox 1093 1238 1155 1258; x_wconf 89' lang='lat' dir='ltr'><strong>vere</strong></span> <span class='ocrx_word' id='word_1_591' title='bbox 1175 1234 1218 1258; x_wconf 91' lang='lat' dir='ltr'><strong>est</strong></span> <span class='ocrx_word' id='word_1_592' title='bbox 1236 1228 1366 1262; x_wconf 79' lang='lat' dir='ltr'><strong>Charitas,</strong></span> <span class='ocrx_word' id='word_1_593' title='bbox 1381 1232 1409 1256; x_wconf 89' lang='lat' dir='ltr'><strong>et</strong></span> <span class='ocrx_word' id='word_1_594' title='bbox 1427 1232 1524 1256; x_wconf 89' lang='lat' dir='ltr'><strong>cuncta</strong></span> <span class='ocrx_word' id='word_1_595' title='bbox 1540 1227 1617 1255; x_wconf 86' lang='lat' dir='ltr'><strong>facile</strong></span> <span class='ocrx_word' id='word_1_596' title='bbox 1631 1227 1713 1262; x_wconf 84' lang='lat' dir='ltr'><strong>perﬁ-</strong></span> 
     </span>
    </p>
   </div>
   <div class='ocr_carea' id='block_1_80' title="bbox 915 1271 1711 1310">
    <p class='ocr_par' dir='ltr' id='par_1_80' title="bbox 915 1271 1711 1310">
     <span class='ocr_line' id='line_1_80' title="bbox 915 1271 1711 1310; baseline -0.005 -7"><span class='ocrx_word' id='word_1_597' title='bbox 915 1276 1031 1304; x_wconf 90' lang='lat' dir='ltr'><strong>cientur.</strong></span> <span class='ocrx_word' id='word_1_598' title='bbox 1045 1275 1156 1303; x_wconf 88' lang='lat' dir='ltr'><strong>Etenim</strong></span> <span class='ocrx_word' id='word_1_599' title='bbox 1169 1274 1213 1310; x_wconf 88' lang='lat' dir='ltr'><strong>qui</strong></span> <span class='ocrx_word' id='word_1_600' title='bbox 1223 1274 1378 1306; x_wconf 82' lang='lat' dir='ltr'><strong>miseretur,</strong></span> <span class='ocrx_word' id='word_1_601' title='bbox 1393 1272 1512 1301; x_wconf 90' lang='lat' dir='ltr'><strong>hilariter</strong></span> <span class='ocrx_word' id='word_1_602' title='bbox 1524 1271 1711 1305; x_wconf 83' lang='lat' dir='ltr'><strong>miserebitur,</strong></span> 
     </span>
    </p>
   </div>
   <div class='ocr_carea' id='block_1_81' title="bbox 916 1316 1713 1356">
    <p class='ocr_par' dir='ltr' id='par_1_81' title="bbox 916 1316 1713 1356">
     <span class='ocr_line' id='line_1_81' title="bbox 916 1316 1713 1356; baseline -0.005 -8"><span class='ocrx_word' id='word_1_603' title='bbox 916 1320 1077 1356; x_wconf 89' lang='lat' dir='ltr'><strong>impertiens</strong></span> <span class='ocrx_word' id='word_1_604' title='bbox 1092 1319 1217 1356; x_wconf 76' lang='lat' dir='ltr'><strong>proximo</strong></span> <span class='ocrx_word' id='word_1_605' title='bbox 1236 1327 1285 1347; x_wconf 90' lang='lat' dir='ltr'><strong>suo</strong></span> <span class='ocrx_word' id='word_1_606' title='bbox 1307 1323 1439 1354; x_wconf 84' lang='lat' dir='ltr'><strong>tanquam</strong></span> <span class='ocrx_word' id='word_1_607' title='bbox 1462 1317 1515 1346; x_wconf 90' lang='lat' dir='ltr'><strong>sibi</strong></span> <span class='ocrx_word' id='word_1_608' title='bbox 1530 1317 1591 1353; x_wconf 88' lang='lat' dir='ltr'><strong>ipsi.</strong></span> <span class='ocrx_word' id='word_1_609' title='bbox 1609 1316 1713 1344; x_wconf 87' lang='lat' dir='ltr'><strong>Deinde</strong></span> 
     </span>
    </p>
   </div>
   <div class='ocr_carea' id='block_1_82' title="bbox 915 1361 1713 1401">
    <p class='ocr_par' dir='ltr' id='par_1_82' title="bbox 915 1361 1713 1401">
     <span class='ocr_line' id='line_1_82' title="bbox 915 1361 1713 1401; baseline -0.005 -8"><span class='ocrx_word' id='word_1_610' title='bbox 915 1364 961 1401; x_wconf 91' lang='lat' dir='ltr'><strong>qui</strong></span> <span class='ocrx_word' id='word_1_611' title='bbox 971 1369 1081 1401; x_wconf 75' lang='lat' dir='ltr'><strong>praeest,</strong></span> <span class='ocrx_word' id='word_1_612' title='bbox 1094 1363 1188 1392; x_wconf 89' lang='lat' dir='ltr'><strong>sedulo</strong></span> <span class='ocrx_word' id='word_1_613' title='bbox 1204 1363 1321 1398; x_wconf 61' lang='lat' dir='ltr'><strong>praeerit,</strong></span> <span class='ocrx_word' id='word_1_614' title='bbox 1337 1370 1386 1399; x_wconf 88' lang='lat' dir='ltr'><strong>pro</strong></span> <span class='ocrx_word' id='word_1_615' title='bbox 1401 1363 1527 1398; x_wconf 84' lang='lat' dir='ltr'><strong>proximo</strong></span> <span class='ocrx_word' id='word_1_616' title='bbox 1537 1369 1587 1390; x_wconf 90' lang='lat' dir='ltr'><strong>suo</strong></span> <span class='ocrx_word' id='word_1_617' title='bbox 1603 1361 1713 1397; x_wconf 87' lang='lat' dir='ltr'><strong>perinde</strong></span> 
     </span>
    </p>
   </div>
   <div class='ocr_carea' id='block_1_83' title="bbox 915 1406 1711 1446">
    <p class='ocr_par' dir='ltr' id='par_1_83' title="bbox 915 1406 1711 1446">
     <span class='ocr_line' id='line_1_83' title="bbox 915 1406 1711 1446; baseline -0.006 -8"><span class='ocrx_word' id='word_1_618' title='bbox 915 1417 947 1438; x_wconf 94' lang='lat' dir='ltr'><strong>ac</strong></span> <span class='ocrx_word' id='word_1_619' title='bbox 970 1417 1019 1446; x_wconf 87' lang='lat' dir='ltr'><strong>pro</strong></span> <span class='ocrx_word' id='word_1_620' title='bbox 1039 1417 1068 1438; x_wconf 87' lang='lat' dir='ltr'><strong>se</strong></span> <span class='ocrx_word' id='word_1_621' title='bbox 1097 1409 1156 1445; x_wconf 89' lang='lat' dir='ltr'><strong>ipso</strong></span> <span class='ocrx_word' id='word_1_622' title='bbox 1177 1412 1295 1440; x_wconf 85' lang='lat' dir='ltr'><strong>certans,</strong></span> <span class='ocrx_word' id='word_1_623' title='bbox 1327 1412 1354 1436; x_wconf 89' lang='lat' dir='ltr'><strong>et</strong></span> <span class='ocrx_word' id='word_1_624' title='bbox 1376 1407 1469 1436; x_wconf 89' lang='lat' dir='ltr'><strong>omnia</strong></span> <span class='ocrx_word' id='word_1_625' title='bbox 1494 1407 1552 1443; x_wconf 91' lang='lat' dir='ltr'><strong>pari</strong></span> <span class='ocrx_word' id='word_1_626' title='bbox 1574 1406 1711 1443; x_wconf 75' lang='lat' dir='ltr'><strong>diligentia</strong></span> 
     </span>
    </p>
   </div>
   <div class='ocr_carea' id='block_1_84' title="bbox 916 1458 1105 1490">
    <p class='ocr_par' dir='ltr' id='par_1_84' title="bbox 916 1458 1105 1490">
     <span class='ocr_line' id='line_1_84' title="bbox 916 1458 1105 1490; baseline -0.005 -8"><span class='ocrx_word' id='word_1_627' title='bbox 916 1458 1105 1490; x_wconf 89' lang='lat' dir='ltr'><strong>persequetur.</strong></span> 
     </span>
    </p>
   </div>
   <div class='ocr_carea' id='block_1_85' title="bbox 953 1495 1711 1534">
    <p class='ocr_par' dir='ltr' id='par_1_85' title="bbox 953 1495 1711 1534">
     <span class='ocr_line' id='line_1_85' title="bbox 953 1495 1711 1534; baseline -0.005 -7"><span class='ocrx_word' id='word_1_628' title='bbox 953 1510 965 1522; x_wconf 77' lang='grc' dir='ltr'><strong>ι</strong></span> <span class='ocrx_word' id='word_1_629' title='bbox 982 1499 1054 1526; x_wconf 89' lang='lat' dir='ltr'><strong>Odio</strong></span> <span class='ocrx_word' id='word_1_630' title='bbox 1069 1501 1264 1534; x_wconf 85' lang='lat' dir='ltr'><strong>prosequentes</strong></span> <span class='ocrx_word' id='word_1_631' title='bbox 1276 1496 1352 1534; x_wconf 88' lang='lat' dir='ltr'><strong>quod</strong></span> <span class='ocrx_word' id='word_1_632' title='bbox 1366 1496 1472 1525; x_wconf 89' lang='lat' dir='ltr'><strong>malum</strong></span> <span class='ocrx_word' id='word_1_633' title='bbox 1486 1500 1536 1524; x_wconf 89' lang='lat' dir='ltr'><strong>est.</strong></span> <span class='ocrx_word' id='word_1_634' title='bbox 1555 1507 1568 1519; x_wconf 74' lang='grc' dir='ltr'><strong>ι</strong></span> <span class='ocrx_word' id='word_1_635' title='bbox 1590 1497 1632 1524; x_wconf 91' lang='lat' dir='ltr'><strong>De</strong></span> <span class='ocrx_word' id='word_1_636' title='bbox 1645 1495 1711 1523; x_wconf 87' lang='lat' dir='ltr'><strong>cha-</strong></span> 
     </span>
    </p>
   </div>
   <div class='ocr_carea' id='block_1_86' title="bbox 881 1540 1712 1584">
    <p class='ocr_par' dir='ltr' id='par_1_86' title="bbox 881 1540 1712 1584">
     <span class='ocr_line' id='line_1_86' title="bbox 881 1540 1712 1584; baseline -0.005 -13"><span class='ocrx_word' id='word_1_637' title='bbox 881 1543 996 1584; x_wconf 80' lang='lat' dir='ltr'><strong>Critate</strong></span> <span class='ocrx_word' id='word_1_638' title='bbox 1018 1543 1099 1571; x_wconf 89' lang='lat' dir='ltr'><strong>verba</strong></span> <span class='ocrx_word' id='word_1_639' title='bbox 1123 1542 1196 1571; x_wconf 88' lang='lat' dir='ltr'><strong>fecit.</strong></span> <span class='ocrx_word' id='word_1_640' title='bbox 1225 1545 1262 1571; x_wconf 80' lang='lat' dir='ltr'><strong>At</strong></span> <span class='ocrx_word' id='word_1_641' title='bbox 1283 1541 1416 1578; x_wconf 87' lang='lat' dir='ltr'><strong>quoniam</strong></span> <span class='ocrx_word' id='word_1_642' title='bbox 1439 1545 1481 1569; x_wconf 82' lang='lat' dir='ltr'><strong>est</strong></span> <span class='ocrx_word' id='word_1_643' title='bbox 1507 1540 1628 1569; x_wconf 84' lang='lat' dir='ltr'><strong>charitas</strong></span> <span class='ocrx_word' id='word_1_644' title='bbox 1649 1548 1712 1576; x_wconf 71' lang='lat' dir='ltr'><strong>qua:</strong></span> 
     </span>
    </p>
   </div>
   <div class='ocr_carea' id='block_1_87' title="bbox 914 1586 1712 1624">
    <p class='ocr_par' dir='ltr' id='par_1_87' title="bbox 914 1586 1712 1624">
     <span class='ocr_line' id='line_1_87' title="bbox 914 1586 1712 1624; baseline -0.004 -8"><span class='ocrx_word' id='word_1_645' title='bbox 914 1588 1047 1616; x_wconf 86' lang='lat' dir='ltr'><strong>damnum</strong></span> <span class='ocrx_word' id='word_1_646' title='bbox 1062 1587 1171 1621; x_wconf 82' lang='lat' dir='ltr'><strong>inferat,</strong></span> <span class='ocrx_word' id='word_1_647' title='bbox 1189 1587 1342 1624; x_wconf 84' lang='lat' dir='ltr'><strong>cujusmodi</strong></span> <span class='ocrx_word' id='word_1_648' title='bbox 1358 1590 1399 1614; x_wconf 84' lang='lat' dir='ltr'><strong>est</strong></span> <span class='ocrx_word' id='word_1_649' title='bbox 1414 1586 1469 1620; x_wconf 88' lang='lat' dir='ltr'><strong>illa,</strong></span> <span class='ocrx_word' id='word_1_650' title='bbox 1485 1593 1546 1622; x_wconf 60' lang='lat' dir='ltr'><strong>quae</strong></span> <span class='ocrx_word' id='word_1_651' title='bbox 1559 1592 1623 1613; x_wconf 88' lang='lat' dir='ltr'><strong>cum</strong></span> <span class='ocrx_word' id='word_1_652' title='bbox 1646 1591 1712 1620; x_wconf 63' lang='lat' dir='ltr'><strong>pra:-</strong></span> 
     </span>
    </p>
   </div>
   <div class='ocr_carea' id='block_1_88' title="bbox 914 1629 1713 1664">
    <p class='ocr_par' dir='ltr' id='par_1_88' title="bbox 914 1629 1713 1664">
     <span class='ocr_line' id='line_1_88' title="bbox 914 1629 1713 1664; baseline -0.006 -3"><span class='ocrx_word' id='word_1_653' title='bbox 914 1632 1034 1661; x_wconf 89' lang='lat' dir='ltr'><strong>donibus</strong></span> <span class='ocrx_word' id='word_1_654' title='bbox 1052 1632 1088 1660; x_wconf 91' lang='lat' dir='ltr'><strong>de</strong></span> <span class='ocrx_word' id='word_1_655' title='bbox 1107 1631 1256 1660; x_wconf 85' lang='lat' dir='ltr'><strong>latrociniis</strong></span> <span class='ocrx_word' id='word_1_656' title='bbox 1270 1630 1494 1660; x_wconf 84' lang='lat' dir='ltr'><strong>convenientibus</strong></span> <span class='ocrx_word' id='word_1_657' title='bbox 1508 1629 1671 1664; x_wconf 83' lang='lat' dir='ltr'><strong>intercedit,</strong></span> <span class='ocrx_word' id='word_1_658' title='bbox 1684 1633 1713 1657; x_wconf 86' lang='lat' dir='ltr'><strong>et</strong></span> 
     </span>
    </p>
   </div>
   <div class='ocr_carea' id='block_1_89' title="bbox 916 1674 1712 1712">
    <p class='ocr_par' dir='ltr' id='par_1_89' title="bbox 916 1674 1712 1712">
     <span class='ocr_line' id='line_1_89' title="bbox 916 1674 1712 1712; baseline -0.004 -7"><span class='ocrx_word' id='word_1_659' title='bbox 916 1678 943 1705; x_wconf 84' lang='lat' dir='ltr'><strong>in</strong></span> <span class='ocrx_word' id='word_1_660' title='bbox 958 1677 1092 1705; x_wconf 86' lang='lat' dir='ltr'><strong>similibus</strong></span> <span class='ocrx_word' id='word_1_661' title='bbox 1115 1686 1122 1705; x_wconf 88' lang='lat'>:</span> <span class='ocrx_word' id='word_1_662' title='bbox 1139 1685 1200 1705; x_wconf 87' lang='lat' dir='ltr'><strong>eam</strong></span> <span class='ocrx_word' id='word_1_663' title='bbox 1215 1677 1250 1705; x_wconf 94' lang='lat' dir='ltr'><strong>ob</strong></span> <span class='ocrx_word' id='word_1_664' title='bbox 1272 1684 1332 1704; x_wconf 88' lang='lat' dir='ltr'><strong>rem</strong></span> <span class='ocrx_word' id='word_1_665' title='bbox 1352 1675 1472 1712; x_wconf 83' lang='lat' dir='ltr'><strong>subjicit,</strong></span> <span class='ocrx_word' id='word_1_666' title='bbox 1496 1687 1508 1700; x_wconf 77' lang='grc' dir='ltr'><strong>α</strong></span> <span class='ocrx_word' id='word_1_667' title='bbox 1532 1674 1604 1703; x_wconf 87' lang='lat' dir='ltr'><strong>odio</strong></span> <span class='ocrx_word' id='word_1_668' title='bbox 1619 1681 1712 1710; x_wconf 82' lang='lat' dir='ltr'><strong>prose-</strong></span> 
     </span>
    </p>
   </div>
   <div class='ocr_carea' id='block_1_90' title="bbox 915 1719 1712 1758">
    <p class='ocr_par' dir='ltr' id='par_1_90' title="bbox 915 1719 1712 1758">
     <span class='ocr_line' id='line_1_90' title="bbox 915 1719 1712 1758; baseline -0.004 -9"><span class='ocrx_word' id='word_1_669' title='bbox 915 1726 1030 1758; x_wconf 82' lang='lat' dir='ltr'><strong>quentes</strong></span> <span class='ocrx_word' id='word_1_670' title='bbox 1042 1722 1157 1755; x_wconf 87' lang='lat' dir='ltr'><strong>malum,</strong></span> <span class='ocrx_word' id='word_1_671' title='bbox 1171 1733 1183 1745; x_wconf 72' lang='grc' dir='ltr'><strong>ν</strong></span> <span class='ocrx_word' id='word_1_672' title='bbox 1200 1721 1254 1749; x_wconf 88' lang='lat' dir='ltr'><strong>hoc</strong></span> <span class='ocrx_word' id='word_1_673' title='bbox 1267 1725 1309 1749; x_wconf 89' lang='lat' dir='ltr'><strong>est</strong></span> <span class='ocrx_word' id='word_1_674' title='bbox 1323 1730 1329 1748; x_wconf 91' lang='lat'><strong>:</strong></span> <span class='ocrx_word' id='word_1_675' title='bbox 1346 1722 1384 1748; x_wconf 85' lang='lat' dir='ltr'><strong>Ex</strong></span> <span class='ocrx_word' id='word_1_676' title='bbox 1395 1721 1486 1748; x_wconf 91' lang='lat' dir='ltr'><strong>animo</strong></span> <span class='ocrx_word' id='word_1_677' title='bbox 1497 1720 1560 1748; x_wconf 91' lang='lat' dir='ltr'><strong>odio</strong></span> <span class='ocrx_word' id='word_1_678' title='bbox 1571 1719 1712 1748; x_wconf 88' lang='lat' dir='ltr'><strong>habentes.</strong></span> 
     </span>
    </p>
   </div>
   <div class='ocr_carea' id='block_1_91' title="bbox 915 1763 1710 1802">
    <p class='ocr_par' dir='ltr' id='par_1_91' title="bbox 915 1763 1710 1802">
     <span class='ocr_line' id='line_1_91' title="bbox 915 1763 1710 1802; baseline -0.005 -7"><span class='ocrx_word' id='word_1_679' title='bbox 915 1767 1076 1802; x_wconf 61' lang='lat' dir='ltr'><strong>Praepositio</strong></span> <span class='ocrx_word' id='word_1_680' title='bbox 1097 1766 1172 1794; x_wconf 91' lang='lat' dir='ltr'><strong>enim</strong></span> <span class='ocrx_word' id='word_1_681' title='bbox 1187 1765 1235 1792; x_wconf 74' lang='grc' dir='ltr'><strong>ἀπὸ</strong></span> <span class='ocrx_word' id='word_1_682' title='bbox 1250 1766 1388 1794; x_wconf 85' lang='lat' dir='ltr'><strong>intensum</strong></span> <span class='ocrx_word' id='word_1_683' title='bbox 1403 1769 1431 1793; x_wconf 89' lang='lat' dir='ltr'><strong>et</strong></span> <span class='ocrx_word' id='word_1_684' title='bbox 1452 1765 1602 1792; x_wconf 85' lang='lat' dir='ltr'><strong>vehemens</strong></span> <span class='ocrx_word' id='word_1_685' title='bbox 1616 1763 1710 1792; x_wconf 90' lang='lat' dir='ltr'><strong>odium</strong></span> 
     </span>
    </p>
   </div>
   <div class='ocr_carea' id='block_1_92' title="bbox 914 1808 1710 1847">
    <p class='ocr_par' dir='ltr' id='par_1_92' title="bbox 914 1808 1710 1847">
     <span class='ocr_line' id='line_1_92' title="bbox 914 1808 1710 1847; baseline -0.005 -8"><span class='ocrx_word' id='word_1_686' title='bbox 914 1811 1058 1847; x_wconf 81' lang='lat' dir='ltr'><strong>signiﬁcat,</strong></span> <span class='ocrx_word' id='word_1_687' title='bbox 1073 1815 1101 1838; x_wconf 89' lang='lat' dir='ltr'><strong>et</strong></span> <span class='ocrx_word' id='word_1_688' title='bbox 1118 1810 1193 1846; x_wconf 92' lang='lat' dir='ltr'><strong>quod</strong></span> <span class='ocrx_word' id='word_1_689' title='bbox 1207 1819 1240 1838; x_wconf 87' lang='lat' dir='ltr'><strong>ex</strong></span> <span class='ocrx_word' id='word_1_690' title='bbox 1259 1811 1315 1838; x_wconf 90' lang='lat' dir='ltr'><strong>imo</strong></span> <span class='ocrx_word' id='word_1_691' title='bbox 1328 1809 1410 1838; x_wconf 91' lang='lat' dir='ltr'><strong>corde</strong></span> <span class='ocrx_word' id='word_1_692' title='bbox 1430 1809 1625 1845; x_wconf 80' lang='lat' dir='ltr'><strong>proﬁciscatur.</strong></span> <span class='ocrx_word' id='word_1_693' title='bbox 1642 1808 1710 1836; x_wconf 91' lang='lat' dir='ltr'><strong>Cum</strong></span> 
     </span>
    </p>
   </div>
   <div class='ocr_carea' id='block_1_93' title="bbox 915 1852 1710 1890">
    <p class='ocr_par' dir='ltr' id='par_1_93' title="bbox 915 1852 1710 1890">
     <span class='ocr_line' id='line_1_93' title="bbox 915 1852 1710 1890; baseline -0.005 -7"><span class='ocrx_word' id='word_1_694' title='bbox 915 1855 987 1884; x_wconf 93' lang='lat' dir='ltr'><strong>enim</strong></span> <span class='ocrx_word' id='word_1_695' title='bbox 1001 1863 1057 1883; x_wconf 90' lang='lat' dir='ltr'><strong>non</strong></span> <span class='ocrx_word' id='word_1_696' title='bbox 1077 1855 1158 1890; x_wconf 86' lang='lat' dir='ltr'><strong>pauci</strong></span> <span class='ocrx_word' id='word_1_697' title='bbox 1173 1855 1230 1882; x_wconf 86' lang='lat' dir='ltr'><strong>sint</strong></span> <span class='ocrx_word' id='word_1_698' title='bbox 1248 1854 1338 1882; x_wconf 88' lang='lat' dir='ltr'><strong>scelus</strong></span> <span class='ocrx_word' id='word_1_699' title='bbox 1358 1861 1442 1889; x_wconf 89' lang='lat' dir='ltr'><strong>opere</strong></span> <span class='ocrx_word' id='word_1_700' title='bbox 1457 1852 1568 1889; x_wconf 90' lang='lat' dir='ltr'><strong>quidem</strong></span> <span class='ocrx_word' id='word_1_701' title='bbox 1583 1860 1641 1880; x_wconf 92' lang='lat' dir='ltr'><strong>non</strong></span> <span class='ocrx_word' id='word_1_702' title='bbox 1662 1860 1710 1888; x_wconf 91' lang='lat' dir='ltr'><strong>pa-</strong></span> 
     </span>
    </p>
   </div>
   <div class='ocr_carea' id='block_1_94' title="bbox 914 1896 1710 1936">
    <p class='ocr_par' dir='ltr' id='par_1_94' title="bbox 914 1896 1710 1936">
     <span class='ocr_line' id='line_1_94' title="bbox 914 1896 1710 1936; baseline -0.005 -8"><span class='ocrx_word' id='word_1_703' title='bbox 914 1904 1028 1934; x_wconf 85' lang='lat' dir='ltr'><strong>trantes,</strong></span> <span class='ocrx_word' id='word_1_704' title='bbox 1049 1899 1110 1936; x_wconf 88' lang='lat' dir='ltr'><strong>ejus</strong></span> <span class='ocrx_word' id='word_1_705' title='bbox 1130 1904 1223 1927; x_wconf 88' lang='lat' dir='ltr'><strong>tamen</strong></span> <span class='ocrx_word' id='word_1_706' title='bbox 1242 1897 1393 1934; x_wconf 87' lang='lat' dir='ltr'><strong>cupiditate</strong></span> <span class='ocrx_word' id='word_1_707' title='bbox 1419 1898 1578 1934; x_wconf 83' lang='lat' dir='ltr'><strong>ﬂagrantes,</strong></span> <span class='ocrx_word' id='word_1_708' title='bbox 1596 1896 1710 1931; x_wconf 92' lang='lat' dir='ltr'><strong>Odium,</strong></span> 
     </span>
    </p>
   </div>
   <div class='ocr_carea' id='block_1_95' title="bbox 913 1941 1709 1982">
    <p class='ocr_par' dir='ltr' id='par_1_95' title="bbox 913 1941 1709 1982">
     <span class='ocr_line' id='line_1_95' title="bbox 913 1941 1709 1982; baseline -0.006 -9"><span class='ocrx_word' id='word_1_709' title='bbox 913 1945 1010 1982; x_wconf 87' lang='lat' dir='ltr'><strong>inquit,</strong></span> <span class='ocrx_word' id='word_1_710' title='bbox 1026 1945 1092 1973; x_wconf 86' lang='lat' dir='ltr'><strong>mali</strong></span> <span class='ocrx_word' id='word_1_711' title='bbox 1107 1944 1287 1980; x_wconf 90' lang='lat' dir='ltr'><strong>omniumque</strong></span> <span class='ocrx_word' id='word_1_712' title='bbox 1302 1943 1430 1972; x_wconf 89' lang='lat' dir='ltr'><strong>vitiorum</strong></span> <span class='ocrx_word' id='word_1_713' title='bbox 1444 1951 1476 1970; x_wconf 83' lang='lat' dir='ltr'><strong>ex</strong></span> <span class='ocrx_word' id='word_1_714' title='bbox 1490 1941 1572 1970; x_wconf 88' lang='lat' dir='ltr'><strong>corde</strong></span> <span class='ocrx_word' id='word_1_715' title='bbox 1587 1941 1709 1978; x_wconf 85' lang='lat' dir='ltr'><strong>postulo,</strong></span> 
     </span>
    </p>
   </div>
   <div class='ocr_carea' id='block_1_96' title="bbox 913 1986 1708 2026">
    <p class='ocr_par' dir='ltr' id='par_1_96' title="bbox 913 1986 1708 2026">
     <span class='ocr_line' id='line_1_96' title="bbox 913 1986 1708 2026; baseline -0.005 -8"><span class='ocrx_word' id='word_1_716' title='bbox 913 1995 944 2018; x_wconf 90' lang='lat' dir='ltr'><strong>ut</strong></span> <span class='ocrx_word' id='word_1_717' title='bbox 959 1990 998 2018; x_wconf 92' lang='lat' dir='ltr'><strong>vel</strong></span> <span class='ocrx_word' id='word_1_718' title='bbox 1015 1989 1073 2026; x_wconf 91' lang='lat' dir='ltr'><strong>ipsa</strong></span> <span class='ocrx_word' id='word_1_719' title='bbox 1095 1989 1186 2017; x_wconf 87' lang='lat' dir='ltr'><strong>anima</strong></span> <span class='ocrx_word' id='word_1_720' title='bbox 1201 1989 1237 2016; x_wconf 88' lang='lat' dir='ltr'><strong>sit</strong></span> <span class='ocrx_word' id='word_1_721' title='bbox 1257 1996 1335 2025; x_wconf 90' lang='lat' dir='ltr'><strong>pura.</strong></span> <span class='ocrx_word' id='word_1_722' title='bbox 1359 1989 1399 2016; x_wconf 87' lang='lat' dir='ltr'><strong>Ne</strong></span> <span class='ocrx_word' id='word_1_723' title='bbox 1421 1987 1515 2024; x_wconf 75' lang='lat' dir='ltr'><strong>igitur,</strong></span> <span class='ocrx_word' id='word_1_724' title='bbox 1530 1994 1594 2015; x_wconf 92' lang='lat' dir='ltr'><strong>cum</strong></span> <span class='ocrx_word' id='word_1_725' title='bbox 1614 1986 1666 2015; x_wconf 78' lang='lat' dir='ltr'><strong>dixi</strong></span> <span class='ocrx_word' id='word_1_726' title='bbox 1683 1992 1708 2020; x_wconf 69' lang='grc'>³,</span> 
     </span>
    </p>
   </div>
   <div class='ocr_carea' id='block_1_97' title="bbox 915 2031 1708 2071">
    <p class='ocr_par' dir='ltr' id='par_1_97' title="bbox 915 2031 1708 2071">
     <span class='ocr_line' id='line_1_97' title="bbox 915 2031 1708 2071; baseline -0.006 -8"><span class='ocrx_word' id='word_1_727' title='bbox 915 2047 928 2060; x_wconf 78' lang='grc' dir='ltr'>ι</span> <span class='ocrx_word' id='word_1_728' title='bbox 950 2035 1060 2071; x_wconf 82' lang='lat' dir='ltr'><strong>Diligite</strong></span> <span class='ocrx_word' id='word_1_729' title='bbox 1071 2042 1119 2062; x_wconf 86' lang='lat' dir='ltr'><strong>vos</strong></span> <span class='ocrx_word' id='word_1_730' title='bbox 1131 2038 1241 2065; x_wconf 81' lang='lat' dir='ltr'><strong>mutuo,</strong></span> <span class='ocrx_word' id='word_1_731' title='bbox 1258 2045 1270 2058; x_wconf 73' lang='grc' dir='ltr'><strong>ι</strong></span> <span class='ocrx_word' id='word_1_732' title='bbox 1288 2033 1448 2061; x_wconf 83' lang='lat' dir='ltr'><strong>existimetis</strong></span> <span class='ocrx_word' id='word_1_733' title='bbox 1460 2031 1578 2060; x_wconf 83' lang='lat' dir='ltr'><strong>excitare</strong></span> <span class='ocrx_word' id='word_1_734' title='bbox 1592 2039 1637 2059; x_wconf 90' lang='lat' dir='ltr'><strong>me</strong></span> <span class='ocrx_word' id='word_1_735' title='bbox 1650 2038 1708 2065; x_wconf 80' lang='lat' dir='ltr'><strong>vos,</strong></span> 
     </span>
    </p>
   </div>
   <div class='ocr_carea' id='block_1_98' title="bbox 914 2075 1711 2114">
    <p class='ocr_par' dir='ltr' id='par_1_98' title="bbox 914 2075 1711 2114">
     <span class='ocr_line' id='line_1_98' title="bbox 914 2075 1711 2114; baseline -0.005 -7"><span class='ocrx_word' id='word_1_736' title='bbox 914 2083 945 2108; x_wconf 90' lang='lat' dir='ltr'><strong>ut</strong></span> <span class='ocrx_word' id='word_1_737' title='bbox 965 2079 1001 2108; x_wconf 85' lang='lat' dir='ltr'><strong>ad</strong></span> <span class='ocrx_word' id='word_1_738' title='bbox 1022 2079 1126 2107; x_wconf 89' lang='lat' dir='ltr'><strong>malum</strong></span> <span class='ocrx_word' id='word_1_739' title='bbox 1150 2077 1274 2114; x_wconf 88' lang='lat' dir='ltr'><strong>adeoque</strong></span> <span class='ocrx_word' id='word_1_740' title='bbox 1295 2077 1394 2114; x_wconf 80' lang='lat' dir='ltr'><strong>ﬂagitia</strong></span> <span class='ocrx_word' id='word_1_741' title='bbox 1415 2075 1617 2105; x_wconf 89' lang='lat' dir='ltr'><strong>committenda</strong></span> <span class='ocrx_word' id='word_1_742' title='bbox 1642 2076 1711 2104; x_wconf 89' lang='lat' dir='ltr'><strong>alter</strong></span> 
     </span>
    </p>
   </div>
   <div class='ocr_carea' id='block_1_99' title="bbox 913 2121 1711 2160">
    <p class='ocr_par' dir='ltr' id='par_1_99' title="bbox 913 2121 1711 2160">
     <span class='ocr_line' id='line_1_99' title="bbox 913 2121 1711 2160; baseline -0.005 -8"><span class='ocrx_word' id='word_1_743' title='bbox 913 2125 1032 2152; x_wconf 90' lang='lat' dir='ltr'><strong>alterum</strong></span> <span class='ocrx_word' id='word_1_744' title='bbox 1045 2123 1192 2160; x_wconf 75' lang='lat' dir='ltr'><strong>adjuvetis;</strong></span> <span class='ocrx_word' id='word_1_745' title='bbox 1217 2123 1265 2151; x_wconf 79' lang='lat' dir='ltr'><strong>sed</strong></span> <span class='ocrx_word' id='word_1_746' title='bbox 1280 2123 1368 2151; x_wconf 89' lang='lat' dir='ltr'><strong>multo</strong></span> <span class='ocrx_word' id='word_1_747' title='bbox 1387 2122 1476 2158; x_wconf 75' lang='lat' dir='ltr'><strong>magis</strong></span> <span class='ocrx_word' id='word_1_748' title='bbox 1496 2129 1510 2150; x_wconf 88' lang='lat' dir='ltr'><strong>e</strong></span> <span class='ocrx_word' id='word_1_749' title='bbox 1530 2121 1646 2154; x_wconf 85' lang='lat' dir='ltr'><strong>diverso,</strong></span> <span class='ocrx_word' id='word_1_750' title='bbox 1663 2128 1711 2148; x_wconf 88' lang='lat' dir='ltr'><strong>vos</strong></span> 
     </span>
    </p>
   </div>
   <div class='ocr_carea' id='block_1_100' title="bbox 913 2167 1709 2203">
    <p class='ocr_par' dir='ltr' id='par_1_100' title="bbox 913 2167 1709 2203">
     <span class='ocr_line' id='line_1_100' title="bbox 913 2167 1709 2203; baseline -0.005 -6"><span class='ocrx_word' id='word_1_751' title='bbox 913 2169 1094 2197; x_wconf 89' lang='lat' dir='ltr'><strong>alienissimos</strong></span> <span class='ocrx_word' id='word_1_752' title='bbox 1108 2176 1168 2196; x_wconf 89' lang='lat' dir='ltr'><strong>esse</strong></span> <span class='ocrx_word' id='word_1_753' title='bbox 1183 2168 1244 2196; x_wconf 96' lang='lat' dir='ltr'><strong>volo</strong></span> <span class='ocrx_word' id='word_1_754' title='bbox 1253 2189 1260 2201; x_wconf 83' lang='lat'><strong>,</strong></span> <span class='ocrx_word' id='word_1_755' title='bbox 1272 2167 1376 2196; x_wconf 89' lang='lat' dir='ltr'><strong>nedum</strong></span> <span class='ocrx_word' id='word_1_756' title='bbox 1387 2175 1401 2195; x_wconf 91' lang='lat' dir='ltr'><strong>a</strong></span> <span class='ocrx_word' id='word_1_757' title='bbox 1413 2175 1495 2203; x_wconf 87' lang='lat' dir='ltr'><strong>pravo</strong></span> <span class='ocrx_word' id='word_1_758' title='bbox 1508 2174 1601 2202; x_wconf 86' lang='lat' dir='ltr'><strong>opere,</strong></span> <span class='ocrx_word' id='word_1_759' title='bbox 1613 2174 1709 2194; x_wconf 86' lang='lat' dir='ltr'><strong>verum</strong></span> 
     </span>
    </p>
   </div>
   <div class='ocr_carea' id='block_1_101' title="bbox 912 2211 1635 2249">
    <p class='ocr_par' dir='ltr' id='par_1_101' title="bbox 912 2211 1635 2249">
     <span class='ocr_line' id='line_1_101' title="bbox 912 2211 1635 2249; baseline -0.006 -7"><span class='ocrx_word' id='word_1_760' title='bbox 912 2214 996 2242; x_wconf 89' lang='lat' dir='ltr'><strong>etiam</strong></span> <span class='ocrx_word' id='word_1_761' title='bbox 1009 2213 1044 2241; x_wconf 83' lang='lat' dir='ltr'><strong>ab</strong></span> <span class='ocrx_word' id='word_1_762' title='bbox 1058 2213 1131 2241; x_wconf 89' lang='lat' dir='ltr'><strong>omni</strong></span> <span class='ocrx_word' id='word_1_763' title='bbox 1155 2213 1246 2241; x_wconf 87' lang='lat' dir='ltr'><strong>cordis</strong></span> <span class='ocrx_word' id='word_1_764' title='bbox 1260 2212 1440 2249; x_wconf 86' lang='lat' dir='ltr'><strong>propensione</strong></span> <span class='ocrx_word' id='word_1_765' title='bbox 1456 2219 1521 2247; x_wconf 74' lang='lat' dir='ltr'><strong>erga</strong></span> <span class='ocrx_word' id='word_1_766' title='bbox 1535 2211 1635 2247; x_wconf 90' lang='lat' dir='ltr'><strong>ipsum.</strong></span> 
     </span>
    </p>
   </div>
   <div class='ocr_carea' id='block_1_102' title="bbox 949 2255 1711 2295">
    <p class='ocr_par' dir='ltr' id='par_1_102' title="bbox 949 2255 1711 2295">
     <span class='ocr_line' id='line_1_102' title="bbox 949 2255 1711 2295; baseline -0.005 -8"><span class='ocrx_word' id='word_1_767' title='bbox 949 2271 962 2283; x_wconf 79' lang='grc' dir='ltr'>«ι</span> <span class='ocrx_word' id='word_1_768' title='bbox 983 2258 1154 2295; x_wconf 78' lang='lat' dir='ltr'><strong>Agglutinati</strong></span> <span class='ocrx_word' id='word_1_769' title='bbox 1169 2258 1252 2286; x_wconf 88' lang='lat' dir='ltr'><strong>bono.</strong></span> <span class='ocrx_word' id='word_1_770' title='bbox 1282 2269 1294 2282; x_wconf 73' lang='grc' dir='ltr'>ιο</span> <span class='ocrx_word' id='word_1_771' title='bbox 1316 2259 1381 2286; x_wconf 89' lang='lat' dir='ltr'><strong>Non</strong></span> <span class='ocrx_word' id='word_1_772' title='bbox 1397 2256 1499 2284; x_wconf 87' lang='lat' dir='ltr'><strong>sufﬁcit</strong></span> <span class='ocrx_word' id='word_1_773' title='bbox 1524 2264 1539 2284; x_wconf 91' lang='lat' dir='ltr'><strong>a</strong></span> <span class='ocrx_word' id='word_1_774' title='bbox 1562 2255 1711 2283; x_wconf 89' lang='lat' dir='ltr'><strong>sceleribus</strong></span> 
     </span>
    </p>
   </div>
   <div class='ocr_carea' id='block_1_103' title="bbox 912 2299 1708 2337">
    <p class='ocr_par' dir='ltr' id='par_1_103' title="bbox 912 2299 1708 2337">
     <span class='ocr_line' id='line_1_103' title="bbox 912 2299 1708 2337; baseline -0.005 -6"><span class='ocrx_word' id='word_1_775' title='bbox 912 2303 1058 2336; x_wconf 86' lang='lat' dir='ltr'><strong>declinare,</strong></span> <span class='ocrx_word' id='word_1_776' title='bbox 1078 2302 1130 2330; x_wconf 88' lang='lat' dir='ltr'><strong>nisi</strong></span> <span class='ocrx_word' id='word_1_777' title='bbox 1151 2307 1179 2330; x_wconf 90' lang='lat' dir='ltr'><strong>et</strong></span> <span class='ocrx_word' id='word_1_778' title='bbox 1194 2302 1301 2330; x_wconf 89' lang='lat' dir='ltr'><strong>virtutis</strong></span> <span class='ocrx_word' id='word_1_779' title='bbox 1320 2302 1391 2330; x_wconf 88' lang='lat' dir='ltr'><strong>actio</strong></span> <span class='ocrx_word' id='word_1_780' title='bbox 1410 2301 1464 2337; x_wconf 81' lang='lat'><strong>91</strong></span> <span class='ocrx_word' id='word_1_781' title='bbox 1491 2304 1592 2337; x_wconf 56' lang='lat' dir='ltr'><strong>praesto</strong></span> <span class='ocrx_word' id='word_1_782' title='bbox 1611 2299 1708 2333; x_wconf 87' lang='lat' dir='ltr'><strong>fuerit;</strong></span> 
     </span>
    </p>
   </div>
   <div class='ocr_carea' id='block_1_104' title="bbox 912 2345 1707 2383">
    <p class='ocr_par' dir='ltr' id='par_1_104' title="bbox 912 2345 1707 2383">
     <span class='ocr_line' id='line_1_104' title="bbox 912 2345 1707 2383; baseline -0.004 -7"><span class='ocrx_word' id='word_1_783' title='bbox 912 2356 976 2376; x_wconf 87' lang='lat' dir='ltr'><strong>eam</strong></span> <span class='ocrx_word' id='word_1_784' title='bbox 990 2348 1026 2376; x_wconf 93' lang='lat' dir='ltr'><strong>ob</strong></span> <span class='ocrx_word' id='word_1_785' title='bbox 1047 2355 1106 2376; x_wconf 92' lang='lat' dir='ltr'><strong>rem</strong></span> <span class='ocrx_word' id='word_1_786' title='bbox 1125 2347 1200 2380; x_wconf 82' lang='lat' dir='ltr'><strong>dixit,</strong></span> <span class='ocrx_word' id='word_1_787' title='bbox 1223 2358 1235 2370; x_wconf 80' lang='grc' dir='ltr'><strong>ι</strong></span> <span class='ocrx_word' id='word_1_788' title='bbox 1258 2346 1428 2383; x_wconf 79' lang='lat' dir='ltr'><strong>Agglutinati</strong></span> <span class='ocrx_word' id='word_1_789' title='bbox 1445 2346 1530 2380; x_wconf 89' lang='lat' dir='ltr'><strong>bono,</strong></span> <span class='ocrx_word' id='word_1_790' title='bbox 1553 2357 1566 2370; x_wconf 76' lang='grc' dir='ltr'><strong>ι</strong></span> <span class='ocrx_word' id='word_1_791' title='bbox 1586 2345 1638 2374; x_wconf 90' lang='lat' dir='ltr'><strong>hoc</strong></span> <span class='ocrx_word' id='word_1_792' title='bbox 1656 2349 1707 2379; x_wconf 84' lang='lat' dir='ltr'><strong>est,</strong></span> 
     </span>
    </p>
   </div>
   <div class='ocr_carea' id='block_1_105' title="bbox 909 2390 1710 2428">
    <p class='ocr_par' dir='ltr' id='par_1_105' title="bbox 909 2390 1710 2428">
     <span class='ocr_line' id='line_1_105' title="bbox 909 2390 1710 2428; baseline -0.004 -7"><span class='ocrx_word' id='word_1_793' title='bbox 909 2393 1038 2421; x_wconf 84' lang='lat' dir='ltr'><strong>affectum</strong></span> <span class='ocrx_word' id='word_1_794' title='bbox 1053 2392 1193 2420; x_wconf 87' lang='lat' dir='ltr'><strong>charitatis</strong></span> <span class='ocrx_word' id='word_1_795' title='bbox 1213 2399 1276 2428; x_wconf 86' lang='lat' dir='ltr'><strong>erga</strong></span> <span class='ocrx_word' id='word_1_796' title='bbox 1298 2393 1388 2427; x_wconf 89' lang='lat' dir='ltr'><strong>ipsum</strong></span> <span class='ocrx_word' id='word_1_797' title='bbox 1405 2391 1546 2419; x_wconf 89' lang='lat' dir='ltr'><strong>habentes.</strong></span> <span class='ocrx_word' id='word_1_798' title='bbox 1569 2391 1650 2418; x_wconf 78' lang='lat' dir='ltr'><strong>Hunc</strong></span> <span class='ocrx_word' id='word_1_799' title='bbox 1675 2390 1710 2418; x_wconf 89' lang='lat' dir='ltr'><strong>ad</strong></span> 
     </span>
    </p>
   </div>
   <div class='ocr_carea' id='block_1_106' title="bbox 909 2435 1708 2472">
    <p class='ocr_par' dir='ltr' id='par_1_106' title="bbox 909 2435 1708 2472">
     <span class='ocr_line' id='line_1_106' title="bbox 909 2435 1708 2472; baseline -0.005 -6"><span class='ocrx_word' id='word_1_800' title='bbox 909 2437 1025 2466; x_wconf 89' lang='lat' dir='ltr'><strong>modum</strong></span> <span class='ocrx_word' id='word_1_801' title='bbox 1044 2439 1121 2466; x_wconf 92' lang='lat' dir='ltr'><strong>Deus</strong></span> <span class='ocrx_word' id='word_1_802' title='bbox 1135 2437 1266 2465; x_wconf 91' lang='lat' dir='ltr'><strong>maritum</strong></span> <span class='ocrx_word' id='word_1_803' title='bbox 1289 2435 1366 2465; x_wconf 83' lang='lat' dir='ltr'><strong>uxori</strong></span> <span class='ocrx_word' id='word_1_804' title='bbox 1388 2435 1546 2464; x_wconf 85' lang='lat' dir='ltr'><strong>familiarius</strong></span> <span class='ocrx_word' id='word_1_805' title='bbox 1565 2435 1708 2472; x_wconf 79' lang='lat' dir='ltr'><strong>copulatis,</strong></span> 
     </span>
    </p>
   </div>
   <div class='ocr_carea' id='block_1_107' title="bbox 914 2480 1609 2519">
    <p class='ocr_par' dir='ltr' id='par_1_107' title="bbox 914 2480 1609 2519">
     <span class='ocr_line' id='line_1_107' title="bbox 914 2480 1609 2519; baseline -0.004 -8"><span class='ocrx_word' id='word_1_806' title='bbox 914 2495 926 2507; x_wconf 71' lang='grc' dir='ltr'><strong><em>η</em></strong></span> <span class='ocrx_word' id='word_1_807' title='bbox 947 2482 1179 2519; x_wconf 80' lang='lat' dir='ltr'><strong>Agglutinabitur,</strong></span> <span class='ocrx_word' id='word_1_808' title='bbox 1199 2494 1210 2507; x_wconf 74' lang='grc' dir='ltr'><strong>ο</strong></span> <span class='ocrx_word' id='word_1_809' title='bbox 1227 2481 1328 2518; x_wconf 91' lang='lat' dir='ltr'><strong>inquit,</strong></span> <span class='ocrx_word' id='word_1_810' title='bbox 1341 2492 1353 2505; x_wconf 80' lang='grc' dir='ltr'><strong>ι</strong></span> <span class='ocrx_word' id='word_1_811' title='bbox 1374 2481 1452 2509; x_wconf 86' lang='lat' dir='ltr'><strong>uxori</strong></span> <span class='ocrx_word' id='word_1_812' title='bbox 1467 2488 1534 2509; x_wconf 62' lang='lat' dir='ltr'><strong>suae.</strong></span> <span class='ocrx_word' id='word_1_813' title='bbox 1553 2492 1565 2505; x_wconf 78' lang='grc' dir='ltr'><strong>ι</strong></span> <span class='ocrx_word' id='word_1_814' title='bbox 1607 2480 1609 2483; x_wconf 84' lang='grc'><em>’</em></span> 
     </span>
    </p>
   </div>
   <div class='ocr_carea' id='block_1_108' title="bbox 946 2571 1707 2607">
    <p class='ocr_par' dir='ltr' id='par_1_108' title="bbox 946 2571 1707 2607">
     <span class='ocr_line' id='line_1_108' title="bbox 946 2571 1707 2607; baseline -0.009 -5"><span class='ocrx_word' id='word_1_815' title='bbox 946 2574 1035 2602; x_wconf 71' lang='lat' dir='ltr'><strong>Vens.</strong></span> <span class='ocrx_word' id='word_1_816' title='bbox 1056 2576 1099 2601; x_wconf 83' lang='grc' dir='ltr'><strong>ιο.</strong></span> <span class='ocrx_word' id='word_1_817' title='bbox 1123 2584 1136 2597; x_wconf 73' lang='grc' dir='ltr'><strong><em>α</em></strong></span> <span class='ocrx_word' id='word_1_818' title='bbox 1157 2572 1288 2600; x_wconf 83' lang='lat' dir='ltr'><strong>Fraterna</strong></span> <span class='ocrx_word' id='word_1_819' title='bbox 1309 2571 1440 2600; x_wconf 80' lang='lat' dir='ltr'><strong>charitate</strong></span> <span class='ocrx_word' id='word_1_820' title='bbox 1454 2579 1519 2607; x_wconf 73' lang='lat' dir='ltr'><strong>ergo</strong></span> <span class='ocrx_word' id='word_1_821' title='bbox 1541 2577 1588 2599; x_wconf 87' lang='lat' dir='ltr'><strong>vos</strong></span> <span class='ocrx_word' id='word_1_822' title='bbox 1608 2572 1707 2598; x_wconf 87' lang='lat' dir='ltr'><strong>mutuo</strong></span> 
     </span>
    </p>
   </div>
   <div class='ocr_carea' id='block_1_109' title="bbox 911 2613 1708 2653">
    <p class='ocr_par' dir='ltr' id='par_1_109' title="bbox 911 2613 1708 2653">
     <span class='ocr_line' id='line_1_109' title="bbox 911 2613 1708 2653; baseline -0.009 -7"><span class='ocrx_word' id='word_1_823' title='bbox 911 2617 1012 2646; x_wconf 83' lang='lat' dir='ltr'><strong>affecti.</strong></span> <span class='ocrx_word' id='word_1_824' title='bbox 1038 2617 1227 2646; x_wconf 63' lang='lat' dir='ltr'><strong>«Adhortatus</strong></span> <span class='ocrx_word' id='word_1_825' title='bbox 1240 2625 1304 2646; x_wconf 89' lang='lat' dir='ltr'><strong>sum</strong></span> <span class='ocrx_word' id='word_1_826' title='bbox 1325 2625 1384 2652; x_wconf 90' lang='lat' dir='ltr'><strong>vos,</strong></span> <span class='ocrx_word' id='word_1_827' title='bbox 1406 2616 1506 2653; x_wconf 90' lang='lat' dir='ltr'><strong>inquit,</strong></span> <span class='ocrx_word' id='word_1_828' title='bbox 1528 2619 1558 2643; x_wconf 90' lang='lat' dir='ltr'><strong>ut</strong></span> <span class='ocrx_word' id='word_1_829' title='bbox 1578 2613 1708 2650; x_wconf 76' lang='lat' dir='ltr'><strong>diligatis,</strong></span> 
     </span>
    </p>
   </div>
   <div class='ocr_carea' id='block_1_110' title="bbox 749 2725 1020 2755">
    <p class='ocr_par' dir='ltr' id='par_1_110' title="bbox 749 2725 1020 2755">
     <span class='ocr_line' id='line_1_110' title="bbox 749 2725 1020 2755; baseline 0.004 -2"><span class='ocrx_word' id='word_1_830' title='bbox 749 2725 845 2754; x_wconf 65' lang='lat' dir='ltr'><strong>Variae</strong></span> <span class='ocrx_word' id='word_1_831' title='bbox 867 2725 935 2755; x_wconf 88' lang='lat' dir='ltr'><strong>lecti</strong></span> <span class='ocrx_word' id='word_1_832' title='bbox 940 2735 1020 2755; x_wconf 91' lang='lat' dir='ltr'><strong>ones.</strong></span> 
     </span>
    </p>
   </div>
   <div class='ocr_carea' id='block_1_111' title="bbox 92 2786 1255 2822">
    <p class='ocr_par' dir='ltr' id='par_1_111' title="bbox 92 2786 1255 2822">
     <span class='ocr_line' id='line_1_111' title="bbox 92 2786 1255 2822; baseline 0.004 -8"><span class='ocrx_word' id='word_1_833' title='bbox 92 2786 103 2803; x_wconf 89' lang='grc'>⁶</span> <span class='ocrx_word' id='word_1_834' title='bbox 114 2787 143 2814; x_wconf 77' lang='grc' dir='ltr'>τὸ</span> <span class='ocrx_word' id='word_1_835' title='bbox 154 2786 255 2818; x_wconf 71' lang='grc' dir='ltr'>ἀλύπως</span> <span class='ocrx_word' id='word_1_836' title='bbox 268 2795 295 2815; x_wconf 91' lang='lat'><strong>0.</strong></span> <span class='ocrx_word' id='word_1_837' title='bbox 335 2787 346 2804; x_wconf 86' lang='lat'>&quot;</span> <span class='ocrx_word' id='word_1_838' title='bbox 359 2788 454 2822; x_wconf 77' lang='grc' dir='ltr'>νοήσεις</span> <span class='ocrx_word' id='word_1_839' title='bbox 466 2788 544 2815; x_wconf 75' lang='grc' dir='ltr'>δὲκαὶ</span> <span class='ocrx_word' id='word_1_840' title='bbox 559 2797 585 2817; x_wconf 92' lang='lat'><strong>0.</strong></span> <span class='ocrx_word' id='word_1_841' title='bbox 625 2789 636 2809; x_wconf 79' lang='grc'><strong><em>⁸</em></strong></span> <span class='ocrx_word' id='word_1_842' title='bbox 651 2789 746 2821; x_wconf 83' lang='grc' dir='ltr'>πάντως</span> <span class='ocrx_word' id='word_1_843' title='bbox 757 2797 783 2817; x_wconf 87' lang='lat'><strong>0.</strong></span> <span class='ocrx_word' id='word_1_844' title='bbox 822 2789 834 2807; x_wconf 84' lang='grc'>⁹</span> <span class='ocrx_word' id='word_1_845' title='bbox 847 2790 889 2816; x_wconf 72' lang='grc' dir='ltr'>τὸν</span> <span class='ocrx_word' id='word_1_846' title='bbox 904 2789 1012 2817; x_wconf 80' lang='grc' dir='ltr'>πλοῦτον</span> <span class='ocrx_word' id='word_1_847' title='bbox 1025 2797 1052 2818; x_wconf 90' lang='lat'><strong>0.</strong></span> <span class='ocrx_word' id='word_1_848' title='bbox 1090 2789 1112 2808; x_wconf 72' lang='grc'><strong>¹⁰</strong></span> <span class='ocrx_word' id='word_1_849' title='bbox 1126 2790 1215 2821; x_wconf 83' lang='grc' dir='ltr'>πάντες</span> <span class='ocrx_word' id='word_1_850' title='bbox 1228 2797 1255 2819; x_wconf 89' lang='grc' dir='ltr'>ο.</span> 
     </span>
    </p>
   </div>
  </div>
