1901 3077
209 141 262 168 507

721 145 978 174 THEOPHYLACTI
998 143 1176 174 BULGARIzE
1196 142 1353 170 ARCHIEP.
1806 140 1850 168 '08

203 206 286 239 atque
313 203 388 233 istud
409 204 509 234 merito
534 205 624 234 facere
645 205 751 236 debetis
774 217 781 236 :
807 207 906 238 fratres
928 209 1002 238 enim

1069 211 1121 237 lere
1144 207 1222 236 τοῦτο
1237 208 1320 235 ποιεῖν
1332 216 1340 223 ·
1361 203 1471 245 ἀδελφοὶ
1495 203 1548 244 γάρ
1564 204 1624 233 ἐστι
1650 204 1689 245 ἐν*
1699 207 1750 244 μιᾳ
1773 202 1849 243 μήτρᾳ

205 248 280 283 cstis,
297 249 324 276 in
341 257 393 277 una
404 249 527 285 matrice,
541 259 642 287 nempe
654 251 829 288 baptismatis
840 252 918 282 fonte
926 262 1007 291 gene-

205 293 268 321 rati.
283 294 403 329 Equum
428 294 511 331 igitur
532 299 590 332 est,
614 300 646 324 ut
660 304 708 325 vos
730 301 828 326 mutuo
849 306 945 328 amore
964 299 1007 328 di-

209 337 310 374 ligatis.
331 339 498 367 Fraternitas
524 340 598 369 enim
621 348 654 370 ex
677 342 796 372 amicitia
818 342 936 372 nobilior
956 352 1010 373 no—

210 382 317 418 tiorque
331 383 433 419 evadit,
446 388 474 413 et
487 385 609 414 amicitia
629 394 662 415 ex
680 385 846 416 fraternitate
860 388 971 425 proﬂuit
983 392 1012 418 et

211 427 379 457 continetur.

246 484 260 497 α
276 474 392 502 Honore
400 481 449 502 vos
458 478 556 504 mutuo
569 476 781 512 praevenientem
796 489 809 503 ι
821 478 875 514 Qui
888 478 1010 508 fraterna

209 517 328 546 charitas
356 523 522 555 perseveret,
546 519 666 556 disserit;
700 529 732 550 ex
755 527 853 552 mutuo
878 524 1010 552 nimirum

210 561 317 591 honore
340 571 395 600 quo
419 564 490 592 alius
510 564 594 594 alium
616 567 771 596 antevertit.
791 568 853 596 Hoc
872 568 948 597 enim
969 573 1011 597 est

210 607 369 642 praevenire.
381 608 448 637 dum
457 609 526 637 alius
533 609 617 638 alium
627 615 728 640 mutuo
739 611 844 641 honore
856 613 1010 650 antevertit_

246 697 330 726 Vsus.
353 700 397 726 11.
421 709 432 723 α
457 698 556 728 Studio
577 707 634 728 non
655 700 734 737 pigri.
759 713 772 726 ι
793 701 864 737 Quia
889 701 1011 738 plerique

210 740 347 770 honorare
360 746 388 771 et
405 742 519 779 diligere
541 743 671 773 videntur
688 745 779 782 quoad
796 746 934 781 animum,
949 755 1009 775 ma-

214 788 282 814 u‘um
290 790 384 815 autem
397 787 508 816 interim
519 796 578 817 non
591 789 745 826 pon-igunt,
757 790 798 818 ait
811 792 947 820 :Necesse
969 796 1012 820 est

209 838 260 859 vos
277 836 374 860 mutuo
387 840 517 868 praeesse,
532 837 559 862 et
573 834 690 862 aliorum
700 842 796 864 curam
811 843 916 871 gerere,
928 840 1011 873 atque

209 875 315 911 conari,
329 876 410 905 sicuti
424 885 475 913 par
489 881 541 911 est,
554 882 585 906 ut
599 883 627 906 et
638 886 687 914 per
700 887 783 916 opera
795 881 974 909 succurratis.

245 931 259 945 ι
279 921 385 956 Spiritu
409 921 555 951 ferventes.
572 934 585 948 ιο
612 923 727 953 Perinde
745 925 821 961 quasi
845 925 944 954 dixerit
956 926 1007 955 ali-

209 965 270 1001 quis
286 974 293 994 :
314 966 367 1000 Qui
382 966 429 995 ﬁet
451 971 482 995 ut
498 967 590 997 studio
613 968 680 1005 pigri
702 977 760 997 non
774 969 878 999 simus?
898 970 936 999 ait
953 980 960 998 :
978 971 1007 999 Si

211 1010 310 1046 spiritu
331 1011 495 1047 ferveamus,
511 1012 565 1041 hoc
585 1018 637 1049 est,
658 1013 680 1042 si
704 1013 837 1043 fuerimus
860 1015 969 1044 excitati
983 1020 1011 1044 et

208 1055 298 1082 calidi.
323 1056 408 1084 Porro
427 1056 495 1085 illud
515 1057 597 1086 etiam
617 1057 740 1093 observa.
763 1059 837 1095 quod
861 1064 1007 1097 postquam

210 1099 313 1128 multas
325 1100 433 1129 virtutis
447 1101 550 1137 species
563 1103 747 1138 recensuerit,
764 1107 832 1133 tunc
845 1103 920 1133 istud
940 1105 1006 1134 sub-

205 1144 341 1180 junxerit.
355 1157 367 1170 ι
389 1146 490 1182 Spiritu
507 1146 651 1176 ferventes.
668 1159 680 1172 ι
695 1148 748 1183 Qui
770 1148 843 1177 enim
853 1149 912 1185 jam
932 1157 1007 1178 com-

209 1194 362 1219 memorata
382 1191 525 1228 peregerit,
539 1192 562 1220 is
575 1196 603 1221 et
616 1192 732 1229 Spiritus
744 1193 862 1230 gratiam
881 1194 1005 1230 attrahit,

207 1234 243 1263 ab
253 1242 341 1271 eoque
353 1235 540 1266 inﬂammatus
553 1236 648 1266 fervet.

245 1291 258 1304 α
268 1280 390 1309 Domino
396 1281 554 1310 servientes.
567 1293 579 1306 ι
589 1282 660 1310 Cum
669 1281 785 1311 fratrum
791 1287 899 1312 amator
908 1283 1002 1313 fueris.

207 1331 272 1353 cum
294 1324 471 1354 dilectionem
494 1326 635 1362 habueris,
661 1326 744 1364 idque
766 1335 851 1364 genus
871 1328 924 1357 alia
942 1337 1004 1365 qua:

208 1369 290 1404 paulo
304 1374 368 1399 ante
381 1375 598 1400 commemorata
612 1376 687 1406 sunt,
703 1376 764 1400 tum
778 1372 862 1401 servis
873 1373 1002 1402 Domino.

208 1414 240 1441 in
263 1414 381 1450 seipsum
408 1415 483 1443 enim
506 1415 638 1444 transfert
660 1423 831 1452 quascumque
851 1417 928 1446 fratri
955 1421 1003 1445 tuo

208 1458 376 1493 praestiteris.

243 1503 333 1533 Vns.
348 1506 390 1532 12.
407 1514 420 1528 α
434 1504 488 1539 Spe
497 1503 658 1539 gaudentes.
673 1515 686 1529 ι
695 1504 765 1541 Quia
772 1512 871 1541 magna
879 1505 1005 1542 quadam

206 1546 334 1583 factuque
340 1547 464 1577 difﬁcilia
479 1548 638 1584 postulavit,
649 1548 706 1584 jam
720 1557 793 1578 nunc
806 1549 926 1579 ostendit
937 1558 1006 1588 quo-

206 1591 292 1620 modo
311 1591 362 1620 ista
377 1591 457 1621 facile
471 1592 593 1628 praestari
610 1592 728 1630 possint.
751 1593 885 1622 nimirum
906 1594 928 1622 si
944 1585 1006 1630 spei
1022 1585 1044 1617 C

206 1643 395 1671 cooperemur.
420 1637 487 1672 Spes
508 1636 582 1665 enim
606 1636 750 1666 fortiorem
774 1637 857 1667 efﬁcit
873 1639 1006 1674 animam,

206 1683 233 1708 et
246 1680 473 1710 conﬁdentiorem
492 1680 622 1710 adversus
644 1681 772 1718 pericula.

242 1737 255 1750 ι
271 1726 304 1754 In
314 1726 496 1755 tribulatione
507 1725 650 1763 patientes.
664 1738 677 1752 ι
690 1727 760 1763 Quia
774 1735 836 1764 spes
845 1727 1005 1757 futurorum

206 1774 258 1805 est,
282 1770 374 1799 Etiam
398 1771 426 1800 in
449 1771 589 1808 praesenti,
613 1772 711 1809 inquit,
739 1776 866 1809 tempore
886 1773 1004 1802 multum

206 1814 336 1851 percipies
348 1815 426 1850 boni,
440 1815 573 1845 nimirum
582 1821 614 1845 ut
629 1817 751 1846 tolerans
761 1821 789 1846 et
798 1817 931 1854 probatus
941 1817 1003 1846 red-

204 1859 277 1888 daris
291 1867 322 1889 ex
343 1860 524 1890 aﬂlictionum
541 1862 681 1898 patientia.

241 1963 255 1976 α
276 1953 311 1980 ln
331 1952 457 1980 oratione
476 1956 690 1988 perseverantes.
718 1964 731 1977 ι
755 1953 857 1988 Ingens
877 1957 907 1982 et
931 1953 1004 1982 istud

203 1999 246 2024 est
266 1995 398 2024 auxilium
418 1995 453 2024 ad
478 1995 606 2031 praedicta
628 1996 724 2025 omnia
741 1995 919 2032 perﬁcienda,
944 1998 1003 2034 ipsa

203 2039 330 2068 videlicet
343 2039 440 2069 oratio.
458 2041 516 2069 Nec
535 2040 607 2069 dixit
624 2039 793 2076 simpliciter,
812 2041 940 2076 Orantes,
954 2042 1004 2072 sed

205 2095 219 2109 ι
240 2085 459 2113 Perseverantes.
478 2096 491 2110 ››
513 2085 571 2113 Etsi
589 2085 665 2113 enim
682 2084 753 2113 nihil
770 2085 865 2114 statim
876 2086 1002 2123 accipias,

205 2136 356 2164 persevera,
372 2133 400 2158 et
418 2128 541 2165 perﬁcies
555 2129 633 2166 quod
645 2130 733 2166 cupis.

239 2218 332 2249 Vsus.
352 2221 393 2246 13.
415 2227 430 2245 ι(
445 2217 659 2247 Necessitatibus
673 2221 831 2247 sanctorum
845 2219 1002 2248 communi—
1014 2212 1039 2244 D

203 2267 306 2291 cantes.
326 2275 338 2288 ιι
363 2264 419 2300 92
435 2263 504 2292 Cum
527 2262 554 2291 in
568 2262 755 2300 superioribus
775 2263 891 2299 diceret,
915 2276 929 2290 α
951 2265 1004 2300 Qui

204 2308 348 2336 miseretur
366 2308 394 2338 in
416 2307 563 2342 hilaritate,
585 2319 599 2333 ι
614 2308 745 2337 omnibus
760 2309 922 2346 simpliciter
943 2317 1002 2338 ma-

203 2360 272 2381 num
292 2353 415 2388 aperuit;
439 2352 484 2381 hic
508 2361 573 2382 vero
604 2353 640 2382 de
662 2353 837 2390 eleemosyna
859 2354 888 2383 in
908 2354 1003 2383 ﬁdeles

203 2396 367 2426 conferenda
392 2397 539 2434 loquitur:
563 2398 614 2427 hos
635 2398 710 2427 enim
733 2402 842 2427 sanctos
863 2398 1001 2428 nominat.

201 2443 258 2470 Nec
271 2441 356 2476 dixit,
373 2442 507 2472 Exhibete
526 2443 638 2472 illorum
651 2443 873 2479 necessitatibus,
895 2451 1002 2478 verum,

205 2498 218 2511 α
236 2487 457 2523 Communicate,
474 2499 488 2514 ιι
504 2487 696 2523 subindicans,
720 2489 795 2524 quod
810 2495 842 2516 ea
856 2495 901 2517 res
912 2488 948 2516 sit
960 2495 1003 2516 ve-

201 2531 251 2560 luti
264 2536 403 2562 mercatus
412 2537 440 2562 et
447 2541 597 2562 commune
606 2533 725 2562 lucrum.
738 2534 778 2561 Tu
788 2533 864 2561 enim
875 2531 1003 2568 pecunias

201 2577 314 2614 quidem
331 2578 449 2616 largiris,
463 2578 501 2607 illi
520 2586 585 2608 vero
605 2578 710 2608 celum
735 2578 783 2608 tibi
798 2576 929 2606 referunt.
947 2579 1002 2606 Nec

201 2622 278 2658 dixit,
291 2624 455 2660 Sumptibus
468 2627 497 2652 et
510 2623 588 2653 luxui
608 2627 780 2656 sanctorum,
797 2622 859 2658 sed,
874 2634 888 2648 ι
905 2623 1001 2651 Neces-

1063 253 1097 292 τῇ
1117 251 1291 291 κολυμϐήθρᾳ
1319 243 1493 289 γεννηθέντες.
1529 248 1633 279 Δίκαιοι
1657 243 1705 278 οὖν
1730 243 1762 277 ἃν
1790 246 1849 283 εἴητε

1064 297 1215 336 στίργοντες
1228 294 1250 313 ⁴⁴
1270 294 1318 331 τὴν
1338 294 1402 335 πρὸς
1417 293 1548 329 ἀλλήλους
1562 292 1664 334 φιλίαν,
1679 292 1734 324 Καὶ
1748 295 1765 328 ἠ
1785 292 1851 321 ἀδελ-

1064 335 1144 382 φότης
1162 339 1214 381 γὰρ
1241 341 1270 370 ἐκ
1290 341 1336 375 τῆς
1351 339 1439 380 φιλίας
1455 338 1648 379 γνωριμωτέρα
1672 337 1795 378 γίνεται,
1810 335 1849 366 καὶ

1063 388 1081 422 ἡ
1098 385 1173 426 φιλία
1193 385 1224 415 ἐκ
1237 386 1284 422 τῆς
1307 383 1481 425 ἄδελφότητος
1500 383 1602 424 γίνεται
1627 382 1653 401 ⁴²
1676 383 1723 413 καὶ
1746 393 1851 422 συγκρα-

1065 442 1159 462 τειται.

1109 486 1124 505 ε
1199 475 1267 514 τιμῇ
1283 472 1413 509 ἀλλήλους
1432 472 1641 513 προηγούμενοι.
1658 483 1673 501 ιι
1694 471 1790 511 Λέγει,
1803 471 1851 502 πιῗκ

1065 519 1098 549 ἂν
1110 514 1233 559 διαμείνῃ
1248 521 1266 555 ἡ
1281 517 1457 559 φιλαδελφία,
1469 517 1509 547 ὅτι
1523 518 1553 547 ἐκ
1564 519 1610 547 τοῦ
1625 521 1708 558 τιμᾷν
1722 514 1849 551 ἀλλήλους,

1065 565 1111 594 καὶ
1136 563 1295 605 προφθάνειν
1320 562 1408 603 ἕτερον
1423 561 1469 592 τὸν
1493 562 1592 602 ἕτερον.
1616 561 1706 592 Τοῦτο
1729 561 1779 601 γάρ
1804 561 1851 589 ἔστι

1063 609 1095 639 τὸ
1122 611 1313 650 προηγεῖσθαι,
1341 607 1371 637 τὸ
1395 606 1595 647 προλαμϐάνειν
1622 605 1756 642 ἀλλήλους
1778 605 1802 636 ἄν
1819 606 1851 644 τῷ

1064 654 1195 691 ἀλλήλους
1208 657 1298 694 τιμᾷν.

1108 712 1121 726 α
1195 699 1298 738 σπουδῇ
1313 696 1351 736 μὴ
1373 695 1491 736 ὀκνηροί.
1513 709 1525 722 ιι
1542 694 1658 731 Ἐπειδὴ
1674 694 1767 724 πολλοὶ
1781 697 1851 734 τιμζν

1065 743 1112 782 μὲν
1130 744 1236 774 δοκοῦσι
1252 743 1299 773 καὶ
1314 744 1422 783 ἀγαπᾷν
1436 741 1506 772 κατὰ
1523 740 1659 777 διάνοιαν,
1681 740 1729 769 οὔκ
1742 739 1851 780 ὀρέγουσι

1063 789 1092 819 δὲ
1106 792 1183 830 χεῖρα
1199 798 1205 805 '
1224 787 1320 829 φησὶν,
1338 786 1378 816 ὅτι
1393 786 1441 817 Δεῖ
1458 785 1505 816 καὶ
1527 783 1712 830 προΐστασθαι
1725 783 1850 821 ἀλλήλων,

1063 828 1110 863 καί
1120 828 1280 867 σπουδάζειν
1296 833 1331 866 ὡς
1351 832 1408 870 δεῖ,
1434 831 1458 850 ⁸³
1474 832 1510 864 εἷς
1525 830 1555 859 τὸ
1571 830 1619 859 καὶ
1645 830 1680 859 δι’
1693 828 1776 870 ἔργων
1795 830 1849 868 βοη-

1063 881 1127 909 θεῖν.

1105 937 1118 949 α
1134 923 1183 962 Τῷ
1196 920 1335 960 Πνεύματι
1354 921 1462 956 ζέοντες.
1478 934 1490 947 ι
1505 919 1617 960 Ὥσπερ
1642 917 1712 953 τινὸς
1735 917 1848 962 εἷπόχτος

1063 967 1117 998 Καὶ
1131 959 1187 1001 πέίς
1205 966 1237 997 ἃν
1250 959 1391 1006 γενοίμεθα
1410 967 1442 1002 ri
1458 966 1561 1005 σπουδῇ
1581 959 1621 1004 μὴ
1637 963 1746 1003 ὀκνηροί
1743 975 1764 1006 _;
1778 959 1849 993 εἶπεν·

1065 1012 1131 1043 Ἐὰν
1146 1013 1185 1052 τῷ
1198 1002 1340 1050 Πνεύματι
1354 1010 1454 1050 ζίωμεν
1465 1020 1473 1027 ·
1486 1002 1623 1040 reor-issu!
1635 1033 1643 1048 ,
1662 1008 1729 1039 Ἐὰν
1740 1002 1808 1046 ὦμεν
1820 1008 1851 1037 δι·

1062 1051 1233 1097 εγηγερμένοι
1249 1055 1295 1086 καὶ
1310 1055 1420 1095 θερμοί.
1437 1056 1512 1095 Ὅρα
1531 1055 1558 1084 δὲ
1576 1053 1623 1084 καὶ
1642 1056 1738 1090 τοῦτο,
1755 1051 1849 1097 ὄπι-ρςη

1202 1100 1289 1131 πολλὰ
1317 1092 1400 1130 εἰπεῖν
1425 1092 1586 1139 τῆς-ἀρετῆς
1609 1098 1683 1136 εἴδη,
1698 1097 1757 1128 τότε
1780 1092 1848 1126 εἶπ’

1066 1157 1080 1176 ιι
1103 1147 1153 1187 Τῷ
1171 1145 1310 1184 Πνεύματι
1338 1144 1449 1180 ζέοντες.
1463 1155 1478 1174 ν
1505 1144 1545 1175 ⁸0
1559 1144 1611 1184 γὰρ
1634 1143 1668 1173 τὰ
1683 1141 1850 1187 προειρημένα

1060 1185 1249 1230 κατορθώσας,
1267 1192 1363 1223 ἐκεῖνος
1387 1191 1535 1220 ἐπισπᾶται
1558 1189 1605 1219 καὶ
1623 1188 1676 1225 τὴν
1702 1190 1747 1218 τοῦ
1775 1185 1850 1218 Πνεύα

1062 1247 1145 1274 ματος
1159 1236 1253 1276 χάριν,
1266 1234 1312 1265 καὶ
1326 1234 1492 1275 πυρούμενος
1506 1234 1558 1264 ὑπὸ
1572 1233 1668 1264 τούτου
1681 1232 1744 1268 ζέει.

1101 1294 1112 1307 ε
1125 1271 1179 1321 Τῷ·
1300 1271 1474 1313 δουλεύοντες.
1485 1293 1496 1306 ι
1511 1279 1599 1310 Ὅταν
1613 1278 1771 1319 φιλάδελφος
1782 1271 1807 1306 εἶ
1819 1275 1849 1312 ⁸³,

1061 1324 1124 1355 ὅταν
1144 1325 1193 1361 τὴν
1208 1325 1316 1365 ἀγάπην
1341 1324 1420 1365 ἔχῃς,
1435 1324 1482 1353 καὶ
1499 1323 1532 1353 τὰ
1553 1323 1623 1353 ἄλλα
1647 1323 1665 1353 a
1689 1321 1848 1363 προείρηται,

1061 1369 1121 1400 τότε
1144 1369 1275 1402 δουλιύεις
1297 1369 1322 1387 ⁸⁸
1336 1371 1375 1410 τῷ
1391 1369 1492 1411 Κυρίῳ.
1511 1370 1558 1402 Εἰς
1581 1369 1678 1399 ἑαυτὸν
1699 1367 1749 1408 γὰρ
1763 1365 1849 1396 ἀναδέ-

1062 1425 1156 1454 χεται,
1177 1414 1227 1444 ὅσα
1241 1418 1325 1448 ποιεῖς
1341 1415 1380 1454 τῷ
1397 1415 1514 1454 ἀδελφῷ.

1106 1510 1121 1530 ιι
1136 1499 1181 1540 Τῇ
1197 1500 1284 1530 ἐλπίδι
1297 1499 1443 1541 χαίροντες.
1456 1510 1471 1529 n
1494 1499 1607 1536 Ἐπειδὴ
1622 1498 1729 1539 μεγάλα
1742 1497 1798 1528 τινὰ
1810 1498 1849 1527 καὶ

1062 1546 1266 1585 δυσκατορθωτα
1282 1545 1405 1586 ἄπῄτησε
1415 1566 1424 1582 ,
1449 1544 1521 1585 λέγει
1543 1546 1606 1582 νῦν,
1631 1544 1678 1574 καὶ
1693 1546 1750 1578 πῶς
1764 1542 1850 1585 ῥαδίως

1059 1590 1294 1630 κατόρθωθήσεται
1324 1601 1331 1608 ·
1357 1590 1402 1620 ἐὰν
1478 1589 1566 1619 ἐλπίδι
1594 1588 1791 1629 συνεργώμεθα.
1819 1587 1849 1617 Ἦ

1059 1634 1111 1675 γὰρ
1139 1634 1215 1668 ἐλπὶς
1239 1634 1423 1676 ἄνδρειοτέραν
1450 1634 1589 1674 ἰργάζεται
1613 1633 1664 1670 τὴν
1685 1632 1790 1676 ψυχὴν,
1809 1631 1849 1662 καὶ

1059 1679 1124 1719 πρὸς
1134 1679 1269 1714 κινδύνους
1284 1678 1513 1721 θαῤῥαλεωτέραν.

1102 1737 1115 1751 ‹
1134 1726 1178 1763 Τῇ
1193 1723 1279 1765 θλίψει
1302 1724 1491 1763 ὓπομίνσντες.
1507 1734 1521 1753 ))
1543 1723 1658 1760 Ἐπειδὴ
1677 1725 1694 1760 ἡ
1710 1722 1782 1756 ἐλπὶς
1802 1722 1848 1751 τῶν

1058 1768 1208 1808 μελλόντων
1223 1769 1279 1800 ἐστὶ
1291 1791 1300 1808 ,
1316 1769 1412 1809 φησὶν,
1433 1768 1474 1798 ὅτι
1494 1768 1549 1799 Καὶ
1563 1770 1589 1798 ἐν
1669 1767 1778 1808 παρόντι
1794 1778 1847 1796 και-

1060 1815 1096 1854 ρῷ
1122 1814 1193 1853 μέγα
1218 1813 1349 1854 καρπώσῃ
1377 1813 1472 1850 καλὸν,
1502 1813 1532 1843 τὸ
1555 1813 1602 1843 καὶ
1633 1812 1787 1853 καρτερικὸς
1807 1810 1848 1841 καὶ

1057 1859 1164 1898 δόκιμος
1189 1859 1213 1877 ⁴⁷
1252 1858 1371 1899 γίνεσθαι
1398 1857 1452 1888 ἀπὸ
1479 1860 1526 1895 τῆς
1552 1859 1580 1888 ἕν
1607 1858 1728 1900 θλίψεων
1753 1858 1846 1895 ὑπομο-

1058 1915 1116 1940 νης.

1100 1961 1112 1975 α
1126 1949 1170 1988 Τῇ
1192 1950 1328 1989 προσευχῇ
1346 1948 1370 1966 *³
1385 1950 1660 1988 προσκαρτεροῦντες.
1675 1959 1690 1977 ι
1711 1946 1786 1985 Μέγα
1799 1944 1844 1985 γὰρ

1057 1994 1135 2023 τοῦτο
1157 1993 1281 2033 βοήθημα
1304 1993 1369 2034 πρὸς
1392 1992 1423 2022 τὸ
1444 1995 1588 2033 κατορθῶν
1617 1990 1844 2034 τὰηπροειρημένα

1057 2037 1162 2074 πάντα,
1176 2040 1193 2074 ἡ
1217 2037 1368 2078 προσευχὴ,
1391 2037 1471 2078 φημί.
1499 2037 1555 2068 Καὶ
1578 2038 1626 2068 οὐκ
1648 2033 1721 2068 εἶπεν
1745 2035 1843 2071 ἁπλῶς,

1058 2083 1284 2123 Προσευχόμενοι,
1299 2081 1381 2120 ἀλλὰ,
1398 2096 1410 2109 αι
1424 2084 1690 2123 Πρω-καρτεροῦντες
1701 2094 1708 2101 ·
1723 2096 1733 2109 ι
1744 2081 1791 2111 κᾶν
1800 2079 1843 2119 γὰρ

1057 2126 1139 2166 μηδὲν
1163 2127 1303 2168 λαμϐάνῃς
1326 2129 1356 2158 ἐκ
1371 2130 1418 2157 τοῦ
1435 2129 1624 2168 παραχρῆμα,
1645 2125 1843 2169 προσκαρτέρει,

1056 2171 1102 2201 καὶ
1119 2172 1221 2206 ἀνύσεις
1237 2172 1250 2202 δ
1270 2171 1369 2212 βούλει.

1098 2229 1109 2244 ι
1129 2218 1196 2250 Ταῖς
1220 2217 1322 2258 χρείαις
1345 2218 1398 2247 τῶν
1423 2216 1507 2257 ἁγίων
1531 2219 1726 2250 κοινωνοῦντες.
1749 2227 1763 2244 ι)
1781 2213 1843 2244 Ἅνω

1058 2259 1106 2299 μὲν
1119 2261 1214 2298 εἰπὼν,
1228 2275 1240 2287 ι
1255 2261 1290 2292 Ὁ
1306 2263 1386 2292 ἐλεῶν
1414 2263 1440 2291 ἔν
1458 2261 1612 2303 ἱλαρότητι,
1626 2274 1641 2291 ι
1663 2267 1743 2292 πᾶσιν
1762 2259 1843 2290 dum

1057 2305 1106 2342 τὴν
1126 2310 1204 2347 χεῖρα
1219 2306 1317 2347 ἠνίῳξε
1340 2306 1374 2324 ⁸⁸·
1399 2309 1445 2336 νῦν
1459 2306 1486 2336 δὲ
1508 2306 1571 2348 περὶ
1594 2309 1642 2344 τῆς
1662 2309 1698 2340 εἰς
1723 2304 1780 2339 τοὺς
1803 2314 1842 2333 πι-

1058 2350 1134 2385 στοὺς
1161 2351 1337 2392 ἐλεημοσύξης
1360 2350 1432 2390 λέγει
1451 2362 1458 2371 ο
1482 2352 1588 2386 τούτους
1611 2351 1664 2392 γὰρ
1690 2351 1775 2391 ἁγίους
1797 2359 1841 2378 κα-

1056 2395 1106 2424 λεῖ.
1135 2395 1190 2426 Καὶ
1218 2396 1266 2426 οὐκ
1288 2389 1363 2433 εἷπε,
1387 2389 1527 2436 Παρέχετε
1547 2400 1605 2431 ταῖς
1616 2389 1726 2437 ’χρείαις
1746 2395 1841 2437 αὖτῦνμ

1057 2439 1141 2475 ἀλλὰ,
1160 2451 1176 2470 α
1189 2441 1345 2471 κοινωνεῖτε
1362 2449 1370 2456 '
1385 2453 1401 2469 ι
1418 2435 1558 2476 δεικνύων,
1575 2440 1613 2470 ὅτι
1624 2435 1738 2481 ἔμπορία
1753 2437 1806 2469 (uti
1816 2435 1842 2466 τὸ

1056 2489 1187 2524 πρᾶγμα⁹
1203 2484 1249 2515 καὶ
1262 2485 1347 2515 κοινὸν
1369 2484 1400 2515 τὸ
1415 2485 1518 2526 κέρδος.
1539 2485 1578 2517 Σὺ
1599 2486 1647 2524 μὲν
1659 2486 1710 2526 γὰρ
1723 2483 1840 2526 χρήμαιᾳ

1056 2529 1151 2571 δίδως,
1177 2530 1274 2559 ἐκεῖνοι
1289 2529 1318 2559 δὲ
1336 2529 1362 2548 ²⁰
1380 2525 1579 2570 ἀντεισφίρουσι
1593 2531 1639 2560 τὸν
1659 2529 1775 2571 οὐρανόν.
1791 2525 1839 2558 Καὶ

1055 2575 1103 2604 οὐκ
1119 2569 1176 2604 εἶπε
1186 2596 1195 2611 ,
1210 2575 1276 2609 Ταῖς
1290 2569 1482 2608 πολυτελείαις
1492 2569 1546 2605 τῶν
1561 2575 1656 2616 ἁγίων,
1673 2569 1749 2612 ἀλλὰ,
1761 2587 1773 2600 ι
1783 2572 1841 2616 Ταῖς

1055 2618 1157 2660 χρείαις
1167 2641 1176 2658 ,
1189 2632 1200 2646 ι
1215 2617 1260 2649 ἵνα
1275 2619 1434 2660 δυοιινπήσῃ.
1451 2620 1516 2654 Πῶς
1531 2615 1647 2661 γὰρούκ
1665 2619 1786 2659 ἀνήμεροι
1800 2615 1841 2645 καὶ

907 2690 1001 2720 Variae
1023 2690 1176 2721 lectiones.

237 2756 257 2774 “
277 2757 387 2792 στέργειν
402 2765 428 2785 o.
467 2756 489 2774 ¹¹
507 2756 637 2790 στέργεται
651 2762 678 2782 o.
718 2754 740 2772 ⁸³
758 2754 792 2791 μὴ
811 2754 944 2786 ὀκνοῦντας
959 2763 985 2783 ο.
1026 2754 1047 2772 ¹⁸
1060 2755 1098 2782 ὅτι
1113 2764 1139 2784 ο.
1180 2755 1201 2773 ¹⁵
1214 2756 1251 2784 'la.
1267 2754 1296 2793 ᾖς
1306 2764 1333 2785 ο.
1373 2755 1395 2774 ¹⁶
1402 2756 1543 2788 δουλεύσεις
1554 2764 1583 2786 o.
1622 2757 1644 2776 ι’
1659 2753 1792 2792 καρτερικὸν
1805 2750 1840 2777 ul

201 2798 321 2832 φρόνιμον
336 2805 363 2826 o.
402 2797 425 2816 "
439 2798 480 2832 Τῇ
491 2797 628 2831 προσευχῇ,
643 2795 703 2830 φησὶ
716 2803 742 2824 ο,
784 2795 807 2812 ¹⁹
822 2795 897 2831 ὤρεξε
910 2803 936 2824 o.
974 2795 997 2812 ὀ
1011 2796 1102 2822 ὶκεῖνοι
1115 2796 1141 2822 δέ
1155 2805 1195 2822 σοι
1209 2804 1248 2825 m.
