1901 3077
66 145 121 172 509

535 145 710 174 EXPOSlTIO
730 145 762 174 [Ν
782 146 886 174 EPIST.
905 146 950 174 AD
970 145 1052 174 ROM.
1070 161 1104 166 --
1123 146 1197 174 CAP.
1217 147 1273 174 ΧΠ.

1668 149 1719 176 510

66 206 224 247 θηριώδεις,
239 209 264 238 οἱ
283 207 351 245 μηδὶ
374 208 400 237 ἰν
414 212 468 242 τοῖς
491 207 630 249 χρειώδεσι
646 207 691 238 χαὶ
715 207 866 248 ἀναγκαίοις
882 210 906 243 Λ

958 208 1057 242 atibus,
1075 219 1088 233 η
1105 212 1136 237 ut
1147 213 1242 238 exoret
1255 216 1312 238 eos.
1335 209 1482 246 Quomodo
1506 210 1580 239 enim
1602 209 1646 239 isti
1660 217 1718 239 non

67 253 228 292 βοηθῶντες
239 256 292 286 τοῖς
308 252 407 292 ἁγίοις,

115 397 129 414 ιι
142 386 201 422 Τὴν
212 385 357 427 φιλοξενίαν
372 386 520 421 διώκοντες,
534 399 548 415 ι
563 387 622 417 Οὔκ
633 381 691 417 εἶπε
702 410 710 426 ,
724 386 782 423 Τὴν
795 387 866 428 φιλο-

66 430 155 465 ξενίαν
180 430 313 469 μετιόντες
325 454 332 468 ,
360 431 430 461 ἀλλὰ
440 455 450 471 ,
481 444 495 461 ιι
509 431 656 466 Διώιιοντες
669 441 676 449 '
692 443 708 461 ο
734 431 866 462 παιδεύων

66 477 141 513 ἡμᾶς
158 475 197 514 μὴ
213 476 352 516 ἀναμένειν
377 476 434 510 τοὺς
459 476 595 515 δεομένους
619 477 684 507 πότε
708 477 772 517 πρὸς
796 479 868 516 ἡμᾶς

67 520 198 558 ἔλθωσιν,
222 521 292 551 ἀλλὰ
323 521 470 562 ἐπιτρέχειν
501 524 588 561 ἡμᾶς,
616 522 663 552 καὶ
691 521 866 553 καταδιώκειν

68 565 166 600 αὐτοὺς
176 588 184 604 ,
203 567 239 600 ὡς
257 568 271 596 δ
286 566 423 606 Ἀϐραὰμ,
438 568 474 602 ὡς
488 568 503 596 ὃ
519 566 594 597 Λώτ.

116 621 130 639 ιι
146 611 289 650 Εὖλογεῑτε
308 610 370 646 τοὺς
384 611 528 645 διώκοντας
549 613 619 650 ὑμᾶς
632 620 639 628 ·
657 612 804 652 εὐλογεῖτε,
820 611 867 642 χαὶ

68 655 108 693 μὴ
132 657 298 696 καταρᾶσθε.
318 667 334 685 ο
360 656 437 686 Μετὰ
450 656 480 687 τὸ
495 656 599 691 διδάξαι
614 657 675 698 περὶ
696 657 868 699 φιλαδελφίας

67 700 115 730 καὶ
129 703 178 737 1-4";
192 700 257 741 πρὸς
271 700 330 735 τοὺς
350 701 458 736 οἰκείους
483 701 608 741 ἀγάπης,
630 701 721 731 λοιπὸν
743 702 788 731 καὶ
803 701 867 742 πρὸς

67 744 129 786 τοὺς
143 745 260 786 ξέχθροὺς
278 745 348 780 ὅπως
369 746 581 785 διαχεισώμεθα,
599 747 781 777 διατάττεται.
808 747 867 777 Οὐκ

68 785 146 829 εἷπε,
164 791 211 827 Μὴ
224 795 425 830 μνησααχεὶτε,
439 791 506 830 μηδὲ
519 791 666 830 ἀμύνεσθε,
678 791 736 822 ἀλλ’
751 791 766 821 Β
776 792 867 832 πολλῷ

68 836 177 873 μεῖζον,
193 846 208 863 ι)
229 836 380 874 Εὖλογιῖτε.
400 847 415 865 α
436 836 593 877 Προσίθηκε
609 836 636 866 δὲ
653 836 698 866 καὶ
714 836 760 873 τὸ,
791 847 805 864 ιι
818 837 865 873 Μὴ

919 253 1040 282 immites
1053 257 1081 281 et
1092 253 1171 290 plane
1180 253 1279 282 belluis
1290 253 1399 289 similes,
1413 254 1458 290 qui
1472 254 1584 288 sanctis,
1598 255 1626 283 in
1639 255 1720 284 rebus

920 297 957 326 ad
970 305 1051 327 usum
1065 301 1093 327 et
1114 298 1308 327 necessitatem
1334 297 1529 335 spectantibus,
1545 307 1603 327 non
1625 300 1720 336 opitu-

920 343 1034 374 lantur?

959 403 972 415 ι
987 390 1211 427 Hospitalitatem
1224 392 1369 417 sectantes.
1392 400 1404 413 ι
1418 389 1481 416 Non
1496 387 1575 423 dixit,
1590 389 1720 425 Hospita-

921 436 1029 465 litatem
1051 434 1253 473 aggredientes,
1274 432 1323 462 sed
1350 444 1363 458 ιι
1379 434 1518 462 Sectantes
1535 442 1540 460 :
1567 444 1579 458 ι
1593 433 1719 462 erudiens

923 489 985 516 nos,
997 488 1032 509 ne
1046 483 1235 516 exspectemus
1248 478 1381 515 tantisper
1391 477 1457 506 dum
1469 477 1506 506 ad
1518 485 1569 507 nos
1583 478 1677 507 miseri
1691 483 1719 506 et

921 526 999 562 egeni
1013 523 1185 558 accesserint,
1198 531 1295 552 verum
1308 527 1339 551 ut
1360 530 1538 552 accurramus
1552 530 1604 551 nos
1626 521 1661 551 ad
1680 523 1721 559 ip-

921 579 979 605 sos,
995 570 1226 608 insequamurque
1247 576 1303 600 eos,
1315 571 1345 597 ut
1360 567 1499 597 Abraham
1513 571 1539 595 et
1552 568 1614 596 Lot.

957 617 1048 643 Vsus.
1070 617 1110 642 14.
1127 625 1141 638 ε
1156 611 1315 641 Benedicite
1335 612 1564 649 persequentibus
1579 620 1629 641 vos
1645 622 1650 641 :
1668 612 1716 641 be-

921 659 1051 696 nedicite,
1076 663 1104 688 et
1120 658 1204 687 nolite
1224 656 1394 686 maledicere.
1412 667 1426 682 »
1449 657 1520 685 Cum
1539 656 1573 685 de
1599 657 1720 686 fraterna

921 705 1051 733 charitate
1065 712 1098 733 ac
1106 703 1254 732 dilectione
1261 710 1324 739 erga
1330 702 1435 730 amicos
1443 706 1577 738 praecepta
1586 701 1720 738 dedisset,

922 749 1048 786 deinceps
1071 748 1181 777 instruit
1203 747 1341 783 qualinam
1363 747 1466 775 affectu
1480 755 1543 783 erga
1558 746 1652 775 hostes
1666 747 1718 776 im-

922 795 981 823 buti
1004 802 1063 823 esse
1088 793 1250 822 debeamus.
1277 793 1335 821 Nec
1359 791 1437 826 dixit,
1466 793 1507 820 Ne
1532 792 1666 821 revocetis
1685 792 1719 821 ad

922 839 1087 868 memoriam
1105 842 1225 867 veterem
1243 837 1382 873 iniuriam,
1403 845 1455 865 nec
1469 845 1517 865 vos
1529 837 1700 866 ulciscamini
1712 859 1719 873 ,

67 882 223 927 παταρᾶσθε
236 892 243 899 ·
257 879 335 927 »ἵνα
353 879 390 918 μὴ
412 881 458 927 καὶ
472 885 548 927 τοῦτο
564 881 609 927 καὶ
630 881 713 911 ἐκεῖνο
733 882 863 927 ποιῶμεν.
879 895 903 927 Β

958 883 971 913 :l
985 883 1061 920 quod
1078 883 1168 912 multo
1189 882 1279 919 majus
1290 885 1342 927 est,
1357 894 1369 906 ι
1391 881 1559 910 Benedicite.
1577 881 1720 927 nrAddidit

68 923 105 954 ’0
120 923 170 963 μὲν
186 924 238 965 γὰρ
261 926 375 965 εὐλογῶν
396 925 455 959 τοὺς
478 925 544 967 ὑπὲρ
568 926 687 965 Χριστοῦ
707 926 784 956 αὐτὸν
800 925 866 955 διώ-

68 980 165 1004 κοντας
193 969 338 1006 δείκνυσιν,
372 969 412 1000 ὅτι
437 969 526 1011 χαίρει
544 971 611 1011 ὑπὲρ
633 973 680 1000 τοῦ
708 970 868 1012 φιλουμένου

69 1013 184 1054 πάσχων
200 1026 206 1033 ·
220 1016 234 1043 ὃ
250 1015 277 1043 δὲ
292 1014 478 1055 καταρώμενος
494 1015 639 1052 δείκνυσιν,
656 1015 700 1056 ἔτι
720 1016 750 1045 οὖ
769 1015 868 1056 χαίρει·

68 1059 100 1087 ἐκ
114 1058 210 1090 τούτου
225 1059 266 1097 δὲ,
281 1059 321 1088 ὅτι
334 1060 393 1090 οὐδὲ
407 1060 479 1101 φιλεῖ
492 1060 536 1089 τὸν
556 1059 622 1100 ὑπὲρ
641 1055 672 1089 οὗ
690 1055 825 1089 διώχεταιζ

114 1204 130 1221 ε
162 1193 273 1232 Χαίρειν
304 1194 372 1232 μετὰ
405 1193 568 1235 χαιρόντων,
595 1194 640 1224 καὶ
669 1195 772 1225 κλαίειν
799 1196 868 1235 μετᾶ

70 1237 227 1268 κλαιόντων.
242 1252 253 1263 ι·
270 1238 397 1278 Μεγάλης
412 1239 498 1269 δεῖται
518 1241 605 1280 ψυχῆς
633 1239 663 1269 τὸ
684 1240 713 1269 οὖ
735 1240 814 1279 μόνον
829 1240 867 1279 μὴ

69 1286 188 1323 φθονεῖν,
205 1283 274 1313 ἀλλὰ
293 1283 339 1313 καὶ
358 1284 510 1324 συγχαίρειν
532 1286 569 1324 τῷ
588 1284 719 1325 χαίροντι.
744 1285 868 1316 Δείιινυσι

69 1329 122 1368 γὰρ
147 1331 225 1358 τοῦτο
239 1327 261 1345 ²⁴
290 1329 319 1358 ἐκ
341 1328 506 1368 περιουσίας,
526 1329 619 1370 φθόνου
646 1329 743 1364 παντὸς
768 1329 868 1366 ταύτην

68 1373 209 1412 ἐλευθέραν
228 1383 233 1388 “
249 1372 295 1402 καὶ
310 1373 399 1411 μεῖζόν
417 1375 473 1403 ἐστι
492 1376 537 1403 τοῦ
556 1373 658 1404 κλαίειν
677 1374 745 1412 μετὰ
760 1375 867 1405 κλαιόν-

69 1429 133 1449 των.
160 1417 201 1448 Τὸ
215 1417 266 1457 γὰρ
282 1418 383 1447 κλαίειν
409 1417 455 1448 καὶ
475 1420 492 1455 ἡ
513 1418 588 1459 φύσις
607 1418 674 1456 αὐτὴ
694 1419 848 1456 ὑποτίθησιν
860 1443 868 1458 ,

921 933 1025 964 autem,
1052 940 1065 953 ι
1081 929 1117 956 Et
1130 927 1215 956 nolite
1236 926 1410 960 maledicere,
1433 936 1446 953 ι)
1474 930 1505 954 ut
1521 934 1578 955 non
1595 926 1657 961 hoc,
1671 927 1719 956 sed

921 973 986 1002 illud
998 973 1141 1003 faciamus.
1157 972 1209 1009 Qui
1221 972 1296 1000 enim
1311 971 1447 1000 benedicit
1461 971 1492 999 iis
1503 971 1548 1007 qui
1569 970 1606 999 ob
1618 971 1719 1000 Christi

920 1026 1026 1048 nomen
1039 1022 1243 1055 persequuntur
1253 1017 1354 1054 ipsum,
1367 1016 1469 1045 indicat
1478 1016 1562 1045 laetari
1575 1024 1635 1045 sese
1647 1016 1720 1052 quod

921 1063 1012 1092 dilecti
1026 1071 1108 1092 causa
1122 1062 1242 1099 patiatur
1259 1070 1266 1090 :
1278 1062 1324 1098 qui
1340 1069 1404 1089 vero
1417 1065 1584 1095 exsecratur,
1603 1061 1722 1089 ostendit

921 1116 980 1137 sese
997 1116 1053 1137 non
1073 1107 1171 1142 laetari,
1185 1111 1214 1135 et
1226 1115 1259 1136 ex
1275 1106 1328 1134 hoc
1339 1105 1414 1142 quod
1429 1113 1516 1143 neque
1539 1114 1601 1134 eum
1622 1105 1719 1142 diligit,

921 1154 999 1190 cuius
1010 1161 1093 1182 causa
1108 1152 1325 1190 persecutionem
1337 1151 1464 1180 sustinet.

957 1200 1048 1228 Vsus.
1066 1201 1108 1227 15.
1126 1209 1138 1223 α
1153 1197 1276 1226 Gaudete
1291 1204 1357 1224 cum
1375 1196 1564 1233 gaudentibus,
1580 1196 1644 1225 ﬂete
1655 1204 1719 1225 cum

922 1243 1060 1272 ﬂentibus.
1079 1254 1092 1268 ι
1108 1244 1243 1279 Magnum
1264 1241 1378 1278 requirit
1400 1242 1535 1275 animum,
1556 1249 1614 1269 non
1629 1241 1719 1269 solum

921 1296 978 1317 non
999 1287 1131 1321 invidere,
1155 1287 1204 1316 sed
1221 1286 1395 1323 congaudere
1409 1286 1490 1314 etiam
1509 1285 1649 1322 gaudenti.
1674 1287 1719 1314 ln-

921 1333 994 1362 dicat
1015 1333 1091 1361 enim
1118 1332 1170 1360 hoc
1189 1332 1310 1360 animam
1335 1339 1448 1367 prorsus
1463 1330 1498 1358 ab
1521 1331 1598 1359 omni
1618 1330 1720 1359 invidia

921 1377 1047 1412 liberam,
1062 1381 1090 1405 et
1108 1376 1198 1413 majus
1216 1380 1259 1405 est
1282 1383 1367 1413 quam
1393 1376 1458 1404 ﬂere
1483 1383 1546 1403 cum
1570 1375 1718 1404 ﬂentibus:

921 1422 1058 1459 siquidem
1078 1422 1174 1450 ﬂetum
1193 1425 1292 1450 natura
1316 1421 1373 1457 ipsa
1395 1420 1560 1457 suppeditat,
1577 1419 1612 1449 ad
1646 1427 1721 1449 com-

69 1463 106 1497 εἷς
125 1463 297 1510 »συμπάθειαν
323 1462 449 1510 ἕλκουσα.
492 1462 638 1510 Ἄηότερα
674 1464 760 1510 τοίνυν
794 1466 867 1503 ἡμᾶς
881 1478 903 1510 C

958 1467 1078 1495 ssionem
1084 1466 1208 1495 trahens.
1218 1467 1345 1503 Utraque
1357 1473 1422 1502 ergo
1433 1473 1484 1494 nos
1498 1465 1589 1498 docet,
1603 1469 1631 1494 et
1643 1472 1719 1494 com-

71 1507 211 1546 παιδεύει,
226 1507 272 1536 χαὶ
287 1507 530 1546 συμπάθειαν,-χαὶ
545 1507 655 1548 ἄφθονον
670 1508 786 1539 διάθεσιν
802 1510 868 1550 πρὸς

70 1555 190 1589 πάντας,
203 1551 250 1581 καὶ
262 1551 327 1592 πρὸς
342 1552 436 1586 αὐτοὺς
450 1551 509 1587 τοὺς
522 1553 674 1588 διώκοντας.

115 1607 130 1625 ιι
144 1597 185 1627 Τὸ
197 1597 263 1627 αὐτὸ
277 1598 314 1631 εἰς
337 1597 467 1632 ἀλλήλους
487 1600 651 1638 φρονοῦντες.
670 1609 684 1627 η
704 1598 792 1628 Πάλιν
807 1599 867 1640 περὶ

70 1641 313 1682 ταπεινοφροσύνης
330 1641 478 1682 διαλέγεται
497 1653 502 1659 ”
527 1642 595 1676 εἰκὸς
617 1642 669 1683 γὰρ
694 1642 735 1673 δτι
759 1644 866 1685 ἐπεχω-

71 1686 145 1726 ρίαζε
209 1685 299 1723 πόλει,
320 1688 356 1720 ὡς
377 1687 512 1727 βασιλίδι,
527 1687 557 1717 τὸ
577 1687 682 1726 νόσημα
709 1689 755 1724 ἧς
770 1689 868 1724 ἀλαζο-

70 1730 155 1765 νείας.
170 1730 208 1761 ⁸0
223 1730 251 1761 δὲ
267 1730 353 1770 λέγει,
372 1731 487 1762 τοιοῦτόν
503 1733 559 1762 lem
572 1743 579 1750 ·
596 1732 690 1772 Μέγαν
703 1733 814 1762 σεαυτὸν
830 1729 866 1763 εἶ-

69 1787 115 1805 ναι
128 1775 242 1814 νομίζεις
257 1785 266 1793 ⁹
288 1775 380 1806 οὖιιοῦν
402 1776 447 1806 καὶ
472 1776 518 1806 τὸν
542 1777 654 1817 ἀδελφὸν
679 1779 795 1807 τοιοῦτον
819 1778 866 1808 νό-

71 1821 142 1859 μιζε.
175 1820 307 1851 Ταπεινὸν
342 1820 388 1850 καὶ
428 1820 521 1861 μικρὸν
561 1822 660 1852 ἐκεῖνον
690 1821 846 1857 ὕποπτεύεις
859 1831 867 1840 ³

70 1867 164 1895 οὐκοῦν
180 1865 226 1895 καὶ
241 1865 302 1906 περὶ
319 1867 431 1895 σεαυτοῦ
452 1866 482 1896 τὸ
497 1865 562 1895 αὐτὸ
573 1866 702 1906 ψηφίζου,
717 1866 762 1896 καὶ
777 1871 868 1897 πᾶσαν

71 1910 228 1948 ἀνωμαλίαν
245 1910 313 1939 οὕτω
337 1912 506 1944 καταστελεῖς
520 1910 592 1952 ,μιιαὶ
613 1912 642 1941 οὗ
669 1910 782 1952 βδελύξῃ
801 1912 869 1942 ἐκεῖ·

71 1965 130 1992 νον,
147 1956 183 2030 «ἒς
204 1953 360 1996 ὑπερέχων,
386 1956 446 1985 ἀλλ’
474 1956 510 1990 ὥς
528 1950 590 1986 ἶσον
614 1950 735 1995 τιμήσεις
761 1950 796 1991 ὥς
822 1957 868 1987 καὶ

71 2011 154 2028 nam
168 2011 194 2030 ν.

71 2011 194 2030 σεαυτον.

114 2102 127 2116 ι
146 2088 193 2124 Μὴ
208 2088 242 2118 τὰ
263 2088 353 2130 ὑψηλὰ
373 2091 542 2131 φρονοῦντες,
564 2090 633 2120 ἀλλὰ
657 2095 710 2126 τοῖς
736 2091 867 2126 ταπεινοῖς

70 2133 295 2173 συναπαγόμενοι.
318 2148 330 2161 ι
347 2135 412 2168 Πῶς
437 2135 467 2164 ἂν
490 2135 667 2175 χατορθωθείη
688 2136 719 2166 τὸ
742 2147 866 2176 προειρη-

71 2177 151 2216 μένον
161 2200 170 2216 ,
185 2177 303 2216 μάνθανε
313 2191 320 2197 ·
337 2178 403 2210 Ἐὰν
417 2179 455 2219 μὴ
470 2179 504 2209 τὰ
516 2180 607 2221 ὑψηλᾶ
625 2182 762 2221 φρονῶμεν
776 2203 784 2218 ,
799 2180 867 2212 ἀλλὰ

71 2227 124 2258 τοῖς
138 2225 287 2261 ταπεινοῖς,
302 2224 438 2262 τουτέστι,
451 2225 504 2259 τοῖς
527 2225 662 2264 εὐτελέσι,
677 2229 731 2260 τοῖς
751 2226 866 2256 εὐκατα-

70 2267 208 2308 φρονήτοις
230 2269 464 2309 συναπαγώμεθα,
488 2269 620 2306 τουτέστι,
644 2270 867 2311 συγκαταϐαίνω-

70 2325 119 2352 μεν
129 2336 138 2353 ,
155 2313 425 2354 συμπεριφερώμεθα.

114 2368 130 2387 α
155 2358 204 2393 Μὴ
225 2358 327 2397 γίνεσθε
341 2358 545 2399 φρόνιμοιπαρ¹
563 2360 702 2393 ἑαυτοῖς.»
723 2359 869 2399 Τουτέστι,

71 2401 121 2438 Μὴ
138 2402 256 2442 νομίζετε
281 2403 372 2442 ἀρκεῖν
397 2403 471 2433 αὐτοὶ
494 2405 613 2440 ἑαυτοῖς,
639 2404 684 2434 καὶ
705 2403 743 2443 μὴ
769 2405 868 2434 δεῖσθαι

70 2447 161 2487 ἕτερου
175 2449 222 2477 τοῦ
239 2446 482 2486 συμϐουλεύοντος,
502 2446 520 2484 ἢ
536 2449 566 2478 τὸ
586 2448 644 2479 δίον
659 2448 867 2487 ὕποθησομένου.

70 2491 127 2523 Καὶ
152 2491 205 2532 γὰρ
220 2491 266 2522 καὶ
289 2494 392 2529 Μωσῆς
414 2494 454 2534 τῷ
477 2494 541 2534 Θεῷ
562 2494 671 2533 ὡμίλει,
699 2494 758 2524 ἀλλ’
774 2493 868 2531 ἐδεήθη

71 2536 225 2577 συμϐούλου
239 2539 285 2567 τοῦ
305 2539 445 2579 πενθεροῦ.

115 2639 131 2659 ε
144 2627 251 2666 Μηδενὶ
265 2627 347 2658 κακὸν
363 2627 421 2659 ἀντὶ
435 2630 519 2659 κακοῦ
539 2627 715 2662 ἀποδιδόντες.
740 2642 752 2655 ι
769 2629 803 2660 El
816 2629 869 2669 γὰρ

72 2671 159 2713 ιτερον
171 2672 261 2714 ψίγεις
271 2674 307 2708 ὣς
322 2673 405 2704 κακὸν
422 2674 590 2713 ποιήσαντα,
603 2673 630 2703 τί
645 2673 736 2704 λοιπὸν
751 2673 828 2708 αὐτὸς
843 2673 870 2691 ²²

921 1512 1075 1548 passionem
1094 1511 1207 1546 scilicet,
1221 1515 1248 1540 et
1263 1510 1393 1540 affectum
1408 1509 1511 1539 invidia
1522 1518 1642 1539 vacuum
1657 1518 1721 1546 erga

921 1564 1028 1591 omnes,
1040 1557 1122 1585 etiam
1134 1564 1197 1592 erga
1211 1556 1287 1593 ipsos
1302 1559 1498 1592 persecutores.

957 1603 1048 1631 νεεδ.
1066 1603 1110 1630 16.
1135 1611 1150 1626 ι
1163 1600 1242 1629 Idem
1261 1608 1325 1638 erga
1338 1608 1386 1629 vos
1399 1604 1496 1628 mutuo
1518 1599 1680 1629 sentientes.
1706 1611 1718 1625 ι

923 1648 1028 1676 Rursus
1048 1646 1082 1676 de
1103 1645 1258 1674 humilitate
1271 1645 1391 1674 disserit.
1408 1645 1564 1674 Verisimile
1578 1649 1620 1673 est
1634 1645 1720 1678 enim.

921 1691 996 1728 quod
1019 1691 1080 1720 urbi
1106 1691 1169 1720 huic
1197 1698 1248 1719 ceu
1270 1689 1467 1727 imperatoriae,
1492 1690 1618 1727 proprius
1639 1689 1722 1719 fuerit

922 1736 1115 1765 ostentationis
1138 1735 1358 1773 arrogantimque
1380 1735 1502 1764 morbus.
1524 1735 1605 1770 Quod
1627 1739 1719 1764 autem

922 1781 998 1816 dicit,
1020 1785 1063 1810 est
1079 1780 1237 1818 hujusmodi
1250 1789 1258 1808 :
1272 1782 1405 1817 Magnum
1428 1780 1547 1815 teipsum
1563 1787 1623 1808 esse
1645 1779 1720 1808 arbi-

921 1826 1000 1854 traris
1016 1835 1023 1854 :
1037 1825 1151 1861 proinde
1165 1829 1193 1854 et
1207 1824 1320 1853 fratrem
1336 1824 1422 1853 talem
1435 1828 1599 1860 tantumque
1612 1828 1717 1860 reputa.

922 1870 970 1899 Sin
983 1870 1124 1907 abjectum
1146 1873 1172 1898 et
1183 1869 1312 1905 exiguum
1323 1869 1411 1905 ipsum
1421 1868 1571 1902 existimas,
1584 1868 1618 1896 de
1633 1868 1720 1905 teipse

922 1915 994 1944 idem
1007 1914 1119 1948 sentias,
1133 1918 1216 1950 atque
1227 1914 1265 1942 ita
1278 1921 1389 1941 omnem
1403 1913 1615 1949 inmqualitatem
1627 1913 1719 1948 tolles,

921 1967 1011 1996 neque
1026 1958 1195 1987 abomineris
1203 1958 1294 1994 illum,
1309 1965 1360 1987 ceu
1379 1958 1415 1986 sis
1424 1965 1457 1986 eo
1466 1958 1658 1994 prastantior;
1671 1957 1720 1987 sed

921 2008 1053 2041 tanquam
1066 2003 1213 2040 aequalem,
1227 2007 1256 2032 et
1270 2002 1384 2040 perinde
1398 2010 1431 2032 ac
1446 2006 1473 2031 te
1497 2002 1588 2040 ipsum
1615 2001 1722 2032 honore

922 2049 1038 2078 efﬁcies.

959 2103 974 2120 α
992 2095 1054 2122 Non
1067 2093 1121 2122 alta
1147 2093 1296 2130 sapientes,
1315 2092 1364 2122 sed
1381 2092 1532 2122 humilibus
1543 2092 1720 2121 consentien-

922 2142 974 2168 tes.
996 2150 1010 2165 »
1033 2138 1179 2175 Quomodo
1207 2137 1372 2175 pradictum
1392 2137 1486 2175 perﬁci
1507 2141 1599 2174 queat,
1621 2137 1720 2166 disce:

921 2184 951 2213 Si
965 2191 1022 2212 non
1038 2183 1167 2212 sublimia
1181 2183 1328 2220 spiremus,
1348 2183 1404 2220 93
1421 2182 1470 2211 sed
1482 2190 1545 2210 cum
1559 2182 1720 2216 humilibus,

923 2228 977 2257 hoe
997 2232 1039 2257 est
1062 2228 1162 2257 vilibus
1183 2233 1211 2257 et
1233 2228 1414 2265 contemptis.
1438 2227 1518 2256 simul
1540 2226 1721 2262 abducamur,

923 2273 976 2302 hoc
996 2277 1038 2302 est
1047 2273 1311 2307 condescendamus,
1326 2281 1378 2302 una
1391 2271 1629 2301 circumferamur.

960 2330 973 2343 ι
987 2319 1030 2348 Ne
1052 2318 1111 2349 sitis
1136 2317 1283 2354 prudentes
1306 2317 1379 2354 apud
1400 2317 1589 2354 vosmetipsos.
1619 2329 1632 2342 ι
1658 2318 1720 2346 Hoc

924 2367 978 2398 est.
991 2371 1027 2392 ne
1047 2362 1207 2392 existimetis
1226 2370 1275 2392 vos
1288 2362 1366 2391 vobis
1383 2361 1523 2396 sufﬁcere.
1544 2370 1635 2399 neque
1648 2370 1719 2399 opus

923 2416 983 2437 esse
1002 2407 1079 2436 vobis
1097 2408 1254 2436 consultore
1271 2407 1336 2442 alio,
1360 2411 1409 2436 aut
1421 2415 1455 2436 eo
1475 2407 1520 2444 qui
1533 2406 1600 2444 quid
1613 2406 1719 2440 deceat.

923 2456 1061 2490 suggerat.
1076 2454 1147 2482 Nam
1164 2454 1256 2481 Moses
1269 2452 1376 2480 etiamsi
1396 2459 1461 2481 eum
1474 2453 1533 2480 Deo
1549 2451 1720 2482 familiariter

923 2498 1135 2536 colloqueretur,
1163 2505 1232 2535 opus
1258 2501 1355 2527 tamen
1374 2497 1471 2526 habuit
1496 2497 1657 2528 consultare
1676 2504 1720 2526 so-

923 2551 1000 2573 οθτο.

959 2634 1047 2662 Vns.
1063 2637 1105 2662 17.
1132 2646 1142 2658 ι
1159 2633 1233 2663 Nulli
1251 2633 1357 2663 malum
1376 2640 1426 2670 pro
1439 2633 1515 2662 malo
1528 2631 1685 2661 reddentes.
1702 2642 1715 2655 ιν

923 2677 952 2707 Si
973 2678 1047 2706 enim
1069 2678 1152 2706 alium
1175 2678 1314 2715 vituperes
1333 2685 1385 2707 ceu
1409 2677 1456 2715 qui
1481 2676 1586 2706 malum
1608 2674 1718 2709 fecerit,

774 2750 868 2780 Varia
889 2751 1040 2781 lectiones.

106 2812 127 2830 ⁸¹
142 2811 188 2845 τὴν
202 2813 283 2848 ψυχῆς
292 2812 329 2840 ἔτι
342 2813 481 2849 περιουσίαν
497 2813 588 2849 φθόνου
607 2813 697 2845 παντὸς
712 2812 842 2850 ἐλευθέραν
861 2821 889 2841 o.
927 2813 949 2830 ³⁸
963 2813 1039 2840 αὐτὸν
1053 2821 1081 2842 ο.
