1901 3077
186 154 232 180 511

693 150 948 179 THEOPHYLACTI
970 149 1147 177 BULGARIE
1167 149 1324 176 ARCHIEP.

1805 147 1851 175 5l2

183 224 266 253 quare
279 219 310 244 ut
335 215 413 244 illum
437 214 563 248 imitaris,
587 221 619 242 ac
635 214 772 242 malefacis
792 214 875 242 etiam
902 213 977 249 ipsei

1051 214 1125 249 ζηλοῖς
1138 213 1237 241 ἐκεῖνον
1249 234 1256 247 ,
1273 210 1318 240 καὶ
1335 214 1487 244 κακοποιεῖς
1499 210 1524 228 ³³
1538 210 1586 240 καὶ
1606 210 1693 244 αὐτός
1703 222 1712 247 ;
1721 211 1785 240 Οὐκ
1799 206 1851 240 εἶπε

185 262 246 289 Νοι]
273 260 343 288 dixit
378 264 483 293 autem,
514 260 576 288 Non
605 259 735 287 facientes
760 259 865 287 malum
896 258 980 292 ﬁdeli,

182 306 240 339 sed,
259 317 270 329 ιο
284 304 406 339 Nemini,
426 315 438 328 ι
459 304 515 332 sive
536 304 660 338 Gmcus,
683 312 731 332 seu
751 304 814 340 quis
833 303 901 331 alius
923 302 978 331 fue-

182 351 228 379 rit.

220 406 233 419 ι
254 393 434 422 Providentes
448 393 518 422 bona
532 401 626 421 coram
639 393 767 421 omnibus
781 392 948 421 hominibus.
966 404 976 415 υ

181 440 243 468 Hoc
262 439 325 467 ideo
335 446 390 467 non
405 438 481 473 dicit,
496 442 527 466 ut
539 438 574 467 ad
590 438 700 466 inanem
716 437 830 475 gloriam
844 437 977 471 vivamus,

181 484 229 512 sed
244 488 275 512 ut
289 483 462 512 occasionem
482 483 629 511 adversum
647 491 697 511 nos
711 483 898 519 quaerentibus
922 490 978 510 non

181 529 361 565 praebeamus.
373 527 464 564 Exigit
477 527 551 556 enim
566 535 580 555 a
593 527 683 561 nobis,
695 531 725 556 ut
739 527 805 555 citra
819 526 978 555 scandalum

180 578 208 602 et
227 573 408 602 offensionem
423 573 560 601 ducamus
574 573 667 601 vitam.
687 572 803 601 Plurimi
829 572 903 600 enim
929 579 979 600 nos

182 622 331 654 nostraque
343 618 498 646 observant.

216 665 306 691 Vsus.
324 667 365 691 18.
385 672 397 688 α
414 663 441 690 Si
453 663 510 690 ﬁeri
525 667 624 698 potest,
641 666 776 698 quantum
792 663 821 689 in
834 661 912 690 vobis
925 666 977 695 est,

179 716 241 736 cum
257 708 385 736 omnibus
399 707 555 735 hominibus
565 715 660 743 pacem
675 707 818 735 habentes.
835 718 847 731 ιν
864 706 978 734 Pulchre

180 753 260 786 dixit,
281 762 295 778 ιι
317 752 344 780 Si
364 752 421 780 ﬁeri
440 756 542 788 potest.
573 764 585 776 »
602 753 804 787 Nonnunquam
824 751 898 779 enim
919 751 977 778 ﬁeri

181 805 236 826 non
257 801 346 833 potest
369 801 398 825 ut
413 804 508 833 pacem
534 796 670 833 quispiam
690 796 898 832 complectatur,
913 803 976 823 cum

180 842 214 870 de
253 842 354 878 pietate
399 846 537 870 certamen
581 841 672 875 fuerit,
709 848 771 869 cum
807 840 841 868 de
879 840 976 876 injuria

180 886 295 915 affectis.
321 887 366 915 Ait
380 887 473 923 igitur,
491 886 572 923 Quod
592 886 630 913 tui
641 889 683 914 est
704 885 797 919 ofﬁcii,
820 885 911 919 facias,
926 893 976 912 nec

179 931 297 968 cuipiam
321 932 493 959 occasionem
518 931 640 967 prebeas
664 930 799 958 bellorum
822 930 861 957 vel
876 930 976 958 tumul-

178 980 265 1004 tuum.
298 976 346 1004 Sin
378 975 508 1012 pietatem
536 975 629 1003 laesam
659 974 844 1010 conspexeris,
873 974 977 1002 fortiter

178 1021 309 1055 consiste,
324 1028 373 1056 pro
385 1020 496 1048 veritate
506 1020 641 1048 dimicans
656 1029 664 1047 :
677 1028 731 1047 non
747 1019 853 1047 homini
865 1019 977 1055 quidem

179 1065 311 1099 infensus,
327 1065 375 1093 sed
386 1065 532 1101 impietati,
552 1065 628 1092 illum
643 1064 734 1101 ipsum
750 1072 815 1092 sane
831 1064 976 1098 miserans,

179 1110 291 1146 ejusque
316 1118 410 1138 curam
429 1117 536 1146 gerens.
563 1110 621 1137 Hac
651 1109 764 1142 ratione,
797 1108 873 1145 quod
897 1113 976 1136 antea

177 1154 346 1190 impossibile
364 1154 517 1188 videbatur,
545 1153 575 1181 ﬁt
590 1154 738 1190 possibile;
754 1153 828 1189 quod
842 1153 916 1181 enim
942 1153 976 1181 ad

179 1201 206 1227 te
220 1199 329 1232 attinet,
352 1203 463 1235 pacatus
485 1207 514 1227 es
529 1207 592 1235 erga
608 1198 685 1226 illum
702 1198 791 1226 solam
805 1198 976 1234 impietatem

179 1244 350 1281 impugnans.

214 1291 358 1317 VEns.19.
376 1300 388 1313 ιι
404 1289 463 1317 Νοι]
485 1289 669 1325 vosmetipsos
681 1287 853 1323 ulciscentes,
874 1287 975 1321 dilecti,

178 1333 225 1362 sed
248 1334 310 1362 date
325 1334 417 1362 locum
440 1334 500 1361 irae.
530 1333 670 1369 Scriptum
695 1337 737 1360 est
758 1333 834 1360 enim
881 1343 886 1361 :
908 1332 976 1360 Mihi

178 1378 307 1413 vindicta,
334 1386 400 1415 ergo
431 1378 590 1411 retribuam,
612 1377 677 1406 dicit
702 1377 848 1405 Dominus.
878 1388 891 1401 -
909 1379 977 1405 Date

178 1422 281 1456 locum,
297 1422 394 1458 inquit,
419 1423 468 1450 Dei
501 1423 549 1450 irae
578 1421 708 1450 adversus
740 1429 803 1449 eum
829 1421 875 1457 qui
899 1421 977 1449 vobis

180 1467 308 1503 injuriam
329 1465 411 1495 affert
431 1466 458 1494 Si
476 1466 551 1494 enim
577 1466 702 1502 vosipsos
717 1465 895 1499 ulciscamini,
916 1473 972 1493 non

178 1511 333 1548 egredietur
358 1519 409 1547 pro
436 1511 513 1539 vobis
538 1510 683 1539 adversum
717 1510 811 1538 hostes
835 1511 921 1538 Deus.
952 1511 978 1538 Si

178 1560 271 1584 autem
297 1564 346 1584 vos
372 1555 537 1590 dimiseritis,
562 1557 636 1583 Deus
675 1554 822 1583 ulciscetur
842 1555 977 1583 acerbius.

178 1600 298 1629 Adducit
319 1605 411 1628 autem
437 1599 626 1628 testimonium
648 1607 703 1636 quo
725 1607 884 1628 sermonem
898 1608 978 1629 suum

179 1645 309 1673 stabiliat.
324 1646 392 1674 Haec
405 1649 498 1673 autem
518 1644 585 1673 dicit
600 1644 635 1673 ad
655 1645 870 1673 consolationem
894 1645 979 1681 pusil-

179 1689 347 1718 lanimorum
375 1699 380 1716 :
408 1689 475 1717 nihil
500 1690 573 1717 enim
599 1689 671 1718 aliud
699 1689 867 1723 desiderant,
895 1698 979 1726 quam

179 1738 210 1762 ut
225 1733 334 1762 videant
354 1742 404 1771 pro
418 1742 448 1763 se
467 1734 501 1763 de
531 1734 656 1763 hostibus
679 1738 821 1771 sumptam
841 1742 901 1763 esse
923 1735 980 1762 vin-

181 1779 295 1808 dictam.

214 1826 305 1853 Vsns.
321 1827 365 1853 2ο.
383 1836 395 1848 ι
417 1824 445 1853 Si
457 1825 542 1853 esurit
556 1824 687 1853 inimicus
710 1829 786 1860 tuus,
803 1824 863 1853 ciba
878 1824 956 1853 illum
972 1834 978 1853 :

180 1870 202 1898 si
224 1869 293 1904 sitit,
316 1870 349 1898 da
372 1869 395 1898 ei
418 1874 516 1906 potum
533 1880 539 1897 :
560 1869 614 1898 hoc
635 1870 707 1898 enim
723 1869 836 1904 faciens,
851 1870 983 1898 carbones

177 1913 249 1951 ignis
264 1922 396 1951 congeres
419 1923 500 1951 super
526 1919 608 1950 caput
624 1915 718 1950 ipsius.
736 1925 748 1938 α
765 1914 900 1943 Altiorem
919 1914 981 1950 phi-

179 1959 310 1996 losophiae
331 1959 447 1996 gradum
478 1959 522 1986 hic
547 1966 560 1986 a
588 1958 669 1986 nobis
692 1959 784 1995 exigit.
817 1959 887 1994 Quid
909 1959 982 1986 enim

178 2005 280 2040 dicam,
305 2006 403 2042 inquit,
428 2004 504 2041 quod
530 2008 656 2040 oporteat
679 2012 728 2033 vos
749 2004 876 2040 paciﬁcos
900 2007 982 2033 esse?

179 2050 244 2086 quin
270 2049 351 2077 etiam
371 2048 534 2076 benefacere
551 2048 666 2084 impero.
681 2059 693 2071 ε
708 2047 846 2076 Carbones
863 2059 875 2072 ι
890 2053 982 2077 autem

182 2103 196 2120 α
222 2094 293 2130 ignis
317 2093 494 2129 congregabis
528 2100 610 2128 super
645 2097 728 2128 caput
750 2092 819 2128 ejus,
855 2104 866 2116 ι»
900 2092 980 2127 dixit,

179 2137 325 2174 indulgens
339 2137 558 2174 pusillanimitati
573 2136 705 2173 injuriam
720 2133 810 2172 passi;
826 2136 893 2165 nihil
907 2137 981 2166 enim

179 2182 248 2211 adeo
265 2191 347 2211 suave
362 2181 419 2218 94
436 2186 489 2216 est,
504 2185 587 2217 atque
610 2181 718 2209 hostem
737 2180 827 2210 videre
841 2182 981 2218 punitum;

179 2235 211 2255 ac
226 2227 427 2264 propemodum
439 2227 504 2255 talia
519 2226 584 2254 dicit
600 2235 607 2254 :
626 2226 674 2255 Vis
687 2226 782 2254 ulcisci
794 2230 821 2254 te
834 2225 868 2254 de
884 2227 982 2255 hoste?

179 2272 348 2301 Beneﬁcium
364 2271 401 2299 illi
411 2271 520 2307 exhibe,
535 2275 595 2299 tum
610 2270 753 2299 acerbiore
768 2279 831 2300 eum
848 2271 981 2308 supplicio

179 2316 307 2345 affecisti.
329 2318 482 2352 Eapropter
503 2316 582 2350 dixit,
600 2327 613 2340 ι
633 2315 774 2344 Carbones
788 2316 859 2352 ignis
885 2324 983 2353 conge-

181 2369 224 2389 res
246 2369 327 2398 super
351 2365 434 2397 caput
452 2361 538 2397 ipsius
555 2370 562 2395 ;
597 2371 611 2388 »
637 2368 720 2397 grave
734 2361 896 2397 supplicium
916 2361 983 2390 desi-

179 2413 278 2442 gnans.
299 2406 381 2434 Hunc
394 2405 431 2434 ad
444 2405 561 2434 modum
579 2413 662 2442 supra
676 2405 753 2441 dixit,
771 2417 784 2431 α
805 2407 877 2435 Date
891 2406 982 2434 locum

179 2452 229 2478 Dei
241 2450 301 2479 iraa.
319 2462 331 2475 η

216 2496 306 2524 Vsns.
336 2498 381 2524 21.
398 2506 411 2520 ι
442 2496 483 2524 Ne
503 2495 619 2524 vincaris
646 2503 662 2523 ιι
683 2495 768 2530 malo,
782 2495 830 2524 sed
854 2495 930 2523 vince
954 2495 982 2523 in

188 2540 262 2569 bono
277 2541 394 2569 malum.
425 2540 478 2569 Hic
492 2540 546 2569 loci
559 2540 634 2569 istud
646 2540 818 2572 subindicat.
832 2548 889 2568 non
903 2547 984 2576 opor-

180 2591 238 2614 tere
254 2594 304 2615 nos
321 2585 368 2614 tali
381 2586 517 2614 sententia
538 2585 631 2614 cibare
646 2585 742 2614 hostes
763 2589 794 2614 ut
814 2585 904 2621 majus
917 2593 982 2622 sup-

180 2630 292 2666 plicium
308 2631 361 2659 illis
381 2632 562 2666 asciscamus;
577 2631 631 2660 hoc
653 2631 725 2660 enim
747 2635 788 2659 est
815 2629 889 2666 quod
914 2630 951 2658 ait
974 2640 981 2658 :

217 2695 227 2712 ‘
241 2696 326 2722 Deut.
344 2702 442 2729 χχχιι,
457 2690 502 2723 35.

1037 257 1074 294 δὲ,
1087 257 1134 293 Μὴ
1146 260 1278 290 ποιοῦντες
1294 256 1376 286 κακὸν
1390 258 1428 296 τῷ
1442 258 1529 298 πιστῷ
1538 280 1547 294 ,
1567 256 1663 293 ἀλλὰ,
1685 270 1698 282 ει
1714 256 1830 292 Μηδενὶ,
1841 271 1850 282 ιι

1037 302 1086 332 κᾶν
1099 301 1204 339 θΕλλην
1214 325 1222 338 ,
1239 301 1288 331 κᾶν
1310 301 1380 336 ὅστις
1395 300 1427 330 ἂν
1443 300 1495 337 εἴη.

1079 405 1094 421 α
1110 391 1306 433 Προνοοῦμενοι
1321 391 1392 421 καλὰ
1408 390 1519 422 ἐνώπιον
1531 392 1648 422 πάντων
1664 391 1828 432 ἀνθρώπων.
1841 407 1849 417 ι

1035 439 1097 479 Οὖχ
1115 437 1158 467 ἵνα
1182 437 1246 478 πρὸς
1267 436 1416 471 κενοδοξίαν
1436 438 1537 475 ζῶμεν,
1556 436 1644 466 τοῦτό
1670 448 1773 476 φησιν,
1795 437 1851 465 ἀλλ’

1034 482 1078 513 ἵνα
1094 482 1132 518 μὴ
1152 482 1312 522 παρέχωμεν
1337 482 1397 511 καθ’
1420 483 1496 520 ἡμῶν
1513 481 1646 522 ἀφορμὰς
1673 483 1731 515 τοῖς
1758 483 1848 521 βουλο-

1036 528 1134 567 μένοις.
1151 527 1191 556 Τὸ
1203 527 1253 567 γὰρ
1270 527 1479 557 ἀσκανδάλιστον
1497 526 1544 555 καὶ
1565 526 1754 566 ἀπρόσκοπον
1771 529 1847 556 ἀπαι-

1034 577 1075 603 τεῖ
1087 584 1093 591 ·
1109 571 1204 602 πολλοὶ
1218 572 1269 612 γὰρ
1286 573 1310 602 οἱ
1323 570 1356 600 τὰ
1378 571 1496 612 ἡμέτερα
1511 572 1724 612 ἐπιτηροῦντες.

1077 675 1091 690 (ι
1109 664 1143 693 Εἰ
1164 661 1274 692 δυνατὸν
1287 684 1296 699 ,
1311 661 1342 691 τὸ
1363 661 1388 695 ἐξ
1404 662 1497 698 ὑμῶν,
1516 660 1588 700 μετὰ
1607 660 1725 689 πάντων
1749 660 1846 700 ἀνθρώ-

1035 719 1091 737 πων
1108 707 1293 747 εἰρηνεύοντες.
1308 717 1323 735 n
1340 707 1439 740 Καλῶς
1455 700 1512 735 εἶπε
1525 706 1555 735 τὸ
1566 728 1574 741 ,
1604 715 1620 735 α
1639 706 1676 735 Εἰ
1689 705 1811 735 δυνατόν.
1827 717 1840 733 υ

1033 751 1116 783 Ἔστι
1129 752 1182 793 γὰρ
1205 750 1271 781 ὅπου
1294 752 1323 793 οὐ
1337 750 1447 780 δυνατὸν
1460 750 1490 779 τὸ
1504 750 1656 789 εἰρηνεύειν
1668 773 1676 789 ,
1701 750 1766 779 ὅταν
1786 751 1843 789 περὶ

1033 791 1196 830 εὐσεϐείας-ὁ
1209 795 1280 836 ἀγὼν
1295 791 1328 835 ᾗ,
1355 794 1417 824 ὅταν
1433 795 1500 835 ὅπὲρ
1520 795 1728 833 ἀδικουμένων.
1754 795 1840 831 Φησὶν

1034 838 1077 872 οὖν
1088 866 1096 881 ,
1111 841 1150 871 ὅτι
1163 841 1202 872 Τὸ
1215 844 1326 871 σεαυτοῦ
1342 840 1374 870 σὺ
1390 840 1477 874 ποίει,
1495 840 1540 869 καὶ
1556 839 1661 877 μηδενὶ
1683 840 1758 869 δίδου
1770 839 1841 869 πολέ-

1034 900 1091 925 μων
1109 886 1228 927 ἀφορμὰς
1252 886 1296 915 καὶ
1318 887 1441 925 ταραχῶν
1464 885 1501 914 ³³.
1529 885 1560 914 Εἰ
1580 884 1609 914 δὲ
1637 884 1689 920 τὴν
1708 883 1840 914 εὐσέϐειαν

1031 931 1293 972 παραϐλαπτομένην
1309 931 1335 949 2⁵
1353 930 1431 966 ἴδοις,
1446 929 1541 959 ἵστασο
1557 929 1697 969 γενναίως
1715 929 1782 969 ὑπὲρ
1795 930 1839 964 τῆς

1033 976 1156 1013 ἀληθείας
1174 977 1299 1014 πολεμῶν
1312 987 1319 993 ·
1344 974 1404 1015 οὖχὶ
1427 976 1464 1014 τῷ
1485 974 1622 1014 ἀνθρώπῳ
1648 973 1835 1013 ἀπεχθανόμε-

1031 1033 1090 1060 νος,
1108 1021 1177 1050 ἀλλὰ
1240 1019 1363 1061 ἀσεϐείᾳ,
1384 1019 1481 1049 ἐκεῖνον
1495 1019 1587 1058 μέντοι
1604 1020 1708 1054 ἐλεῶν,
1729 1019 1775 1048 καὶ
1790 1030 1836 1052 κη-

1032 1066 1138 1105 δόμενος
1153 1066 1243 1095 αὐτοῦ.
1265 1065 1347 1095 Οὕτω
1370 1064 1397 1094 δὲ
1408 1086 1416 1100 ,
1433 1064 1446 1093 ὃ
1461 1063 1525 1097 τέως
1545 1064 1636 1094 ἐδόκει
1662 1065 1693 1093 οὖ
1711 1062 1819 1093 δυνατὸν
1830 1085 1837 1099 ,

1032 1111 1131 1150 γίνεται
1157 1110 1277 1140 δυνατόν·
1300 1109 1360 1139 ὅσον
1383 1109 1435 1149 γὰρ
1460 1108 1490 1137 τὸ
1517 1107 1590 1138 κατὰ
1616 1108 1667 1145 σὲ,
1704 1107 1838 1148 εἶρηνεύεις

1032 1155 1095 1195 πρὸς
1117 1156 1232 1192 ἐκεῖνον,
1260 1154 1324 1194 πρὸς
1345 1153 1394 1190 τὴν
1422 1153 1546 1183 ἀσέϐειαν
1575 1153 1667 1193 μόνην
1694 1150 1836 1192 ἀπομαχό-

1033 1211 1108 1238 μενος
1114 1224 1118 1229 .

1078 1299 1091 1317 (ι
1107 1288 1154 1325 Μὴ
1177 1288 1285 1323 ἑαυτοὺς
1307 1289 1487 1323 ἐκδικοῦντες,
1514 1288 1674 1328 ἀγαπητοὶ,
1696 1286 1766 1317 ἀλλὰ
1781 1286 1834 1316 δότε

1032 1333 1110 1364 τόπον
1126 1336 1158 1374 τῇ
1171 1335 1248 1374 ὀργῇ.
1263 1333 1417 1374 Γέγραπται
1431 1331 1482 1373 γάρ
1492 1345 1498 1350 ·
1514 1332 1598 1371 Ἐμοὶ
1614 1332 1754 1368 ἐκδίκησις
1764 1354 1772 1367 ,
1787 1330 1834 1370 ἐγὼ

1033 1377 1229 1416 ἀνταποδώσω,
1251 1379 1322 1418 λέγει
1345 1377 1452 1418 Κύριος.
1473 1389 1488 1407 ι)
1512 1377 1598 1414 Δότε,
1620 1378 1708 1418 φησὶ,
1726 1376 1832 1415 πάροδον

1031 1425 1064 1462 τῇ
1079 1425 1125 1452 τοῦ
1141 1423 1213 1453 Θεοῖὶ
1236 1423 1301 1462 ὀργῇ
1319 1422 1388 1452 κατὰ
1413 1424 1458 1451 τοῦ
1484 1423 1640 1455 ἆδικοῧντος
1666 1424 1747 1460 ὑμᾶς.
1771 1419 1832 1449 Ἐὰν

1033 1467 1079 1505 μὲν
1094 1467 1146 1507 γὰρ
1169 1469 1243 1504 ὑμεῖς
1267 1466 1374 1500 ἑαυτοὺς
1396 1468 1516 1502 ἐκδικῆτε
1529 1490 1536 1504 ,
1560 1468 1613 1496 οὐχ
1635 1464 1829 1500 ἐπεξελεύσεται

1032 1515 1046 1542 ὁ
1061 1512 1128 1546 Θεός
1141 1522 1147 1528 “
1167 1511 1211 1541 ἐὰν
1230 1511 1256 1541 δὲ
1272 1513 1346 1550 ὑμεῖς
1361 1512 1456 1551 ἀφῆτε,
1471 1513 1484 1541 ὁ
1497 1511 1565 1546 Θεὸς
1582 1511 1723 1547 ἐκδικήσει
1739 1509 1828 1548 πιδιρόΔ

1032 1569 1118 1597 τερον.
1141 1556 1256 1596 Ἐποίγει
1277 1556 1304 1585 δὲ
1324 1556 1369 1586 καὶ
1394 1556 1442 1593 τὴν
1457 1556 1630 1597 μαρτυρίαν,
1659 1556 1776 1595 βεϐαιῶν
1791 1554 1830 1582 τὸν

1033 1603 1127 1631 οἰκεῖον
1152 1601 1237 1640 λόγον.
1257 1602 1350 1632 Ταῦτα
1366 1601 1394 1630 δέ
1411 1613 1476 1642 φησι
1492 1601 1558 1641 πρὸς
1582 1600 1761 1640 παραμυθίαν
1784 1600 1831 1628 τῶν

1034 1645 1205 1686 ιιικροψύχων
1226 1657 1233 1664 ο
1258 1645 1332 1675 οὐδὲν
1357 1644 1408 1685 γὰρ
1434 1646 1499 1675 ἄλλο
1523 1647 1718 1685 ἐπιθυμοῦσιν,
1744 1645 1779 1676 ὡς
1805 1641 1831 1671 τὸ

1036 1691 1099 1720 ἰδεῖν
1117 1689 1223 1725 ἑαυτοὺς
1239 1689 1434 1727 ἕκδικηθέντας.

1074 1839 1086 1852 α
1103 1825 1170 1855 Ἐὰν
1186 1819 1229 1855 οὖν
1247 1829 1326 1865 πεινᾷ
1346 1826 1358 1854 ὃ
1370 1824 1461 1865 ἐχθρός
1475 1836 1521 1854 σου
1531 1847 1540 1861 ,
1554 1824 1666 1866 ψώμιζε
1679 1823 1756 1852 αὐτόν
1768 1832 1775 1839 ο
1789 1821 1829 1850 ἐὰν

1035 1870 1118 1911 διψᾷ,
1135 1869 1224 1905 πότιζε
1239 1870 1319 1899 αὐτόν
1331 1879 1339 1887 ·
1356 1872 1434 1899 τοῦτο
1448 1869 1498 1909 γὰρ
1513 1871 1598 1898 ποιῶν
1610 1892 1619 1909 ,
1635 1869 1766 1908 ἄνθρακας
1781 1877 1827 1894 πυ-

1036 1909 1244 1955 ρὸς-σωρεύσεις
1268 1913 1312 1944 ἐπὶ
1335 1913 1382 1950 τὴν
1410 1913 1528 1954 κεφαλὴν
1555 1914 1646 1944 αὐτοῦ.
1678 1925 1692 1940 n
1721 1909 1828 1941 Πλείονα

1036 1959 1189 1999 φιλοσοφίαν
1207 1960 1314 1988 ἀπαιτεῖ
1331 1961 1401 1996 ἡμᾶς
1418 1959 1539 1989 ἐνταῦθα.
1559 1958 1596 1988 Τί
1611 1957 1663 1998 γὰρ
1678 1957 1763 1995 λέγω,
1779 1965 1826 1994 φη-

1037 2003 1096 2040 σὶν,
1111 2002 1152 2032 ὅτι
1176 2003 1318 2044 εἰρηνεύειν
1335 2004 1391 2040 δεῖς
1414 2003 1460 2033 καὶ
1475 2002 1526 2044 γὰρ
1550 2003 1596 2032 καὶ
1613 2000 1826 2044 εὖεργετεῑννέπι-

1037 2048 1135 2078 τάττω.
1155 2041 1237 2079 Τοδὲ
1248 2072 1256 2087 ,
1273 2062 1284 2073 α
1301 2046 1448 2088 Ἀνθρακας
1468 2041 1548 2088 πυρὸς
1574 2041 1714 2088 σωρεύσεις
1732 2043 1774 2074 ἐπὶ
1784 2041 1824 2088 τὴν

996 2113 1025 2144 D
1037 2092 1154 2134 κεφαλὴν
1177 2095 1257 2123 αὐτοῦ
1266 2115 1274 2129 ,
1294 2106 1308 2121 ιι
1332 2086 1389 2122 εἶπε
1398 2116 1406 2131 ,
1437 2086 1587 2133 συντρέχων
1673 2086 1827 2139 μικροψυχίᾳ

1066 2140 1082 2144 .-
1115 2139 1122 2144 ι
1130 2138 1140 2144 μ
1191 2140 1199 2144 Α
1210 2137 1217 2144 Ι
1334 2138 1341 2144 ι
1350 2137 1370 2144 nl
1435 2137 1442 2144 ι
1497 2137 1511 2144 μ’
1594 2140 1602 2144 4
1611 2136 1632 2144 μὶ
1687 2137 1695 2144 ρ
1743 2135 1751 2144 9
1771 2134 1782 2144 Δ
1790 2143 1795 2144 γ
1802 2142 1823 2144 μμ.

1038 2130 1082 2167 τοί)ι
1108 2137 1293 2173 ἀδικηθέντος·
1316 2130 1465 2178 οὐδὲνγὰρ
1483 2130 1565 2170 οδτως
1590 2130 1656 2173 ἡδίλ,
1681 2137 1716 2167 ὡς
1740 2130 1823 2178 ἐχθρὸν

1037 2183 1211 2221 κολαζόμενον
1226 2183 1291 2212 ἰδεῖν
1307 2194 1313 2200 ·
1328 2181 1426 2211 ὡσανεὶ
1443 2176 1494 2222 γὰρ
1509 2181 1621 2211 τοιαῦταί
1639 2192 1703 2221 φησι
1718 2190 1725 2198 ·
1739 2176 1825 2207 Θέλεις

1036 2227 1114 2255 αὐτὸν
1144 2227 1310 2266 ἀμύνασθαι;
1335 2226 1521 2267 εὐεργέτησαν,
1546 2226 1592 2256 καὶ
1620 2225 1765 2261 τηνικαῦτα
1783 2230 1820 2267 πι-

1036 2271 1157 2312 κρότερον
1174 2272 1276 2310 ἤμύνω.
1294 2272 1343 2302 Διὸ
1364 2262 1409 2301 καὶ
1431 2267 1503 2301 εἶπεν
1522 2280 1528 2287 ¹
1559 2269 1730 2310 ((Ἄνθρακας
1751 2262 1822 2312 Fufi“

1037 2309 1176 2355 σωρεῦσεις
1202 2328 1208 2334 ·
1235 2328 1249 2346 )›
1282 2315 1329 2352 τὴν
1355 2316 1546 2354 ἐπιτεταμένην
1573 2314 1703 2355 τιμωρίαν
1731 2309 1817 2355 δηλῶν]

1036 2353 1117 2390 Οὕτω
1131 2361 1176 2391 καὶ
1190 2361 1314 2402 ἀνωτέρω
1332 2355 1389 2391 εἶπε
1405 2372 1412 2380 ·
1430 2374 1443 2387 ι
1462 2353 1529 2391 Δότε
1541 2353 1621 2390 τόπον
1636 2361 1669 2400 τῇ
1684 2357 1747 2397 ὀργῇ
1761 2367 1772 2380 ν
1781 2353 1821 2383 ἐειῦ

1036 2406 1118 2437 Θεοῦ.

1081 2503 1096 2521 α
1111 2493 1159 2528 Μὴ
1179 2493 1244 2522 νικῶ
1259 2491 1310 2522 ὑπὸ
1321 2495 1366 2522 τοῦ
1381 2494 1478 2528 κακοῦ,
1494 2491 1562 2521 ἀλλὰ
1577 2491 1636 2521 νίκα
1651 2491 1678 2519 ἐν
1689 2489 1725 2527 τῷ
1740 2482 1821 2523 ἄγαθῷ

1036 2537 1066 2567 τὸ
1081 2537 1175 2568 κακόν.
1200 2548 1215 2566 »
1240 2537 1373 2567 Ἐνταῦθα
1399 2540 1474 2566 τοῦτο
1497 2537 1640 2572 ὓποδηλοῖ,
1666 2533 1693 2562 τὸ
1718 2529 1753 2570 μὴ
1773 2529 1819 2572 δεῖν

1037 2583 1107 2619 ἡμᾶς
1122 2581 1230 2621 τοιαύτῃ
1243 2581 1270 2599 ³⁸
1290 2581 1384 2621 γνώμῃ
1409 2581 1538 2622 ψωμίζειν
1553 2570 1612 2614 τοὺς
1636 2575 1740 2622 ἐχθροῗξς
1748 2595 1764 2622 1.
1777 2570 1815 2600 ἵνα

1038 2626 1145 2657 πλείονα
1174 2626 1281 2656 κόλασιν
1299 2628 1385 2660 αὐτοῖς
1409 2618 1552 2666 ἐπάγωμεν
1569 2637 1575 2644 ·
1602 2618 1677 2654 τοῦτο
1691 2619 1739 2660 γάρ
1754 2618 1817 2646 ἶθτ¹ν
1830 2658 1836 2662 η

878 2730 973 2759 Variae
993 2730 1141 2760 lectiones.

222 2797 245 2815 ”
258 2800 299 2825 τὸν
312 2798 513 2832 κακοποιήσαντα
525 2805 550 2825 o.
590 2797 612 2814 ¹⁸
626 2795 738 2832 ταραχὴν
753 2805 778 2824 0.
816 2797 837 2814 "
851 2797 1040 2834 πολεμουμένην
1055 2805 1082 2825 0.
1119 2797 1143 2814 ¹⁶
1161 2797 1276 2826 τοιαύτην
1295 2798 1399 2833 γνώμην
1414 2805 1441 2825 0.
