1901 3077
74 174 134 202 513

514 175 690 204 EXPOSITIO
709 175 742 204 IN
762 175 867 204 EPIST.
889 176 934 204 AD
953 175 1035 204 ROM.
1056 191 1091 197 --
1109 175 1184 205 CAP.
1206 177 1271 206 Xlll.

1681 179 1734 207 5M

73 236 89 266 ὂ
107 236 202 277 λέγει·
226 248 241 266 α
255 237 302 274 Μὴ
317 239 381 268 νικῦ
401 238 451 268 ὑπὸ
470 241 515 268 τοῦ
531 241 624 268 κακοῦ·
643 252 657 269 η
676 239 812 278 τουτέστι,
829 239 877 276 Μὴ
892 244 917 274 Α
934 250 948 266 α

965 241 1000 268 Ne
1015 240 1130 269 vinceris
1139 248 1155 269 a
1166 241 1250 275 malo,
1260 250 1274 267 »
1287 240 1314 269 id
1322 244 1372 275 est,
1382 241 1422 268 Ne
1431 240 1541 270 ultionis
1549 241 1628 270 avida
1639 246 1732 270 mente

74 282 244 323 μνησικάκῳ
269 282 419 324 προαιρέσει
441 287 517 313 τοῦτο
540 284 630 321 ποίει,
648 284 715 324 μηδὲ
731 287 813 324 μιμοῦ
837 285 880 314 τὸν

74 327 227 357 κακοποιὸν
251 323 337 367 (ἧττα
357 328 408 368 γάρ
436 329 492 358 ἐστι
516 331 593 358 τοῦτο
603 331 624 369 ),
650 323 720 359 ἀλλὰ
751 330 880 364 σπυόδαζε

73 372 186 410 μᾶλλον
207 375 234 402 ἐν
322 373 482 413 ἀγαθοποιίᾳ
509 385 554 403 σου
573 376 681 410 νικῆσαι
708 375 819 411 ἐκεῖνον,
835 375 880 404 καὶ

76 416 247 455 μεταϐαλεῖν
270 417 322 446 ἀπὸ
346 419 395 453 τῆς
419 418 525 452 κακίας.
545 417 637 458 Ὅπερ
654 413 697 449 οὖν
717 414 788 448 εἶπεν
812 420 878 449 ἀνω-

73 462 165 501 τέρω,
182 461 248 501 πρὸς
268 462 440 502 παραμυθίαν
463 465 510 499 τῆς
535 464 713 505 μικροψυχίας
729 458 787 494 εἶπε
802 476 807 483 -
824 464 880 494 νυνί

76 505 106 535 δὲ
124 506 156 536 τὸ
170 506 330 547 τελεώτερον
344 507 517 546 εἰσηγήσατο.

369 575 513 605 ΚΕΦΑΛ.
532 575 591 607 II".

139 649 154 666 ιι
169 639 252 669 Πᾶσα
276 638 349 679 ψυχὴ
375 639 504 674 ἐξουσίαις
527 640 716 680 ὑπερεχούσαις
733 640 879 670 ὑποτασσέ-

74 685 145 712 σθω.
167 697 180 709 υ
190 683 302 718 Ἐπειδὴ
318 685 415 718 ἱκανῶς
431 683 579 724 κατήρτυσε
594 684 627 714 τὰ
641 685 692 721 ἤθη
708 687 759 714 τῶν
771 686 879 715 ἀκουόν-

75 740 147 764 των,
174 727 220 758 καὶ
245 727 359 763 ἐδίδαξεν
376 729 471 763 αὖτοὺς
486 729 531 758 καὶ
547 730 649 770 ἐχθροῖς
660 725 727 759 εἶναι
748 731 876 769 εὐμενεῖς,

75 774 182 811 εἰσάγει
202 773 246 802 καὶ
262 773 360 810 ταύτην
385 773 432 810 τὴν
460 774 617 815 παραίνεσιν
635 784 641 790 ”
666 775 798 804 παιδεύων
823 780 876 804 πᾶ-

75 828 129 846 σαν
145 816 249 858 ψυχὴν,
270 818 320 847 κᾶν
338 817 420 857 ἱερεὺς
467 831 520 858 τις,
533 819 582 848 κᾶν
596 819 710 859 μοναχὸς
724 842 732 856 ,
747 820 794 849 κᾶν
811 819 875 849 ἀπό-

76 862 190 898 στολος,
216 862 411 892 ὑποτάσσεσθαι
444 865 495 897 τοῖς
520 863 657 904 ἄρχουσιν.
684 864 758 902 Αὕτη
783 865 834 904 γὰρ
859 867 874 901 ἡ

77 906 201 945 ὑποταγή
221 907 269 936 οὐκ
295 908 436 947 ἀνατρέπει
455 907 504 944 τὴν
526 908 672 938 εὐσέϐειαν.
701 911 832 949 Παραινεί
848 909 875 939 δὲ

74 954 157 980 τοῦτο
183 954 197 980 ὁ
222 951 390 990 Ἀπόστολος,
415 953 556 990 δεικνύων,
583 953 623 983 ὅτι
643 956 689 984 οὐκ
711 954 877 984 ἀποστασίαν

74 996 200 1025 διδάσκει
214 995 244 1025 τὸ
257 997 416 1036 Εὖαγγίλιον
425 1020 432 1033 ,
449 998 506 1027 οὐδὲ
518 998 652 1028 ἀπείθειαν
664 1022 672 1036 ,
688 1000 757 1028 ἀλλὰ
773 1000 880 1038 μᾶλλον

75 1040 285 1079 εὐγνωμοσύνην
303 1041 348 1071 καὶ
362 1042 517 1073 εὐπείθειαν.

121 1143 134 1159 ε
153 1132 195 1161 Οὖ
211 1131 262 1170 γὰρ
282 1130 353 1161 ἔστιν
378 1131 480 1166 ἐξουσία
494 1155 502 1169 ,
526 1134 549 1162 εἰ
568 1133 606 1172 μὴ
622 1133 674 1163 ἀπὸ
688 1134 758 1164 Θεοῦ
775 1147 780 1152 ·
798 1136 825 1164 αἱ
851 1134 877 1165 δὲ

76 1170 159 1205 οὖσαι
173 1175 288 1210 ἐξουσίαι
307 1176 357 1205 ὑπὸ
375 1177 446 1206 Θεοῦ
468 1170 627 1217 τεταγμίναι
647 1177 723 1208 εἰσίν.
745 1190 759 1207 ι
781 1180 815 1209 Τί
829 1179 874 1208 λέ-

75 1232 148 1259 γεις;
165 1222 225 1254 Πᾶς
239 1221 330 1261 ἄρχων
347 1221 397 1250 ὑπὸ
411 1223 482 1253 Θεοῦ
494 1222 709 1263 κεχειροτόνηται
721 1234 729 1262 ;
744 1225 786 1254 Οὐ
802 1226 878 1254 τοῦτο

75 1267 148 1305 λέγω
158 1289 168 1302 ,
194 1265 274 1306 φησὶν
285 1289 293 1304 ,
313 1265 372 1296 οὖδὶ
385 1266 446 1306 περὶ
461 1268 514 1295 τῶν
538 1269 597 1296 καθ’
613 1266 723 1297 ἕκαστον
740 1269 876 1308 ἀρχόντων

74 1312 89 1339 ὁ
103 1310 180 1348 λόγος
195 1322 240 1348 μοι
254 1313 315 1352 νςιῖν,
333 1310 402 1341 ἀλλὰ
422 1311 482 1350 περὶ
497 1314 541 1340 τοῦ
564 1311 718 1352 πράγματος
732 1314 821 1343 αὐτοῦ.
837 1314 878 1344 Τὸ

75 1354 129 1394 γὰρ
146 1355 230 1395 ἀρχὰς
254 1350 340 1392 εἶναι,
365 1356 411 1385 καὶ
435 1355 493 1389 τοὺς
509 1355 556 1394 μὲν
572 1350 665 1398 ἄρχειν
677 1380 684 1393 ,
706 1357 765 1391 τοὺς
787 1358 814 1388 δὲ
831 1359 878 1399 ἄρ-

76 1402 191 1439 χεσθαι,
209 1400 253 1429 καὶ
275 1399 313 1438 μὴ
331 1401 386 1430 ἄνω
398 1400 444 1430 καὶ
455 1401 530 1430 κάτω
543 1401 681 1443 τὰῌπάντα
697 1402 826 1443 φύρεσθαι
837 1403 874 1440 ²⁷,

76 1446 124 1488 τῆς
139 1447 185 1474 τοῦ
199 1444 269 1474 Θεοῦ
286 1445 378 1485 σοφίας
390 1445 468 1484 ἔργον
481 1445 551 1485 φημὶ
568 1441 644 1476 εἶναι.
658 1441 718 1477 Οὖκ
730 1441 788 1476 εἷπε
802 1447 853 1488 γὰρ
867 1471 875 1485 ,

76 1487 116 1518 ὅτι
134 1490 196 1519 Οὐκ
215 1490 285 1518 ἔστιν
303 1490 392 1530 ἄρχων
404 1513 412 1525 ,
428 1489 496 1524 ἀλλ’,
517 1503 529 1516 α
548 1491 606 1520 Οὖκ
618 1491 689 1520 ἔστιν
711 1491 816 1526 ἐξουσία
828 1487 876 1531 ,εἰ

78 1532 116 1571 μὴ
145 1533 197 1562 ὑπὸ
224 1534 305 1564 Θεοῦ.
337 1546 351 1563 ι>
401 1533 490 1564 υΩστε
524 1535 584 1575 περὶ
613 1537 693 1565 αὐτοῦ
726 1539 772 1566 τοῦ
802 1537 874 1578 πρά-

77 1589 198 1616 γματος,
225 1580 271 1613 τῆς
300 1580 402 1618 ἀρχῆς,
418 1579 503 1619 φημὶ,
524 1579 683 1619 διαλέγεται.
698 1580 805 1622 Ὥσπερ
828 1582 874 1611 καί

76 1634 115 1655 τις
133 1623 212 1663 σοφὸς
227 1622 290 1651 ὅταν
305 1624 371 1662 λέγῃ
383 1635 390 1642 ·
407 1635 422 1651 α
441 1623 519 1664 Παρὰ
538 1625 635 1665 Κυρίου
651 1619 797 1665 ἆρμόζεταί
806 1626 872 1667 γυνὴ
888 1619 910 1650 C

79 1667 165 1706 ἀνδρί·
178 1681 190 1692 ι
207 1669 235 1696 οὖ
247 1669 324 1697 τοῦτο
343 1668 432 1706 λέγει,
446 1667 487 1698 ὅτι
503 1668 613 1699 ἕκαστον
633 1670 754 1700 συνιόντα
771 1671 875 1710 γυναικὶ

77 1711 156 1744 αὐτὸς
171 1712 299 1752 συνάπτει
315 1724 321 1730 ·
338 1713 398 1741 ἀλλ’
418 1712 459 1741 ὅτι
474 1713 519 1743 τὸν
535 1714 621 1752 γάμον
644 1715 767 1751 ἐποίησεν
784 1716 872 1750 αὐτός.

79 1756 172 1785 Πᾶσαι
187 1751 231 1786 οὖν
253 1757 279 1785 αἱ
296 1756 410 1790 ἐξουσίαι
436 1758 487 1787 ὑπὸ
501 1751 580 1795 Θεοῢί
594 1759 700 1792 δικαίως
716 1760 876 1799 τεταγμέναι

77 1800 144 1830 εἰσὶν
150 1824 159 1838 ,
178 1801 235 1830 οἵαν
251 1801 283 1830 ἂν
302 1802 452 1842 σκοπήσῃς,
480 1802 529 1831 κᾶν
553 1803 602 1839 τὴν
626 1806 672 1833 τοῦ
697 1806 793 1844 πατρὸς
810 1806 875 1845 πρὸς

76 1845 154 1884 υἱὸν,
181 1845 229 1874 κᾶν
256 1846 305 1882 τὴν
331 1848 376 1876 τοῦ
405 1847 496 1887 ἀνδρὸς
522 1848 587 1888 πρὸς
605 1852 732 1888 γυναῖκα,
757 1849 806 1878 κᾶν
828 1849 874 1884 τὰς

77 1889 160 1924 ἄλλας
182 1890 269 1924 πάσας
285 1902 292 1909 ·
307 1890 353 1920 καὶ
370 1891 416 1924 τὰς
438 1893 464 1920 ἓν
475 1897 529 1926 τοῖς
544 1892 618 1927 ζώοις
634 1893 681 1929 δὲ,
698 1895 733 1927 ὥς
753 1896 803 1923 τῶν
820 1907 874 1933 με-

77 1935 177 1964 λισσῶν
186 1958 195 1974 ,
212 1937 246 1968 ὣς
264 1936 316 1965 τῶν
335 1936 467 1977 γεράνων,
481 1939 515 1970 ὡς
525 1938 577 1966 τῶν
593 1936 702 1978 ἰχθύων.

117 2038 129 2050 ι
143 2024 231 2055 Ὥστε
247 2027 261 2055 ὁ
274 2025 494 2064 ἀντιτασσόμενος
508 2029 541 2067 τῇ
559 2027 663 2069 ἐξουσία
736 2030 783 2058 τοῦ
801 2030 873 2060 Θεοῦ

78 2069 192 2110 διαταγῇ
223 2070 395 2107 ἀνθέστηκεν.
429 2072 465 2101 Οἱ
499 2072 526 2102 δὲ
553 2073 740 2110 ἀνθεστηκότες
772 2075 873 2108 ἑαυτοῖς

77 2114 161 2154 κρῖμα
183 2114 323 2155 λήψονται.
338 2126 353 2144 ι)
370 2114 430 2146 Ἶνα
447 2116 485 2154 μὴ
510 2117 593 2157 ιχωσι
616 2117 702 2156 λέγειν
722 2118 746 2147 οἱ
768 2118 873 2156 πιστοὶ,

77 2157 116 2187 ὅτι
132 2158 320 2194 Ἐξευτελίζεις
335 2162 423 2198 ἡμᾶς,
445 2160 505 2194 τοὺς
528 2163 574 2197 τῆς
596 2163 648 2191 τῶν
663 2163 780 2202 οὐρανῶν
797 2165 873 2202 βασι-

77 2203 147 2237 λείας
181 2204 323 2233 ἀπολαύειν
354 2205 511 2244 μίλλοντας,
541 2206 666 2246 ἄρχουσιν
692 2207 870 2237 ὕποτάττων’

77 2248 221 2287 δείκνυσιν,
246 2248 286 2278 ὅτι
300 2251 338 2290 τῷ
362 2250 424 2289 Θεῷ
450 2250 642 2288 ὗποτάττεται,
659 2253 673 2280 ὁ
695 2256 753 2285 ταῖς
776 2253 871 2292 ἀρχαῖς

77 2294 308 2332 ὑποτασσόμενος·
331 2295 432 2332 μᾶλλον
458 2295 484 2324 δὲ
509 2294 538 2324 τὸ
556 2295 736 2336 φοϐερώτερον
753 2296 779 2315 ³⁸
798 2296 870 2333 τίθη-

76 2349 135 2374 σιν,
150 2337 190 2367 ϐτι
217 2339 231 2366 ὃ
255 2339 292 2376 μὴ
315 2338 424 2372 ταύταις
443 2339 595 2378 πειθόμενος
624 2340 818 2371 ἀντιτάσσεταί
834 2343 872 2382 τῷ

76 2383 154 2422 Θεῷ,
170 2384 209 2422 τῷ
230 2382 277 2416 τὰς
301 2383 384 2423 ἀρχὰς
405 2383 513 2417 τάξαντι
526 2396 533 2402 ·
550 2386 564 2414 ὁ
587 2384 614 2414 δὲ
633 2385 800 2421 ἀνθεστηκὼς
826 2386 872 2416 καὶ

77 2427 148 2466 παρὰ
168 2429 213 2457 τοῦ
229 2427 300 2458 Θεοῦ
315 2428 531 2468 τιμωρηθήσεται
553 2430 599 2458 καὶ
621 2430 694 2469 παρὰ
713 2430 869 2470 ἀνθρώπων.

75 2472 160 2501 Τοῦτο
183 2473 235 2511 γὰρ
255 2474 399 2502 αἰνίττεται
421 2472 502 2502 εἰπών
520 2485 526 2492 α
549 2485 563 2503 ι(
575 2473 699 2508 Ἐαυτοῐς
723 2477 806 2515 κρῖμα
822 2477 871 2512 λή-

75 2517 167 2556 ψονται
182 2518 205 2546 οἱ
223 2517 422 2554 ἀνθεστηκότες.
442 2532 454 2544 υ

119 2618 133 2636 ε
148 2608 184 2638 Ol
204 2607 256 2647 γὰρ
275 2607 400 2648 ἄρχοντες
417 2609 465 2639 οὔκ
479 2609 530 2639 εῑσὶ
545 2608 624 2650 φόϐος
640 2610 692 2639 τῶν
705 2611 811 2649 ἀγαθῶν
827 2610 870 2651 ἔρ-

77 2663 142 2690 γων,
159 2651 230 2682 ἀλλὰ
244 2654 296 2682 τῶν
311 2655 413 2684 κακῶν.
439 2653 536 2688 Θέλεις
559 2655 586 2684 δὲ
610 2653 647 2690 μὴ
668 2654 806 2695 φοϐεῖσθαι
821 2655 869 2691 τὴν

78 2695 208 2733 ἐξονσίανς
224 2696 254 2727 τὸ
272 2698 370 2737 ἀγαθὸν
387 2698 478 2736 ποίει,
502 2698 547 2728 καὶ
567 2698 632 2733 ἕξεις
647 2698 754 2729 ἔπαινον
771 2699 797 2734 ἐξ
819 2700 868 2729 αὖ·

113 2757 126 2770 ιι
134 2753 217 2782 Prov.
229 2760 297 2788 xu,
313 2756 356 2782 l4.

935 286 975 313 vel
1000 285 1198 314 deliberatione
1215 285 1282 314 illud
1300 284 1343 314 fac
1370 294 1377 313 :
1403 293 1455 313 nec
1478 287 1552 314 mala
1576 291 1733 322 patrantem

934 330 1043 358 imitare
1068 340 1075 358 :
1101 330 1153 358 hoc
1178 330 1253 358 enim
1269 334 1342 358 esset
1356 334 1383 358 te
1397 331 1577 358 succumbere
1592 335 1620 358 et
1632 331 1701 359 vinci
1725 340 1731 359 :

933 375 999 411 quin
1031 375 1122 411 potius
1146 375 1225 403 stude
1250 375 1431 403 beneficentia
1456 380 1502 403 tua
1522 375 1598 404 illum
1612 375 1731 410 vincere,

933 423 1016 456 atque
1036 428 1052 447 a
1073 428 1121 448 sua
1138 420 1240 448 malitia
1265 419 1421 448 transferre.
1449 419 1531 456 Quod
1550 420 1634 455 igitur
1648 428 1732 456 supra

933 463 1012 499 dixit,
1027 464 1063 492 ad
1075 464 1305 501 pusillanimitatis
1318 464 1534 492 consolationem
1555 464 1625 493 dixit
1638 475 1644 493 :
1659 472 1734 493 nunc

933 514 1028 538 autem
1046 509 1120 546 quod
1131 509 1279 546 perfectius
1292 513 1334 537 est
1348 508 1465 537 induxit.

1221 586 1345 614 CAPUT
1362 585 1441 613 XIII.

968 651 1060 679 Vsus.
1077 654 1102 678 1.
1120 661 1135 676 α
1145 651 1242 679 Omnis
1265 650 1358 678 anima
1371 650 1553 687 potestatibus
1567 650 1734 679 sublimiori-

933 695 984 723 bus
997 695 1105 724 subdita
1116 696 1160 724 sit.
1178 707 1190 720 ν
1205 696 1275 724 Cum
1287 695 1444 724 auditorum
1460 703 1551 724 mores
1560 695 1730 723 sufﬁcienter

932 740 1143 776 composuisset,
1169 748 1271 777 eosque
1297 740 1436 769 docuisset
1471 744 1502 768 ut
1535 741 1576 768 vel
1607 740 1734 769 hostibus

932 789 1024 813 essent
1045 785 1166 821 benigni,
1186 785 1257 813 hanc
1281 785 1392 813 adducit
1416 784 1648 820 adhortationem,
1673 793 1734 814 eru-

932 830 1010 858 diens
1024 835 1052 858 et
1070 831 1218 858 instituens
1237 838 1352 858 omnem
1367 831 1500 864 animam,
1524 830 1581 858 sive
1604 830 1733 858 sacerdos

931 875 1068 911 quispiam
1083 874 1175 909 fuerit,
1193 875 1233 903 vel
1255 874 1417 909 monachus,
1444 875 1484 903 vel
1498 875 1647 910 apostolus,
1664 874 1732 902 sub-

932 919 979 955 jici
1006 919 1210 955 principatibus.
1236 919 1292 948 Ista
1307 919 1382 947 enim
1397 919 1532 955 subjectio
1551 927 1606 947 non
1623 919 1733 946 invertit

934 965 1071 1000 pietatem.
1082 964 1220 992 Admonet
1228 969 1320 992 autem
1331 964 1384 992 boc
1392 964 1554 999 Apostolus,
1563 967 1593 992 ut
1606 964 1734 992 ostendat

935 1009 1112 1046 Evangelium
1124 1017 1180 1037 non
1193 1008 1292 1037 docere
1305 1008 1488 1038 defectionem
1501 1013 1548 1037 aut
1571 1008 1732 1037 inobedien-

933 1056 1000 1083 tiam
1027 1062 1090 1090 erga
1116 1054 1317 1091 magistratum,
1332 1053 1381 1082 sed
1401 1053 1621 1082 moderationem
1640 1053 1733 1090 potius

937 1103 965 1127 et
977 1098 1170 1127 obedientiam.

971 1153 985 1169 α
998 1144 1062 1171 Non
1079 1143 1152 1171 enim
1165 1147 1208 1171 est
1221 1147 1342 1180 potestas
1364 1143 1416 1172 nisi
1430 1151 1445 1171 a
1466 1145 1524 1171 Deo
1540 1152 1547 1171 :
1561 1151 1622 1180 quae
1638 1146 1731 1171 autem

934 1192 999 1216 sunt
1012 1192 1172 1224 potestates,
1186 1196 1202 1217 a
1227 1190 1288 1218 Deo
1303 1188 1439 1218 ordinatae
1454 1193 1528 1216 sunt.
1544 1199 1557 1215 ι)
1585 1188 1657 1224 Quid
1672 1188 1710 1216 ais
1720 1189 1733 1216 Ρ

933 1234 1065 1262 Omnisne
1087 1234 1213 1270 princeps
1235 1234 1275 1262 vel
1299 1234 1476 1270 magistratus
1502 1241 1517 1262 a
1543 1235 1603 1262 Deo
1630 1234 1732 1262 electus

933 1278 995 1306 est?
1018 1279 1081 1306 Non
1104 1277 1157 1306 hoc
1184 1278 1256 1313 dico,
1280 1278 1378 1315 inquit,
1393 1286 1484 1314 neque
1498 1277 1533 1306 de
1558 1278 1689 1306 omnibus
1704 1282 1732 1306 et

931 1322 1045 1359 singulis
1070 1323 1236 1359 principibus
1262 1323 1302 1351 vel
1327 1323 1531 1359 magistratibus
1553 1322 1620 1350 mibi
1639 1330 1731 1350 sermo

933 1376 1005 1395 nunc
1018 1372 1071 1402 est,
1090 1367 1138 1396 sed
1151 1368 1184 1395 de
1208 1375 1237 1396 re
1251 1367 1317 1403 ipsa.
1339 1369 1411 1396 Nam
1426 1367 1592 1404 principatus
1615 1374 1684 1400 esse,
1705 1370 1732 1394 et

932 1413 999 1441 alios
1012 1412 1123 1448 quidem
1142 1413 1302 1448 magistratu
1317 1411 1403 1448 fungi,
1416 1411 1483 1440 alios
1503 1419 1565 1440 vero
1586 1411 1731 1447 magistra-

933 1455 1005 1484 tibus
1033 1455 1124 1490 subdi,
1156 1464 1246 1493 neque
1281 1465 1391 1485 sursum
1417 1460 1445 1484 et
1472 1456 1602 1484 deorsum
1636 1456 1732 1484 omnia

932 1500 1052 1535 misceri,
1080 1501 1130 1529 Dei
1154 1501 1296 1537 sapientiae
1319 1501 1383 1529 dico
1397 1509 1467 1538 opus
1487 1508 1556 1530 esse.
1575 1503 1637 1530 Non
1659 1501 1731 1529 enim

927 1545 1006 1580 dixit,
1024 1553 1083 1574 non
1097 1553 1159 1574 esse
1174 1546 1338 1582 principem,
1353 1545 1402 1574 sed
1425 1556 1440 1572 α
1454 1547 1516 1575 Non
1535 1554 1595 1574 esse
1609 1550 1729 1582 potesta-

927 1593 994 1623 tem.
1010 1590 1060 1618 nisi
1075 1598 1090 1618 a
1112 1593 1179 1619 Deo.
1197 1601 1211 1617 n
1227 1591 1328 1627 Quare,
1347 1591 1381 1619 de
1397 1599 1426 1619 re
1436 1591 1504 1627 ipsa,
1520 1591 1554 1619 de
1571 1591 1629 1626 ipso
1645 1590 1731 1627 magi-

927 1638 1040 1669 stratus,
1068 1635 1192 1671 inquam,
1225 1634 1317 1663 ofﬁcio
1337 1635 1457 1664 disserit.
1489 1634 1730 1670 Quemadmodum

927 1687 991 1707 cum
1010 1679 1162 1715 sapientum
1187 1679 1284 1716 aliquis
1310 1679 1385 1708 dicat
1405 1689 1412 1708 :
1443 1689 1457 1705 α
1477 1682 1500 1706 Α
1520 1679 1640 1707 Domino
1662 1687 1731 1707 uxor

928 1728 1037 1760 aptatur
1055 1724 1111 1752 viro
1135 1733 1141 1752 ε
1160 1734 1173 1750 ι)
1188 1733 1245 1752 non
1259 1724 1312 1752 hoc
1325 1723 1408 1758 dicit,
1421 1723 1495 1761 quod
1505 1724 1657 1760 quemlibet
1665 1731 1729 1752 cum

928 1768 1041 1796 muliere
1063 1769 1272 1797 convenientem
1302 1770 1379 1797 Deus
1397 1769 1519 1805 copulet,
1544 1777 1640 1797 verum
1655 1768 1730 1805 quod

928 1812 985 1848 ipse
1009 1813 1117 1850 nuptias
1139 1813 1203 1841 fecit
1216 1818 1243 1841 et
1270 1813 1399 1841 instituit.
1424 1814 1528 1842 Omnes
1548 1814 1638 1850 itaque
1656 1818 1730 1850 pote-

927 1861 1024 1892 states,
1042 1857 1261 1893 qualemcunque
1276 1858 1389 1894 cogites.
1405 1857 1456 1885 rite
1476 1866 1490 1885 a
1512 1858 1571 1885 Deo
1595 1858 1730 1886 ordinata!

927 1905 1004 1935 sunt,
1024 1901 1081 1930 sive
1095 1901 1181 1937 patris
1191 1902 1219 1929 in
1231 1901 1330 1936 ﬁlium,
1348 1902 1405 1930 sive
1421 1901 1513 1929 mariti
1526 1902 1554 1929 in
1569 1902 1727 1938 conjugem,

927 1947 984 1974 sive
998 1954 1096 1975 omnes
1111 1946 1188 1980 alias,
1211 1946 1269 1974 imo
1283 1954 1344 1983 qua:
1359 1947 1400 1975 vel
1415 1946 1442 1974 in
1458 1946 1526 1983 ipsis
1542 1949 1607 1975 sunt
1621 1946 1728 1975 anima~

928 1991 1012 2025 libus,
1024 1990 1122 2027 apibus
1135 1991 1278 2025 nimirum,
1299 1991 1413 2028 gruibus
1426 1995 1454 2019 et
1473 1991 1602 2027 piscibus.

963 2037 1052 2065 Vnus.
1066 2039 1093 2065 2.
1119 2046 1132 2063 α
1155 2037 1251 2072 Itaque
1265 2036 1312 2072 qui
1331 2036 1437 2064 resistit
1456 2036 1592 2072 potestati,
1613 2035 1663 2064 Dei
1685 2043 1730 2064 or-

927 2079 1062 2109 dinationi
1084 2081 1196 2109 resistit.
1213 2081 1384 2110 Resistentes
1397 2086 1490 2109 autem
1512 2080 1631 2117 sibiipsis
1651 2080 1728 2117 judi-

926 2126 1001 2154 cium
1020 2126 1165 2162 accipient.
1192 2136 1205 2152 ν
1238 2128 1280 2155 Ne
1305 2126 1399 2154 ﬁdeles
1420 2125 1512 2155 dicere
1532 2125 1588 2162 95
1604 2129 1704 2162 queant
1721 2135 1727 2154 :

927 2171 1000 2198 Viles
1013 2171 1091 2207 plane
1106 2179 1157 2199 nos
1176 2170 1278 2205 reddis,
1293 2171 1340 2207 qui
1355 2175 1449 2199 tamen
1463 2171 1596 2200 calorum
1612 2178 1728 2206 regnum

928 2215 1052 2250 adepturi
1075 2224 1182 2249 sumus,
1206 2215 1373 2252 principibus
1394 2220 1423 2244 et
1445 2216 1651 2252 magistratibus
1679 2223 1730 2243 nos

927 2259 1094 2296 subjiciens;
1117 2265 1254 2289 monstrat
1274 2261 1348 2297 quod
1373 2262 1434 2289 Deo
1457 2261 1627 2296 subjiciatur,
1652 2260 1730 2297 quis-

926 2304 987 2339 quis
1002 2305 1176 2341 magistratui
1191 2305 1337 2342 subjicitur
1353 2314 1360 2333 :
1385 2305 1427 2333 vel
1443 2305 1544 2341 potius,
1557 2304 1633 2341 quod
1649 2305 1729 2333 terri-

926 2347 1007 2376 bilius
1033 2352 1087 2382 est,
1109 2348 1212 2383 subdit,
1239 2357 1348 2385 nempe,
1375 2349 1449 2386 quod
1477 2349 1521 2377 ille
1548 2349 1596 2385 qui
1615 2349 1658 2377 his
1672 2357 1729 2378 non

926 2391 1008 2420 fuerit
1038 2392 1194 2427 obsecutus,
1224 2395 1283 2422 Deo
1309 2394 1422 2429 resistit,
1454 2394 1500 2430 qui
1530 2398 1680 2431 potestates
1703 2398 1730 2423 et

926 2436 1102 2473 magistratus
1129 2437 1278 2466 ordinavit.
1306 2438 1359 2474 Qui
1384 2443 1480 2467 autem
1503 2443 1647 2476 repugnat,
1662 2443 1690 2467 et
1711 2447 1726 2467 a

927 2483 986 2509 Deo
1009 2482 1146 2518 punietur,
1170 2486 1198 2510 et
1213 2483 1248 2511 ab
1270 2483 1427 2512 hominibus
1444 2493 1453 2512 :
1472 2483 1524 2512 hoc
1538 2485 1614 2513 enim
1633 2484 1727 2512 subin-

925 2527 996 2562 nuit,
1011 2535 1078 2555 cum
1091 2526 1172 2562 dixit,
1190 2537 1204 2554 ιι
1216 2527 1337 2564 Sibiipsis
1352 2528 1491 2565 judicium
1510 2529 1649 2566 accipient
1664 2529 1728 2558 resi-

925 2575 1029 2600 stentes
1033 2593 1040 2600 .
1054 2582 1067 2599 Ὠ

960 2617 1050 2645 Vans.
1073 2620 1099 2645 3.
1117 2629 1130 2643 ι
1143 2617 1282 2654 Principes
1294 2618 1370 2646 enim
1383 2625 1441 2646 non
1453 2623 1518 2647 sunt
1529 2622 1618 2646 terror
1636 2617 1726 2646 bono-

925 2668 989 2688 rum
1000 2669 1127 2697 operum,
1148 2661 1196 2690 sed
1209 2662 1359 2690 malorum.
1375 2662 1421 2691 Vis
1435 2666 1528 2691 autem
1550 2669 1606 2690 non
1627 2661 1724 2690 timere

924 2707 1114 2741 potestatem?
1138 2709 1246 2736 Bonum
1265 2706 1319 2742 fac,
1343 2711 1371 2736 et
1396 2706 1510 2736 habebis
1546 2706 1659 2735 laudem
1691 2706 1724 2736 ab

768 2796 862 2826 Varie
883 2797 1038 2829 lectiones.

109 2831 130 2850 "'
141 2833 257 2871 φέρεσθαι
270 2841 297 2862 ο.
335 2833 358 2852 ³
372 2836 542 2872 φανερώτερον
556 2844 583 2865 ο.
