1901 3077
176 182 227 211 515

666 178 732 208 THE
737 178 929 209 OPHYLACTI
948 177 1126 209 BULGARIE
1145 176 1302 207 ARCHIEP.

1799 179 1849 206 316

174 253 274 281 ipsa.»
299 243 370 281 Quid
387 242 488 272 metuis
506 248 555 272 aut
580 242 696 272 horres?
719 244 784 272 Non
809 244 886 272 enim
913 251 975 272 eum

1053 246 1087 280 ἧς.
1105 254 1121 272 ι
1138 242 1175 274 Τί
1186 242 1305 276 δέδοικας
1321 240 1366 272 καὶ
1379 241 1514 281 opinere;
1532 240 1580 278 Μὴ
1598 240 1659 282 γὰρ
1674 241 1796 282 ἐπιτιμᾷ
1810 253 1848 272 σοι

173 291 245 319 bene
257 289 349 322 facias,
365 289 542 326 magistratus
565 294 593 318 te
606 289 748 326 increpat:
773 297 832 318 non
846 289 973 318 terribilis

1053 289 1115 322 ιλῶς
1138 287 1301 329 πράττοντι,
1326 286 1364 326 μὴ
1381 288 1433 327 γὰρ
1449 286 1559 328 φοϐερός
1581 287 1631 316 σοί
1656 287 1737 316 ἐστιν
1754 287 1850 326 ἀρετῆς

174 339 216 363 est
237 335 288 363 tibi
312 334 403 362 virtuti
423 342 536 370 operam
561 335 695 362 navanti:
724 335 792 371 quin
812 335 902 371 potius
916 335 973 363 lau-

173 379 253 408 dator
272 383 337 408 tuus
350 379 436 414 sedet,
455 379 478 408 si
501 378 596 408 feceris
609 379 684 416 quod
707 379 812 408 bonum
827 384 876 408 est.
899 381 973 408 Tan-

1027 333 1228 374 ἐπιμελουμένῳ
1244 344 1251 352 ·
1278 333 1340 362 ω’
1355 332 1400 362 ἰὰν
1425 334 1508 366 ποιεῖς
1532 331 1561 361 τὸ
1587 331 1701 370 ἀγαθὸν
1717 354 1727 369 ,
1746 332 1849 369 μᾶλλον

1029 378 1166 415 ἐπαινέτης
1185 389 1232 408 σου
1254 377 1368 414 κάθηται
1382 379 1397 407 ὃ
1420 376 1521 418 ἄρχων.
1546 377 1698 408 Τοσοῦτον
1724 376 1781 417 γὰρ
1797 378 1849 406 ἄπ-

175 428 237 452 tum
261 424 336 453 enim
347 424 425 453 abest
445 429 477 453 ut
489 428 626 453 terrorem
640 424 690 453 tibi
705 425 829 459 incutiat,
844 428 876 454 ut
889 425 972 453 etiam

1053 435 1084 463 ιιι
1097 424 1144 453 τοῦ
1166 422 1283 464 φοϐῆσαί
1298 433 1342 459 σε,
1358 421 1427 452 ὥστε
1443 421 1490 452 καὶ
1504 421 1616 452 ἰπαινεῖ
1628 432 1676 451 σε.

176 473 204 497 te
213 469 314 498 laudet.

214 515 304 543 Vnus.
322 517 355 543 4.
375 523 391 541 α
405 514 459 542 Dei
471 521 592 551 namque
615 514 744 543 minister
763 518 805 544 est
818 514 867 544 tibi
882 514 910 543 in
924 515 974 543 bo-

176 567 255 588 num.
275 568 289 586 in
315 559 470 593 Voluntati,
493 559 592 596 inquit,
617 559 667 587 Dei
687 564 851 596 cooperatur
872 567 880 588 :
900 560 975 588 verbi

176 604 273 641 gratia,
285 604 405 632 consulit
418 604 468 632 tibi
478 605 555 633 Deus
575 612 624 640 per
638 605 831 641 Evangelium,
857 609 888 633 ut
901 609 975 633 tem-

176 650 306 686 perantia
317 649 431 678 studeas
447 659 454 678 :
468 649 506 678 ita
521 650 645 686 princeps
659 658 708 686 per
721 650 794 687 leges
804 658 867 679 suas
879 650 975 679 eadem

174 695 261 732 jubet.
283 694 453 723 Adbortatur
470 696 545 723 Deus
563 702 598 723 ne
623 703 792 731 quemquam
818 694 976 729 defraudes,

176 748 212 768 ne
230 740 352 769 avaritiae
376 739 476 775 inhies,
495 747 583 775 neque
603 740 695 776 rapias
708 740 816 768 aliena:
831 741 976 777 magistra—

176 789 222 813 tus
241 786 326 814 etiam
339 792 422 821 super
445 784 520 813 hisce
528 784 645 821 judicat,
661 785 785 821 adeoque
799 784 852 813 fert
865 789 978 814 senten-

176 830 253 859 tiam.
278 830 398 866 Adjutor
420 830 513 866 itaque
537 830 618 858 nobis
637 833 680 858 est
698 830 733 858 ad
756 830 828 858 bona
842 838 935 867 opera,
951 831 974 860 si

177 875 260 904 modo
283 875 332 911 ipsi
352 879 473 903 mentem
497 874 681 903 advertamus.

212 929 226 947 α
240 920 289 948 Sin
302 920 408 948 malum
420 919 527 954 feceris,
543 921 610 948 time
625 929 631 947 :
647 928 705 948 non
723 920 798 949 enim
817 920 879 949 sine
893 928 975 950 causa

177 963 300 1001 gladium
310 967 411 1000 portat.
426 975 440 988 ι
454 962 576 992 Proinde
585 963 710 1000 princeps
722 971 780 992 non
791 963 859 992 facit
869 968 977 993 metum

177 1009 205 1037 in
232 1009 322 1044 nobis,
347 1016 442 1037 verum
471 1012 567 1037 nostra
596 1008 726 1045 nequitia,
753 1013 865 1045 propter
895 1017 978 1045 quam

177 1059 306 1091 operatur
331 1053 464 1090 principis
477 1053 595 1090 gladius,
614 1054 668 1082 hoc
695 1058 737 1082 est
756 1054 903 1083 coercendi
926 1062 980 1090 po-

176 1104 273 1128 testas.
284 1099 465 1135 Magistratus
472 1099 546 1128 enim
556 1107 612 1128 non
629 1099 731 1128 frustra
744 1099 835 1135 gladio
850 1099 979 1135 cingitur,

176 1144 225 1173 sed
242 1148 272 1173 ut
285 1144 433 1173 sceleratos
452 1144 558 1180 puniat.

214 1199 229 1216 α
247 1190 300 1217 Dei
319 1189 393 1217 enim
415 1189 541 1217 minister
561 1191 612 1224 est,
638 1188 738 1218 vindex
756 1188 786 1217 in
809 1189 880 1217 iram
893 1188 918 1217 ei
933 1186 980 1226 qui

179 1234 250 1262 male
264 1235 330 1270 agit.
343 1244 357 1260 »
370 1235 407 1262 Et
421 1233 530 1270 quando
542 1233 672 1262 virtutem
692 1233 796 1268 laudat,
809 1233 978 1262 voluntatem

179 1279 227 1306 Dei
242 1278 359 1315 implet:
385 1282 413 1306 et
435 1278 544 1315 quando
570 1278 659 1315 gladio
683 1277 755 1312 ferit,
780 1278 830 1306 Dei
853 1278 980 1306 minister

179 1327 230 1358 est,
254 1323 394 1351 vindicans
408 1323 539 1352 virtutem
561 1327 589 1351 et
603 1323 698 1351 vitium
717 1323 841 1359 abigens.
853 1323 980 1360 Plerique

177 1369 252 1397 enim
265 1376 324 1397 non
337 1372 396 1396 tam
412 1372 523 1404 propter
536 1371 644 1397 metum
654 1367 717 1401 Dei,
731 1375 815 1404 quam
828 1367 864 1395 ob
875 1368 980 1403 princi-

178 1421 244 1450 pum
274 1413 455 1442 formidinem
485 1413 591 1441 bonum
614 1412 769 1449 perﬁciunt.
797 1412 888 1446 Quare
916 1420 979 1440 cum

179 1458 279 1487 vindex
302 1459 338 1486 sit
352 1457 470 1492 virtutis,
485 1457 619 1494 supplicio
640 1456 763 1486 afﬁciens
783 1456 889 1484 malum
913 1464 980 1493 ope-

177 1508 297 1538 rantem,
310 1504 361 1533 Dei
375 1504 504 1533 minister
526 1506 578 1532 est.

214 1595 306 1622 Vsas.
328 1595 356 1620 5.
382 1603 398 1619 (ι
421 1592 487 1621 ldeo
503 1593 690 1621 necessarium
713 1596 755 1620 est
769 1591 896 1620 subditos
910 1599 980 1628 esse,

177 1645 234 1665 non
249 1637 341 1666 solum
358 1641 470 1673 propter
493 1637 574 1670 iram,
593 1636 644 1665 sed
668 1640 695 1665 et
709 1640 821 1672 propter
838 1636 981 1664 conscien-

178 1683 258 1710 tiam.
275 1694 288 1707 ι
307 1683 459 1710 Necessum
474 1685 525 1716 est,
542 1681 641 1718 inquit,
658 1681 748 1716 subdi,
769 1689 826 1709 non
839 1681 930 1709 solum
951 1684 982 1710 ut

178 1734 233 1755 non
250 1726 401 1762 experiaris
426 1726 497 1754 iram
523 1726 574 1754 Dei
598 1730 626 1755 et
641 1726 831 1762 magistratus,
850 1729 980 1761 tanquam

178 1771 384 1808 immorigerus,
407 1770 675 1808 intolerabiliterque
699 1770 847 1805 crucieris;
872 1777 982 1799 verum-

178 1816 260 1844 etiam
288 1820 319 1845 ut
339 1824 398 1845 non
423 1815 539 1845 videaris
553 1815 731 1844 conscientiae
754 1823 862 1852 expers,
877 1819 905 1844 et
919 1823 980 1852 erga

178 1861 385 1890 benefactorem
417 1861 547 1898 ingratus.
577 1860 733 1889 Plurimum
761 1861 837 1889 enim
865 1865 983 1896 prosunt

178 1906 376 1944 rebuspublicis
410 1906 589 1942 magistratus
617 1915 625 1934 :
651 1913 699 1942 per
723 1905 799 1942 ipsos
823 1905 898 1934 enim
927 1905 982 1933 vita

176 1957 272 1981 nostra
298 1951 433 1980 consistit.
456 1951 510 1987 Qui
524 1950 579 1979 nisi
602 1955 704 1985 essent,
716 1951 776 1987 jam
795 1950 862 1978 olim
888 1951 982 1978 omnia

177 1997 333 2034 periissem,
351 1995 552 2032 potentioribus
567 1994 761 2023 imbecilliores
775 1993 983 2036 devorantibus,

177 2041 348 2072 Conscientia
368 2041 461 2076 itaque
485 2044 545 2073 tua,
560 2039 658 2075 inquit,
673 2038 836 2075 persuadeat
851 2039 909 2074 96
923 2039 980 2073 tibi,

177 2091 210 2116 ut
222 2094 273 2115 suo
286 2086 391 2114 honore
411 2088 488 2112 tanta
511 2083 560 2112 tibi
583 2084 654 2112 bona
682 2083 817 2112 donantes
839 2091 980 2120 nunquam

177 2139 235 2160 non
248 2130 377 2167 digneris.

212 2177 303 2204 Vsus.
321 2178 347 2204 6.
367 2186 379 2199 ι
399 2173 464 2202 Ideo
480 2173 554 2202 enim
568 2177 596 2201 et
617 2173 718 2201 tributa
732 2173 877 2209 praestatis.
896 2182 911 2200 ιι
926 2174 980 2208 Τυ,

1073 526 1085 539 ι
1103 513 1174 543 Θεοῦ
1191 511 1242 552 γὰρ
1258 511 1376 545 διάκονός
1390 511 1447 541 ἐστί
1465 522 1507 541 σοι
1522 512 1559 546 εἰς
1579 511 1615 541 τὸ
1769 524 1782 536 ι
1802 511 1846 551 Τῷ

1030 557 1180 598 βουλήματι
1189 551 1202 597 ,7
1213 557 1278 597 φησὶ
1283 582 1292 595 ,
1308 558 1354 586 τοῦ
1376 557 1447 586 Θεοῦ
1461 557 1638 597 συμπράττει
1656 567 1665 574 ·
1682 551 1763 593 οἶον,
1776 567 1847 594 συμ-

1030 603 1150 632 ϐουλεύει
1165 614 1206 632 σοι
1221 604 1235 631 ὁ
1256 602 1324 635 Θεὸς
1346 601 1408 641 περὶ
1423 601 1598 641 σωφροσύνης
1622 600 1672 631 διὰ
1688 603 1739 630 τοῦ
1757 601 1845 640 Εὖσγε

1030 647 1118 686 γελίου
1129 658 1135 665 ·
1152 646 1197 676 καὶ
1219 648 1232 676 δ
1253 646 1345 687 ἄρχων
1364 645 1397 676 τὰ
1419 645 1487 676 αὐτὰ
1505 645 1576 686 λέγει
1589 646 1640 676 διὰ
1666 648 1725 675 τῶν
1743 646 1842 684 νόμων.

1032 693 1163 732 Παραινεῖ
1189 694 1203 722 ὁ
1225 691 1294 725 Θεὸς
1320 690 1358 730 μὴ
1380 691 1562 729 πλεονεκτεῖν,
1593 690 1673 728 μηδὲ
1693 689 1842 731 ἁρπάζειν.

1030 737 1077 767 καὶ
1103 737 1199 770 ἐκεῖνος
1228 737 1295 777 ὑπὲρ
1320 735 1419 766 τούτων
1441 735 1558 772 κάθηται
1586 736 1726 770 δικάζων.
1755 734 1842 766 Ὥστε

1032 781 1154 822 συνεργός
1177 782 1248 811 ἐστιν
1274 784 1338 820 ἡμῖν
1368 782 1407 815 εἰς
1429 780 1476 815 τὰς
1500 779 1604 821 ἀγαθὰς
1639 780 1775 821 πράξεις,
1800 779 1842 810 ἐὰν

1030 827 1102 868 αὐτῷ
1122 825 1309 867 προσέχωμεν.

1075 932 1089 950 (ι
1102 920 1168 952 Ἐὰν
1183 918 1211 950 δὲ
1226 920 1256 950 τὸ
1273 919 1353 950 κακὸν
1366 922 1459 961 ποιῇς,
1475 920 1559 961 φοϐοῦ
1571 932 1578 939 ·
1596 922 1629 950 οὖ
1646 919 1705 960 γὰρ
1723 921 1784 956 εἰχῆ
1795 920 1840 957 τὴν

1032 966 1166 1007 μάχαιραν
1180 967 1263 1006 φορεῖ.
1277 977 1290 994 ι)
1307 965 1396 995 Ὦστε
1417 966 1466 1005 οὖχ
1482 968 1496 996 ὁ
1519 965 1614 1006 ἄρχων
1638 966 1718 995 ποιεῖ
1737 965 1784 995 τὸν
1797 965 1840 1006 φό-

1034 1011 1096 1048 ϐον,
1113 1012 1173 1040 ἀλλ’
1187 1014 1204 1048 ἡ
1220 1011 1341 1050 ἡμετέρα
1358 1010 1486 1049 πονηρία,
1504 1009 1537 1039 δι’
1560 1010 1594 1046 ἣν
1617 1009 1669 1040 καὶ
1684 1013 1703 1047 ἡ
1722 1010 1840 1051 μάχαιρα

1032 1058 1078 1086 τοῦ
1100 1055 1225 1096 ἄρχοντος
1248 1056 1366 1095 ἐνεργεῖ,
1393 1054 1544 1092 τουτέστιν,
1570 1056 1588 1091 ἡ
1615 1053 1775 1090 κολαστικὴ
1799 1054 1840 1083 δύ-

1033 1113 1111 1139 ναμις
1126 1111 1134 1119 ·
1149 1100 1178 1129 οὗ
1193 1099 1245 1140 γὰρ
1268 1100 1356 1138 μάτην
1370 1099 1546 1140 περιέζωσται
1567 1099 1619 1136 τὴν
1637 1100 1751 1135 σπάθην
1767 1102 1781 1129 ὃ
1796 1099 1839 1139 άρ-

1032 1157 1089 1186 χων
1098 1167 1108 1184 ,
1125 1145 1185 1174 ἀλλ’
1199 1143 1243 1174 ἵνα
1258 1145 1357 1185 κολάζῃ
1370 1167 1379 1181 ,
1395 1144 1477 1185 φησὶ,
1492 1144 1551 1178 τοὺς
1565 1145 1718 1186 πονηρούς.

1074 1204 1086 1218 α
1105 1190 1176 1220 Θεοῦ
1192 1189 1243 1229 γὰρ
1263 1189 1381 1223 διάκονός
1399 1190 1468 1220 ἐστιν
1483 1190 1585 1223 ἔκδικος
1601 1190 1641 1223 εἷς
1656 1189 1743 1229 ὀργὴν
1759 1190 1798 1230 τῷ
1811 1188 1838 1217 τὸ

1034 1234 1116 1264 κακὸν
1133 1234 1286 1274 πράσσοντι.
1304 1248 1316 1261 υ
1337 1233 1392 1264 Καὶ
1410 1232 1473 1263 ὅταν
1488 1232 1513 1252 ²⁹
1535 1233 1583 1270 τὴν
1607 1234 1713 1274 ἀρετὴν
1731 1235 1839 1272 ἐπαινῇ,

1035 1279 1064 1309 τὸ
1088 1282 1134 1309 τοῦ
1149 1281 1219 1309 Θεοῦ
1244 1280 1367 1318 βούλημα
1380 1279 1479 1320 πληροῖ
1490 1291 1497 1298 ·
1518 1278 1564 1308 καὶ
1580 1278 1648 1308 ὅταν
1660 1280 1697 1314 τῆ
1716 1277 1837 1318 μαχαίρᾳ

1033 1329 1132 1365 χρᾶται
1143 1347 1151 1362 ,
1167 1327 1212 1353 τοῦ
1230 1324 1301 1354 Θεοῦ
1318 1323 1437 1358 διάκονός
1451 1325 1522 1353 ἐστιν
1533 1346 1542 1361 ,
1566 1325 1686 1354 ἐκδικῶν
1714 1323 1765 1359 τὴν
1780 1323 1836 1362 ἀρε-

1034 1369 1097 1406 τὴν,
1113 1369 1158 1398 καὶ
1179 1368 1227 1402 τὴν
1242 1368 1338 1398 κακίαν
1355 1367 1522 1399 ἀπελαύνων.
1549 1369 1586 1399 Οἱ
1609 1368 1710 1398 πολλοὶ
1733 1367 1785 1408 γὰρ
1809 1368 1836 1396 οὗ

1034 1415 1157 1443 τοσοῦτον
1173 1412 1217 1443 διὰ
1232 1413 1275 1442 τὸν
1291 1412 1373 1452 φόϐον
1388 1416 1434 1443 τοῦ
1455 1413 1544 1452 Θεοῦ,
1567 1412 1630 1444 ὅσον
1653 1413 1700 1442 διὰ
1723 1413 1768 1442 τὸν
1788 1413 1836 1441 τῶν

1037 1458 1188 1498 ἀρχόντων,
1204 1458 1235 1488 τὸ
1249 1457 1330 1488 καλὸν
1346 1457 1529 1498 μετέρχονται.
1544 1456 1634 1488 Ὥστε
1653 1456 1750 1493 ἐπειδὴ
1771 1455 1834 1485 ἔκδι-

1013 1531 1021 1542 ‘
1037 1503 1081 1536 κός
1098 1504 1154 1532 ἐστι
1175 1504 1222 1538 τῆς
1247 1504 1351 1542 niptris,
1377 1503 1494 1537 κολάζων
1518 1503 1563 1532 τὸν
1588 1504 1620 1533 τὸ
1647 1502 1733 1533 κακὸν
1756 1499 1836 1541 πράσ-

1036 1559 1133 1584 σοντα,
1152 1548 1225 1578 Θεοῦ
1242 1547 1362 1580 διάκονός
1377 1548 1442 1578 ἐστι.

1078 1604 1094 1620 α
1109 1592 1157 1622 Διὸ
1171 1592 1273 1631 ἀνάγκη
1289 1592 1485 1622 ὗποτάσσεσθαι
1496 1617 1503 1628 ,
1520 1592 1550 1623 οὗ
1574 1592 1658 1632 μόνον
1672 1591 1718 1621 διὰ
1733 1591 1782 1628 τὴν
1795 1591 1834 1630 ὄρ-

1035 1636 1084 1676 γὴν
1095 1659 1103 1674 ,
1118 1636 1187 1666 ἀλλὰ
1198 1636 1244 1667 καὶ
1258 1636 1302 1667 διὰ
1315 1636 1363 1674 ἰὴν
1379 1638 1538 1673 συνείδησιν.
1551 1648 1566 1666 ))
1587 1637 1709 1677 Ἀνάγκη
1720 1661 1729 1676 ,
1747 1635 1831 1676 φησὶν,

1036 1681 1245 1720 ὑποτάσσεσθαι,
1261 1682 1290 1711 οὗ
1305 1681 1383 1721 μόνον
1408 1681 1452 1712 ἶνα
1476 1681 1515 1721 μὴ
1532 1684 1683 1722 πειρασθῇς
1697 1683 1745 1718 τῆς
1760 1681 1834 1720 ὀργῆς

1037 1726 1083 1756 καὶ
1097 1729 1144 1756 τοῦ
1158 1727 1230 1756 Θεοῦ
1244 1727 1290 1756 καὶ
1312 1730 1358 1756 τοῦ
1373 1727 1515 1767 ἄρχοντος,
1530 1728 1565 1759 ὡς
1585 1727 1718 1764 ἀπειθὴς,
1732 1724 1777 1755 καὶ
1791 1735 1832 1754 κο-

1036 1773 1134 1812 λασθῇς
1150 1771 1285 1812 ἀφόρητα,
1300 1771 1370 1801 ἀλλὰ
1385 1771 1430 1801 καὶ
1453 1770 1496 1800 ἵνα
1512 1771 1550 1810 μὴ
1567 1771 1644 1812 δόξῃς
1667 1770 1832 1805 ἆσυνείδητος

1036 1810 1104 1845 εἶναι
1125 1810 1179 1846 καὶ.
1188 1810 1319 1856 ἀγνώμων
1333 1816 1394 1856 περὶ
1416 1815 1460 1845 τὸν
1475 1810 1625 1856 εὖεργέτηνξ
1662 1816 1830 1855 Εὖεργετοῦσι

1035 1859 1087 1901 γὰρ
1102 1862 1126 1890 οἱ
1142 1861 1267 1901 ἄρχοντες
1287 1861 1412 1900 μεγάλως
1430 1860 1477 1894 τὰς
1492 1861 1582 1895 πόλεις
1597 1872 1605 1879 ⁸
1619 1861 1665 1891 διὰ
1681 1860 1733 1901 γὰρ
1749 1859 1830 1888 αὐτῶν

1035 1907 1050 1934 δ
1073 1905 1128 1944 βίος
1141 1907 1219 1944 ἡμῶν
1234 1905 1389 1936 συνίσταται
1402 1916 1408 1922 ⁸
1426 1905 1472 1935 καὶ
1497 1905 1564 1945 εἴγε
1583 1905 1623 1944 μὴ
1644 1902 1731 1942 ἦσαν,
1748 1902 1830 1932 πάντα

1037 1949 1069 1978 ἂν
1084 1949 1185 1990 ᾤχετο,
1202 1952 1254 1980 τῶν
1277 1949 1461 1991 δυνατωτέρων
1476 1950 1536 1984 τοὺς
1563 1948 1766 1989 ἀσθενεστέρους
1785 1957 1829 1991 ζα·

1036 1994 1210 2026 ταπινόντων.
1229 1994 1265 2026 Η¹
1280 1990 1429 2032 συνείδησις
1443 2006 1490 2025 σου
1502 1995 1588 2025 τοίνυν
1600 2019 1609 2035 ,
1627 1995 1705 2036 φησὶ,
1722 1990 1829 2023 πειθέτω

1037 2051 1066 2069 σε
1081 2044 1161 2080 τιμᾷν
1178 2039 1238 2074 τοὺς
1250 2039 1283 2070 τὰ
1295 2043 1405 2071 τοιαῦτα
1420 2039 1491 2070 καλὰ
1512 2040 1707 2081 χαριζομένους
1722 2050 1771 2068 σοι.

1074 2185 1086 2198 ι
1104 2172 1156 2203 Διὰ
1171 2174 1249 2202 τοῦτο
1271 2171 1322 2213 γὰρ
1337 2172 1382 2201 καὶ
1405 2171 1498 2213 φόρους
1517 2172 1626 2202 τελεῖτε.
1640 2186 1652 2198 ι
1669 2171 1825 2209 Συμμαρτυ·

177 2221 276 2257 iuquit,
291 2220 411 2254 testaris,
428 2218 504 2255 quod
527 2226 542 2246 a
557 2217 719 2254 magistratu
734 2217 869 2246 beneﬁcio
888 2217 979 2247 afﬁce-

1054 2220 1108 2254 εἷς,
1124 2216 1199 2257 φησὶ,
1219 2216 1259 2246 δτι
1275 2218 1399 2258 εὐεργετῇ
1415 2216 1466 2246 ὕπὸ
1481 2218 1528 2247 τοῦ
1544 2217 1694 2258 ἄρχοντος,
1710 2213 1772 2243 καθὸ
1786 2222 1825 2250 μι-

176 2266 224 2301 ris,
250 2270 384 2302 quatenus
399 2263 558 2292 mercedem
582 2263 607 2291 ei
633 2262 742 2299 pendis,
765 2267 796 2291 ut
816 2263 840 2291 ei
855 2262 982 2292 videlicet

176 2310 222 2348 qui
242 2311 327 2339 rebus
345 2310 401 2338 tuis
423 2308 583 2345 prospiciat.
606 2309 672 2336 Non
698 2307 773 2336 enim
798 2308 827 2336 in
849 2308 982 2345 principio

176 2355 316 2383 tributum
341 2354 527 2386 solvissemus,
551 2351 602 2381 nisi
628 2353 845 2389 agnovissemus,
872 2353 982 2381 lucrum

179 2399 261 2428 nobis
282 2406 316 2428 ex
337 2398 496 2435 hujusmodi
522 2397 684 2434 praefectura
707 2406 865 2426 accrescere
888 2407 896 2426 :
920 2406 983 2426 cum

178 2444 281 2473 scilicet
293 2451 345 2472 nos
363 2451 430 2472 cura
451 2443 546 2477 soluti,
561 2442 739 2480 magistratus
753 2443 915 2477 habeamus,
939 2442 983 2479 qui

182 2497 233 2526 pro
250 2489 331 2518 nobis
344 2488 473 2517 excubias
487 2491 582 2525 agant.

215 2546 229 2559 ι
256 2533 377 2562 Ministri
392 2533 469 2562 enim
485 2533 536 2561 Dei
552 2536 628 2567 sunt,
643 2533 674 2562 in
700 2531 753 2561 hoc
765 2532 858 2568 ipsum
876 2532 985 2560 incum-

180 2580 285 2609 bentes.
305 2589 320 2607 ι)
343 2580 434 2615 Quare
459 2580 517 2606 Deo
544 2578 629 2606 etiam
652 2577 742 2614 placet
761 2581 791 2606 ut
804 2576 890 2613 ipsius
903 2577 988 2605 mini-

178 2626 242 2654 stris
259 2624 364 2653 tributa
379 2623 543 2661 pendamus.
569 2623 636 2651 Vult
655 2622 732 2650 enim
753 2623 830 2650 Deus
843 2629 940 2658 pacem
954 2631 985 2650 ac

179 2672 310 2700 virtutem
331 2670 359 2698 in
384 2668 526 2706 republica
542 2667 652 2702 versari,
665 2667 762 2695 vitium
775 2671 868 2696 autem
888 2666 980 2704 proﬂi-

178 2717 235 2753 gari
253 2725 259 2744 :
290 2714 414 2752 atquein
439 2713 493 2742 hoc
510 2712 646 2750 principes
669 2713 827 2742 ministrant
847 2712 981 2742 voluntati

1039 2261 1100 2290 σθὸν
1124 2262 1195 2302 αὐτῷ
1220 2262 1303 2295 τελεῖς
1320 2273 1326 2279 ·
1351 2261 1483 2302 πρόδηλον
1507 2261 1574 2302 γὰρ,
1598 2262 1640 2291 ὅτι
1663 2262 1699 2294 ὡς
1714 2266 1825 2302 προνοους

1039 2305 1110 2346 μένῳ
1131 2298 1188 2336 aeu:
1206 2306 1265 2335 Οὖκ
1281 2305 1312 2335 ἃν
1326 2298 1381 2346 γὰρ
1406 2298 1569 2345 ἐτελέσαμεν
1586 2306 1612 2340 ἐξ
1639 2306 1736 2346 ἀρχῆς,
1755 2302 1777 2331 ετ
1790 2298 1823 2338 μὴ

1037 2350 1155 2390 ἔγνωμεν
1181 2350 1221 2380 ὅτι
1246 2350 1416 2391 κερδαίνομεν
1442 2352 1472 2381 ἐκ
1497 2353 1544 2387 τῆς
1577 2350 1702 2385 τοιαύτης
1727 2348 1825 2391 ἐπιστας

1040 2386 1116 2429 ciae:
1131 2395 1205 2425 αὐτοὶ
1227 2386 1438 2436 μὶν-ἀμέριμνοι
1456 2395 1546 2433 ὄντες,
1571 2395 1631 2430 τοὺς
1655 2394 1781 2435 ἄρχοντας
1799 2386 1822 2416 δέ

1040 2439 1144 2480 ἔχοντες
1156 2439 1222 2480 ὑπὲρ
1241 2441 1320 2480 ἡμῶν
1336 2440 1543 2481 ἆγρυπνοῦντας.

1084 2542 1097 2556 ι
1113 2529 1268 2570 Λειτουργοὶ
1288 2529 1340 2570 γὰρ
1358 2531 1429 2560 Θεοῦ
1444 2532 1519 2568 εἰσιν,
1537 2531 1575 2565 εἷς
1590 2529 1653 2561 αὐτὸ
1665 2530 1739 2559 τοῦτο
1748 2533 1819 2570 προσ·

1041 2569 1239 2614 καρτεροῦντες.
1257 2588 1269 2600 ι
1289 2569 1377 2605 Ὥστε
1391 2575 1436 2605 καὶ
1457 2576 1494 2615 τῷ
1515 2576 1579 2616 Θεῷ
1598 2576 1671 2605 δοκεῖ
1692 2572 1720 2602 τὸ
1737 2569 1819 2616 φόροξκ

1043 2613 1131 2648 τελεῖν
1142 2619 1195 2653 τοῖς
1214 2619 1296 2648 αὖτοῦ
1317 2613 1488 2660 λειτουργοῖςξ
1510 2613 1592 2651 Θθει
1607 2620 1686 2661 γὰρδ
1708 2613 1817 2661 Θεὸς-αἶ’

1036 2663 1116 2705 ρήνην
1141 2664 1361 2703 ἐμπολιτεύεσθαι
1388 2657 1434 2694 καί
1456 2664 1571 2705 ἀρετὴν,
1595 2657 1752 2694 χαὶ-κακίαν
1770 2657 1817 2705 ξπ·

1035 2701 1191 2739 ιλαύνεσθαι
1204 2721 1212 2728 ο
1237 2709 1284 2739 καὶ
1307 2709 1344 2744 εἰς
1363 2710 1441 2740 τοῦτο
1461 2701 1486 2740 oi
1502 2709 1631 2751 ἄρχοντες
1651 2701 1815 2745 λῃτουργοῦσι

877 2785 969 2815 Variae
992 2785 1141 2816 lectiones.

213 2838 315 2868 ηὸτιο
