1901 3077
54 185 113 217 5n
503 185 678 219 exmsmo
699 187 731 219 (Ν
751 188 857 220 ιιιηετ.
877 187 923 222 AD
943 187 1024 218 nos.
1044 204 1080 211 -
1097 188 1173 218 CAP.
1193 187 1258 219 xm.
1662 191 1713 221 διε

52 254 96 292 τῷ
117 252 249 292 θελήματι
273 256 320 283 τοῦ
343 252 431 289 Θεοῦ,
455 255 594 288 πονοῦντες
615 255 681 294 ὑπὲρ
699 257 748 291 τῆς
771 257 860 291 κοινῆς

957 255 967 283 i
981 262 1030 291 pro
1045 255 1190 283 communi
1211 258 1286 282 statu
1300 254 1474 289 laborantes,
1488 255 1571 292 inque
1592 256 1714 292 idipsum

53 297 250 332 καταπόσεως
260 319 269 336 ,
286 297 332 327 καὶ
348 299 383 331 εἰς
398 297 462 327 αὐτὸ
479 300 557 329 τοῦτο
579 301 854 340 προσκαρτεροῦντες,

956 303 1119 328 'severauter
1143 299 1351 334 incumbentes,
1385 303 1416 327 ut
1446 307 1499 327 nos
1526 300 1555 327 in
1592 308 1657 336 pace
1680 309 1712 329 ac

52 341 102 372 ἵνα
114 343 194 381 ἡμεῖς
219 343 246 372 ἰν
270 341 360 383 εἰρήνῃ
387 342 432 372 καὶ
452 343 581 384 ἀταραξία
604 343 748 383 διάγωμεν.
775 345 808 375 Εἰ
828 345 856 375 δι

956 345 1106 381 nquillitate
1140 343 1225 372 vitam
1251 344 1448 380 tranalgamus.
1484 344 1532 372 Sin
1562 345 1712 381 quisquam

56 389 148 421 κακῶς
169 399 208 422 τις
276 389 347 427 ἀρχῇ
363 387 508 427 κέχρηται,
529 389 604 418 οὗδὶν
628 391 708 419 τοῦτο
729 389 794 430 πρὸς
808 389 856 426 τὴν

956 391 979 418 le
996 390 1158 426 magistratu
1172 397 1222 418 suo
1240 393 1278 429 et}
1291 389 1401 425 publica
1418 388 1557 417 functione
1571 389 1713 424 abutatur,

57 432 141 462 αὖτοῧ
159 432 186 451 ³⁸
198 434 246 462 τοῦ
260 431 417 472 πρᾴγματος
428 432 584 470 εὐκοσμίαν.

956 433 1019 463 nihil
1032 434 1164 463 adversus
1183 434 1222 462 rei
1242 434 1330 470 ipsius
1342 433 1490 462 utilitatem
1511 433 1589 462 facit.

103 490 117 503 ι
135 476 261 508 Ἀπόδοτε
284 471 330 507 οὖν
353 481 418 506 πᾶσι
434 476 480 511 τάς
503 477 610 518 ὀφειλάς
625 487 632 495 ⁸
651 479 689 518 τῷ
702 478 748 508 τὸν
766 478 858 519 φόρον,

956 481 1035 508 Vsus.
1059 483 1086 507 7.
1113 488 1128 505 ε
1152 478 1270 507 Reddite
1293 486 1359 514 ergo
1373 478 1506 507 omnibus
1526 478 1619 507 debita
1641 489 1647 507 :
1671 479 1715 507 cui

58 522 104 552 τὸν
117 520 315 563 φόρον-τῷτὸ
330 521 419 559 τέλος,
435 521 464 551 τὸ
484 522 628 564 τίλος·τῷ
642 522 687 552 τὸν
702 523 858 564 φόϐον,τὸν

956 527 1060 558 butum,
1080 524 1216 552 tributum
1240 533 1246 551 :
1272 523 1317 552 cui
1340 523 1466 559 vectigal,
1491 523 1608 560 vectigal
1639 533 1645 551 :
1670 523 1714 552 cui

58 566 142 606 φόϐον
157 579 165 586 ·
179 568 219 607 τῷ
241 565 291 603 τὴν
307 566 406 604 τιμὴν,
430 567 479 603 τὴν
493 567 584 606 τιμήν.
603 581 616 594 ιι
640 568 744 608 Χρίος,
763 569 858 609 φησὶν,

59 610 120 640 ιστι
139 623 182 642 σοι
196 612 385 652 ἀπαραιτήτως
400 611 423 629 ³⁸
442 612 609 651 ἐπικείμενον
626 614 644 648 ἠ
658 613 723 652 πρὸς
742 612 800 646 τοὺς
814 613 861 653 ἄρ-

60 667 162 695 χοντας
190 656 388 695 εὐγνωμοσύνη.
412 655 519 690 Ἀπόδος
545 653 590 687 οὖν
614 657 631 687 ἃ
656 658 769 698 ὀφείλεις
792 663 859 688 πᾶσι

58 703 114 734 τοῖς
138 701 278 741 διαφόρως
301 701 386 741 ἀρχὰς
400 702 653 741 ἕμπεπιστευμὶνοις
670 711 677 719 ⁸
694 704 733 742 τῷ
754 702 798 732 τὸν
813 703 860 743 φό-

61 758 104 785 ρον
129 745 357 786 χρεωστουμίνῳ,
383 746 466 785 ἤγουν
494 746 543 782 τὴν
569 747 717 786 λεγομένην
743 749 861 788 κεφαλης

59 791 145 819 τιῦνα
170 791 278 830 ἀπόδος,
291 790 337 820 τὸν
354 790 432 831 φόρον
447 803 454 810 ·
466 792 507 831 τῷ
527 791 557 821 τὸ
571 791 643 825 τέλος
659 791 702 828 δὶ,
719 792 799 831 ἤγουν
813 792 861 828 τὴν

60 834 128 875 ὑπὲρ
142 837 191 871 τῆς
216 838 264 874 γῆς
289 835 475 876 συνεισφορὰν,
496 835 527 865 τὸ
550 835 623 870 τέλος
636 848 643 855 ·
667 838 713 866 καὶ
728 837 757 866 οὖ
783 836 862 874 μόνον

58 879 206 919 χρήματα,
222 879 290 909 ἀλλὰ
311 880 356 910 καὶ
371 880 468 921 φόϐον,
487 880 636 918 τουτέστιν,
651 880 733 919 αἰδὼ,
759 881 804 911 καὶ
819 882 862 911 εὖ·

59 924 194 963 λάϐειαν,
223 924 269 954 καὶ
291 924 483 964 ἀπιτεταμίνην
510 925 603 964 τιμήν.
636 925 752 967 Ἐπάγει
778 929 840 966 γοῦν
854 936 862 944 ·

62 980 76 997 ε
92 970 143 1009 Τῷ
159 969 209 1005 τὴν
221 969 312 1008 τιμὴν,
327 970 375 1007 τὴν
387 969 479 1009 τιμὴν.
499 983 510 996 ι
527 970 561 1000 '0
576 970 656 1010 φόϐος
670 971 721 1011 γὰρ
734 971 819 1005 διττός
832 972 864 1001 ’6

60 1013 109 1052 μὲν
119 1013 160 1050 ³²,
175 1014 204 1044 ὃν
215 1013 357 1055 φοϐοῦνται
371 1016 395 1045 οἱ
410 1015 560 1052 πταίοντες,
576 1018 606 1046 ἐκ
617 1020 664 1046 τοῦ
676 1019 790 1056 πονηρῶ
803 1028 866 1046 συν-

58 1059 159 1093 ειδότος
176 1071 182 1077 δ
204 1059 234 1089 ὃν
258 1059 382 1099 ἀνωτέρω
401 1060 584 1100 ἀπηγόρευσεν
611 1062 624 1090 δ
647 1060 803 1094 Ἀπόστολος
817 1073 824 1079 ·
849 1062 865 1090 ὁ

61 1103 87 1132 δὲ
95 1126 105 1141 ,
118 1103 150 1133 δν
167 1104 273 1144 lycus"
287 1107 310 1134 οἱ
328 1105 485 1144 ἀγαπῶντες
500 1106 566 1144 πρὸς
579 1104 640 1139 τοὺς
654 1105 863 1143 ἄγα-πιομένους,

61 1148 216 1186 τουτέστιν,
243 1150 261 1185 ἡ
285 1148 490 1189 ὑπερϐάλλουσα
514 1149 596 1189 τιμὴ,
624 1150 711 1184 καθὼς
735 1149 839 1190 εἴρηται
855 1162 862 1168 ·

66 1193 157 1223 «οὐκ
183 1194 254 1224 ἔστιν
281 1194 420 1234 ὑστέρημα
441 1199 495 1228 τοῖς
520 1194 693 1236 φοϐουμένοις
719 1195 799 1225 αὐτόν
816 1204 823 1212 ⁸
845 1204 862 1223 ο

61 1237 124 1274 καὶ,
145 1249 163 1267 α
179 1237 214 1269 Ὁ
224 1239 303 1280 φόϐος
317 1239 417 1280 Κυρίου
427 1239 559 1276 διαμένων
575 1240 610 1273 εἰς
629 1241 713 1270 αἰῶνα
728 1241 860 1274 αἰῶνος.»

61 1282 121 1319 Τὴν
143 1283 197 1324 γὰρ
211 1284 351 1314 εὐλάϐειαν
364 1284 478 1315 ἐνταῦθα
492 1285 633 1321 ὕποδηλοῖ.

107 1383 123 1403 ιι
139 1373 244 1409 Μηδενὶ
261 1374 343 1413 μηδὶν
362 1375 479 1415 ὀφείλετε
492 1397 499 1412 ,
515 1375 538 1404 εἰ
551 1374 589 1413 μὴ
606 1374 635 1404 τὸ
649 1375 756 1416 ἀγαπᾷν
778 1374 867 1411 ἀλλή-

63 1420 136 1452 λους.
156 1431 169 1444 ι
181 1419 238 1452 Τὰς
249 1418 298 1458 μὲν
312 1419 396 1453 ἄλλας
405 1441 414 1455 ,
427 1419 506 1460 φησὶν
520 1418 626 1460 ὀφειλάς
637 1419 663 1438 ³³
680 1420 801 1450 ἀπόδοτε’
815 1431 868 1458 μηο

63 1464 161 1494 dim-re
173 1464 201 1493 δὲ
212 1463 261 1500 τὴν
272 1463 380 1503 ἀγάπην
391 1465 535 1495 ἀποδοῦναι
546 1464 672 1500 θελήσετε
684 1463 838 1504 [Ῐ.-οητε
846 1465 866 1504 ],

65 1509 123 1538 ἀλλ’
150 1508 193 1538 ἀεὶ
218 1508 328 1549 ὄφλημα
352 1508 434 1544 αὐτὴν
460 1509 536 1549 ἔχετε
565 1509 691 1545 διηνεκές.
719 1509 767 1545 Μὴ
791 1509 865 1550 γὰρ,

911 569 1058 603 timorem,
1072 569 1201 597 timorem
1213 579 1219 597 :
1230 568 1274 596 cui
1289 568 1440 603 honorem,
1453 568 1600 596 honorem.
1612 578 1626 594 ι
1643 569 1713 597 Gra-

912 614 1002 642 titudo
1013 622 1077 650 erga
1097 613 1275 649 magistratus
1295 617 1337 641 est
1359 613 1493 647 debitum,
1517 613 1621 650 inquit,
1643 613 1715 642 irre-

913 658 1078 695 l'ragabililer
1090 658 1137 686 tibi
1152 657 1324 686 incumbens.
1339 657 1435 686 Redde
1447 658 1530 694 igitur
1546 665 1609 694 qua
1632 659 1715 686 debes

913 704 947 732 iis
961 704 1100 738 omnibus,
1117 703 1217 740 quibus
1231 703 1297 731 varii
1311 703 1489 739 magistratus
1501 706 1567 731 sunt
1580 703 1715 731 commis-

912 749 935 777 si
961 757 968 776 :
992 749 1034 776 cui
1063 748 1198 776 tributum
1226 747 1353 782 debetur,
1377 749 1532 784 capitumve
1556 755 1673 782 census,
1690 748 1714 776 ei

914 793 1049 822 tributum
1060 793 1095 822 da
1109 803 1116 821 :
1131 793 1175 821 cui
1190 793 1316 829 vectigal,
1333 793 1386 820 hoc
1397 797 1439 821 est
1451 800 1501 828 pro
1515 797 1588 821 terra
1606 801 1713 827 census,

916 838 1040 875 vectigal.
1052 839 1111 866 Nec
1122 837 1212 866 solum
1225 838 1354 874 pecunias
1376 837 1496 870 reddite,
1517 837 1564 866 sed
1584 838 1714 866 timorem

916 883 1015 916 etiam,
1039 883 1092 911 hoc
1117 886 1159 911 est
1182 882 1364 910 reverentiam
1385 890 1417 910 ac
1455 882 1617 918 religionem
1635 886 1716 918 atque

916 928 1051 956 eximium
1065 927 1211 956 honorem.
1235 927 1326 962 Quare
1342 926 1444 955 infert:
1463 937 1477 953 ιι
1500 927 1549 955 Cui
1569 926 1714 959 honorem.

919 973 1062 1001 honorem.
1088 982 1102 999 ι
1133 973 1184 1001 Est
1207 972 1280 1000 enim
1302 972 1406 1008 duplex
1427 974 1518 1000 metus
1543 972 1645 1005 :alter.
1659 979 1715 1008 quo

918 1021 1057 1046 terrentur
1077 1019 1180 1045 scelera
1203 1021 1357 1053 patrantes,
1389 1024 1422 1045 ex
1446 1016 1518 1044 male
1546 1017 1715 1045 conscientia

920 1062 1076 1099 proﬂuens,
1093 1069 1177 1099 quem
1191 1061 1252 1098 jam
1265 1065 1345 1090 antea
1356 1061 1451 1097 reiecit
1463 1061 1613 1098 Apostolus
1627 1070 1634 1089 :
1647 1061 1717 1090 alter

919 1115 994 1141 vero,
1016 1115 1072 1144 quo
1092 1106 1235 1144 diligentes
1255 1114 1318 1143 erga
1338 1106 1454 1135 dilectos
1472 1105 1639 1140 afﬁciuntur,
1662 1106 1716 1134 hoc

919 1155 970 1185 est,
998 1151 1132 1180 excellens
1159 1156 1186 1180 et
1209 1151 1326 1179 eximius
1348 1151 1448 1184 honor,
1479 1150 1715 1188 quemadmodum

919 1197 1023 1225 dictum
1042 1200 1084 1225 est
1095 1197 1109 1214 δ
1125 1205 1132 1223 :
1151 1206 1165 1222 ιι
1186 1197 1248 1224 Non
1261 1200 1305 1224 est
1318 1196 1410 1232 inopia
1422 1196 1583 1224 timentibus
1602 1203 1678 1230 eum,
1701 1208 1714 1221 υ

919 1246 961 1275 et,
989 1252 1002 1266 ι
1029 1241 1128 1270 Timor
1151 1240 1262 1269 Domini
1277 1248 1441 1277 permanens
1461 1241 1490 1269 in
1508 1240 1642 1269 saeculum
1662 1248 1716 1269 sae-

920 1286 985 1315 culi.
1006 1295 1022 1314 )
1041 1286 1176 1314 Pietatem
1200 1286 1275 1314 enim
1287 1285 1332 1314 hic
1346 1286 1404 1314 sive
1418 1286 1601 1315 reverentiam
1619 1286 1716 1314 subin-

919 1330 1005 1360 dicat.

956 1377 1046 1405 Vns.
1070 1378 1097 1404 8.
1114 1385 1129 1402 ιι
1152 1374 1262 1403 Nemini
1284 1374 1439 1412 quidquam
1459 1374 1592 1409 debeatis,
1615 1376 1667 1404 nisi
1685 1379 1717 1404 ut

922 1429 970 1450 vos
982 1420 1102 1457 diligatis
1123 1423 1231 1448 mutuo.
1246 1428 1261 1446 ι
1275 1419 1336 1448 Alia
1358 1419 1470 1456 quidem
1481 1420 1572 1449 debita
1586 1419 1695 1449 reddite
1709 1429 1715 1448 :

920 1466 1083 1494 charitatem
1097 1469 1192 1494 autem
1217 1471 1357 1501 nunquam
1372 1464 1526 1501 persolvere
1545 1465 1653 1498 velitis,
1669 1465 1717 1494 sed

920 1518 1030 1548 semper
1050 1510 1140 1547 ipsam
1165 1509 1206 1538 uti
1226 1509 1350 1538 debitum
1378 1513 1542 1546 perpetuum
1570 1509 1715 1538 habebitis.

65 1553 160 1590 ἐπειδὴ
176 1553 292 1594 σήμερον
318 1553 489 1593 ἀγαπητικὴν
515 1554 640 1588 ἕπεόείξω
664 1553 781 1584 διάθεσιν
802 1554 865 1595 πρὸς

956 1564 978 1585 νιι
1002 1555 1076 1584 enim
1095 1555 1157 1591 quia
1176 1554 1257 1583 hodie
1270 1554 1410 1583 charitatis
1431 1554 1580 1592 quamdam
1599 1562 1716 1591 propen-

64 1598 108 1627 τὸν
124 1597 259 1635 πλησίον,
275 1597 388 1639 νομίσῃς
406 1599 601 1639 ἀποπληρῶσαι
620 1598 669 1635 τὴν
685 1598 803 1640 ὀφειλὴν,
820 1600 865 1629 καὶ

64 1642 106 1672 διὰ
122 1644 204 1672 τοῦτο
225 1642 339 1683 παρίδῃς
359 1643 439 1673 αὺτὸν
459 1642 548 1683 αὔριον
560 1655 567 1662 ·
585 1643 655 1674 ἆλλά
676 1644 802 1681 διηνεκῶς
816 1644 866 1682 ¹νό-

66 1690 123 1726 μιζε
140 1686 190 1723 τὴν
205 1687 312 1727 ἀγάπην
328 1691 474 1729 χρεωστεῖν
491 1689 529 1728 τῷ
544 1688 670 1726 πλησίον.

109 1789 126 1808 α
142 1777 179 1808 ⁸0
202 1778 254 1818 γὰρ
274 1778 386 1817 ἆγαπιῖνν
405 1778 448 1808 τὸν
464 1777 568 1818 ἵτιρον,
594 1778 674 1816 νόμον
691 1777 861 1818 πεπλήρωκε.

66 1822 194 1863 Τὸξγᾶρ,
214 1823 255 1852 οὗ
271 1821 420 1862 μοιχεύσεις
433 1835 440 1841 ·
455 1824 496 1853 Οὔ
511 1822 644 1864 φονεύσεις
656 1835 662 1842 ·
678 1823 718 1853 Οὖ
738 1822 844 1863 κλέψεις
859 1834 866 1842 ·

67 1869 126 1898 οὐχ
154 1867 340 1905 ἐπιθυμήσεις,
362 1868 408 1898 sai
425 1867 490 1901 εἴτις
505 1867 582 1908 ἑτέρα
607 1868 716 1904 ἰντολὴ,
731 1868 758 1896 ἕν
781 1868 866 1908 τούτῳ

66 1914 103 1953 τῷ
127 1912 203 1953 λόγῳ
228 1913 488 1953 ἀνακεφαλαιοῦται,
511 1913 538 1942 ιν
566 1914 621 1952 τῷ,
643 1911 801 1952 Ἀγαπήσεις
822 1912 865 1942 τὸν

68 1957 182 1994 πλησίον
197 1968 243 1987 σου
257 1958 292 1990 ὥς
312 1957 415 1988 εαυτόν.
433 1969 449 1986 ι
465 1958 520 1988 Τὸν
533 1957 612 1996 νόμον
627 1957 715 1987 πάντα
730 1958 829 1997 πληροὶ
851 1959 866 1987 ὁ

69 2003 182 2041 ἀγαπῶν
195 2001 241 2031 τὸν
253 2001 378 2038 πλησίον.
391 2001 480 2032 Ὥστε
493 2001 585 2032 λοιπὸν
599 2002 677 2043 χρέος
686 2002 744 2042 ἔχει
758 2002 865 2043 ἀγαπᾷν

68 2047 164 2083 αὗτὸν,
188 2046 215 2075 εἴ
234 2058 263 2084 γε
285 2048 402 2077 τοσαῦτα
417 2048 592 2087 εὖεργετεῖται
617 2047 643 2082 ἕξ
660 2048 740 2077 αὗτοῧ
756 2047 801 2076 καὶ
819 2049 866 2083 τῆς

67 2091 132 2132 πρὸς
148 2091 228 2132 αὐτὸν
252 2091 377 2130 ἀγάπης,
394 2094 429 2126 ὡς
456 2092 500 2122 τὸν
524 2091 604 2128 νόμον
622 2091 710 2122 πάντα
734 2092 862 2131 πληροῦν.

67 2130 124 2166 Οὖκ
140 2130 200 2165 εἶπε
214 2135 242 2165 δὲ
253 2159 262 2175 ,
275 2136 446 2176 Πληροῦται,
462 2137 520 2166 ἀλλ’
539 2147 554 2166 ιι
568 2130 834 2178 Ἆνακεφαλαιοῧται,
848 2147 863 2166 s

69 2180 220 2217 τουτέστιν,
236 2181 263 2210 ιν
275 2180 398 2221 συντόμῳ
409 2180 456 2211 καὶ
473 2182 501 2211 ἂν
518 2183 615 2221 βραχεῖ
635 2182 665 2211 τὸ
685 2185 739 2210 πᾶν
755 2183 809 2210 τῶν
823 2181 865 2210 iv-

921 1602 1028 1631 sionem
1041 1599 1239 1628 demonstrasti
1258 1607 1322 1636 erga
1346 1599 1522 1635 proximum,
1538 1599 1680 1628 arbitreris
1691 1603 1718 1627 te

922 1645 1084 1683 persolvisse
1095 1644 1232 1679 debitum,
1246 1652 1278 1672 ac
1291 1649 1435 1680 propterea
1456 1644 1546 1680 ipsum
1569 1644 1597 1672 in
1621 1643 1718 1672 crasti-

922 1699 989 1719 num
1006 1690 1143 1726 negligas;
1156 1689 1204 1718 sed
1223 1693 1356 1726 perpetuo
1371 1688 1494 1718 existima
1507 1692 1535 1717 te
1554 1688 1718 1718 charitatem

921 1734 1023 1763 debere
1037 1734 1174 1770 proximo.

955 1781 1044 1808 Vsus.
1060 1783 1088 1812 8,
1113 1781 1141 1807 9.
1166 1788 1180 1805 ιι
1200 1779 1272 1806 Nam
1294 1778 1341 1814 qui
1367 1778 1483 1807 alterum
1506 1778 1605 1815 diligit,
1629 1778 1718 1815 legem

920 1824 1051 1861 implevit.
1073 1825 1144 1852 Nam
1165 1834 1171 1851 :
1191 1824 1254 1851 Non
1274 1822 1455 1851 mmchaberis
1479 1832 1486 1850 :
1503 1824 1564 1852 Non
1579 1823 1688 1852 occides
1709 1833 1716 1852 :

922 1869 981 1896 Non
1003 1867 1138 1896 furaberis
1154 1876 1161 1895 :
1177 1869 1238 1895 Non
1256 1866 1442 1903 concupisces,
1457 1870 1485 1894 et
1503 1867 1524 1894 si
1547 1867 1622 1903 quod
1644 1867 1719 1896 aliud

921 1912 1094 1946 mandatum,
1116 1912 1143 1940 in
1157 1911 1210 1940 hoc
1232 1911 1317 1940 verbo
1338 1916 1561 1945 consummatur,
1582 1919 1682 1948 nempe
1711 1921 1718 1940 :

922 1957 1024 1994 Diliges
1043 1957 1200 1994 proximum
1216 1959 1295 1984 tuum
1321 1960 1354 1985 ut
1367 1956 1494 1992 teipsum.
1510 1966 1525 1983 ν
1550 1956 1605 1992 Qui
1625 1956 1719 1992 proxi-

922 2010 998 2031 mum
1020 2001 1118 2039 diligit,
1151 2005 1238 2030 totam
1260 2001 1350 2038 legem
1372 2001 1476 2037 implet.
1497 2001 1637 2037 Deinceps
1661 2001 1717 2037 9']

922 2047 1013 2084 itaque
1039 2047 1158 2084 quisque
1184 2046 1343 2083 proximum
1370 2053 1453 2075 suum
1486 2046 1568 2074 debet
1591 2045 1719 2082 diligere,

920 2093 1139 2130 quandoquidem
1157 2097 1199 2122 tot
1215 2093 1364 2130 tanstisque
1390 2092 1529 2122 beneﬂciis
1543 2092 1578 2121 ab
1591 2100 1625 2121 eo
1646 2093 1720 2129 ejus-

920 2146 973 2174 que
987 2138 1135 2167 dilectione
1148 2139 1184 2167 sit
1198 2137 1332 2167 aﬂ‘ectus:
1349 2142 1382 2166 ut
1391 2141 1482 2166 totam
1497 2137 1583 2174 legem
1596 2137 1720 2174 impleat.

920 2184 983 2212 Non
997 2187 1092 2212 autem
1105 2183 1184 2216 dixit,
1197 2183 1339 2219 lmpletur,
1353 2182 1414 2218 sed,
1430 2194 1443 2207 ι
1457 2183 1687 2217 Consummatur,
1705 2193 1720 2207 ι

69 2226 153 2255 τολῶν
168 2226 353 2266 ἀπαρτίζεται.
371 2225 425 2256 Καὶ
438 2226 490 2266 γὰρ
504 2225 551 2256 καὶ
570 2225 643 2267 ἀρχὴ
658 2226 703 2256 καὶ
716 2224 791 2259 τέλος
806 2227 865 2267 ἄρε-

956 2237 978 2256 κι
997 2232 1048 2262 est,
1081 2227 1212 2264 quidquid
1248 2227 1276 2256 in
1302 2227 1370 2264 legis
1392 2227 1529 2256 mandatis
1553 2228 1720 2261 continetur,

69 2272 114 2306 τῆς
137 2272 152 2306 ἡ
177 2271 279 2309 ἀγάπη.
306 2269 521 2310 Ἐπιτεταμένην
545 2270 573 2300 δὲ
597 2271 705 2311 ἀγάπην
731 2271 867 2301 ἀπαιτεῖὸ

69 2315 156 2354 νόμος.
175 2328 187 2341 ι
200 2315 250 2348 Ὡς
263 2315 356 2345 ἕαυτὸν
368 2329 379 2342 ι
391 2314 454 2356 γὰρ,
467 2316 558 2356 φησὶν,
570 2329 583 2343 α
595 2315 734 2355 ἆγάπησον
745 2315 790 2344 τὸν
803 2316 869 2352 πλη-

71 2360 145 2391 οίον·
176 2373 189 2386 ι
214 2362 229 2389 ὁ
253 2359 279 2389 δὲ
304 2359 402 2400 Κύριος
426 2359 457 2390 τὸ
481 2363 571 2399 μεῖζον
595 2361 641 2390 καὶ
666 2359 733 2400 ὑπὲρ
758 2360 868 2397 ἑαυτὸν,

71 2404 142 2444 φησί.
171 2403 231 2441 Τὴν
256 2404 309 2445 γὰρ
327 2405 416 2446 ψυχὴν
444 2405 544 2435 τιθέναι
559 2405 626 2446 ὗπὶρ
651 2408 697 2435 τοῦ
721 2404 799 2445 φίλου
825 2406 869 2436 δι-

71 2449 174 2481 Mam.

113 2547 128 2565 ιι
142 2535 186 2574 ,Ἢ
215 2536 308 2574 ἀγάπη
398 2535 511 2573 πλησίον
532 2535 614 2566 κακὸν
648 2536 695 2566 οὐκ
718 2535 868 2577 ἐργάζεται.

75 2581 214 2621 Πλήρωμα
232 2577 277 2610 οὖν
292 2580 389 2618 νόμου,
407 2583 425 2617 ἡ
442 2581 547 2620 ἀγάπη.
563 2592 578 2610 s
598 2581 746 2621 Ἂμφότερα
762 2581 796 2610 τὰ
811 2580 869 2618 εἴδη

74 2627 116 2661 τῆς
134 2627 230 2666 ἀρετ-ἧς
243 2625 375 2665 προσόντα
393 2627 427 2666 τῇ
446 2625 539 2665 ἀγάπῃ
562 2625 696 2656 δεικνύει·
711 2625 760 2662 τήν
775 2637 803 2656 τε
817 2627 870 2656 τῶν

75 2672 160 2701 κακῶν
177 2670 301 2711 ἀποχὴν,
323 2671 350 2700 ἂν
365 2672 403 2711 τῷ
421 2672 504 2700 εἰπεῖν
515 2683 522 2690 -
540 2680 556 2700 ε
573 2670 664 2702 Kava
688 2671 736 2701 οὐκ
759 2670 870 2712 ἐργάζε-

112 2741 203 2771 'Psal.
220 2749 334 2777 xum,
352 2745 396 2777 to.
411 2745 456 2777 18,
471 2744 514 2770 19.

924 2273 1041 2301 breviter
1051 2277 1080 2301 et
1091 2273 1230 2301 succincte
1250 2271 1402 2309 perﬁcitur.
1423 2272 1533 2300 Etenim
1551 2272 1718 2308 principium

923 2322 951 2346 et
969 2317 1033 2346 ﬁnis
1052 2317 1161 2346 virtutis
1180 2321 1222 2346 est
1234 2317 1354 2346 dilectio.
1370 2318 1466 2352 Porro,
1487 2317 1723 2345 intonsam-chari-

924 2367 1010 2391 tatem
1019 2362 1064 2391 lex
1076 2362 1162 2400 exigit
1175 2371 1182 2391 :
1200 2374 1212 2387 ι
1228 2362 1330 2398 Diliges
1341 2362 1416 2390 enim
1428 2361 1586 2398 proximum
1598 2366 1690 2396 tuum,
1708 2374 1720 2387 ι

924 2407 1022 2444 inquit,
1038 2419 1050 2431 -
1067 2411 1099 2435 ut
1107 2407 1227 2443 teipsum
1249 2416 1256 2435 :
1273 2418 1287 2432 ι
1307 2407 1444 2436 Dominus
1455 2411 1547 2435 autem
1560 2411 1654 2435 noster
1666 2414 1723 2435 ma-

920 2452 1010 2488 jorem
1028 2451 1125 2488 exigit,
1143 2456 1186 2486 et,
1209 2452 1298 2487 Supra
1309 2451 1445 2488 teipsum,
1460 2451 1560 2489 inquit.
1574 2452 1646 2480 Nam
1662 2452 1722 2480 ani-

923 2504 998 2525 mam
1010 2505 1062 2533 pro
1080 2496 1169 2525 amico
1184 2503 1285 2533 ponere
1297 2495 1389 2525 docet.

959 2543 1046 2571 Vsus.
1063 2543 1105 2570 ιο.
1130 2541 1280 2570 ιιαιοινίιοε
1302 2541 1431 2578 proximo
1457 2542 1561 2570 malum
1580 2549 1636 2570 non
1657 2548 1722 2576 ope-

923 2591 1010 2616 ratur.
1026 2585 1170 2615 Plenitudo
1188 2586 1272 2622 igitur
1294 2586 1362 2622 legis
1380 2585 1501 2615 dilectio.
1520 2598 1533 2611 ιο
1549 2585 1654 2614 Ambae
1668 2585 1722 2613 vir-

924 2630 993 2659 tutis
1017 2630 1120 2666 species
1142 2629 1268 2658 charitati
1288 2629 1382 2658 adesse
1410 2633 1549 2658 monstrat
1574 2639 1581 2656 :
1604 2635 1620 2657 a
1642 2629 1723 2657 malis

925 2675 1135 2712 abstinentiam,
1147 2674 1177 2703 in
1191 2682 1225 2704 eo
1237 2674 1313 2711 quod
1326 2675 1366 2703 ait
1379 2683 1387 2703 :
1404 2685 1418 2699 ι
1433 2674 1541 2703 Malum
1558 2681 1615 2702 non
1627 2681 1723 2710 opera-

765 2783 860 2814 Vsria
881 2783 1035 2814 lectiones.

107 2846 130 2864 ⁸⁵
141 2845 220 2882 ausis
233 2846 279 2881 τὴν
291 2855 319 2876 o.
357 2847 378 2865 ⁸¹
393 2846 564 2884 ἀπαραίτητον
580 2855 608 2877 o.
646 2847 668 2866 ³¹
680 2847 695 2876 ὅ
710 2848 755 2885 μὶν
769 2846 813 2876 οὖν
827 2848 893 2876 ἰστιν
908 2856 936 2877 o.
974 2848 997 2866 ³⁸
1011 2847 1125 2881 ιντολὰς,
1140 2847 1173 2880 ὣς
1239 2856 1268 2877 o.
