1901 3077
212 179 264 206 Ι19

722 176 978 206 THEOPHYLACTI
999 176 1176 205 BULGARJIE
1195 174 1352 206 ARCHIEP.
1801 179 1844 205 520

207 244 254 268 tur
268 249 275 269 :
293 251 305 265 ι
325 244 351 269 et
362 242 498 269 bonorum
511 240 712 277 operationem.
732 248 795 268 cum
809 240 875 269 dicit
892 250 899 269 :
917 252 929 265 αι
943 241 1000 269 Ple-

1062 253 1103 270 ται
1115 253 1121 260 ·
1140 254 1152 266 ι
1164 240 1210 270 καὶ
1224 240 1272 278 τὴν
1287 242 1339 270 τῶν
1351 241 1456 280 ἀγαθῶν
1473 239 1596 280 ἐργασίαν
1606 263 1616 278 ,
1634 241 1661 270 ἐν
1673 241 1712 280 τῷ
1730 240 1806 280 φάναι
1815 241 1847 272 ³⁴.

207 285 303 314 nitudo
316 285 396 322 igitur
409 286 475 322 legis
488 285 608 314 dilectio.
627 297 640 310 ι
657 287 757 314 Totam
783 287 857 314 enim
875 286 1005 314 virtutem

207 330 268 366 lege
278 334 526 359 commonstratam
535 331 566 359 in
580 331 660 359 nobis
675 330 789 367 perﬁcit.

242 422 332 450 Vnus.
358 424 402 449 11.
419 432 431 444 ιι
449 421 485 448 Et
498 419 560 454 hoc,
582 421 700 449 scientes
721 425 839 456 tempus.
856 420 919 456 quia
937 420 1005 448 hora

199 466 258 501 jam
273 470 315 494 est
327 473 378 494 nos
390 473 405 494 e
419 473 518 494 somno
533 472 652 502 surgere.
668 477 680 489 ι
703 465 884 500 Charitatem,
896 465 1002 501 inquit,

206 511 318 546 plurimi
333 509 424 539 facere
435 509 550 544 debetis,
570 518 602 538 ac
616 518 665 546 per
686 510 774 546 ipsam
799 510 864 538 alias
885 510 1003 538 virtutes

204 563 303 584 omnes
329 565 336 583 ε
357 555 441 591 idque
468 559 581 591 propter
606 555 737 591 temporis
758 555 903 583 rationem.
929 556 1002 582 Nam

204 608 289 637 prope
310 604 352 628 est
364 600 546 633 resurrectio,
565 607 650 636 prope
662 599 810 636 judicium,
825 604 908 636 atque
923 607 1003 636 opor-

204 649 243 673 tet
252 653 303 673 nos
317 653 333 673 e
344 652 444 681 sopore
458 643 592 673 socordiae
604 644 775 680 desidiaeque
790 645 916 680 excitari,
929 652 1001 673 esse-

203 698 256 726 que
269 693 380 726 paratos
399 689 433 718 ad
447 697 528 725 opera
540 689 742 717 resurrectione
756 689 847 725 digna.

242 747 254 759 ιι
269 735 349 763 Nunc
361 734 436 762 enim
451 738 493 762 est
510 733 621 769 propior
636 735 709 762 salus
725 738 828 768 nostra,
841 742 922 770 quam
937 742 1000 762 cum

204 779 384 808 credidimus.
406 788 420 806 »
438 778 506 814 Quia
526 778 670 807 verisimile
689 783 748 807 erat
766 786 813 807 eos
830 779 857 807 in
869 778 1002 816 ﬁdeipri-

205 823 317 852 mordiis
333 823 510 852 studiosiores
522 823 670 857 exstitisse,
683 823 814 860 temporis
833 828 924 852 autem
942 831 1001 859 pro-

1068 297 1080 314 (ι
1097 286 1238 326 Πλήρωμα
1252 280 1296 315 οὖν
1310 285 1406 323 νόμου,
1428 288 1445 321 ἡ
1461 284 1565 325 ἀγάπη.
1578 295 1591 312 n
1623 283 1789 324 Ὁλόκληρον
1802 285 1845 325 γὰρ

1060 334 1182 370 κατορθοῖ
1197 332 1223 360 ἐν
1238 333 1303 369 ἡμῖν
1319 330 1366 366 τὴν
1382 329 1496 370 ἀρετὴν,
1512 329 1560 366 τὴν
1576 329 1619 359 διὰ
1640 332 1689 359 τοῦ
1709 329 1789 369 νόμου
1802 331 1846 359 δει-

1059 375 1201 414 κνυμένην.

1104 431 1118 450 ‹‹
1134 420 1188 451 Καὶ
1210 422 1300 457 τοῦτο,
1323 420 1420 453 εἰδότες
1446 419 1491 448 τὸν
1507 419 1614 458 καιρὸν,
1640 418 1683 448 ὅτι
1708 419 1763 460 ὥρα
1785 422 1846 458 ἡμᾶς

1059 465 1109 501 ἤδη
1135 465 1161 499 ἐξ
1188 464 1270 495 ὕπνου
1297 465 1448 503 ἐγερθῆναι.
1469 475 1484 494 n
1510 463 1668 504 Ὀφείλιτε,
1699 464 1778 502 φησὶ,
1806 464 1846 499 τὴν

1059 510 1166 549 ἀγάπην
1181 510 1242 550 περὶ
1257 511 1357 540 πολλοῦ
1379 510 1529 546 ποιεῖσθαι,
1546 509 1578 538 δι’
1597 510 1680 544 αὐτῆς
1698 508 1726 538 δὲ
1742 509 1786 538 καὶ
1799 509 1844 539 1rd-

1058 567 1106 588 σας
1120 554 1166 589 τὰς
1179 554 1262 588 ἄλλοις
1278 554 1374 594 ἀρετάς
1388 566 1393 572 ·
1418 554 1465 583 καὶ
1480 553 1523 583 διὰ
1538 553 1582 583 τὸν
1595 553 1688 593 καιρόν
1705 565 1712 572 ·
1726 553 1765 583 ὅτι
1779 555 1845 592 ἐγγύς

1058 601 1128 628 ἐστιν
1152 602 1169 636 ἡ
1195 599 1356 636 ἀνάστασις,
1381 598 1457 638 ἐγγὺς
1482 601 1498 635 ἡ
1527 598 1629 639 κρίσις,
1652 598 1699 628 καὶ
1724 599 1762 627 δεῖ
1785 601 1846 637 ἡμᾶς

1057 647 1086 674 ἐκ
1101 647 1147 674 τοῦ
1162 644 1242 674 ὕπνου
1269 646 1316 680 τῆς
1349 644 1478 684 ῥᾳθυμίας
1496 643 1521 662 ³⁵
1548 644 1707 683 ἐγερθῆναι,
1731 643 1776 673 καὶ
1789 639 1846 673 εἶναι

1057 689 1179 727 ἑτοίμους
1194 688 1259 729 πρὸς
1272 688 1307 718 τὰ
1321 690 1368 724 τῆς
1381 687 1552 722 ἀναστάσεως
1567 687 1627 722 ἄξια
1644 687 1720 728 ἔργα.

1100 745 1115 763 ί(
1130 735 1186 764 Νῦν
1198 734 1249 774 γὰρ
1262 733 1396 774 ἐγγύτερον
1413 734 1488 772 ἡμῶν
1506 733 1659 774 ἡῗσωι-ηρία
1671 755 1680 770 ,
1695 733 1713 769 ἢ
1734 732 1775 762 ὅτε
1794 734 1843 762 ἐπι-

1055 779 1213 817 στεύσαμεν.
1245 789 1261 807 ι
1292 773 1404 814 Ἐπειδή
1429 778 1497 810 εἰκὸς
1524 773 1556 813 ἦν
1584 778 1610 807 ἐν
1639 779 1711 818 ἀρχῇ
1737 777 1782 816 μὲν
1804 780 1844 814 τῆς

1056 823 1168 856 πίστεως
1184 822 1401 863 σπουδαιοτέρους
1424 822 1517 856 αὐτοὺς
1538 818 1621 859 εἶναι,
1639 818 1700 852 εἶτα
1724 823 1844 862 προίόντος

204 877 285 897 cursu
304 868 438 897 refrixisse
453 878 459 895 :
478 869 572 902 Nunc,
588 868 687 904 inquit,
703 868 792 904 magis
801 868 1000 905 appropinqua-

1062 872 1100 898 τοῦ
1114 868 1209 908 χρόνου
1233 869 1468 907 ἀποψυχρανθῆναι
1481 889 1490 903 ,
1508 867 1603 908 φησὶν,
1623 867 1665 896 ὅτι
1681 869 1737 898 Νῦν
1755 868 1843 905 μᾶλλον

205 922 266 942 mus
289 912 382 941 futuro
400 912 510 941 saeculo.
530 913 602 940 Nam
618 912 685 941 illud
700 913 817 941 salutem
836 914 1000 949 nominavit,

201 967 217 986 a
228 958 342 986 nomine
355 957 488 986 nimirum
498 957 687 985 commodiore
700 968 706 986 :
725 957 913 993 peccatoribus
927 959 1002 986 enim

203 1011 260 1031 non
275 1007 316 1030 est
335 1002 420 1036 salus,
442 1001 491 1030 sed
512 1002 654 1038 pernicies.
675 1002 795 1030 Proinde
814 1002 877 1038 quia
899 1011 1003 1039 appro-

203 1048 368 1084 pinquamus
389 1046 490 1075 futura:
513 1046 585 1082 vitae,
603 1045 727 1075 studium
746 1046 938 1075 vehementius
958 1047 1003 1075 in-

205 1092 359 1120 tendamus.
374 1091 405 1120 ld
417 1091 491 1120 enim
505 1095 548 1120 est
561 1090 637 1128 quod
650 1091 677 1120 in
693 1091 871 1128 sequentibus
885 1092 1001 1120 indicat.

238 1139 327 1166 Vnus.
346 1140 388 1165 12.
407 1149 419 1161 α
433 1138 495 1166 Nox
510 1137 652 1173 processit,
671 1136 732 1165 dies
744 1142 837 1166 autem
855 1138 1002 1174 appropin~

202 1183 303 1218 quavit.
322 1193 335 1206 ι
351 1182 382 1210 Id
397 1186 455 1216 est,
470 1182 530 1210 Nox
547 1185 589 1209 est
602 1181 729 1217 proxime
756 1181 850 1210 ﬁnem.
873 1182 1002 1218 Exempli

204 1227 300 1263 gratia,
331 1226 429 1254 demus
456 1225 602 1254 duodecim
625 1225 756 1254 horarum
788 1233 846 1254 esse
871 1230 1000 1260 noctem;

202 1279 265 1299 cum
278 1279 343 1307 ergo
355 1271 452 1299 decem
466 1271 656 1306 prmterierint,
673 1270 787 1298 dicimus
802 1275 913 1298 noctem
935 1279 1001 1306 pro-

203 1316 331 1350 cessisse,
346 1323 395 1351 pro
414 1323 447 1343 eo
467 1315 539 1351 quod
560 1319 611 1348 est,
629 1315 809 1351 praeteriisse,
823 1315 1002 1352 proximeque

203 1361 286 1389 ﬁnem
300 1368 369 1389 esse.
392 1361 508 1388 Noctem
527 1363 620 1388 autem
635 1367 756 1396 praesens
767 1359 901 1388 saeculum
915 1360 1001 1396 appel-

202 1405 252 1440 lat,
267 1405 343 1442 quod
364 1405 485 1441 plerique
506 1405 536 1432 in
560 1404 679 1432 tenebris
698 1408 795 1440 agant,
817 1412 849 1432 ac
869 1404 1001 1441 cujusque

201 1451 255 1478 vita
276 1450 389 1485 caligine
407 1453 584 1485 contegatur;
607 1448 683 1476 diem
699 1457 774 1483 vero,
800 1448 926 1477 futurum
945 1457 998 1478 sat-

201 1495 308 1529 culum;
332 1498 392 1522 tum
412 1498 523 1530 propter
543 1493 683 1530 justorum
706 1494 815 1527 lumen.
839 1497 900 1522 tum
925 1494 1000 1530 quod

1057 913 1192 953 ἐγγίζομεν
1210 915 1247 952 τῷ
1263 912 1385 951 μέλλοντι
1410 914 1498 943 αἰῶνι.
1523 912 1667 952 Σωτηρίαν
1691 912 1743 952 γὰρ
1763 914 1843 941 τοῦτον

1057 958 1193 996 ὠνόμασεν
1211 957 1264 987 ἀπὸ
1288 959 1334 986 τοῦ
1359 957 1537 997 χρηστοτέρου
1558 956 1690 994 ὀνόματος
1704 969 1710 975 ’
1728 958 1778 990 τοῖς
1801 956 1844 994 γὰρ

1059 1003 1229 1043 ἁμαρτωλοῖς
1244 1003 1273 1032 οὗ
1295 1001 1430 1043 σωτηρία,
1443 1001 1511 1031 ἀλλὰ
1528 1000 1651 1031 ἆπώλειά
1669 1002 1752 1032 ἐστιν.
1767 999 1843 1030 Ὥστε

1058 1048 1115 1077 ἐπεὶ
1131 1047 1268 1087 ἐγγίζομεν
1342 1046 1476 1086 μελλούσῃ
1501 1046 1608 1086 ἡμέρᾳ,
1636 1047 1737 1085 μᾶλλον
1759 1046 1842 1076 ἐπιτεί-

1058 1104 1143 1132 νωμεν
1158 1091 1205 1127 τὴν
1221 1091 1337 1127 σπουδήν
1353 1104 1359 1110 ·
1375 1090 1389 1121 ὃ
1402 1092 1448 1121 καὶ
1462 1091 1505 1120 διὰ
1525 1093 1575 1120 τῶν
1594 1091 1656 1127 ἑξῆς
1671 1092 1755 1127 δηλοῖ.

1103 1148 1117 1166 ‹(
1140 1136 1176 1167 Ἦ
1191 1136 1236 1171 νὺξ
1251 1136 1396 1177 προέκοψεν
1408 1159 1415 1172 ,
1431 1138 1449 1172 ἡ
1465 1135 1491 1165 δὲ
1507 1136 1731 1177 ἡμέρανῆγγικεν.
1749 1149 1762 1162 ιι
1775 1136 1845 1166 Τουτ-

1059 1181 1131 1218 έστι,
1149 1181 1213 1221 πρὸς
1227 1183 1266 1220 τῷ
1288 1181 1357 1210 τέλει
1373 1181 1444 1210 ἐστὶν
1466 1184 1483 1217 ἡ
1500 1180 1544 1215 νὺξ
1557 1193 1563 1199 -
1586 1176 1656 1218 οἷον,
1683 1182 1718 1215 ὡς
1734 1180 1774 1210 ἐπὶ
1789 1181 1843 1209 ὕπο·

1058 1227 1213 1266 δείγματος,
1239 1225 1342 1256 δώδεκα
1367 1227 1442 1265 ὡρῶν
1471 1227 1558 1264 Θῶμεν
1582 1220 1652 1254 εἶναι
1676 1225 1724 1261 τὴν
1744 1226 1843 1255 νύχτα’

1057 1272 1119 1301 ὅταν
1135 1272 1163 1300 αἱ
1190 1272 1252 1300 δέκα
1279 1270 1432 1307 διέλθωσιν,
1459 1270 1587 1309 λέγομεν,
1611 1270 1653 1300 ὅτι
1675 1270 1843 1310 προέκοψενὴ

1058 1316 1118 1353 νὺξ,
1134 1315 1192 1346 ἀντὶ
1212 1318 1258 1345 τοῦ
1269 1338 1277 1352 ,
1293 1316 1430 1355 παρῆλθε,
1444 1315 1509 1354 πρὸς
1524 1316 1561 1355 τῷ
1582 1315 1653 1344 τέλει
1674 1315 1739 1344 ἐστί.
1763 1313 1843 1345 Νύκτα

1058 1361 1085 1391 δὲ
1107 1362 1185 1390 καλεῖ
1198 1360 1244 1390 τὸν
1261 1361 1392 1389 ἐνεστῶτα
1418 1360 1516 1396 αἰῶνα,
1541 1359 1583 1389 διὰ
1603 1360 1634 1390 τὸ
1650 1361 1677 1389 ἐν
1695 1359 1780 1389 σκότει
1795 1358 1844 1390 τοὺς

1058 1404 1171 1439 πολλοὺς
1188 1400 1268 1442 εἶναι,
1283 1405 1329 1433 καὶ
1354 1404 1397 1433 διὰ
1411 1404 1442 1435 τὸ
1466 1404 1683 1445 συγκεκαλύφθαι
1705 1403 1762 1437 τοὺς
1782 1403 1844 1442 βίους

1053 1450 1172 1480 ἑκάστων
1186 1461 1192 1468 ·
1209 1449 1311 1489 ἡμέραν
1326 1448 1371 1484 δὲ,
1389 1448 1434 1478 τὸν
1461 1448 1608 1488 μέλλοντα,
1628 1449 1672 1478 διά
1693 1461 1722 1478 τε
1749 1448 1777 1478 τὸ
1799 1449 1843 1477 τῶν

1053 1495 1161 1525 δικαίων
1182 1496 1250 1535 φῶς,
1274 1494 1319 1523 καὶ
1342 1493 1386 1523 διὰ
1410 1494 1440 1524 τὸ
1463 1494 1496 1522 τὰ
1521 1494 1626 1533 κρυπτὰ
1654 1493 1760 1523 πάντων
1776 1503 1843 1534 φανε-

201 1539 327 1567 omnium
345 1547 389 1567 res
400 1538 515 1567 occultae
531 1542 595 1566 tunc
617 1537 835 1566 manifestentur.
856 1539 888 1566 In
907 1540 999 1567 Evan-

1062 1542 1162 1570 »οῦσϐαι
1186 1539 1255 1586 τότε.
1273 1538 1319 1568 Ἐν
1343 1537 1369 1586 δὲ
1459 1539 1633 1586 Εὖαγγελίιρ,
1658 1538 1746 1586 ἡμέρα
1768 1537 1812 1576 μὲν
1833 1538 1844 1565 ὁ

205 1584 275 1620 gelio
297 1591 373 1617 vero,
395 1583 454 1611 dies
471 1582 582 1618 quidem
593 1603 600 1616 ,
616 1590 738 1618 praesens
752 1583 808 1611 vita
829 1582 944 1617 dicitur,
967 1591 1000 1612 eo

202 1627 277 1664 quod
301 1632 427 1664 oporteat
447 1628 474 1655 in
493 1635 524 1655 ea
545 1627 670 1664 operari;
696 1635 752 1655 nox
773 1631 877 1662 autem,
909 1628 1000 1657 futura

205 1673 270 1707 vita,
284 1680 317 1700 eo
327 1672 402 1708 quod
415 1675 475 1700 tum
490 1680 573 1700 nemo
583 1671 735 1708 quidquam
750 1676 890 1708 operetur.

241 1729 253 1742 σι
279 1717 449 1754 Abjiciamus
471 1717 556 1753 igitur
572 1725 654 1753 opera
677 1717 870 1750 tenebrarum,
901 1722 929 1746 et
957 1718 1000 1746 in-

204 1763 321 1791 duamur
344 1769 422 1790 arma
436 1762 515 1790 lucis.
533 1773 546 1786 ιι
571 1762 672 1798 Opera,
707 1762 810 1798 peccati
829 1763 1001 1799 operationes

202 1807 364 1844 appellavit,
383 1815 433 1836 ceu
466 1806 636 1835 laboriosum
660 1807 792 1843 quiddam
821 1811 849 1835 et
871 1815 1000 1844 magnam

203 1852 392 1881 difﬁcultatem
411 1852 581 1880 continentes
592 1855 620 1880 et
629 1851 737 1880 inﬁnita
757 1852 889 1888 pericula,
916 1852 1000 1889 idque

200 1898 227 1926 in
242 1897 369 1934 praesenti
383 1897 447 1932 vita,
462 1905 539 1926 arma
550 1905 614 1925 vero
630 1896 708 1931 lucis,
734 1897 841 1926 virtutis
859 1897 917 1933 98
936 1905 1000 1934 ope-

204 1942 331 1971 rationes.
346 1944 418 1971 Eum
440 1942 512 1970 enim
526 1942 574 1978 qui
588 1941 630 1970 bis
649 1946 774 1970 armatus
795 1941 887 1976 fuerit,
907 1942 935 1970 in
956 1946 1000 1970 tu-

203 1991 265 2016 tum
285 1988 436 2022 colloeant;
454 1998 466 2011 α
490 1994 567 2014 arma
583 1998 596 2011 ν
611 1994 733 2023 namque
746 1991 819 2021 sunt,
841 1991 868 2014 et
884 1987 1001 2023 splendi-

203 2032 270 2060 dum
284 2031 400 2064 faciunt;
417 2043 430 2055 ι
452 2031 520 2059 lucis
537 2042 548 2054 ι
566 2031 642 2058 enim
657 2034 732 2058 sunt.
748 2031 833 2058 Porro
858 2039 922 2059 cum
940 2032 978 2059 ait
993 2041 1000 2060 :

204 2089 217 2102 ι
238 2076 419 2112 Abjiciamus.
436 2087 449 2100 ι»
466 2079 503 2108 et,
523 2086 536 2099 ι
557 2075 718 2109 lnduamur,
741 2085 755 2100 ι)
771 2075 917 2104 amborum
936 2076 1002 2104 faci-

203 2121 307 2149 litatem
322 2119 461 2154 indicavit,
477 2119 653 2148 devitationis
663 2127 765 2156 nempe
778 2127 923 2155 pravorum
938 2128 1002 2156 ope-

203 2174 278 2200 rum,
293 2170 321 2193 et
340 2164 375 2193 ad
388 2165 516 2192 virtutem
539 2164 732 2192 inclinationis.
749 2166 822 2192 Nam
836 2164 905 2193 sicut
921 2164 1001 2194 facile

1055 1584 1164 1617 ἐνεστὼς
1188 1583 1311 1623 λέγεταιξ,
1327 1583 1370 1612 διὰ
1386 1583 1416 1613 τὸ
1442 1584 1496 1612 δεῖν
1519 1584 1545 1612 ἐν
1570 1582 1656 1623 τούτῳ
1682 1583 1842 1623 ἐργάζεσθαι·

1054 1629 1098 1663 νὺξ
1112 1629 1139 1658 δὲ
1155 1632 1168 1658 ὁ
1184 1627 1304 1666 μέλλων,
1332 1627 1376 1658 διὰ
1390 1627 1420 1657 τὸ
1439 1627 1541 1666 μηδένα
1556 1627 1616 1657 τότε
1633 1628 1796 1668 ἐργάζεσθαι.

1099 1729 1114 1747 (ί
1130 1717 1301 1756 Ἀποθώμεθα
1318 1712 1363 1746 οὖν
1382 1716 1417 1746 τὰ
1438 1717 1503 1756 ἔργα
1527 1720 1572 1746 τοῦ
1588 1717 1699 1751 σκότους
1711 1740 1718 1754 ,
1745 1716 1788 1746 καὶ
1806 1728 1840 1746 τν-

1056 1763 1195 1796 δυσώμεθα
1209 1762 1241 1792 τὰ
1251 1761 1322 1792 ὅπλα
1338 1764 1383 1791 τοῦ
1399 1762 1492 1802 φωτός,
1504 1773 1519 1790 ι)
1538 1760 1630 1801 Ἔργα
1647 1761 1674 1781 ³⁵
1686 1762 1793 1792 ἐκάλεσε
1805 1764 1843 1793 τὰς

1055 1810 1101 1843 τῆς
1119 1807 1251 1847 ἁμαρτίας
1272 1806 1396 1846 πράξεις,
1425 1809 1460 1841 ὡς
1485 1807 1613 1847 ἐργωδίαν
1641 1807 1687 1836 καὶ
1714 1806 1843 1836 δυσκολίαν

1057 1852 1168 1892 ἐχούσας
1183 1850 1284 1886 πολλὴν
1296 1873 1304 1887 ,
1322 1851 1368 1881 καὶ
1392 1851 1525 1885 κινδύνους
1547 1851 1660 1891 μυρίους
1673 1875 1681 1889 ,
1707 1851 1752 1881 καὶ
1771 1852 1796 1880 ἐν
1811 1851 1843 1890 τῷ

1056 1899 1101 1926 νῦν
1118 1897 1194 1926 αἰῶνι
1206 1907 1213 1914 ο
1229 1896 1300 1925 ὅπλα
1313 1896 1340 1925 δὲ
1357 1895 1460 1938 φωτὸς,
1476 1896 1523 1930 τὰς
1534 1898 1580 1932 τῆς
1595 1897 1692 1936 ἀρετῆς
1707 1909 1713 1914 ·
1729 1897 1755 1925 ἐν
1768 1898 1844 1935 ἄσφα-

1057 1941 1115 1981 λείᾳ
1129 1941 1180 1981 γὰρ
1196 1942 1342 1970 καθιστῶσι
1355 1940 1398 1970 τὸν
1410 1940 1508 1974 ταύτας
1518 1940 1617 1981 ἔχοντα
1634 1953 1640 1960 ο
1662 1952 1676 1970 (ι
1689 1941 1757 1971 ὅπλα
1769 1951 1782 1968 n
1799 1939 1843 1978 γάρ

1056 1987 1118 2022 εἰσι,
1136 1986 1182 2015 καὶ
1196 1985 1312 2024 λάμπειν
1324 1988 1429 2015 ποιοῦσι
1439 1998 1445 2004 ·
1461 2000 1473 2011 ι
1484 1986 1571 2026 φωτὸς
1583 1999 1594 2011 ν
1611 1985 1663 2026 γοίρ
1678 1987 1753 2015 εἰσιν.
1766 1984 1809 2014 Ἐν
1820 1983 1842 2012 δὲ

1056 2032 1094 2070 τῷ
1110 2031 1191 2059 εἰπεῖν
1206 2054 1212 2066 ,
1230 2044 1242 2056 ιι
1252 2030 1426 2069 Ἀποθώμεθα
1437 2053 1444 2066 ,
1456 2030 1512 2065 καὶ,
1535 2041 1549 2059 (ι
1559 2030 1765 2070 Ἐνδυσώμιθα,
1780 2043 1791 2055 ι
1801 2028 1841 2063 τὴν

1057 2075 1178 2105 εὐκολίαν
1204 2074 1359 2116 ἀμφοτέρων
1376 2075 1493 2111 ἐδήλωσε
1504 2098 1512 2112 ,
1537 2077 1584 2111 τῆς
1598 2087 1626 2105 τε
1649 2076 1783 2115 ἀποφυγῆς
1797 2074 1840 2102 τῶν

1056 2121 1178 2158 πονηρῶν
1205 2120 1344 2160 πράξεων,
1368 2121 1412 2150 καὶ
1438 2122 1484 2155 τῆς
1509 2120 1573 2158 πρὸς
1599 2120 1648 2156 τὴν
1675 2119 1768 2160 ἀρετὴν
1792 2117 1841 2146 νεύ-

1056 2175 1131 2197 σεως.
1153 2164 1259 2205 Ὥσπερ
1275 2165 1326 2204 γὰρ
1341 2164 1448 2194 εὔκολόν
1473 2166 1543 2194 ἐστιν
1564 2165 1710 2195 ἀποθέσθαι
1725 2163 1822 2202 ἱμάτιον
1832 2185 1838 2197 ,

203 2216 246 2239 est
258 2210 396 2247 deponere
416 2209 529 2246 pallium
556 2213 583 2237 et
597 2209 715 2237 alterum
730 2209 843 2238 induere
865 2220 870 2237 :
890 2210 927 2239 ita
946 2214 974 2239 et
986 2218 1000 2239 a

1062 2208 1102 2238 ιαὶ
1115 2208 1201 2248 ἕτερον
1218 2209 1376 2239 ἐνδύσασθαι
1391 2218 1398 2225 ·
1423 2208 1492 2238 οὕτω
1513 2209 1558 2239 καὶ
1573 2209 1670 2240 κακίαν
1690 2211 1839 2249 ἀποφυγεῖν,

205 2255 268 2284 vitio
283 2255 423 2284 discedere
435 2259 463 2282 et
476 2254 605 2282 virtutem
612 2254 769 2290 complecti.

239 2302 330 2329 Vnus.
358 2303 399 2329 13.
426 2311 439 2324 α
466 2300 507 2328 Ut
528 2299 556 2326 in
579 2298 623 2327 die
648 2298 762 2328 honeste
780 2299 963 2328 ambulemus.
985 2311 999 2326 »

205 2346 289 2374 Paulo
312 2348 375 2373 ante
397 2344 466 2374 dixit
491 2356 504 2369 α
532 2343 616 2372 Diem
640 2344 885 2381 appropinquasse,
906 2356 920 2369 »
942 2345 1002 2381 jam

204 2398 277 2418 nunc
293 2397 358 2418 vero
371 2390 460 2426 ipsam
475 2389 577 2417 instare
591 2389 728 2425 ostendit,
745 2390 870 2426 inquiens
892 2398 900 2418 :
916 2401 928 2414 α
946 2391 1001 2418 Ho-

203 2438 278 2462 neste
291 2433 473 2462 ambulemus.
491 2444 504 2459 1
520 2432 752 2469 Quandoquidem
771 2434 846 2462 enim
856 2433 927 2470 vulgi
942 2434 1000 2470 glo-

202 2479 273 2507 riam
286 2487 436 2516 auramque
457 2479 618 2516 popularem
642 2479 737 2515 magni
752 2478 885 2514 facerent,
898 2478 933 2507 ab
952 2479 1003 2507 ho-

203 2528 309 2553 nestate
334 2531 382 2552 eos
411 2523 503 2552 allicit.
532 2524 589 2551 Nec
621 2522 700 2557 dixit,
733 2522 904 2557 Ambuletis,
936 2522 999 2558 sed,

204 2582 216 2594 αι
233 2569 428 2604 Ambulemus,
448 2580 461 2594 ›ι
479 2567 702 2597 adhortationem
716 2575 796 2596 suam
809 2568 897 2596 levem
917 2571 944 2596 et
953 2568 1002 2597 im-

202 2615 351 2643 molestam
364 2613 499 2643 efﬁciens.
525 2613 597 2641 Nihil
619 2613 693 2641 enim
716 2613 783 2642 adeo
798 2613 926 2642 dedecori
943 2618 1000 2648 est,

203 2664 234 2690 ut
245 2663 387 2697 peceatum
405 2669 411 2687 :
422 2659 462 2687 uti
475 2662 502 2687 et
515 2658 584 2686 nihil
601 2665 679 2695 atque
688 2657 861 2687 honestatem
877 2660 956 2696 parit,
969 2667 1001 2688 ac

205 2705 263 2742 ipsa
278 2705 375 2733 virtus.

1057 2253 1104 2282 καὶ
1121 2253 1217 2294 ἀρετὴν
1232 2253 1350 2284 ἑλέσθαι.

1101 2309 1115 2326 (‹
1129 2297 1179 2332 Ὡς
1206 2299 1233 2339 ἐν
1256 2299 1345 2339 ἡμέρᾳ
1373 2299 1543 2338 εὐσχημόνως
1571 2298 1801 2339 περιπατήσωμεν.
1824 2306 1836 2324 η

1055 2341 1123 2372 Ἄνω
1139 2342 1186 2380 μὲν
1204 2338 1277 2373 εἶπεν
1292 2355 1299 2362 υ
1313 2338 1339 2372 γαν
1347 2341 1478 2383 Ἤγγικεν
1493 2347 1510 2381 ἡ
1530 2338 1618 2385 ἡμέρα
1634 2356 1640 2363 ·
1654 2355 1668 2374 ι)
1688 2346 1732 2373 ν’ὗν
1748 2343 1773 2372 δὲ
1793 2341 1837 2377 ἤδη

1056 2386 1139 2423 αὐτὴν
1165 2387 1347 2428 ἐφισταμένην
1373 2388 1506 2428 δείκνυσι,
1531 2388 1577 2418 καί
1597 2400 1694 2430 φησιν,
1711 2387 1749 2417 ὅτι
1768 2400 1779 2413 ι
1797 2386 1838 2416 Εὖ·

1056 2432 1197 2472 σχημόνως
1214 2433 1452 2472 περιπατήσωμεν.
1473 2444 1489 2462 ι)
1508 2433 1621 2469 Ἐπειδὴ
1637 2433 1689 2474 γὰρ
1707 2431 1785 2464 πολὺς
1800 2431 1837 2459 αὖ·

1055 2481 1108 2510 τοῖς
1121 2478 1168 2512 τῆς
1187 2477 1260 2517 παρὰ
1277 2479 1329 2507 τῶν
1343 2479 1450 2507 πολλῶν
1475 2477 1550 2515 δόξης
1569 2482 1583 2509 ὁ
1597 2479 1690 2517 λόγος,
1712 2477 1838 2518 ἐφέλκεται

1058 2521 1153 2555 αὐτοὺς
1168 2523 1221 2552 ἀπὸ
1241 2524 1287 2558 τῆς
1301 2523 1514 2562 εὐσχημοσύνης.
1540 2523 1594 2554 Καὶ
1612 2524 1658 2552 οὐκ
1674 2518 1730 2552 εἷπε
1741 2545 1748 2558 ,
1768 2522 1836 2560 Περι·

1056 2567 1173 2602 πατεῖτε,
1190 2566 1276 2603 ἀλλὰ,
1292 2581 1305 2593 ι
1321 2568 1553 2607 Περιπατήσωμεν
1564 2591 1572 2606 ,
1588 2582 1598 2595 υ
1614 2569 1749 2607 ἄνεπαχθῆ
1764 2565 1836 2594 ποιῶν

1055 2611 1102 2646 τὴν
1119 2611 1285 2651 παραίνεσιν.
1313 2612 1397 2642 Οὐδὲν
1421 2612 1472 2652 γὰρ
1497 2614 1580 2647 οὔτως
1599 2613 1786 2653 ἀσχημοσύνης
1799 2608 1837 2653 αἷ-

1054 2668 1108 2686 τιον
1122 2681 1129 2693 ,
1153 2657 1188 2690 ὥς
1212 2656 1332 2697 ἁμαρτία
1349 2668 1355 2674 '
1376 2655 1468 2698 ὥσπερ
1492 2658 1537 2688 καὶ
1563 2656 1761 2698 εὐσχημοσύνης
1773 2652 1837 2683 οὖδδν

1055 2700 1124 2730 οὕτω
1139 2701 1280 2742 πρόξενον,
1296 2703 1331 2736 ὡς
1341 2701 1438 2743 ἀρετή.

895 2771 992 2802 Variae
1014 2773 1166 2803 lectiones.

239 2833 261 2852 ³⁸
275 2833 353 2861 εἰπεῖν
367 2841 394 2861 ο.
432 2831 454 2849 ⁸⁸
469 2832 524 2864 τοὺς
535 2831 657 2870 ῥᾳθύμους
670 2840 696 2861 o.
735 2831 757 2849 ³⁸
770 2832 832 2870 ἔργα
843 2833 943 2864 σκότους
959 2841 997 2861 m.
