1901 3077
32 150 87 176 521

80 222 99 239 α
114 210 162 246 Μὴ
178 210 277 250 κώμοις
292 211 337 241 καὶ
352 211 452 250 μέθαις.
473 224 488 241 ι)
507 214 548 242 0νῦ
571 213 600 243 τὸ
624 213 709 244 πίνειν
725 215 836 252 κωλύει,
850 218 875 249 Α

32 256 108 284 am
120 256 152 286 τὸ
167 255 290 296 ἀμέτρως
302 269 308 274 ·
325 257 384 286 οὐδὲ
397 256 427 286 τὸ
442 257 586 287 ἀπολαύιιν
606 258 688 295 οἴνου,
705 259 773 289 ἀλλὰ
789 259 837 295 τὴν

29 300 189 339 παροινίαν.
227 303 325 339 Κῶμος
357 302 408 342 γάρ
436 303 493 331 ἐστι
522 302 555 331 τὰ
585 303 652 341 μετὰ
679 304 759 342 μέθης
790 303 835 333 καὶ

31 343 140 383 ὕϐρεως
162 345 272 386 ᾅσματα
287 358 292 364 ·
308 345 323 376 ὃ
337 345 384 376 καὶ
398 346 522 387 παροινία
536 347 653 386 λέγεται.

81 493 98 511 α
110 480 161 518 Μὴ
186 480 286 515 κοίταις
309 481 355 511 ιιαὶ
374 482 532 521 ἆσιλγιίαις.
549 493 565 512 1)
594 482 684 513 Εἰπὼν
707 482 769 522 περὶ
789 484 837 519 τῆς

34 526 122 564 μέθης
146 527 292 566 πρότερον,
314 529 360 555 νῦν
375 527 445 566 λέγει
459 527 520 567 περὶ
537 529 589 557 τῶν
605 528 635 556 ἐκ
657 527 755 564 ταύτης
775 539 836 566 γεν-

32 570 165 609 νωμένων
179 572 288 601 κακῶν*
310 572 340 601 ἐκ
360 571 412 611 γὰρ
436 573 518 610 μέθης
540 573 568 601 αἱ
591 571 740 610 ἆσέλγειαι.
764 572 835 602 Οὐδὲ

32 615 88 656 γὰρ
112 617 225 645 ἐνταῦθα
253 615 284 645 τὸ
314 616 454 655 μίγνυσθαι
481 615 597 656 γυναιξὶν
625 617 742 658 ἀναιρεῖ,
774 617 835 646 οὐδὲ

32 659 84 695 τὴν
100 659 207 696 κοίτην,
225 659 294 690 ἀλλὰ
306 660 337 690 τὸ
351 660 501 700 πορνιῦειν.

78 716 95 732 ι
117 704 168 741 Μὴ
181 704 246 744 ἔριδι
261 704 306 734 καὶ
328 705 412 745 ζήλῳ.
431 719 444 732 ι
462 705 574 742 Ἐπειδὴ
590 705 623 735 τὰ
636 707 665 736 ἐκ
680 708 727 742 τῆς
744 707 835 736 ἐπιθυ-

33 749 100 786 μίας
118 749 262 788 τικτόμενα
277 749 437 786 κατέσϐεσε,
462 752 507 779 νῦν
531 751 578 781 καὶ
593 750 626 780 τὰ
647 752 677 780 lx
691 754 737 781 τοῦ
751 753 835 789 θυμοῦ

32 794 108 824 κακὰ
135 793 321 824 καταστέλλιι.
347 794 434 825 Οὐδὲν
457 795 508 834 γὰρ
529 795 598 825 οὕτω
622 795 668 825 καὶ
694 795 835 834 ἐπιθυμίαν

33 838 167 875 ἀνάπτει,
181 839 227 868 καὶ
249 838 329 878 ὀργὴν
346 839 463 875 ἐκκαίει,
488 841 524 873 ὡς
548 839 616 878 μέθη
636 840 680 870 καὶ
697 841 831 880 παροινία.

479 150 655 180 EXPOSITIO
676 152 708 179 IN
727 152 832 180 EPIST.
852 153 898 180 AD
918 152 1005 180 ROM.
1026 167 1060 173 —
1079 152 1154 180 CAP.
1177 152 1244 179 XIV.

1635 155 1688 181 522

927 227 940 239 ι
956 217 1017 243 Non
1037 215 1065 243 in
1086 216 1332 246 comessationibus
1355 220 1382 244 et
1395 215 1583 244 ebrietatibus.
1607 227 1620 240 -
1646 216 1687 244 Bi-

891 260 954 288 bere
971 261 1183 298 haudquaquam
1204 266 1289 294 vetat.
1309 262 1358 290 sed
1373 261 1551 289 immoderate
1567 261 1661 289 bibere
1679 272 1684 288 :

891 313 982 342 neque
994 305 1047 334 frui
1067 314 1233 343 quemquam
1249 307 1314 334 vino
1333 306 1471 343 prohibet,
1486 305 1533 333 sed
1548 305 1634 341 ipsam
1648 310 1687 333 te-

893 350 1052 379 mulentiam
1079 355 1163 380 arcet.
1190 351 1277 387 Κῶμος
1308 351 1382 379 enim
1406 355 1449 379 est
1472 350 1614 378 cantilenae
1636 350 1688 378 illa:

891 402 953 431 quae
970 395 998 423 in
1010 395 1140 424 ebrietate
1155 404 1220 424 cum
1234 395 1333 432 injuria
1349 395 1420 424 fiunt
1442 406 1447 424 :
1463 395 1538 431 quod
1560 398 1586 422 et
1600 398 1689 422 temu-

892 439 975 468 lentia
985 439 1094 469 dicitur.

929 496 942 509 ι
970 486 1033 514 Non
1053 485 1082 513 in
1103 484 1238 513 cubilibus
1261 489 1290 513 et
1315 484 1501 521 impudicitiis.
1531 497 1543 508 ν
1565 484 1634 512 Cum
1654 483 1689 511 de

890 529 1022 558 ebrietate
1035 529 1111 566 prius
1123 529 1231 558 locutus
1239 534 1324 563 esset,
1339 537 1415 558 nunc
1428 529 1463 558 de
1478 529 1557 557 malis
1579 528 1689 556 disserit

890 581 923 601 ex
943 581 974 601 ea
996 574 1075 602 ortis.
1102 575 1142 602 Ex
1167 574 1300 602 ebrietate
1322 574 1397 602 enim
1421 573 1604 610 impudicitiae
1627 581 1688 609 pro-

890 618 988 646 fluunt.
1010 619 1105 655 Neque
1116 618 1192 647 enim
1213 619 1258 647 hic
1273 619 1405 648 uxoribus
1414 619 1505 656 jungi,
1522 625 1611 654 neque
1629 625 1688 646 ma-

889 663 1012 691 trimonii
1027 663 1129 692 lectum
1139 663 1220 699 tollit,
1234 663 1283 692 sed
1296 664 1383 700 ipsam
1396 663 1615 692 fornicationem.

928 719 941 732 ι
957 709 1018 737 Non
1034 709 1063 736 in
1071 709 1249 737 contentione
1259 713 1286 737 et
1304 709 1489 737 aemulatione.
1504 720 1516 733 ι
1532 709 1602 736 Cum
1616 708 1688 735 mala

890 761 923 782 ex
940 753 1157 789 concupiscentia
1172 758 1236 782 nata
1250 754 1440 787 exstinxisset,
1452 761 1526 782 nunc
1541 753 1623 781 etiam
1642 752 1688 781 illa

893 806 955 835 qua:
967 806 1000 826 ex
1015 798 1055 826 ira
1076 798 1230 834 prodeunt,
1254 799 1410 835 supprimit.
1435 798 1510 826 Nihil
1526 798 1602 826 enim
1621 797 1689 825 adeo

889 842 1067 879 cupiditatem
1080 842 1219 877 accendit,
1232 846 1259 870 et
1271 843 1339 871 iram
1349 843 1513 877 inﬂammat,
1527 846 1558 870 ut
1572 842 1689 870 ebrietas

32 882 87 913 Ἐκ
103 883 133 912 δὲ
157 885 202 913 τοῦ
222 883 302 925 ζήλου
323 886 340 919 ἡ
364 884 426 924 ἔρις.
451 883 485 914 Ὀ
508 884 561 925 γὰρ
587 885 748 921 ζηλοτυπίαν
767 886 835 924 ἔχων
855 880 877 911 Β
892 896 917 916 at

921 898 923 914 ε
945 887 1113 915 temulentis.
1148 888 1188 915 Ex
1212 887 1389 916 mmulationc
1416 891 1509 916 autem
1538 887 1686 915 contentio.

33 927 102 969 πρός
128 939 210 966 τινα,
241 923 316 961 οὗτος
342 923 388 958 καὶ
417 929 454 962 εἷς
488 923 576 968 ἔριδας
604 933 696 969 χωρεῖ.
726 923 834 959 Ἀνελὼν

32 966 80 1001 οὖν
95 972 123 991 ³⁷
152 971 201 1007 τὴν
226 972 298 1012 ἔριν,
315 973 456 1012 ἀνατρέχει
482 966 528 1014 καί
541 973 585 1003 ἐπὶ
670 973 756 1014 ἀρχὴν
772 974 836 1004 ταύ-

31 1029 98 1053 της,
114 1016 165 1052 τὴν
181 1016 352 1054 ζηλοτυπίαν.
369 1017 446 1048 Ἐπεὶ
461 1018 488 1047 δὲ
501 1012 569 1047 οἷδιν
585 1017 626 1048 ὅτι
642 1019 673 1048 ἐκ
690 1012 740 1054 Ἵτῆς
757 1019 836 1048 ἆσιλ-

32 1060 111 1100 γείας
145 1061 309 1091 ἀνάπτονται
344 1061 457 1101 πόλεμοι
485 1062 530 1092 καὶ
563 1064 655 1092 οἰκιῶν
691 1063 838 1104 ἀνατροπαὶ

33 1106 105 1144 μετὰ
120 1108 171 1143 τῆς
185 1106 326 1146 ἀσελγείας
342 1107 425 1147 ἔριδος
441 1107 487 1138 καὶ
499 1107 580 1144 ζήλου
592 1107 723 1146 ἰμνήσθη.

79 1256 92 1268 ι
122 1241 193 1272 Ἀλλ’
211 1241 354 1271 ἕνδΰσασθε
370 1241 415 1271 τὸν
437 1242 537 1283 Κύριον
557 1244 636 1281 ἡμῶν
646 1242 750 1279 Ἰησοῦν
774 1244 840 1284 Χρια

35 1286 118 1317 στόν.
148 1297 163 1315 ν
198 1285 346 1320 Ἀποδύσας
376 1288 448 1325 ἡμᾶς
478 1289 531 1316 τῶν
557 1289 680 1327 πονηρῶν
709 1288 838 1327 ἱματίων,

31 1330 202 1365 καλλωπίζει
216 1330 321 1368 λοιπὸν,
335 1330 424 1360 οὐκέτι
445 1330 515 1361 ὅπλα
531 1332 616 1372 φωτὸς
636 1335 709 1370 ἡμᾶς
727 1332 835 1371 ινδύων,

33 1376 96 1404 ἀλλ’
126 1375 141 1405 ὃ
164 1376 256 1416 πολλῷ
280 1376 505 1416 φρικωδέστερον,
529 1376 573 1406 τὸν
597 1377 676 1406 αὐτὸν
697 1377 836 1414 Δεσπότην

33 1420 127 1453 διδοὺς
146 1419 251 1457 ἱμάτιον
274 1421 350 1458 ἡμῖν.
373 1419 407 1451 ’0
427 1420 479 1461 γὰρ
501 1424 592 1451 τοῦτον
611 1422 836 1462 περιϐεϐλημένος

39 1468 129 1494 πᾶσιν
145 1463 202 1504 ἔχει
216 1464 264 1500 τὴν
281 1464 392 1504 ἀριτήν.

77 1567 91 1581 α
117 1553 171 1584 Καὶ
186 1555 233 1588 τῆς
248 1554 346 1594 σαρκὸς
370 1554 494 1594 πρόνοιαν
522 1554 559 1594 μὴ
580 1558 697 1586 ποιεῖσθε
721 1557 757 1590 εἷς
777 1558 833 1587 ἐπι·
850 1566 873 1598 C

33 1598 145 1636 θυμίας.
167 1612 180 1624 ι
199 1599 241 1628 Οὖ
265 1598 296 1628 τὸ
323 1602 493 1639 προνοεῖσθαι
525 1601 573 1636 τῆς
596 1601 694 1640 σαρκὸς
717 1601 834 1639 κωλύει,

33 1643 109 1672 ἄλλὰ
135 1643 166 1672 τὸ
184 1643 220 1676 εἷς
243 1643 393 1682 ἐπιθυμίας.
417 1644 488 1683 Πρὸς
508 1644 609 1683 ὑγίειαν
622 1669 630 1676 .
649 1645 745 1686 φησὶν,
767 1646 837 1676 ἀλλὰ

32 1688 70 1725 μὴ
86 1687 159 1727 πρὸς
182 1687 323 1726 ἀσέλγιιαν
341 1689 467 1727 ἐπιμελοῦ
492 1690 540 1725 τῆς
564 1690 672 1730 σαρκός.
696 1691 767 1721 Οὖδὲ
782 1691 835 1730 γὰρ

32 1733 64 1761 ἂν
93 1731 139 1768 εἴη
169 1732 277 1772 πρόνοια
301 1732 409 1769 λοιπὸν,
435 1732 497 1762 ὅταν
520 1733 568 1770 τὴν
584 1735 672 1774 φλόγα
693 1735 835 1776 ἀνάπτῃς,

31 1777 103 1807 ὅταν
117 1776 165 1812 τὴν
189 1777 302 1815 κάμινον
321 1777 443 1818 χαλεπὴν
459 1779 547 1819 ποιῇς.
574 1777 627 1809 ’Ἔν
649 1779 724 1815 ζήτιι
740 1780 837 1819 μόνον,

32 1821 110 1855 ὅπως
139 1821 308 1860 ὑγιαίνουσαν
338 1822 401 1861 ἔχῃς
426 1821 474 1860 τὴν
496 1823 583 1863 σάρκα
599 1835 605 1842 ·
631 1825 782 1865 περαιτέρω
809 1826 836 1856 δὲ

37 1866 126 1904 μηδὲν
145 1867 329 1907 περιιργάσῃ,
354 1866 423 1897 ὥστε
448 1867 494 1902 τὰς
516 1868 659 1907 ἐπιθυμίας
684 1870 766 1906 αὐτῆς
791 1871 838 1900 οἱν-

34 1911 122 1951 άψαι,
137 1911 209 1940 ἀλλὰ
224 1915 315 1941 πᾶσαν
330 1910 379 1947 τὴν
395 1911 512 1948 σπουδὴν
526 1912 588 1953 περὶ
609 1912 643 1943 τὰ
665 1915 836 1954 πνευματικὰ

36 1955 177 1987 ἀνάλισκε.

323 2064 469 2096 ΚΕΦΑΔ.
495 2064 552 2096 ΙΔ’.

77 2143 90 2156 α
102 2129 159 2160 Τὸν
175 2129 202 2159 δὲ
222 2130 382 2160 ἀσθενοῦντα
441 2131 530 2161 πίστει
551 2132 801 2172 προσλαμϐάνεσθι.
816 2145 830 2162 υ

37 2174 141 2204 Πολλοὶ
160 2175 212 2204 τῶν
233 2174 260 2209 ἐξ
284 2174 421 2205 Ἰουδαίων
444 2177 677 2215 πιπιστευχότων,
704 2177 750 2207 καὶ
766 2178 835 2217 μετὰ

36 2218 84 2254 τὴν
105 2219 195 2249 πίστιν
215 2219 358 2259 ἐφύλαττον
381 2219 420 2249 ἔτι
442 2220 491 2257 τὴν
512 2223 564 2250 τῶν
583 2222 732 2262 βρωμάτων
747 2234 834 2263 παρα-

36 2263 168 2303 τήρησιν,
183 2264 229 2293 καὶ
242 2264 363 2304 χοιρείων
379 2266 462 2304 κριῶν
487 2266 630 2306 ἀπείχοντο
640 2289 656 2307 ,ν
668 2265 742 2296 οὔπω
765 2269 833 2307 θαῤ-

37 2310 143 2347 ῥοῧντες
162 2308 250 2338 τέλεον
276 2310 426 2345 ἀποστῆναι
445 2313 491 2340 τοῦ
511 2310 602 2349 νόμου.
620 2306 688 2341 Εἶτα
712 2311 780 2342 ὥστε

36 2352 187 2393 εὖφώρατοι
211 2356 377 2390 narraucrint
402 2355 436 2387 ὡς
450 2356 503 2384 τῶν
519 2355 642 2395 χοιρείων
671 2355 757 2394 μόνων
783 2357 834 2385 ἅπ-

36 2399 169 2436 εχόμινοι,
185 2397 291 2428 πάντων
305 2398 395 2432 ἅπλῶς
403 2399 553 2442 ἐπείχοντο
564 2401 660 2440 κρεῶν,
671 2400 716 2429 καὶ
728 2400 834 2442 λάχανα

35 2442 136 2477 ἤσθιον.
164 2441 273 2483 Ἕτεροι
296 2442 377 2472 πάλιν
402 2438 677 2484 ἦσανητελιιὸτεροι,
701 2444 727 2475 οἳ
750 2438 833 2484 μηδὲν

38 2489 267 2531 παρατηροῦντες,
295 2487 426 2522 ὠνείδιζον
449 2490 504 2522 τοῖς
519 2493 728 2530 παρατηροῦσιν.
756 2490 835 2531 Ἐφο-

39 2530 106 2568 ϐήθη
121 2531 207 2561 τοίνυν
222 2534 236 2561 ὁ
254 2533 375 2569 Παῦλος,
398 2532 496 2572 μήπως
520 2533 635 2575 ἀκαίρως
653 2535 834 2571 ἐπιπλήσσον-

38 2586 94 2614 nc,
114 2576 161 2605 καὶ
185 2575 222 2615 μὴ
249 2576 318 2616 μετὰ
337 2580 383 2607 τοῦ
403 2578 580 2617 προσήκοντος
605 2579 718 2619 τρόπου,
744 2592 834 2620 παρα-

41 2620 191 2665 σαλεύσωσι
211 2620 271 2655 τοὺς
292 2622 477 2663 ἆτελεστέρους
498 2623 523 2652 οἱ
543 2624 698 2665 τελειότεροι
718 2624 773 2654 ἀπὸ
788 2627 835 2662 τῆς

41 2665 76 2710 εἷς
91 2664 207 2705 Χριστὸν
230 2665 365 2700 πίστεως·
389 2666 429 2697 διὸ
443 2667 489 2698 καὶ
513 2670 599 2709 σοφῶς
623 2670 836 2710 μιταχειρίζεται

41 2708 70 2738 τὸ
84 2714 209 2751 πρᾶγμα,
220 2710 347 2751 ἑκατέρου
362 2711 457 2752 μέρους
466 2713 682 2754 ἐπιμελούμενος.
692 2708 771 2745 Ἶοῦτε
783 2714 834 2755 γὰρ

889 933 941 967 Qui
956 932 1030 961 enim
1051 931 1200 960 aemulatur
1223 932 1315 965 alicui,
1336 932 1360 960 is
1383 936 1410 960 et
1429 931 1464 960 ad
1484 932 1556 959 rixas
1577 939 1688 967 progre-

889 977 970 1005 ditur.
984 975 1096 1004 Sublata
1110 975 1200 1012 itaque
1212 976 1398 1010 contentione,
1413 975 1448 1004 ad
1467 975 1688 1008 aemulationem,

888 1019 961 1048 unde
971 1019 1015 1048 illa
1025 1020 1156 1054 exoritur,
1171 1021 1298 1049 recurrit.
1319 1021 1456 1055 Quoniam
1476 1028 1540 1048 vero
1560 1027 1689 1055 comper-

892 1068 953 1092 tum
976 1064 1082 1099 habuit,
1107 1064 1179 1093 bella
1201 1073 1234 1093 ex
1260 1065 1438 1093 fornicatione
1466 1069 1494 1093 et
1518 1064 1689 1100 impudicitia

890 1109 1062 1145 exsuscitari,
1079 1109 1236 1146 aediumque
1250 1110 1450 1143 subversiones,
1472 1117 1527 1138 una
1553 1117 1618 1137 cum
1639 1109 1690 1136 im-

892 1153 1018 1189 pudicitia
1040 1155 1229 1183 contentionis
1251 1158 1278 1183 et
1304 1154 1492 1183 aemulationis
1519 1154 1689 1182 mentionem

892 1197 967 1227 facit.

927 1244 1016 1272 Vnus.
1042 1247 1085 1272 14.
1101 1255 1113 1268 ι
1130 1243 1184 1272 Sed
1208 1243 1361 1272 induamini
1381 1244 1533 1272 Dominum
1562 1247 1689 1271 nostrum

891 1289 983 1316 Jesum
1006 1288 1159 1316 Christum.
1183 1299 1196 1314 »
1222 1289 1306 1317 Exuit
1335 1297 1386 1316 nos
1404 1288 1495 1325 pravis
1524 1288 1690 1316 vestimentis

892 1333 1051 1369 Apostolus,
1064 1333 1191 1369 deinceps
1201 1338 1315 1362 exornat
1324 1341 1385 1366 nos,
1398 1341 1455 1361 non
1464 1333 1522 1370 jam
1533 1333 1601 1361 lucis
1612 1341 1689 1361 arma

892 1385 943 1405 nos
965 1377 1089 1411 induens,
1106 1378 1153 1406 sed
1178 1378 1252 1414 quod
1267 1378 1355 1406 multo
1371 1378 1458 1414 magis
1481 1382 1522 1406 est
1536 1377 1690 1406 formidan-

892 1422 970 1455 dum,
994 1422 1085 1458 ipsum
1109 1423 1264 1451 Dominum
1286 1431 1335 1459 pro
1358 1423 1520 1451 indumento
1532 1422 1611 1450 nobis
1634 1422 1689 1450 lar-

891 1467 979 1503 giens.
995 1467 1057 1495 Hoc
1080 1468 1128 1503 qui
1152 1467 1267 1496 vestitus
1288 1466 1381 1502 fuerit,
1402 1467 1478 1495 omni
1504 1475 1569 1496 sane
1589 1467 1689 1495 virtute

892 1511 1038 1541 decoratus
1054 1515 1105 1540 est.

926 1568 938 1581 ι
955 1557 990 1584 Et
1002 1557 1092 1585 carnis
1112 1565 1208 1585 curam
1223 1565 1258 1586 ne
1269 1556 1406 1594 gesseritis
1427 1556 1461 1585 ad
1482 1556 1655 1592 cupiditates.
1674 1568 1686 1580 ν

891 1603 954 1630 Non
974 1602 1101 1638 prohibet
1117 1602 1209 1630 carnis
1231 1609 1340 1636 curam,
1364 1601 1411 1630 sed
1434 1609 1468 1629 ne
1488 1601 1566 1637 juxta
1583 1600 1687 1637 cupidi-

891 1651 960 1675 tates
973 1647 1058 1683 ipsius
1069 1647 1093 1675 ei
1113 1647 1323 1683 prospiciamus.
1340 1646 1385 1675 Ad
1409 1647 1565 1680 sanitatem,
1584 1646 1689 1682 inquit,

891 1691 939 1720 sed
953 1700 1010 1720 non
1024 1691 1058 1720 ad
1070 1691 1197 1720 libidines
1210 1696 1238 1720 et
1260 1692 1412 1728 voluptates
1429 1692 1503 1719 carni
1527 1691 1686 1727 prospicito.

891 1737 987 1772 Neque
1005 1736 1079 1764 enim
1102 1737 1179 1765 istaec
1206 1736 1375 1772 providentia
1401 1740 1449 1764 aut
1467 1744 1532 1764 cura
1552 1735 1644 1768 fuerit,
1665 1735 1688 1763 si

891 1780 1034 1809 ﬂammam
1052 1780 1198 1814 accendas,
1214 1780 1236 1808 si
1254 1780 1392 1808 caminum
1413 1781 1559 1808 molestum
1579 1779 1688 1808 reddas.

890 1826 986 1854 Unum
1007 1825 1078 1853 istuc
1099 1825 1156 1860 99
1180 1824 1374 1853 tantummodo
1388 1832 1492 1860 quaere,
1508 1829 1538 1851 ut
1552 1832 1616 1852 caro
1632 1832 1689 1851 cor-

891 1877 994 1906 pusque
1016 1873 1096 1897 tuum
1110 1869 1179 1897 bene
1195 1869 1283 1897 valeat
1296 1878 1302 1896 :
1324 1877 1407 1905 supra
1423 1868 1474 1896 hoc
1492 1876 1527 1896 ne
1543 1869 1579 1896 sis
1597 1868 1689 1896 adhuc

889 1914 1022 1949 curiosus,
1038 1921 1126 1950 neque
1149 1913 1177 1942 id
1191 1920 1256 1950 agas
1274 1918 1305 1942 ut
1331 1913 1495 1949 cupiditates
1510 1913 1569 1949 ejus
1589 1921 1688 1940 accen-

890 1958 953 1993 das,
969 1957 1020 1987 sed
1043 1966 1159 1987 omnem
1183 1962 1315 1987 conatum
1337 1963 1416 1987 tuum
1440 1957 1511 1986 circa
1539 1957 1688 1994 spiritualia

890 2011 1008 2032 msume.

1180 2070 1302 2099 CAPUT
1322 2071 1398 2098 XIV.

926 2137 1010 2166 Vnus.
1039 2140 1065 2165 1.
1088 2148 1101 2162 ι
1117 2136 1266 2165 Inﬁt-mum
1291 2141 1386 2165 autem
1401 2136 1428 2164 in
1447 2135 1501 2164 ﬁde
1515 2136 1656 2164 assumite.
1674 2148 1684 2159 υ

892 2181 1019 2218 Plerique
1049 2181 1209 2210 Iudaeorum
1233 2181 1280 2218 qui
1313 2180 1376 2210 ﬁdei
1411 2185 1594 2215 accesserant,
1626 2186 1687 2217 post

889 2226 971 2255 ﬁdem
985 2226 1077 2255 adhuc
1097 2226 1126 2254 in
1147 2226 1274 2255 ciborum
1288 2225 1478 2254 observatione
1497 2225 1652 2259 haerebant,
1672 2234 1687 2253 a

888 2271 967 2299 suilla
980 2279 1063 2299 carne
1072 2271 1255 2305 abstinentes,
1265 2270 1391 2299 nondum
1404 2271 1460 2298 ausi
1485 2277 1618 2306 prorsusa
1630 2270 1688 2306 lege

888 2315 1014 2343 deficere.
1030 2314 1135 2344 Deinde
1153 2323 1187 2344 ne
1206 2314 1286 2344 facile
1300 2315 1583 2351 deprehenderentur,
1596 2320 1626 2343 ut
1639 2315 1686 2352 qui

888 2368 904 2389 a
915 2361 975 2388 sola.
988 2360 1101 2396 porcina
1116 2359 1296 2393 abstinerent,
1309 2360 1342 2388 ab
1351 2360 1614 2388 omnibnscarnibus
1621 2360 1686 2388 sim—

889 2404 996 2441 pliciter
1009 2404 1191 2438 abstinebant,
1214 2404 1335 2441 solisque
1356 2405 1476 2433 oleribus
1502 2405 1687 2433 vescebantur.

888 2449 941 2477 Alii
954 2457 1049 2478 rursus
1063 2449 1241 2486 perfectiores
1254 2454 1342 2485 erant,
1358 2450 1405 2486 qui
1418 2449 1486 2477 nihil
1500 2450 1686 2481 observantes.

889 2494 1095 2523 observantibus
1130 2494 1358 2523 convitiabantur.
1394 2494 1503 2523 Veritus
1537 2499 1579 2522 est
1605 2495 1688 2531 igitur

888 2539 1004 2573 Paulus,
1031 2547 1067 2567 ne
1080 2539 1256 2575 perfectiores
1275 2540 1432 2575 importune
1452 2544 1479 2567 et
1502 2547 1558 2568 non
1579 2540 1616 2567 uti
1641 2547 1689 2574 par

889 2589 948 2613 erat
970 2583 1186 2620 imperfectiores
1217 2584 1393 2620 increpando,
1413 2592 1429 2612 a
1446 2583 1545 2612 Christi
1573 2583 1624 2611 fide
1641 2583 1688 2611 de-

888 2633 1023 2657 cuterent.
1033 2629 1180 2665 Propterea
1195 2629 1330 2665 sapienter
1342 2637 1400 2657 rem
1411 2629 1575 2665 aggreditur,
1589 2628 1689 2655 utrius-

890 2681 942 2709 que
964 2673 1048 2710 partis
1072 2674 1209 2702 rationem
1240 2673 1356 2702 habens.
1377 2674 1472 2709 Neque
1495 2672 1569 2701 enim
1593 2672 1686 2708 objur-

891 2718 1018 2754 gantibus
1033 2718 1151 2748 audebat
1163 2718 1255 2747 dicere
1271 2727 1278 2746 :
1298 2718 1369 2747 Male
1386 2717 1474 2754 agitis,
1497 2725 1533 2746 ne
1558 2715 1691 2753 imperfe—

733 2768 827 2798 Variae
848 2769 999 2798 lectiones.

77 2801 99 2819 ³⁷
113 2803 160 2840 γὰρ
174 2812 202 2833 ο.

181 2850 298 2879 Ριιτκοι..
317 2850 366 2879 Gn.
387 2851 495 2880 CXXIV.

1499 2856 1531 2884 i7
