1901 3077
255 140 307 167 52³

750 134 1006 167 ΤΗΕΟΡΗΫΙΑΟΤΙ
1026 140 1040 167 Ε

1099 136 1204 168 ἓΑιὶΙᾹΞ
1223 137 1380 170 ARCHIEP.
1829 148 1864 177 524

254 207 312 230 ctos
325 202 352 230 in
367 201 556 230 observatione
565 201 698 230 stabiliret
714 211 720 229 :
741 209 830 237 neque
844 209 940 230 rursus
959 202 1040 230 dicen

1105 207 1159 249 τοῖς
1176 205 1333 242 ἐπιτιμῶσιν
1349 205 1448 242 ἐτόλμα
1471 207 1572 245 εἰπεῖν,
1596 207 1635 236 ὅτι
1657 210 1749 242 Κακίὖς
1771 212 1862 249 ποιεῖτε,

254 247 359 283 potuit,
379 248 451 274 Bene
468 247 558 283 agitis,
575 254 610 274 ne
631 246 850 275 vehementiores
880 251 1052 275 accusatores

253 291 376 325 faceret;
387 291 435 319 sed
446 291 521 319 enim
535 291 708 319 moderatam
723 295 751 319 et
760 291 795 320 ad
805 295 938 328 utrosque
948 295 1053 327 tempe—

254 340 344 364 ratam
356 335 577 364 adhortationem
592 335 665 363 facit.
681 336 717 363 Et
724 335 830 364 videtur
841 336 954 372 quidem
965 336 1049 364 fortes

251 381 391 417 increpare
414 389 421 408 :
453 385 543 409 totum
563 385 656 408 autem
679 388 833 408 sermonem
858 381 911 409 hoc
937 381 965 408 in
987 380 1048 409 loco

251 429 345 453 contra
367 425 557 454 imbecilliores
577 425 702 453 insumit.
724 425 823 453 Statim
838 424 911 453 enim
925 429 958 452 ut
970 425 1046 458 dixit,

252 482 265 495 οι
281 470 434 504 inﬁrmum,
447 482 460 494 ι
473 469 602 498 indicavit
614 477 679 498 eum
692 477 750 498 non
764 477 823 498 esse
832 469 962 498 validum.
977 471 1046 498 Cum

252 522 334 551 porro
354 514 406 548 ait,
424 526 435 538 ι
451 514 594 550 suscipite,
617 525 629 538 ιι
650 519 789 543 monstrat
810 521 876 542 eum
897 513 991 542 sedula
1004 514 1046 542 iu-

251 559 343 595 digere
368 558 483 587 curandi
500 559 621 594 ratione,
639 559 668 587 id
685 558 761 596 quod
779 563 908 587 extremae
922 558 1045 587 imbecil-

250 604 331 632 litatis
346 607 541 640 argumentum
557 608 608 632 est.

288 711 300 724 ιι
323 701 387 728 Non
410 699 444 728 ad
464 699 672 736 dijudicationes
697 699 963 736 disceptationum.»
984 701 1045 727 Hoc

249 749 301 778 est,
316 752 350 772 ne
365 744 522 781 dijudicetis
537 744 572 773 ob
588 744 776 772 inﬁrmitatem
790 744 886 780 ipsius,
902 751 990 780 neque
1006 743 1044 772 of-

249 789 415 823 fendamini,
443 798 496 817 nec
515 789 609 817 multis
630 789 844 825 cogitationibus
865 788 1011 817 turbemini
1036 799 1042 816 :

1105 247 1148 277 ἵνα
1165 249 1202 286 μὴ
1227 249 1284 283 τοὺς
1307 251 1407 284 ἀτελεῖς
1430 251 1567 292 βεϐαιώσῃ
1583 254 1609 281 ἐν
1690 247 1865 294 παρατηρήσει*-

1105 293 1164 323 οὔτε
1181 295 1278 332 πάλιν,
1301 294 1341 324 ὅτι
1359 296 1473 333 Καλῶς,
1493 295 1537 326 ἵνα
1563 296 1599 335 μὴ
1622 298 1797 338 σφοδροτέρους
1815 312 1863 329 χατ-

1104 338 1214 378 ηγόρους
1237 340 1336 380 ποιήσῃ
1353 352 1359 358 ·
1382 339 1451 370 ἀλλὰ
1476 342 1754 381 συμμε[με]τρημένην
1776 345 1864 374 ποιεῖται

1103 381 1150 418 τήν
1172 384 1336 422 παραίνεσιν.
1355 385 1411 414 Καὶ
1433 385 1503 414 δοκεῖ
1527 385 1576 424 μὲν
1599 387 1652 420 τοῖς
1668 389 1778 427 ἰσχυροῖς
1799 390 1864 418 ἐπιτι-

1103 432 1156 468 μᾷν
1168 440 1174 446 ·
1190 428 1221 457 τὸ
1244 428 1271 457 δὲ
1287 433 1340 458 πᾶν
1352 453 1358 464 ,
1375 430 1411 463 εἷς
1432 429 1490 463 τοὺς
1511 430 1709 472 ἀσθενεστέρους
1722 434 1788 462 κενοῖ
1806 434 1827 462 ἐν
1839 436 1864 473 τῷ

1101 473 1167 512 πρὸς
1196 473 1302 507 τούτους
1329 474 1410 514 λόγῳ.
1437 474 1543 505 Αὐτίκα
1576 479 1637 514 γοῦν
1666 475 1761 512 εἰπὼν,
1786 488 1799 505 ε
1825 479 1864 508 Τὸν

1102 517 1277 554 ἀσθενοῦντα,
1292 528 1307 547 n
1335 518 1431 553 ἔδειξεν
1455 519 1593 559 ἄῤῥωστον
1613 520 1684 550 ὄντα.
1709 521 1761 551 Καὶ
1783 524 1815 561 τῷ
1836 524 1862 551 εἷ-

1101 566 1160 591 πεὶν
1190 561 1236 601 δὲ,
1274 574 1290 591 ι
1320 563 1582 603 Προσλαμϐάνεσθε,
1608 575 1623 593 ι)
1657 565 1767 594 δείκνυσι
1789 567 1864 601 πολλῆς

1101 606 1222 644 δεόμενον
1250 607 1418 647 ἐπιμελείας,
1448 608 1513 649 ὅπερ
1535 610 1645 648 σημεῖον
1669 609 1779 650 ἐσχάτης
1798 611 1863 651 ἄόρω-

1100 663 1186 685 στιας.

1144 707 1160 726 α
1183 696 1229 732 Μὴ
1257 698 1292 730 εἷς
1317 697 1459 738 διακρίσεις
1485 698 1674 736 διαλογισμῶν.
1702 711 1714 727 ι
1744 700 1862 735 Τουτέστι,

1100 741 1137 779 μὴ
1166 741 1358 781 διακρινόμενοι
1384 742 1428 772 ἐπὶ
1456 744 1490 782 τῇ
1516 744 1653 784 ἀσθενείᾳ,
1679 745 1723 773 καὶ
1747 745 1863 774 σκανδαλι-

1098 786 1219 825 ζόμενοι,
1244 786 1290 816 καὶ
1308 788 1445 826 λογισμοῖς
1469 788 1577 821 πολλοῖς
1604 788 1804 828 ταραττόμενον
1821 789 1863 818 ἀλλ’

249 839 379 862 caeterum
398 838 529 871 tanquam
544 834 686 862 inﬁrmum
704 838 731 862 et
745 838 878 870 aegrotum
899 833 976 861 omni
995 840 1040 861 cu-

1102 833 1137 864 ὡς
1153 832 1249 867 ἀσθενῆ
1262 830 1325 861 ὄντα
1340 831 1428 868 πάσης
1441 832 1582 872 θεραπείας
1597 833 1738 867 ἀξιοῦντες.

250 879 331 907 randi
343 879 451 907 ratione
465 879 601 915 suscipite.

283 924 372 952 Vnus.
397 926 422 951 2.
442 935 454 947 α
473 923 549 951 Alius
566 923 677 959 quidem
692 923 780 952 credit
797 923 879 951 licere
900 922 951 951 sibi
971 921 1044 950 vesci

247 968 426 1005 quibuslibet,
455 968 502 1004 qui
524 976 591 996 vero
613 967 742 996 inﬁrmus
762 973 814 1002 est,
830 967 947 996 vescitur
961 966 1043 995 oleri-

247 1013 307 1042 bus.
338 1012 523 1042 -Perfectum
549 1016 577 1041 et
603 1012 799 1050 imperfectum
824 1015 975 1049 comparat,
1001 1011 1043 1039 in-

246 1059 341 1094 quiens
356 1067 363 1085 :
378 1057 528 1091 Perfectus,
541 1057 596 1086 ﬁde
620 1065 668 1086 sua
683 1057 781 1091 fretus,
802 1057 894 1086 omnia
918 1055 1044 1084 indiscri-

247 1103 374 1131 minatim
384 1102 455 1131 edit:
466 1102 653 1139 imperfectior
667 1110 746 1136 vero,
761 1106 893 1138 tanquam
902 1101 1042 1133 inﬁrmus,

245 1148 317 1176 olera
331 1147 460 1176 comedit.
476 1147 583 1183 Dignus
597 1148 689 1183 itaque
703 1149 745 1175 est
759 1151 790 1175 ut
804 1150 924 1181 curetur,
936 1153 995 1174 non
1013 1149 1044 1173 ut

245 1192 434 1229 objurgatione
447 1192 502 1220 acri
516 1192 709 1220 absterreatur.

278 1238 371 1265 Vsus.
385 1241 412 1265 3.
427 1248 440 1261 α
456 1237 509 1273 Qui
523 1237 650 1270 vescitur,
666 1245 722 1264 non
744 1241 901 1265 vescentem
921 1245 956 1266 ne
977 1247 1043 1266 con-

243 1286 359 1316 temnat,
374 1285 401 1310 et
413 1282 461 1318 qui
477 1289 534 1309 non
549 1282 677 1315 vescitur,
692 1285 849 1309 vescentem
866 1290 900 1310 ne
915 1282 1018 1318 judicet
1035 1292 1041 1311 :

243 1329 319 1355 Deus
329 1327 404 1355 enim
411 1327 491 1354 illum
502 1327 658 1362 assumpsit.
671 1338 683 1350 ι
691 1326 743 1361 Qui
753 1326 845 1354 omnia
853 1326 981 1361 edebant,
991 1336 1043 1356 ceu

243 1371 434 1408 perfectiores,
447 1379 503 1399 non
518 1370 631 1399 edentes
645 1370 860 1406 vilipendebant,
875 1379 924 1399 ceu
935 1372 1042 1400 modica

242 1416 295 1444 fide
313 1417 446 1449 imbutos,
469 1424 501 1443 ac
522 1415 612 1443 adhuc
634 1415 822 1443 Judaizantes.
847 1415 959 1450 Contra,
988 1424 1043 1445 non

243 1465 392 1493 vescentes,
407 1460 573 1496 quibuslibet
593 1464 734 1488 vescentes
754 1459 928 1495 judicabant,
944 1468 1044 1497 eosque

1139 932 1154 950 α
1167 921 1219 954 ⁸ος
1242 921 1290 960 μὲν
1314 920 1434 951 πιστεύει
1459 922 1551 962 φαγεῖν
1567 922 1656 952 πάντα
1670 935 1677 942 ·
1697 924 1711 952 ὃ
1731 922 1757 952 δὲ
1771 923 1861 952 ἀσθενῶν

1094 965 1199 1006 λάχανα
1230 966 1321 996 ἐσθίει.
1349 976 1365 995 ιι
1405 966 1546 1007 Συγκρίνει
1575 967 1619 996 τὸν
1650 967 1746 997 τέλειον
1773 967 1812 996 καὶ
1831 967 1861 995 τὸν

1094 1012 1175 1047 ἀτιλῆ
1185 1033 1193 1047 ,
1207 1010 1252 1040 καί
1266 1022 1346 1050 φησιν
1357 1034 1365 1049 ,
1382 1010 1422 1040 ὅτι
1443 1013 1457 1040 ὁ
1476 1011 1524 1050 μὲν
1543 1011 1657 1049 τέλειος,
1672 1014 1706 1052 τῇ
1717 1012 1800 1042 πίστει
1813 1013 1861 1050 ecﬁ-

1093 1056 1162 1096 ῥῶν,
1185 1055 1273 1084 πάντα
1291 1055 1440 1096 ἀδιαφόρως
1455 1055 1534 1086 ἐσθίει
1549 1067 1556 1074 ·
1578 1058 1592 1085 ὁ
1614 1057 1643 1085 δὲ
1661 1056 1816 1096 ἄτελέστερος
1838 1055 1862 1090 ³⁸,

1094 1100 1140 1130 ἅτε
1156 1102 1271 1130 ἀσθενῶν
1282 1124 1289 1137 ,
1303 1101 1411 1140 λάχανα
1429 1100 1520 1131 ἐσθίει.
1542 1099 1634 1130 Ὥστε
1649 1101 1719 1136 ἄξιος
1741 1104 1783 1131 τοῦ
1803 1103 1861 1140 θερα-

1094 1144 1221 1174 πεύεσθαι
1233 1169 1242 1184 ,
1258 1144 1317 1184 οὐχὶ
1331 1146 1378 1174 τοῦ
1394 1145 1643 1185 προσπλήττεσθαι.

1137 1245 1153 1264 (ι
1172 1233 1207 1265 Ὁ
1223 1235 1316 1264 ἐσθίων
1331 1234 1374 1264 τὸν
1390 1233 1427 1272 μὴ
1448 1234 1568 1264 ἐσθίοντα
1586 1234 1624 1273 μὴ
1647 1234 1862 1270 ἐξουθενείτω-χαὶ

1093 1281 1107 1309 ὁ
1122 1278 1159 1315 μὴ
1175 1279 1268 1308 ἐσθίων
1286 1279 1330 1308 τὸν
1348 1279 1467 1309 ἐσθίοντα
1493 1278 1531 1317 μὴ
1546 1279 1670 1319 κρινέτω.
1694 1279 1728 1310 ’0
1751 1279 1810 1312 Θεὸς
1824 1279 1861 1317 γὰρ

1094 1324 1172 1352 αὐτὸν
1186 1323 1378 1364 προσελάϐετο.
1396 1335 1410 1352 n
1427 1325 1462 1353 Οἱ
1478 1310 1570 1353 πάντα
1581 1325 1727 1361 ἐσθίοντες,
1741 1326 1774 1357 ὣς
1785 1322 1861 1352 τελειό-
1884 1310 1885 1333 λ

1093 1380 1180 1408 tepor,
1204 1367 1264 1402 τοὺς
1290 1368 1328 1407 μὴ
1349 1367 1481 1402 ἐσθίοντας
1509 1368 1689 1406 ἐξηυτέλιζον,
1709 1370 1743 1403 ὡς
1767 1366 1862 1407 ὀλιγοπί-
1884 1364 1885 1402 ἦ

1093 1424 1170 1447 στους
1187 1412 1233 1442 καὶ
1248 1410 1439 1447 Ἰουδαΐζοντας
1454 1413 1503 1442 ἔτι.
1530 1413 1617 1443 Πάλιν
1630 1435 1639 1450 ,
1662 1416 1686 1444 οἱ
1701 1413 1738 1452 μὴ
1760 1414 1863 1442 ἐσθίοντες

1096 1458 1250 1497 κατέκριναν
1275 1456 1335 1491 τοὺς
1360 1456 1493 1490 ἐσθίοντας
1521 1457 1627 1494 πάντα,
1658 1460 1694 1492 ὣς
1720 1457 1862 1497 λαιμάργοικη

242 1483 465 1534 condemnabam
491 1508 522 1533 ut
540 1505 652 1541 gulosos
670 1509 698 1532 et
711 1483 834 1532 vorfaces.
860 1483 929 1540 Quid
950 1483 1040 1534 autem

1099 1483 1252 1538 ‘Eéliii'éé
1272 1483 1497 1535 eratres;
1513 1483 1693 1538 ἧὲζζξτέλῇἰ
1707 1483 1863 1540 έέξὲζῷῖᾋηὲ

243 1551 366 1586 plerique
378 1549 479 1577 horum
493 1557 508 1576 e
525 1549 656 1585 gentibus
670 1553 761 1583 erant,
778 1561 791 1573 «
806 1551 890 1584 Deus,
912 1561 925 1574 υ
939 1550 1037 1587 inquit,

244 1608 255 1620 ι
276 1596 366 1632 ipsum
390 1595 552 1632 assumpsit,
582 1607 595 1621 π
616 1595 669 1623 hoc
690 1599 747 1629 est,
771 1595 938 1624 ineffabilem
958 1605 1037 1625 suam

240 1641 355 1677 gratiam
378 1648 444 1676 erga
457 1647 521 1667 eum
537 1640 771 1668 commonstravit.
786 1640 860 1674 Quid
878 1641 962 1677 igitur
974 1649 1038 1670 cum

239 1693 272 1712 eo
283 1685 316 1713 de
329 1684 386 1721 lege
399 1683 533 1720 disputas,
549 1684 633 1720 100
646 1692 710 1712 cum
725 1684 850 1714 Christus
864 1685 943 1714 illum
959 1685 1038 1722 justi-

241 1729 352 1758 ﬁcavit?

274 1775 365 1803 Vnus.
381 1777 408 1803 4.
425 1785 438 1798 κ
453 1774 496 1801 Tu
514 1774 575 1810 quis
597 1781 626 1802 es
647 1774 693 1811 qui
706 1773 810 1810 judicas
830 1773 952 1803 alienum
977 1782 1038 1803 ser-

239 1821 323 1847 vum?
337 1820 392 1848 Suo
410 1818 525 1847 domino
539 1823 594 1848 stat
606 1822 654 1847 aut
668 1819 742 1847 cadit
758 1831 770 1843 ιο
786 1818 831 1847 Ad
847 1819 1037 1855 perfectiorem

237 1864 288 1892 hoc
304 1864 432 1900 loquitur,
445 1863 585 1893 abducens
597 1864 687 1900 ipsum
701 1868 936 1901 utacontemptu,
951 1865 989 1892 sic
1006 1869 1038 1900 let

237 1917 251 1936 a
277 1908 515 1937 condemnatioue.
532 1910 659 1945 Utraque
673 1909 746 1936 enim
767 1908 950 1937 admittebant
975 1917 1037 1944 per-

236 1953 375 1987 fectiores,
407 1958 587 1988 aspernantes
612 1953 746 1980 nimirum
772 1957 799 1980 et
823 1953 1038 1981 condemnantes

235 1997 458 2034 imperfectiores.
476 1997 636 2024 Clanculum
649 2001 743 2024 autem
757 2000 785 2024 et
797 1997 842 2024 hic
862 1997 1037 2033 imperfectos

236 2042 402 2078 perstringit.
426 2041 489 2069 Non
509 2041 585 2068 enim
605 2041 670 2077 quia
684 2041 729 2069 illa
750 2040 833 2069 faciat
851 2048 913 2076 quae
921 2042 1036 2078 judicari

236 2095 289 2114 non
305 2089 474 2119 mereantur,
495 2089 609 2121 propter
621 2084 674 2113 hoc
693 2089 721 2113 te
735 2092 791 2113 non
801 2084 926 2121 judicare
938 2086 1034 2122 jubeo,

235 2139 329 2159 verum
353 2130 415 2166 quia
429 2130 531 2158 alienus
549 2137 644 2157 servus
658 2134 714 2163 est,
730 2129 784 2157 hoc
798 2133 857 2165 est,
873 2137 931 2158 non
953 2134 1034 2166 tuus,

1096 1547 1153 1583 σὶν,
1179 1546 1218 1576 ὅτι
1244 1546 1305 1576 «⁸0
1319 1546 1387 1579 Θεὸς
1403 1545 1482 1575 αὐτὸν
1496 1546 1681 1587 προσελάϐετο
1694 1559 1700 1566 -
1717 1561 1729 1574 ι
1747 1546 1862 1578 τουτέστι,

1091 1590 1141 1626 τὴν
1164 1591 1264 1631 ἄφατον
1280 1593 1360 1620 αὑτοῦ
1383 1590 1463 1631 χάριν
1488 1591 1550 1629 περὶ
1568 1591 1648 1621 αὑτὸν
1665 1591 1818 1625 ἐπεδείξατο,
1837 1589 1862 1618 Τί

1091 1635 1177 1665 τοίνυν
1200 1637 1273 1676 αὐτῷ
1297 1635 1357 1676 περὶ
1378 1634 1460 1674 νόμου
1482 1635 1608 1676 διαλέγῃ,
1639 1636 1706 1666 ὅπου
1729 1647 1757 1675 γε
1778 1634 1861 1665 αὖτὸνδ

1091 1680 1207 1720 Χριστὸς
1224 1680 1393 1717 ἕδικαίωσενί

1131 1783 1143 1796 σι
1158 1770 1197 1800 Σὺ
1209 1769 1247 1804 τίς
1257 1765 1281 1799 εἶ
1291 1771 1306 1799 ὁ
1319 1770 1415 1810 κρίνων
1426 1769 1564 1810 ἀλλότριον
1574 1770 1699 1809 enim;
1713 1772 1761 1810 Τῷ
1771 1769 1823 1810 ἰδίῳ
1832 1780 1865 1798 χυ-

1092 1815 1140 1855 ρίῳ
1155 1815 1248 1851 στήκει
1262 1814 1279 1850 ἢ
1294 1815 1399 1846 πίπτει.
1419 1826 1433 1844 ι)
1453 1809 1525 1855 Πρὸς
1540 1815 1585 1845 τὸν
1600 1816 1702 1846 τέλειον
1717 1809 1784 1854 λέγει
1799 1816 1865 1847 sou-10,

1092 1860 1202 1899 ἀπάγων
1217 1860 1296 1889 αὐτὸν
1319 1859 1410 1900 ὥσπερ
1433 1862 1478 1889 τοῦ
1502 1860 1661 1899 ἓξουθενεῖν,
1686 1861 1755 1891 οὕτω
1770 1859 1811 1890 καὶ
1830 1859 1865 1887 τοῦ

1090 1905 1258 1942 κατακρίνειν
1275 1916 1282 1922 ·
1298 1904 1436 1945 ἀμφότερα
1457 1905 1508 1945 γὰρ
1533 1905 1640 1935 ἐποίουν
1667 1907 1691 1936 οἳ
1717 1905 1866 1944 τελειότεροι.

1091 1949 1135 1978 καὶ
1152 1949 1330 1985 ἐξηυτέλιζον,
1357 1949 1402 1978 καὶ
1425 1949 1582 1989 κατέκρινον
1603 1952 1664 1984 τοὺς
1690 1948 1863 1988 ἄτελεστέροικ-

1092 1992 1279 2026 Λανθανόντως
1295 1992 1322 2022 δὲ
1334 1994 1445 2023 ἐνταῦθα
1464 1996 1509 2023 τοῦ
1525 1995 1635 2028 ἀτελοῦς
1648 1995 1815 2024 καθάπτεται.
1834 1991 1865 2020 Οὗ

1090 2036 1141 2076 γὰρ
1157 2037 1247 2073 ἐπειδὴ
1271 2037 1331 2072 ἄξια
1346 2039 1394 2068 τοῖῖ
1415 2038 1453 2077 μὴ
1475 2038 1609 2078 κρίνεσθαι
1632 2041 1724 2078 ποιεῖ,
1743 2039 1784 2068 διὰ
1806 2039 1866 2066 τοῦτο

1090 2081 1189 2112 κελεύω
1207 2081 1245 2120 μὴ
1261 2082 1358 2122 κρίνειν
1369 2105 1379 2121 ,
1401 2083 1461 2112 ἀλλ’
1485 2083 1578 2119 ἐπειδὴ
1602 2084 1740 2124 ἂλλότριός
1759 2083 1822 2112 ἔστιν
1835 2081 1864 2109 οἶ-

1089 2125 1182 2163 κέτης,
1198 2127 1333 2157 τουτέστιν
1344 2150 1351 2162 ,
1368 2128 1398 2156 οὗ
1420 2127 1481 2166 σδς,
1503 2128 1572 2158 ἀλλὰ
1587 2130 1633 2157 τοῦ
1648 2129 1731 2158 Θεοῦ.
1750 2127 1804 2158 Κᾶν
1824 2124 1864 2166 γὸιρ

234 2175 281 2204 sed
303 2164 371 2204 Dei.—
386 2176 458 2204 Nam
473 2175 580 2203 etiamsi
603 2174 731 2202 inﬁrmus
748 2173 847 2209 fuerit,
870 2164 1033 2204 nontamen

1099 2172 1200 2210 ἱσθενῇ,
1218 2171 1276 2201 ἀλλ’
1293 2173 1341 2201 οὐκ
1355 2171 1460 2205 ἐξέπεσε
1474 2164 1521 2202 τοῦ
1542 2172 1645 2208 οἰκέτης
1667 2168 1734 2203 εἶναι
1750 2184 1757 2191 ·
1769 2172 1812 2201 οὗιι
1832 2164 1864 2198 οὖν

232 2220 331 2249 excidit
344 2220 378 2248 ab
397 2228 430 2248 eo
444 2219 520 2256 quod
538 2219 573 2247 sit
587 2227 699 2251 servus;
715 2227 800 2256 quare
811 2227 867 2248 non
882 2223 923 2247 est
946 2220 981 2248 de
1001 2229 1034 2249 eo

233 2265 445 2301 desperandum.
476 2264 609 2292 Animum
629 2268 723 2292 autem
746 2272 840 2292 rursus
862 2264 889 2292 ei
913 2264 1032 2299 addens,

232 2318 290 2337 non
303 2309 382 2342 dixit,
399 2309 484 2343 cadit,
506 2308 556 2337 sed
579 2319 594 2334 «
608 2309 666 2337 Stat
678 2313 726 2337 aut
737 2308 820 2337 cadit.
843 2318 858 2336 »
877 2309 940 2337 Sive
958 2309 1031 2338 enim

233 2354 299 2389 hoc,
322 2354 378 2382 sive
390 2353 456 2382 illud
467 2354 616 2390 contingat,
639 2354 674 2382 ad
687 2353 832 2382 dominum
851 2354 972 2391 pertinet
990 2354 1032 2383 vel

233 2398 369 2426 damnum
381 2398 518 2432 cadentis,
543 2399 583 2427 vel
600 2399 698 2427 stantis
713 2399 831 2427 lucrum.

267 2454 280 2468 ι
292 2443 434 2472 Statuetur
443 2447 536 2472 autem
554 2452 560 2471 :
575 2448 671 2480 potens
684 2447 726 2472 est
733 2444 808 2472 enim
823 2444 961 2473 Dominus
978 2447 1032 2473 sta—

231 2493 307 2516 tuere
320 2488 420 2524 ipsum.
437 2500 450 2513 -
462 2489 532 2517 Cum
544 2488 591 2523 ait,
607 2500 619 2512 ιι
637 2492 784 2524 statuetur,
801 2488 925 2517 uindicat
940 2489 1030 2525 ipsum

231 2532 322 2562 adhuc
336 2533 440 2561 moveri
455 2537 483 2562 et
502 2533 611 2562 concuti
627 2541 713 2570 usque
727 2533 795 2562 adeo
805 2555 813 2567 ,
836 2538 867 2562 ut
885 2533 943 2562 solo
969 2535 1029 2562 Deo

230 2578 422 2607 conﬁrmatore
436 2586 506 2615 opus
519 2578 627 2607 habeat.
645 2579 726 2614 Quod
738 2578 772 2607 de
784 2578 862 2615 plane
879 2577 1030 2616 desperatis

369 2671 396 2697 ε.
412 2679 424 2693 ι
439 2668 518 2697 Alius
531 2667 643 2705 quidem
651 2667 759 2705 judicat
770 2667 845 2696 diem
855 2668 927 2697 inter
941 2667 1026 2702 diem,

228 2713 297 2742 alius
311 2721 378 2742 vero
391 2713 497 2749 judicat
510 2721 623 2741 omnem
639 2713 723 2741 diem.
741 2723 754 2737 ι
773 2713 906 2741 Nonnulli
931 2712 1024 2740 inedia

1088 2215 1279 2256 ᾀπογνωστέος.
1307 2217 1552 2256 Παραμυθούμενος
1572 2217 1599 2246 δὲ
1615 2217 1697 2247 πάλιν
1720 2216 1814 2253 αὐτὸν,
1828 2214 1864 2243 οὗιι

1088 2254 1176 2296 εἶπεν,
1192 2259 1233 2290 ὅτι
1257 2261 1362 2298 πίπτει,
1383 2261 1470 2300 ἀλλὰ,
1493 2272 1508 2291 α
1523 2261 1623 2297 Στήκιι
1637 2261 1656 2297 ἢ
1675 2263 1768 2292 πίπτει
1785 2270 1790 2277 ·
1815 2271 1827 2287 ι
1843 2258 1866 2286 οἶν

1086 2316 1114 2333 τε
1128 2304 1156 2334 δὲ
1170 2307 1248 2334 τοῦτο
1259 2328 1266 2342 ,
1284 2306 1315 2335 ἄν
1336 2317 1364 2335 τε
1380 2306 1465 2336 ἐκεῖνο
1477 2329 1485 2343 ,
1501 2308 1540 2347 τῷ
1556 2307 1673 2346 δεσπότῃ
1688 2305 1802 2347 διαφίρει
1811 2327 1819 2341 ,
1832 2301 1866 2331 ul

1085 2351 1102 2385 ἡ
1117 2349 1199 2389 ζημία
1213 2350 1354 2383 πίπτοντος
1363 2373 1372 2390 ,
1387 2350 1434 2380 καὶ
1444 2352 1459 2380 ὃ
1468 2351 1581 2385 πλοῦτος
1593 2352 1717 2386 tum“.

1129 2450 1145 2469 ι
1160 2439 1326 2475 Σταθήσεται
1341 2439 1370 2469 δέ
1378 2451 1385 2459 ’
1402 2440 1511 2474 δυνατὸς
1525 2440 1575 2480 γάρ
1592 2441 1664 2470 ἔστιν
1676 2442 1691 2470 ὃ
1705 2439 1773 2473 Θεὸς
1783 2439 1864 2473 στῆσαι

1084 2484 1130 2514 καὶ
1156 2483 1246 2515 αὐτόν.
1273 2498 1285 2510 ι
1316 2484 1364 2514 Ἐν
1385 2486 1423 2524 τῷ
1438 2486 1538 2524 εἰπεῖν,
1554 2484 1595 2515 ὅτι
1625 2497 1640 2514 τ
1660 2484 1838 2520 Σταοήσεται,
1851 2489 1862 2508 1

1084 2530 1213 2559 δείκνυσιν
1235 2529 1274 2559 ἔτι
1296 2529 1486 2568 σαλευόμενον,
1505 2530 1552 2560 καὶ
1574 2533 1714 2570 τοσοῦτον,
1729 2529 1795 2559 ὥστε
1808 2526 1865 2557 Θεοῧ

1084 2574 1164 2612 μόνου
1181 2574 1283 2603 δεῖσθαι
1298 2576 1346 2604 τοῦ
1360 2573 1503 2611 στήσοντος
1518 2585 1526 2592 ·
1542 2574 1606 2616 ὕπερ
1618 2574 1644 2594 ⁴⁰
1657 2575 1704 2605 ἰπὶ
1717 2575 1768 2603 τῶν
1778 2570 1865 2611 σφόδρα

1083 2618 1297 2658 ἀπεγνωσμένων
1313 2619 1439 2659 λέγομεν.

1125 2675 1139 2693 ε
1155 2663 1207 2697 Ὃς
1223 2663 1271 2703 μὲν
1287 2663 1369 2704 κρίνει
1391 2663 1496 2704 ἡμέραν
1516 2664 1580 2705 παρ’
1599 2663 1702 2704 ἡμέραν
1713 2687 1720 2698 ,
1738 2662 1764 2695 ὃς
1780 2661 1805 2691 δὲ
1822 2662 1863 2687 πᾶ·

1081 2720 1130 2738 σαν
1152 2708 1267 2749 ἡμέραν.
1285 2723 1298 2735 ιν
1320 2705 1412 2739 Ἦσάν
1437 2721 1504 2743 τινες
1526 2709 1693 2746 νηστεύοντες
1706 2731 1714 2746 ,
1734 2705 1807 2743 ἢκαὶ
1821 2705 1863 2732 τῶν

919 2762 1014 2792 Variae
1038 2763 1189 2793 lectiones.

263 2802 285 2820 ³³
299 2803 469 2840 ἀσθενέστερος
484 2811 509 2832 ο.
549 2803 571 2820 ³⁸
583 2802 636 2829 ἐπεὶ
649 2799 694 2830 οὖν
710 2802 751 2829 καὶ
763 2811 790 2831 o.
829 2802 851 2819 ‘°
863 2802 929 2834 ὅπως
941 2810 966 2831 ο.
