1901 3077
10 185 58 211 529

460 183 635 212 EXPOSITIO
655 184 688 212 IN
707 185 810 213 EPIST.
829 185 876 213 AD
897 186 978 214 ROM.
999 201 1034 207 —
1052 187 1128 215 CAP.
1149 188 1217 216 XIV.

1607 193 1660 219 530

47 257 63 275 ε
80 246 115 276 Εἰ
127 245 159 276 δὲ
170 246 212 276 διὰ
226 247 323 286 βρῦμα
338 248 353 276 ὁ
367 246 479 286 ἀδελφός
495 258 542 276 σου
560 248 683 277 λυπεῖται
695 270 704 285 ,
721 247 809 277 οὖκέτι

899 249 985 277 Vsns.
1010 252 1052 278 15.
1068 261 1080 273 ιι
1098 250 1179 286 Quod
1204 251 1226 278 si
1242 254 1352 286 propter
1373 251 1466 279 cibum
1489 252 1573 281 frater
1596 257 1660 282 tuus

10 293 66 320 κατ’
84 291 197 329 ἀγάπην
218 295 384 331 περιπατεῖς.
401 303 415 320 ι
434 291 506 331 Πρὸς
521 291 566 321 τὸν
580 292 741 332 τελεώτερον
763 293 806 321 εν-

10 338 90 377 ταῦοα
112 336 284 374 διαλέγεται,
308 336 458 374 διδάσκων,
483 336 524 366 ὅτι
543 336 594 366 κᾶν
615 337 739 377 μυριάκις
761 338 807 366 οὐκ

10 376 57 410 ὦσι
73 380 108 410 τὰ
125 380 259 421 βρώματα
274 380 414 421 ἀκάθαρτα
434 380 528 422 φύσει,
545 381 574 411 σε
589 384 651 420 γοῦν
666 382 739 419 ὅμως
754 382 807 412 ἔδει

10 425 159 465 ἀπέχεσθαι
176 427 226 455 τῶν
250 425 392 465 χοιρείων,
415 425 469 464 εἴγε
491 425 539 462 τὴν
567 425 674 465 ἀγάπην
698 426 807 465 ἔμελλες

11 471 168 508 φυλάττειν,
190 471 226 503 ὣς
241 469 273 499 ἂν
293 471 331 509 μὴ
353 471 471 506 λυπῆται
486 472 501 500 ὁ
520 470 630 511 ἀδελφός
654 482 701 501 σου
719 483 806 501 σκαν-

12 515 190 552 δαλιζόμενος.
208 515 349 555 Ἐπιφίρει
364 515 391 545 δὲ
407 515 476 551 ἕξῆς⁸

52 571 67 587 ι
85 559 134 595 Μὴ
158 561 197 599 τῷ
221 560 343 600 βρώματί
362 571 409 590 σου
425 561 522 590 ὶκεῖνον
538 560 671 598 ἀπόλλυε,
688 560 754 600 ὑπὲρ
777 557 806 591 οὗ

13 604 122 644 Χριστὸς
139 604 267 635 ἀπέθανε.
282 619 295 632 ι
310 604 362 635 Διὰ
377 604 406 634 τὸ
422 606 536 645 βρῶμα,
552 606 648 645 φησὶν,
665 606 806 640 ἁπολλύεις

13 649 54 678 καὶ
73 649 232 689 ἀνατρέπεις
256 649 300 679 τὸν
325 649 437 690 ἀδελφὸν
456 649 501 679 τὸν
525 648 595 679 οὕτω
621 650 805 690 περισπούδα-

13 705 69 723 στον
95 693 161 723 ὄντα
196 695 323 735 Χριστῷ,
345 693 415 724 ὥστε
446 694 512 734 ὑπερ
535 696 616 725 αὐτοῦ
650 696 801 726 ἀποθανεῖν.

17 737 98 777 Ὁρῶν
113 738 168 778 γάρ
186 750 217 768 σε
239 739 360 769 ἐσθίοντα
375 738 408 768 τὰ
421 739 541 779 χοίρεια,
559 740 630 769 κατὰ
642 740 804 781 φιλονεικίαν

13 784 56 818 τὴν
73 783 139 822 πρὸς
156 784 254 813 ἐκεῖνον
266 807 274 819 ,
290 784 510 824 ἰνστατικώτερος
531 784 653 824 γίνεται,
668 785 716 815 καὶ
736 785 805 815 οὕτω

13 827 168 857 κινδυνεύσει
185 827 304 862 ἀποστὰς
319 829 454 868 Χριστοῦ,
480 830 518 870 τῷ
539 829 612 869 νόμῳ
637 829 696 864 ὅλος
718 841 804 870 προσ-

13 873 136 907 ηλιῗισθαι.

48 927 62 945 α
79 917 127 962 Μὴ
144 917 356 958 βλασφημείσθω
368 913 413 948 οὖν
427 919 501 957 ὑμῶν
517 919 547 949 τὸ
562 919 672 959 ἀγαθόν.
685 933 697 946 υ
712 921 801 950 Τουτ-
819 931 842 962 Β

14 963 80 996 ἐστι,
96 961 136 992 Σὺ
159 962 315 998 τελειότητα
329 962 400 1004 ἔχεις
415 963 442 992 ἕν
509 965 596 994 πίστει
611 964 730 1003 (ταύτην
752 964 803 1004 γὰρ

14 1006 126 1043 ὀνομάζει
150 1007 284 1047 ἀγαθόν
307 1007 345 1045 μὴ
361 1003 405 1037 οὖν
425 1009 483 1047 χρῶ
497 1010 587 1042 κακῶς
605 1011 637 1047 τῇ
657 1008 804 1045 τελειότητί

15 1061 55 1079 σου
65 1073 73 1085 ,
89 1051 157 1088 μηδὲ
172 1051 244 1081 ποίει
258 1051 358 1093 ταύτην
380 1054 607 1092 βλασφημεὶσθαι.
623 1053 690 1083 Ἐὰν
705 1055 757 1093 γὰρ
772 1053 804 1083 σὺ

16 1094 62 1124 ἀπὸ
77 1098 121 1124 τοῦ
133 1096 234 1130 τέλειος
249 1092 333 1133 εἶναι,
348 1097 499 1137 διαφθείρῃς
522 1098 566 1128 τὸν
587 1099 671 1133 ἀτελῆ
682 1120 691 1136 ,
708 1092 803 1134 εποίη-

17 1151 58 1173 σας
83 1141 275 1171 διαϐάλλεσθαι
305 1142 335 1171 τὸ
361 1141 457 1180 ἀγαθὸν
483 1141 497 1172 ὃ
525 1138 606 1183 εἶχες.
637 1143 751 1178 Νοήσεις
777 1143 803 1172 δὲ

17 1185 105 1221 ἀγαθὸν
123 1185 170 1215 καὶ
195 1186 226 1215 τὸ
241 1186 327 1225 δόγμα
349 1188 426 1225 ἡμῶν
436 1209 444 1222 ,
461 1187 476 1217 ὃ
491 1189 521 1217 οὗ
538 1188 661 1227 βούλεται
677 1189 802 1228 βλασφη-

18 1232 114 1267 μεῖσθαι
133 1231 210 1271 παρὰ
225 1234 278 1261 τῶν
293 1231 426 1268 ἀπίστων,
444 1231 567 1272 ὁρώντων
591 1232 625 1262 τὰ
639 1232 780 1273 σχίσματα
793 1255 801 1271 ,

18 1273 98 1304 καὶτὰ
109 1275 248 1306 σκάνδαλα
262 1277 297 1306 τὰ
308 1275 369 1316 περὶ
383 1278 436 1306 τῶν

54 1377 68 1395 ε
85 1367 122 1397 οὗ
136 1367 190 1406 γάρ
207 1367 279 1397 ὕστιν
294 1369 311 1402 ἡ
327 1366 450 1406 βασιλεία
470 1369 517 1397 τοῦ
540 1368 612 1397 Θεοῦ
636 1369 733 1408 βρῶσις
755 1367 803 1397 καὶ

20 1411 95 1445 πόσις.
109 1423 124 1441 ι
143 1411 193 1447 Μὴ
214 1412 267 1452 γὰρ
288 1412 341 1442 ἀπὸ
355 1411 455 1442 τούτων
468 1412 659 1451 εὖδοκιμοῧμεν
671 1424 677 1431 ·
693 1412 731 1451 μὴ
750 1412 803 1453 γὰρ

22 1455 61 1484 ἐὰν
81 1456 182 1497 φάγῃς,
208 1456 294 1497 φησὶ,
312 1457 389 1486 τοῦτό
414 1468 444 1486 σε
466 1457 502 1490 εἰς
531 1457 669 1497 βασιλείαν
689 1458 802 1497 εἰσάγει.

21 1501 144 1542 Διεσὺρων
158 1502 188 1532 δὲ
202 1501 305 1538 ἷαῦτοὺς
323 1502 359 1535 ὥς
381 1502 425 1531 ἐπὶ
445 1503 524 1532 τοῦτο
540 1501 610 1541 μίγα
625 1504 800 1543 φρονοῦντας,

21 1545 152 1584 προσέθηκε
167 1546 216 1576 καὶ
232 1546 319 1576 πόσιν.

55 1601 68 1618 ε
83 1589 159 1621 Ἅλλᾶ
191 1591 362 1627 δικαιοσύνη,
390 1591 436 1620 καὶ
464 1591 572 1631 εἰρήνη,
601 1591 646 1621 καὶ
673 1591 747 1632 χαρὰ
775 1593 802 1621 ἐν

23 1635 147 1672 Πνεύματι
169 1635 252 1677 ἁγίῳ.
267 1648 282 1666 ι)
303 1637 350 1670 Εἰς
363 1635 412 1672 τὴν
429 1635 567 1675 βασιλείαν
581 1638 628 1665 τοῦ
650 1637 721 1666 Θεοῦ
744 1637 799 1666 εἰσ-

23 1679 71 1717 άγει
88 1682 105 1716 ἡ
125 1681 298 1718 δικαιοσύνη,
319 1681 472 1717 τουτέστιν,
495 1682 513 1717 ἡ
533 1680 646 1710 καθόλου
671 1682 767 1720 ἁρετὴ,
788 1684 803 1712 ὁ

25 1724 147 1762 ἄμεμπτος
167 1725 226 1766 βίος
236 1748 245 1762 ,
260 1726 305 1756 καί
327 1726 418 1764 εἰρήνη
433 1726 498 1766 πρὸς
512 1725 556 1754 τὸν
572 1725 701 1766 ἀδελφὸν,
717 1727 766 1766 οὐχ
785 1728 801 1762 ἡ

22 1770 149 1807 φιλονεικία
166 1780 173 1787 ·
193 1770 239 1800 καὶ
251 1773 268 1806 ἡ
282 1770 354 1810 χαρὰ
367 1771 396 1800 ἐκ
413 1772 458 1806 τῆς
473 1770 615 1809 ὁμονοίας,
631 1771 683 1810 οὐχ
695 1773 712 1806 ἡ
728 1771 802 1806 λύπη

22 1814 70 1848 ῆέκ
82 1817 124 1850 ῆς
139 1815 316 1851 ἐπιπλήξεως.
331 1815 411 1846 Ἐπεὶ
428 1815 456 1845 δέ
475 1816 547 1845 ἐστιν
563 1814 655 1855 εἰρήνη
667 1815 712 1844 καὶ
728 1815 801 1855 χαρὰ

22 1858 58 1885 καὶ
68 1859 106 1888 ἐπὶ
124 1861 246 1899 πονηρῶν
267 1860 434 1900 πραγμάτων
445 1883 452 1893 .
469 1860 602 1899 ἐπήγαγεν
616 1871 622 1877 ”
638 1870 653 1888 ιι
668 1860 695 1888 ἕν
716 1860 802 1890 [lun-

24 1914 77 1938 ματι
93 1904 164 1945 ἁγίῳ.
187 1918 200 1931 ι
213 1905 281 1944 Περὶ
295 1905 346 1945 γὰρ
354 1907 401 1941 τῆς
412 1905 438 1934 δν
455 1904 595 1942 Πνεύματι
609 1903 679 1943 ἁγίῳ
697 1904 803 1943 εἰρήνης

26 1947 63 1975 καὶ
79 1954 172 1988 χαρᾶς,
192 1950 275 1990 φησὶ,
293 1949 374 1988 λέγω.
392 1948 562 1989 Ἐξηγήσατο
580 1949 607 1978 δὲ
627 1948 673 1978 καὶ
694 1948 803 1988 βαθύτε-

27 2001 62 2027 ρον
75 1994 88 2021 ὃ
99 1994 242 2033 πάμμεγας
265 1994 467 2035 Χρυσόστομος,
487 1994 556 2028 τίνος
578 1993 666 2023 Ινεκεν
683 1992 801 2032 ίμνήσθη

26 2036 37 2062 ὃ
58 2037 153 2073 Παῦλος
174 2041 224 2075 τῆς
240 2039 417 2075 δικαιοσύνης.
443 2037 507 2068 Ἵνα
527 2039 578 2078 γὰρ
600 2038 687 2078 δείξῃ,
703 2039 781 2078 φησὶν
793 2062 800 2075 ,

27 2078 84 2109 ὅτιὸ
102 2083 136 2120 μὴ
152 2083 318 2124 ἀπεχόμενος
339 2085 392 2113 τῶν
407 2083 544 2124 χοιρείων,
565 2083 652 2112 ἀδικεῖ
664 2083 709 2112 τὸν
725 2084 801 2113 ἆδελ-

28 2123 65 2162 φὸν
77 2127 131 2167 περὶ
144 2129 191 2164 τὴν
205 2123 349 2168 σωτηρίαν
374 2123 472 2165 αὐτὴν,
487 2127 520 2164 ἣν
544 2129 558 2157 ὃ
578 2127 692 2167 Χριστὸς
716 2127 801 2157 θανὼν

29 2169 88 2210 (lim;
101 2172 313 2212 περιεποιήσατο.
336 2173 424 2203 Ὥστε
440 2174 470 2202 ἐκ
484 2171 637 2202 τούναντίου
648 2195 656 2209 ,
671 2173 685 2201 6
700 2172 800 2213 ἀπεχό-

29 2224 91 2258 μενος
112 2217 152 2247 διὰ
173 2219 219 2247 τὸν
241 2218 369 2258 ἀδελφὸν,
397 2217 445 2253 τὴν
470 2217 638 2254 δικαιοσύνην
668 2218 802 2255 μέτεισιν,
816 2222 841 2253 D

29 2256 76 2291 ἥτις
87 2261 198 2299 προξενεῖ
210 2262 259 2298 τὴν
273 2256 419 2302 βασιλείαν.

63 2303 116 2334 ιὉ
124 2307 172 2345 γὰρ
185 2308 213 2336 ἐν
228 2307 329 2340 τούτοις
351 2306 482 2337 δουλεύων
507 2307 545 2347 τῷ
565 2307 692 2346 Χριστῷ,
708 2306 801 2345 εὐάρε-

32 2357 79 2380 στος
94 2350 128 2390 τῷ
147 2352 210 2391 Θεῷ
220 2375 229 2388 ,
245 2352 292 2381 καὶ
313 2350 421 2390 δόκιμος
435 2352 489 2385 τοῖς
503 2350 660 2390 ἀνθρώποις.
677 2361 691 2379 n
712 2350 802 2381 Δίνίτ-

32 2401 90 2420 τιται
115 2395 242 2434 hama,
266 2395 308 2426 ὅτι
329 2396 383 2426 ἀπὸ
411 2395 558 2430 κενοδοξίας
586 2395 719 2434 ἐπετίμων
748 2399 802 2429 τοῖς

33 2434 204 2480 ἀσθενεστέροις
217 2442 241 2470 οἳ
257 2440 413 2480 τελειότεροι
429 2451 433 2457 ·
449 2440 496 2470 καί
508 2451 601 2480 φησιν,
616 2440 658 2471 ὅτι
674 2441 708 2471 Εἰ
718 2439 801 2474 θέλεις

33 2480 196 2520 θαυμασθῆναι
221 2486 273 2519 τοῖς
296 2484 454 2525 ἀνθρώποις,
479 2486 508 2514 οὗ
533 2488 655 2516 τοσοῦτον
681 2485 735 2515 ἀπὸ
755 2487 803 2521 τῆς

32 2525 187 2570 ῖιλιιότητος,
212 2530 273 2560 ὅσον
288 2530 341 2559 ἀπὸ
364 2531 412 2566 τῆς
438 2529 542 2570 εἰρήνης
566 2529 612 2559 καὶ
636 2531 689 2558 τῶν
714 2529 801 2559 ἄλλων

35 2568 197 2615 inpendam.
222 2574 268 2605 ’Ev
284 2574 385 2609 τούτοις
405 2568 468 2614 γὰρ’
482 2574 538 2604 ἔστι
555 2574 601 2604 καὶ
630 2575 668 2604 τῶ
682 2575 802 2614 εΧριστῷ

38 2612 161 2660 totum,
174 2612 225 2648 ’καὶ
251 2612 466 2660 εὐαρεστεῖνντῷ
484 2619 565 2658 Θεῷ,
583 2619 630 2649 οὐχ
656 2619 684 2648 εν
770 2612 803 2648 τᾶ

37 2656 120 2705 χοίρεια
136 2662 225 2705 Sabim
241 2656 400 2705 ἂδιαᾴίρως-

72 2702 154 2748 ’,Ἆρα
167 2702 209 2737 οὖν
229 2708 262 2737 τὰ
283 2702 454 2748 τῆςίεἰρήνης
472 2708 627 2746 διώκωμεν,
649 2707 695 2737 καὶ
709 2707 743 2736 τὰ
758 2709 806 2743 τῆς

39 2743 154 2788 οξιοδομῆς
170 2754 214 2788 τ’ἧς
226 2753 262 2787 εἰς
277 2743 418 2788 ἀλλήλους.
436 2743 449 2778 ὲ
463 2769 503 2776 -
514 2766 526 2779 ι
539 2743 583 2783 Ti:
595 2743 641 2787 τῆς
654 2751 772 2788 εἰρήνης»
788 2764 803 2779 ³

40 2781 176 2837 inisse
195 2781 238 2827 ξδέ
252 2781 453 2837 sanae}...
478 2781 581 2831 εκείνζᾷ
599 2781 652 2837 γάῤ
679 2781 712 2832 ἦέ
734 2781 806 2834 {at

43 2832 167 2872 ’ῖρηνιύιιινι
194 2853 208 2871 ε
229 2841 274 2874 Τὰ
292 2844 339 2880 τῆς
366 2832 524 2882 οἰκοδομῆς,
546 2832 611 2882 πρὸς
638 2832 683 2872 τὸν
708 2832 804 2872 τελειό-

821 1572 844 1605 C

862 293 1051 327 contristatur,
1065 294 1123 330 jam
1142 302 1200 322 non
1215 295 1368 323 secundum
1390 296 1551 325 clxaritatem
1565 298 1659 326 ambu-

862 337 911 366 las.
934 349 947 362 ι
968 338 1012 367 Ad
1034 338 1224 374 perfectiorem
1239 340 1359 376 loquitur
1380 340 1443 374 hic,
1462 341 1564 369 docens
1584 344 1658 377 quod

861 382 968 411 etiamsi
981 383 1070 412 decies
1080 384 1178 412 millies
1190 384 1243 412 cibi
1257 392 1305 420 per
1315 393 1344 412 se
1355 386 1456 421 impuri
1471 393 1528 413 non
1542 385 1657 419 fuerint,

862 427 903 455 vel
924 427 964 456 sic
989 432 1082 456 tamen
1105 437 1121 456 a
1146 429 1258 465 porcina
1277 437 1359 457 carne
1387 429 1437 458 tibi
1464 430 1657 458 abstinendum

860 476 928 506 erat,
949 480 984 500 ne
997 472 1083 502 frater
1101 477 1165 501 tuus
1179 473 1347 506 offendatur,
1360 475 1383 502 si
1399 474 1481 502 modo
1494 474 1655 503 charitatem

860 524 1023 545 conservare
1041 517 1118 546 velis.
1141 517 1227 546 Infert
1239 523 1332 546 autem
1345 523 1373 547 et
1387 519 1532 555 deinceps:

897 573 910 585 σι
934 562 997 590 Noli
1020 561 1081 590 cibo
1095 567 1144 591 tuo
1163 563 1240 591 illum
1256 564 1379 598 perdere,
1394 572 1444 599 pro
1459 571 1514 600 quo
1533 563 1658 593 Christus

860 610 987 634 mortuus
1011 611 1061 635 est.
1078 619 1090 631 ιι
1121 609 1237 644 Propter
1259 608 1364 642 cibum,
1390 608 1491 644 inquit,
1521 609 1610 644 perdis
1630 614 1658 637 et

858 650 995 679 subvertis
1008 651 1133 686 fratrem,
1146 661 1227 688 quem
1241 652 1309 680 tanti
1324 652 1448 681 Christus
1460 653 1537 686 fecit,
1561 658 1591 681 ut
1608 662 1657 690 pro

859 695 919 730 ipso
932 699 1050 724 mortem
1063 697 1140 725 obire
1150 697 1277 733 dignatus
1285 697 1328 725 sit.
1339 697 1569 726 Animadvertens
1582 699 1656 726 enim

859 743 886 768 te
899 748 931 768 ex
944 740 1115 776 oppositione
1124 749 1189 778 erga
1204 741 1281 770 illum
1294 742 1437 778 porcinam
1449 751 1560 770 carnem
1573 751 1655 771 man-

857 784 970 817 ducare.
995 785 1157 821 pertinacior
1181 786 1316 820 redditur,
1338 787 1462 823 adeoque
1486 787 1656 823 periclitatur

858 837 892 857 ne
902 837 917 857 a
932 829 1041 858 Christo
1052 830 1191 865 deficiens,
1202 839 1261 859 sese
1275 831 1326 868 legi
1340 831 1452 860 tandem
1463 835 1554 860 totum
1567 832 1656 861 tradat

861 873 1020 910 afﬂgatque.

896 920 983 948 Vsus.
1001 923 1043 948 ιϐ.
1062 932 1074 945 α
1092 922 1132 949 Ne
1145 920 1350 957 blasphemetur
1363 921 1454 958 itaque
1469 926 1590 950 vestrum
1604 922 1655 950 bo-

859 972 936 992 num.
957 964 1007 992 nld
1021 969 1072 999 est,
1087 969 1117 992 tu
1139 966 1222 993 habes
1243 965 1442 1001 perfectionem
1457 966 1485 993 in
1501 966 1553 994 fide
1575 967 1657 1000 (hanc

858 1009 932 1036 enim
951 1009 1055 1038 bonum
1070 1010 1212 1043 nominat).
1226 1011 1267 1038 Ne
1282 1010 1367 1046 igitur
1389 1010 1502 1038 abutere
1524 1011 1574 1038 hac
1594 1019 1657 1047 per-

859 1053 978 1082 fectione
988 1058 1045 1088 tua,
1060 1062 1145 1090 neque
1158 1055 1186 1082 in
1208 1063 1291 1083 causa
1314 1059 1374 1083 esto
1393 1063 1441 1083 cur
1452 1055 1656 1090 blasphemetur

859 1098 900 1126 vel
918 1098 1099 1134 vituperetur.
1121 1099 1148 1127 Si
1163 1099 1235 1127 enim
1251 1108 1282 1128 ex
1304 1099 1472 1135 perfectione
1490 1105 1536 1128 tua
1553 1101 1657 1136 imper-

858 1141 962 1171 fectum
970 1143 1070 1179 perdis,
1082 1152 1179 1172 ansam
1193 1144 1334 1180 praabuisti
1352 1145 1433 1180 103
1445 1145 1656 1179 criminationis,

857 1195 911 1223 qua
929 1188 1135 1216 maledicerelur
1147 1189 1219 1216 bono
1240 1189 1314 1225 quod
1330 1189 1460 1217 habebas.
1476 1191 1584 1217 Bonum
1604 1198 1654 1218 au-

859 1236 916 1260 tem
935 1232 1071 1269 intelliges
1084 1233 1242 1262 doctrinam
1261 1237 1396 1268 nostram,
1420 1242 1504 1270 quam
1524 1243 1581 1262 non
1598 1235 1657 1263 vult

859 1276 1013 1305 inﬁdelium
1026 1278 1171 1306 calumniae
1195 1278 1346 1306 obnoxiam
1372 1286 1443 1311 esse,
1467 1278 1536 1307 dum
1566 1279 1657 1307 vident

857 1321 985 1350 scandala
999 1326 1081 1358 atque
1095 1322 1208 1351 dissidia
1228 1322 1354 1351 ciborum
1373 1323 1492 1351 nomine.

893 1367 986 1395 Vsus.
1006 1370 1048 1395 17.
1067 1379 1079 1391 -
1096 1368 1158 1396 Non
1177 1367 1253 1395 enim
1268 1373 1311 1395 est
1328 1376 1446 1404 regnum
1465 1368 1515 1396 Dei
1531 1368 1608 1396 cibus
1629 1374 1656 1396 et

859 1415 948 1446 potus.
967 1424 980 1436 υ
1003 1413 1065 1440 Νοιι
1080 1413 1155 1440 enim
1174 1413 1211 1440 ob
1226 1414 1284 1441 haec
1302 1413 1452 1448 probamur
1467 1413 1508 1440 vel
1522 1413 1591 1446 grati
1606 1421 1654 1441 su—

857 1464 920 1484 mus
939 1457 1006 1484 Deo.
1022 1457 1083 1484 Non
1108 1457 1180 1484 enim
1204 1457 1226 1484 si
1252 1457 1328 1490 edas,
1343 1458 1448 1493 inquit,
1476 1458 1549 1485 istud
1573 1462 1600 1486 te
1628 1458 1654 1486 in

856 1508 973 1537 regnum
985 1501 1119 1530 caelorum
1142 1501 1302 1530 introducit.
1315 1503 1435 1538 Carpens
1452 1507 1545 1530 autem
1568 1503 1654 1538 ipsos,

856 1554 907 1573 ceu
919 1550 1062 1581 prapterea
1076 1546 1196 1581 inﬂatos,
1210 1546 1310 1582 adjecit
1321 1551 1348 1574 et
1367 1551 1474 1582 potum.

893 1602 908 1616 «
933 1589 988 1619 Sed
1012 1591 1116 1627 justitia
1139 1595 1167 1619 et
1194 1599 1246 1628 pax
1276 1595 1305 1619 et
1327 1591 1455 1627 gaudium
1486 1592 1514 1619 iu
1548 1591 1653 1628 Spiritu

856 1640 962 1663 sancto.
981 1636 1036 1663 »ln
1048 1643 1164 1671 regnum
1174 1637 1225 1664 Dei
1240 1635 1391 1664 introducit
1402 1636 1518 1672 justitia,
1532 1636 1584 1664 hoc
1600 1641 1654 1664 est.

859 1679 945 1708 virtus
954 1680 1095 1714 universa,
1108 1680 1246 1716 inculpata
1263 1681 1328 1715 vita,
1342 1685 1370 1708 et
1385 1689 1435 1717 pax
1447 1689 1510 1717 erga
1526 1681 1650 1714 fratrem,

858 1731 914 1752 non
927 1725 1080 1759 contentio,
1098 1729 1125 1752 et
1139 1725 1267 1761 gaudium
1282 1733 1315 1753 ex
1339 1725 1497 1759 concordia,
1513 1734 1568 1753 non
1584 1733 1654 1753 moe-

857 1777 904 1797 ror
923 1776 956 1796 ex
973 1769 1169 1805 increpatione.
1192 1770 1261 1806 Quia
1276 1778 1340 1798 vero
1353 1770 1483 1805 gaudium
1508 1775 1535 1797 et
1549 1779 1598 1805 pax
1614 1775 1655 1798 est

857 1813 941 1841 etiam
967 1814 996 1841 in
1014 1814 1093 1842 malis
1117 1814 1210 1847 rebus,
1239 1814 1385 1842 subintulit
1411 1823 1418 1842 :
1451 1826 1464 1839 ε(
1494 1815 1521 1842 in
1549 1815 1654 1850 Spiritu

856 1861 962 1886 sancto.
975 1869 989 1883 n
1005 1860 1046 1886 De
1056 1857 1155 1895 gaudio
1169 1859 1245 1886 enim
1260 1863 1286 1886 et
1302 1867 1366 1894 pace
1381 1867 1444 1895 quas
1459 1863 1500 1886 est
1512 1859 1539 1886 in
1551 1859 1653 1894 Spiritu

857 1907 964 1936 sancto,
984 1902 1083 1938 inquit,
1110 1902 1192 1930 verba
1207 1903 1252 1930 hic
1266 1903 1345 1930 facio.
1370 1903 1460 1931 Altius
1478 1903 1550 1930 hunc
1564 1903 1654 1930 locum

858 1947 1056 1983 interpretatus
1071 1951 1113 1975 est
1125 1947 1204 1983 plane
1225 1955 1342 1983 magnus
1358 1947 1401 1976 ille
1417 1947 1634 1984 Chrysostomus
1644 1967 1652 1980 ,

856 1999 941 2027 quare
969 1991 1095 2020 videlicet
1122 1991 1201 2020 divus
1223 1992 1325 2020 Paulus
1345 1992 1462 2028 justitiae
1487 1992 1650 2020 meminerit.

857 2037 889 2063 Ut
903 2036 977 2063 enim
1002 2040 1179 2066 monstraret.
1201 2036 1301 2073 inquit,
1326 2045 1391 2064 eum
1406 2036 1451 2073 qui
1467 2037 1543 2064 suilla
1569 2044 1654 2064 carne

855 2088 912 2108 non
925 2080 1072 2114 abstineat,
1098 2088 1158 2109 esse
1175 2081 1308 2117 injurium
1333 2081 1463 2109 adversus
1484 2080 1597 2109 fratrem
1625 2081 1653 2108 in

857 2125 940 2153 rebus
958 2126 1068 2162 salutis,
1087 2133 1172 2162 quam
1186 2125 1210 2153 ei
1233 2126 1358 2154 Christus
1373 2133 1420 2153 sua
1437 2130 1525 2153 morte
1539 2125 1653 2161 peperit.

857 2171 949 2206 Quare
964 2178 979 2198 e
994 2171 1113 2204 diverso,
1129 2171 1174 2206 qui
1189 2175 1301 2206 propter
1328 2170 1443 2198 fratrem
1457 2170 1577 2198 abstinet
1589 2192 1597 2204 ,
1607 2170 1654 2206 ju-

856 2214 959 2242 stitiam
975 2215 1033 2243 adit
1044 2219 1071 2243 et
1086 2216 1273 2251 persequitur,
1290 2223 1352 2251 qua:
1363 2215 1553 2243 subministrat
1572 2219 1654 2242 aeter-

857 2267 926 2288 num
944 2267 1070 2296 regnum.

892 2306 980 2333 Vsss.
1010 2307 1055 2333 18.
1071 2315 1084 2329 ι
1098 2304 1150 2341 Qui
1177 2304 1253 2332 enim
1273 2304 1301 2332 in
1326 2303 1368 2332 his
1395 2303 1507 2332 inservit
1527 2303 1654 2336 Christo,

857 2350 918 2377 Deo
932 2349 1002 2377 bene
1016 2349 1114 2385 placet,
1127 2353 1155 2376 et
1177 2348 1334 2376 hominibus
1358 2348 1500 2384 probatur.
1521 2360 1532 2371 ι·
1553 2349 1614 2375 Hoc
1629 2347 1656 2375 in

856 2393 916 2421 loco
931 2393 1082 2428 subinnuit,
1106 2393 1181 2430 quod
1193 2394 1209 2421 ii
1231 2394 1280 2429 qui
1295 2393 1471 2429 perfectiores
1494 2397 1584 2426 erant,
1601 2393 1656 2420 im-

856 2438 1008 2467 becilliores
1022 2446 1054 2466 ex
1068 2438 1141 2466 inani
1155 2438 1238 2474 gloria
1252 2437 1439 2474 increpabant,
1464 2437 1505 2471 Si,
1520 2437 1658 2473 inquiens,

856 2482 1014 2511 hominibus
1036 2483 1211 2512 admirationi
1235 2490 1294 2510 esse
1313 2483 1403 2518 cupis,
1419 2490 1475 2510 non
1495 2486 1605 2510 tantum
1622 2482 1658 2510 ob

857 2527 1063 2564 perfectionem,
1079 2532 1214 2564 quantum
1236 2528 1271 2555 ob
1287 2535 1381 2563 pacem
1396 2531 1422 2555 ct
1437 2527 1472 2555 ob
1485 2527 1552 2555 alias
1565 2527 1654 2554 virtu—

856 2576 909 2606 tes,
935 2572 1145 2601 admirationem
1170 2572 1205 2600 de
1228 2576 1254 2599 te
1277 2570 1436 2600 concitabis.
1463 2573 1494 2599 ln
1515 2572 1558 2599 his
1582 2571 1658 2598 enim

858 2617 968 2646 Christo
990 2617 1119 2646 inservire
1133 2617 1206 2649 licet,
1223 2619 1335 2653 Deoque
1350 2617 1469 2652 placere,
1483 2615 1531 2644 sed
1555 2623 1613 2642 non
1630 2615 1657 2642 in

860 2661 913 2691 hoc
938 2662 1013 2700 quod
1033 2663 1145 2698 porcina
1162 2670 1245 2690 carne
1267 2660 1507 2689 indiscriminatim
1535 2659 1658 2686 vescaris.

895 2711 984 2738 Vitas.
1001 2709 1042 2737 I9.
1061 2717 1075 2733 α
1091 2709 1186 2743 Itaque
1201 2714 1263 2743 quae
1285 2706 1359 2742 pacis
1377 2709 1440 2733 sunt
1465 2709 1614 2736 sectemur,
1629 2708 1657 2731 et

861 2763 922 2790 quae
930 2754 964 2782 ad
971 2757 1096 2782 mutuam
1104 2751 1384 2780 mdiﬁcationem.-—-
1392 2752 1476 2786 «Quae
1483 2749 1557 2785 pacis
1563 2752 1637 2781 sunt,
1645 2759 1659 2773 ι»

860 2799 930 2828 dixit
943 2799 977 2827 ad
1001 2797 1232 2834 imperfectiorem
1247 2805 1254 2824 :
1268 2796 1291 2824 is
1312 2796 1386 2823 enim
1400 2803 1494 2832 pacem
1520 2793 1594 2822 haud
1615 2794 1662 2822 ha-

859 2844 950 2873 bebat.
968 2855 980 2868 -
1008 2843 1079 2878 Quae
1092 2841 1128 2870 ad
1149 2841 1371 2875 mdiﬁcatiOIiem,
1389 2850 1403 2867 ν
1421 2839 1456 2869 ad
1471 2838 1662 2876 perfectiorem
