1901 3077
257 185 305 211 581

768 179 1024 208 THEOPHYLACTI
1043 178 1220 206 BULGARl/E
1238 177 1396 205 ARCHIEP.

1844 180 1880 206 532

256 245 361 279 retulit,
382 252 417 272 ne
430 244 585 272 destruetre
611 243 742 277 fratrem,
764 243 910 272 offendens
937 243 1027 278 ipsum

1109 251 1195 280 τερον,
1209 241 1244 273 ὡς
1254 239 1286 269 ἂν
1297 239 1335 278 μὴ
1347 239 1489 280 καταϐάλῃ
1501 239 1526 258 ⁴⁷
1537 239 1581 269 τὸν
1589 240 1715 280 ἀδελφὸν,
1725 241 1878 275 σκανδαλίζωι

257 291 314 318 imo
329 288 490 317 communia
502 288 561 316 haec
577 288 650 321 fecit,
665 288 731 316 dum
743 289 792 322 ait,
811 298 826 314 ι(
839 291 977 316 mutuam.
992 297 1006 313 n
1023 288 1044 314 Ιι

1109 284 1186 314 αὐτόν
1203 296 1210 302 ·
1236 286 1336 324 μᾶλλον
1360 285 1388 314 δὲ
1412 283 1487 314 κοινὰ
1502 286 1585 314 ταῦτα
1611 283 1776 321 πεποίηκεν,
1799 286 1879 314 εἰπών·

256 335 308 363 hoc
322 338 415 362 autem
434 333 508 370 quod
530 334 652 369 primum
674 333 835 361 meminerit
855 333 938 369 pacis,
954 331 1054 360 deinde

255 379 457 412 azdiﬁcationis,
471 378 599 411 ostendit,
613 378 690 414 quod
701 378 766 406 citra
782 385 876 414 pacem
895 385 952 405 non
966 377 1002 405 sit
1015 375 1054 404 fa-

256 424 307 452 cile
333 423 479 452 mdiﬁcare.

291 470 378 496 Vsus.
404 470 448 495 20.
467 467 556 495 «Noli
580 471 692 503 propter
712 474 804 495 escam
823 466 964 495 destruere
984 474 1053 502 opus

254 514 466 549 Dei.»-—«0pus
473 513 536 546 Dei,
545 524 557 537 ιο
565 512 775 540 fratrissalutem
781 511 915 540 nominat.
922 513 963 540 Ne
971 511 1053 548 igitur

255 566 318 586 eam
343 558 494 589 dissolvas,
519 565 603 594 quam
628 557 753 586 Christus
778 557 802 585 ei
827 557 950 593 peperit;
969 556 1052 592 idque

256 607 366 639 propter
394 603 498 636 cibum,
513 602 581 630 dum
595 610 651 630 non
665 602 705 630 vis
728 602 855 630 videlicet
877 601 1015 630 abstinere
1036 609 1050 628 a

255 648 377 684 porcina,
393 651 423 675 ut
435 647 551 675 lucreris
576 647 675 683 ipsum.

293 748 307 765 α
321 738 421 766 Omnia
440 738 552 774 quidem
566 737 679 771 munda,
696 737 745 766 sed
773 737 876 765 malum
891 741 932 765 est
945 736 1050 765 homini

254 783 301 819 qui
322 791 370 819 per
382 782 578 811 offendiculum
600 782 755 810 manducet.
769 794 781 807 ι
804 782 859 810 Ubi
874 782 992 809 multum
1006 782 1050 809 in—

253 827 613 864 crepuissetperfectiorem,
633 826 715 862 104
733 827 832 855 metuit
854 834 888 854 ne
906 825 998 854 forsan
1020 826 1049 854 in

255 880 337 908 prava
351 880 398 900 sua
426 871 557 907 opinione
584 871 711 899 inﬁrmus
732 871 910 900 stabiliretur.
925 871 969 899 Ob
989 878 1049 899 eam

1113 340 1128 359 (ι
1145 331 1202 365 Τῆς
1218 331 1254 363 εἷς
1271 329 1412 365 ἀλλήλους.
1424 340 1439 358 ι)
1462 330 1594 365 Μνησθεὶς
1610 329 1639 358 δὲ
1656 329 1786 370 προτέρας
1805 332 1844 366 τῆς
1856 332 1879 359 zi-

1110 374 1188 414 ρήνης
1198 397 1206 410 ,
1223 370 1280 404 εἶτα
1298 376 1345 411 τῆς
1368 375 1508 413 οἰκοδομῆς
1519 396 1527 412 ,
1550 373 1663 413 ἔδειξεν,
1679 373 1720 404 δτι
1733 374 1810 414 χωρὶς
1824 375 1877 414 εἰρή-

1108 431 1153 456 νης
1167 420 1216 448 οὐκ
1229 419 1335 450 εὔκολον
1351 419 1498 457 οἰκοδομεῖν
1509 418 1545 450 ⁴⁸.

1152 474 1166 493 α
1191 464 1237 500 Μὴ
1268 464 1355 494 ἕνεκεν
1388 463 1528 504 βρώματος
1556 464 1676 494 κατάλυε
1699 463 1731 493 τὸ
1757 463 1827 504 ἔργον
1848 468 1877 494 tu?

1107 508 1188 539 Θεοῦ.
1200 520 1274 538 ››-‹ι
1285 508 1385 548 Ἔργον
1400 512 1446 538 τοῦ
1457 510 1528 540 Θεοῦ
1541 522 1552 535 ι
1563 507 1609 544 τὴν
1624 508 1760 549 σωτηρίαν
1771 512 1812 539 τοῦ
1822 510 1877 538 ἃδε).-

1108 555 1156 593 φοῦ
1171 565 1246 593 φησι.
1265 553 1311 590 Μὴ
1335 549 1380 583 οὖν
1402 553 1501 590 ταύτην
1518 554 1636 584 κατάλυε
1647 576 1655 590 ,
1672 553 1706 589 ἣν
1721 556 1734 582 ὁ
1748 554 1810 587 Θεὸς
1825 556 1876 593 αὖτῷ

1107 599 1330 637 περιεποιήσατο,
1353 599 1400 629 καὶ
1422 601 1506 628 ταῦτα
1528 598 1616 628 ἕνεκεν
1634 598 1783 638 βρωμάτων
1800 599 1832 634 η,
1851 600 1875 637 μὶ

1107 642 1266 681 βουλόμενος
1291 643 1393 680 δηλαδὴ
1420 643 1567 683 ἀπέχεσθαι
1590 645 1637 672 τοῦ
1666 643 1778 683 χοιρείου
1800 643 1837 672 διὰ
1857 644 1876 672 τὸ

1107 687 1234 726 κερδῆσαι
1251 688 1338 718 αὐτόν.

1151 748 1162 759 ι
1179 732 1274 764 Πάντα
1289 732 1336 771 μὲν
1352 733 1466 772 καθαρὰ,
1480 731 1549 761 ἀλλὰ
1563 731 1647 762 κακὸν
1661 733 1701 772 τῷ
1717 731 1757 761 διὰ
1769 731 1876 770 προσκόμ-

1106 790 1188 818 ματος
1209 778 1330 808 ἐσθίοντι.
1342 791 1353 803 -
1381 777 1473 808 Πολλὰ
1494 776 1658 815 ἐπιτιμήσας
1681 778 1719 818 τῷ
1734 775 1874 815 τελειοτέρῳ,

1105 823 1223 864 ἐφοϐήθη
1247 823 1284 861 μή
1307 833 1363 856 πως
1384 823 1398 850 ὁ
1421 821 1530 857 ἀσθενὴς
1552 821 1691 862 βεϐαιωθῇ
1707 823 1733 851 ἓν
1752 824 1874 861 τῇπονηρᾷ

1106 868 1246 908 ὑπολήψει.
1262 867 1313 898 Διὰ
1328 869 1407 897 τοῦτο
1421 870 1482 906 γοῦν
1499 867 1654 905 δογματίζει
1671 866 1750 896 πάλιν
1762 866 1804 895 καὶ
1815 866 1874 903 λέγει,

253 904 313 945 rem
325 924 420 944 rursus
433 904 565 952 dogmata
578 915 692 952 profert,
713 915 852 951 inquiens:
873 915 972 943 Omnia
985 915 1044 951 qui-

1106 913 1146 943 ὅτι
1166 904 1254 942 πάντα
1275 911 1398 952 καθαρὰ,
1424 911 1494 941 ἀλλὰ
1515 911 1596 941 κακὸν
1614 912 1655 952 τῷ
1678 911 1745 949 μετὰ
1759 910 1873 941 συνειδότος

252 961 317 989 dem
329 961 435 989 munda
446 965 526 995 sunt,
538 960 587 988 sed
597 960 703 988 malum
718 964 760 988 est
773 961 798 988 ei
820 960 866 996 qui
891 959 964 987 mala
979 967 1048 988 con-

253 1005 365 1033 scientia
387 1009 414 1033 et
429 1005 630 1033 scandalizatus
653 1004 812 1033 manducat.
835 1003 978 1040 Siquidem
1001 1004 1051 1032 im-

254 1050 391 1086 perfectus
398 1049 574 1078 immundum
586 1054 716 1084 reputans
725 1049 835 1077 suillam
847 1056 970 1082 carnem,
980 1048 1047 1077 dum

255 1099 367 1122 coactus
389 1099 417 1123 et
437 1094 538 1122 invitus
560 1097 666 1130 gustat,
693 1094 782 1130 magis
804 1093 924 1122 laeditur.
957 1094 1048 1129 Quare

253 1143 361 1174 oportet
373 1147 437 1167 eum
449 1139 570 1175 primum
580 1138 628 1166 abs
639 1142 667 1166 te
681 1138 785 1166 discere
799 1138 873 1174 quod
885 1138 980 1166 omnia
993 1138 1048 1166 sint

253 1183 354 1212 munda
359 1204 365 1211 .

287 1230 377 1257 Vsus.
391 1231 436 1256 21.
453 1239 466 1252 ‹‹
480 1229 590 1256 Bonum
606 1231 649 1256 est
661 1235 717 1256 non
741 1227 906 1256 manducare
918 1235 1029 1255 carnem
1039 1248 1046 1261 ,

252 1277 280 1301 et
293 1281 347 1301 non
356 1273 451 1301 bibere
467 1273 570 1307 vinum,
581 1280 669 1309 neque
679 1272 707 1300 in
717 1280 772 1308 quo
786 1272 869 1300 frater
882 1276 946 1300 tuus
957 1271 1046 1300 offen-

251 1318 335 1352 ditur,
360 1322 409 1346 aut
430 1317 572 1353 impingit,
586 1321 634 1346 aut
652 1317 817 1346 inﬁrmatur.
834 1329 846 1342 ι
867 1318 921 1350 Τυ,
945 1317 1045 1353 inquit,

250 1363 336 1399 adigis
348 1362 459 1391 fratrem
473 1362 553 1390 edere
564 1369 626 1398 quae
639 1370 697 1390 non
710 1362 801 1390 audet.
815 1363 873 1398 Ego
883 1366 976 1390 autem
983 1361 1046 1390 dico

251 1412 278 1435 te
288 1407 424 1435 abstinere
433 1411 559 1443 oportere
571 1407 605 1435 ab
615 1407 689 1434 omni
697 1406 772 1442 quod
786 1405 902 1434 offendit
909 1405 1024 1434 fratrem
1037 1415 1043 1434 :

251 1460 306 1480 non
320 1452 382 1487 quia
395 1452 501 1479 malum
517 1451 552 1479 sit
565 1451 669 1484 (omnia
685 1451 758 1479 enim
773 1451 896 1485 munda),
914 1451 962 1479 sed
980 1451 1045 1486 quia

251 1496 375 1524 offendit.
392 1496 462 1531 Quia
475 1504 538 1523 vero
551 1495 619 1524 dixit
632 1503 696 1524 eum
711 1505 725 1521 (ι
741 1496 905 1531 impingere,
920 1505 933 1522 η
950 1499 1044 1524 osten-

250 1541 292 1568 dit
305 1549 371 1568 eum
389 1540 596 1569 cmcutientem:
612 1540 770 1576 hujusmodi
786 1540 860 1568 enim
874 1539 1042 1576 impingunt.

250 1584 410 1613 Offenditur
433 1588 536 1618 autem,
551 1589 583 1612 ut
597 1584 673 1612 levis.
688 1584 819 1612 Inﬁrmus
836 1588 878 1612 est
889 1588 996 1618 autem,
1015 1590 1046 1614 ut

248 1629 294 1665 qui
310 1628 418 1656 modica
432 1629 467 1656 sit
479 1628 533 1656 ﬁde
555 1629 687 1657 imbutus.
699 1630 749 1657 Per
766 1628 825 1657 haec
846 1633 938 1658 autem
953 1630 1044 1658 omnia

247 1673 434 1709 potentiorem
462 1673 578 1702 attrahit
604 1673 640 1701 ad
662 1673 796 1702 auxilium
817 1673 920 1709 fratris,
941 1678 973 1703 ut
998 1675 1044 1710 qui

249 1717 363 1745 omnino
377 1718 412 1746 sit
429 1717 579 1746 imbecillis.

283 1764 367 1791 Vens.
383 1765 426 1790 22.
444 1773 458 1789 α
469 1764 511 1791 Tu
524 1762 608 1791 ﬁdem
619 1762 702 1791 habes
715 1763 729 1790 ?
743 1764 830 1792 Penes
844 1763 962 1799 teipsum
976 1763 1045 1792 habe

248 1814 342 1835 coram
358 1808 425 1835 Deo.
448 1817 461 1833 ν
477 1807 529 1834 Hic
539 1807 692 1835 subindicat
703 1807 776 1843 quod
787 1808 871 1836 veluti
883 1807 1044 1836 ambitiosus

247 1851 392 1887 perfectior
404 1851 599 1888 perfectionem
609 1860 690 1880 suam
701 1853 866 1881 ostentabat.
878 1854 926 1881 Ait
933 1853 1024 1890 itaque
1035 1863 1042 1881 :

250 1896 294 1925 Vis
309 1896 376 1925 mihi
390 1896 535 1925 ostendere
550 1897 626 1933 quod
641 1897 669 1925 in
684 1897 738 1926 ﬁde
763 1898 835 1926 circa
858 1898 935 1926 cibos
953 1898 1042 1934 perfe-

246 1946 306 1970 ctus
328 1949 368 1976 es,
389 1941 504 1970 credens
525 1941 618 1970 omnia
641 1950 700 1970 esse
718 1947 746 1970 et
760 1943 833 1971 bona
847 1947 876 1971 et
891 1950 957 1978 pura
968 1945 982 1971 ?
1002 1945 1044 1972 Ne

245 1986 314 2014 mihi
342 1986 513 2020 demonstra,
537 1987 587 2015 sed
605 1986 707 2015 sufﬁcit
721 1987 900 2022 conscientia,
917 1987 1043 2024 adeoque

246 2032 320 2058 Deus
334 2031 378 2058 cui
396 2030 455 2059 haec
466 2031 649 2060 demonstras.

283 2085 297 2099 α
317 2076 418 2103 Beatus
435 2076 481 2111 qui
502 2083 558 2104 non
575 2075 680 2112 judicat
703 2075 827 2111 seipsum
847 2076 874 2103 in
891 2075 944 2104 hoc
967 2077 1041 2113 quod

247 2119 354 2155 probat.
371 2131 384 2144 ν
397 2120 513 2149 Etiamsi
525 2121 610 2149 homo
619 2128 676 2148 non
686 2119 786 2154 videat,
798 2125 857 2148 tute
871 2120 973 2157 tibiipsi
984 2121 1041 2150 suf-

243 2164 302 2192 ﬁcis
317 2169 349 2193 ut
368 2165 405 2193 sis
420 2165 530 2198 beatus,
543 2165 566 2193 si
586 2172 645 2193 non
659 2164 827 2193 condemnes
846 2165 978 2202 teipsum,
990 2174 1041 2195 ne-

1060 1566 1084 1597 C

1103 959 1217 998 πονηροῦ
1235 956 1346 987 ἐσθίοντι
1372 955 1418 986 καὶ
1441 956 1690 996 σκανδαλιζομένῳ.
1708 955 1744 998 :0
1765 955 1810 995 γὰρ
1830 955 1872 983 ἄτι-

1102 995 1332 1042 λὴςξᾶκάθαρτον
1348 1002 1461 1040 νομίζων
1485 1001 1514 1030 τὸ
1536 995 1674 1041 χοίρειονς
1699 995 1754 1030 εἶτα
1770 999 1871 1039 ἀπογεύε-

1103 1050 1164 1077 σθαι
1201 1047 1293 1077 τούτου
1328 1047 1557 1086 ἀναγκαζόμενος,
1597 1045 1749 1085 βλάπτεται
1783 1046 1870 1084 μᾶλλον.

1101 1091 1185 1122 Ὥστε
1207 1092 1246 1121 δεῖ
1261 1091 1340 1121 αὐτὸν
1364 1091 1491 1131 πρότερον
1507 1093 1601 1130 μαθεῖν
1620 1090 1697 1131 παρὰ
1717 1092 1778 1126 σοῦ,
1794 1089 1827 1118 ὅτι
1838 1099 1871 1117 ιιι·

1101 1137 1169 1177 θαρά
1183 1137 1237 1166 εἰσι
1252 1136 1350 1166 πάντα.

1151 1240 1162 1253 α
1182 1225 1271 1256 Καλὸν
1297 1225 1327 1256 τὸ
1352 1225 1389 1264 μὴ
1405 1229 1497 1266 φαγεῖν
1522 1225 1604 1265 κρέα,
1631 1225 1700 1263 μηδὲ
1725 1225 1790 1253 πιεῖν
1809 1218 1868 1258 οἶνοι,

1101 1271 1169 1312 μηδὲ
1182 1273 1208 1301 ἐν
1222 1266 1244 1311 ᾧ
1261 1270 1370 1311 ἀδελφός
1385 1282 1432 1300 σου
1447 1270 1652 1304 σκανδαλίζεται
1661 1295 1669 1306 ,
1683 1270 1700 1305 ἢ
1716 1268 1867 1309 προσκόπτει,

1099 1317 1117 1353 ἢ
1132 1319 1245 1347 ἀσθενεῖ.
1273 1326 1287 1344 υ
1297 1315 1336 1345 Σὺ
1352 1315 1418 1354 μὲν,
1434 1315 1531 1355 φησὶν,
1547 1314 1708 1353 ἀναγκάζεις
1723 1316 1764 1342 τὸν
1781 1312 1867 1349 ἀδελφὸν

1100 1362 1193 1392 ἐσθίειν
1209 1360 1226 1390 ἃ
1248 1361 1277 1390 οὖ
1293 1361 1383 1401 θαρῤεῖ
1403 1371 1409 1378 ·
1432 1359 1484 1399 ἐγὼ
1504 1360 1530 1389 δὲ
1552 1359 1598 1389 καὶ
1623 1358 1654 1389 σὲ
1682 1359 1734 1388 δεῖν
1757 1369 1819 1398 φημι
1832 1356 1866 1383 ἀπ’
1886 1391 1887 1394 η

1099 1405 1206 1445 ἔχεσθαι
1219 1405 1315 1438 παντὸς
1329 1399 1375 1434 τοῦ
1393 1404 1610 1439 σκανδαλίζοντος
1632 1403 1676 1433 τὸν
1696 1401 1800 1442 ἀδελφόν
1815 1401 1866 1436 ὀὐχ
1886 1399 1887 1410 ³

1099 1451 1139 1480 ὅτι
1158 1450 1239 1480 κακόν
1258 1451 1315 1479 ἐστι
1339 1449 1447 1489 (πάντα
1461 1449 1511 1489 γὰρ
1526 1448 1663 1488 καθαρὰ),
1681 1448 1740 1477 ἀλλ’
1754 1446 1791 1476 ὅτι
1804 1456 1866 1476 σκαν-
1886 1447 1887 1475 i

1100 1495 1208 1530 δαλίζει.
1228 1494 1319 1524 Εἰπὼν
1334 1493 1379 1533 δὲ,
1390 1493 1431 1523 ὅτι
1445 1507 1457 1519 α
1477 1493 1664 1533 Προσκόπτει,
1681 1507 1693 1519 ι
1708 1491 1794 1526 ἔδειξεν
1809 1489 1863 1518 αὐτὰ

1099 1540 1284 1581 τυφλώττοντα
1298 1550 1302 1554 ·
1322 1539 1345 1569 οἱ
1358 1539 1409 1578 γὰρ
1423 1541 1538 1568 τοιοῦτοι
1553 1538 1774 1579 προσκόπτουσιν.
1784 1579 1787 1581 γ
1796 1535 1862 1565 Σκαν-

1101 1579 1235 1619 δαλίζεται
1249 1583 1277 1613 δὲ
1299 1585 1334 1617 ὡς
1356 1586 1451 1624 κοῦφος
1467 1595 1472 1600 ·
1497 1583 1602 1612 ἀσθενεῖ
1617 1583 1647 1612 δὲ
1662 1584 1698 1616 ὣς
1719 1579 1863 1619 ὀλιγόπιστοι-

1101 1630 1152 1660 Διὰ
1175 1628 1274 1659 τούτων
1291 1629 1318 1658 δὲ
1341 1627 1448 1657 πάντων
1472 1627 1612 1668 ἐφέλκεται
1642 1628 1687 1657 τὸν
1716 1625 1863 1662 δυνατώτεροι

1101 1674 1166 1715 πρὸς
1179 1673 1301 1714 βοήθειαν
1312 1675 1359 1702 τοῦ
1373 1653 1502 1713 ἀδελφοῧῖ
1519 1674 1555 1706 ὡς
1564 1671 1598 1701 τὰ
1615 1672 1705 1703 πάντα
1722 1653 1840 1701 ἀσθενοῦςί
1885 1653 1886 1682 ί

1142 1778 1157 1794 ε
1175 1765 1215 1796 Σὺ
1237 1765 1325 1795 πίστιν
1338 1765 1426 1806 llam;
1444 1764 1523 1795 Κατὰ
1535 1763 1648 1794 σεαυτὸν
1663 1763 1708 1803 ἔχε
1722 1761 1863 1806 ἐνώπιοντῶ

1099 1812 1183 1842 Θεοῦ.
1199 1821 1214 1840 ι)
1242 1799 1372 1840 Ἐνταῦθᾶ
1390 1809 1588 1844 ὗπαινίττεται,
1609 1808 1650 1838 ὅτι
1670 1807 1715 1837 καὶ
1728 1807 1761 1840 ὥς
1781 1804 1864 1834 κενόόο-
1882 1799 1885 1859 4

1100 1855 1111 1859 μ
1160 1858 1163 1859 ν
1219 1856 1226 1859 μ
1269 1855 1274 1859 .
1376 1855 1384 1859 ι
1424 1855 1434 1859 Α
1453 1854 1458 1859 ι
1536 1854 1561 1859 -ιι
1598 1853 1603 1859 ι
1650 1855 1658 1859 Α
1723 1854 1738 1859 μ.
1753 1850 1774 1859 ΙΙ
1815 1849 1823 1859 \
1851 1847 1855 1855 ί

1100 1855 1140 1890 ξος
1153 1858 1168 1886 ὁ
1189 1855 1348 1894 τελειότερος
1372 1854 1521 1884 ἐπεδείκνυε
1536 1854 1562 1873 ⁵ο
1576 1853 1625 1889 τὴν
1647 1854 1739 1882 ἃαυτοῧ
1753 1850 1774 1870 ⁵³
1789 1847 1863 1894 τιλιιόῖ

1099 1912 1175 1936 τητα.
1189 1899 1278 1935 Φησὶν
1295 1891 1339 1929 οἷν
1354 1910 1360 1917 ⁸
1387 1899 1482 1932 Θέλεις
1498 1910 1544 1937 μοι
1559 1897 1642 1931 δεῖξαι
1665 1897 1705 1926 ὅτι
1728 1898 1752 1926 ἐν
1821 1891 1863 1930 περὶ

1098 1946 1150 1974 τῶν
1178 1943 1327 1984 βρωμάτων
1353 1944 1441 1973 πίστει
1464 1943 1564 1976 τέλειος
1588 1938 1628 1980 εἷ,
1651 1941 1777 1972 πιστεύων
1797 1937 1862 1984 anith

1097 1983 1164 2018 εἶναι
1268 1988 1313 2018 καὶ
1336 1988 1460 2028 καθαράς
1478 1987 1526 2024 Μὴ
1548 1988 1608 2026 ἐμοὶ
1628 1987 1743 2022 δείκνυε,
1757 1982 1817 2013 ἄλλᾶ
1829 1981 1862 2019 ἄρ·

1097 2032 1180 2071 κεῖ-τὸ
1194 2032 1323 2068 συνειδὸς,
1336 2033 1382 2062 καὶ
1397 2034 1411 2061 ὁ
1422 2032 1490 2066 Θεὸς
1511 2028 1533 2072 ᾧ
1548 2034 1636 2062 ταῦτα
1656 2028 1783 2062 δεικνύεις.

1140 2089 1153 2105 α
1172 2077 1311 2118 Μακάριος
1323 2079 1337 2106 ὁ
1356 2077 1394 2116 μὴ
1416 2077 1512 2118 κρίνων
1526 2076 1618 2107 ἑαυτὸν
1635 2078 1661 2108 ἐν
1673 2072 1694 2117 ᾧ
1708 2072 1836 2119 δοκιμάζξιι

1097 2122 1156 2163 Ιςᾶν
1179 2122 1316 2163 ἄνθρωπος
1340 2122 1378 2161 μὴ
1393 2117 1453 2162 ἴδῃγ,
1471 2122 1548 2155 αὐτὸς
1572 2123 1678 2161 σεαυτῷ
1699 2121 1781 2160 ἀρκεῖς
1798 2117 1828 2148 εἷς

1096 2162 1163 2196 εἶναι
1185 2156 1315 2206 μακάριος
1328 2156 1346 2205 ,1
1363 2156 1408 2197 έὰν
1488 2166 1598 2196 σεαυτὸν
1621 2156 1793 2212 κατακρίνῃς,
1811 2156 1859 2212 μηδὲ

242 2216 296 2244 qua
310 2209 474 2238 conscientia
491 2213 539 2238 tua
551 2213 580 2238 te
599 2209 765 2238 condemnet
782 2209 812 2238 in
827 2217 856 2238 re
869 2217 955 2246 quam
975 2218 1041 2247 pro-

1106 2211 1125 2240 ὦ
1149 2211 1264 2245 συνειδός
1289 2223 1336 2241 σου
1361 2211 1550 2250 καταγινώσκῃ
1574 2222 1622 2241 σου
1649 2212 1676 2240 ἐν
1702 2209 1826 2255 πράγμαξτι
1838 2209 1859 2255 ’Ψ

241 2253 324 2288 basti,
353 2262 401 2282 seu
426 2254 541 2290 elegisti.
565 2254 632 2282 Hac
652 2258 746 2282 autem
774 2254 809 2283 de
828 2255 887 2283 solo
912 2256 1041 2292 presenti

243 2298 378 2335 subjecto,
395 2298 462 2326 cibis
481 2298 596 2333 scilicet,
613 2298 756 2335 intelligas.

278 2344 368 2371 νεεδ.
387 2345 431 2370 23.
448 2351 463 2368 «
478 2342 532 2378 Qui
552 2346 645 2371 autem
659 2342 798 2378 discernit,
814 2344 837 2372 si
853 2344 1040 2374 manducavc-

242 2387 289 2420 rit,
305 2387 452 2415 damnatus
466 2391 519 2421 est,
531 2387 595 2423 quia
617 2395 675 2416 non
694 2396 728 2416 ex
741 2388 804 2418 ﬁde.
820 2399 834 2415 »
850 2390 903 2426 Qui
914 2390 1039 2427 ambigit,

242 2430 341 2466 inquit,
360 2439 410 2459 nec
427 2430 667 2468 conﬁdenteredit,
674 2433 1041 2471 condemnatusest.Quam-

241 2475 336 2503 obrem
350 2478 361 2501 Ρ
376 2477 439 2504 Non
453 2476 514 2511 quia
538 2476 699 2506 immundus
720 2482 778 2506 erat
799 2478 888 2512 cibus,
910 2479 958 2507 sed
975 2479 1038 2515 quia

240 2526 296 2546 non
311 2519 429 2549 credidit
440 2521 575 2550 mundum
587 2529 656 2555 esse,
671 2527 756 2559 atque
767 2523 858 2559 attigit
881 2531 974 2552 escam
986 2532 1037 2553 ceu

239 2563 421 2593 immundam.

277 2618 291 2636 α
306 2609 393 2638 Omne
407 2614 500 2638 autem
517 2611 592 2647 quod
614 2619 670 2640 non
689 2615 731 2640 est
749 2620 783 2640 ex
809 2612 877 2647 ﬁde,
892 2618 1036 2649 peccatum

237 2657 315 2682 est.»
328 2655 400 2683 Cum
413 2655 486 2683 enim
506 2663 562 2683 non
580 2655 664 2684 fuerit
681 2656 814 2691 conﬁsus,
838 2666 928 2694 neque
945 2659 1032 2687 credi-

235 2697 305 2726 derit
329 2706 429 2734 purum
452 2707 510 2727 esse
524 2700 630 2734 cibum,
658 2701 705 2729 sed
724 2702 840 2737 gustarit
862 2702 953 2739 ipsum
968 2711 1033 2732 cum

235 2750 317 2779 prava
340 2744 514 2779 conscientia,
539 2746 653 2773 omnino
668 2747 797 2782 peccavit.

1095 2256 1272 2293 ἐδοκίμασας,
1295 2256 1354 2292 ἤτοι
1378 2255 1496 2290 ἐξελέξω.
1512 2257 1607 2286 Ταῦτα
1634 2255 1660 2285 δὲ
1683 2255 1734 2284 νόει
1756 2250 1810 2289 πιρὶ
1826 2250 1859 2280 τῆς

1095 2301 1270 2339 προκειμένης
1293 2300 1440 2334 ὑποθέσεως
1464 2300 1561 2339 μόνης,
1585 2303 1632 2337 τῆς
1654 2301 1705 2330 τῶν
1728 2293 1858 2338 βρωμάτω*

1138 2344 1201 2375 ιι¹0
1221 2344 1249 2375 δὲ
1265 2345 1476 2384 διακρινόμενος,
1500 2345 1545 2375 ἐὰν
1569 2345 1654 2386 φάγῃ,
1677 2341 1856 2386 κατακέιφιταιξ

1093 2388 1134 2418 ὅτι
1149 2390 1196 2419 οὐκ
1218 2391 1248 2420 ἐκ
1271 2383 1397 2423 πίστεως.
1419 2404 1432 2416 ν
1458 2389 1492 2420 Ὁ
1519 2391 1546 2419 δὲ
1570 2383 1714 2425 δισταζων,
1735 2383 1805 2427 φησὶν
1824 2383 1856 2427 ¹ξ³ί

1094 2432 1131 2471 μὴ
1148 2434 1311 2468 πεποιθότως
1330 2434 1441 2470 ἐσθίων,
1467 2435 1666 2474 κατακέκριται.
1690 2425 1744 2464 Διὰ.
1757 2429 1796 2464 τίὶ
1809 2425 1854 2461 θύι

1092 2477 1132 2524 (gn
1147 2479 1295 2524 ἀκάθαρτον
1311 2475 1343 2515 ἦν
1355 2479 1386 2508 τὸ
1402 2481 1497 2519 βρῶμα
1507 2502 1514 2515 ,
1527 2479 1586 2509 ἀλλ’
1598 2480 1641 2510 ὅτι
1653 2480 1699 2509 οὐκ
1710 2475 1854 2524 ξπέστιυπξξ

1091 2523 1131 2551 ὅτι
1155 2523 1269 2563 καθαρόν
1293 2524 1383 2560 ἐστιν,
1408 2524 1468 2553 ἀλλ’
1489 2523 1579 2564 ἥψατο
1601 2527 1648 2554 τοῦ
1668 2521 1811 2564 βρώματος’
1828 2521 1853 2541 δ’(

1091 2566 1251 2606 ἀκαθάρτου.

1131 2624 1143 2637 τι
1158 2604 1217 2641 Πᾶν
1233 2610 1261 2641 δὲ
1273 2611 1288 2641 ὃ
1298 2612 1347 2642 οὐκ
1360 2613 1390 2642 ἐκ
1401 2612 1529 2649 πίστεως,
1543 2613 1662 2652 ἁμαρτία
1676 2609 1752 2641 ἐστίν.
1765 2604 1852 2652 "of"

1089 2655 1140 2695 γὰρ
1156 2656 1193 2694 μὴ
1218 2656 1357 2697 θαῤῥήσῃ,
1380 2657 1447 2696 μηδὲ
1471 2648 1609 2698 πιστεύσῃ·
1624 2657 1664 2687 δτι
1684 2651 1787 2692 καθαρόν
1809 2648 1851 2699 if,“

1089 2692 1200 2740 βρίόμα,
1214 2692 1283 2731 ἀλλᾶ
1297 2692 1427 2741 γεύσηται
1440 2703 1521 2733 αὐτοῦ
1540 2692 1610 2743 μετα
1629 2702 1740 2742 πονηροῦ
1754 2692 1850 2726 σωκῶ·

1088 2757 1131 2778 τος
1139 2768 1147 2784 ,
1162 2745 1269 2780 πάντως
1283 2745 1414 2786 ἥμαρτεν.

930 2785 1029 2813 Variae
1051 2784 1201 2815 lectiones.

269 2823 291 2840 ⁵⁷
312 2824 423 2860 καταλύῃ
436 2833 463 2853 o.
501 2825 524 2844 ⁵⁸
538 2826 566 2853 τί)
581 2825 724 2862 οἰκοδομεῖν
740 2835 777 2856 m.
816 2827 838 2845 ⁸³
853 2828 984 2864 βρώματος
997 2837 1036 2857 In.
1073 2828 1096 2847 ’θ
1106 2829 1247 2858 ὓπεόείκνυε
1261 2838 1289 2860 o.
1327 2831 1348 2850 ⁸¹
1364 2830 1440 2860 αὺτοῦ
1450 2839 1478 2862 ο.
