1901 3077
75 183 128 209 537

521 179 697 208 EXPOSITIO
717 179 749 207 IN
769 177 873 206 EPIST.
891 177 937 205 AD
957 177 1038 206 ROM,
1060 193 1093 197 —
1112 178 1187 206 CAP.
1209 179 1263 206 XV.

1672 181 1725 208 538

75 246 83 284 (
94 246 174 273 τοῦτο
189 243 241 284 γὰρ
256 245 332 280 δηλοῖ
346 243 385 281 τὸ,
400 258 412 270 α
424 242 612 282 Ὁμοθυμαδὸν
623 243 653 281 Il
667 241 710 272 τὸν
725 241 803 272 Θεόν.
817 240 873 271 Ἐν·
889 243 914 273 Α
931 249 945 268 8

948 240 1023 269 nima
1043 239 1106 276 (hoc
1129 241 1205 269 enim
1227 241 1328 270 indicat
1347 243 1522 277 unanimiter)
1545 245 1647 273 Deum.
1673 245 1725 273 Hic

75 292 158 318 ταῦθα
177 290 218 318 δεῖ
242 288 343 324 στίξαι,
359 284 416 318 εἶτα
431 289 476 318 ἀπ’
493 288 576 324 ἄλλης
590 289 675 328 ἀρχῆς
702 288 852 324 ἀναγνῶναι
863 295 869 303 ·

75 347 87 359 ι
103 335 158 364 Καὶ
171 334 283 373 Πατέρα
299 337 343 364 τοῦ
357 333 453 373 Κυρίου
468 334 544 371 ἡμῶν
559 332 650 369 Ἰησοῦ
665 333 795 371 Χριστοῦ.
813 346 824 357 ι-
840 332 871 361 Εἰ

74 378 103 408 δὲ
114 378 160 408 καὶ
172 377 316 417 ἡνωμένως
331 379 461 418 ἀναγνῷς,
477 376 546 406 ὥστε
559 380 603 407 τοῦ
617 378 697 406 αὐτοῦ
715 377 832 416 Χριστοῦ
844 377 871 395 ⁸³

75 422 121 451 καὶ
148 423 219 453 Θεὸν
251 418 318 452 εἶναι
345 423 391 452 καὶ
421 422 548 462 Πατέρα,
574 422 632 452 οὐδὲ
658 424 736 451 τοῦτο
761 421 870 452 ἄτοπον.

74 468 145 501 Θεὸς
167 467 215 506 μὲν
236 468 288 508 γὰρ
303 470 348 497 τοῦ
370 467 487 507 Χριστοῦ
500 490 508 504 ,
537 465 607 496 κατὰ
628 467 658 496 τὸ
684 465 846 506 ἀνθρώπινον
864 477 871 485 ο

74 511 176 552 Πατὴρ
191 511 218 541 δὲ
230 535 238 549 ,
248 512 318 542 κατὰ
332 512 380 548 τὴν
391 511 513 547 θεότητα.

118 570 130 583 α
148 556 197 586 Διὸ
211 556 450 596 προσλαμϐάνεσθε
468 557 597 592 ἀλλήλους
606 579 614 593 ,
628 555 715 590 καθὼς
727 555 772 585 καὶ
783 556 871 596 6X91-

71 601 133 634 στὸς
148 601 329 641 προσελάϐετο
342 603 411 641 ἡμᾶς
420 624 427 637 ,
445 601 480 634 εἰς
494 600 570 636 δόξαν
582 601 667 632 Θεοῦ.
689 614 701 626 ιι
724 601 812 631 Πάλιν
825 603 872 637 τῆς

71 646 205 686 προτέρας
222 647 402 685 παραινέσεως
418 645 497 686 [καὶ]
512 645 619 686 ἔχεται,
638 645 684 675 καὶ
699 645 872 686 παράδειγμα

69 691 174 729 εἰσάγει
190 690 235 720 τὸν
262 692 395 731 Χριστὸν,
418 690 489 720 ὥστε
512 690 775 730 προσλαμϐάνεσθαι
801 693 873 729 ἡμᾶς

70 735 225 771 ἀλλήλους’
253 737 288 769 εἷς
313 735 390 770 δόξαν
411 736 462 776 γὰρ
487 736 558 766 Θεοῦ
585 736 612 754 ⁵⁵
637 736 694 765 ἐστι
719 737 809 766 τοῦτο.
833 736 874 766 Τὸ

68 779 123 819 γὰρ
148 781 266 815 ἡνῦσθαι
291 783 361 819 ἡμᾶς
384 780 500 819 μάλιστα
528 779 627 815 δοξάζει
653 780 697 809 τὸν
724 779 804 810 Θεόν.
827 779 872 810 Ἐν

67 824 157 864 τούτῳ
171 825 238 865 γὰρ,
263 825 346 865 φησὶ,
362 824 506 864 γνώσονται
523 825 640 860 πάντες,
657 823 698 854 ὅτι
717 824 749 854 σύ
766 836 800 863 με
818 826 872 855 ἀπ·-

925 295 994 324 opus
1008 291 1050 316 est
1073 286 1260 320 distinctione,
1282 287 1382 315 deinde.
1399 287 1434 315 ab
1459 288 1511 316 alio
1533 288 1610 317 initio
1634 289 1725 326 legen-

924 332 1002 365 dum,
1020 344 1032 356 ε
1059 336 1087 361 et
1114 333 1223 360 Patrem
1250 332 1361 360 Domini
1384 333 1469 360 nostri
1493 334 1559 361 Jesu
1581 334 1690 362 Christi.
1711 347 1723 359 ιι

924 377 972 406 Sin
991 381 1019 405 et
1034 377 1203 413 conjunctim
1221 377 1303 413 legas,
1327 382 1359 405 ut
1379 377 1464 414 ipsius
1478 378 1577 406 Christi
1598 382 1625 406 et
1649 380 1725 407 Deus

924 423 961 452 sit
979 427 1006 451 et
1029 424 1109 450 Pater
1122 430 1211 458 neque
1227 423 1300 451 istud
1313 423 1365 450 erit
1376 423 1537 451 absurdum.
1556 425 1629 451 Deus
1642 431 1724 451 nam-

925 475 979 504 que
991 467 1093 497 Christi
1106 473 1146 496 est
1154 468 1305 497 secundum
1315 467 1529 501 humanitatem,
1539 469 1618 496 Pater
1625 470 1723 504 putem

927 514 1077 542 secundum
1092 513 1275 542 divinitatem.

963 561 1052 588 Vsus.
1068 562 1095 586 7.
1115 571 1128 583 ι
1147 560 1262 595 Propter
1280 557 1354 594 quod
1382 558 1511 594 suscipite
1536 566 1583 585 vos
1608 557 1724 586 invicem

930 605 1013 640 106
1029 604 1099 633 sicut
1117 608 1146 632 et
1171 603 1296 632 Christus
1321 603 1439 639 suscepit
1461 611 1522 637 nos,
1546 603 1581 631 ad
1605 603 1723 640 gloriam

928 649 989 677 Dei.
1007 661 1017 674 ι
1031 649 1154 677 Priorem
1167 648 1390 677 adhortationem
1400 648 1506 684 repetit,
1523 651 1550 676 et
1563 648 1721 684 exemplum

927 694 1026 722 Christi
1040 694 1155 728 inducit,
1169 698 1199 722 ut
1212 693 1395 730 suscipiamus
1406 700 1456 721 nos
1473 697 1571 721 mutuo
1587 702 1593 720 :
1608 693 1634 721 id
1646 701 1723 721 nam-

927 747 979 774 que
986 739 1021 767 ad
1034 739 1150 775 gloriam
1165 739 1216 767 Dei
1227 738 1311 766 cedit.
1329 739 1429 767 Nostra
1439 738 1512 766 enim
1526 738 1591 766 unio
1604 738 1723 766 maxime

927 784 1062 820 gloriﬁcat
1085 785 1183 812 Deum.
1210 785 1241 811 In
1264 783 1317 812 hoc
1340 782 1414 811 enim
1435 787 1601 819 cognoscent
1628 790 1723 810 omnes

926 829 1000 865 quod
1012 833 1042 857 tu
1061 837 1106 857 me
1119 828 1227 862 misisti,
1252 828 1275 856 si
1303 828 1404 857 iuerint
1427 836 1513 856 unum
1525 833 1538 848 ι
1555 836 1561 855 :
1588 827 1722 864 quemad-

67 863 192 903 ίστειλας
201 863 214 905 ,V
228 863 273 899 ἐὰν
294 863 358 898 ὦσιν
374 869 401 898 εν
416 881 421 887 ·
435 869 526 908 ὥσπερ
547 869 576 898 τὸ
601 869 762 909 διεοχίσθαι,
787 871 871 909 βλασ-
889 877 912 908 Β
928 863 945 901 ri

947 873 1053 907 nodum,
1068 873 1089 902 si
1103 873 1284 902 dissensiones
1304 873 1438 907 oriantur,
1460 873 1489 900 in
1501 880 1583 901 causa
1597 863 1661 900 sunt
1675 880 1724 900 cur

67 917 218 954 φημκεῖσθαι
242 915 320 944 αὐτὸν
349 918 430 945 ποιεῖ.
475 914 651 954 Χριστιανοὺς
679 914 730 954 γὰρ
760 916 872 954 ὁρῶντες

67 959 94 987 οἱ
116 957 250 996 Ἕλληνες
271 959 522 996 διαστασιάζοντας,
546 961 593 995 τῆς
620 958 733 992 πίστεως
758 971 872 998 κατηγο-

70 1007 159 1044 ροῦσι.

114 1061 126 1074 ι
142 1048 223 1087 Λέγω
244 1048 272 1078 δὲ
295 1049 412 1088 Χριστὸν
440 1048 544 1084 Ἰησοῦν
566 1048 688 1078 διάκονον
715 1049 872 1088 γεγενῆσθαι

66 1095 218 1132 περιτομῆς
248 1094 314 1132 ὑπὲρ
339 1093 462 1130 ἀληθείας
485 1095 572 1129 Θεοῦ,
603 1094 639 1127 εἰς
667 1093 695 1122 τὸ
724 1093 871 1133 βεϐαιῶσαι

65 1138 117 1171 τὰς
143 1137 303 1176 ἐπαγγελίας
331 1139 382 1167 τῶν
397 1139 530 1178 πατέρων.
557 1150 572 1167 ι)
600 1139 654 1168 Τοῦ
679 1139 758 1167 αὐτοῦ
784 1150 870 1178 κεφα-

64 1182 148 1211 λαίου
161 1182 266 1222 ἔχεται,
285 1182 403 1219 δεικνὺς,
427 1182 467 1212 ὅτι
482 1184 532 1223 οὐχ
552 1185 638 1223 ἑαυτῷ
652 1182 746 1222 ἤρεσεν
771 1184 785 1212 δ
801 1185 867 1223 Χρι-

65 1226 152 1263 στὸς,
169 1226 226 1256 ἀλλ’
254 1226 320 1266 ὑπὲρ
345 1228 420 1265 ἡμῶν
445 1228 530 1257 πάντα
553 1227 728 1264 κατεδέξατο,
747 1227 792 1257 καὶ
811 1227 869 1257 πεί-

64 1273 122 1300 θων
146 1271 207 1304 τοὺς
230 1271 344 1305 Ξθνικοὺς
372 1271 410 1310 μὴ
433 1271 642 1311 χατεπαίρεσθαι
665 1273 717 1301 τῶν
745 1271 772 1306 ἕξ
797 1271 867 1302 Ἰου-

64 1315 154 1345 δαίων
173 1316 386 1347 πιστευσάντων.
411 1318 448 1347 Οἱ
468 1317 516 1355 μὲν
538 1317 590 1357 γὰρ
613 1317 736 1347 Ἰουδαῖοι
760 1316 804 1346 διὰ
819 1316 867 1353 τὴν

63 1361 136 1400 πρὸς
157 1360 218 1394 τοὺς
233 1360 349 1401 πατέρας
373 1361 533 1401 ἐπαγγελίαν
555 1361 693 1396 ἐσώθησαν
710 1373 717 1379 ·
733 1362 756 1390 οἱ
783 1360 810 1390 δὲ
832 1363 862 1391 ἐ-

63 1405 156 1434 θνικοὶ
166 1405 232 1445 ἐλέῳ
249 1405 321 1446 μόνῳ
336 1405 382 1435 καὶ
397 1406 594 1446 φιλανθρωπία.
618 1405 657 1436 ⁸0
672 1406 698 1436 δὲ
713 1405 800 1445 λέγει,
815 1417 867 1435 τοι-

63 1449 144 1479 οῦτόν
171 1450 242 1479 ἐστιν
256 1461 262 1468 ·
286 1449 452 1489 Ἐπαγγελία
475 1446 508 1486 ἦν
524 1451 589 1490 πρὸς
603 1450 646 1480 τὸν
668 1449 807 1490 Ἀϐραὰμ,
823 1450 867 1480 ἵνα

925 918 949 946 ei
964 918 1153 946 maledicatur.
1178 919 1247 946 Nam
1267 918 1356 947 Graeci
1378 917 1625 946 snimadvertentes
1640 917 1723 945 Chri-

925 963 1030 991 stianos
1039 963 1111 991 inter
1122 971 1151 991 se
1166 963 1320 998 dissentire,
1335 962 1419 991 ﬁdem
1440 966 1578 990 accusant.

961 1054 1049 1082 Vns.
1066 1056 1094 1081 8.
1122 1053 1218 1081 «Dico
1242 1056 1335 1081 autem
1355 1052 1494 1081 Christum
1519 1053 1616 1080 Jesum
1637 1051 1722 1080 mini-

923 1103 1011 1126 strum
1031 1098 1115 1126 fuisse
1138 1097 1355 1126 circumcisionis
1381 1101 1493 1134 propter
1508 1097 1647 1125 veritatem
1664 1097 1721 1129 Dei,

924 1143 958 1171 ad
977 1142 1180 1171 conﬁrmandae
1190 1142 1384 1178 promissiones
1399 1146 1517 1178 patrum.
1533 1152 1547 1168 ι)
1567 1141 1660 1170 Eidem
1675 1149 1721 1169 ca-

923 1187 971 1224 piti
986 1187 1119 1221 adhaeret,
1134 1191 1357 1216 commonstrans
1371 1186 1446 1222 quod
1473 1187 1599 1215 Christus
1616 1186 1720 1222 sibiipsi

922 1240 978 1260 non
1006 1232 1146 1268 placuerit,
1171 1236 1302 1260 caeterum
1326 1232 1418 1260 omnia
1446 1232 1532 1260 nostri
1565 1239 1646 1260 causa
1679 1239 1721 1259 as-

922 1277 1070 1313 sumpserit
1085 1286 1091 1305 :
1119 1282 1147 1305 et
1162 1276 1330 1313 persuadens
1352 1277 1488 1313 gentibus,
1504 1285 1538 1304 ne
1560 1276 1721 1304 attollantur

922 1321 1069 1350 adversum
1095 1330 1143 1350 eos
1171 1322 1217 1359 qui
1237 1330 1270 1350 ex
1293 1322 1397 1351 Judaeis
1421 1321 1604 1350 crediderunt.
1628 1321 1719 1349 Judaei

921 1367 995 1395 enim
1010 1367 1046 1395 ob
1070 1367 1281 1403 promissionem
1301 1367 1423 1403 patribus
1441 1366 1544 1395 factam
1567 1365 1632 1394 salvi
1654 1365 1718 1394 facti

921 1416 986 1440 sunt
1009 1422 1015 1439 :
1044 1416 1140 1449 gentes
1164 1415 1258 1440 autem
1285 1412 1342 1440 sola
1373 1411 1569 1445 misericordia,
1596 1410 1719 1447 adeoque

921 1457 1074 1486 clementia.
1088 1457 1168 1492 Quod
1183 1465 1247 1485 vero
1257 1457 1305 1493 ait,
1319 1461 1361 1486 est
1376 1457 1534 1493 huiusmodi
1547 1467 1553 1484 Ζ
1568 1456 1719 1484 Promissio

64 1493 100 1522 τὸ
115 1494 223 1534 σπέρμα
239 1495 318 1523 αὐτοῦ
340 1494 528 1535 κληρονομήσῃ
546 1495 583 1528 εἷς
605 1495 648 1525 τὸν
663 1495 763 1534 κόσμον
777 1507 785 1514 ο
808 1495 867 1524 ἀλλ’
883 1495 907 1527 C
921 1509 945 1530 ει

947 1505 979 1529 ἰιι
997 1501 1031 1530 ad
1054 1502 1252 1535 Abrahamum,
1268 1501 1342 1538 quod
1355 1509 1450 1530 semen
1469 1501 1527 1538 ejus
1538 1500 1674 1529 mundum
1689 1500 1718 1528 in

63 1538 188 1578 ἐγένοντο
210 1539 345 1573 κολάσεως
360 1541 499 1569 ὑπεύθυνοι
513 1539 610 1574 πάντες
631 1541 655 1569 οἱ
679 1540 704 1574 ἐξ
729 1540 865 1580 Ἀϐραὰμ,

65 1583 116 1612 ἅτε
130 1583 339 1623 παραϐαίνοντες
361 1583 406 1614 τὸν
430 1585 526 1623 νόμον,
542 1585 588 1614 καὶ
609 1585 652 1615 διὰ
668 1587 744 1615 τοῦτο
764 1585 866 1619 ἀνάξιοι

62 1631 116 1664 τῆς
132 1629 306 1668 ἐπαγγελίας.
329 1624 430 1659 Ἦλθεν
454 1626 499 1659 οὖν
525 1632 539 1660 ὁ
558 1630 686 1670 Χριστὸς,
709 1630 755 1660 καὶ
778 1630 865 1666 ἐπλή-

63 1684 138 1713 ρωσε
149 1673 194 1702 τὸν
207 1673 302 1712 νόμον,
320 1674 353 1703 τά
369 1685 396 1703 τε
417 1674 487 1704 ἄλλα
510 1674 737 1714 καταδεξάμενος,
753 1674 798 1704 καὶ
817 1674 864 1710 τὴν

61 1717 225 1757 περιτομήν.
248 1718 398 1758 ηληρώσας
414 1714 459 1748 οὖν
475 1718 519 1748 τὸν
541 1720 640 1758 νόμον,
663 1720 708 1749 καὶ
729 1731 862 1760 περιτμη-

61 1763 137 1799 θεὶς,
151 1763 197 1792 καὶ
213 1762 320 1804 σπέρμα
334 1763 457 1803 Ἀϐραὰμ
477 1763 616 1803 γενόμενος
626 1787 635 1801 ,
656 1764 734 1794 ῐλυσε
749 1764 797 1800 τὴν
816 1769 864 1796 τοῦ

61 1808 140 1838 Θεοῦ
164 1806 260 1848 ὀργὴν,
284 1808 330 1837 καὶ
355 1808 481 1844 ἐποίησεν
503 1812 575 1848 ἡμᾶς
595 1809 758 1844 ἐπιτηδείους
783 1811 819 1843 εἷς
834 1811 864 1841 τὸ

61 1852 192 1887 δέξασθαι
213 1852 261 1887 τὰς
275 1853 446 1892 ἐπαγγελίας.
474 1854 524 1884 Διὰ
548 1858 625 1884 τοῦτο
652 1850 697 1884 οὖν
725 1855 864 1890 ἀνεδέξατο

59 1896 115 1932 τὴν
139 1897 301 1937 περιτομὴν,
330 1899 373 1926 ἵνα
389 1898 495 1934 ἀληθεῖς
520 1898 620 1937 ποιήσῃ
644 1899 693 1932 τὰς
723 1901 769 1928 τοῦ
793 1900 863 1930 θεοῦ

60 1941 242 1981 ἐπαγγελίας,
256 1944 308 1982 οὐχ
321 1941 365 1972 ἵνα
381 1943 468 1984 στήσῃ
483 1943 528 1973 τὸν
548 1944 640 1983 νόμον.
664 1943 700 1974 Τί
719 1943 805 1973 τοίνυν
815 1968 823 1981 ,
841 1940 864 1974 ὦ

60 1987 73 2026 [
127 1985 156 2028 ὁ]
169 1986 322 2021 Ἰουδαΐζων
331 2010 340 2024 ,
352 1987 429 2028 ἐξέχῃ
444 1991 490 2018 τοῦ
502 1987 600 2027 νόμου,
614 1989 649 2018 δι’
663 1988 691 2019 δν
705 1988 864 2024 ἐκινδύνευες

58 2031 118 2060 τῶν
136 2032 299 2070 ἐπαγγελιῶν
312 2031 337 2051 ⁵⁷
353 2033 490 2071 ἐκπεσεῖν;

108 2131 124 2150 σ
139 2120 182 2152 Τὰ
197 2120 225 2150 δὲ
238 2120 298 2158 ἔθνη
318 2121 385 2162 ὖπὶρ
400 2121 486 2156 ἐλέους
507 2121 615 2156 δοξάσαι
636 2123 680 2152 τὸν
696 2123 775 2154 Θεόν.
793 2136 807 2153 ι
825 2127 862 2157 Οἱ

918 1546 1108 1575 hereditatem
1118 1551 1191 1575 esset
1199 1551 1376 1583 accepturum
1388 1556 1394 1574 :
1406 1546 1480 1582 atqui
1491 1553 1588 1574 omnes
1598 1544 1718 1573 Abrahae

919 1591 1020 1627 posteri
1036 1591 1148 1619 obnoxii
1171 1590 1236 1620 facti
1262 1595 1327 1620 sunt
1350 1599 1439 1628 pinnat
1454 1595 1481 1619 et
1504 1591 1602 1626 culpae,
1621 1594 1653 1618 ut
1667 1590 1716 1626 qui

917 1637 972 1664 sint
996 1636 1144 1673 trangressi
1167 1637 1267 1673 legem,
1298 1644 1330 1665 ac
1355 1640 1498 1672 propterea
1523 1635 1628 1672 indigni
1653 1635 1717 1663 facti

917 1681 1113 1717 promissione.
1126 1681 1209 1710 Venit
1228 1681 1319 1717 itaque
1336 1681 1472 1714 Christus.
1488 1685 1516 1709 et
1530 1679 1653 1716 implevit
1676 1680 1714 1707 Ie-

917 1733 990 1762 gem,
1014 1733 1077 1754 cum
1096 1726 1160 1760 alia,
1189 1730 1246 1754 tum
1278 1726 1518 1754 circumeisionem
1552 1725 1714 1760 suscipiens.

917 1771 1020 1806 Legem
1035 1771 1116 1806 igitur
1131 1770 1214 1798 simul
1233 1779 1264 1798 ac
1280 1771 1430 1806 implesset,
1447 1774 1573 1806 essetque
1595 1769 1714 1797 circum-

917 1815 1002 1849 cisus,
1021 1820 1049 1843 et
1065 1823 1161 1843 semen
1176 1814 1326 1843 Abrahami
1341 1814 1439 1848 factus,
1463 1815 1514 1842 Dei
1530 1815 1599 1842 iram
1621 1814 1717 1842 dissol-

916 1859 966 1892 vit,
980 1867 1084 1895 nosque
1105 1859 1218 1887 idoneos
1232 1859 1349 1887 reddidit
1371 1859 1406 1887 ad
1427 1858 1626 1894 promissiones
1645 1858 1713 1886 reci-

917 1904 1042 1941 piendas.
1059 1905 1127 1932 Eam
1141 1904 1217 1931 enim
1226 1903 1262 1932 ob
1273 1911 1331 1932 rem
1344 1904 1449 1939 accepit
1462 1902 1716 1935 circumcisionem,

916 1953 949 1978 ut
971 1949 1169 1986 promissiones
1192 1949 1243 1977 Dei
1258 1956 1334 1976 veras
1349 1947 1479 1981 efﬁceret,
1494 1955 1550 1975 non
1572 1952 1604 1975 ut
1626 1947 1713 1983 legem

916 1998 1056 2022 statueret.
1072 1993 1147 2030 Quid
1168 1994 1260 2030 igitur,
1285 2001 1302 2022 ο
1323 1993 1430 2027 Iudaee,
1448 1992 1499 2029 legi
1523 1992 1657 2026 adhaeres,
1679 1991 1714 2020 ab

915 2047 1003 2076 eaque
1023 2039 1135 2076 pendes,
1150 2046 1203 2075 qua
1217 2047 1250 2067 eo
1273 2038 1384 2075 periculi
1401 2037 1535 2066 adductus
1549 2045 1590 2072 es,
1609 2041 1640 2065 ut
1651 2045 1714 2073 pro-

915 2084 1093 2112 missionibus
1107 2084 1264 2112 excideres?

952 2131 1042 2158 Vens.
1063 2133 1090 2158 9.
1110 2129 1213 2158 Gentes
1229 2133 1323 2157 autem
1339 2136 1422 2165 super
1432 2126 1619 2156 misericordia
1631 2127 1712 2163 glori-

60 2165 112 2205 μὲν
138 2165 165 2209 ξ
181 2165 316 2196 Ἰουδαίων
339 2166 389 2196 κᾶν
413 2166 573 2206 ἐπαγγελίας
588 2162 659 2207 εἶχον
670 2192 677 2205 ,
702 2169 725 2197 εἷ
747 2169 793 2198 καὶ
811 2171 860 2199 ἆν-
877 2165 904 2196 Ῑ)
917 2173 945 2203 ἢ(

947 2179 1032 2203 :arent
1051 2176 1150 2202 Deum.
1182 2186 1194 2199 ι
1215 2173 1305 2202 Judaei
1324 2162 1391 2202 sane
1405 2173 1604 2209 promissiones
1628 2162 1711 2200 habe-

59 2209 131 2242 άξιοι
143 2205 212 2247 ἦσαν
226 2222 233 2230 ν
249 2211 282 2240 σὺ
299 2211 342 2248 δὲ,
355 2213 369 2241 ὁ
383 2212 495 2248 ἐθνικὸς,
511 2212 564 2241 ἀπὸ
583 2205 782 2252 φιλανθρωπίας
795 2215 860 2244 ἐσώ-

59 2258 109 2290 θης
132 2255 225 2292 μόνης.
249 2256 297 2286 Διὸ
313 2256 360 2285 καὶ
384 2255 455 2290 ἄξιος
471 2256 502 2285 ἂν
526 2256 582 2293 εἴης
604 2257 722 2295 μάλιστα
743 2258 859 2294 δοξάζειν

59 2300 104 2329 τὸν
128 2299 208 2330 Θεόν.
225 2300 295 2334 Δόξα
310 2300 338 2331 δὲ
350 2301 438 2337 Θεοῦ,
456 2300 486 2330 τὸ
497 2303 615 2337 ἡνῶσθαι
631 2303 701 2340 ὕμᾶς
716 2303 856 2341 ἀλλήλοις,

59 2345 89 2374 τὸ
109 2345 252 2385 βαστάζειν
268 2357 298 2375 σε
312 2346 372 2380 τοὺς
388 2347 515 2380 ἀσθενεῖς.

106 2447 121 2464 ιι
147 2434 242 2469 Καθὼς
259 2434 409 2475 γέγραπται
434 2447 441 2454 ·
461 2436 512 2466 Διὰ
528 2438 605 2466 τοῦτο
626 2436 858 2477 ἐξομολογησομαί

60 2491 102 2510 σοι
116 2480 145 2509 ἐν
164 2479 251 2510 ἔθνεσι
262 2504 270 2518 ,
286 2480 332 2510 καὶ
348 2482 386 2520 τῷ
400 2480 511 2519 ὀνόματί
535 2493 582 2511 σου
597 2482 685 2522 ψαλῶ.
706 2483 758 2512 Καὶ
777 2482 856 2512 πάλιν

60 2524 142 2564 λέγει·
157 2525 331 2565 Εὐφράνθητε
341 2547 349 2563 ,
362 2524 437 2562 ἔθνη,
450 2526 519 2563 μετὰ
533 2529 579 2556 τοῦ
590 2528 656 2556 λαοῦ
670 2527 761 2558 αὐτοῦ.
777 2541 790 2554 ι
803 2528 857 2558 Καὶ

61 2569 142 2598 πάλιν
159 2578 168 2587 ⁸
193 2571 298 2600 Αἰνεῖτε
323 2569 368 2599 τὸν
391 2570 509 2611 Κύριον,
533 2572 620 2601 πάντα
646 2569 680 2600 τὰ
700 2572 762 2609 ἔθνη
779 2581 786 2589 ·
811 2573 856 2603 καὶ

62 2613 220 2644 ἐπαινίσατε
247 2614 346 2654 αὐτὸν,
375 2614 470 2649 πάντες
499 2616 523 2645 οἱ
551 2615 612 2645 λαοί
642 2629 653 2642 υ
693 2617 747 2647 Καὶ
776 2619 856 2649 πάλιν

62 2657 174 2692 Ἠσαίας
202 2658 272 2698 λέγει
289 2671 295 2678 -
318 2659 417 2690 Ἔσται
440 2663 458 2697 ἡ
473 2660 532 2701 ῥίζα
558 2663 604 2691 τοῦ
629 2661 748 2698 Ἰεσσαὶ,
774 2664 820 2693 χαὶ
843 2666 857 2693 ὁ

917 2219 996 2254 bant,
1022 2219 1130 2247 etiamsi
1156 2218 1259 2255 indigni
1283 2222 1374 2246 essent
1390 2227 1397 2246 :
1418 2222 1448 2245 tu
1463 2225 1528 2246 vero
1543 2217 1590 2253 qui
1604 2225 1637 2245 ex
1650 2224 1715 2253 gen-

915 2264 988 2292 tibus
1000 2271 1041 2298 es,
1062 2271 1095 2291 ex
1110 2263 1166 2291 sola
1190 2263 1335 2292 clementia
1357 2266 1481 2291 servatus
1503 2270 1541 2290 es.
1558 2263 1649 2297 Quare
1663 2269 1713 2297 par

914 2313 957 2337 est
971 2312 1002 2337 ut
1012 2312 1043 2336 tu
1054 2307 1180 2336 maxime
1189 2307 1324 2344 gloriﬁces
1336 2309 1436 2335 Deum.
1453 2306 1503 2334 Dei
1519 2310 1613 2334 autem
1627 2305 1712 2341 gloria

913 2357 967 2387 est,
981 2352 1054 2389 quod
1073 2361 1123 2381 vos
1136 2352 1204 2381 uniti
1218 2352 1282 2381 estis
1302 2356 1411 2384 mutuo,
1425 2351 1498 2388 quod
1521 2355 1553 2379 tu
1575 2351 1712 2380 sustineas

915 2398 1051 2427 inﬁrmos.

948 2445 1037 2472 Vsns.
1063 2445 1141 2471 9-12.
1159 2443 1237 2470 Sicut
1245 2442 1380 2478 scriptum
1391 2445 1433 2470 est
1442 2451 1456 2472 ιν
1468 2450 1475 2469 :
1487 2442 1634 2478 Propterea
1644 2449 1711 2469 con—

912 2489 1011 2517 lltebor
1024 2487 1074 2516 tibi
1089 2488 1116 2516 in
1141 2487 1269 2524 gentibus
1282 2491 1311 2515 et
1332 2486 1439 2515 nomini
1460 2490 1509 2515 tuo
1523 2486 1650 2514 cantabo.
1676 2487 1712 2513 Et

913 2534 1015 2562 iterum
1029 2532 1096 2562 dicit
1108 2549 1121 2565 ο
1136 2542 1143 2561 :
1159 2532 1320 2567 Isetamini,
1335 2536 1440 2568 gentes,
1457 2539 1521 2560 cum
1542 2531 1619 2568 plebe
1635 2530 1701 2567 ejus.

909 2582 939 2607 et
956 2586 1051 2607 rursus
1067 2583 1081 2605 ε
1106 2589 1112 2606 ;
1128 2577 1252 2606 Laudate
1266 2577 1429 2610 Dominum.
1452 2584 1549 2604 omnes
1572 2579 1669 2612 gentes
1683 2577 1709 2601 et

910 2623 1085 2660 magniﬁcam
1099 2630 1175 2657 eum,
1203 2630 1300 2651 omnes
1324 2622 1423 2658 populi.
1445 2623 1481 2650 Et
1503 2628 1599 2649 rursus
1624 2617 1708 2647 Isaias

910 2669 997 2697 dicit'
1020 2668 1104 2697 :Erit
1128 2667 1204 2696 radix
1229 2668 1315 2701 Iesse,
1342 2671 1371 2695 et
1391 2666 1437 2702 qui
1464 2668 1589 2701 exsurget
1613 2669 1708 2698 regere

93 2726 184 2754 'Joan
209 2733 289 2761 xui;
305 2729 347 2755 28.
383 2728 397 2745 ἱ
411 2727 483 2756 Psal.
499 2735 576 2760 xvn,
592 2732 636 2758 49.
675 2731 687 2746 °
702 2731 782 2758 Deut.
799 2738 903 2765 χχχιι.
918 2734 945 2759 ιε

947 2735 964 2760 ι.
1001 2725 1015 2748 ⁶¹
1035 2731 1106 2760 Psal.
1123 2738 1205 2764 cur,
1223 2733 1249 2758 ι.
1288 2735 1299 2748 ⁶
1313 2731 1366 2758 lsa.
1381 2736 1426 2764 xx,
1441 2730 1484 2756 lo.

753 2784 843 2814 Varia
865 2785 1012 2815 lectiones.

96 2838 117 2856 ⁵⁵
131 2838 174 2866 τὸν
187 2838 262 2865 αὐτὸν
276 2839 380 2874 Χριστὸν
395 2848 422 2868 ο.
460 2840 483 2857 ⁸⁸
497 2841 536 2867 611
549 2840 582 2872 εἷς
595 2841 646 2872 δὸξ.
661 2841 726 2869 Θεοῦ
739 2850 766 2871 0.
806 2842 828 2861 ⁵⁷
842 2842 984 2879 ἆγγελικιῖιν
1000 2852 1024 2871 ο.
