1901 3077
245 184 292 210 53f
755 178 1011 207 THEOPHYLACTI
1030 177 1207 205 BULGARIE
1225 176 1326 204 ARCHI
1331 176 1382 204 ΕΡ.
1841 179 1884 204 532

243 244 348 278 retulit,
369 252 404 271 ne
418 243 572 271 destruetre
598 242 729 276 fratrem,
751 242 897 270 offendens
924 241 1014 277 ipsum

1095 251 1182 279 τερον,
1196 241 1231 272 ὡς
1241 238 1272 268 ἂν
1284 238 1321 277 μὴ
1334 237 1476 278 καταϐάλῃ
1488 238 1512 257 ⁸⁷
1524 238 1568 267 τὸν
1577 238 1700 278 ἀδελφὸν,
1710 238 1882 274 σκανδαλίζων

244 290 301 317 imo
316 287 477 317 communia
489 287 548 316 haec
564 287 638 320 fecit,
651 287 718 316 dum
730 287 779 321 ait,
797 297 812 313 «
826 290 964 314 mutuam.
979 295 992 312 η
1010 286 1041 313 ln

243 335 295 362 hoc
309 337 402 361 autem
421 332 494 369 quod
516 333 639 368 primum
661 332 822 360 meminerit
842 331 926 368 pacis,
941 330 1041 359 deinde

243 377 444 411 aediﬁcationis,
458 377 586 410 ostendit,
600 377 676 413 quod
688 377 754 406 citra
769 384 863 413 pacem
882 384 939 404 non
953 376 989 403 sit
1002 375 1041 403 fa-

243 423 294 451 cile
320 422 466 450 aediﬁcare.

277 469 365 495 Vsus.
392 469 435 494 20.
454 476 467 492 «
482 467 544 494 Noli
567 471 680 502 propter
699 473 791 494 escam
810 465 951 494 destruere
971 472 1040 501 opus

241 513 453 548 Dei.»——«0pus
461 512 523 546 Dei,
532 523 544 536 ιι
552 511 762 540 fratrissalutem
768 511 902 539 nominat.
910 511 950 538 Ne
957 510 1040 547 igitur

242 565 305 586 eam
331 557 481 589 dissolvas,
506 564 590 593 quam
615 556 740 584 Christus
765 556 789 584 ei
814 556 937 592 peperit;
957 555 1039 591 idque

243 606 353 638 propter
381 602 485 635 cibum.
501 601 567 629 dum
582 609 638 629 non
652 601 692 629 vis
715 601 842 630 videlicet
864 600 1002 628 abstinere
1023 608 1038 627 a

243 647 364 683 porcina,
380 650 410 674 ut
422 646 538 674 lucreris
562 646 662 682 ipsum.

279 747 294 764 ιι
309 736 409 765 Omnia
427 737 540 773 quidem
552 736 666 770 munda,
683 735 732 764 sed
760 737 862 764 malum
877 740 918 763 est
932 735 1037 763 homini

241 782 288 818 qui
309 790 356 818 per
369 781 565 810 offendiculum
587 781 742 809 manducat.
756 792 768 806 ιι
790 781 845 809 Ubi
861 781 979 808 multum
994 780 1037 808 in-

240 827 391 862 crepuisset
401 825 601 862 perfectiorem,
620 825 702 861 ιοῆ,
719 825 819 853 metuit
841 832 875 853 ne
893 824 985 853 forsan
1007 825 1037 853 in

242 878 324 906 prava
338 879 385 899 sua
413 870 544 906 opinione
572 869 698 897 inﬁrmus
719 869 898 898 stabiliretur.
912 869 955 898 0b
977 877 1036 897 eam

1096 283 1173 314 αὐτόν
1190 295 1197 302 ·
1223 285 1322 322 μᾶλλον
1347 284 1375 313 δὲ
1399 282 1474 313 κοινὰ
1489 285 1573 312 ταῦτα
1599 282 1766 320 πεποίηκεν,
1791 283 1883 313 εἰπών·

1101 339 1116 358 (ι
1133 330 1189 364 Τῆς
1205 329 1241 362 εἷς
1258 328 1398 364 ἀλλήλους.
1411 339 1426 357 ι)
1449 328 1582 364 Μνησθεὶς
1598 328 1625 357 δὲ
1641 328 1776 368 προτέρας
1797 331 1842 364 τῆς
1855 330 1883 358 εἰ·

1096 373 1193 413 ρήνης,
1210 369 1267 402 εἶτα
1285 375 1332 409 τῆς
1355 374 1514 412 οἰκοδομῆς,
1538 372 1648 412 ἔδειξεν,
1663 372 1706 402 ὅτι
1720 373 1802 413 χωρὶς
1819 374 1882 414 εἰρή-

1095 430 1141 454 νης
1154 419 1203 447 οὐκ
1215 417 1321 448 εὔκολον
1337 418 1485 456 οἰκοδομεῖν
1496 417 1533 449 ⁴⁸.

1139 473 1154 492 (ι
1178 463 1224 499 Μὴ
1255 463 1342 493 ἕνεκεν
1374 462 1515 503 βρώματος
1543 463 1660 492 κατάλυε
1684 462 1718 492 τὸ
1746 462 1822 503 ἔργον
1846 467 1882 493 τῶ

1094 507 1175 538 Θεοῦ.
1187 519 1201 537 ι)
1209 522 1261 534 -ιι
1272 507 1372 547 Ἔργον
1387 510 1432 537 τοῦ
1443 509 1515 539 Θεοῦ
1528 521 1538 533 ι
1550 506 1597 543 τὴν
1611 507 1748 547 σωτηρίαν
1760 511 1806 538 τοῦ
1816 509 1881 537 ἀδελ-

1095 553 1144 592 φοῦ
1158 563 1233 592 φησι.
1252 552 1298 589 Μὴ
1322 547 1367 582 οὖν
1389 553 1488 589 ταύτην
1505 553 1622 582 κατάλυε
1632 575 1640 589 ,
1657 552 1691 588 ἣν
1707 555 1721 582 ὁ
1735 552 1804 586 Θεὸς
1820 555 1880 592 αὐτῷ

1094 597 1317 636 περιεποιήσατο,
1340 598 1387 627 καὶ
1409 600 1494 627 ταῦτα
1515 597 1602 626 ἕνεκεν
1620 596 1773 636 βρωμάτων
1792 598 1828 634 λ’,
1850 599 1879 636 μὴ

1094 641 1252 680 βουλόμενος
1277 642 1379 679 δηλαδὴ
1407 642 1554 682 ἀπέχεσθαι
1577 643 1622 671 τοῦ
1650 641 1768 682 χοιρείου
1793 642 1834 672 διὰ
1856 642 1880 672 τὸ

1094 686 1221 725 κερδῆσαι
1237 687 1326 717 αὐτόν.

1138 747 1149 758 ι
1166 731 1261 762 Πάντα
1276 731 1323 770 μὲν
1339 731 1453 771 καθαρὰ,
1467 730 1536 760 ἀλλὰ
1549 730 1632 760 κακὸν
1645 732 1686 771 τῷ
1702 730 1746 760 διὰ
1758 730 1879 769 προσκόμξ

1093 789 1175 817 ματος
1196 777 1340 807 ἐσθίοντα·
1367 776 1459 806 Πολλὰ
1481 775 1642 814 ἐπιτιμήσας
1664 777 1705 817 τῷ
1721 775 1877 816 τελειοτέρῳ,

1093 821 1210 863 ἐφοϐήθη
1233 821 1271 860 μή
1294 832 1350 854 πως
1372 822 1385 849 ὁ
1408 820 1517 856 ἀσθενὴς
1539 820 1675 861 βεϐαιωθῇ
1692 821 1719 851 ἐν
1789 825 1878 860 πονηρᾷ

1093 866 1233 906 ὑπολήψει.
1249 865 1300 897 Διὰ
1314 868 1393 896 τοῦτο
1407 869 1469 905 γοῦν
1486 866 1639 904 δογματίζει
1655 865 1738 895 πάλιν
1751 865 1796 894 καὶ
1808 866 1878 903 λέγει,

241 923 300 943 rem
313 923 408 943 rursus
420 914 552 950 dogmata
565 913 680 950 profert,
700 914 839 950 inquiens:
860 914 959 942 Omnia
972 914 1031 950 qui-

1094 911 1133 942 ιῖτι
1153 903 1241 941 πάντα
1263 910 1385 951 καθαρὰ,
1411 903 1481 940 me:
1501 903 1583 940 κακὸν
1600 911 1639 950 τῷ
1661 910 1732 948 μετᾶ
1748 909 1877 942 συνειδότος

240 959 304 987 dem
316 959 422 987 munda
433 963 513 993 sunt,
525 958 573 986 sed
584 959 691 987 malum
705 963 747 986 est
761 959 786 986 ei
807 959 854 994 qui
878 958 951 986 mala
966 966 1036 986 con-

240 1004 352 1032 scientia
373 1008 402 1031 et
416 1003 617 1032 scandalizatus
640 1003 798 1031 manducat.
821 1003 965 1039 Siquidem
988 1003 1038 1030 im-

241 1049 378 1084 perfectus
384 1048 561 1076 immundum
573 1052 704 1082 reputans
713 1048 823 1076 suillam
834 1055 956 1081 carnem,
967 1047 1034 1076 dum

242 1097 354 1121 coactus
377 1097 404 1121 et
424 1093 525 1120 invitus
547 1096 653 1129 gustat,
679 1093 769 1128 magis
792 1092 911 1120 laeditur.
944 1093 1035 1128 Quare

240 1141 348 1173 oportet
361 1145 424 1166 eum
436 1138 557 1174 primum
567 1137 616 1166 abs
626 1140 654 1165 te
668 1137 772 1166 discere
786 1137 860 1172 quod
872 1137 968 1165 omnia
980 1137 1035 1165 sint

240 1182 341 1210 munda
346 1203 353 1209 .

274 1228 364 1256 Vens.
378 1230 423 1255 2|.
440 1238 454 1251 ‹‹
468 1227 578 1255 Bonum
593 1230 636 1255 est
648 1234 704 1255 non
727 1226 892 1255 manducare
905 1234 1016 1254 carnem
1026 1247 1033 1260 ,

239 1276 267 1300 et
280 1280 334 1300 non
343 1272 438 1300 bibere
454 1271 557 1305 vinum,
568 1279 656 1308 neque
666 1271 694 1299 in
704 1279 759 1307 quo
773 1270 855 1299 frater
869 1274 933 1299 tuus
944 1270 1032 1299 offen-

238 1316 322 1350 ditur,
347 1320 396 1344 aut
416 1316 559 1352 impingit,
573 1320 621 1344 aut
639 1316 804 1344 infirmatur.
821 1328 833 1340 -
854 1317 908 1349 Tu,
932 1316 1032 1352 inquit,

237 1361 323 1398 adigis
335 1361 446 1389 fratrem
460 1361 540 1389 edere
551 1368 613 1397 quae
626 1369 685 1389 non
697 1361 788 1389 audet.
803 1362 860 1396 Ego
870 1365 963 1388 autem
970 1360 1032 1388 dico

238 1410 265 1434 te
275 1406 411 1434 abstinere
420 1410 546 1441 oportere
557 1405 592 1433 ab
602 1406 676 1433 omni
684 1404 759 1441 quod
773 1404 889 1433 offendit
896 1404 1011 1433 fratrem
1024 1414 1029 1432 :

238 1458 293 1478 non
307 1451 369 1486 quia
382 1451 488 1478 malum
504 1450 539 1477 sit
552 1450 656 1482 (omnia
672 1450 745 1478 enim
760 1449 883 1485 munda),
902 1449 949 1477 sed
967 1449 1031 1485 quia

238 1494 362 1523 offendit.
379 1495 449 1529 Quia
461 1502 525 1522 vero
538 1494 606 1522 dixit
619 1502 683 1522 eum
698 1503 712 1520 ι(
727 1494 892 1530 impingere,
907 1503 920 1520 ι)
937 1497 1031 1522 osten—

237 1539 279 1567 dit
293 1547 358 1567 eum
376 1539 583 1567 ementientem:
599 1538 758 1574 hujusmodi
773 1539 847 1566 enim
861 1538 1029 1575 impingunt.

237 1583 397 1612 Offenditur
419 1587 523 1617 autem,
538 1587 570 1611 ut
584 1583 660 1611 levis.
675 1583 806 1611 Inﬁrmus
823 1586 865 1611 est
875 1587 983 1617 autem,
1001 1589 1033 1612 ut

236 1628 281 1664 qui
296 1627 405 1656 modica
418 1628 454 1655 sit
467 1627 520 1655 fide
542 1628 674 1656 imbutus.
685 1629 736 1655 Per
753 1627 811 1656 hac
833 1632 924 1657 autem
939 1629 1031 1656 omnia

234 1672 421 1708 potentiorem
448 1672 565 1701 attrahit
591 1672 627 1700 ad
648 1672 784 1701 auxilium
805 1672 906 1707 fratris,
928 1677 960 1702 ut
985 1674 1031 1710 qui

236 1716 350 1744 omnino
363 1717 399 1744 sit
415 1716 566 1745 imbecillis.
855 1731 858 1734 λ

269 1763 354 1789 Vsas.
369 1764 413 1789 22.
431 1771 445 1788 ιι
456 1763 498 1790 Tn
511 1761 594 1790 ﬁdem
606 1761 690 1790 habes
702 1762 716 1789 Τ
730 1763 818 1791 Penes
831 1762 949 1798 teipsum
963 1762 1032 1791 habe

234 1813 329 1834 coram
345 1807 413 1834 Deo.
435 1815 449 1832 »
464 1806 516 1833 Hic
526 1806 678 1834 subindicat
689 1806 764 1842 quod
774 1807 859 1835 veluti
870 1807 1031 1835 ambitiosus

234 1850 379 1886 perfectior
391 1850 586 1886 perfectionem
596 1859 678 1880 suam
688 1852 853 1880 ostentabat.
865 1852 913 1880 Ait
919 1852 1011 1888 itaque
1022 1861 1028 1880 :

236 1895 281 1924 Vis
296 1895 362 1923 mihi
377 1895 522 1924 ostendere
537 1896 613 1932 quod
628 1896 657 1924 in
671 1896 726 1925 ﬁde
750 1897 822 1925 circa
845 1897 922 1925 cibos
940 1897 1028 1933 perfe-

233 1945 293 1968 ctus
315 1948 355 1975 es,
376 1940 491 1968 credens
513 1941 605 1968 omnia
628 1948 688 1969 esse
705 1946 733 1969 et
747 1941 820 1970 bona
835 1945 863 1970 et
878 1949 944 1977 pura
955 1944 969 1970 7
989 1944 1030 1970 Ne

232 1985 301 2012 mihi
329 1985 500 2019 demonstra,
524 1985 573 2014 sed
592 1985 695 2014 sufficit
707 1986 887 2020 conscientia,
904 1986 1029 2022 adeoque

232 2031 307 2057 Deus
321 2029 365 2057 cui
383 2029 442 2057 haec
454 2029 636 2058 demonstras.

271 2084 284 2098 ιι
304 2075 406 2102 Beatus
423 2074 468 2110 qui
489 2082 546 2102 non
562 2074 668 2110 judicat
691 2074 814 2111 seipsum
833 2075 861 2103 in
878 2074 931 2103 hoc
954 2076 1028 2112 quod

233 2118 341 2154 probat.
359 2129 371 2142 ιι
384 2118 501 2147 Etiamsi
512 2119 597 2148 homo
606 2127 662 2148 non
673 2119 772 2154 videat,
785 2124 844 2148 tute
858 2119 960 2156 tibiipsi
971 2120 1028 2149 suf-

230 2162 289 2190 ﬁcis
305 2167 336 2190 ut
356 2163 392 2191 sis
408 2163 517 2197 beatus,
530 2164 553 2192 si
573 2171 632 2192 non
646 2163 814 2192 condemnes
832 2164 965 2200 teipsum,
976 2173 1027 2193 ne-

229 2215 284 2243 que
297 2208 461 2236 conscientia
478 2212 526 2236 tua
538 2212 567 2237 te
586 2208 752 2237 condemnet
768 2209 799 2237 in
814 2217 843 2237 re
856 2217 942 2245 quam
962 2217 1028 2246 pro-
1042 2222 1067 2253 Ι)

229 2251 311 2286 basti,
340 2260 389 2280 seu
413 2253 528 2289 elegisti.
552 2254 619 2281 Haec
639 2258 733 2282 autem
761 2253 796 2281 de
815 2254 874 2282 solo
899 2255 1027 2291 presenti

230 2296 365 2333 subjecto,
382 2297 449 2325 cibis
468 2297 583 2332 scilicet,
600 2297 743 2334 intelligas.

265 2342 356 2370 Vsus.
373 2344 419 2370 23.
435 2350 450 2368 α
465 2342 520 2378 Qui
539 2345 632 2370 autem
646 2341 786 2376 discernit,
801 2343 824 2371 si
840 2343 1027 2373 manducare-

229 2386 276 2419 rit,
292 2386 439 2414 damnatus
453 2391 506 2421 est,
519 2387 582 2422 quia
604 2395 662 2415 non
681 2395 715 2415 ex
728 2387 791 2416 ﬁde.
807 2397 821 2414 )›
837 2389 890 2425 Qui
901 2389 1026 2426 ambigit,

229 2430 329 2466 inquit,
347 2438 397 2459 nec
414 2431 654 2466 confidenteredit,
661 2432 1028 2470 condemnatusest.Quam-

228 2475 323 2503 obrem
336 2478 348 2502 Ρ
364 2477 426 2504 Non
440 2475 502 2510 quia
525 2475 686 2504 immundus
707 2481 765 2505 erat
786 2477 875 2511 cibus,
897 2478 945 2506 sed
962 2479 1024 2514 quia

227 2527 284 2547 non
298 2519 416 2548 credidit
427 2519 563 2548 mundum
575 2528 643 2553 esse,
658 2525 743 2558 atque
754 2522 846 2558 attigit
867 2530 960 2552 escam
972 2531 1023 2552 ceu

226 2563 409 2592 immundam.

264 2618 279 2635 α
294 2609 381 2638 Omna
395 2612 488 2637 autem
504 2609 579 2645 quod
602 2618 658 2638 non
676 2615 718 2639 est
736 2619 769 2639 ex
796 2611 864 2646 ﬁde,
879 2617 1023 2648 peccatum

224 2656 302 2681 est.»
316 2654 388 2681 Cum
401 2653 474 2681 enim
494 2661 549 2682 non
567 2654 651 2683 fuerit
668 2655 801 2690 conﬁsus,
825 2665 915 2693 neque
932 2658 1020 2686 credi-

223 2697 294 2725 derit
317 2704 417 2732 purum
439 2705 498 2726 esse
512 2698 617 2733 cibum,
645 2700 693 2728 sed
711 2701 828 2736 gustarit
849 2702 940 2738 ipsum
955 2710 1020 2731 cum

223 2749 305 2777 prava
328 2742 502 2777 conscientia,
526 2745 640 2773 omnino
655 2746 785 2781 peccavit.

1090 959 1204 996 πονηροῦ
1222 955 1334 985 ἐσθίοντι
1359 955 1404 984 καὶ
1429 955 1673 995 σκανδαλιζομένῳ.
1694 954 1732 996 ῘΟ
1754 954 1804 995 γὰρ
1825 955 1876 984 ἄτε-

1089 994 1319 1040 λὴς,’ἆκάθαρτον
1335 1001 1448 1038 νομίζων
1472 1000 1501 1029 τὸ
1523 994 1657 1040 χοίρειον,
1683 994 1743 1029 εἶτα
1759 994 1874 1039 ἀπογεύε-

1090 1048 1151 1075 σθαι
1188 1045 1280 1076 τούτου
1315 1045 1544 1084 ἀναγκαζόμενος,
1584 1044 1737 1084 βλάπτεται
1774 1046 1873 1084 μᾶλλον.

1088 1089 1172 1120 εὨστε
1194 1091 1233 1120 δεῖ
1248 1089 1327 1120 αὐτὸν
1351 1089 1478 1130 πρότερον
1494 1092 1588 1128 μαθεῖν
1605 1089 1682 1129 παρὰ
1703 1091 1768 1126 σοῦ,
1786 1089 1823 1119 ὅτι
1836 1099 1875 1118 κα-

1089 1135 1156 1176 θαρά
1171 1136 1224 1165 εἰσι
1239 1135 1337 1164 πάντα,

1138 1239 1150 1252 α
1169 1224 1258 1254 Καλὸν
1284 1224 1314 1254 τὸ
1339 1223 1376 1263 μὴ
1392 1228 1484 1264 φαγεῖν
1509 1224 1591 1264 κρέα,
1616 1223 1686 1262 μηδὲ
1712 1225 1782 1253 πιεῖν
1803 1218 1871 1259 οἶνον,

1088 1270 1156 1311 μηδὲ
1169 1271 1194 1300 ἐν
1209 1265 1231 1310 ᾧ
1248 1269 1357 1309 ἀδελφός
1372 1280 1419 1299 σου
1434 1269 1653 1305 σκανδαλίζεται,
1667 1268 1686 1304 ἣ
1703 1268 1871 1308 προσκόπτει,

1086 1316 1104 1352 ἢ
1119 1318 1232 1345 ἀσθενεῖ.
1259 1325 1274 1342 n
1285 1314 1323 1344 Σὺ
1339 1313 1387 1352 μὲν
1397 1336 1405 1350 ,
1421 1313 1517 1354 φησὶν,
1533 1313 1694 1352 ἀναγκάζεις
1710 1315 1753 1342 τὸν
1772 1313 1871 1351 ἀδελφὸν

1087 1361 1180 1390 ἐσθίειν
1195 1359 1212 1388 ἃ
1235 1360 1264 1388 οὐ
1279 1359 1370 1399 θαῤῥεῖ
1389 1370 1396 1377 ·
1419 1358 1471 1398 ἐγὼ
1490 1359 1517 1387 δὲ
1539 1358 1584 1388 καὶ
1609 1357 1638 1387 σὲ
1666 1358 1722 1388 δεῖν
1747 1369 1815 1398 φημι
1829 1357 1869 1385 ἀπ-

1085 1404 1192 1444 έχεσθαι
1206 1404 1302 1437 παντὸς
1317 1406 1362 1433 τοῦ
1380 1403 1597 1438 σκανδαλίζοντος
1616 1402 1661 1432 τὸν
1682 1402 1793 1442 ἀδελφόν
1810 1414 1816 1420 ·
1830 1403 1870 1438 οὐχ

1086 1449 1126 1479 ὅτι
1144 1449 1226 1478 κακόν
1245 1449 1302 1477 ἐστι
1326 1447 1434 1488 (πάντα
1447 1448 1498 1488 γὰρ
1513 1447 1648 1487 καθαρὰ),
1665 1448 1728 1476 ἀλλ’
1744 1447 1784 1476 ὅτι
1798 1458 1870 1477 σκαν-
1899 1451 1900 1487 l

1086 1494 1195 1529 δαλίζει.
1214 1493 1306 1523 Εἰπὼν
1321 1492 1365 1531 δὲ,
1377 1492 1418 1522 ὅτι
1432 1506 1444 1518 κ
1464 1492 1649 1532 Προσκόπτει,
1666 1505 1678 1518 ιι
1695 1491 1788 1526 ἔδειξεν
1803 1490 1868 1520 αὐτὸν
1899 1525 1900 1531 γ

1086 1539 1270 1580 τυφλώττοντα
1284 1548 1289 1553 ”
1309 1538 1332 1567 οἳ
1344 1537 1396 1577 γὰρ
1410 1539 1525 1567 τοιοῦτοι
1540 1537 1766 1578 προσκόπτουσιν.
1789 1537 1866 1566 Σκαν-

1087 1583 1222 1618 δαλίζεται
1236 1582 1264 1612 δὶ
1286 1584 1321 1616 ὡς
1342 1584 1438 1623 κοῦφος
1453 1594 1459 1600 ·
1484 1582 1589 1611 ἀσθενεῖ
1604 1582 1631 1611 δὲ
1646 1583 1684 1616 ὥς
1707 1580 1867 1620 ὀλιγόπιστοι-

1087 1629 1139 1659 Διὰ
1162 1627 1261 1657 τούτων
1278 1627 1305 1656 δὲ
1327 1626 1435 1656 πάντων
1459 1626 1599 1667 ἐφέλκεται
1627 1626 1672 1656 τὸν
1703 1626 1868 1665 δυνατώτερον

1087 1673 1152 1714 πρὸς
1166 1671 1288 1712 βοήθειαν
1299 1674 1346 1701 τοῦ
1360 1672 1488 1712 ἀδελφοῦ,
1505 1673 1542 1705 ὡς
1551 1670 1585 1700 τὰ
1602 1671 1692 1701 πάντα
1710 1672 1839 1703 ἀσθενοῦς.
1897 1673 1898 1707 i

1897 1593 1899 1667 1

1129 1777 1144 1793 ι
1162 1764 1201 1795 Σὺ
1223 1764 1312 1794 πίστιν
1325 1763 1413 1804 Exue;
1431 1763 1510 1794 Κατὰ
1522 1762 1633 1792 σεαυτὸν
1648 1762 1695 1802 ἔχε
1711 1762 1819 1792 ἐνώπιον
1832 1764 1868 1790 τοῦ
1894 1741 1898 1800 ί

1086 1811 1170 1840 Θεῶ.
1185 1820 1201 1839 ι)
1228 1809 1359 1839 Ἐνταῦθα
1377 1808 1575 1843 ὗπαινίττεται,
1595 1807 1635 1837 ὅτι
1655 1807 1703 1836 καὶ
1717 1809 1752 1841 ὣς
1773 1806 1868 1836 κενόδο-

1086 1853 1127 1888 ξος
1140 1857 1155 1884 ὁ
1176 1854 1335 1893 τελειότερος
1359 1852 1508 1882 ἐπεδείκνυε
1523 1853 1549 1872 ⁵⁰
1563 1852 1612 1888 τὴν
1632 1853 1728 1881 ἑαυτοῦ
1744 1851 1766 1871 ⁵⁸
1783 1850 1867 1880 τιλειό-

1085 1887 1161 1934 τητα.
1175 1898 1265 1934 Φησὶν
1281 1887 1326 1927 οὖν
1341 1909 1347 1915 ·
1373 1897 1469 1931 Θέλεις
1484 1909 1530 1936 μοι
1546 1897 1626 1930 δεῖξαι
1651 1896 1693 1926 ὅτι
1717 1899 1742 1927 ἐν
1818 1895 1867 1934 περὶ
1892 1887 1897 1936 1

1085 1944 1136 1983 τῶν
1164 1942 1313 1983 βρωμάτων
1340 1942 1429 1972 πίστει
1452 1941 1551 1976 τέλειος
1575 1937 1614 1978 εἶ,
1636 1942 1770 1971 πιστεύων
1791 1940 1867 1969 πάντα

1085 1955 1136 1972 των
1164 1953 1313 1983 μρωματων
1340 1953 1429 1972 πιστει
1452 1953 1551 1976 τεΛειος
1575 1953 1614 1978 ει,
1636 1953 1770 1971 πιστεύων
1791 1953 1867 1969 παντα

1084 1982 1151 2016 εἶναι
1165 1987 1237 2017 καλὰ
1254 1987 1300 2016 καὶ
1323 1987 1447 2027 καθαρά;
1465 1986 1512 2027 Μὴ
1535 1987 1595 2025 ἐμοὶ
1614 1986 1734 2022 δείκνυε,
1748 1985 1814 2015 ἀλλὰ
1827 1985 1866 2023 ἀρ·
1893 1953 1896 2015 ί

1084 2031 1167 2070 κεῑςτὸ
1180 2031 1309 2067 συνειδὸς,
1323 2031 1369 2061 καὶ
1384 2026 1400 2060 ὃ
1409 2031 1477 2065 Θεὸς
1498 2026 1519 2071 ᾧ
1535 2033 1622 2061 ταῦτα
1641 2029 1777 2074 δςκνύεις.
1893 2027 1896 2074 4

1127 2088 1140 2104 α
1159 2076 1323 2116 Μακάριοςὸ
1343 2076 1381 2115 μὴ
1403 2075 1498 2116 κρίνων
1513 2075 1605 2105 ἑαυτὸν
1621 2077 1647 2106 ἐν
1659 2071 1681 2116 ᾧ
1696 2074 1835 2114 δοκιμάζει.
1853 2087 1862 2097 ι

1084 2120 1143 2161 Κᾶν
1165 2120 1302 2161 ἄνθρωπος
1326 2121 1364 2160 μὴ
1380 2120 1440 2161 ἴδῃ,
1458 2120 1535 2154 αὐτὸς
1559 2122 1664 2160 σεαυτῷ
1687 2122 1774 2161 ἀρκεῖς
1793 2119 1826 2152 εἰς
1841 2117 1864 2145 τὸ

1083 2160 1149 2194 εἶναι
1172 2160 1302 2205 μακάριος
1315 2187 1324 2204 ,
1350 2165 1394 2195 ἐὰν
1412 2160 1457 2204 μὴ
1475 2165 1586 2195 σεαυτὸν
1607 2160 1788 2205 κατακρίνῃς,
1807 2160 1863 2206 μ.ηᾷ

1081 2209 1112 2238 τὸ
1135 2209 1250 2243 συνειδός
1276 2222 1323 2240 σου
1348 2209 1536 2249 καταγινώσκῃ
1561 2221 1609 2241 σου
1635 2210 1662 2239 ἐν
1690 2211 1825 2250 πράγματι
1846 2207 1863 2244 ᾧ

1082 2254 1259 2292 ἐδοκίμασας,
1281 2255 1341 2290 ἤτοι
1364 2254 1483 2289 ἐξελέξω,
1499 2256 1594 2285 Ταῦτα
1620 2253 1647 2284 δὲ
1670 2255 1725 2285 νόει
1748 2253 1806 2292 περὶ
1826 2253 1863 2286 τῆς

1082 2299 1256 2338 προκειμένης
1280 2298 1427 2333 ὑποθέσεως
1450 2299 1548 2337 μόνης,
1572 2302 1619 2336 τῆς
1641 2300 1694 2329 τῶν
1718 2297 1861 2340 βρωμάτων-

1125 2343 1188 2374 αὉ
1208 2343 1236 2373 δὲ
1251 2344 1463 2383 διακρινόμενος,
1486 2343 1532 2374 ἐὰν
1556 2344 1640 2385 φάγῃ,
1664 2337 1859 2385 κατακέκριται,
1893 2337 1894 2345 “

1080 2386 1121 2417 ὅτι
1135 2390 1183 2418 οὐκ
1205 2390 1236 2418 ἐκ
1258 2382 1384 2422 πίστεως.
1406 2402 1418 2415 ι
1445 2388 1479 2419 Ὁ
1505 2390 1533 2418 δὲ
1557 2382 1703 2426 διστάζων,
1725 2387 1802 2429 φησὶ,
1823 2382 1860 2414 καὶ

1080 2431 1118 2470 μὴ
1135 2433 1298 2466 πεποιθότως
1317 2433 1427 2468 ἐσθίων,
1454 2433 1653 2473 κατακέκριται.
1678 2433 1731 2465 Διὰ
1750 2432 1792 2468 ri;
1806 2430 1858 2467 Οὐχ

1079 2477 1119 2505 ὅτι
1135 2478 1282 2518 ἀκάθαρτον
1299 2473 1329 2514 ἦν
1342 2477 1372 2507 τὸ
1388 2479 1484 2518 βρῶμα
1493 2501 1501 2515 ,
1513 2478 1573 2508 ἀλλ’
1585 2478 1627 2509 ὅτι
1640 2480 1689 2509 οὐκ
1700 2477 1857 2508 ἰπίστευσιν,

1077 2522 1118 2550 ὅτι
1142 2522 1256 2562 καθαρόν
1280 2523 1369 2559 ἐστιν,
1395 2523 1455 2552 ἀλλ’
1476 2522 1565 2563 ἥψατο
1588 2526 1635 2553 τοῦ
1655 2523 1809 2564 βρώματος,
1828 2519 1857 2548 ὦ(

1078 2565 1238 2605 ἀκαθάρτου.

1117 2623 1129 2636 «ι
1145 2611 1204 2640 Πᾶν
1220 2609 1248 2640 δὲ
1260 2609 1274 2640 ὃ
1285 2612 1333 2641 οὐκ
1347 2612 1377 2640 ἐκ
1389 2611 1515 2648 πίστεως,
1529 2612 1650 2651 ἁμαρτία
1665 2611 1745 2642 ἐστίν.
1760 2608 1855 2638 »Ὅταν

1076 2655 1127 2694 γὰρ
1143 2655 1180 2693 μὴ
1205 2655 1344 2696 θαῤῥήσῃ,
1367 2656 1434 2695 μηδὲ
1457 2658 1587 2697 πιστεύσῃ
1611 2656 1652 2686 ὅτι
1673 2655 1783 2696 καθαρόν
1807 2654 1855 2682 ἐστι

1077 2702 1187 2740 βρῶμα,
1201 2701 1270 2730 ἀλλὰ
1284 2700 1413 2740 γεύσηται
1427 2702 1508 2732 αὐτοῦ
1527 2696 1596 2742 μετὰ
1616 2704 1732 2743 πονηροῦ
1748 2696 1854 2731 συνειδό-

1075 2756 1118 2777 τος
1126 2767 1134 2783 ,
1149 2744 1255 2779 πάντως
1270 2744 1401 2785 ἥμαρτεν.

917 2785 1016 2813 Variae
1038 2784 1188 2814 lectiones.

257 2822 278 2838 ⁵⁷
300 2822 410 2859 καταλύῃ
424 2831 450 2852 o.
488 2823 511 2843 ⁸³
525 2824 554 2852 τὸ
568 2824 711 2861 οἰκοδομεῖν
728 2834 765 2854 m.
804 2826 826 2844 ⁵⁵
841 2827 971 2863 βρώματος
984 2836 1023 2856 m.
1060 2828 1083 2846 ¹⁰
1093 2828 1234 2857 ὒπεδείκνυε
1249 2837 1276 2859 o.
1314 2830 1335 2848 ⁹¹
1350 2829 1426 2859 «tua
1436 2838 1464 2860 ο.
