1901 3077
52 189 98 216 533

503 187 680 216 EXPOSITlO
699 187 732 215 IN
751 187 855 216 EPIST.
876 188 921 216 AD
941 189 1023 217 ROM.
1044 204 1078 210 --
1098 190 1172 218 CAP.
1194 190 1254 218 XV.

1639 190 1693 217 534

91 263 103 277 ε
120 250 168 290 Τῷ
183 250 210 278 δὲ
231 248 369 290 δυναμένῳ
385 251 454 288 ὑμᾶς
469 250 590 290 στηρίξαι
616 249 686 280 κατὰ
706 250 736 279 τὸ
753 251 840 289 Εὐαγ-

932 253 1020 281 Vnns.
1033 255 1126 281 24-26.
1143 253 1207 288 ιζΕὶ
1221 256 1312 281 autem
1332 253 1378 288 qui
1395 256 1483 288 potest
1501 260 1550 281 vos
1569 252 1690 281 stabilire

53 294 133 333 γίλιόν
150 306 219 331 μου,
234 293 280 323 καὶ
305 294 334 324 τὸ
355 294 479 334 κήρυγμα
502 294 592 330 Ἰησοῦ
615 295 746 334 Χριστοῦ,
770 295 840 324 κατὰ

54 338 216 380 ἀποκάλυψιν
251 338 398 378 μυστηρίου
423 339 528 380 χρόνοις
554 339 667 373 αἰωνίοις
692 340 837 379 σεσιγημέ-

55 395 108 420 νου,
134 383 328 423 φανερωθέντος
356 383 385 413 δὲ
413 386 457 413 νῦν
497 385 540 414 διά
575 396 604 413 τε
644 385 758 424 Γραφῶν
793 384 839 414 καὶ

55 429 188 468 προφητῶν
203 428 247 460 ⁵³.
265 429 325 458 κατ’
348 428 478 468 ἐπιταγὴν
498 431 544 459 τοῦ
566 429 673 458 αἰωνίου
696 430 784 465 Θεοῦ,
804 430 841 462 εἰς

56 473 167 508 ὗπακοὴν
188 472 314 509 πίστεως,
340 474 376 506 εἰς
402 473 490 502 πάντα
504 473 538 502 τὰ
560 473 621 509 ἔθνη
640 473 840 513 γνωρισθίντος,

56 518 121 557 μόνῳ
134 519 207 557 σοφῷ
229 518 308 556 Θεῷ,
325 517 367 546 διὰ
385 516 478 553 Ἰησοῦ
506 519 638 558 Χριστοῦ,
653 513 674 558 ᾧ
690 521 707 554 ἡ
725 518 786 552 δόξα
804 520 841 552 εἰς

56 561 108 595 τοὺς
121 563 226 595 αἰῶνας.
245 561 339 600 Ἀμήν.
355 572 370 590 ››
399 562 476 592 Μετὰ
498 561 547 598 τὴν
575 563 732 602 παραίνεσιν
751 562 841 593 εἴωθεν

56 606 92 636 ἀεὶ
103 606 226 647 εὔχεσθαι
239 618 246 625 ·
263 606 278 635 ὃ
292 608 340 636 καὶ
363 607 474 637 ἐνταῦθα
487 608 573 644 ποιεῖ,
589 607 656 646 ὑπὲρ
675 609 727 636 τῶν
750 609 841 638 ἀτελε-

56 651 147 691 στίρων
171 651 314 691 εὐχόμενος
331 660 338 667 ⁸
365 652 410 680 καὶ
429 652 460 681 οὐ
483 652 563 690 μόνον
586 651 657 692 λόγῳ
685 652 818 681 παιδεύων
831 675 839 689 ,

57 695 118 725 ἀλλὰ
132 695 176 725 καὶ
191 696 240 732 τὴν
254 696 327 736 παρὰ
350 697 422 726 Θεοῦ
436 696 594 736 συμμαχίαν
614 696 739 736 εἰσάγων.
757 696 792 727 Ἣ
814 697 842 727 δὲ

57 740 188 770 ἀκολουθία
201 742 250 776 τῆς
260 740 422 778 συντάξεως,
435 740 524 770 τοιάδε
536 751 542 757 ⁸
561 752 576 770 «
592 742 640 781 Τῷ
654 741 681 770 δὶ
703 742 841 782 δυναμένῳ

57 787 118 824 ὑμᾶς
136 784 258 824 στηρίξαι
283 785 327 814 διὰ
342 784 429 822 Ἰησῶ
456 786 620 824 Χριστοῧ,ἠ
642 784 704 819 δόξα
724 786 761 819 εἰς
784 785 842 819 τοὺς

57 830 156 863 αἰῶνας.
172 829 268 867 Ἀμήν.
286 841 301 858 s
317 829 357 860 Τὸ
377 829 443 869 γὰρ,
466 825 502 869 ᾧ,
524 830 635 870 ἄρθρον,
661 831 691 860 ἐκ
714 833 843 870 περισσοῦ

56 877 152 910 κεῖται,
176 875 220 904 διὰ
243 874 273 904 τὸ
296 875 397 904 δεῖσθαι
417 874 462 904 τὸν
482 874 559 914 λόγον
583 874 775 914 ἕπαναλήψεως
789 887 842 905 πα-

894 297 1045 325 secundum
1079 298 1255 333 Evangelium
1290 305 1383 325 meum
1410 301 1437 324 et
1464 297 1689 332 praedicationem

893 342 959 370 Jesu
970 341 1084 376 Christi,
1098 343 1174 378 juxta
1195 342 1388 370 revelationem
1404 341 1540 377 mysterii,
1555 341 1690 377 tempori-

894 385 946 414 bus
961 387 1072 415 aeternis
1087 387 1165 415 taciti
1193 396 1199 415 :
1227 386 1394 415 manifestati
1420 389 1514 414 autem
1540 393 1615 413 nunc
1641 394 1687 421 per

894 431 1050 467 Scripturas
1074 435 1102 460 et
1127 431 1282 468 prophetas,
1304 431 1381 467 juxta
1407 429 1570 458 mandatum
1591 431 1689 458 aeterni

894 476 957 510 Dei,
967 476 1000 504 ad
1011 476 1196 505 obedientiam
1207 475 1268 504 ﬁdei
1284 476 1312 503 in
1321 483 1417 503 omnes
1432 479 1526 511 gentes
1542 474 1668 510 patefacti
1683 483 1690 502 :

896 521 947 548 soli
960 521 1073 556 sapienti
1089 523 1148 549 Deo
1165 529 1214 557 per
1226 521 1321 549 Jesum
1336 520 1488 554 Christum,
1501 519 1545 548 cui
1560 519 1646 556 gloria
1662 520 1690 547 in

895 565 1006 593 saecula.
1034 567 1134 593 Amen.
1162 575 1176 591 »ι
1207 566 1271 593 Post
1298 564 1523 593 adhortationem
1549 564 1691 592 consuevit

895 617 1003 645 semper
1015 613 1110 638 votum
1134 613 1162 637 et
1176 610 1359 645 precationem
1372 607 1475 636 addere
1490 617 1497 636 :
1514 609 1586 644 quod
1602 612 1631 636 et
1645 608 1690 635 hic

896 652 972 686 facit,
986 661 1035 689 pro
1049 653 1297 689 imperfectioribus
1310 653 1462 689 deprecans
1478 662 1484 680 :
1499 661 1549 680 nec
1562 660 1690 680 sermone

897 702 1003 726 tantum
1018 698 1155 732 erudiens,
1171 698 1253 734 105
1268 706 1365 726 verum
1379 698 1460 726 etiam
1475 697 1601 725 divinum
1618 698 1691 725 auxi-

897 742 963 770 lium
977 742 1125 771 adducens.
1140 743 1360 772 Constructionis
1373 747 1465 770 autem
1478 742 1639 770 consecutio
1652 746 1694 770 est

897 786 1054 822 huiusmodi
1069 797 1076 815 :
1091 789 1129 816 Et
1145 788 1191 824 qui
1218 792 1307 823 potest
1331 795 1380 815 vos
1404 787 1500 815 fulcire
1528 795 1575 822 per
1593 788 1689 815 Jesum

896 831 1047 865 Christum,
1061 832 1099 860 sit
1112 833 1199 869 gloria
1214 833 1241 860 in
1255 833 1365 861 mula.
1385 833 1484 860 Amen.
1502 833 1583 865 Nam,
1598 830 1631 867 ᾧ,
1647 839 1690 859 ar-

897 876 1006 910 ticulus,
1019 877 1046 905 id
1067 881 1119 910 est,
1142 879 1196 911 cui,
1222 877 1367 910 redundat,
1393 881 1553 912 assumptus
1576 877 1689 910 scilicet,

57 919 189 958 ραληφθέν.
218 921 269 959 Τῷ
296 919 433 959 δυναμένῳ
459 922 528 957 ὑμᾶς
555 918 616 953 τοὺς
640 921 761 955 ἀτελεῖς,
783 919 843 954 τοὺς

915 930 930 949 o
943 922 1018 957 quod
1033 929 1124 950 sermo
1137 922 1328 958 repetitionem
1350 921 1513 957 postulabat.
1530 921 1560 949 Ei
1578 921 1624 956 qui
1643 929 1690 955 po-

56 963 239 1002 σαλιυομένους
254 963 375 1003 στηρίξαι
389 974 396 981 '
415 965 490 1000 πῶςς
507 975 520 992 ε
538 963 617 994 Κατὰ
633 964 663 994 τὸ
677 964 843 1004 Εὖαγγέλιόν

56 1019 110 1046 μου,
119 1009 282 1043 »τουτίστιν,
289 1007 352 1040 Ἶνα
359 1009 492 1049 κατίχητε
502 1008 518 1037 ἃ
529 1009 657 1039 διδάσκω.
670 1008 712 1039 Τὸ
722 1009 749 1038 δὲ
760 1011 846 1048 Εὐαγ-

55 1052 133 1092 γίλιόν
145 1065 212 1091 μου,
226 1054 274 1083 καὶ
295 1056 341 1083 τοῦ
367 1055 483 1092 Χριστοῦ
501 1053 532 1083 τὸ
554 1053 679 1093 κήρυγμα
690 1076 699 1091 ,
719 1053 747 1083 ἓν
762 1055 839 1085 εἰσιν.

55 1098 109 1137 Οὐχ
120 1097 237 1138 ἡμέτερα
251 1099 304 1138 γὰρ
316 1099 349 1128 τὰ
361 1098 482 1136 δόγματα
490 1121 497 1134 ,
508 1097 578 1128 ἄλλᾶ
591 1098 659 1128 (xciv
667 1111 697 1128 ου
712 1100 736 1128 οἱ
750 1099 838 1137 νόμοι.

61 1152 72 1169 ιι
93 1142 166 1172 Κατὰ
187 1142 356 1183 ἀποκάλυψιν
376 1143 533 1183 μυστηρίου.
560 1155 575 1171 ι
602 1143 740 1182 Μεγίστης
764 1145 842 1182 τιμῆς

57 1190 174 1224 σημεῖον,
200 1187 232 1216 τὸ
258 1187 412 1227 μυστηρίων
438 1189 509 1225 ἡμᾶς
537 1187 658 1226 γενέσθαι
686 1187 840 1223 κοινωνοὺς,

55 1231 200 1269 πράγματος
226 1231 312 1262 πάλαι
339 1232 388 1270 μὲν
413 1232 632 1271 προωρισμένου,
658 1233 782 1272 φανέντος
813 1231 841 1262 δὲ

56 1277 94 1303 νῦν
108 1275 148 1304 διὰ
162 1277 335 1316 προφητικῦν
356 1278 482 1317 Γραφῶν.
499 1275 588 1306 "non
610 1276 636 1306 τί
755 1277 805 1314 σὺ,
827 1279 842 1307 ὁ

56 1320 175 1357 ἀσθενὴς,
190 1322 228 1358 μὴ
244 1322 363 1360 ἀποστῇς
383 1325 428 1350 τοῦ
441 1321 523 1359 νόμου
544 1321 639 1351 ἐσθίων
655 1321 689 1350 τὰ
712 1322 814 1362 χοίρεια
830 1331 839 1359 ;

57 1363 117 1393 Ἰδοὺ
129 1364 177 1405 γὰρ
195 1367 223 1394 αἱ
237 1367 260 1396 Γ
262 1365 343 1406 ραφαὶ
359 1370 445 1394 πᾶσαι
463 1369 540 1395 τοῦτο
563 1365 594 1394 τὸ
617 1366 765 1405 μυστήριον
787 1378 840 1403 κη-

57 1408 183 1447 ρύττουσι,
196 1410 227 1439 τὸ
241 1410 292 1445 τὴν
308 1410 463 1450 ἀδιαφορίαν
484 1411 536 1439 τῶν
557 1410 706 1450 βρωμάτων
722 1411 838 1450 εἰσάγον.

57 1451 128 1483 Ἀλλὰ
141 1454 185 1484 καὶ
205 1466 219 1484 ιι
230 1456 291 1484 κατ’
313 1454 441 1493 ἐπιταγὴν
458 1457 502 1484 τοῦ
516 1456 622 1485 αἰωνίου
641 1456 713 1485 Θεοῦ
726 1469 738 1482 ν
754 1457 838 1486 ἐστιν.

57 1498 150 1528 Οὐκοῦν
174 1499 202 1528 οὖ
219 1500 261 1529 δεῖ
280 1499 343 1539 Θεῷ
370 1499 585 1535 ἀντιτάττεσθαι,
608 1499 678 1529 ἀλλὰ
702 1500 838 1530 πιστεύειν

897 970 950 994 test
966 974 1013 994 vos
1036 965 1213 1002 imperfectos
1234 971 1262 994 et
1289 974 1438 994 concussos
1458 965 1578 994 stabilire
1596 975 1602 992 :
1618 973 1688 1001 quo-

895 1010 996 1039 modo?
1015 1011 1172 1040 Secundum
1193 1011 1370 1047 Evangelium
1391 1018 1497 1044 meum,
1513 1010 1565 1038 hoc
1591 1014 1642 1042 est.
1659 1014 1690 1038 ut

893 1055 1058 1083 continentis
1070 1063 1101 1084 ea
1111 1063 1175 1092 qua!
1185 1055 1280 1084 doceo.
1295 1055 1464 1090 Evangeliun
1477 1059 1571 1083 autem
1583 1062 1690 1088 meum,

894 1104 922 1128 et
934 1099 1036 1128 Christi
1053 1099 1222 1136 praedicatio,
1237 1108 1324 1128 unum
1339 1104 1413 1128 sunt.
1433 1100 1495 1127 Non
1506 1104 1599 1127 nostra
1614 1100 1688 1126 enim

892 1144 1033 1180 dogmata,
1045 1144 1093 1173 sed
1108 1145 1180 1173 illius
1201 1145 1274 1180 leges
1290 1148 1364 1172 sunt.
1381 1156 1393 1168 ι
1408 1143 1566 1172 Secundum
1587 1143 1692 1172 revela-

891 1188 1000 1217 tionem
1029 1189 1162 1226 mysterii.
1189 1201 1201 1214 -
1228 1189 1342 1218 Maximi
1362 1189 1475 1217 honoris
1493 1193 1688 1224 argumentum

894 1237 947 1268 est,
965 1241 1016 1262 nos
1037 1242 1096 1262 esse
1118 1234 1314 1270 mysteriorum
1337 1233 1492 1270 participes,
1526 1241 1626 1270 nempe
1651 1234 1689 1261 rei

894 1278 961 1306 olim
973 1278 1164 1314 prmdeﬁnitat,
1177 1278 1361 1306 manifestata;
1372 1283 1465 1306 autem
1476 1286 1551 1306 nunc
1562 1286 1609 1313 per
1621 1278 1691 1306 Scri~

895 1327 988 1359 pturas
1002 1323 1185 1359 propheticas.
1197 1324 1290 1359 Itaque
1305 1322 1373 1358 quid
1388 1323 1469 1351 times
1481 1327 1521 1356 tu,
1535 1322 1688 1356 imbecillis,

893 1375 954 1395 nea
972 1368 1031 1403 lege
1052 1367 1163 1396 deﬁcias
1179 1375 1274 1396 carnes
1294 1368 1418 1403 porcinas
1432 1367 1534 1395 edens?
1553 1368 1596 1395 En
1616 1367 1689 1395 enim

893 1412 1017 1440 universa
1031 1412 1169 1448 Scriptura
1184 1412 1345 1448 mysterium
1366 1412 1420 1440 hoc
1444 1412 1588 1448 praedicat,
1609 1412 1687 1448 quod

889 1456 1095 1485 indifferentem
1107 1456 1234 1485 ciborum
1244 1465 1326 1484 usum
1340 1456 1499 1485 introducit.
1513 1456 1688 1492 Quinetiam,

895 1512 909 1526 ‹‹
922 1501 1074 1530 secundum
1085 1501 1248 1530 mandatum
1261 1501 1358 1530 aeterni
1376 1501 1426 1529 Dei
1442 1511 1456 1527 n
1472 1501 1525 1529 hoc
1538 1501 1686 1538 continget.

57 1542 96 1571 καὶ
116 1544 265 1575 ὓπακούειν.
291 1544 429 1580 ’Υπακοῆς
451 1544 502 1585 γὰρ
530 1547 545 1580 ἡ
570 1545 657 1578 πίστις
679 1545 780 1582 δεῖται,
807 1546 836 1575 οὐ

915 1554 982 1575 uare
989 1550 1016 1574 te
1024 1554 1080 1574 non
1089 1550 1199 1582 oportet
1208 1546 1287 1574 reniti
1298 1548 1364 1579 Deo,
1372 1546 1418 1574 sed
1427 1546 1538 1574 credere
1546 1550 1573 1574 et
1581 1554 1688 1574 morem

57 1587 305 1628 φιλοπραγμοσύνης.
336 1588 416 1619 Ἀλλὰ
437 1580 495 1618 καὶ·
511 1589 599 1618 πάντα
626 1588 660 1618 τὰ
684 1589 745 1625 ἔθνη
769 1580 840 1619 οὕτω

915 1598 995 1620 arere.
1019 1580 1116 1619 Fidesv
1130 1591 1203 1619 enim
1227 1591 1384 1620 obedientia
1405 1599 1475 1626 opus
1505 1590 1600 1624 habet,
1630 1599 1686 1618 non

57 1632 171 1662 πιστεύει·
193 1637 263 1663 πᾶσι
277 1633 328 1673 γὰρ
341 1633 496 1673 ἐγνωρίσθη.
514 1635 576 1668 Πῶς
587 1628 632 1664 οὖν
646 1633 723 1674 αὐτὸς
744 1633 784 1664 ιτι
800 1636 839 1674 τῷ

56 1676 120 1717 νόμῳ
130 1677 276 1715 δουλεύεις;
292 1691 304 1704 ι
324 1678 407 1718 mw
423 1678 450 1708 δὲ
465 1679 538 1719 σοφῷ
553 1680 616 1719 Θεῷ
628 1701 638 1716 ,
653 1689 667 1706 )›
689 1673 746 1707 εἶπε
757 1700 766 1714 ,
776 1673 840 1718 προς

57 1721 244 1758 ἀντιδιαστολὴν
272 1722 390 1762 ἀγγέλων
423 1722 469 1751 καὶ
499 1724 598 1761 ἡμῶν,
624 1724 654 1752 οὐ
683 1725 729 1753 τοῦ
758 1724 841 1759 “ei,

57 1764 208 1808 infuso
233 1767 286 1806 γὰρ
309 1767 372 1800 Υἱός
399 1767 469 1796 ἐστιν
496 1770 512 1803 ἡ
543 1767 622 1808 σοφία
647 1771 693 1798 τοῦ
719 1768 835 1807 Πατρός.

57 1810 127 1850 Αὐτῷ
141 1806 184 1840 οὖν
198 1811 296 1852 ,δόξα
306 1834 315 1850 ,
330 1813 369 1852 τῷ
385 1811 567 1852 φανερώσαντι
581 1806 613 1841 τὸ
633 1811 794 1851 μυστήριον,
809 1814 839 1842 οὗ

56 1855 88 1892 τῷ
98 1855 180 1895 νόμῳ,
204 1851 227 1896 ᾧ
244 1851 426 1895 προσεδρεύεις
448 1856 486 1885 ἔτι
505 1856 537 1886 σὺ
559 1856 792 1897 παρατηρούμενος
806 1857 839 1886 τὰ

58 1898 187 1937 βρώματα.
214 1901 256 1931 Τὸ
273 1900 299 1930 δὲ
310 1923 318 1939 ,
335 1915 348 1927 ι
361 1901 413 1931 Διὰ
429 1901 520 1936 Ἰησοῦ
535 1902 672 1940 Χριστοῦ,
698 1915 710 1928 ι
729 1901 839 1931 δύναται

57 1941 113 1980 μὲν,
127 1945 161 1979 ὣς
175 1945 302 1985 ἀνωτέρω
316 1945 438 1985 εῐρηται,
453 1947 634 1985 συνταχθῆναι
645 1958 652 1964 ·
668 1958 684 1974 ε
694 1947 743 1986 Τῷ
759 1947 838 1976 δυνα-

893 1635 1060 1664 curiositate.
1084 1637 1220 1664 Preterea
1245 1646 1259 1662 ιι
1292 1643 1391 1664 omnes
1413 1640 1508 1672 gentes
1533 1646 1546 1660 η
1570 1635 1608 1663 ita
1631 1643 1688 1663 cre-

889 1680 960 1709 dunt
975 1689 982 1708 :
996 1681 1124 1708 omnibus
1137 1681 1213 1708 enim
1227 1680 1356 1709 innotuit.
1371 1679 1519 1715 Quomodo
1533 1679 1616 1715 igitur
1627 1680 1684 1716 ipse

891 1725 945 1761 legi
968 1725 1060 1754 adhue
1083 1726 1220 1753 insertis?
1240 1735 1254 1751 α
1266 1725 1323 1754 Soli
1337 1729 1432 1753 autem
1451 1724 1568 1761 sapienti
1583 1726 1653 1757 Deo,
1670 1734 1683 1749 ι)

889 1769 970 1806 dixit,
993 1769 1029 1798 ad
1052 1770 1213 1806 angelorum
1246 1770 1387 1806 nostrique
1408 1769 1604 1803 differentiam,
1630 1777 1686 1797 non

892 1814 950 1842 Filii
969 1824 976 1842 ς
997 1814 1080 1842 absit!
1098 1814 1182 1843 Filius
1201 1814 1275 1842 enim
1296 1818 1339 1842 est
1351 1815 1484 1850 sapientia
1498 1814 1602 1842 Patris.
1630 1814 1685 1849 Ipsi

892 1859 986 1895 itaque
1000 1859 1038 1887 sit
1053 1859 1209 1895 gloiria,qui
1220 1858 1406 1886 manifestavit
1425 1858 1586 1894 mysterium
1600 1858 1653 1886 hoc
1673 1869 1678 1885 :

891 1911 947 1932 non
965 1903 1027 1939 legi.
1042 1904 1085 1931 cui
1103 1908 1133 1930 tu
1146 1903 1235 1931 adhuc
1251 1902 1355 1931 assides
1372 1907 1399 1931 et
1413 1902 1588 1937 adhaerescis,
1603 1903 1678 1931 cibo-

888 1955 954 1976 rum
967 1948 1129 1976 discrimina
1151 1948 1308 1976 observans.
1325 1947 1408 1983 Quod
1430 1948 1479 1982 ait,
1500 1959 1512 1971 α
1527 1956 1576 1983 per
1591 1949 1686 1975 Jeaum

56 1986 118 2027 μένῳ
132 1990 199 2027 ὑμᾶς
221 1989 343 2030 στηρίξαι
355 2013 363 2027 ,
381 1990 424 2019 διὰ
444 1989 531 2027 Ἰησοῦ
547 1991 662 2030 Χριστοῦ
676 2002 682 2009 ·
698 2005 710 2017 ι
729 1990 838 2020 δύναται

915 1993 1027 2021 nristum
1039 2004 1050 2017 ι
1063 1996 1163 2029 potest,
1179 1997 1210 2020 ut
1221 2000 1303 2028 supra
1315 1991 1418 2020 dictum
1430 1996 1482 2024 est,
1498 1992 1535 2019 ita
1547 1992 1678 2020 construi:

56 2031 94 2060 uti
109 2032 174 2063 οὕτω
189 2035 343 2074 ληφθῆναι·
370 2035 417 2068 Εἷς
429 2035 518 2064 πάντα
539 2035 573 2064 τὰ
594 2034 656 2071 ἔθνη
679 2035 838 2075 γνωρισθέν-

56 2086 93 2108 τος
105 2077 145 2106 διὰ
160 2079 252 2114 Ἰησοῦ
271 2080 397 2118 Χριστοῦ.
425 2079 508 2112 Αὐτὸς
522 2078 574 2119 γὰρ
593 2079 719 2119 ἐγνώρισε
734 2079 765 2110 τὸ
779 2091 837 2117 μυ-

57 2120 150 2161 στήριον
179 2128 233 2156 τοῖς
262 2123 377 2160 ἔθνεσιν,
403 2125 418 2153 ὁ
443 2123 503 2157 τοὺς
533 2124 654 2162 μαθητὰς
678 2124 837 2157 ἀποστείλας

57 2165 87 2197 εἷς
99 2166 126 2195 τὸ
139 2170 304 2205 μαθητεῦσαι
321 2168 408 2197 πάντα
424 2167 459 2198 τὰ
471 2168 544 2205 ἔθνη.

334 2288 478 2319 ΚΕΦᾹΛ.
502 2288 558 2319 lE'.

94 2361 107 2379 ιι
126 2351 284 2393 Ὀφείλομεν
299 2354 326 2384 δὲ
346 2356 423 2393 ἡμεῖς
442 2356 467 2384 οἱ
488 2355 594 2385 δυνατοὶ
609 2355 642 2385 τὰ
665 2355 837 2394 ἀσθενήματα

57 2397 101 2424 τῶν
115 2397 248 2428 ἀδυνάτων
265 2399 418 2439 βαστάζειν.
438 2413 450 2426 ι
475 2400 552 2430 Μετὰ
577 2399 626 2435 τὴν
651 2399 730 2440 εὐχὴν
755 2400 837 2430 πάλιν

57 2443 184 2479 παραινεῖ,
202 2443 248 2472 καὶ
273 2443 471 2482 ἐκμειλίσσεται
493 2443 553 2477 τοὺς
577 2443 773 2484 τελειοτάρους,
792 2444 838 2474 καὶ

57 2485 88 2528 τξρ
101 2487 155 2522 μεθ’
176 2487 270 2518 ἑαυτοῦ
293 2488 387 2526 τάξαι,
402 2488 447 2517 καὶ
470 2490 509 2528 τῷ
531 2488 654 2522 δυνατοὺς
669 2489 762 2518 εἰπεῖν.
778 2490 837 2519 Οὐκ

59 2522 107 2557 ιῖπι
119 2529 146 2559 δὶ
159 2530 266 2567 ἅπλῶς,
288 2534 314 2563 Τ
314 2532 358 2566 οὺς
373 2522 506 2570 ἀσθενεῖς,
521 2533 592 2562 ἀλλᾶ
601 2555 611 2570 ,
630 2543 645 2562 α
658 2535 684 2563 Τ
686 2533 703 2562 ὰ
719 2533 837 2568 ἆσθενή-

59 2582 122 2607 ματα
142 2576 192 2604 τῦν
213 2577 365 2615 ἀδυνάτων,
389 2587 404 2606 s
425 2576 560 2611 διπλώσας
575 2577 623 2614 τὴν
647 2577 716 2612 λέξιν
732 2578 770 2616 ⁵³,
793 2577 838 2608 ἵνα

61 2615 115 2654 πρὸς
126 2620 207 2649 πλείω
219 2621 292 2651 ἔλεον
307 2621 495 2662 ἐφελκύσηται.

106 2719 114 2730 ·
130 2708 180 2737 Καὶ
195 2710 233 2749 μὴ
248 2713 348 2744 ἑαυτοῖς
362 2712 491 2753 ἀρέσκειν.
502 2725 514 2738 ιι
530 2711 634 2749 Εἰπὼν,
648 2711 687 2741 ὅτι
699 2712 836 2752 ὀφείλομεν

890 2038 921 2065 Ei
931 2037 979 2074 qui
991 2041 1081 2073 potest
1090 2045 1140 2066 vos
1149 2035 1246 2065 fulcire
1258 2044 1306 2072 per
1318 2038 1416 2064 Jesum
1427 2036 1578 2070 Christum;
1594 2040 1688 2072 potest

889 2086 917 2110 et
942 2082 979 2110 ita
991 2081 1075 2118 accipi
1092 2090 1098 2107 :
1113 2082 1140 2110 in
1153 2089 1251 2109 omnes
1272 2084 1367 2117 gentes
1382 2080 1511 2116 patefacti
1526 2088 1575 2116 per
1588 2081 1684 2109 Jesum

889 2126 1038 2155 Christum.
1057 2128 1119 2162 Ipse
1146 2133 1266 2162 namque
1289 2125 1416 2161 gentibus
1437 2125 1598 2161 mysterium
1607 2129 1682 2161 pate-

810 2183 811 2186 π
850 2178 876 2210 ι)
889 2171 963 2207 fecit,
977 2172 1023 2208 qui
1048 2171 1198 2208 discipulos
1217 2171 1352 2208 ablegavit
1364 2169 1575 2206 amandavitque
1594 2173 1625 2199 ut
1636 2170 1687 2199 do-

891 2220 985 2245 cerent
997 2223 1096 2245 omnes
1108 2220 1214 2253 gentes.

1186 2295 1306 2323 CAPUT
1321 2294 1384 2323 XV.

928 2359 1018 2387 Vns.
1035 2360 1060 2385 I.
1077 2366 1091 2383 ι
1105 2357 1246 2386 Debemus
1260 2361 1354 2385 autem
1368 2364 1419 2385 nos
1431 2356 1479 2393 qui
1492 2359 1619 2392 potentes
1637 2363 1686 2385 su-

892 2410 965 2437 mus,
980 2401 1151 2430 inﬁrmitates
1162 2402 1358 2437 impotentium
1369 2401 1515 2430 sustinere.
1529 2411 1543 2427 ν
1560 2402 1628 2429 Post
1639 2409 1688 2429 vo-

891 2451 952 2476 tum
967 2455 1016 2475 seu
1030 2447 1183 2476 orationem
1204 2453 1300 2474 rursus
1313 2445 1477 2474 adhortatur
1498 2445 1688 2481 perfectiores-

891 2500 945 2529 que
956 2491 1103 2526 demulcet,
1118 2495 1178 2519 tum
1190 2490 1265 2527 quod
1277 2498 1325 2519 eos
1339 2490 1390 2519 sibi
1409 2490 1546 2526 adequat.
1560 2498 1689 2518 secumve

893 2541 1012 2573 reputat,
1038 2540 1098 2564 tum
1117 2535 1192 2572 quod
1219 2539 1352 2570 potentes,
1380 2542 1430 2563 seu
1452 2534 1538 2562 fortes
1559 2535 1686 2571 appellat.

893 2582 954 2609 Non
965 2581 1036 2609 dixit
1053 2585 1145 2609 autem
1168 2580 1340 2616 simpliciter,
1351 2579 1487 2613 inﬁrmos,
1502 2579 1561 2612 sed,
1574 2589 1588 2605 ι(
1608 2579 1688 2606 inﬁr-

893 2626 1002 2654 mitates
1024 2625 1230 2662 impotentium,
1255 2636 1267 2648 ι»
1289 2624 1422 2660 duplicata
1452 2624 1582 2656 dictione,
1604 2626 1636 2650 ut
1654 2622 1688 2650 ad

892 2670 1029 2706 majorem
1041 2669 1257 2698 misericordiam
1269 2676 1316 2696 eos
1331 2669 1478 2704 pertrahat.

951 2716 987 2742 Et
1001 2722 1058 2742 non
1068 2714 1215 2750 nobisipsis
1227 2714 1342 2750 placere.
1358 2725 1370 2737 ιι
1394 2713 1478 2741 Simul
1504 2716 1586 2747 atque
1607 2710 1690 2739 dixis-

740 2792 833 2823 Varia
855 2791 1002 2821 lectiones.

91 2837 109 2855 ³¹
127 2843 278 2875 προφητικῶν
292 2849 318 2870 ο.
356 2841 378 2859 ⁵³
389 2841 482 2873 ante,
493 2840 568 2875 αὐτὴν
582 2841 651 2878 λίγει
665 2849 693 2870 o.
