1881 3081
204 193 256 218 535

715 186 970 215 THEOPHYLACTI
988 187 1165 215 BULGARIE
1184 186 1338 214 ARCHIEP.
1796 187 1837 212 586

202 257 244 281 set
257 257 383 288 oportere
398 259 448 279 nos
465 251 612 283 sustinere,
629 249 676 285 qui
690 249 743 277 hoc
756 249 814 276 ﬁeri
822 249 918 285 possit,
935 249 1000 278 edo-

1099 249 1218 286 στάζειν,
1240 248 1358 278 διδάσκει
1373 248 1429 280 πῶς
1443 247 1475 277 ἂν
1492 247 1602 286 γένηται
1623 249 1700 277 τοῦτο
1714 258 1720 265 ·
1741 246 1780 276 δτι
1800 247 1837 276 ἐὰν

203 302 268 326 cet:
290 297 436 329 nimirum,
458 294 480 322 si
495 302 550 322 non
566 302 597 322 ea
612 298 720 322 tantum
737 301 799 330 quae
820 297 914 322 nostra
937 298 1001 322 sunt

205 349 371 378 quaeramus.

241 388 327 414 Vens.
347 387 375 413 2.
397 395 409 408 α
431 383 628 421 Unusquisque
652 387 774 412 vestrum
796 383 920 419 proximo
940 382 997 419 pla-

205 435 265 459 cent
291 431 318 458 in
344 430 459 462 bonum,
473 429 507 457 ad
519 428 739 457 aediﬁcationem.
762 439 775 452 ν
797 428 827 456 ld
847 432 900 462 est,
923 427 999 464 quod

205 475 332 512 proximo
359 474 457 510 placet,
488 472 554 500 illud
580 472 668 506 faciat,
696 472 878 508 inserviatque
909 471 999 505 fratri,

204 520 250 548 sed
267 519 302 548 ad
316 519 429 546 bonum.
446 518 485 545 Ne
506 525 569 545 vero
583 517 655 545 dicat
668 517 715 553 qui
729 517 780 545 sibi
803 516 940 553 perfectus
958 517 999 544 vi-

204 564 294 597 detur,
314 564 356 590 En
378 566 406 590 et
425 569 476 597 ego
498 561 533 590 ad
552 562 657 589 bonum
673 562 772 594 traho;
792 561 911 597 adjecit:
936 572 949 585 α
966 560 1000 589 ad

206 607 426 636 mdiﬁcationem.
438 618 450 630 η
461 606 543 642 106
553 607 631 634 Nunc
641 605 715 633 enim
724 605 799 642 quod
805 605 883 639 facis,
892 604 998 633 etiamsi

205 653 309 681 bonum
323 656 375 686 est,
389 655 511 679 attamen
525 655 657 686 quatenus
669 658 725 678 non
738 650 769 678 lit
787 654 952 686 opportune,
966 649 998 677 ad

205 696 416 725 dissolutionem
421 695 690 731 destructionemque
697 698 748 723 est.
757 695 919 731 Importuna
925 694 1000 722 enim

204 741 352 777 increpatio
364 740 436 769 haud
446 740 573 769 aediﬁcat.

241 788 330 815 Vnns.
347 789 372 814 3.
390 795 404 812 ι(
417 785 527 813 Etenim
540 784 668 813 Christus
681 792 737 813 non
755 784 808 812 sibi
827 784 937 820 placuit.
952 782 1000 811 sed

205 831 275 860 sicut
289 832 424 867 scriptum
442 834 505 858 est!
535 839 542 857 :
566 829 735 865 Improperia
753 829 1001 866 improperantium

206 877 254 904 tibi
274 875 436 904 ceciderunt
454 882 537 912 super
554 882 611 902 me.
627 884 641 900 ι)
666 874 809 902 Christum
825 874 854 902 in
875 873 998 902 medium

205 921 370 957 producens,
383 920 539 956 exemplum
561 927 624 948 eum
643 919 723 947 nobis
741 919 845 948 statuit.
862 919 1000 947 Potuisset

205 966 279 993 enim
294 965 350 1001 ipse
370 964 552 992 convitiorum
565 968 592 992 et
605 963 818 999 opprobriorum
831 971 928 999 expers
941 970 1001 991 esse

206 1018 297 1046 neque
319 1009 373 1045 pati
388 1017 450 1045 qua:
469 1008 549 1042 tulit.
575 1008 597 1036 si
612 1008 743 1036 voluisset
758 1008 859 1044 sibiipsi
882 1008 998 1044 placere,

204 1054 258 1082 hoc
276 1058 329 1087 est,
349 1053 424 1090 quod
443 1061 524 1082 suum
546 1057 614 1087 erat,
632 1060 755 1089 quaerere
771 1061 778 1080 ε
802 1061 899 1080 verum
911 1052 1002 1080 noluit

205 1099 267 1132 hocI
287 1098 337 1126 sed
359 1098 432 1126 enim
452 1105 564 1126 crucem
588 1100 616 1125 et
639 1097 816 1125 aﬂlictionem
838 1097 998 1133 suscipiens,

205 1143 307 1171 malam
321 1142 393 1179 apud
406 1143 550 1179 plerosque
562 1141 795 1170 existimationem
806 1141 946 1175 sustinuit,
960 1142 999 1170 in-

206 1187 302 1215 ﬁrmus
323 1194 382 1215 esse
393 1186 542 1223 judicatus,
555 1190 592 1220 et,
606 1186 689 1214 veluti
704 1186 840 1222 impostor
854 1190 881 1214 et
895 1186 999 1214 maleﬁ-

203 1240 264 1259 cus.
286 1243 299 1256 ι
313 1231 389 1260 Alios
412 1243 424 1255 -
441 1231 525 1265 enim,
539 1230 679 1267 inquiunt,
698 1242 711 1254 ιι
727 1230 853 1265 servavit,
877 1231 999 1267 soipsum

205 1283 312 1304 servare
323 1283 378 1304 non
392 1279 516 1311 potestl.
541 1287 553 1300 »
570 1275 740 1311 lmproperia
752 1275 843 1311 itaque
860 1275 999 1312 imprope-

205 1321 324 1349 rantium
343 1320 392 1348 tibi
408 1320 482 1348 Patri
506 1321 535 1348 in
554 1320 648 1348 Veteri
675 1321 863 1354 Testamento,
894 1321 1000 1349 cecide-

205 1369 270 1393 runt
283 1373 366 1402 super
377 1373 423 1393 me
435 1365 537 1393 Filium
555 1369 648 1399 tuum,
667 1371 755 1401 neque
769 1365 922 1402 quidquam
935 1367 1001 1394 novi

205 1410 331 1446 contigit.

239 1455 331 1482 Vens.
347 1457 374 1482 4.
402 1463 416 1479 (ι
438 1455 614 1490 Quaecunque
634 1456 725 1481 autem
749 1454 906 1490 praescripta
924 1458 999 1489 sunt,

204 1499 238 1527 ad
252 1503 377 1527 nostram
394 1498 548 1526 doctrinam
573 1497 730 1533 praescripta
754 1502 828 1532 sunt,
843 1503 875 1526 ut
892 1506 940 1535 per
953 1507 1001 1535 pa—

1055 294 1093 333 μὴ
1108 293 1142 324 τὰ
1157 295 1257 323 ἑαυτῶν
1273 292 1352 332 μόνον
1374 293 1509 331 ζητῶμεν.

1099 395 1113 413 (ι
1135 383 1271 416 Ἕκαστος
1293 383 1369 420 ὑμῶν
1392 383 1430 422 τῷ
1454 381 1567 420 πλησίον
1595 380 1731 421 ἀρεσκέτω
1757 383 1791 414 εἷς
1815 382 1838 411 τὸ

1054 428 1167 469 ἀγαθὸν,
1185 427 1251 467 πρὸς
1275 425 1428 465 οἰκοδομήν.
1446 428 1474 464 »ι
1488 425 1634 456 Τουτέστιν
1645 448 1653 462 ,
1680 425 1719 456 Ὀ
1744 425 1838 465 ἀρέσκει

1053 474 1091 513 τῷ
1122 471 1253 508 πλησίον,
1287 472 1371 500 ἐκεῖνο
1398 470 1522 506 ποιείτω,
1563 470 1611 499 καὶ
1641 469 1786 500 δουλευέτω
1808 472 1839 510 τῷ

1054 518 1175 557 ἀδελφῷ,
1191 517 1253 546 ἀλλ’
1267 517 1303 548 εἰς
1325 515 1355 545 τὸ
1369 515 1478 554 ἀγαθόν.
1494 515 1556 546 Ἷνα
1581 515 1608 545 δὲ
1630 515 1667 554 μὴ
1689 514 1754 555 λέγῃ
1776 514 1839 544 6τέ-

1053 563 1121 595 λειος
1136 573 1143 580 ·
1167 560 1236 591 Ἰδοὺ
1260 560 1306 590 καὶ
1321 559 1374 598 ἐγὼ
1398 561 1434 593 εἷς
1459 560 1489 590 τὸ
1520 560 1617 600 ἀγαθὸν
1641 559 1713 589 ἕλκω
1730 571 1737 578 ·
1766 571 1840 599 προσ-

1055 607 1132 642 έθηκε
1149 618 1156 625 ’
1174 617 1188 634 ιι
1204 605 1275 646 Πρὸς
1290 604 1440 643 οἰκοδομήν.
1452 615 1466 633 1)
1486 606 1542 636 Νῦν
1558 604 1605 643 μὲν
1622 604 1700 645 γὰρδ
1718 606 1808 640 ποιεῖς,
1822 606 1839 633 εἰ

1054 651 1100 681 καὶ
1116 650 1212 689 ἀγαθόν
1230 651 1317 686 ἐστιν,
1339 649 1411 687 ὅμως
1432 649 1497 678 καθὸ
1518 650 1565 679 οὐκ
1581 649 1711 689 εὔκαίρως
1734 649 1839 688 γίνεται,
1876 682 1877 686 η

1054 696 1090 729 εἰς
1106 694 1252 725 κατάλυσίν
1272 695 1356 724 ἐστιν.
1375 693 1411 724 Ἦ
1432 694 1483 734 γὰρ
1507 693 1617 733 ἄκαιρος
1644 693 1782 730 ἐπίπληξις
1802 694 1841 722 οὐχ

1054 740 1199 778 οἰκοδομεῖ.

1097 798 1110 810 ιι
1128 783 1184 815 Καὶ
1194 783 1245 823 γὰρ
1259 784 1273 813 6
1288 782 1403 823 Χριστὸς
1421 783 1471 822 οὔχ
1486 783 1572 823 ἐαυτῷ
1586 782 1699 822 ἤρεσεν,
1709 781 1783 811 ’ἄλλᾶ
1796 794 1841 811 κα-

1055 828 1106 862 θὼς
1131 829 1301 868 γέγραπται·
1323 829 1360 858 Οἱ
1384 827 1532 865 ὀνειδισμοὶ
1552 828 1604 856 τιῗιν
1626 827 1802 862 ὀνειδιζόντων
1815 838 1839 856 σε

1055 873 1182 903 ἐπέπεσον
1198 873 1239 902 ἐπ’
1255 873 1312 912 ἐμέ.
1327 886 1339 899 ιι
1363 871 1417 902 Τὸν
1433 871 1550 911 Χριστὸν
1564 873 1599 906 εἰς
1610 872 1639 901 τὸ
1655 871 1739 910 μέσον
1760 872 1838 909 ἄγων,

1054 919 1202 956 ὑπόδειγμα
1221 920 1312 947 τοῦτον
1336 917 1443 946 δίδωσιν
1461 919 1537 954 ἡμῖν.
1561 915 1642 952 Ἐξῆν
1657 916 1710 956 γὰρ
1726 917 1794 956 αὖτῷ
1809 916 1839 954 μὴ
1877 914 1878 925 ¹

1054 963 1246 1000 ὀνειδισθῆναι,
1271 962 1339 1000 μηδὲ
1361 964 1454 991 παθεῖν
1481 961 1498 990 ἃ
1523 961 1632 997 ἔπαθεν,
1660 961 1686 990 εἴ
1708 973 1738 1000 γε
1761 961 1840 996 ἤθελεν

1055 1008 1140 1047 ἑαυτῷ
1165 1006 1305 1046 ἀρέσκειν,
1336 1005 1471 1042 τουτέστι,
1491 1005 1521 1035 τὸ
1547 1007 1642 1035 ἑαυτοῦ
1662 1006 1750 1042 ζητεῖν
1766 1016 1773 1024 ·
1790 1005 1840 1034 ἀλλ’

1054 1053 1102 1081 οὖκ
1127 1051 1271 1087 ἠθέλησεν,
1297 1050 1367 1080 ἀλλὰ
1388 1049 1599 1090 καταδεξάμενος
1619 1052 1716 1079 παθεῖν
1735 1049 1841 1088 πονηρὰν

1054 1095 1128 1136 παρὰ
1140 1097 1194 1128 τοῖς
1214 1096 1321 1128 πολλοῖς
1343 1095 1405 1134 ἔσχε
1427 1094 1521 1131 δόξαν,
1547 1094 1659 1131 ἀσθενὴς
1686 1089 1755 1124 εἶναι
1774 1105 1841 1131 νομι-

1054 1140 1140 1177 σθεὶς,
1161 1139 1205 1169 καὶ
1232 1142 1267 1172 ὡς
1293 1139 1392 1172 πλάνος
1419 1139 1464 1168 καὶ
1489 1141 1646 1178 κακοῦργος.
1680 1137 1813 1170 «Ἄλλους
1829 1150 1840 1165 ι
1878 1143 1879 1178 ᾖ

1054 1185 1120 1225 γὰρ,
1135 1184 1230 1224 φασὶν,
1249 1183 1385 1225 ιιηέσωσεν,
1401 1184 1494 1212 ἑαυτὸν
1508 1184 1536 1212 οὖ
1551 1183 1663 1213 δύναται
1673 1185 1772 1213 σῶσαι.
1789 1196 1799 1209 ι
1812 1183 1840 1213 0i

1054 1223 1198 1268 ὀνειδισμοὶ
1215 1241 1227 1257 ι
1246 1223 1291 1258 οῦν
1303 1242 1315 1254 ι
1332 1229 1385 1258 τῶν
1401 1228 1579 1263 ὀνειδιζόντων
1602 1229 1631 1258 σὲ
1652 1242 1664 1255 ι
1680 1228 1727 1258 τὸν
1745 1227 1841 1266 Πατέρα

1054 1275 1080 1303 ἰν
1142 1275 1264 1314 Παλαιᾷ,
1274 1287 1286 1300 κ
1299 1274 1429 1303 ἐπέπεσον
1445 1274 1487 1302 ἐπ’
1502 1273 1549 1312 ἐμὲ
1563 1286 1575 1299 ι
1589 1273 1634 1303 τὸν
1649 1272 1717 1303 Υῖόν
1732 1284 1792 1312 σου,
1804 1271 1842 1300 καὶ

1054 1318 1128 1348 οὖδὲν
1143 1318 1233 1348 καινὸν
1249 1318 1361 1354 συνέϐη.

1100 1464 1113 1482 (ι
1126 1453 1201 1484 Ὅσα
1215 1453 1242 1483 δὲ
1257 1453 1413 1494 προεγράφη
1424 1475 1432 1490 ,
1457 1455 1492 1487 εἷς
1507 1452 1556 1489 τὴν
1572 1452 1710 1492 ἡμετέραν
1723 1453 1842 1482 διδασκα-

1053 1497 1112 1527 λίαν
1128 1498 1283 1539 προεγράφη
1299 1510 1306 1517 ·
1321 1498 1365 1528 ἵνα
1379 1497 1422 1528 διὰ
1439 1500 1486 1534 τῆς
1502 1499 1639 1536 ὑπομονῆς
1650 1521 1657 1535 ,
1672 1498 1719 1527 καὶ
1737 1500 1783 1534 τῆς
1796 1508 1838 1526 πα-

205 1543 330 1571 tientiam
345 1547 374 1571 et
398 1542 617 1570 consolationem
639 1542 843 1578 Scripturarum
862 1551 938 1580 spem
957 1545 1000 1574 ha-

1099 1543 1210 1579 ιλήσεως
1224 1545 1277 1572 τῶν
1290 1544 1415 1584 Γραφῶν,
1430 1543 1477 1578 τὴν
1487 1543 1582 1572 ὀλπίδα
1593 1543 1711 1583 ἔχωμεν.
1726 1557 1737 1568 ι
1751 1544 1844 1577 Ταῦτα,
1880 1578 1881 1581 η

205 1588 326 1615 beamus.
352 1600 364 1612 υ
379 1588 459 1621 Haec,
474 1587 573 1623 inquit,
594 1587 753 1623 praescripta
773 1592 838 1616 sunt
860 1593 892 1617 ut
912 1590 1006 1619 imite-

204 1640 276 1659 mur.
294 1632 363 1660 Hinc
375 1636 470 1660 autem
482 1637 510 1660 et
525 1632 560 1660 ad
571 1632 757 1660 tentationum
770 1632 942 1662 tolerantiam
958 1643 1006 1664 eos

203 1676 375 1709 adhortatur,
390 1676 516 1712 inquiens
542 1685 548 1704 :
573 1677 606 1703 Ut
630 1675 780 1712 Scripturis
794 1677 908 1713 ﬁrmati,
924 1680 1006 1708 susti-

204 1728 329 1755 neamus,
353 1725 380 1748 et
401 1716 567 1748 sustinentes
586 1720 812 1750 demonstremus
835 1722 863 1750 in
887 1723 1007 1761 nobisip—

205 1765 241 1792 sis
253 1773 331 1800 spem
355 1773 468 1793 omnem
490 1765 629 1794 viventem
654 1770 682 1794 et
701 1766 839 1795 stabilem.
862 1768 917 1803 Qui
931 1769 1006 1797 enim

203 1810 318 1838 sustinet
331 1814 358 1838 et
382 1810 490 1844 tolerat,
514 1809 681 1839 futurorum
696 1810 836 1840 bonorum
859 1820 939 1848 spem
955 1814 1006 1842 ha-

204 1854 267 1882 bere
289 1854 406 1888 videtur,
419 1854 534 1891 perinde
558 1863 591 1884 ac
621 1855 777 1884 tolerantiae
803 1864 903 1893 expers
919 1866 935 1886 a
961 1866 1008 1894 spe

205 1899 316 1927 excidit.

240 1945 330 1973 Vsns.
346 1947 372 1972 5.
393 1954 406 1970 α
423 1945 498 1973 Deus
523 1948 617 1973 autem
642 1944 780 1980 patientiae
800 1949 828 1973 et
856 1945 947 1974 solatii
960 1946 1007 1975 det

203 1989 282 2016 vobis
296 1989 370 2017 idem
385 1997 481 2025 sapere
496 1988 570 2017 inter
584 1996 632 2017 vos
642 1993 741 2017 mutuo
757 1989 911 2018 secundum
927 1991 1007 2019 Chri-

205 2037 280 2061 stum
294 2034 401 2061 Jesum.
428 2044 442 2057 ι
470 2034 651 2061 Demonstrat
672 2033 747 2068 quod
771 2041 836 2062 cum
862 2035 1007 2071 Scripturis

203 2079 277 2105 Deus
291 2077 373 2105 simul
387 2077 512 2113 impertit
538 2077 698 2113 patientiam
721 2081 750 2105 et
772 2078 1004 2108 consolationem.

203 2122 276 2149 Hinc
290 2121 368 2149 illum
382 2126 463 2150 vocat
479 2133 492 2146 ι
515 2123 608 2149 Deum
631 2121 769 2157 patientiae
785 2125 812 2150 et
835 2123 1004 2152 consolatio-

203 2166 257 2200 nis,
278 2175 294 2193 »
310 2170 341 2195 ut
361 2167 407 2202 qui
428 2166 508 2194 dator
529 2167 564 2194 sit
583 2166 683 2194 harum
707 2170 735 2194 et
754 2170 858 2195 auctor.
885 2169 1004 2205 Exoptat

1059 1587 1145 1626 φησὶ,
1167 1588 1341 1628 προεγράφη,
1356 1586 1400 1616 ἵνα
1424 1587 1582 1626 μιμώμεθα.
1608 1587 1746 1618 Ἐνταῦθα
1767 1586 1844 1617 δὲκαὶ
1880 1586 1881 1613 ἶ

1060 1633 1095 1665 εἷς
1126 1631 1260 1669 ὑπομονὴν
1295 1633 1452 1673 πειρασμῶν
1481 1631 1574 1666 αὐτοὺς
1610 1633 1781 1672 παρακαλεῖ,
1807 1630 1845 1660 καί

1059 1687 1148 1717 φησιν·
1167 1674 1228 1706 Ἵνα
1252 1675 1302 1706 ὑπὸ
1330 1678 1382 1706 τῶν
1413 1677 1527 1717 Γραφῶν
1553 1676 1725 1717 νευρούμενοι
1756 1675 1845 1714 ὑπομέ-

1060 1732 1164 1760 νωμεν,
1186 1721 1231 1750 καὶ
1257 1720 1430 1760 ὑπομένοντες
1453 1721 1612 1760 δεικνύωμεν
1637 1722 1663 1750 ἐν
1686 1721 1789 1754 ἑαυτοῖς
1801 1724 1845 1749 πᾶ-

1060 1777 1109 1795 σαν
1130 1764 1179 1800 τὴν
1194 1765 1287 1795 ἐλπίδα
1307 1767 1394 1800 ζῶσαν
1408 1766 1453 1795 καὶ
1479 1766 1601 1805 βεϐαίαν,
1622 1765 1657 1796 Ὀ
1678 1765 1731 1806 γὰρ
1752 1764 1844 1803 ὑπομέ-

1060 1822 1127 1847 νων,
1143 1811 1240 1844 ἔκεῖνος
1254 1811 1325 1840 δοκεῖ
1338 1810 1432 1839 ἰλπίδα
1448 1810 1519 1850 ἔχειν
1541 1812 1594 1840 τῶν
1615 1810 1767 1848 μελλόντων
1784 1811 1844 1849 ἄγα-

1060 1856 1112 1884 θῶν
1128 1867 1134 1874 ·
1159 1854 1251 1895 ὥσπερ
1265 1857 1279 1884 6
1295 1854 1492 1894 ἀνυπομόνητος
1522 1857 1569 1892 τῆς
1593 1855 1697 1888 ἐλπίδος
1720 1854 1846 1885 ἕκπέπτομ

1060 1911 1116 1929 κεν.

1104 1957 1116 1970 α
1133 1944 1168 1975 ⁸0
1184 1944 1211 1973 δὲ
1231 1943 1298 1977 Θεὸς
1315 1945 1362 1980 τῆς
1382 1945 1517 1981 ὑπομονῆς
1529 1944 1554 1962 ⁵⁸
1570 1944 1616 1974 καὶ
1644 1945 1692 1979 τῆς
1715 1941 1845 1984 παρακλή-

1061 1999 1126 2022 σεως
1157 1988 1212 2029 δῴη
1228 1989 1291 2027 ὑμῖν
1314 1988 1343 2018 τὸ
1369 1988 1433 2018 αὐτὸ
1451 1990 1555 2028 φρονεῖν
1580 1990 1607 2018 ἐν
1633 1988 1758 2024 ἀλλήλοις
1784 1987 1844 2017 κατᾶ

1061 2032 1176 2072 Χριστὸν
1199 2033 1310 2070 Ἰησοῦν.
1325 2047 1338 2060 ιδ
1361 2033 1499 2064 Δείκνυσιν
1509 2057 1517 2072 ,
1531 2032 1572 2062 δτι
1588 2033 1657 2071 μετὰ
1672 2034 1725 2062 τῶν
1740 2033 1845 2072 Γραφῶν

1060 2079 1074 2106 6
1089 2077 1157 2111 Θεὸς
1181 2077 1272 2107 δίδωσι
1296 2077 1345 2114 τὴν
1368 2077 1504 2117 ὑπομονὴν
1528 2077 1575 2107 καὶ
1598 2077 1647 2114 τὴν
1672 2078 1843 2118 παράκλησιν.

1060 2121 1108 2152 Διὸ
1123 2121 1169 2150 καὶ
1183 2122 1252 2152 Θεὸν
1267 2122 1344 2152 αὖτὸν
1360 2123 1494 2160 ὑπομονῆς
1514 2122 1559 2152 καὶ
1583 2123 1775 2162 παρακλήσεως
1795 2121 1845 2150 ὀνο-

1061 2166 1155 2205 μάζει,
1178 2167 1215 2200 ὣς
1240 2167 1338 2206 δοτῆρα
1361 2166 1461 2196 τούτων
1485 2166 1532 2196 καὶ
1567 2167 1660 2198 αἴτιον.
1690 2166 1844 2206 Ἐπεύχεται

203 2215 296 2238 autem
317 2211 352 2238 ab
372 2211 431 2247 ipso
456 2210 526 2245 dari,
550 2215 581 2239 ut
598 2210 672 2239 idem
702 2210 776 2239 inter
808 2219 838 2240 se
872 2213 1000 2242 sentiant.

1099 2210 1182 2251 ’παρ’
1209 2211 1290 2240 αὖτοῦ
1317 2212 1424 2246 δοθῆναι
1447 2210 1476 2240 τὸ
1499 2211 1564 2241 αὐτὸ
1588 2216 1690 2251 φρονεῖν
1718 2212 1745 2240 ἐν
1769 2208 1844 2244 ἀλλή-

202 2257 264 2284 Hoc
273 2256 348 2284 enim
359 2263 496 2292 germana:
507 2255 649 2284 charitatis
661 2259 702 2284 est
710 2256 878 2292 symbolum,
891 2258 1002 2294 perinde

202 2300 360 2335 quempiam
371 2300 405 2328 de
418 2300 543 2336 proximo
558 2308 608 2328 suo
621 2300 733 2334 sentire,
749 2307 782 2328 ac
797 2300 831 2329 de
839 2302 999 2338 semetipso.

203 2345 273 2379 Quia
294 2353 357 2372 vero
380 2344 496 2373 Charitas
510 2345 595 2373 etiam
616 2348 659 2373 est
672 2344 827 2374 secundum
851 2347 998 2381 mundum,

203 2389 330 2424 apposuit
347 2400 360 2413 ιι
380 2388 533 2417 secundum
550 2389 691 2417 Christum
713 2391 810 2418 Iesum
827 2399 834 2418 :
852 2402 864 2415 υ
880 2390 935 2419 hoc
947 2395 998 2426 est,

201 2437 233 2460 ut
255 2433 301 2461 illa
320 2433 445 2462 sentiatis
466 2438 495 2462 et
508 2433 641 2470 cogitetis,
662 2441 725 2470 qua:
744 2434 871 2470 placeant
891 2435 999 2465 Christo

202 2478 278 2505 Jesu.

238 2523 326 2550 Vnus.
351 2525 377 2551 6.
403 2534 416 2547 ι
437 2524 478 2552 Ut
498 2523 666 2552 unanimiter
685 2530 742 2550 uno
774 2530 822 2552 ore
842 2524 999 2561 gloriﬁcetis

202 2568 304 2601 Deum,
327 2571 354 2596 et
375 2569 486 2596 Patrem
514 2568 626 2596 Domini
650 2567 736 2596 nostri
758 2568 824 2596 Jesu
848 2569 958 2598 Christi.
985 2582 998 2595 ι.

201 2612 273 2648 Quid
298 2612 366 2641 lucri
381 2617 424 2641 est
436 2621 469 2641 ex
492 2613 639 2642 concordia
656 2618 683 2642 et
704 2615 827 2644 unanimi
846 2615 1000 2644 sententia?

201 2657 364 2686 Gloriﬂcare
374 2665 432 2686 non
453 2659 546 2686 solum
560 2666 616 2687 uno
639 2667 695 2695 ore,
724 2668 819 2689 verum
842 2660 924 2689 etiam
946 2668 999 2689 una

243 2725 333 2752 rPsal.
347 2732 457 2759 vam,
474 2728 517 2753 10.
565 2727 685 2755 'Matth.
703 2735 804 2761 xxvu,
820 2731 865 2756 42.

1055 2256 1120 2288 λοις.
1142 2257 1229 2286 Τοῦτο
1242 2255 1293 2295 γὰρ
1316 2255 1422 2294 ἀγάπης
1445 2256 1573 2292 ἀληθοῦς,
1596 2255 1611 2285 ὃ
1628 2255 1689 2295 περὶ
1705 2257 1797 2286 ἑαυτοῦ
1810 2265 1843 2286 τις

1054 2303 1156 2340 φρονεῖ,
1169 2302 1248 2329 τοῦτο
1269 2299 1390 2340 καὶπερὶ
1409 2303 1455 2330 τοῦ
1473 2300 1588 2336 πλησίον
1604 2304 1719 2340 φρονεῖν.
1738 2297 1842 2333 Ἐπειδὴ

1054 2345 1123 2374 ἔστιν
1153 2344 1245 2384 ἀγάπη
1278 2344 1348 2374 κατὰ
1376 2344 1494 2383 κόσμον,
1527 2345 1676 2384 προσέθηκε
1698 2354 1706 2362 ·
1739 2358 1751 2370 ι
1781 2341 1843 2374 κατὰ

1053 2388 1168 2429 Χριστὸν
1183 2388 1286 2425 Ἰησοῦν
1299 2401 1305 2408 ι
1320 2400 1334 2418 n
1353 2388 1487 2419 τουτέστιν
1496 2412 1504 2427 ,
1516 2388 1577 2420 Ἵνα
1592 2391 1681 2420 ἐκεῖνα
1695 2390 1816 2430 φρονῆτε,
1827 2385 1842 2415 ἃ

1054 2433 1160 2473 ἀρέσκει
1171 2435 1210 2474 τῷ
1227 2434 1338 2474 Χριστῷ
1353 2433 1453 2470 Ἰησοῦ.

1098 2523 1187 2553 αἾνα
1214 2523 1383 2562 ὁμοθυμαδὸν
1405 2524 1434 2553 ἐν
1460 2523 1498 2553 ἐνὶ
1521 2523 1636 2562 στόματι
1655 2523 1778 2559 δοξάζητε
1803 2522 1842 2551 τὸν

1053 2567 1141 2608 Θεὸν,
1164 2567 1209 2597 καὶ
1235 2569 1346 2608 Πατέρα
1370 2571 1415 2598 τοῦ
1442 2567 1542 2608 Κυρίου
1570 2570 1647 2607 ἡμῶν
1671 2568 1760 2605 Ἰησοῦ
1782 2567 1841 2606 Χρι-

1055 2615 1127 2643 στοῦ.
1149 2626 1161 2639 ι
1176 2612 1211 2642 Τί
1224 2612 1254 2642 τὸ
1271 2612 1360 2653 κέρδος
1374 2615 1421 2642 τοῦ
1436 2613 1469 2642 τὰ
1484 2612 1552 2642 αὐτὰ
1573 2614 1693 2653 φρονιῖν;
1714 2613 1754 2643 Τὸ
1769 2610 1840 2644 δοξά-

1054 2658 1108 2692 ζειν
1129 2658 1159 2687 οὖ
1181 2656 1259 2696 μόνον
1281 2658 1307 2686 ἰν
1329 2657 1366 2686 ἑνὶ
1389 2657 1516 2696 στόματι,
1542 2657 1613 2687 ἀλλὰ
1633 2657 1679 2687 καὶ
1703 2661 1751 2697 μιᾷ

896 2777 991 2807 Variae
1012 2777 1160 2808 lectiones.

237 2818 259 2835 "‘
273 2818 370 2854 εῖρήνης
383 2827 409 2848 ο.
