1881 3081
50 187 102 213 537

497 181 672 211 EXPOSITIO
692 182 724 209 lN
744 180 848 209 EPIST.
867 180 913 207 AD
932 180 1013 208 ROM.
1035 195 1068 200 —-
1087 181 1162 208 CAP.
1183 182 1239 209 XV.

1647 183 1700 210 538

51 250 59 288 (
70 249 148 277 τοῦτο
165 247 216 288 γὰρ
231 248 307 283 δηλοῖ
321 246 360 288 τὸ,
375 260 387 273 α
399 245 587 284 Ὁμοθυμαδὸν
599 245 628 284 ιι)
643 244 685 274 τὸν
701 243 779 275 Θεόν.
792 243 849 274 Ἐν-

931 243 998 271 lima
1018 242 1081 279 (hoc
1104 243 1180 271 enim
1202 243 1304 272 indicat
1322 245 1497 280 unanimiter)
1521 248 1622 275 Deum.
1648 247 1700 276 Hic

51 295 132 322 ταῦοα
150 293 194 322 δεῖ
205 287 318 326 νστίξαι,
335 287 391 321 εἶτα
406 292 452 321 ἀπ’
469 290 551 327 ἄλλης
566 291 650 331 ἀρχῆς
677 291 827 327 ἀναγνῶναι
838 298 845 306 ”

52 351 64 363 ι
78 339 132 368 Καὶ
145 337 258 376 Πατέρα
274 340 318 366 τοῦ
332 336 429 376 Κυρίου
443 337 520 374 ἡμῶν
535 335 625 372 Ἰησοῦ
641 336 771 374 Χριστοῦ.
788 349 800 360 ιι
816 335 847 364 Εἰ

52 382 133 411 δὲκαὶ
145 381 291 420 ἡνωμίνως
306 382 436 421 ἀναγνῷς,
452 379 521 409 ὥστε
534 383 579 410 τοῦ
593 380 673 409 αὐτοῦ
690 380 807 419 Χριστοῦ
819 379 846 398 ⁸⁵

53 426 95 455 καὶ
121 426 194 456 Θεὸν
225 421 293 455 εἶναι
320 426 366 455 καὶ
397 425 523 465 Πατέρα,
549 424 608 454 οὐδὲ
634 427 712 454 τοῦτο
737 423 845 454 ἄτοπον.

52 471 118 504 Θεὸς
139 470 189 509 μὲν
211 471 263 511 γὰρ
278 473 323 500 τοῦ
346 470 484 510 Χριστοῦ,
513 468 583 499 κατὰ
603 469 634 499 τὸ
660 468 822 508 ἀνθρώπινον
840 481 846 487 ·

53 514 148 555 Πατὴρ
164 515 193 544 δὲ
206 538 214 552 ,
224 515 294 545 κατὰ
307 515 355 551 τὴν
367 514 488 550 θεότητα.

92 574 104 586 ι
121 560 170 590 Διὸ
185 560 425 599 προσλαμϐάνεσθε
443 559 573 595 ἀλλήλους
582 582 590 596 ,
603 558 692 592 καθὼς
703 558 748 588 καὶ
759 560 772 587 ὁ
781 559 847 599 Χριτ

51 605 107 638 στὸς
121 604 305 644 προσελάϐετο
317 607 403 644 ἡμᾶς,
420 605 455 638 είς
469 604 546 638 δόξαν
558 604 642 634 Θεοῦ.
665 617 677 629 ν
701 603 788 634 Πάλιν
801 606 848 639 τῆς

52 649 177 689 προτέρας
195 649 377 688 παραινέσεως
394 648 473 689 [καὶ]
487 648 595 689 ἔχεται,
614 648 660 678 καὶ
675 648 848 688 παράδειγμα

50 693 146 732 εἰσάγει
163 693 209 723 τὸν
237 695 370 735 Χριστὸν,
393 693 465 723 ὥστε
488 692 751 733 προσλαμϐάνεσθαι
777 695 849 731 ἡμᾶς

52 738 198 774 ἀλλήλους·
228 740 264 772 εἷς
288 738 366 772 δόξαν
386 739 438 779 γὰρ
463 739 534 768 Θεοῦ
561 739 588 757 ⁵⁵
613 739 670 767 ἐστι
695 740 784 768 τοῦτο.
808 738 848 768 Τὸ

51 782 98 822 γὰρ
121 784 241 819 ἡνῶσθαι
267 786 337 822 ἡμᾶς
359 783 476 822 μάλιστα
504 782 603 818 δοξάζει
629 782 673 812 τὸν
700 782 780 812 Θεόν.
802 782 847 812 Ἐν

51 827 130 867 τούτῳ
143 827 213 868 γὰρ,
238 828 302 883 φησὶ
313 852 321 865 ,
337 827 482 867 γνώσονται
499 827 615 863 πάντες,
632 826 673 857 ὅτι
692 826 725 856 σύ
741 839 776 865 με
793 828 848 857 άπ-

55 871 62 882 Ῑ
115 873 125 883 Ί
205 872 227 883 ’1
352 872 365 883 α
416 872 429 883 σ
539 872 546 882 ‘
579 873 592 883 δ
656 871 662 883 Ι
683 874 695 883 Λ
763 873 790 883 n‘

900 298 970 326 opus
983 293 1026 318 est
1048 289 1236 323 distinctione,
1257 289 1357 318 deinde
1375 290 1410 317 ab
1434 291 1486 318 alio
1508 291 1585 320 initio
1610 292 1700 329 legen-

899 335 977 367 dum,
996 347 1008 359 ι
1035 338 1063 363 et
1088 336 1198 362 Patrem
1225 335 1336 362 Domini
1359 335 1444 363 nostri
1468 336 1534 363 Jesu
1556 336 1665 364 Christi.
1686 349 1699 362 ι

900 379 947 409 Sin
967 383 995 408 et
1009 379 1178 416 conjunctim
1196 380 1278 416 legas,
1303 384 1334 407 ut
1354 380 1439 416 ipsius
1453 380 1552 408 Christi
1573 385 1601 408 et
1624 382 1700 409 Deus

900 426 937 454 sit
954 429 981 453 et
1004 426 1084 453 Pater
1098 433 1186 460 neque
1202 425 1276 454 istud
1288 425 1341 453 erit
1351 425 1512 454 absurdum.
1530 427 1604 454 Deus
1618 433 1700 453 nam-

901 478 954 506 que
967 469 1068 500 Christi
1081 475 1121 499 est
1129 471 1280 499 secundum
1291 470 1504 503 humanitatem,
1514 472 1593 499 Pater
1601 473 1699 506 ,‘autem

902 517 1053 545 secundum
1068 516 1250 544 divinitatem.

938 564 1027 590 Vnns.
1043 565 1070 589 1.
1091 573 1103 585 -
1123 563 1238 597 Propter
1256 560 1330 596 quod
1357 560 1486 596 suscipite
1511 568 1558 588 vos
1583 560 1700 588 invicem

905 607 988 643 106
1005 607 1075 635 sicut
1093 611 1121 634 et
1147 606 1272 634 Christus
1296 605 1414 641 suscepit
1437 613 1497 639 nos,
1522 605 1556 633 ad
1581 605 1698 642 gloriam

904 651 964 679 Dei.
982 663 993 675 ι
1007 652 1130 680 Priorem
1143 651 1365 680 adhortationem
1375 650 1481 686 repetit,
1498 654 1526 678 et
1538 650 1697 686 exemplum

903 697 1002 725 Christi
1015 697 1130 730 inducit,
1144 701 1174 724 ut
1188 696 1370 732 suscipiamus
1381 703 1432 723 nos
1449 699 1547 723 mutuo
1562 704 1568 723 :
1583 695 1609 723 id
1622 703 1698 723 nam-

902 749 954 777 que
962 741 996 769 ad
1010 741 1126 778 gloriam
1140 742 1192 769 Dei
1203 741 1287 769 cedit.
1305 742 1404 769 Nostra
1415 740 1488 768 enim
1501 740 1566 768 unio
1580 740 1699 768 maxime

902 786 1038 823 gloriﬁcat
1060 787 1158 814 Deum.
1185 787 1216 814 ln
1239 786 1292 814 hoc
1315 784 1389 814 enim
1410 789 1577 821 cognoscent
1604 792 1698 813 omnes

902 831 976 867 quod
988 835 1018 859 tu
1037 839 1082 859 me
1095 831 1203 865 misisti,
1227 831 1251 859 si
1278 830 1380 859 fuerint
1402 838 1489 858 unum
1501 835 1513 851 I
1530 839 1537 857 :
1563 829 1698 866 quemad-

50 871 182 909 έστειλας,
201 872 248 902 ἐὰν
269 871 334 901 ὦσιν
350 872 376 902 ἔν
391 884 397 890 ·
411 872 502 911 ὥσπερ
522 872 552 901 τὸ
577 871 737 911 διεσχίσθαι,
762 873 846 912 βλαα-
864 880 866 910 ς

933 876 1029 910 odum,
1043 876 1064 904 si
1078 875 1260 904 dissensiones
1280 876 1413 909 oriantur,
1436 875 1464 902 in
1477 883 1558 903 causa
1573 879 1637 903 sunt
1651 883 1700 902 cur

51 920 190 957 φημεῖσθαι
218 918 296 947 αὐτὸν
325 921 405 948 ποιεῖ.
451 916 627 957 Χριστιανοὺς
654 916 706 956 γὰρ
735 918 848 957 ὁρῶντες

52 962 73 990 οἱ
92 960 225 999 Ἕλληνες
246 962 497 999 διαστασιάζοντας,
522 963 568 998 τῆς
595 961 709 994 πίστεως
733 973 848 1001 κατηγο-

55 1010 132 1047 ροῦσι.

91 1065 102 1077 ι
117 1051 196 1090 Λέγω
219 1051 246 1080 δὲ
270 1052 388 1091 Χριστὸν
416 1051 520 1087 Ἰησοῦν
541 1051 664 1081 διάκονον
690 1052 848 1091 γεγενῆσθαι

53 1099 191 1135 περιτομῆς
222 1096 289 1136 ὑπὲρ
314 1096 438 1132 ἀληθείας
461 1098 548 1132 Θεοῦ,
578 1097 614 1130 εἰς
642 1095 670 1125 τὸ
700 1096 847 1135 βεϐαιῶσαι

53 1140 94 1174 τὰς
118 1141 279 1179 ἐπαγγελίας
306 1143 358 1170 τῶν
373 1141 506 1181 πατέρων.
533 1153 547 1170 n
576 1142 630 1171 Τοῦ
655 1141 734 1170 αὐτοῦ
760 1152 846 1181 κεφα-

52 1184 122 1215 λαίου
135 1185 241 1225 ἔχεται,
260 1185 379 1222 δεικνὺς,
402 1185 442 1214 ὅτι
458 1187 508 1226 οὐχ
527 1187 613 1226 ἑαυτῷ
627 1185 722 1225 ἤρεσεν
746 1187 760 1215 ὁ
777 1187 843 1226 Χρι-

53 1229 126 1266 στὸς,
142 1229 199 1259 ἀλλ’
227 1229 296 1269 ὑπὲρ
321 1232 396 1268 ἡμῶν
420 1231 506 1260 πάντα
528 1229 704 1267 κατεδέξατο,
723 1229 767 1260 χαὶ
787 1230 845 1259 πεί-

53 1275 99 1302 θων
121 1273 180 1308 τοὺς
203 1274 320 1308 ἕθνιιιοὺς
347 1274 386 1313 μὴ
409 1274 617 1314 κατεπαίρεσθαι
641 1276 693 1303 τῶν
720 1274 747 1309 ἐξ
773 1274 843 1305 Ίου-

54 1317 128 1348 δαίων
146 1319 362 1350 πιστευσάντων.
387 1321 424 1350 Οἱ
444 1319 492 1358 μὲν
514 1320 566 1360 γὰρ
589 1319 711 1350 Ἰουδαῖοι
736 1319 779 1348 διὰ
795 1319 843 1356 τὴν

53 1363 112 1401 πρὸς
131 1363 190 1398 τοὺς
206 1363 325 1403 πατέρας
348 1364 509 1404 ἐπαγγελίαν
531 1363 669 1399 ἰσώθησαν
686 1376 692 1382 ·
708 1365 732 1393 οἱ
758 1363 786 1393 δὲ
808 1366 838 1394 ἐ-

54 1408 130 1437 θνικοὶ
140 1407 205 1448 ἐλέῳ
223 1408 298 1449 μόνῳ
312 1408 357 1438 καὶ
373 1409 570 1449 φιλανθρωπίᾳ.
594 1408 633 1439 ⁸0
647 1409 674 1438 δὲ
689 1409 776 1448 λέγει,
790 1420 843 1438 τοι·

53 1451 120 1481 οῦτόν
146 1453 215 1482 ἔστιν
230 1465 237 1471 ·
261 1448 428 1492 Ἐπαγγελία
451 1448 484 1490 ἧν
500 1448 565 1493 πρὸς
579 1453 622 1483 τὸν
643 1452 765 1493 Ἀϐραὰμ
775 1476 783 1491 ,
799 1452 842 1482 ἵνα

901 921 925 949 ei
940 920 1128 949 maledicatur.
1153 922 1223 949 Nam
1242 921 1332 949 Graeci
1353 920 1600 948 enimadvertentes
1616 920 1698 947 Chri-

901 966 1006 994 stianos
1015 965 1088 994 inter
1098 973 1127 994 se
1141 965 1296 1000 dissentire,
1311 965 1394 993 ﬁdem
1415 968 1553 993 accusant.

936 1057 1025 1084 Vnus.
1042 1059 1070 1084 8.
1098 1056 1194 1084 «Dico
1218 1059 1310 1084 autem
1331 1055 1470 1084 Christum
1494 1055 1591 1082 Jesum
1612 1053 1698 1082 mini-

900 1105 987 1129 strum
1007 1101 1090 1129 fuisse
1113 1100 1330 1128 circumcisionis
1356 1103 1469 1136 propter
1483 1100 1623 1127 veritatem
1639 1099 1696 1132 Dei,

900 1145 934 1173 ad
953 1145 1155 1174 conﬁrmandas
1166 1145 1360 1181 promissiones
1374 1149 1492 1180 patrum.
1509 1154 1522 1170 ιι
1542 1144 1636 1172 Eidem
1650 1152 1697 1172 ca-

899 1190 947 1226 piti
962 1190 1095 1224 adhaeret,
1109 1194 1332 1218 commonstrans
1346 1189 1421 1225 quod
1449 1189 1574 1218 Christus
1591 1189 1696 1225 sibiipsi

898 1243 954 1263 non
982 1234 1122 1271 placuerit,
1147 1239 1278 1263 caeterum
1302 1235 1394 1262 omnia
1421 1235 1508 1263 nostri
1540 1242 1621 1262 causa
1654 1241 1696 1262 as-

898 1279 1045 1316 sumpserit
1061 1289 1067 1307 :
1095 1285 1123 1308 et
1138 1279 1305 1316 persuadens
1327 1279 1464 1316 gentibus,
1479 1287 1513 1307 ne
1535 1279 1696 1307 attollantur

898 1324 1045 1353 adversum
1071 1332 1119 1353 eos
1147 1325 1193 1361 qui
1213 1333 1246 1353 ex
1269 1324 1373 1354 Iudaeis
1397 1323 1579 1353 crediderunt.
1603 1323 1695 1352 Judaei

897 1370 971 1398 enim
986 1370 1021 1398 ob
1047 1370 1257 1405 promissionem
1276 1370 1399 1406 patribus
1417 1369 1519 1398 factam
1543 1368 1608 1396 salvi
1629 1368 1694 1396 facti

897 1419 962 1443 sunt
984 1424 991 1442 :
1021 1419 1115 1451 gentes
1140 1418 1233 1443 autem
1260 1415 1318 1443 sola
1349 1413 1544 1447 misericordia,
1571 1413 1694 1449 adeoque

897 1460 1050 1488 clementia.
1064 1460 1144 1495 Quod
1159 1468 1222 1488 vero
1233 1460 1280 1496 sit,
1295 1464 1337 1488 est
1351 1459 1510 1496 hujusmodi
1523 1470 1529 1487 :
1543 1458 1695 1487 Promissio

55 1496 81 1524 τὸ
94 1497 196 1537 σπέρμα
212 1498 295 1527 αὐτοῦ
316 1497 504 1538 χληρονομήσῃ
522 1498 559 1531 είς
580 1498 624 1528 τὸν
639 1498 739 1537 κόσμον
753 1510 760 1517 -
784 1498 843 1527 ἀλλ’
859 1500 866 1528 ί

931 1508 955 1532 at
974 1504 1008 1533 ad
1029 1504 1228 1538 Abrahamum,
1244 1504 1317 1540 quod
1331 1511 1426 1532 semen
1444 1504 1502 1540 eius
1513 1502 1649 1532 mundum
1665 1503 1693 1530 in

55 1540 162 1580 ἐγένοντο
183 1543 321 1576 κολάσεως
337 1544 475 1573 ὑπεύθυνοι
489 1543 586 1577 πάντες
607 1544 631 1572 οἱ
655 1543 680 1577 ἐξ
705 1543 840 1584 Ἀϐραὰμ,

56 1585 96 1615 ἅτε
108 1586 316 1626 παραϐαίνοντες
337 1587 382 1617 τὸν
405 1588 502 1627 νόμον,
518 1588 564 1617 καὶ
585 1588 628 1617 διὰ
644 1590 720 1618 τοῦτο
740 1587 842 1622 ἀνάξιοι

55 1632 96 1666 τῆς
110 1632 282 1672 ἐπαγγελίας.
305 1627 406 1662 Ἦλθεν
430 1629 475 1662 οὖν
501 1635 515 1663 ὁ
534 1633 662 1673 Χριστὸς,
686 1633 732 1663 καὶ
754 1633 841 1669 ἐπλή-

56 1686 116 1714 ρωσε
125 1675 167 1706 τὸν
181 1676 278 1716 νόμον,
296 1677 329 1706 τά
345 1688 373 1706 τε
394 1677 463 1707 ἄλλα
486 1677 713 1717 καταδεξάμενος,
729 1677 775 1708 καὶ
793 1677 840 1713 τὴν

55 1720 199 1759 περιτομήν.
221 1721 374 1762 Πληρώσας
390 1717 434 1751 οὖν
451 1721 495 1752 τὸν
517 1723 616 1761 νόμον,
639 1723 685 1752 καὶ
705 1734 839 1763 περιτμη-

55 1765 115 1801 θεὶς,
128 1766 172 1795 καὶ
187 1766 297 1807 σπέρμα
310 1766 433 1806 Ἀϐραὰμ
453 1766 592 1806 γενόμενος
603 1790 611 1804 ,
633 1767 710 1798 ιλυσε
725 1768 773 1803 τὴν
792 1773 840 1799 τοῦ

56 1809 118 1839 Θεοῦ
139 1810 235 1850 ὀργὴν,
260 1811 306 1840 καὶ
332 1812 457 1847 ἐποίησεν
478 1815 550 1851 ἡμᾶς
571 1812 735 1848 ἐπιτηδείους
759 1814 795 1846 εἷς
810 1815 840 1844 τὸ

56 1853 167 1888 δέξασθαι
188 1855 236 1890 τὰς
252 1857 422 1896 ἐπαγγελίας.
450 1857 500 1887 Διὰ
524 1861 601 1888 τοῦτο
628 1853 673 1888 οὖν
701 1858 841 1893 ἀνεδέξατο

55 1897 97 1932 τὴν
117 1901 278 1939 περιτομὴν,
306 1902 350 1929 ἳνα
365 1901 471 1937 ἀληθεῖς
496 1901 596 1940 ποιήσῃ
621 1903 669 1935 τὰς
700 1904 745 1932 τοῦ
769 1903 840 1933 Θεοῦ

55 1942 217 1983 ἐπαγγελίας,
231 1947 284 1985 οὐχ
297 1944 341 1975 ἵνα
357 1946 444 1986 στήσῃ
459 1946 504 1976 τὸν
525 1947 616 1986 νόμον.
640 1947 676 1977 Τί
695 1946 781 1976 τοίνυν
791 1971 799 1985 ,
817 1943 840 1977 ὧ

56 1986 95 2025 [
107 1987 134 2029 ὁ]
146 1988 298 2024 Ἱουδαΐζων
307 2013 316 2026 ,
328 1989 405 2031 ἐξέχῃ
420 1994 466 2020 τοῦ
478 1990 577 2030 νόμου,
590 1992 625 2021 δι’
639 1991 667 2022 ὃν
681 1991 840 2028 ἐκινδύνευες

54 2031 100 2060 τῶν
115 2034 275 2073 ἐπαγγελιῶν
288 2034 314 2054 ⁵⁷
329 2036 467 2074 ἔχπεσεῖν;

92 2131 106 2150 ι
118 2122 159 2153 Τὰ
173 2123 200 2152 δὲ
213 2124 274 2161 ἔθνη
294 2125 360 2165 ὗπὶρ
376 2124 462 2159 ἐλέους
483 2125 591 2160 δοξάσαι
613 2126 657 2156 τὸν
672 2126 751 2157 Θεόν.
770 2139 783 2156 ι
801 2130 838 2160 οἱ

894 1549 1084 1578 hereditatem
1094 1553 1167 1578 esset
1175 1553 1352 1586 accepturum
1364 1559 1370 1577 :
1381 1549 1456 1585 atqui
1467 1556 1563 1577 omnes
1574 1547 1693 1576 Abrahae

895 1594 996 1630 posteri
1013 1594 1124 1622 obnoxii
1147 1593 1211 1623 facti
1238 1598 1303 1622 sunt
1325 1601 1414 1630 pana;
1429 1598 1457 1622 et
1479 1593 1578 1629 culpae,
1596 1597 1629 1620 ut
1643 1593 1692 1629 qui

893 1640 949 1668 sint
973 1639 1120 1676 trangressi
1144 1640 1243 1676 legem,
1274 1647 1306 1667 ac
1330 1643 1473 1675 propterea
1499 1638 1603 1674 indigni
1628 1637 1692 1665 facti

894 1684 1088 1720 promissione.
1103 1684 1185 1712 Venit
1204 1684 1295 1720 itaque
1312 1683 1447 1716 Christus,
1463 1687 1492 1712 et
1505 1682 1629 1719 implevit
1652 1682 1690 1710 le-

893 1736 967 1765 gem,
990 1736 1053 1757 cum
1072 1729 1136 1764 alia,
1165 1733 1222 1756 tum
1254 1729 1494 1756 circumcisionem
1528 1727 1689 1763 suscipiens.

893 1774 995 1809 Legem
1011 1773 1092 1809 igitur
1107 1773 1190 1801 simul
1209 1781 1240 1801 ac
1257 1773 1406 1809 implesset,
1423 1777 1549 1808 essetque
1571 1772 1690 1800 circum-

893 1818 978 1851 cisus,
997 1823 1024 1846 et
1041 1826 1137 1846 semen
1152 1817 1301 1846 Abrahami
1317 1817 1415 1851 factus,
1439 1818 1490 1845 Dei
1506 1817 1574 1845 iram
1597 1816 1693 1844 dissol-

892 1863 942 1896 vit,
956 1870 1060 1898 nosque
1081 1862 1194 1890 idoneos
1208 1861 1325 1890 reddidit
1347 1861 1381 1889 ad
1404 1861 1602 1897 promissiones
1622 1861 1689 1888 reci-

894 1907 1018 1944 piendas.
1034 1908 1103 1935 Eam
1118 1907 1192 1935 enim
1201 1907 1238 1935 ob
1248 1915 1307 1935 rem
1319 1907 1425 1942 accepit
1439 1905 1692 1939 circumcisionem,

892 1957 925 1981 ut
946 1952 1146 1989 promissiones
1168 1952 1219 1980 Dei
1234 1959 1310 1980 veras
1325 1951 1455 1985 efﬁceret,
1470 1959 1526 1978 non
1548 1955 1580 1978 ut
1602 1950 1690 1986 legem

891 2001 1032 2025 statueret.
1048 1996 1123 2032 Quid
1145 1997 1236 2034 igitur,
1261 2004 1278 2025 o
1298 1996 1406 2030 Iudaee,
1424 1995 1475 2033 legi
1499 1995 1633 2029 adhares,
1655 1995 1690 2023 ab

891 2050 979 2079 eaque
998 2042 1111 2079 pendes,
1126 2050 1179 2078 qua
1193 2050 1226 2070 eo
1249 2041 1360 2078 periculi
1378 2040 1511 2069 adductus
1525 2048 1566 2076 es,
1585 2044 1617 2068 ut
1627 2048 1691 2076 pro-

891 2087 1069 2116 missionibus
1083 2087 1240 2116 excideres?

928 2133 1018 2161 Vens.
1039 2135 1066 2161 9.
1086 2133 1189 2161 Gentes
1205 2135 1299 2160 autem
1315 2139 1398 2168 super
1408 2129 1595 2159 misericordia
1606 2129 1688 2166 glori-

56 2164 96 2212 μὲν
118 2167 143 2212 ἕξ
158 2167 292 2198 Ἰουδαίων
315 2169 365 2199 κᾶν
389 2170 549 2209 ἐπαγγελίας
564 2165 654 2210 εἶχον,
678 2172 701 2200 εἰ
723 2172 769 2201 καὶ
788 2173 836 2202 ἆν-
854 2168 866 2199 Ῐ

931 2182 1008 2206 arent
1027 2179 1126 2206 Deum.
1157 2189 1170 2202 υ
1191 2176 1280 2206 Judaei
1300 2164 1367 2205 sane
1381 2175 1580 2212 promissiones
1604 2164 1687 2203 habe-

57 2208 113 2241 άξιοι
123 2206 188 2248 ἦσαν
201 2225 208 2232 ·
223 2213 257 2243 σὺ
275 2213 318 2251 δὲ,
331 2216 345 2244 ὁ
359 2206 472 2251 ἐθνικὸς,
487 2215 540 2244 ἀπὸ
559 2206 758 2255 φιλανθρωπίας
772 2217 836 2247 ἐσώ-

57 2255 95 2306 θης
114 2256 272 2306 ﬁdem:sz
290 2259 345 2306 ιιαὶΔ
360 2258 431 2294 ἄξιος
447 2259 478 2306 ᾂν
502 2259 558 2296 εἴης
581 2260 699 2298 μάλιστα
719 2261 835 2297 δοξάζειν

56 2300 190 2351 τξλνιθιόξέ
200 2303 271 2338 Δόξα
286 2303 414 2351 δὲ-Θεοῦ,
432 2303 462 2333 τὸ
473 2306 591 2340 ἡνῶσθαι
608 2306 676 2344 ὑμᾶς
692 2307 832 2344 ἀλλήλοις,

57 2346 81 2371 τὸ
97 2346 228 2383 βαστάζειν
244 2360 274 2378 σε
288 2349 348 2383 τοὺς
364 2350 491 2383 ἀσθενεῖς.

95 2445 112 2480 (ιγ
130 2436 219 2472 Καθὼς
235 2437 385 2478 γέγραπται
410 2450 417 2457 ·
437 2439 489 2469 Διὰ
504 2441 582 2469 τοῦτο
603 2439 834 2480 ἐξομολογήσομαί

58 2487 92 2526 σοι
104 2479 128 2508 ἐν
145 2480 246 2520 ἔθνεσι,
263 2483 308 2512 χαὶ
324 2485 362 2523 τῷ
376 2483 487 2522 ὀνόματί
511 2496 558 2514 σου
573 2485 661 2526 ψαλῶ.
682 2479 735 2516 καὶ
753 2479 832 2516 πάλιν

59 2520 126 2560 λέγω
140 2526 306 2566 Εὐφράνθητε
317 2550 325 2566 ,
423 2520 495 2566 γμετᾶ
510 2531 555 2560 τοῦ
567 2520 633 2559 λαοῦ
647 2530 737 2561 αὐτῶ.
753 2544 766 2558 ι
779 2531 832 2561 Καὶ

59 2565 149 2614 ⁴ξιάλινλ·
172 2565 274 2602 Ᾱίνεῑτε
298 2565 343 2602 rev
368 2565 485 2614 Κύριον,
509 2575 597 2604 πάντα
622 2573 656 2603 τὰ
676 2575 738 2612 ἔθνη
756 2585 762 2592 ·
787 2576 832 2606 καὶ

61 2609 197 2657 Emicat:
224 2617 322 2657 αὐτὸν,
351 2609 446 2652 πάντες
475 2609 499 2648 At
527 2619 588 2648 λαοί
618 2632 629 2645 ν
669 2609 738 2650 Καὶ.
752 2621 832 2652 πάλιν

61 2652 156 2692 Ἡσαΐας
181 2660 248 2700 λέγει
265 2674 271 2680 ·
293 2652 393 2693 Ἔσται
416 2665 434 2699 ἡ
449 2663 509 2704 ῥίζα
534 2666 580 2694 τοῦ
605 2664 724 2701 Ἰεσσαὶ,
750 2667 796 2696 καὶ
819 2669 833 2697 ὃ

893 2222 972 2257 bant,
998 2222 1106 2250 etiamsi
1132 2222 1235 2258 indigni
1259 2225 1350 2250 essent
1367 2230 1373 2249 :
1394 2225 1425 2249 tu
1439 2229 1504 2249 vero
1519 2221 1566 2256 qui
1580 2228 1613 2248 ex
1625 2227 1690 2256 gen-

891 2267 964 2295 tibus
975 2274 1016 2301 es,
1038 2275 1071 2295 ex
1085 2267 1142 2294 sola
1166 2266 1311 2295 clementia
1333 2269 1457 2295 servatus
1480 2273 1518 2294 es.
1535 2267 1625 2300 Quare
1639 2272 1689 2301 par

890 2316 933 2340 est
947 2316 978 2340 ut
988 2315 1018 2339 tu
1030 2311 1156 2340 maxime
1165 2311 1301 2347 gloriﬁces
1312 2312 1412 2339 Deum.
1428 2310 1480 2338 Dei
1495 2313 1588 2338 autem
1604 2309 1688 2346 gloria

890 2361 943 2391 est,
957 2356 1031 2393 quod
1049 2364 1098 2385 vos
1111 2356 1180 2384 uniti
1195 2355 1258 2385 estis
1278 2360 1387 2388 mutuo,
1401 2354 1475 2392 quod
1498 2359 1529 2384 tu
1551 2355 1688 2384 sustineas

891 2402 1027 2431 inﬁrmos.

923 2448 1013 2476 Vsus.
1039 2449 1117 2475 9-12.
1135 2447 1213 2474 Sicut
1221 2446 1356 2482 scriptum
1367 2449 1409 2474 est
1418 2455 1433 2476 b
1444 2454 1450 2473 :
1463 2446 1609 2481 Propterea
1620 2452 1687 2473 con-

888 2492 987 2520 ﬁtebor
1000 2491 1050 2520 tibi
1065 2491 1092 2519 in
1117 2491 1244 2527 gentibus
1259 2495 1287 2519 et
1309 2490 1415 2519 nomini
1437 2494 1485 2518 tuo
1499 2489 1626 2518 cantabo.
1652 2490 1688 2517 Et

889 2537 990 2565 iterum
1005 2536 1072 2565 dicit
1084 2553 1097 2569 ο
1112 2545 1119 2564 :
1135 2535 1296 2570 Laetamini,
1311 2539 1416 2571 gentes,
1432 2542 1497 2563 cum
1518 2534 1595 2571 plebe
1611 2534 1677 2570 ejus.

885 2586 914 2610 et
932 2590 1027 2610 rursus
1042 2587 1057 2608 «ι
1082 2592 1088 2610 :
1104 2580 1228 2610 Laudine
1243 2580 1404 2613 Dominum,
1428 2587 1525 2608 omnes
1547 2583 1645 2615 gentes
1658 2582 1686 2606 et

885 2626 1060 2663 magniﬁcate
1075 2633 1150 2660 eum,
1179 2633 1276 2654 omnes
1300 2625 1399 2661 populi.
1421 2626 1457 2653 Et
1479 2631 1575 2652 rursus
1600 2622 1684 2650 Isaias

885 2672 972 2700 dicit‘
996 2672 1080 2700 :Erit
1103 2671 1180 2699 radix
1205 2671 1291 2704 Iesse,
1318 2674 1347 2698 et
1367 2670 1413 2706 qui
1440 2672 1565 2705 exsurget
1589 2674 1684 2702 regere

87 2723 165 2753 ‘Joan
188 2735 265 2764 xm;
281 2732 323 2757 2³.
360 2731 373 2748 ⁵
387 2730 459 2759 Psal.
474 2738 552 2763 xvu,
568 2735 612 2760 49.
651 2734 663 2749 °
679 2734 758 2761 Deut.
774 2741 866 2763 χχχιι

932 2755 940 2762 .
976 2728 991 2751 ά
1010 2734 1082 2763 Psal.
1098 2741 1181 2767 cm,
1199 2737 1225 2762 1.
1264 2738 1275 2751 ⁶
1289 2734 1342 2762 Isa.
1357 2740 1402 2767 xi,
1417 2734 1461 2760 lo.

729 2787 818 2816 Variae
841 2788 988 2818 lectiones.

90 2833 108 2850 ⁸⁵
120 2836 158 2863 τον
170 2839 239 2867 αὐτὸν
253 2841 356 2877 Χριστὸν
371 2850 398 2870 0.
437 2843 460 2860 ⁵⁸
473 2843 512 2870 ὅτι
525 2843 558 2874 εἰς
571 2844 622 2875 δόξ.
638 2844 702 2871 Θεοῦ
715 2853 742 2873 ο.
781 2845 803 2863 ⁸⁷
818 2845 960 2882 ἅγγελιιιῶν
975 2855 1000 2874 o.
