1881 3081
188 174 239 201 539

695 175 951 204 THEOPHYLACTI
971 176 1148 205 BULGAerE
1167 178 1323 207 ARCHIEP.

1797 185 1843 212 540

189 240 295 271 gentes,
319 235 348 263 in
360 243 424 263 eum
438 240 534 271 gentes
546 236 707 272 sperabunt.
723 249 735 261 ι»
752 239 820 266 Haec
835 238 928 266 omnia
940 243 982 266 te-

1059 240 1214 279 νιστάμενος
1238 241 1329 282 ἄρχειν
1346 244 1398 272 τῶν
1424 245 1523 280 ἐθνῶν,
1548 245 1591 274 ἐπ’
1617 246 1699 286 αὐτῷ
1724 245 1789 282 ἔθνη
1807 249 1844 277 ἐλ-

187 280 315 309 stimonia
330 280 453 316 protulit,
466 285 496 308 ut
507 281 665 309 ostenderet
677 287 771 318 gentes
781 287 909 318 oportere
917 284 987 312 uniri

185 325 296 359 Iudaeis,
322 328 403 361 atque
426 324 498 353 idem
523 325 625 354 sentire
652 336 658 353 :
690 331 717 354 et
739 327 852 355 Judazos
875 328 984 364 quidem

185 369 356 405 comprimit,
380 377 415 397 ne
437 369 597 398 attollantur
618 370 748 399 adversus
776 376 869 408 gentes
898 381 985 401 :nam

187 414 330 451 prophetae
358 422 455 442 omnes
477 423 522 443 eas
549 415 683 444 vocabant
701 425 707 443 :
722 424 833 444 rursum
858 418 984 454 gentibus

186 458 333 496 persuadet
346 466 382 487 ne
396 458 492 487 cristas
507 460 613 496 erigant
626 468 689 488 cum
702 461 823 490 ostendit
837 469 883 490 eas
897 463 984 491 multo

187 504 263 540 plura
270 503 370 532 debere
376 505 444 540 Deo,
452 505 552 541 quippe
560 513 622 541 quae
631 513 767 542 majorem
773 507 891 542 gratiam
902 508 985 543 108

189 548 353 584 acceperint.
369 549 440 577 Nam
457 557 520 577 cum
547 558 603 577 non
623 551 741 586 populus
757 555 858 585 essent,
883 553 984 588 populo

187 593 255 621 aniti
266 597 340 621 sunt.
355 593 438 630 Quod
450 601 516 622 vero
529 594 577 628 ait,
591 606 604 620 (ι
621 595 778 623 Conﬁtebor
792 596 841 624 tibi
856 596 883 624 in
896 604 947 632 gen
953 596 985 624 ti-

187 637 248 671 bus,
277 649 288 662 ι
313 646 344 665 ex
360 645 476 674 persona
491 638 592 667 Christi
600 639 704 668 dictum
726 645 777 674 est,
800 648 849 676 pro
863 648 895 669 eo
910 641 984 677 quod

189 687 245 716 est,
261 683 422 711 Prazdicabo
436 687 462 711 te
484 684 514 711 in
535 685 671 720 gentibus,
687 693 704 713 ο
723 686 811 713 Pater.
828 687 875 719 At,
896 697 909 710 ει
926 686 985 714 Erit

186 727 263 755 radix
286 728 371 762 Jesse,
393 740 406 752 ιι
423 728 610 764 accipiendum
627 734 668 757 est
684 737 743 764 pro,
758 737 790 757 ex
805 729 895 758 radice
908 731 985 759 Jesse

186 772 362 807 germinabit,
386 772 435 809 qui
456 778 582 810 exsurget
609 773 746 802 dominari
771 775 910 811 gentibus,
931 774 985 803 hoc

186 820 228 844 est
242 816 377 845 Christus.

218 908 305 935 Vitas.
331 909 375 935 13.
406 916 419 933 ι(
439 909 515 936 Deus
532 911 625 936 autem
639 908 696 944 spei
717 909 822 945 repleat
845 917 893 937 vos
907 910 982 938 omni
998 902 1021 933 Β

184 951 282 987 gaudio
296 955 323 979 et
337 959 402 988 pace
416 953 446 979 in
459 952 608 986 credendo,
625 957 655 981 ut
675 953 820 982 abundetis
834 954 863 981 in
881 961 938 990 spe,
953 954 982 982 in

185 996 286 1024 virtute
309 996 429 1032 Spiritus
452 997 549 1024 sancti.
575 1009 587 1020 ι
613 999 733 1034 Exoptat
759 998 836 1034 ipsis,
859 1002 890 1026 ut
904 999 981 1026 omni

184 1040 276 1069 latitia
291 1041 446 1076 repleantur
468 1041 556 1070 Judzei
572 1051 578 1069 :
601 1050 664 1070 nam
683 1042 820 1078 objurgati
834 1043 982 1071 contrista-

185 1085 304 1113 bantur:
329 1093 361 1113 ac
379 1090 411 1113 ut
431 1094 496 1122 pace
519 1086 681 1114 imbuantur
694 1086 837 1115 credentes
848 1095 880 1115 ex
893 1089 982 1124 genti-

186 1130 236 1158 bus
259 1139 266 1157 :
292 1129 309 1158 ii
332 1138 450 1166 namque
471 1131 633 1159 videbantur
657 1139 716 1159 esse
749 1131 850 1160 infensi
878 1132 911 1160 iis
936 1133 983 1168 qui

185 1175 242 1211 lege
256 1174 347 1203 adhuc
360 1175 533 1209 tenebantur,
549 1176 590 1203 vel
612 1177 703 1211 potius
724 1180 753 1204 ut
772 1177 880 1212 utrique
906 1181 982 1205 utro-

185 1227 238 1256 que
249 1219 415 1255 repleantur,
439 1220 542 1256 gaudio
566 1220 670 1249 scilicet
689 1225 716 1248 et
736 1228 809 1257 pace.
824 1220 907 1249 Unde
918 1229 982 1249 vero

188 1264 264 1292 istud
294 1263 364 1292 ﬁat?
386 1264 539 1293 Credendo.
561 1265 643 1294 Fides
657 1269 750 1293 autem
775 1265 809 1294 ad
823 1265 890 1301 quid
903 1265 984 1294 nobis

183 1309 313 1344 prodest?
335 1310 375 1337 Ut
395 1309 578 1338 exuberemus
598 1310 629 1337 in
652 1317 710 1346 spe.
735 1309 811 1346 Quid
829 1310 904 1338 enim
926 1310 982 1338 ﬁde

183 1353 362 1390 apprehendit
386 1353 479 1383 futura
511 1354 594 1388 bona,
619 1355 761 1390 praesentia
787 1362 844 1383 non
867 1355 982 1383 moleste

182 1397 285 1433 ferens,
302 1398 346 1427 hic
360 1406 425 1427 sane
445 1407 493 1434 spe
519 1399 650 1432 abundat,
673 1399 805 1427 nimirum
830 1407 892 1435 quae
916 1407 982 1427 ven-

183 1446 244 1471 tura
265 1448 329 1472 sunt
348 1448 519 1479 exspectans,
534 1444 684 1480 omniaque
709 1444 877 1479 temporaria
910 1444 980 1471 mali

185 1495 213 1518 et
225 1490 342 1518 adversa
357 1490 504 1518 sufferens.
526 1490 630 1526 Ecquid
650 1498 732 1526 porro
746 1498 809 1526 spes
821 1490 900 1518 nobis
918 1499 981 1518 con-

1041 289 1142 317 πιοῧσι.
1162 300 1174 312 ν
1201 287 1308 320 Ταύτας
1328 287 1418 322 πάσας
1433 288 1481 322 τὰς
1507 290 1663 330 μαρτυρίας
1689 292 1843 330 παρήγαγε,

1039 330 1154 367 δεικνὺς,
1187 331 1228 360 ὅτι
1266 332 1304 360 δεῖ
1330 334 1449 368 ἡνῶσθαι
1477 332 1536 368 τοὺς
1559 333 1586 368 ἐξ
1621 336 1708 365 ἐθνῶν
1739 336 1794 370 τοῖς
1821 337 1843 370 ἐξ

1040 374 1188 412 Ἰουδαίων,
1216 376 1262 406 καὶ
1286 377 1316 406 τὸ
1343 377 1407 406 αὐτὸ
1431 380 1534 418 φρονεῖν
1556 390 1564 397 ·
1587 379 1639 409 καὶ
1662 379 1728 413 τοὺς
1752 379 1800 419 μὲν
1822 381 1844 414 ἐξ

1041 417 1175 450 Ἰουδιίων
1200 422 1406 458 καταστέλλων,
1432 421 1476 451 ἵνα
1502 422 1541 461 μὴ
1570 417 1758 464 ἐπαίρωνται-
1779 426 1843 455 κατὰ

1039 466 1090 494 τῶν
1114 464 1140 499 ἐξ
1172 467 1253 496 ἐθνῶν
1272 478 1279 485 ·
1306 468 1330 495 οἳ
1355 467 1407 506 γὰρ
1435 471 1571 507 προφῆται
1605 469 1712 502 πάντες
1743 469 1842 503 τούτους

1039 509 1150 539 ἐκάλουν
1166 522 1172 528 ·
1196 510 1256 544 τοὺς
1271 510 1296 539 δὲ
1324 510 1350 544 ἐξ
1375 513 1455 541 ἐθνῶν
1471 512 1553 542 πάλιν
1575 513 1683 542 πείθων
1699 515 1841 545 συνεστάλ-

1039 556 1099 590 θαι,
1114 556 1152 594 τῷ
1167 554 1248 589 δεῖξαι
1270 555 1380 585 πλείονα
1405 558 1561 596 ὀφείλοντας
1584 559 1626 597 τῷ
1643 559 1727 598 Θεῷ,
1745 561 1781 592 ὣς
1802 560 1842 588 καὶ

1038 598 1148 628 πλείονα
1163 599 1293 634 λαϐόντας
1314 601 1406 640 χάριν.
1428 599 1526 636 Ὄντες
1539 601 1592 642 γὰρ
1609 604 1642 632 οὗ
1668 603 1754 642 λαὸς,
1774 604 1840 640 ἡνώ-

1037 645 1170 684 θησαντῷ
1190 646 1258 685 λαῷ.
1284 645 1325 675 Τὸ
1338 646 1380 681 δὲ,
1400 659 1412 672 α
1435 645 1697 686 Ἐξομολογήσομαί
1718 659 1761 677 σοι
1774 649 1806 677 ’ἐν
1819 649 1841 678 ἔ-

1039 690 1140 725 θνεσιν,
1152 690 1204 718 -ἐχ
1216 689 1360 732 προσώπου
1374 693 1421 720 τοῦ
1435 692 1554 731 Χριστοῦ
1570 692 1695 732 είρητςι,
1711 692 1769 722 ἀντὶ
1785 696 1838 729 τοῦ,

1039 733 1156 773 Κηρύξω
1178 734 1204 753 ⁵³
1214 729 1286 770 σε,ὦ
1305 735 1404 775 Πάτερ,
1421 737 1447 766 ἐν
1462 729 1517 770 τοῖς
1531 729 1633 768 ἔθνεσι,
1651 729 1694 767 Τὸ
1710 737 1754 775 δὲ,
1769 751 1780 764 ι
1794 735 1840 767 Ἔ-

1038 790 1099 807 σται
1113 781 1130 814 ἡ
1145 779 1203 820 ῥίζα
1218 782 1265 808 τοῦ
1283 779 1400 816 Ἰεσσαὶ,
1416 794 1429 807 ι
1446 781 1505 810 ἀντὶ
1517 784 1582 816 τοῦ,
1598 782 1633 811 ἐκ
1648 784 1698 818 ἧς
1713 781 1785 821 ῥίζης
1797 785 1838 811 τοῦ

1042 822 1142 853 Ἰεσσαὶ
1159 824 1303 863 βλαστήσει
1318 826 1333 853 ὁ
1356 824 1529 863 ἀνιστάμενος
1552 825 1652 866 ἄρχειν
1680 828 1731 856 τῶν
1748 828 1838 861 ἐθνῶν,

1041 868 1174 897 τουτέστιν
1191 871 1205 899 ὁ
1220 869 1343 908 Χριστός.

1081 923 1097 939 α
1113 912 1146 943 Ὁ
1162 913 1189 942 δὲ
1204 914 1272 946 Θεὸς
1294 915 1341 949 τῆς
1357 913 1463 947 ἐλπίδος
1486 914 1634 954 πληρώσαι
1662 917 1735 953 ὑμᾶς
1755 914 1837 950 πάσης

1036 961 1124 997 χαρᾶς
1148 958 1194 987 καὶ
1216 958 1336 998 εἰρήνης,
1350 960 1377 987 ἐν
1392 960 1431 998 τῷ
1452 958 1606 997 πιστεύειν,
1631 961 1671 993 εἰς
1691 959 1723 989 τὸ
1743 970 1836 999 περισ-

1038 1002 1124 1032 σεύειν
1151 1003 1221 1040 sps;
1243 1003 1270 1032 ἐν
1361 1003 1462 1040 ἐλπίδι,
1485 1005 1512 1033 ἐν
1535 1004 1652 1043 δυνάμει
1687 1004 1836 1042 Πνεύματος

1038 1046 1124 1085 ἆγίου,
1143 1060 1155 1073 υ
1172 1047 1289 1087 Εὔχεται
1302 1048 1394 1088 ,αὐτοῖς
1405 1047 1450 1077 ἵνα
1466 1050 1633 1087 πληρωθῶσι
1652 1049 1744 1084 πάσης
1757 1053 1835 1088 χαρᾶς

1036 1093 1059 1120 οἱ
1076 1091 1102 1125 ἐξ
1118 1091 1252 1121 Ἰουδαίων
1265 1092 1276 1131 (
1285 1087 1357 1121 οὗτοι
1372 1092 1427 1131 γὰρ
1439 1093 1557 1130 ἠθύμουν
1578 1087 1832 1131 ἔπιπληττόμενοι)·

1038 1135 1083 1164 καὶ
1100 1136 1220 1177 εἰρήνης,
1234 1138 1258 1165 οἱ
1273 1136 1299 1170 ἐξ
1317 1138 1408 1166 ἐθνῶν·
1429 1132 1501 1166 οὗτοι
1521 1137 1572 1176 γὰρ
1590 1138 1704 1167 ἐδόκουν
1720 1139 1835 1177 ἀπεχθῶς

1036 1180 1106 1220 ἔχειν
1123 1181 1187 1220 πρὸς
1207 1181 1266 1215 τοὺς
1283 1181 1321 1210 ἔτι
1336 1183 1382 1210 τοῦ
1400 1181 1482 1219 νόμου
1497 1183 1696 1220 ἀντεχομένους
1715 1182 1750 1201 ³⁵⁸·
1765 1183 1831 1220 μᾶλ-

1037 1227 1081 1254 λον
1103 1225 1130 1254 δὲ
1151 1226 1295 1266 ἀμφότεροι
1312 1225 1480 1265 ἀμφοτέρων.
1506 1227 1570 1260 Πῶς
1589 1228 1615 1256 δ’
1643 1226 1676 1256 ἂν
1692 1229 1768 1256 τοῦτο
1790 1225 1833 1265 γέ-

1036 1280 1122 1307 νοιτο;
1141 1269 1189 1300 Ἐν
1200 1272 1238 1310 τῷ
1251 1270 1396 1301 πιστεύειν.
1414 1269 1449 1300 (Η
1465 1270 1492 1299 δὲ
1509 1271 1598 1305 πίστις
1613 1274 1668 1301 ποῦ
1681 1271 1825 1306 συμϐαλεῖ-

1036 1326 1080 1344 ται
1094 1317 1172 1354 ἡμῖν;
1192 1316 1236 1348 Εἰς
1259 1315 1288 1344 τὸ
1309 1315 1473 1354 περισσεύειν
1490 1316 1517 1344 ἐν
1541 1318 1574 1354 τῇ
1602 1317 1708 1346 ἐλπίδι.
1725 1316 1760 1346 Ὃ
1781 1316 1828 1354 γὰρ

1036 1359 1165 1390 πιστεύων
1188 1364 1241 1392 τοῖς
1255 1360 1404 1401 μέλλουσι,
1429 1359 1529 1399 καὶμὴ
1555 1360 1623 1399 πρὸς
1653 1361 1688 1390 τὰ
1711 1360 1826 1401 παρόντα

1036 1404 1225 1444 δυσχεραίνων,
1239 1400 1313 1437 οὗτος
1334 1403 1485 1443 περισσεύει
1498 1406 1524 1434 ἐν
1592 1406 1685 1435 ἐλπίδι
1695 1428 1703 1441 ,
1719 1400 1831 1443 ,ἐλπίζων

1037 1448 1069 1478 τὰ
1095 1449 1242 1487 μέλλοντα,
1269 1450 1314 1478 καὶ
1331 1449 1419 1478 πάντα
1448 1449 1586 1488 ὑπομένων
1620 1449 1654 1479 τὰ
1685 1449 1830 1489 πρόσκαιρα

1035 1493 1118 1523 δεινά.
1143 1494 1200 1522 Ποῦ
1225 1493 1252 1522 δὲ
1278 1495 1295 1529 ἡ
1314 1494 1388 1527 ἐλπὶς
1406 1496 1471 1531 ἡμῖν
1497 1493 1699 1532 ueneﬁcii-at;
1733 1494 1777 1527 Εἷς
1803 1493 1829 1521 τὸ

185 1534 259 1562 fert?
278 1536 318 1563 Ut
330 1535 506 1563 obtineamus
528 1535 660 1563 virtutem
679 1535 807 1571 Spiritus,
822 1542 886 1570 qua:
906 1543 981 1571 spem

1059 1537 1190 1580 ¹ςςήσιιιῑθαι
1213 1538 1262 1575 τὴν
1280 1538 1391 1577 δύναμιν
1413 1541 1460 1567 τοῦ
1482 1538 1560 1578 ἁγίου
1578 1538 1741 1578 Πνεύματος
1758 1549 1765 1554 ·
1779 1537 1831 1573 ἥτις

181 1585 305 1609 nostram
314 1581 457 1610 fortiorem
466 1582 706 1617 potentioremque
722 1581 833 1610 efﬁciet.
842 1583 903 1618 Ipsa
911 1583 986 1610 enim

185 1635 246 1664 spes
265 1628 382 1664 Spiritus
405 1628 557 1664 potentiam
568 1632 596 1656 et
607 1628 739 1656 virtutem
760 1629 840 1657 nobis
851 1629 988 1663 conciliat,

182 1679 210 1703 et
221 1679 320 1703 contra
334 1683 349 1703 a
364 1675 468 1711 Spiritu
482 1679 578 1704 sancto
599 1675 628 1703 in
646 1675 727 1704 nobis
742 1675 842 1704 fortior
853 1675 986 1710 redditur,

220 1768 310 1795 Vims.
323 1769 368 1795 14.
382 1778 395 1791 ι
411 1767 576 1796 Persuasum
589 1772 684 1796 autem
696 1767 797 1803 habeo,
809 1767 909 1797 fratres
918 1769 990 1800 mei,

181 1815 208 1839 et
222 1811 281 1847 ipse
295 1820 346 1848 ego
369 1811 402 1840 de
424 1812 514 1847 vobis,
530 1812 603 1848 quod
628 1817 657 1840 et
671 1813 721 1848 ipsi
737 1813 807 1849 pleni
821 1813 888 1841 estis
903 1813 988 1842 boni-

184 1859 252 1891 tate,
267 1856 364 1892 repleti
389 1857 467 1885 omni
490 1857 616 1892 scientia,
631 1861 662 1885 ut
675 1857 720 1894 qui
736 1858 843 1894 possitis
864 1862 892 1886 et
917 1858 987 1886 alios

181 1900 340 1929 admonere.
359 1914 372 1926 -
403 1902 475 1937 Quia
503 1909 576 1938 saepe
600 1902 741 1938 asperiore
766 1910 895 1930 sermone
921 1910 987 1930 usus

181 1950 232 1981 est,
260 1945 388 1982 deinceps
408 1947 517 1982 mitigat
532 1947 671 1975 eumdem.
698 1948 754 1974 Nec
776 1947 857 1981 dixit,
879 1947 986 1980 audivi,

179 1990 239 2024 sed,
257 2002 270 2015 α
296 1999 461 2026 persuasum
483 1991 583 2026 habeo,
602 2002 614 2015 ι
641 1991 694 2019 hoc
719 1996 770 2024 est,
795 1992 900 2019 certior
922 1998 984 2019 sum

179 2033 267 2063 factus
282 2047 294 2059 ιι
311 2039 339 2063 et
353 2036 411 2070 ipse
423 2043 485 2071 ego,
501 2046 514 2058 ν
531 2036 580 2071 qui
606 2043 654 2062 vos
672 2035 828 2071 objurgavi,
843 2035 890 2070 qui
905 2043 984 2063 accu-

181 2079 253 2113 savi;
271 2090 283 2102 -
299 2078 375 2114 quod
390 2079 463 2114 pleni
484 2078 550 2107 estis
576 2079 714 2113 bonitate,
740 2091 754 2104 »
780 2079 809 2107 id
823 2084 875 2113 est,
893 2084 985 2108 mente

180 2123 301 2152 fraterna
325 2124 456 2153 charitate
481 2125 662 2152 inﬂammata.
689 2124 737 2153 Vel
758 2125 914 2153 universam
929 2125 984 2152 vir-

182 2172 271 2197 tutem
286 2169 439 2197 bonitatem
460 2169 590 2205 appellat.
606 2170 663 2197 Nec
677 2170 727 2203 ait,
743 2169 850 2198 habetis
876 2169 982 2197 bonita-

180 2217 249 2247 tem,
265 2213 324 2247 sed,
352 2225 365 2239 ι
386 2213 458 2249 pleni
481 2204 557 2242 estis.
580 2226 592 2238 ιι
613 2216 652 2242 At
665 2213 738 2242 enim
753 2214 816 2250 quia
833 2213 902 2242 nihil
917 2222 981 2250 pro-
994 2204 1021 2236 D

180 2257 243 2286 dest
260 2258 360 2287 habere
374 2258 485 2294 quidem
503 2258 666 2293 bonitatem,
679 2266 731 2287 nec
743 2259 856 2287 interim
870 2259 981 2287 novisse

181 2303 229 2338 qui
247 2303 314 2331 istac
338 2303 375 2331 sit
395 2303 542 2337 utendum,
566 2311 629 2331 eam
652 2303 688 2331 ob
716 2303 851 2332 rationem
881 2303 982 2339 adjecit

182 2359 196 2372 α
215 2348 293 2375 omni
314 2347 487 2383 cognitione;
502 2347 602 2384 quippe
623 2348 669 2384 qui
685 2348 794 2384 possitis
805 2352 834 2376 et
847 2347 915 2376 alios
934 2347 982 2376 ad-

181 2400 311 2425 monere;
328 2404 340 2416 -
356 2400 412 2420 non
428 2393 518 2421 solum
534 2392 645 2429 quidem
656 2393 709 2429 ipsi
723 2393 839 2427 discere,
860 2392 909 2421 sed
930 2400 981 2429 po-

181 2437 236 2464 tius
248 2436 317 2465 alios
331 2437 414 2465 etiam
426 2437 537 2465 docere.

216 2483 305 2510 Vsus.
323 2485 367 2509 15.
393 2493 406 2508 ιι
422 2481 576 2510 Audentius
589 2487 682 2510 autem
708 2482 806 2518 scripsi
825 2481 912 2516 vobis,
926 2481 980 2510 fra-

180 2529 246 2558 tres,
270 2534 304 2554 ex
341 2530 431 2562 parte,
466 2527 550 2555 veluti
579 2526 832 2555 commonefaciens
867 2534 926 2554 vos.
965 2539 979 2552 υ

179 2571 294 2599 Summa
308 2571 440 2608 dignitate
452 2572 593 2607 conspicui
607 2575 687 2599 erant
700 2572 833 2605 Romani,
846 2579 879 2599 ac
891 2572 980 2600 multo

180 2615 253 2644 fastu
268 2616 424 2652 turgebant.
440 2618 509 2644 Eam
524 2616 559 2644 ob
574 2624 635 2644 rem
654 2623 702 2644 eos
725 2616 791 2644 lenit
813 2621 841 2644 et
862 2616 979 2652 mitigat,

177 2660 246 2689 dum
261 2661 309 2695 ait,
326 2673 338 2686 ιι
356 2665 448 2689 Ausus
463 2660 513 2689 fui.
534 2673 546 2685 υ
562 2662 635 2689 Nam
649 2669 697 2697 per
708 2660 762 2689 hoc
772 2660 888 2689 verbum
902 2661 980 2689 valde

178 2707 297 2734 conterit
312 2714 369 2734 eos.
387 2707 482 2742 Neque
500 2714 532 2734 eo
555 2709 703 2734 contentus
723 2710 774 2740 est,
800 2706 847 2734 sed
859 2705 976 2740 addidit,

1044 1578 1078 1612 αὖ
1099 1582 1148 1618 τὴν
1173 1583 1268 1612 ἐλπίδα
1292 1585 1370 1622 ἡμῶν
1397 1583 1581 1624 δυνατωτέραν
1611 1583 1753 1623 ἐργάσεται
1783 1583 1831 1612 Καὶ

1044 1627 1161 1666 προξενεῖ
1181 1627 1233 1667 γὰρ
1258 1630 1323 1666 ἡμῖν
1349 1627 1398 1663 τὴν
1423 1627 1534 1666 δύναμιν
1562 1630 1611 1657 τοῦ
1639 1628 1792 1666 Πνεύματος
1816 1629 1829 1661 ἡ

1044 1671 1127 1705 ἐλπίς·
1155 1672 1200 1701 καὶ
1216 1672 1297 1702 πάλιν
1314 1671 1365 1701 ὑπὸ
1386 1675 1434 1701 τοῦ
1457 1672 1534 1711 ἁγίου
1550 1673 1710 1712 Πνεύματος
1724 1674 1751 1702 ἐν
1773 1673 1830 1710 ἡμῖν

1044 1717 1219 1757 κρατιιοτέρα
1233 1717 1344 1757 γίνεται.

1089 1772 1103 1790 (ι
1118 1762 1272 1800 Πέπεισμαι
1285 1761 1327 1797 δὲ,
1343 1761 1452 1801 ἀδελφοί
1467 1774 1518 1800 μου
1528 1785 1536 1798 ,
1554 1762 1601 1792 καὶ
1616 1762 1696 1795 αὐτὸς
1711 1761 1762 1800 ἐγὼ
1775 1759 1828 1798 περὶ

1043 1807 1132 1844 ὑμῶν,
1157 1806 1198 1836 ὅτι
1212 1806 1258 1836 καὶ
1287 1806 1361 1836 αὐτοὶ
1385 1806 1478 1844 μεστοί
1494 1809 1554 1836 ἐστε
1571 1806 1762 1846 ἀγαθωσύνης,
1787 1815 1828 1832 πε-

1042 1851 1212 1891 πληρωμένοι
1226 1851 1312 1887 πάσης
1327 1851 1462 1890 γνώσεως,
1478 1851 1623 1890 δυνάμενοι
1641 1851 1688 1881 καὶ
1707 1848 1828 1882 amch

1042 1898 1180 1925 νουθετεῖν.
1207 1908 1222 1924 ιν
1240 1895 1352 1931 Ἐπειδὴ
1366 1897 1505 1936 πολλαχοῦ
1521 1895 1744 1937 τραχύτερονᾼτὸν
1759 1893 1827 1931 λόγον

1041 1940 1166 1977 ἐποίησε,
1201 1940 1342 1980 θεραπεύει
1375 1935 1476 1970 λοιπόνξ
1518 1935 1590 1971 Keil
1604 1942 1654 1971 οὐχ
1681 1935 1766 1974 εἶπεν,
1791 1936 1828 1965 ὅτι

1040 1984 1177 2019 Ἤκουσα,
1192 1986 1260 2014 ἀλλὰ
1274 2009 1281 2021 ,
1301 1997 1316 2013 ιι
1329 1986 1500 2023 Πέπεισμαι,
1518 1999 1530 2011 ι
1545 1985 1684 2022 τουτέστι,
1706 1983 1827 2018 πεπληρο-

1040 2030 1159 2071 φόρημαι
1175 2030 1220 2059 καὶ
1236 2029 1313 2063 αὐτὸς
1333 2029 1386 2069 ἐγὼ
1406 2032 1420 2059 ὁ
1436 2031 1567 2069 ἐπιτιμῶν
1586 2032 1661 2069 ὑμῖν,
1675 2031 1689 2058 ό
1703 2027 1824 2066 ἐγκαλῶν,

1043 2087 1056 2103 α
1075 2074 1115 2104 ὅτι
1129 2075 1221 2113 μεστοί
1237 2076 1296 2104 ἐστε
1323 2074 1514 2114 ἀγαθωσύνης,
1527 2086 1542 2104 ι)
1563 2075 1715 2110 τουτέστιν,
1735 2072 1824 2110 ἀγαθῆς

1038 2118 1146 2158 γνώμης
1160 2119 1207 2149 χαὶ
1234 2118 1396 2159 φιλαδέλφου
1412 2131 1418 2137 ·
1433 2118 1450 2155 ἣ
1468 2119 1515 2148 καὶ
1535 2119 1681 2160 ὁλόκληρον
1702 2116 1747 2160 τὴν
1767 2116 1821 2153 ἄρε-

1037 2163 1084 2199 τὴν
1107 2164 1277 2202 ἆγαθωσύνην
1304 2164 1389 2192 καλεῖ.
1414 2163 1469 2193 Καὶ
1484 2164 1533 2192 οὖιι
1559 2159 1650 2200 εἶπεν,
1676 2163 1716 2192 ὅτι
1730 2159 1820 2198 Ἔχετε

1035 2208 1208 2247 ἄγαθωσύνην
1219 2231 1228 2244 ,
1244 2208 1313 2244 ἀλλ’,
1328 2209 1368 2238 ὅτι
1387 2219 1401 2237 α
1416 2208 1518 2238 Meo-ret
1532 2209 1603 2239 ἐστε.
1620 2220 1636 2237 n
1656 2206 1734 2238 Ἐπεὶ
1747 2203 1772 2233 δὲ
1784 2203 1822 2247 oti-

1036 2245 1078 2282 δέν
1099 2252 1192 2293 ὄφελος
1215 2252 1286 2293 ἔχειν
1313 2254 1362 2292 μὲν
1388 2251 1576 2292 ἀγαθωσύνην,
1601 2253 1640 2291 μὴ
1668 2250 1760 2281 εἰδέναι
1779 2245 1820 2281 δὲ,

1036 2299 1092 2330 πῶς
1119 2298 1159 2327 δεῖ
1186 2299 1303 2337 χρῆσθαι
1331 2297 1433 2338 ταύτῃ,
1469 2298 1513 2327 διὰ
1539 2300 1618 2327 τοῦτο
1646 2294 1788 2336 προσέθηκε
1814 2301 1820 2306 ”

1036 2355 1048 2368 ι
1061 2341 1157 2378 Ποία-ης
1169 2342 1289 2381 γνώσεως
1300 2364 1309 2379 ,
1325 2342 1465 2380 δυνάμενοι
1482 2341 1528 2371 καὶ
1544 2343 1640 2376 ἄλλους
1652 2339 1776 2371 νουθετεῖν
1786 2348 1791 2354 ·
1803 2345 1815 2362 ιι

1036 2387 1095 2426 οὖχὶ
1111 2387 1190 2425 μόνον
1210 2386 1366 2425 μανθάνειν,
1379 2385 1449 2416 ἀλλὰ
1466 2388 1568 2425 μᾶλλον
1583 2387 1629 2417 καὶ
1645 2386 1785 2416 διδάσκιιν.

1077 2489 1093 2507 ιι
1109 2477 1314 2518 Τολμηρότερον
1339 2477 1367 2507 δὲ
1391 2477 1496 2518 ἔγραψα
1518 2479 1599 2516 ὑμῖν,
1625 2473 1730 2514 ἀδελφοὶ
1738 2495 1753 2518 ,Π
1773 2468 1818 2498 ἀπὸ

1034 2523 1142 2562 μέρους,
1164 2516 1470 2560 ὡς’ἐπαναμιμνήσπων
1493 2523 1572 2563 ὗμᾷς.
1594 2533 1608 2551 ι
1627 2521 1672 2552 Ἐν
1697 2516 1815 2563 ἆξιῷμξτξ

1034 2559 1102 2604 ἦσαν
1115 2568 1140 2596 οἱ
1155 2566 1288 2603 Ῥωμαῖοι
1299 2559 1370 2603 ,καὶ
1391 2567 1492 2603 πολλὴν
1509 2559 1587 2607 ἐἶχον
1608 2561 1771 2612 φλεγμονῆς
1781 2559 1816 2612 ξιδ

1034 2611 1173 2652 θεραπεύει
1189 2611 1281 2644 αὐτοὺς
1304 2612 1330 2640 ἐν
1345 2613 1384 2651 τῷ
1404 2611 1490 2650 λέγειν
1509 2623 1516 2630 ·
1535 2605 1698 2649 Ἒτόλμησα-
1716 2620 1727 2633 ι
1749 2605 1814 2652 af":

1034 2643 1086 2697 γάρ
1109 2657 1233 2697 καταχλᾷ
1247 2643 1355 2690 τούτους
1369 2643 1422 2685 Ιδιὰ
1440 2643 1534 2686 ἶτούτου
1556 2658 1601 2686 τοῦ
1616 2643 1751 2700 priuatos:
1768 2643 1814 2700 Κξὶ

1035 2694 1093 2731 οὐδὲ
1108 2701 1192 2742 τούτῳ
1211 2694 1347 2742 άρχεῖται,
1366 2700 1435 2730 ἀλλὰ
1456 2694 1642 2742 προσέθηκεν-⁸
1668 2710 1681 2727 α
1700 2694 1756 2726 Ἀπὸ
1769 2694 1812 2730 μί’

874 2764 968 2793 Varia:
990 2765 1141 2796 lectiones.

215 2831 236 2848 ⁵⁸
251 2831 412 2868 ἀνακηρύττειν
427 2840 454 2860 ο.
494 2831 515 2849 ⁵³
529 2831 688 2867 ἐξεχομὲνους
700 2839 727 2859 0.
767 2831 789 2848 ⁸ο
805 2831 932 2865 ἀλλήλους
948 2839 987 2859 m.
