1881 3081
62 176 109 203 541

510 173 685 202 EXPOSlTlO
705 173 738 202 ΙΝ
758 174 860 202 EPIST.
882 175 927 203 AD
948 175 1030 203 ROM.
1050 191 1085 196 —
1103 177 1178 205 CAP.
1201 179 1257 207 XV.

1655 181 1706 208 542

62 248 168 283 pauci!)
194 237 345 283 τουτέστιν,
369 236 472 277 ἠρέμα,
489 236 544 283 οιαὶ
559 235 606 283 λδιὰ
632 236 755 283 βραχέιυν
773 249 778 254 ·
805 237 850 267 καὶ
867 240 894 273 Α

947 239 979 266 Ex
1000 242 1088 274 parte,
1114 250 1127 264 ι
1147 240 1202 283 hoc
1225 244 1268 269 est
1281 241 1396 277 placide,
1411 246 1438 269 et
1452 243 1547 278 paucis
1567 253 1573 270 :
1597 250 1630 271 ac
1649 251 1706 272 non

60 281 167 321 οὖχὩς
190 281 337 316 διδάσκων,
364 282 437 320 ἀλλ’,
454 296 466 308 ι
487 281 535 315 Ὡς
554 280 800 320 ἐπαναμιμνήσκων
812 305 821 321 ,
835 292 851 311 1>

62 325 178 356 τουτέστι
195 326 286 366 μικρόν
300 338 325 355 τι
341 326 562 364 ἀναμιμνήσκων.

99 385 110 398 ι
121 371 173 401 Διὰ
184 370 231 406 τὴν
245 370 322 410 χάριν
337 370 382 388 ⁶⁰¹
395 370 442 407 τὴν
456 370 576 401 δοθεῖσάν
593 382 637 408 μοι
649 370 701 400 ὑπὸ
714 373 760 401 τοῦ
773 372 856 408 Θεοῦ,

61 417 94 448 εἷς
120 415 150 444 τὸ
177 410 244 445 εἶναί
269 427 302 453 με
327 415 476 456 λειτουργὸν
504 415 592 452 Ἰησοῦ
618 417 738 455 Χριστοῦ
761 415 854 454 εἶςζτὰ

63 461 135 496 ἔθνη,
156 461 343 499 ἱερουργοῦντα
363 459 393 489 τὸ
412 460 575 500 Εὖαγγέλιον
598 461 646 490 τοῦ
663 461 746 490 Θεοῦ.
766 474 776 486 υ
793 461 852 490 Τα-

63 504 208 544 πεινότερον
223 503 266 533 τὸν
280 504 357 542 λόγον
377 506 479 541 ποιῶν,
496 504 584 544 λέγει,
605 503 646 534 ὅτι
667 505 726 535 Οὖκ
746 506 855 545 ἐμαυτῷ

63 549 167 589 ἥρπασα
194 547 242 584 τὴν
269 548 367 587 τιμὴν,
394 550 452 579 ἀλλ’
479 552 492 579 ὁ
507 549 575 583 Θεὸς
603 552 680 579 τοῦτο
710 549 832 584 ἐπέταξεν
845 573 853 585 ,

66 593 187 634 ἀφορίσας
219 605 254 631 με
279 594 315 627 εἰς
331 596 427 623 τοῦτο·
451 595 502 634 οὐχ
525 595 561 628 ὡς
583 593 670 631 ἄξιον,
696 594 765 624 ἀλλὰ
785 595 854 624 κατὰ

64 633 144 678 χᾶριν.
159 638 206 672 Εἷς
230 638 256 667 τί
278 637 306 668 δὲ
320 638 395 676 ἐδόθη
411 650 457 678 μοι
512 638 607 678 χάρις
628 639 673 672 Εἰς
692 639 722 668 τὸ
738 633 804 668 εἷναί
821 651 854 678 με

63 683 207 722 λειτουργὸν
232 682 278 712 καὶ
302 683 375 723 ἱερέα
402 686 447 713 τοῦ
473 683 652 723 Εὖπιγγελίου.
697 683 745 720 Μὴ
768 684 854 713 τοίνυν

65 739 105 766 μοι
129 727 286 768 μέμφεσθε,
310 728 356 758 ἐὰν
379 728 441 766 ὑμῖν
459 730 544 767 ὁμιλῶ
561 740 568 747 ·
592 728 660 765 αὕτη
676 728 728 769 γάρ
752 740 796 768 μοι
815 729 855 757 ἱε-

66 771 163 811 ρωσύνη
175 794 183 808 ,
201 772 232 801 τὸ
251 773 440 812 καταγγέλλειν
463 773 493 802 τὸ
518 771 691 811 Εὖαγγέλιον.
711 773 856 813 Μάχαιραν

65 816 115 856 ἔχω
130 817 174 846 τὸν
189 816 286 856 λόγον·
313 817 389 846 ουσία
412 817 471 847 ἐστὶ
495 817 580 856 ὗμιῖς.
610 817 659 851 Τίς
685 817 707 847 δ’
727 817 759 847 ἂν
782 818 854 857 μέμ-

67 863 136 901 ψοιτο
155 863 193 902 τῷ
207 863 275 901 ἱερεῖ
289 861 336 897 τὴν
357 862 492 903 μάχαιραν
516 861 641 902 ἐπάγοντι
657 867 711 896 τοῖς
730 862 795 903 πρὸς
810 865 857 892 θυ-

68 906 123 935 σίαν
137 906 329 947 ἕφωρισμίνοις
339 919 347 943 ',

104 1008 119 1024 ι
135 995 194 1026 Ἵνα
215 995 327 1035 γένηται
350 999 367 1032 ἡ
383 996 522 1037 προσφορὰ
543 998 596 1027 τῶν
621 998 701 1027 ἐθνῶν
716 996 858 1037 εὐπρόσδε-

66 1053 137 1075 κτος,
154 1041 307 1080 ἡγιασμένη
332 1043 358 1071 ἐν
381 1041 520 1080 Πνεύματι
542 1041 618 1082 ἁγίῳ.
631 1057 642 1068 ι
669 1042 731 1082 Οὖχ
745 1041 788 1071 ἵνα
805 1042 859 1081 ἐγὼ

66 1085 186 1123 δοξασθῶ,
198 1086 243 1115 διὰ
257 1089 334 1116 τοῦτο
343 1086 390 1116 χαὶ
402 1088 462 1125 ὑμῖν
474 1086 586 1127 ἔγραψα·
599 1087 658 1116 ἀλλ’
669 1086 712 1115 ἵνα
725 1086 770 1116 καὶ
785 1088 858 1126 ὗμεῖς

67 1129 128 1167 μετὰ
139 1131 189 1159 τῶν
203 1130 293 1160 ἄλλων
303 1131 408 1170 [ἐθνῶν]
427 1133 530 1167 σωθῆτε
542 1153 549 1167 ,
569 1131 615 1160 καὶ
627 1130 695 1160 οὕτω
713 1130 824 1170 γένηται
839 1134 856 1168 ἡ

68 1175 195 1215 προσφορὰ
221 1177 275 1204 τῶν
300 1176 379 1205 ἐθνῶν
406 1176 556 1217 ὁλοκλήρως
587 1175 794 1216 εὐπρόσδεκτος,
823 1178 859 1210 ὥς

68 1219 166 1249 πάντων
190 1220 447 1260 καρποφορουμένων
469 1221 507 1261 τῷ
523 1222 597 1260 Θεῷ.
614 1234 625 1246 ι
641 1219 809 1260 Ἣγιασμίνη
830 1222 856 1251 ἕν

70 1263 198 1303 Πνεύματι
218 1264 288 1305 ἆγίῳ
299 1287 307 1301 ,
326 1276 340 1293 n
357 1264 509 1302 τουτέστιν,
528 1267 554 1294 ἐν
579 1265 699 1305 πολιτείᾳ
715 1265 856 1306 [καθαρᾷ]

69 1311 233 1350 πνευματικῇ.
242 1310 285 1340 Οὔ
296 1309 347 1350 γὰρ
360 1309 448 1342 πίστις
459 1309 526 1348 μόνη
534 1310 648 1348 ἁγιάζει,
662 1310 782 1339 ἀλλὰκαὶ
793 1310 856 1349 βίος.

71 1353 257 1388 Πιστεύσαντες
275 1353 388 1394 μὲνγὰρ
413 1354 458 1383 καὶ
484 1355 691 1392 βαπτισθέντες,
718 1354 856 1392 λαμϐάνο-

71 1410 112 1436 μεν
137 1399 165 1429 τὸ
180 1400 297 1437 Πνεῦμα
325 1411 332 1418 ·
361 1399 419 1429 ἀλλ’
446 1399 492 1429 ἐὰν
518 1399 556 1438 μὴ
582 1399 627 1428 καὶ
653 1399 709 1439 βίον
732 1399 855 1440 ἔχωμεν,

71 1442 198 1472 σϐέννυται
223 1446 242 1480 ἡ
269 1444 347 1484 χάρις
361 1446 408 1473 τοῦ
432 1443 600 1483 Πνεύματος.
620 1443 804 1474 Καταστίλλει
829 1445 856 1474 δὲ

70 1486 99 1516 τὰ
112 1488 267 1527 φρονήματα
288 1490 340 1518 τῶν
365 1487 525 1527 Ῥωμαίων,
549 1488 617 1518 ὥστε
642 1488 680 1527 μὴ
705 1488 856 1524 ἀπαξιῶσαι

70 1531 214 1562 διδάσκαλον
232 1533 306 1573 ἔχειν
323 1533 366 1563 τὸν
382 1533 470 1562 πάντα
490 1532 524 1562 τὰ
549 1533 607 1570 ἔθνη
631 1533 800 1574 προσάγοντα
817 1535 857 1575 τῷ

71 1576 134 1608 Qui.

108 1632 122 1650 ε
138 1619 214 1662 Ἐχω
244 1617 290 1652 οὖν
319 1621 452 1662 καύχησιν
478 1623 505 1652 ἐν
530 1623 639 1663 Χριστῷ
669 1622 759 1659 Ἰησοῦ
790 1623 856 1663 πρὸς

70 1665 140 1696 Θεόν.
154 1678 166 1694 ε
183 1666 360 1700 Ταπεινώσας
377 1666 468 1696 ἑαυτὸν
484 1667 585 1708 σφόδρα
596 1690 605 1707 ,
627 1669 670 1696 νῦν
686 1663 761 1701 αὖθις
780 1667 856 1697 ἐπαί-

72 1721 105 1748 ρει
121 1710 161 1740 τὸν
184 1711 281 1751 λόγον,
295 1710 364 1740 ὥστε
381 1711 418 1749 μὴ
438 1711 666 1752 εὐκαταφρόνητος
685 1711 758 1746 δόξαι
776 1721 783 1729 ⁶
810 1711 856 1742 χαί

70 1765 154 1794 φησιν,
168 1755 207 1785 ὅτι
221 1769 233 1783 ιι
246 1755 328 1796 Ἐχω
342 1756 491 1796 καύχησιν,
509 1770 518 1782 ι
535 1757 583 1785 οὐχ
604 1757 630 1786 ἐν
649 1757 757 1796 ἐμαυτῷ
769 1779 778 1795 ,
797 1755 855 1786 οὐδὲ

71 1799 93 1827 ἐν
148 1800 197 1840 ἐμῇ
224 1801 329 1840 σπουδῇ
340 1823 348 1837 ,
373 1800 432 1830 ἀλλ’
447 1802 473 1829 ἓν
544 1803 589 1830 τοῦ
610 1802 729 1841 Χριστοῦ
751 1801 853 1841 χάριτι.

71 1843 121 1872 Ποῦ
141 1843 167 1874 δὲ
190 1846 355 1885 καυχῶμαις
381 1846 426 1879 Εἰς
449 1845 482 1874 τὰ
507 1845 571 1886 πρὸς
595 1845 664 1876 Θιόν
680 1857 686 1864 ·
708 1845 855 1882 τουτέστιν,

71 1887 111 1916 οὐκ
125 1889 158 1923 εἷς
167 1889 200 1918 τὰ
210 1889 344 1930 τυχόντα,
358 1890 417 1920 ἀλλ’
434 1891 470 1924 εἷς
485 1889 517 1919 τὰ
533 1890 715 1927 πνευματικοί.

110 2032 123 2050 (ι
134 2023 171 2052 Οὖ
185 2022 236 2064 γὰρ
246 2023 377 2061 τολμήσω
391 2035 417 2053 τι
438 2025 555 2060 λαλῆσαι
570 2019 607 2054 ὧν
625 2025 653 2054 οὗ
670 2025 693 2043 ⁶⁴
712 2024 855 2065 κατειργά-

71 2077 128 2096 σατο
151 2069 262 2107 Χριστὸς
293 2067 325 2097 δι’
358 2069 438 2106 ἐμοῦ,
467 2069 502 2102 εἰς
531 2069 649 2104 ὑπακοὴν
675 2071 754 2099 ἐθνῶν
784 2069 856 2110 λόγῳ

71 2111 109 2140 καὶ
122 2111 193 2152 ἔργῳ.
209 2113 261 2143 Ἐν
276 2113 387 2151 δυνάμει
412 2113 531 2152 σημείων
549 2113 594 2143 καὶ
610 2114 726 2154 τεράτων
736 2136 743 2150 ,
766 2115 793 2144 ἐν
808 2114 854 2143 δυ-

70 2154 139 2193 νάμει
159 2157 316 2196 Πνεύματος
341 2159 421 2188 Θεοῦ.
436 2171 448 2184 ιι
473 2158 583 2194 Ἐπειδὴ
605 2154 695 2195 εἶπεν,
720 2158 761 2188 ὅτι
777 2161 855 2189 Λειτ-

911 283 992 312 veluti
1003 283 1116 317 docens,
1132 280 1191 318 sed,
1220 297 1233 310 ιι
1250 286 1332 314 veluti
1347 287 1609 320 commonefaciens,
1626 299 1638 311 ιι
1653 287 1705 316 hoc

910 331 964 361 est,
979 329 1113 364 paulatim
1133 329 1160 358 in
1175 331 1338 358 memoriam
1353 339 1493 359 revocans.

946 375 1036 403 Vsus.
1055 377 1098 408 15,
1116 377 1159 403 16.
1183 387 1195 399 ι
1210 376 1326 411 Propter
1338 376 1456 412 gratiam
1479 383 1542 412 quas
1560 376 1629 404 mihi
1644 376 1707 405 data

909 422 951 446 est
965 427 980 446 a
997 419 1079 455 109
1094 421 1162 448 Deo.
1177 420 1218 448 Ut
1230 427 1320 448 essem
1328 428 1380 456 ego
1391 420 1518 448 minister
1528 421 1592 449 Jesu
1602 421 1706 449 Christi

909 463 981 491 inter
991 468 1100 500 gentes,
1121 464 1294 493 sanctificans
1310 465 1486 501 Evangelium
1502 465 1563 493 Dei.
1581 477 1592 490 ι
1609 466 1708 493 Humi-

910 508 1009 537 liorem
1019 508 1248 538 modestioremve
1259 517 1415 538 sermonem
1428 518 1510 538 suum
1522 509 1634 544 faciens.
1646 511 1707 538 Non

909 553 977 582 mihi
992 553 1058 590 ipse,
1072 553 1172 590 inquit,
1194 553 1329 583 honorem
1343 555 1432 591 rapui,
1448 555 1495 583 sed
1507 556 1583 583 Deus
1596 554 1649 582 hoc
1664 555 1704 582 in-

907 598 999 634 juuxit
1019 598 1096 632 mihi,
1121 599 1156 627 ad
1181 598 1234 628 hoc
1257 599 1349 636 ipsum
1370 607 1415 628 me
1440 599 1611 635 segreganda
1627 609 1634 627 :
1651 607 1707 627 non

909 643 984 679 quod
1006 643 1108 680 dignus
1122 651 1222 677 essem,
1244 643 1293 672 sed
1315 644 1466 673 secundum
1485 645 1602 680 gratiam
1617 652 1705 672 suam.

909 689 1049 723 Quorsum
1063 695 1126 717 vero
1137 688 1203 716 mihi
1215 689 1301 725 gratia
1316 689 1415 717 collata
1428 691 1485 718 est?
1498 690 1538 717 Ut
1552 697 1639 717 essem
1654 688 1706 717 mi-

909 733 993 761 nister
1013 741 1045 762 ac
1068 732 1197 762 sacerdos
1213 734 1360 770 Evangelii.
1389 736 1430 762 Ne
1456 734 1538 770 igitur
1555 741 1707 770 conquera-

910 778 990 812 mini,
1006 778 1028 806 si
1047 777 1081 806 ad
1097 785 1146 806 vos
1165 786 1321 806 sermonem
1335 778 1466 815 dirigam.
1491 779 1552 806 Hoc
1576 779 1651 806 enim
1665 783 1707 807 est

910 823 1110 857 sacerdotium,
1125 830 1219 851 meum
1234 823 1380 859 praedicare
1402 823 1590 859 Evangelium.
1606 823 1708 851 Culte]-

914 868 973 896 lum
996 867 1084 896 habeo
1106 875 1276 902 sermonem,
1300 868 1409 896 victima
1427 868 1492 896 estis
1511 875 1572 896 vos.
1585 868 1650 903 Quis
1664 876 1708 895 au-

916 917 972 941 tem
986 912 1154 940 accusaverit
1167 912 1337 941 sacerdotem
1357 913 1498 941 cultellum
1513 913 1707 941 admoventem

914 956 950 986 a'l
965 957 1102 985 victimam
1115 957 1282 986 destinatis?

950 1013 963 1026 α
986 1002 1026 1030 Ut
1039 1001 1086 1029 fiat
1105 1001 1208 1030 oblatio
1235 1002 1361 1038 gentium
1383 1006 1505 1038 accepta,
1532 1001 1709 1030 sancitiﬂcata

913 1046 941 1074 in
963 1046 1067 1082 Spiritu
1090 1051 1195 1075 sancto.
1215 1060 1225 1070 -
1244 1048 1306 1074 Non
1322 1050 1351 1074 ut
1363 1054 1425 1082 ego,
1442 1046 1540 1082 inquit,
1557 1045 1706 1081 gloriﬁcer,
1749 1045 1756 1050 ’

913 1090 975 1119 ideo
989 1091 1066 1120 vobis
1078 1091 1188 1128 scripsi,
1199 1091 1248 1120 sed
1262 1095 1292 1119 ut
1303 1096 1330 1119 et
1348 1099 1396 1119 vos
1411 1099 1475 1119 cum
1489 1091 1548 1119 aliis
1562 1091 1706 1119 servemini

913 1139 994 1172 atque
1008 1136 1044 1165 ita
1062 1136 1109 1164 fiat
1134 1136 1237 1164 oblatio
1251 1137 1375 1171 gentium
1390 1143 1500 1172 prorsus
1521 1135 1707 1172 acceptabilis,

912 1180 1042 1209 omnibus
1055 1182 1115 1209 Deo
1128 1180 1367 1209 fructiﬁcantibus.
1386 1193 1398 1204 ιι
1416 1180 1591 1209 Sanctiﬁcata
1604 1181 1633 1208 in
1645 1180 1708 1216 Spi-

911 1225 966 1253 ritu
975 1229 1081 1260 sancto,
1092 1237 1104 1250 -
1132 1225 1185 1254 hoc
1202 1230 1253 1259 est,
1267 1225 1400 1262 spirituali
1411 1226 1476 1254 vita.
1491 1227 1554 1253 Non
1564 1225 1639 1253 enim
1649 1224 1707 1253 sola

913 1269 981 1298 ﬁdes
999 1270 1162 1304 sanctiﬁcat,
1180 1270 1230 1299 sed
1244 1275 1273 1298 et
1290 1270 1343 1298 vita
1360 1280 1366 1298 :
1389 1270 1471 1298 simul
1485 1278 1517 1298 ac
1531 1270 1605 1298 enim
1618 1269 1706 1298 credi-

911 1314 1003 1343 dimus
1022 1319 1049 1343 et
1066 1315 1194 1352 baptizati
1209 1323 1317 1350 sumus,
1327 1315 1477 1351 accipimus
1497 1315 1636 1351 Spiritum.
1650 1315 1687 1342 Et
1699 1329 1710 1335 -

913 1359 988 1388 enim
1005 1359 1054 1388 nisi
1072 1359 1126 1388 vita
1140 1360 1297 1394 accesserit,
1320 1359 1407 1396 gratia
1421 1359 1537 1396 Spiritus
1555 1359 1706 1395 exstingui—

912 1408 965 1432 tur.
983 1404 1085 1441 Dejicit
1098 1409 1189 1432 autem
1206 1404 1387 1440 cogitationes
1406 1408 1434 1432 et
1447 1404 1595 1432 elationem
1607 1405 1707 1432 Roma-

912 1457 1023 1484 norum,
1050 1457 1083 1477 ne
1110 1449 1235 1478 videlicet
1262 1449 1445 1485 dedignentur
1474 1457 1539 1477 eum
1562 1448 1706 1477 admittere

912 1494 1053 1522 doctorem
1071 1493 1119 1530 qui
1133 1501 1232 1522 omnes
1245 1498 1340 1530 gentes
1354 1495 1414 1522 Deo
1430 1493 1559 1522 adducat.

947 1623 1036 1650 Vens.
1060 1624 1100 1650 l7.
1118 1633 1130 1646 ι
1152 1622 1247 1650 Habeo
1259 1621 1341 1659 igitur
1352 1621 1542 1658 gloriationem
1555 1621 1581 1649 in
1596 1621 1708 1650 Christo

911 1667 987 1701 Jesu,
1006 1667 1034 1695 in
1054 1667 1086 1694 iis
1109 1675 1171 1704 quze
1189 1667 1224 1696 ad
1242 1668 1332 1696 Deum
1353 1666 1480 1694 attinent.
1509 1678 1521 1690 ιι
1547 1665 1603 1694 Ubi
1624 1667 1707 1695 vehe-

911 1716 1021 1740 menter
1043 1719 1103 1740 sese
1137 1712 1317 1746 humiliasset,
1338 1712 1398 1748 jam
1427 1719 1522 1739 rursus
1545 1719 1702 1740 sermonem

913 1757 1024 1791 attollit,
1049 1764 1084 1784 ne
1116 1761 1293 1792 contemptus
1320 1757 1401 1792 plane
1419 1756 1553 1789 videatur,
1570 1756 1708 1792 inquiens,

913 1812 924 1825 ιι
946 1801 1143 1829 Gloriationem
1159 1801 1264 1834 habeo,
1286 1813 1298 1825 ι
1315 1809 1372 1829 non
1388 1801 1415 1828 in
1430 1801 1550 1836 meipso,
1569 1808 1657 1836 neque
1678 1801 1707 1828 in

911 1853 973 1873 meo
985 1849 1096 1879 conatu,
1111 1845 1159 1873 sed
1173 1845 1201 1872 in
1215 1845 1303 1881 gratia
1322 1846 1388 1873 Jeu
1403 1845 1515 1872 Christi.
1537 1844 1591 1872 Sed
1605 1845 1708 1880 quibus

911 1889 938 1918 in
953 1890 1035 1918 rebus
1049 1889 1170 1926 glorior?
1187 1901 1200 1914 α
1217 1891 1249 1918 In
1269 1890 1301 1917 iis
1314 1897 1375 1925 quae
1389 1889 1422 1917 ad
1437 1891 1527 1920 Deum
1541 1888 1658 1916 attinent
1672 1897 1677 1915 :
1694 1901 1706 1912 ιι

911 1934 965 1963 hoc
977 1938 1030 1969 est,
1047 1942 1104 1962 non
1127 1934 1156 1962 in
1170 1934 1252 1963 rebus
1273 1934 1440 1971 vulgaribus,
1465 1932 1554 1961 sediu
1577 1932 1707 1968 spiritua-

911 1979 991 2008 libus.

946 2026 1037 2053 Vsns.
1050 2028 1093 2059 18,
1112 2027 1152 2053 19.
1168 2036 1181 2049 «ι
1195 2025 1259 2053 Non
1267 2024 1341 2052 enim
1357 2023 1445 2052 audeo
1455 2023 1529 2060 loqui
1544 2022 1647 2059 aliquid
1658 2029 1705 2050 eo-

911 2077 973 2098 rum
988 2077 1050 2106 quae
1063 2077 1120 2098 non
1143 2069 1235 2098 effecit
1256 2069 1380 2098 Christus
1401 2076 1449 2105 per
1463 2076 1508 2096 me
1523 2067 1558 2096 ad
1573 2066 1705 2096 obedien-

910 2115 979 2143 tiam
992 2116 1114 2152 gentium
1131 2115 1214 2144 verbo
1241 2119 1268 2143 et
1285 2121 1376 2150 opere.
1393 2115 1426 2142 In
1445 2114 1547 2142 virtute
1562 2113 1708 2149 signorum

911 2164 939 2189 et
967 2160 1166 2196 prodigiorum,
1196 2160 1224 2188 in
1249 2159 1351 2187 virtute
1369 2158 1485 2195 Spiritus
1508 2158 1569 2187 Dei.
1599 2169 1611 2182 ιι
1638 2158 1707 2186 Cum

71 2200 150 2240 ουργός
173 2202 226 2240 εἰμι
252 2204 297 2231 τοῦ
322 2202 485 2242 Εὖαγγελίου
516 2203 551 2236 εἷς
589 2202 677 2232 πάντα
712 2202 746 2233 τὰ
776 2203 855 2240 ἔθνη,
872 2210 894 2241 []

947 2205 1035 2238 (isset,
1053 2205 1175 2233 Minister
1195 2213 1256 2233 sum
1271 2203 1410 2240 Evangelii
1428 2203 1464 2231 ad
1487 2209 1585 2230 omnes
1599 2205 1706 2238 gentes,

72 2244 155 2283 φησὶν,
172 2245 211 2275 ὅτι
227 2247 270 2277 Οὐ
286 2246 431 2285 κομπάζω,
447 2247 506 2276 οὐδὲ
529 2247 719 2286 ἐλαζονεῦομαί
733 2260 758 2277 τι
776 2248 802 2267 ⁰²
819 2244 854 2278 ὧν

71 2288 111 2333 οὐκ
134 2289 243 2326 ἐποίησα
259 2303 266 2309 ·
283 2292 385 2330 μᾶλλον
412 2292 438 2321 δὲ
460 2292 507 2321 οὐχ
533 2291 585 2330 ἐγὼ
611 2293 853 2333 χατειργασάμην,

72 2332 150 2363 ἀλλ’ὀ
166 2335 279 2375 Χριστὸς
302 2337 496 2376 κατειργάσατο
504 2359 513 2374 ,
536 2336 594 2374 ἐμοὶ
620 2332 726 2377 ὀργάνῳ
751 2337 855 2377 χρησά-

73 2388 147 2413 μενος.
162 2379 224 2410 Εἴτε
239 2380 290 2420 γὰρ
310 2380 457 2421 φθίγγομαί
479 2393 505 2410 τι
531 2381 615 2419 λέγων
633 2382 677 2410 χαὶ
703 2382 853 2422 φιλοσοφῶν

73 2421 124 2461 περὶ
144 2425 193 2452 τῶν
217 2424 363 2465 οὐρανίων,
386 2425 438 2454 εἴτε
451 2425 476 2444 ⁸³
503 2425 646 2465 ἐργάζομαι
676 2426 748 2456 θείαν
773 2421 852 2456 πολι-

74 2465 136 2510 τείαν
154 2469 248 2506 μετιὼν
263 2470 299 2504 ⁶⁴,
314 2470 332 2506 ἢ
357 2469 402 2499 sui
419 2470 545 2509 θαύματα
566 2472 668 2510 τελῶν,
694 2471 783 2500 πάντα
807 2473 852 2500 τοῦ

73 2509 176 2556 Χριστοῦ
191 2513 226 2533 ⁸⁵·
252 2514 377 2555 Διαφέρει
392 2514 420 2544 δὲ
447 2519 557 2553 σημεῖον
581 2516 626 2545 καὶ
652 2514 748 2554 τέρας,
773 2516 810 2556 τῷ
829 2515 855 2544 τὸ

76 2554 116 2600 μὲν
129 2559 233 2595 σημεῖον
249 2560 276 2588 ἐν
291 2554 344 2593 τοῖς
366 2559 441 2600 κατα
454 2560 532 2599 φύσιν
554 2560 696 2599 λέγεσθαι,
714 2554 856 2600 καινοπρε-

76 2599 124 2644 πξῖς
143 2601 228 2638 μέντοι
240 2603 387 2642 γινομένοις
405 2599 475 2644 (οἷον
497 2604 541 2634 ἐπὶ
556 2606 618 2640 τοῦ,
643 2604 673 2634 τὸ
695 2604 743 2640 τὴν
761 2599 855 2634 πενθε-

77 2641 117 2689 ρᾷν
132 2645 230 2686 Πέτρου
251 2641 430 2689 πυρέττουσαν
455 2648 551 2682 εὐθέως
575 2649 693 2684 ἰαθῆναι.
719 2649 853 2679 Ἐνταῦθα

77 2685 119 2727 γὰρ
133 2689 159 2718 τὸ
173 2685 214 2720 τὸν
237 2685 349 2733 πυρετὸν
372 2693 579 2734 θεραπεύεσθαι,
605 2692 674 2723 κατὰ
704 2693 779 2734 φύσιν
805 2693 852 2732 μέν

910 2249 1015 2286 adjicit.
1043 2251 1106 2278 Non
1125 2257 1188 2278 sum
1209 2256 1341 2285 arrogans
1356 2269 1363 2283 ,
1388 2255 1438 2277 nec
1457 2250 1619 2284 arroganter
1632 2246 1708 2283 jacto

910 2294 1061 2331 quidquam
1078 2302 1175 2323 eorum
1195 2302 1256 2330 quae
1270 2301 1325 2322 non
1341 2293 1390 2321 feci
1408 2303 1414 2320 ε
1435 2293 1492 2321 imo
1506 2300 1562 2320 non
1577 2299 1629 2327 ego
1643 2290 1707 2325 feci,

909 2339 957 2368 sed
980 2339 1104 2367 Christus
1128 2338 1231 2372 effecit,
1257 2346 1301 2366 me
1333 2339 1502 2366 intrumento
1543 2344 1619 2365 usus.
1644 2336 1706 2364 Sive

908 2384 984 2413 enim
1007 2383 1158 2421 quidquam
1173 2384 1280 2420 loquar,
1297 2383 1332 2411 de
1345 2382 1502 2412 coelestibus
1514 2381 1652 2410 disserens
1674 2389 1707 2409 ac

908 2428 1114 2465 philosophans,
1130 2429 1186 2457 sive
1204 2436 1313 2465 operer,
1332 2427 1452 2456 divinam
1467 2426 1706 2455 conversationem

908 2481 1049 2508 exercens,
1062 2473 1120 2502 sive
1135 2473 1267 2502 miracula
1277 2472 1433 2509 perﬁciens.
1446 2471 1538 2501 omnia
1554 2475 1621 2500 sunt
1633 2470 1710 2499 Chri-

909 2519 954 2547 sti.
971 2518 1110 2547 Differunt
1123 2522 1217 2547 autem
1239 2518 1350 2554 signum
1369 2521 1397 2546 et
1412 2516 1580 2553 prodigium.
1593 2516 1707 2552 Signum

910 2563 986 2592 enim
998 2563 1098 2592 dicitur
1111 2563 1146 2592 de
1169 2563 1203 2592 iis
1222 2570 1284 2599 qua:
1308 2562 1459 2591 secundum
1484 2565 1612 2589 naturam
1627 2560 1710 2594 ﬁunt,

910 2607 994 2636 modo
1008 2612 1102 2636 tamen
1125 2607 1266 2641 inusitato,
1295 2611 1326 2636 ut
1350 2607 1380 2634 in
1395 2606 1469 2635 Petri
1491 2613 1570 2634 socro
1594 2603 1708 2632 febrici-

910 2656 984 2680 tante
1006 2656 1116 2688 repente
1138 2655 1244 2680 sanata.
1267 2652 1319 2680 Hic
1341 2651 1416 2679 enim
1438 2650 1539 2678 febrim
1558 2647 1646 2676 curari
1665 2655 1708 2675 se-

908 2696 1031 2725 cundum
1045 2701 1173 2725 naturam
1196 2701 1253 2731 est,
1273 2701 1333 2725 tum
1347 2703 1412 2724 vero
1435 2703 1506 2723 nova
1528 2692 1648 2731 quadam
1665 2699 1708 2720 ra-

753 2770 850 2799 Variz
872 2770 1020 2799 lectiones.

110 2833 129 2850 '°
140 2838 180 2862 τοῦ
193 2837 263 2866 Θεοῦ,
299 2839 318 2856 ⁶¹
337 2839 352 2865 δ
367 2838 402 2875 μὴ
418 2848 446 2868 o.
485 2840 507 2857 ⁸⁸
523 2843 571 2867 τῶν
587 2848 614 2869 ο.
654 2840 675 2858 ⁸³
691 2839 713 2868 εἰ
727 2841 769 2868 καὶ
783 2849 810 2870 0.
848 2841 869 2858 “
885 2840 1013 2877 μετελθὼν
1025 2848 1064 2868 ω.
1103 2840 1125 2858 ⁸⁵
1139 2843 1175 2876 τῷ
1187 2840 1287 2876 Χριστῷ
1297 2847 1326 2868 o.
