  <div class='ocr_page' id='page_1' title='image "/cluster/home/n/w/nwhite01/storage/ocr_20150623/124/njp.32101010942728/393.png"; bbox 0 0 1881 3081; ppageno 0'>
   <div class='ocr_carea' id='block_1_1' title="bbox 178 170 229 196">
    <p class='ocr_par' dir='ltr' id='par_1_1' title="bbox 178 170 229 196">
     <span class='ocr_line' id='line_1_1' title="bbox 178 170 229 196; baseline 0 0"><span class='ocrx_word' id='word_1_1' title='bbox 178 170 229 196; x_wconf 81' lang='lat'><strong>543</strong></span> 
     </span>
    </p>
   </div>
   <div class='ocr_carea' id='block_1_2' title="bbox 689 166 1318 196">
    <p class='ocr_par' dir='ltr' id='par_1_2' title="bbox 689 166 1318 196">
     <span class='ocr_line' id='line_1_2' title="bbox 689 166 1318 196; baseline 0.003 -2"><span class='ocrx_word' id='word_1_2' title='bbox 689 166 947 195; x_wconf 81' lang='lat' dir='ltr'><strong>THEOPHYLACTI</strong></span> <span class='ocrx_word' id='word_1_3' title='bbox 966 167 1142 195; x_wconf 70' lang='lat' dir='ltr'><strong>BULGARl/E</strong></span> <span class='ocrx_word' id='word_1_4' title='bbox 1162 167 1318 196; x_wconf 82' lang='lat' dir='ltr'><strong>ARCHIEP.</strong></span> 
     </span>
    </p>
   </div>
   <div class='ocr_carea' id='block_1_3' title="bbox 1778 168 1823 195">
    <p class='ocr_par' dir='ltr' id='par_1_3' title="bbox 1778 168 1823 195">
     <span class='ocr_line' id='line_1_3' title="bbox 1778 168 1823 195; baseline 0 0"><span class='ocrx_word' id='word_1_5' title='bbox 1778 168 1823 195; x_wconf 67' lang='lat'><strong>5“</strong></span> 
     </span>
    </p>
   </div>
   <div class='ocr_carea' id='block_1_4' title="bbox 177 229 973 272">
    <p class='ocr_par' dir='ltr' id='par_1_4' title="bbox 177 229 972 268">
     <span class='ocr_line' id='line_1_4' title="bbox 177 229 972 268; baseline -0.001 -9"><span class='ocrx_word' id='word_1_6' title='bbox 177 231 252 259; x_wconf 83' lang='lat' dir='ltr'><strong>tione</strong></span> <span class='ocrx_word' id='word_1_7' title='bbox 276 230 405 267; x_wconf 76' lang='lat' dir='ltr'><strong>contigit,</strong></span> <span class='ocrx_word' id='word_1_8' title='bbox 433 237 533 266; x_wconf 86' lang='lat' dir='ltr'><strong>nempe</strong></span> <span class='ocrx_word' id='word_1_9' title='bbox 557 229 626 258; x_wconf 88' lang='lat' dir='ltr'><strong>adeo</strong></span> <span class='ocrx_word' id='word_1_10' title='bbox 657 230 783 258; x_wconf 77' lang='lat' dir='ltr'><strong>celeriter</strong></span> <span class='ocrx_word' id='word_1_11' title='bbox 807 229 972 268; x_wconf 83' lang='lat' dir='ltr'><strong>simulatque</strong></span> 
     </span>
    </p>
   </div>
   <div class='ocr_carea' id='block_1_5' title="bbox 1057 229 1821 272">
    <p class='ocr_par' dir='ltr' id='par_1_5' title="bbox 1057 229 1821 272">
     <span class='ocr_line' id='line_1_5' title="bbox 1057 229 1821 272; baseline -0.001 -13"><span class='ocrx_word' id='word_1_12' title='bbox 1057 242 1090 260; x_wconf 71' lang='grc' dir='ltr'>ττι</span> <span class='ocrx_word' id='word_1_13' title='bbox 1105 242 1112 249; x_wconf 91' lang='grc'><strong>·</strong></span> <span class='ocrx_word' id='word_1_14' title='bbox 1134 231 1193 260; x_wconf 85' lang='grc' dir='ltr'>τότε</span> <span class='ocrx_word' id='word_1_15' title='bbox 1219 231 1246 260; x_wconf 86' lang='grc' dir='ltr'>δὲ</span> <span class='ocrx_word' id='word_1_16' title='bbox 1270 232 1454 272; x_wconf 81' lang='grc' dir='ltr'>καινοπρεπῶς</span> <span class='ocrx_word' id='word_1_17' title='bbox 1478 231 1582 270; x_wconf 74' lang='grc' dir='ltr'>ἐγένετο</span> <span class='ocrx_word' id='word_1_18' title='bbox 1600 242 1607 249; x_wconf 89' lang='grc'>·</span> <span class='ocrx_word' id='word_1_19' title='bbox 1633 229 1704 259; x_wconf 73' lang='grc' dir='ltr'>οὕτω</span> <span class='ocrx_word' id='word_1_20' title='bbox 1718 231 1768 270; x_wconf 79' lang='grc' dir='ltr'><strong>γὰρ</strong></span> <span class='ocrx_word' id='word_1_21' title='bbox 1781 241 1821 258; x_wconf 84' lang='grc' dir='ltr'>τα-</span> 
     </span>
    </p>
   </div>
   <div class='ocr_carea' id='block_1_6' title="bbox 176 275 972 312">
    <p class='ocr_par' dir='ltr' id='par_1_6' title="bbox 176 275 972 312">
     <span class='ocr_line' id='line_1_6' title="bbox 176 275 972 312; baseline 0.005 -8"><span class='ocrx_word' id='word_1_22' title='bbox 176 276 325 312; x_wconf 84' lang='lat' dir='ltr'><strong>attigisset.</strong></span> <span class='ocrx_word' id='word_1_23' title='bbox 342 275 502 311; x_wconf 77' lang='lat' dir='ltr'><strong>Prodigium</strong></span> <span class='ocrx_word' id='word_1_24' title='bbox 522 282 587 302; x_wconf 89' lang='lat' dir='ltr'><strong>vero</strong></span> <span class='ocrx_word' id='word_1_25' title='bbox 600 278 642 303; x_wconf 87' lang='lat' dir='ltr'><strong>est</strong></span> <span class='ocrx_word' id='word_1_26' title='bbox 663 275 691 303; x_wconf 90' lang='lat' dir='ltr'><strong>in</strong></span> <span class='ocrx_word' id='word_1_27' title='bbox 706 275 745 304; x_wconf 91' lang='lat' dir='ltr'><strong>eis</strong></span> <span class='ocrx_word' id='word_1_28' title='bbox 759 283 820 312; x_wconf 73' lang='lat' dir='ltr'><strong>quae</strong></span> <span class='ocrx_word' id='word_1_29' title='bbox 832 284 891 305; x_wconf 90' lang='lat' dir='ltr'><strong>non</strong></span> <span class='ocrx_word' id='word_1_30' title='bbox 907 285 972 308; x_wconf 88' lang='lat' dir='ltr'><strong>sunt</strong></span> 
     </span>
    </p>
   </div>
   <div class='ocr_carea' id='block_1_7' title="bbox 175 320 971 357">
    <p class='ocr_par' dir='ltr' id='par_1_7' title="bbox 175 320 971 357">
     <span class='ocr_line' id='line_1_7' title="bbox 175 320 971 357; baseline 0.004 -8"><span class='ocrx_word' id='word_1_31' title='bbox 175 321 325 349; x_wconf 90' lang='lat' dir='ltr'><strong>secundum</strong></span> <span class='ocrx_word' id='word_1_32' title='bbox 349 325 487 352; x_wconf 85' lang='lat' dir='ltr'><strong>naturam,</strong></span> <span class='ocrx_word' id='word_1_33' title='bbox 509 320 591 347; x_wconf 87' lang='lat' dir='ltr'><strong>veluti</strong></span> <span class='ocrx_word' id='word_1_34' title='bbox 615 328 678 348; x_wconf 92' lang='lat' dir='ltr'><strong>cum</strong></span> <span class='ocrx_word' id='word_1_35' title='bbox 702 321 725 348; x_wconf 91' lang='lat' dir='ltr'><strong>is</strong></span> <span class='ocrx_word' id='word_1_36' title='bbox 739 321 811 357; x_wconf 83' lang='lat' dir='ltr'><strong>quia</strong></span> <span class='ocrx_word' id='word_1_37' title='bbox 826 323 971 352; x_wconf 85' lang='lat' dir='ltr'><strong>nativitate</strong></span> 
     </span>
    </p>
   </div>
   <div class='ocr_carea' id='block_1_8' title="bbox 176 360 972 400">
    <p class='ocr_par' dir='ltr' id='par_1_8' title="bbox 176 360 972 400">
     <span class='ocr_line' id='line_1_8' title="bbox 176 360 972 400; baseline 0.005 -6"><span class='ocrx_word' id='word_1_38' title='bbox 176 374 265 394; x_wconf 73' lang='lat' dir='ltr'><strong>caecus</strong></span> <span class='ocrx_word' id='word_1_39' title='bbox 279 369 335 393; x_wconf 90' lang='lat' dir='ltr'><strong>erat</strong></span> <span class='ocrx_word' id='word_1_40' title='bbox 352 360 517 394; x_wconf 75' lang='lat' dir='ltr'><strong>sanaretur&#39;</strong></span> <span class='ocrx_word' id='word_1_41' title='bbox 535 385 543 392; x_wconf 91' lang='lat'><strong>.</strong></span> <span class='ocrx_word' id='word_1_42' title='bbox 563 365 645 400; x_wconf 78' lang='lat'><strong>110</strong></span> <span class='ocrx_word' id='word_1_43' title='bbox 659 365 727 400; x_wconf 88' lang='lat' dir='ltr'><strong>Quia</strong></span> <span class='ocrx_word' id='word_1_44' title='bbox 743 374 806 394; x_wconf 89' lang='lat' dir='ltr'><strong>vero</strong></span> <span class='ocrx_word' id='word_1_45' title='bbox 820 366 892 396; x_wconf 88' lang='lat' dir='ltr'><strong>haud</strong></span> <span class='ocrx_word' id='word_1_46' title='bbox 908 377 972 398; x_wconf 88' lang='lat' dir='ltr'><strong>raro</strong></span> 
     </span>
    </p>
   </div>
   <div class='ocr_carea' id='block_1_9' title="bbox 176 409 970 449">
    <p class='ocr_par' dir='ltr' id='par_1_9' title="bbox 176 409 970 449">
     <span class='ocr_line' id='line_1_9' title="bbox 176 409 970 449; baseline 0.005 -11"><span class='ocrx_word' id='word_1_47' title='bbox 176 411 253 446; x_wconf 82' lang='lat' dir='ltr'><strong>signa</strong></span> <span class='ocrx_word' id='word_1_48' title='bbox 272 414 299 437; x_wconf 92' lang='lat' dir='ltr'><strong>et</strong></span> <span class='ocrx_word' id='word_1_49' title='bbox 315 409 438 445; x_wconf 87' lang='lat' dir='ltr'><strong>prodigia</strong></span> <span class='ocrx_word' id='word_1_50' title='bbox 453 417 502 445; x_wconf 90' lang='lat' dir='ltr'><strong>per</strong></span> <span class='ocrx_word' id='word_1_51' title='bbox 516 409 657 437; x_wconf 68' lang='lat' dir='ltr'><strong>daemones</strong></span> <span class='ocrx_word' id='word_1_52' title='bbox 672 410 756 438; x_wconf 89' lang='lat' dir='ltr'><strong>etiam</strong></span> <span class='ocrx_word' id='word_1_53' title='bbox 769 411 846 444; x_wconf 79' lang='lat' dir='ltr'><strong>fiant.</strong></span> <span class='ocrx_word' id='word_1_54' title='bbox 860 412 970 449; x_wconf 87' lang='lat' dir='ltr'><strong>adjecit,</strong></span> 
     </span>
    </p>
   </div>
   <div class='ocr_carea' id='block_1_10' title="bbox 178 454 972 490">
    <p class='ocr_par' dir='ltr' id='par_1_10' title="bbox 178 454 972 490">
     <span class='ocr_line' id='line_1_10' title="bbox 178 454 972 490; baseline 0.01 -11"><span class='ocrx_word' id='word_1_55' title='bbox 178 467 190 479; x_wconf 84' lang='grc' dir='ltr'><strong>ει</strong></span> <span class='ocrx_word' id='word_1_56' title='bbox 204 455 232 482; x_wconf 92' lang='lat' dir='ltr'><strong>in</strong></span> <span class='ocrx_word' id='word_1_57' title='bbox 248 454 347 482; x_wconf 87' lang='lat' dir='ltr'><strong>virtute</strong></span> <span class='ocrx_word' id='word_1_58' title='bbox 368 454 482 490; x_wconf 83' lang='lat' dir='ltr'><strong>spiritus</strong></span> <span class='ocrx_word' id='word_1_59' title='bbox 505 454 566 482; x_wconf 90' lang='lat' dir='ltr'><strong>Dei.</strong></span> <span class='ocrx_word' id='word_1_60' title='bbox 592 465 605 478; x_wconf 71' lang='grc' dir='ltr'><strong>ν</strong></span> <span class='ocrx_word' id='word_1_61' title='bbox 623 454 695 482; x_wconf 84' lang='lat' dir='ltr'><strong>Hinc</strong></span> <span class='ocrx_word' id='word_1_62' title='bbox 709 455 792 484; x_wconf 88' lang='lat' dir='ltr'><strong>etiam</strong></span> <span class='ocrx_word' id='word_1_63' title='bbox 816 457 972 486; x_wconf 83' lang='lat' dir='ltr'><strong>ostenditur</strong></span> 
     </span>
    </p>
   </div>
   <div class='ocr_carea' id='block_1_11' title="bbox 175 498 740 535">
    <p class='ocr_par' dir='ltr' id='par_1_11' title="bbox 175 498 740 535">
     <span class='ocr_line' id='line_1_11' title="bbox 175 498 740 535; baseline -0.002 -8"><span class='ocrx_word' id='word_1_64' title='bbox 175 499 293 535; x_wconf 77' lang='lat' dir='ltr'><strong>dignitas</strong></span> <span class='ocrx_word' id='word_1_65' title='bbox 307 499 436 535; x_wconf 78' lang='lat' dir='ltr'><strong>Spiritus,</strong></span> <span class='ocrx_word' id='word_1_66' title='bbox 454 503 486 527; x_wconf 93' lang='lat' dir='ltr'><strong>ut</strong></span> <span class='ocrx_word' id='word_1_67' title='bbox 498 498 544 535; x_wconf 90' lang='lat' dir='ltr'><strong>qui</strong></span> <span class='ocrx_word' id='word_1_68' title='bbox 554 502 631 527; x_wconf 81' lang='lat' dir='ltr'><strong>tanta</strong></span> <span class='ocrx_word' id='word_1_69' title='bbox 644 499 740 534; x_wconf 87' lang='lat' dir='ltr'><strong>possit.</strong></span> 
     </span>
    </p>
   </div>
   <div class='ocr_carea' id='block_1_12' title="bbox 213 543 972 583">
    <p class='ocr_par' dir='ltr' id='par_1_12' title="bbox 213 543 972 583">
     <span class='ocr_line' id='line_1_12' title="bbox 213 543 972 583; baseline 0.011 -15"><span class='ocrx_word' id='word_1_70' title='bbox 213 555 225 568; x_wconf 77' lang='grc' dir='ltr'><strong>α</strong></span> <span class='ocrx_word' id='word_1_71' title='bbox 246 545 286 571; x_wconf 85' lang='lat' dir='ltr'><strong>Ita</strong></span> <span class='ocrx_word' id='word_1_72' title='bbox 305 547 337 571; x_wconf 82' lang='lat' dir='ltr'><strong>ut</strong></span> <span class='ocrx_word' id='word_1_73' title='bbox 361 543 395 572; x_wconf 88' lang='lat' dir='ltr'><strong>ab</strong></span> <span class='ocrx_word' id='word_1_74' title='bbox 419 543 570 571; x_wconf 86' lang='lat' dir='ltr'><strong>Jerusalem</strong></span> <span class='ocrx_word' id='word_1_75' title='bbox 591 547 619 571; x_wconf 87' lang='lat' dir='ltr'><strong>et</strong></span> <span class='ocrx_word' id='word_1_76' title='bbox 643 551 691 579; x_wconf 91' lang='lat' dir='ltr'><strong>per</strong></span> <span class='ocrx_word' id='word_1_77' title='bbox 717 545 863 574; x_wconf 84' lang='lat' dir='ltr'><strong>circuitum</strong></span> <span class='ocrx_word' id='word_1_78' title='bbox 885 555 972 583; x_wconf 86' lang='lat' dir='ltr'><strong>usque</strong></span> 
     </span>
    </p>
   </div>
   <div class='ocr_carea' id='block_1_13' title="bbox 174 587 971 627">
    <p class='ocr_par' dir='ltr' id='par_1_13' title="bbox 174 587 971 627">
     <span class='ocr_line' id='line_1_13' title="bbox 174 587 971 627; baseline 0.005 -11"><span class='ocrx_word' id='word_1_79' title='bbox 174 587 210 616; x_wconf 90' lang='lat' dir='ltr'><strong>ad</strong></span> <span class='ocrx_word' id='word_1_80' title='bbox 223 588 362 624; x_wconf 81' lang='lat' dir='ltr'><strong>Illyricum</strong></span> <span class='ocrx_word' id='word_1_81' title='bbox 389 587 558 624; x_wconf 84' lang='lat' dir='ltr'><strong>impleverim</strong></span> <span class='ocrx_word' id='word_1_82' title='bbox 570 588 743 625; x_wconf 84' lang='lat' dir='ltr'><strong>Evangelium</strong></span> <span class='ocrx_word' id='word_1_83' title='bbox 755 590 865 619; x_wconf 88' lang='lat' dir='ltr'><strong>Christi.</strong></span> <span class='ocrx_word' id='word_1_84' title='bbox 880 603 894 616; x_wconf 73' lang='grc' dir='ltr'><strong>ι</strong></span> <span class='ocrx_word' id='word_1_85' title='bbox 911 592 971 627; x_wconf 86' lang='lat' dir='ltr'><strong>Vis,</strong></span> 
     </span>
    </p>
   </div>
   <div class='ocr_carea' id='block_1_14' title="bbox 175 632 972 671">
    <p class='ocr_par' dir='ltr' id='par_1_14' title="bbox 175 632 972 671">
     <span class='ocr_line' id='line_1_14' title="bbox 175 632 972 671; baseline 0.006 -11"><span class='ocrx_word' id='word_1_86' title='bbox 175 632 274 669; x_wconf 88' lang='lat' dir='ltr'><strong>inquit,</strong></span> <span class='ocrx_word' id='word_1_87' title='bbox 288 632 552 661; x_wconf 85' lang='lat' dir='ltr'><strong>demonstrationem</strong></span> <span class='ocrx_word' id='word_1_88' title='bbox 568 633 689 668; x_wconf 87' lang='lat' dir='ltr'><strong>accipere</strong></span> <span class='ocrx_word' id='word_1_89' title='bbox 703 642 801 662; x_wconf 89' lang='lat' dir='ltr'><strong>eorum</strong></span> <span class='ocrx_word' id='word_1_90' title='bbox 816 643 877 671; x_wconf 77' lang='lat' dir='ltr'><strong>quae</strong></span> <span class='ocrx_word' id='word_1_91' title='bbox 891 636 972 665; x_wconf 80' lang='lat' dir='ltr'><strong>dico?</strong></span> 
     </span>
    </p>
   </div>
   <div class='ocr_carea' id='block_1_15' title="bbox 175 677 973 713">
    <p class='ocr_par' dir='ltr' id='par_1_15' title="bbox 175 677 973 713">
     <span class='ocr_line' id='line_1_15' title="bbox 175 677 973 713; baseline 0.005 -8"><span class='ocrx_word' id='word_1_92' title='bbox 175 679 246 705; x_wconf 87' lang='lat' dir='ltr'><strong>Ecce</strong></span> <span class='ocrx_word' id='word_1_93' title='bbox 260 677 457 713; x_wconf 85' lang='lat' dir='ltr'><strong>discipulorum</strong></span> <span class='ocrx_word' id='word_1_94' title='bbox 471 685 595 706; x_wconf 90' lang='lat' dir='ltr'><strong>meorum</strong></span> <span class='ocrx_word' id='word_1_95' title='bbox 614 678 820 707; x_wconf 90' lang='lat' dir='ltr'><strong>multitudinem</strong></span> <span class='ocrx_word' id='word_1_96' title='bbox 835 689 842 707; x_wconf 84' lang='lat'><strong>:</strong></span> <span class='ocrx_word' id='word_1_97' title='bbox 858 681 892 708; x_wconf 92' lang='lat' dir='ltr'><strong>ab</strong></span> <span class='ocrx_word' id='word_1_98' title='bbox 905 682 973 709; x_wconf 81' lang='lat' dir='ltr'><strong>Hie-</strong></span> 
     </span>
    </p>
   </div>
   <div class='ocr_carea' id='block_1_16' title="bbox 172 722 970 759">
    <p class='ocr_par' dir='ltr' id='par_1_16' title="bbox 172 722 970 759">
     <span class='ocr_line' id='line_1_16' title="bbox 172 722 970 759; baseline 0.004 -9"><span class='ocrx_word' id='word_1_99' title='bbox 172 722 319 758; x_wconf 87' lang='lat' dir='ltr'><strong>rosolymis</strong></span> <span class='ocrx_word' id='word_1_100' title='bbox 333 722 408 750; x_wconf 88' lang='lat' dir='ltr'><strong>enim</strong></span> <span class='ocrx_word' id='word_1_101' title='bbox 423 730 511 758; x_wconf 91' lang='lat' dir='ltr'><strong>usque</strong></span> <span class='ocrx_word' id='word_1_102' title='bbox 523 722 559 750; x_wconf 88' lang='lat' dir='ltr'><strong>ad</strong></span> <span class='ocrx_word' id='word_1_103' title='bbox 580 723 730 758; x_wconf 83' lang='lat' dir='ltr'><strong>Illyricum,</strong></span> <span class='ocrx_word' id='word_1_104' title='bbox 758 731 820 759; x_wconf 68' lang='lat' dir='ltr'><strong>qua:</strong></span> <span class='ocrx_word' id='word_1_105' title='bbox 843 729 908 753; x_wconf 86' lang='lat' dir='ltr'><strong>sunt</strong></span> <span class='ocrx_word' id='word_1_106' title='bbox 923 734 970 753; x_wconf 79' lang='lat' dir='ltr'><strong>ex-</strong></span> 
     </span>
    </p>
   </div>
   <div class='ocr_carea' id='block_1_17' title="bbox 175 767 971 803">
    <p class='ocr_par' dir='ltr' id='par_1_17' title="bbox 175 767 971 803">
     <span class='ocr_line' id='line_1_17' title="bbox 175 767 971 803; baseline 0.005 -9"><span class='ocrx_word' id='word_1_107' title='bbox 175 771 272 795; x_wconf 69' lang='lat' dir='ltr'><strong>tremae</strong></span> <span class='ocrx_word' id='word_1_108' title='bbox 291 770 381 802; x_wconf 87' lang='lat' dir='ltr'><strong>partes</strong></span> <span class='ocrx_word' id='word_1_109' title='bbox 404 767 464 803; x_wconf 85' lang='lat' dir='ltr'><strong>ejus</strong></span> <span class='ocrx_word' id='word_1_110' title='bbox 485 774 546 802; x_wconf 67' lang='lat' dir='ltr'><strong>qum</strong></span> <span class='ocrx_word' id='word_1_111' title='bbox 566 774 641 794; x_wconf 85' lang='lat' dir='ltr'><strong>nunc</strong></span> <span class='ocrx_word' id='word_1_112' title='bbox 662 768 788 803; x_wconf 83' lang='lat' dir='ltr'><strong>Bulgaria</strong></span> <span class='ocrx_word' id='word_1_113' title='bbox 804 769 971 798; x_wconf 88' lang='lat' dir='ltr'><strong>nominatur.</strong></span> 
     </span>
    </p>
   </div>
   <div class='ocr_carea' id='block_1_18' title="bbox 177 811 970 849">
    <p class='ocr_par' dir='ltr' id='par_1_18' title="bbox 177 811 970 849">
     <span class='ocr_line' id='line_1_18' title="bbox 177 811 970 849; baseline 0.004 -10"><span class='ocrx_word' id='word_1_114' title='bbox 177 813 238 840; x_wconf 88' lang='lat' dir='ltr'><strong>Non</strong></span> <span class='ocrx_word' id='word_1_115' title='bbox 252 816 342 839; x_wconf 89' lang='lat' dir='ltr'><strong>autem</strong></span> <span class='ocrx_word' id='word_1_116' title='bbox 366 811 446 845; x_wconf 86' lang='lat' dir='ltr'><strong>dixit,</strong></span> <span class='ocrx_word' id='word_1_117' title='bbox 469 811 623 847; x_wconf 76' lang='lat' dir='ltr'><strong>praedicavi,</strong></span> <span class='ocrx_word' id='word_1_118' title='bbox 642 811 691 840; x_wconf 85' lang='lat' dir='ltr'><strong>sed</strong></span> <span class='ocrx_word' id='word_1_119' title='bbox 715 824 728 837; x_wconf 78' lang='grc'>«</span> <span class='ocrx_word' id='word_1_120' title='bbox 751 813 861 849; x_wconf 86' lang='lat' dir='ltr'><strong>implevi</strong></span> <span class='ocrx_word' id='word_1_121' title='bbox 884 815 970 842; x_wconf 86' lang='lat' dir='ltr'><strong>Evan-</strong></span> 
     </span>
    </p>
   </div>
   <div class='ocr_carea' id='block_1_19' title="bbox 175 855 970 892">
    <p class='ocr_par' dir='ltr' id='par_1_19' title="bbox 175 855 970 892">
     <span class='ocr_line' id='line_1_19' title="bbox 175 855 970 892; baseline 0.005 -9"><span class='ocrx_word' id='word_1_122' title='bbox 175 856 286 892; x_wconf 79' lang='lat' dir='ltr'><strong>gelium,</strong></span> <span class='ocrx_word' id='word_1_123' title='bbox 304 867 316 880; x_wconf 68' lang='grc' dir='ltr'><strong>ν</strong></span> <span class='ocrx_word' id='word_1_124' title='bbox 331 860 362 884; x_wconf 95' lang='lat' dir='ltr'><strong>ut</strong></span> <span class='ocrx_word' id='word_1_125' title='bbox 376 855 505 884; x_wconf 86' lang='lat' dir='ltr'><strong>ostendat</strong></span> <span class='ocrx_word' id='word_1_126' title='bbox 514 856 586 892; x_wconf 91' lang='lat' dir='ltr'><strong>quod</strong></span> <span class='ocrx_word' id='word_1_127' title='bbox 597 864 689 884; x_wconf 91' lang='lat' dir='ltr'><strong>sermo</strong></span> <span class='ocrx_word' id='word_1_128' title='bbox 703 857 762 892; x_wconf 87' lang='lat' dir='ltr'><strong>ejus</strong></span> <span class='ocrx_word' id='word_1_129' title='bbox 774 865 828 885; x_wconf 92' lang='lat' dir='ltr'><strong>non</strong></span> <span class='ocrx_word' id='word_1_130' title='bbox 845 858 970 887; x_wconf 79' lang='lat' dir='ltr'><strong>inefﬁcax</strong></span> 
     </span>
    </p>
   </div>
   <div class='ocr_carea' id='block_1_20' title="bbox 1030 275 1824 317">
    <p class='ocr_par' dir='ltr' id='par_1_20' title="bbox 1030 275 1824 317">
     <span class='ocr_line' id='line_1_20' title="bbox 1030 275 1824 317; baseline -0.001 -13"><span class='ocrx_word' id='word_1_131' title='bbox 1030 275 1098 315; x_wconf 82' lang='grc' dir='ltr'>χίως</span> <span class='ocrx_word' id='word_1_132' title='bbox 1113 275 1170 317; x_wconf 71' lang='grc' dir='ltr'><strong>ἅμα</strong></span> <span class='ocrx_word' id='word_1_133' title='bbox 1235 276 1290 317; x_wconf 77' lang='grc' dir='ltr'>ἁφῇ</span> <span class='ocrx_word' id='word_1_134' title='bbox 1303 276 1310 316; x_wconf 90' lang='grc'>)</span> <span class='ocrx_word' id='word_1_135' title='bbox 1323 288 1329 295; x_wconf 87' lang='grc'><strong>-</strong></span> <span class='ocrx_word' id='word_1_136' title='bbox 1359 275 1389 305; x_wconf 75' lang='grc' dir='ltr'><strong>τὸ</strong></span> <span class='ocrx_word' id='word_1_137' title='bbox 1413 275 1440 305; x_wconf 82' lang='grc' dir='ltr'>δὲ</span> <span class='ocrx_word' id='word_1_138' title='bbox 1463 275 1555 315; x_wconf 82' lang='grc' dir='ltr'>τέρας,</span> <span class='ocrx_word' id='word_1_139' title='bbox 1574 277 1602 306; x_wconf 74' lang='grc' dir='ltr'>ἓν</span> <span class='ocrx_word' id='word_1_140' title='bbox 1619 279 1675 308; x_wconf 85' lang='grc' dir='ltr'>τοῖς</span> <span class='ocrx_word' id='word_1_141' title='bbox 1702 275 1739 313; x_wconf 85' lang='grc' dir='ltr'><strong>μὴ</strong></span> <span class='ocrx_word' id='word_1_142' title='bbox 1763 275 1824 304; x_wconf 77' lang='grc' dir='ltr'>κατὰ</span> 
     </span>
    </p>
   </div>
   <div class='ocr_carea' id='block_1_21' title="bbox 1028 316 1822 360">
    <p class='ocr_par' dir='ltr' id='par_1_21' title="bbox 1028 316 1822 360">
     <span class='ocr_line' id='line_1_21' title="bbox 1028 316 1822 360; baseline -0.003 -10"><span class='ocrx_word' id='word_1_143' title='bbox 1028 320 1104 360; x_wconf 81' lang='grc' dir='ltr'>φύσιν</span> <span class='ocrx_word' id='word_1_144' title='bbox 1119 333 1125 339; x_wconf 90' lang='grc'><strong>·</strong></span> <span class='ocrx_word' id='word_1_145' title='bbox 1143 316 1196 350; x_wconf 76' lang='grc' dir='ltr'>οἷον</span> <span class='ocrx_word' id='word_1_146' title='bbox 1212 321 1242 350; x_wconf 80' lang='grc' dir='ltr'><strong>τὸ</strong></span> <span class='ocrx_word' id='word_1_147' title='bbox 1260 321 1304 350; x_wconf 81' lang='grc' dir='ltr'><strong>τὸν</strong></span> <span class='ocrx_word' id='word_1_148' title='bbox 1324 323 1354 350; x_wconf 82' lang='grc' dir='ltr'>ἐκ</span> <span class='ocrx_word' id='word_1_149' title='bbox 1374 323 1482 360; x_wconf 79' lang='grc' dir='ltr'><strong>γενετῆς</strong></span> <span class='ocrx_word' id='word_1_150' title='bbox 1497 320 1597 360; x_wconf 73' lang='grc' dir='ltr'>τυφλὸν</span> <span class='ocrx_word' id='word_1_151' title='bbox 1614 321 1732 355; x_wconf 78' lang='grc' dir='ltr'><strong>ἰαθῆναι.</strong></span> <span class='ocrx_word' id='word_1_152' title='bbox 1750 318 1822 349; x_wconf 71' lang='grc' dir='ltr'>Ἐπεὶ</span> 
     </span>
    </p>
   </div>
   <div class='ocr_carea' id='block_1_22' title="bbox 1029 364 1821 406">
    <p class='ocr_par' dir='ltr' id='par_1_22' title="bbox 1029 364 1821 406">
     <span class='ocr_line' id='line_1_22' title="bbox 1029 364 1821 406; baseline -0.001 -13"><span class='ocrx_word' id='word_1_153' title='bbox 1029 364 1055 394; x_wconf 81' lang='grc' dir='ltr'>δὲ</span> <span class='ocrx_word' id='word_1_154' title='bbox 1079 369 1178 404; x_wconf 80' lang='grc' dir='ltr'>σημεῖα</span> <span class='ocrx_word' id='word_1_155' title='bbox 1195 367 1240 396; x_wconf 78' lang='grc' dir='ltr'><strong>καὶ</strong></span> <span class='ocrx_word' id='word_1_156' title='bbox 1263 366 1362 406; x_wconf 76' lang='grc' dir='ltr'>τέρατα</span> <span class='ocrx_word' id='word_1_157' title='bbox 1385 365 1502 404; x_wconf 82' lang='grc' dir='ltr'>γίνονται</span> <span class='ocrx_word' id='word_1_158' title='bbox 1524 365 1660 398; x_wconf 75' lang='grc' dir='ltr'><strong>πολλάκις</strong></span> <span class='ocrx_word' id='word_1_159' title='bbox 1684 364 1729 393; x_wconf 81' lang='grc' dir='ltr'>καὶ</span> <span class='ocrx_word' id='word_1_160' title='bbox 1755 365 1821 402; x_wconf 63' lang='lat' dir='ltr'><strong>Evag-</strong></span> 
     </span>
    </p>
   </div>
   <div class='ocr_carea' id='block_1_23' title="bbox 1029 409 1819 450">
    <p class='ocr_par' dir='ltr' id='par_1_23' title="bbox 1029 409 1819 450">
     <span class='ocr_line' id='line_1_23' title="bbox 1029 409 1819 450; baseline -0.004 -11"><span class='ocrx_word' id='word_1_161' title='bbox 1029 409 1088 450; x_wconf 72' lang='grc' dir='ltr'>γείᾳ</span> <span class='ocrx_word' id='word_1_162' title='bbox 1112 411 1257 448; x_wconf 83' lang='grc' dir='ltr'><strong>δαιμόνων,</strong></span> <span class='ocrx_word' id='word_1_163' title='bbox 1284 411 1465 450; x_wconf 79' lang='grc' dir='ltr'><strong>προσέθηκεν·</strong></span> <span class='ocrx_word' id='word_1_164' title='bbox 1500 410 1575 440; x_wconf 84' lang='grc' dir='ltr'>ιιἘν</span> <span class='ocrx_word' id='word_1_165' title='bbox 1605 409 1718 446; x_wconf 75' lang='grc' dir='ltr'>δυνάμει</span> <span class='ocrx_word' id='word_1_166' title='bbox 1740 409 1819 438; x_wconf 76' lang='grc' dir='ltr'>Πνεύο</span> 
     </span>
    </p>
   </div>
   <div class='ocr_carea' id='block_1_24' title="bbox 1028 452 1819 492">
    <p class='ocr_par' dir='ltr' id='par_1_24' title="bbox 1028 452 1819 492">
     <span class='ocr_line' id='line_1_24' title="bbox 1028 452 1819 492; baseline -0.004 -8"><span class='ocrx_word' id='word_1_167' title='bbox 1028 467 1108 492; x_wconf 87' lang='grc' dir='ltr'>ματος</span> <span class='ocrx_word' id='word_1_168' title='bbox 1122 457 1203 486; x_wconf 75' lang='grc' dir='ltr'>Θεοῦ.</span> <span class='ocrx_word' id='word_1_169' title='bbox 1222 469 1233 482; x_wconf 73' lang='grc' dir='ltr'><strong>ν</strong></span> <span class='ocrx_word' id='word_1_170' title='bbox 1260 455 1400 486; x_wconf 79' lang='grc' dir='ltr'>Δείκνυται</span> <span class='ocrx_word' id='word_1_171' title='bbox 1425 454 1452 484; x_wconf 74' lang='grc' dir='ltr'>δὲ</span> <span class='ocrx_word' id='word_1_172' title='bbox 1476 455 1521 484; x_wconf 69' lang='grc' dir='ltr'>καὶ</span> <span class='ocrx_word' id='word_1_173' title='bbox 1535 457 1584 484; x_wconf 75' lang='grc' dir='ltr'><strong>τοῦ</strong></span> <span class='ocrx_word' id='word_1_174' title='bbox 1612 453 1771 492; x_wconf 80' lang='grc' dir='ltr'>[Ινεύματος</span> <span class='ocrx_word' id='word_1_175' title='bbox 1793 452 1819 481; x_wconf 75' lang='grc' dir='ltr'><strong>τὸ</strong></span> 
     </span>
    </p>
   </div>
   <div class='ocr_carea' id='block_1_25' title="bbox 1028 499 1642 539">
    <p class='ocr_par' dir='ltr' id='par_1_25' title="bbox 1028 499 1642 539">
     <span class='ocr_line' id='line_1_25' title="bbox 1028 499 1642 539; baseline -0.003 -10"><span class='ocrx_word' id='word_1_176' title='bbox 1028 499 1132 538; x_wconf 79' lang='grc' dir='ltr'>ἀξίωμα</span> <span class='ocrx_word' id='word_1_177' title='bbox 1149 501 1264 530; x_wconf 70' lang='grc' dir='ltr'>ἐντεῦθεν</span> <span class='ocrx_word' id='word_1_178' title='bbox 1275 523 1282 536; x_wconf 84' lang='grc'><strong>,</strong></span> <span class='ocrx_word' id='word_1_179' title='bbox 1299 501 1323 529; x_wconf 80' lang='grc' dir='ltr'><strong>εἴ</strong></span> <span class='ocrx_word' id='word_1_180' title='bbox 1336 512 1366 539; x_wconf 80' lang='grc' dir='ltr'><strong>γε</strong></span> <span class='ocrx_word' id='word_1_181' title='bbox 1381 501 1499 529; x_wconf 72' lang='grc' dir='ltr'>τοσαῦτα</span> <span class='ocrx_word' id='word_1_182' title='bbox 1515 499 1642 528; x_wconf 87' lang='grc' dir='ltr'>δύναται.</span> 
     </span>
    </p>
   </div>
   <div class='ocr_carea' id='block_1_26' title="bbox 1072 542 1820 584">
    <p class='ocr_par' dir='ltr' id='par_1_26' title="bbox 1072 542 1820 584">
     <span class='ocr_line' id='line_1_26' title="bbox 1072 542 1820 584; baseline -0.004 -10"><span class='ocrx_word' id='word_1_183' title='bbox 1072 555 1087 574; x_wconf 78' lang='grc' dir='ltr'><strong>α</strong></span> <span class='ocrx_word' id='word_1_184' title='bbox 1109 543 1196 574; x_wconf 81' lang='grc' dir='ltr'>Ὦστε</span> <span class='ocrx_word' id='word_1_185' title='bbox 1221 556 1254 584; x_wconf 83' lang='grc' dir='ltr'><strong>με</strong></span> <span class='ocrx_word' id='word_1_186' title='bbox 1277 544 1330 574; x_wconf 79' lang='grc' dir='ltr'>ἀπὸ</span> <span class='ocrx_word' id='word_1_187' title='bbox 1351 544 1532 584; x_wconf 80' lang='grc' dir='ltr'>Ἰερουσαλὴμ</span> <span class='ocrx_word' id='word_1_188' title='bbox 1557 543 1607 574; x_wconf 80' lang='grc' dir='ltr'><strong>καὶ</strong></span> <span class='ocrx_word' id='word_1_189' title='bbox 1633 542 1725 584; x_wconf 82' lang='grc' dir='ltr'>κύκλῳ</span> <span class='ocrx_word' id='word_1_190' title='bbox 1749 542 1820 582; x_wconf 72' lang='grc' dir='ltr'>μέχρι</span> 
     </span>
    </p>
   </div>
   <div class='ocr_carea' id='block_1_27' title="bbox 1026 587 1820 629">
    <p class='ocr_par' dir='ltr' id='par_1_27' title="bbox 1026 587 1820 629">
     <span class='ocr_line' id='line_1_27' title="bbox 1026 587 1820 629; baseline -0.004 -11"><span class='ocrx_word' id='word_1_191' title='bbox 1026 591 1071 619; x_wconf 79' lang='grc' dir='ltr'><strong>τοῦ</strong></span> <span class='ocrx_word' id='word_1_192' title='bbox 1095 589 1243 629; x_wconf 85' lang='grc' dir='ltr'>Ἰλλυρικοῦ</span> <span class='ocrx_word' id='word_1_193' title='bbox 1272 589 1478 629; x_wconf 74' lang='grc' dir='ltr'>πεπληρωκέναι</span> <span class='ocrx_word' id='word_1_194' title='bbox 1507 588 1538 618; x_wconf 74' lang='grc' dir='ltr'><strong>τὸ</strong></span> <span class='ocrx_word' id='word_1_195' title='bbox 1577 587 1744 629; x_wconf 51' lang='grc' dir='ltr'>Εὖαγγῇιον</span> <span class='ocrx_word' id='word_1_196' title='bbox 1778 590 1820 616; x_wconf 64' lang='grc' dir='ltr'><strong>τοῦ</strong></span> 
     </span>
    </p>
   </div>
   <div class='ocr_carea' id='block_1_28' title="bbox 1025 627 1819 674">
    <p class='ocr_par' dir='ltr' id='par_1_28' title="bbox 1025 627 1819 674">
     <span class='ocr_line' id='line_1_28' title="bbox 1025 627 1819 674; baseline -0.003 -11"><span class='ocrx_word' id='word_1_197' title='bbox 1025 636 1159 673; x_wconf 70' lang='grc' dir='ltr'>Χριστοῦ.</span> <span class='ocrx_word' id='word_1_198' title='bbox 1171 627 1187 660; x_wconf 33' lang='grc' dir='ltr'><strong>ἰ</strong></span> <span class='ocrx_word' id='word_1_199' title='bbox 1199 634 1308 670; x_wconf 79' lang='grc' dir='ltr'><strong>Θέλεις,</strong></span> <span class='ocrx_word' id='word_1_200' title='bbox 1324 627 1416 674; x_wconf 83' lang='grc' dir='ltr'>φησὶν,</span> <span class='ocrx_word' id='word_1_201' title='bbox 1431 633 1564 668; x_wconf 77' lang='grc' dir='ltr'>ἀπόδειξιν</span> <span class='ocrx_word' id='word_1_202' title='bbox 1581 633 1678 662; x_wconf 82' lang='grc' dir='ltr'>λαϐεῖν</span> <span class='ocrx_word' id='word_1_203' title='bbox 1693 627 1729 662; x_wconf 68' lang='grc' dir='ltr'><strong>ὧν</strong></span> <span class='ocrx_word' id='word_1_204' title='bbox 1741 631 1819 670; x_wconf 80' lang='grc' dir='ltr'>λέγω;</span> 
     </span>
    </p>
   </div>
   <div class='ocr_carea' id='block_1_29' title="bbox 1027 676 1820 718">
    <p class='ocr_par' dir='ltr' id='par_1_29' title="bbox 1027 676 1820 718">
     <span class='ocr_line' id='line_1_29' title="bbox 1027 676 1820 718; baseline -0.005 -10"><span class='ocrx_word' id='word_1_205' title='bbox 1027 678 1077 708; x_wconf 83' lang='grc' dir='ltr'><strong>Ἰδὲ</strong></span> <span class='ocrx_word' id='word_1_206' title='bbox 1091 680 1144 708; x_wconf 79' lang='grc' dir='ltr'><strong>τῶν</strong></span> <span class='ocrx_word' id='word_1_207' title='bbox 1160 681 1286 718; x_wconf 81' lang='grc' dir='ltr'>μαθητῶν</span> <span class='ocrx_word' id='word_1_208' title='bbox 1312 690 1363 714; x_wconf 88' lang='grc' dir='ltr'><strong>μου</strong></span> <span class='ocrx_word' id='word_1_209' title='bbox 1384 678 1413 707; x_wconf 81' lang='grc' dir='ltr'><strong>τὸ</strong></span> <span class='ocrx_word' id='word_1_210' title='bbox 1435 679 1547 714; x_wconf 80' lang='grc' dir='ltr'>πλῆθος’</span> <span class='ocrx_word' id='word_1_211' title='bbox 1571 678 1628 707; x_wconf 82' lang='grc' dir='ltr'><strong>ἀπὸ</strong></span> <span class='ocrx_word' id='word_1_212' title='bbox 1654 676 1706 716; x_wconf 77' lang='grc' dir='ltr'><strong>γὰρ</strong></span> <span class='ocrx_word' id='word_1_213' title='bbox 1731 676 1820 715; x_wconf 78' lang='grc' dir='ltr'>Ἱερου-</span> 
     </span>
    </p>
   </div>
   <div class='ocr_carea' id='block_1_30' title="bbox 1027 721 1818 763">
    <p class='ocr_par' dir='ltr' id='par_1_30' title="bbox 1027 721 1818 763">
     <span class='ocr_line' id='line_1_30' title="bbox 1027 721 1818 763; baseline -0.005 -10"><span class='ocrx_word' id='word_1_214' title='bbox 1027 723 1118 761; x_wconf 79' lang='grc' dir='ltr'>σαλὴμ</span> <span class='ocrx_word' id='word_1_215' title='bbox 1142 723 1222 763; x_wconf 85' lang='grc' dir='ltr'>μέχρι</span> <span class='ocrx_word' id='word_1_216' title='bbox 1236 726 1282 753; x_wconf 71' lang='grc' dir='ltr'><strong>τοῦ</strong></span> <span class='ocrx_word' id='word_1_217' title='bbox 1299 722 1448 762; x_wconf 73' lang='grc' dir='ltr'>Ἰλλυρικοῦ</span> <span class='ocrx_word' id='word_1_218' title='bbox 1461 734 1468 741; x_wconf 91' lang='grc'><strong>·</strong></span> <span class='ocrx_word' id='word_1_219' title='bbox 1490 722 1506 751; x_wconf 73' lang='grc' dir='ltr'><strong><em>ὅ</em></strong></span> <span class='ocrx_word' id='word_1_220' title='bbox 1529 723 1586 752; x_wconf 81' lang='grc' dir='ltr'>ἐστι</span> <span class='ocrx_word' id='word_1_221' title='bbox 1607 722 1642 751; x_wconf 76' lang='grc' dir='ltr'><strong>τὰ</strong></span> <span class='ocrx_word' id='word_1_222' title='bbox 1657 721 1759 761; x_wconf 80' lang='grc' dir='ltr'>ἔσχατα</span> <span class='ocrx_word' id='word_1_223' title='bbox 1778 722 1818 755; x_wconf 74' lang='grc' dir='ltr'><strong>τῆς</strong></span> 
     </span>
    </p>
   </div>
   <div class='ocr_carea' id='block_1_31' title="bbox 1025 763 1819 807">
    <p class='ocr_par' dir='ltr' id='par_1_31' title="bbox 1025 763 1819 807">
     <span class='ocr_line' id='line_1_31' title="bbox 1025 763 1819 807; baseline -0.004 -10"><span class='ocrx_word' id='word_1_224' title='bbox 1025 770 1071 796; x_wconf 76' lang='grc' dir='ltr'><strong>νῦν</strong></span> <span class='ocrx_word' id='word_1_225' title='bbox 1084 768 1278 806; x_wconf 79' lang='grc' dir='ltr'>ὀνομαζομένης</span> <span class='ocrx_word' id='word_1_226' title='bbox 1293 767 1469 807; x_wconf 86' lang='grc' dir='ltr'>Βουλγαρίας.</span> <span class='ocrx_word' id='word_1_227' title='bbox 1483 767 1543 798; x_wconf 87' lang='grc' dir='ltr'><strong>Οὖκ</strong></span> <span class='ocrx_word' id='word_1_228' title='bbox 1553 763 1615 796; x_wconf 77' lang='grc' dir='ltr'>εἷπε</span> <span class='ocrx_word' id='word_1_229' title='bbox 1631 765 1669 804; x_wconf 71' lang='grc' dir='ltr'><strong>δὲ,</strong></span> <span class='ocrx_word' id='word_1_230' title='bbox 1686 764 1819 803; x_wconf 79' lang='grc' dir='ltr'>Ἐκήρυξα,</span> 
     </span>
    </p>
   </div>
   <div class='ocr_carea' id='block_1_32' title="bbox 1027 809 1819 852">
    <p class='ocr_par' dir='ltr' id='par_1_32' title="bbox 1027 809 1819 852">
     <span class='ocr_line' id='line_1_32' title="bbox 1027 809 1819 852; baseline 0.003 -11"><span class='ocrx_word' id='word_1_231' title='bbox 1027 812 1098 849; x_wconf 79' lang='grc' dir='ltr'>ἀλλ’,</span> <span class='ocrx_word' id='word_1_232' title='bbox 1118 811 1190 852; x_wconf 74' lang='grc' dir='ltr'>[ὅτι]</span> <span class='ocrx_word' id='word_1_233' title='bbox 1206 827 1217 839; x_wconf 75' lang='grc' dir='ltr'><strong>ιι</strong></span> <span class='ocrx_word' id='word_1_234' title='bbox 1234 812 1397 852; x_wconf 84' lang='grc' dir='ltr'>Ἐπλήρωσα</span> <span class='ocrx_word' id='word_1_235' title='bbox 1413 812 1443 840; x_wconf 88' lang='grc' dir='ltr'><strong>τὸ</strong></span> <span class='ocrx_word' id='word_1_236' title='bbox 1459 811 1640 851; x_wconf 79' lang='grc' dir='ltr'>Εὖαγγέλιον·</span> <span class='ocrx_word' id='word_1_237' title='bbox 1656 824 1668 837; x_wconf 78' lang='grc' dir='ltr'><strong>ν</strong></span> <span class='ocrx_word' id='word_1_238' title='bbox 1684 809 1819 850; x_wconf 63' lang='grc' dir='ltr'>ἵναξδείξῃ,</span> 
     </span>
    </p>
   </div>
   <div class='ocr_carea' id='block_1_33' title="bbox 1027 853 1818 897">
    <p class='ocr_par' dir='ltr' id='par_1_33' title="bbox 1027 853 1818 897">
     <span class='ocr_line' id='line_1_33' title="bbox 1027 853 1818 897; baseline -0.005 -12"><span class='ocrx_word' id='word_1_239' title='bbox 1027 855 1068 885; x_wconf 74' lang='grc' dir='ltr'><strong>ὅτι</strong></span> <span class='ocrx_word' id='word_1_240' title='bbox 1091 857 1138 886; x_wconf 81' lang='grc' dir='ltr'>οὔκ</span> <span class='ocrx_word' id='word_1_241' title='bbox 1168 857 1336 897; x_wconf 81' lang='grc' dir='ltr'>ἆνενέργητος</span> <span class='ocrx_word' id='word_1_242' title='bbox 1363 856 1465 895; x_wconf 77' lang='grc' dir='ltr'>ἐγένετο</span> <span class='ocrx_word' id='word_1_243' title='bbox 1491 857 1571 885; x_wconf 71' lang='grc' dir='ltr'>αὐτοῦ</span> <span class='ocrx_word' id='word_1_244' title='bbox 1603 857 1618 884; x_wconf 84' lang='grc' dir='ltr'>ὁ</span> <span class='ocrx_word' id='word_1_245' title='bbox 1646 855 1739 893; x_wconf 84' lang='grc' dir='ltr'><strong>λόγος⁷</strong></span> <span class='ocrx_word' id='word_1_246' title='bbox 1767 853 1818 882; x_wconf 76' lang='grc' dir='ltr'>ἀλλ’</span> 
     </span>
    </p>
   </div>
   <div class='ocr_carea' id='block_1_34' title="bbox 177 897 973 938">
    <p class='ocr_par' dir='ltr' id='par_1_34' title="bbox 177 899 971 937">
     <span class='ocr_line' id='line_1_34' title="bbox 177 899 971 937; baseline 0.003 -9"><span class='ocrx_word' id='word_1_247' title='bbox 177 899 269 934; x_wconf 86' lang='lat' dir='ltr'><strong>fuerit,</strong></span> <span class='ocrx_word' id='word_1_248' title='bbox 292 900 341 928; x_wconf 83' lang='lat' dir='ltr'><strong>sed</strong></span> <span class='ocrx_word' id='word_1_249' title='bbox 364 900 509 936; x_wconf 76' lang='lat' dir='ltr'><strong>perfectus.</strong></span> <span class='ocrx_word' id='word_1_250' title='bbox 534 902 575 929; x_wconf 83' lang='lat' dir='ltr'><strong>Ne</strong></span> <span class='ocrx_word' id='word_1_251' title='bbox 597 909 673 935; x_wconf 86' lang='lat' dir='ltr'><strong>vero,</strong></span> <span class='ocrx_word' id='word_1_252' title='bbox 697 910 761 930; x_wconf 91' lang='lat' dir='ltr'><strong>cum</strong></span> <span class='ocrx_word' id='word_1_253' title='bbox 786 902 876 937; x_wconf 86' lang='lat' dir='ltr'><strong>audis,</strong></span> <span class='ocrx_word' id='word_1_254' title='bbox 908 913 922 929; x_wconf 82' lang='lat'><strong><em>«</em></strong></span> <span class='ocrx_word' id='word_1_255' title='bbox 937 903 971 931; x_wconf 87' lang='lat' dir='ltr'><strong>ab</strong></span> 
     </span>
    </p>
   </div>
   <div class='ocr_carea' id='block_1_35' title="bbox 1057 897 1819 938">
    <p class='ocr_par' dir='ltr' id='par_1_35' title="bbox 1058 897 1819 938">
     <span class='ocr_line' id='line_1_35' title="bbox 1058 897 1819 938; baseline -0.003 -9"><span class='ocrx_word' id='word_1_256' title='bbox 1058 900 1134 936; x_wconf 78' lang='grc' dir='ltr'>τελής</span> <span class='ocrx_word' id='word_1_257' title='bbox 1146 901 1182 931; x_wconf 66' lang='grc'><strong>⁵⁸.</strong></span> <span class='ocrx_word' id='word_1_258' title='bbox 1199 900 1261 930; x_wconf 85' lang='grc' dir='ltr'>Ἵνα</span> <span class='ocrx_word' id='word_1_259' title='bbox 1277 900 1305 930; x_wconf 80' lang='grc' dir='ltr'>δὲ</span> <span class='ocrx_word' id='word_1_260' title='bbox 1321 900 1359 938; x_wconf 83' lang='grc' dir='ltr'><strong>μὴ</strong></span> <span class='ocrx_word' id='word_1_261' title='bbox 1376 899 1490 934; x_wconf 73' lang='grc' dir='ltr'>ἀκούσας</span> <span class='ocrx_word' id='word_1_262' title='bbox 1502 922 1511 936; x_wconf 93' lang='grc'><strong>,</strong></span> <span class='ocrx_word' id='word_1_263' title='bbox 1534 914 1544 925; x_wconf 76' lang='grc' dir='ltr'><strong>ι</strong></span> <span class='ocrx_word' id='word_1_264' title='bbox 1564 899 1635 930; x_wconf 82' lang='grc' dir='ltr'>Ἀπὸ</span> <span class='ocrx_word' id='word_1_265' title='bbox 1651 897 1819 938; x_wconf 76' lang='grc' dir='ltr'>Ἰερουσαλὴμ.</span> 
     </span>
    </p>
   </div>
   <div class='ocr_carea' id='block_1_36' title="bbox 176 945 972 984">
    <p class='ocr_par' dir='ltr' id='par_1_36' title="bbox 176 945 972 984">
     <span class='ocr_line' id='line_1_36' title="bbox 176 945 972 984; baseline 0.004 -11"><span class='ocrx_word' id='word_1_266' title='bbox 176 945 326 973; x_wconf 86' lang='lat' dir='ltr'><strong>Jerusalem</strong></span> <span class='ocrx_word' id='word_1_267' title='bbox 347 953 434 981; x_wconf 90' lang='lat' dir='ltr'><strong>usque</strong></span> <span class='ocrx_word' id='word_1_268' title='bbox 456 945 492 973; x_wconf 90' lang='lat' dir='ltr'><strong>ad</strong></span> <span class='ocrx_word' id='word_1_269' title='bbox 516 945 668 982; x_wconf 89' lang='lat' dir='ltr'><strong>Illyricum,</strong></span> <span class='ocrx_word' id='word_1_270' title='bbox 695 958 708 970; x_wconf 72' lang='grc' dir='ltr'>ιο</span> <span class='ocrx_word' id='word_1_271' title='bbox 733 947 875 975; x_wconf 86' lang='lat' dir='ltr'><strong>existimes</strong></span> <span class='ocrx_word' id='word_1_272' title='bbox 898 948 972 984; x_wconf 92' lang='lat' dir='ltr'><strong>quod</strong></span> 
     </span>
    </p>
   </div>
   <div class='ocr_carea' id='block_1_37' title="bbox 176 989 974 1028">
    <p class='ocr_par' dir='ltr' id='par_1_37' title="bbox 176 989 974 1028">
     <span class='ocr_line' id='line_1_37' title="bbox 176 989 974 1028; baseline 0.004 -11"><span class='ocrx_word' id='word_1_273' title='bbox 176 994 250 1018; x_wconf 86' lang='lat' dir='ltr'><strong>recta</strong></span> <span class='ocrx_word' id='word_1_274' title='bbox 271 997 318 1026; x_wconf 88' lang='lat' dir='ltr'><strong>per</strong></span> <span class='ocrx_word' id='word_1_275' title='bbox 343 989 482 1026; x_wconf 86' lang='lat' dir='ltr'><strong>publicam</strong></span> <span class='ocrx_word' id='word_1_276' title='bbox 498 990 574 1018; x_wconf 80' lang='lat' dir='ltr'><strong>viam</strong></span> <span class='ocrx_word' id='word_1_277' title='bbox 595 991 632 1018; x_wconf 79' lang='lat' dir='ltr'><strong>sit</strong></span> <span class='ocrx_word' id='word_1_278' title='bbox 656 990 807 1026; x_wconf 87' lang='lat' dir='ltr'><strong>profectus,</strong></span> <span class='ocrx_word' id='word_1_279' title='bbox 833 1003 846 1016; x_wconf 80' lang='grc' dir='ltr'><strong>ι</strong></span> <span class='ocrx_word' id='word_1_280' title='bbox 866 993 900 1020; x_wconf 88' lang='lat' dir='ltr'><strong>Et</strong></span> <span class='ocrx_word' id='word_1_281' title='bbox 924 1001 974 1028; x_wconf 86' lang='lat' dir='ltr'><strong>per</strong></span> 
     </span>
    </p>
   </div>
   <div class='ocr_carea' id='block_1_38' title="bbox 142 1031 971 1072">
    <p class='ocr_par' dir='ltr' id='par_1_38' title="bbox 142 1031 971 1072">
     <span class='ocr_line' id='line_1_38' title="bbox 142 1031 971 1072; baseline 0.004 -10"><span class='ocrx_word' id='word_1_282' title='bbox 142 1031 148 1037; x_wconf 84' lang='grc'><em>’</em></span> <span class='ocrx_word' id='word_1_283' title='bbox 176 1035 331 1069; x_wconf 84' lang='lat' dir='ltr'><strong>circuitum,</strong></span> <span class='ocrx_word' id='word_1_284' title='bbox 352 1046 365 1059; x_wconf 75' lang='grc' dir='ltr'><strong>ν</strong></span> <span class='ocrx_word' id='word_1_285' title='bbox 387 1035 492 1070; x_wconf 91' lang='lat' dir='ltr'><strong>inquit,</strong></span> <span class='ocrx_word' id='word_1_286' title='bbox 506 1034 560 1063; x_wconf 90' lang='lat' dir='ltr'><strong>hoc</strong></span> <span class='ocrx_word' id='word_1_287' title='bbox 574 1039 627 1069; x_wconf 81' lang='lat' dir='ltr'><strong>est,</strong></span> <span class='ocrx_word' id='word_1_288' title='bbox 645 1039 672 1062; x_wconf 90' lang='lat' dir='ltr'><strong>et</strong></span> <span class='ocrx_word' id='word_1_289' title='bbox 687 1044 750 1072; x_wconf 64' lang='lat' dir='ltr'><strong>quae</strong></span> <span class='ocrx_word' id='word_1_290' title='bbox 764 1036 799 1064; x_wconf 85' lang='lat' dir='ltr'><strong>ad</strong></span> <span class='ocrx_word' id='word_1_291' title='bbox 813 1036 971 1072; x_wconf 88' lang='lat' dir='ltr'><strong>aquilonem</strong></span> 
     </span>
    </p>
   </div>
   <div class='ocr_carea' id='block_1_39' title="bbox 175 1079 970 1116">
    <p class='ocr_par' dir='ltr' id='par_1_39' title="bbox 175 1079 970 1116">
     <span class='ocr_line' id='line_1_39' title="bbox 175 1079 970 1116; baseline 0.004 -10"><span class='ocrx_word' id='word_1_292' title='bbox 175 1083 204 1107; x_wconf 90' lang='lat' dir='ltr'><strong>et</strong></span> <span class='ocrx_word' id='word_1_293' title='bbox 218 1079 253 1107; x_wconf 88' lang='lat' dir='ltr'><strong>ad</strong></span> <span class='ocrx_word' id='word_1_294' title='bbox 267 1083 394 1107; x_wconf 84' lang='lat' dir='ltr'><strong>austrum</strong></span> <span class='ocrx_word' id='word_1_295' title='bbox 415 1083 480 1107; x_wconf 87' lang='lat' dir='ltr'><strong>sunt</strong></span> <span class='ocrx_word' id='word_1_296' title='bbox 494 1083 599 1115; x_wconf 83' lang='lat' dir='ltr'><strong>gentes,</strong></span> <span class='ocrx_word' id='word_1_297' title='bbox 617 1079 795 1115; x_wconf 72' lang='lat' dir='ltr'><strong>praedicando</strong></span> <span class='ocrx_word' id='word_1_298' title='bbox 816 1082 970 1116; x_wconf 87' lang='lat' dir='ltr'><strong>pertransii.</strong></span> 
     </span>
    </p>
   </div>
   <div class='ocr_carea' id='block_1_40' title="bbox 211 1124 974 1160">
    <p class='ocr_par' dir='ltr' id='par_1_40' title="bbox 211 1124 974 1160">
     <span class='ocr_line' id='line_1_40' title="bbox 211 1124 974 1160; baseline 0.003 -9"><span class='ocrx_word' id='word_1_299' title='bbox 211 1125 302 1151; x_wconf 77' lang='lat' dir='ltr'><strong>Vnus.</strong></span> <span class='ocrx_word' id='word_1_300' title='bbox 329 1126 374 1151; x_wconf 80' lang='lat'><strong>20.</strong></span> <span class='ocrx_word' id='word_1_301' title='bbox 400 1135 413 1147; x_wconf 72' lang='grc' dir='ltr'><strong><em>α</em></strong></span> <span class='ocrx_word' id='word_1_302' title='bbox 436 1124 481 1151; x_wconf 91' lang='lat' dir='ltr'><strong>Sic</strong></span> <span class='ocrx_word' id='word_1_303' title='bbox 496 1131 559 1152; x_wconf 91' lang='lat' dir='ltr'><strong>vero</strong></span> <span class='ocrx_word' id='word_1_304' title='bbox 574 1124 701 1152; x_wconf 88' lang='lat' dir='ltr'><strong>annitens</strong></span> <span class='ocrx_word' id='word_1_305' title='bbox 716 1124 865 1160; x_wconf 65' lang='lat' dir='ltr'><strong>pradicare</strong></span> <span class='ocrx_word' id='word_1_306' title='bbox 887 1126 974 1153; x_wconf 85' lang='lat' dir='ltr'><strong>Evan-</strong></span> 
     </span>
    </p>
   </div>
   <div class='ocr_carea' id='block_1_41' title="bbox 174 1167 975 1205">
    <p class='ocr_par' dir='ltr' id='par_1_41' title="bbox 174 1167 975 1205">
     <span class='ocr_line' id='line_1_41' title="bbox 174 1167 975 1205; baseline 0.004 -10"><span class='ocrx_word' id='word_1_307' title='bbox 174 1167 286 1203; x_wconf 84' lang='lat' dir='ltr'><strong>gelium,</strong></span> <span class='ocrx_word' id='word_1_308' title='bbox 299 1176 355 1196; x_wconf 89' lang='lat' dir='ltr'><strong>non</strong></span> <span class='ocrx_word' id='word_1_309' title='bbox 369 1168 417 1195; x_wconf 91' lang='lat' dir='ltr'><strong>ubi</strong></span> <span class='ocrx_word' id='word_1_310' title='bbox 432 1169 593 1196; x_wconf 88' lang='lat' dir='ltr'><strong>nominatus</strong></span> <span class='ocrx_word' id='word_1_311' title='bbox 607 1173 678 1197; x_wconf 84' lang='lat' dir='ltr'><strong>esset</strong></span> <span class='ocrx_word' id='word_1_312' title='bbox 690 1169 828 1203; x_wconf 85' lang='lat' dir='ltr'><strong>Christus,</strong></span> <span class='ocrx_word' id='word_1_313' title='bbox 845 1177 879 1198; x_wconf 92' lang='lat' dir='ltr'><strong>ne</strong></span> <span class='ocrx_word' id='word_1_314' title='bbox 893 1178 975 1205; x_wconf 85' lang='lat' dir='ltr'><strong>super</strong></span> 
     </span>
    </p>
   </div>
   <div class='ocr_carea' id='block_1_42' title="bbox 174 1212 975 1243">
    <p class='ocr_par' dir='ltr' id='par_1_42' title="bbox 174 1212 975 1243">
     <span class='ocr_line' id='line_1_42' title="bbox 174 1212 975 1243; baseline 0.002 -3"><span class='ocrx_word' id='word_1_315' title='bbox 174 1213 291 1240; x_wconf 94' lang='lat' dir='ltr'><strong>alienum</strong></span> <span class='ocrx_word' id='word_1_316' title='bbox 307 1212 516 1241; x_wconf 79' lang='lat' dir='ltr'><strong>fundamentum</strong></span> <span class='ocrx_word' id='word_1_317' title='bbox 531 1212 708 1242; x_wconf 64' lang='lat' dir='ltr'><strong>mdiﬁcarem.</strong></span> <span class='ocrx_word' id='word_1_318' title='bbox 728 1225 741 1238; x_wconf 75' lang='grc' dir='ltr'>ι</span> <span class='ocrx_word' id='word_1_319' title='bbox 757 1215 818 1242; x_wconf 87' lang='grc' dir='ltr'>Νοιι</span> <span class='ocrx_word' id='word_1_320' title='bbox 834 1215 925 1243; x_wconf 88' lang='lat' dir='ltr'><strong>solum</strong></span> <span class='ocrx_word' id='word_1_321' title='bbox 935 1219 975 1242; x_wconf 87' lang='lat' dir='ltr'><strong>tot</strong></span> 
     </span>
    </p>
   </div>
   <div class='ocr_carea' id='block_1_43' title="bbox 175 1257 974 1295">
    <p class='ocr_par' dir='ltr' id='par_1_43' title="bbox 175 1257 974 1295">
     <span class='ocr_line' id='line_1_43' title="bbox 175 1257 974 1295; baseline 0.001 -10"><span class='ocrx_word' id='word_1_322' title='bbox 175 1257 310 1294; x_wconf 88' lang='lat' dir='ltr'><strong>tantisque</strong></span> <span class='ocrx_word' id='word_1_323' title='bbox 330 1257 478 1294; x_wconf 67' lang='lat' dir='ltr'><strong>praedicavi</strong></span> <span class='ocrx_word' id='word_1_324' title='bbox 500 1258 686 1294; x_wconf 81' lang='lat' dir='ltr'><strong>Evangelium,</strong></span> <span class='ocrx_word' id='word_1_325' title='bbox 709 1258 816 1295; x_wconf 87' lang='lat' dir='ltr'><strong>illisque</strong></span> <span class='ocrx_word' id='word_1_326' title='bbox 840 1259 974 1295; x_wconf 88' lang='lat' dir='ltr'><strong>persuasi,</strong></span> 
     </span>
    </p>
   </div>
   <div class='ocr_carea' id='block_1_44' title="bbox 175 1302 975 1339">
    <p class='ocr_par' dir='ltr' id='par_1_44' title="bbox 175 1302 975 1339">
     <span class='ocr_line' id='line_1_44' title="bbox 175 1302 975 1339; baseline 0.003 -9"><span class='ocrx_word' id='word_1_327' title='bbox 175 1310 271 1330; x_wconf 88' lang='lat' dir='ltr'><strong>verum</strong></span> <span class='ocrx_word' id='word_1_328' title='bbox 284 1310 375 1339; x_wconf 89' lang='lat' dir='ltr'><strong>neque</strong></span> <span class='ocrx_word' id='word_1_329' title='bbox 390 1302 425 1330; x_wconf 90' lang='lat' dir='ltr'><strong>ad</strong></span> <span class='ocrx_word' id='word_1_330' title='bbox 435 1302 565 1331; x_wconf 88' lang='lat' dir='ltr'><strong>homines</strong></span> <span class='ocrx_word' id='word_1_331' title='bbox 574 1303 619 1339; x_wconf 91' lang='lat' dir='ltr'><strong>qui</strong></span> <span class='ocrx_word' id='word_1_332' title='bbox 630 1303 745 1330; x_wconf 91' lang='lat' dir='ltr'><strong>omnino</strong></span> <span class='ocrx_word' id='word_1_333' title='bbox 760 1303 859 1332; x_wconf 89' lang='lat' dir='ltr'><strong>Christi</strong></span> <span class='ocrx_word' id='word_1_334' title='bbox 873 1312 975 1332; x_wconf 88' lang='lat' dir='ltr'><strong>nomen</strong></span> 
     </span>
    </p>
   </div>
   <div class='ocr_carea' id='block_1_45' title="bbox 174 1347 975 1381">
    <p class='ocr_par' dir='ltr' id='par_1_45' title="bbox 174 1347 975 1381">
     <span class='ocr_line' id='line_1_45' title="bbox 174 1347 975 1381; baseline 0.002 -7"><span class='ocrx_word' id='word_1_335' title='bbox 174 1347 323 1378; x_wconf 86' lang='lat' dir='ltr'><strong>audierant.</strong></span> <span class='ocrx_word' id='word_1_336' title='bbox 339 1347 392 1375; x_wconf 88' lang='lat' dir='ltr'><strong>abii</strong></span> <span class='ocrx_word' id='word_1_337' title='bbox 411 1356 417 1374; x_wconf 96' lang='lat'>:</span> <span class='ocrx_word' id='word_1_338' title='bbox 441 1351 552 1375; x_wconf 89' lang='lat' dir='ltr'><strong>tantum</strong></span> <span class='ocrx_word' id='word_1_339' title='bbox 569 1347 657 1381; x_wconf 90' lang='lat' dir='ltr'><strong>abest,</strong></span> <span class='ocrx_word' id='word_1_340' title='bbox 672 1352 703 1376; x_wconf 88' lang='lat' dir='ltr'><strong>ut</strong></span> <span class='ocrx_word' id='word_1_341' title='bbox 726 1356 771 1376; x_wconf 92' lang='lat' dir='ltr'><strong>me</strong></span> <span class='ocrx_word' id='word_1_342' title='bbox 799 1348 918 1376; x_wconf 92' lang='lat' dir='ltr'><strong>aliorum</strong></span> <span class='ocrx_word' id='word_1_343' title='bbox 931 1348 975 1377; x_wconf 84' lang='lat' dir='ltr'><strong>di-</strong></span> 
     </span>
    </p>
   </div>
   <div class='ocr_carea' id='block_1_46' title="bbox 175 1392 975 1429">
    <p class='ocr_par' dir='ltr' id='par_1_46' title="bbox 175 1392 975 1429">
     <span class='ocr_line' id='line_1_46' title="bbox 175 1392 975 1429; baseline 0.001 -9"><span class='ocrx_word' id='word_1_344' title='bbox 175 1392 286 1428; x_wconf 89' lang='lat' dir='ltr'><strong>scipulis</strong></span> <span class='ocrx_word' id='word_1_345' title='bbox 303 1392 343 1420; x_wconf 85' lang='lat' dir='ltr'><strong>vel</strong></span> <span class='ocrx_word' id='word_1_346' title='bbox 366 1392 500 1428; x_wconf 84' lang='lat' dir='ltr'><strong>ingeram,</strong></span> <span class='ocrx_word' id='word_1_347' title='bbox 517 1392 558 1420; x_wconf 87' lang='lat' dir='ltr'><strong>vel</strong></span> <span class='ocrx_word' id='word_1_348' title='bbox 583 1392 678 1428; x_wconf 71' lang='lat' dir='ltr'><strong>gloriae</strong></span> <span class='ocrx_word' id='word_1_349' title='bbox 699 1400 782 1420; x_wconf 87' lang='lat' dir='ltr'><strong>causa</strong></span> <span class='ocrx_word' id='word_1_350' title='bbox 809 1392 861 1421; x_wconf 90' lang='lat' dir='ltr'><strong>hoc</strong></span> <span class='ocrx_word' id='word_1_351' title='bbox 883 1401 975 1429; x_wconf 86' lang='lat' dir='ltr'><strong>agam.</strong></span> 
     </span>
    </p>
   </div>
   <div class='ocr_carea' id='block_1_47' title="bbox 174 1436 977 1473">
    <p class='ocr_par' dir='ltr' id='par_1_47' title="bbox 174 1436 977 1473">
     <span class='ocr_line' id='line_1_47' title="bbox 174 1436 977 1473; baseline 0.001 -9"><span class='ocrx_word' id='word_1_352' title='bbox 174 1437 296 1465; x_wconf 84' lang='lat' dir='ltr'><strong>Proinde</strong></span> <span class='ocrx_word' id='word_1_353' title='bbox 317 1444 406 1472; x_wconf 89' lang='lat' dir='ltr'><strong>neque</strong></span> <span class='ocrx_word' id='word_1_354' title='bbox 429 1436 523 1472; x_wconf 90' lang='lat' dir='ltr'><strong>scripsi</strong></span> <span class='ocrx_word' id='word_1_355' title='bbox 548 1436 628 1464; x_wconf 89' lang='lat' dir='ltr'><strong>vobis</strong></span> <span class='ocrx_word' id='word_1_356' title='bbox 649 1444 699 1465; x_wconf 80' lang='lat' dir='ltr'><strong>ceu</strong></span> <span class='ocrx_word' id='word_1_357' title='bbox 722 1437 837 1473; x_wconf 83' lang='lat' dir='ltr'><strong>gloriam</strong></span> <span class='ocrx_word' id='word_1_358' title='bbox 862 1445 877 1465; x_wconf 94' lang='lat' dir='ltr'><strong>a</strong></span> <span class='ocrx_word' id='word_1_359' title='bbox 899 1437 977 1465; x_wconf 89' lang='lat' dir='ltr'><strong>vobis</strong></span> 
     </span>
    </p>
   </div>
   <div class='ocr_carea' id='block_1_48' title="bbox 174 1481 978 1517">
    <p class='ocr_par' dir='ltr' id='par_1_48' title="bbox 174 1481 978 1517">
     <span class='ocr_line' id='line_1_48' title="bbox 174 1481 978 1517; baseline 0 -8"><span class='ocrx_word' id='word_1_360' title='bbox 174 1486 306 1517; x_wconf 86' lang='lat' dir='ltr'><strong>expetens</strong></span> <span class='ocrx_word' id='word_1_361' title='bbox 319 1501 327 1515; x_wconf 96' lang='lat'><strong>,</strong></span> <span class='ocrx_word' id='word_1_362' title='bbox 353 1486 484 1509; x_wconf 77' lang='lat' dir='ltr'><strong>caeterum</strong></span> <span class='ocrx_word' id='word_1_363' title='bbox 499 1485 631 1517; x_wconf 85' lang='lat' dir='ltr'><strong>tanquam</strong></span> <span class='ocrx_word' id='word_1_364' title='bbox 648 1481 832 1509; x_wconf 86' lang='lat' dir='ltr'><strong>ministerium</strong></span> <span class='ocrx_word' id='word_1_365' title='bbox 852 1481 978 1517; x_wconf 90' lang='lat' dir='ltr'><strong>implens.</strong></span> 
     </span>
    </p>
   </div>
   <div class='ocr_carea' id='block_1_49' title="bbox 1029 943 1816 985">
    <p class='ocr_par' dir='ltr' id='par_1_49' title="bbox 1029 943 1816 985">
     <span class='ocr_line' id='line_1_49' title="bbox 1029 943 1816 985; baseline -0.004 -11"><span class='ocrx_word' id='word_1_366' title='bbox 1029 944 1092 985; x_wconf 79' lang='grc' dir='ltr'>ἄχρι</span> <span class='ocrx_word' id='word_1_367' title='bbox 1106 947 1151 975; x_wconf 75' lang='grc' dir='ltr'><strong>τοῦ</strong></span> <span class='ocrx_word' id='word_1_368' title='bbox 1167 945 1316 985; x_wconf 68' lang='grc' dir='ltr'>Ἰλλυρικοῦ</span> <span class='ocrx_word' id='word_1_369' title='bbox 1325 968 1334 983; x_wconf 82' lang='lat'><strong>,</strong></span> <span class='ocrx_word' id='word_1_370' title='bbox 1347 958 1358 971; x_wconf 76' lang='grc' dir='ltr'><strong>ιι</strong></span> <span class='ocrx_word' id='word_1_371' title='bbox 1375 943 1487 985; x_wconf 82' lang='grc' dir='ltr'>νομίσῃς</span> <span class='ocrx_word' id='word_1_372' title='bbox 1497 944 1537 974; x_wconf 72' lang='grc' dir='ltr'>ὅτι</span> <span class='ocrx_word' id='word_1_373' title='bbox 1549 946 1613 974; x_wconf 85' lang='grc' dir='ltr'>κατ’</span> <span class='ocrx_word' id='word_1_374' title='bbox 1626 943 1687 973; x_wconf 58' lang='lat' dir='ltr'><strong>etot.</strong></span> <span class='ocrx_word' id='word_1_375' title='bbox 1702 943 1747 978; x_wconf 74' lang='grc' dir='ltr'><strong>τὴν</strong></span> <span class='ocrx_word' id='word_1_376' title='bbox 1757 943 1816 971; x_wconf 86' lang='grc' dir='ltr'>λεω-</span> 
     </span>
    </p>
   </div>
   <div class='ocr_carea' id='block_1_50' title="bbox 1029 986 1815 1030">
    <p class='ocr_par' dir='ltr' id='par_1_50' title="bbox 1029 986 1815 1030">
     <span class='ocr_line' id='line_1_50' title="bbox 1029 986 1815 1030; baseline -0.005 -11"><span class='ocrx_word' id='word_1_377' title='bbox 1029 989 1107 1029; x_wconf 84' lang='grc' dir='ltr'>φόρον</span> <span class='ocrx_word' id='word_1_378' title='bbox 1118 990 1232 1030; x_wconf 80' lang='grc' dir='ltr'>ἤρχετο,</span> <span class='ocrx_word' id='word_1_379' title='bbox 1249 990 1344 1029; x_wconf 74' lang='grc' dir='ltr'>φησὶν,</span> <span class='ocrx_word' id='word_1_380' title='bbox 1360 990 1400 1019; x_wconf 77' lang='grc' dir='ltr'><strong>ὅτι</strong></span> <span class='ocrx_word' id='word_1_381' title='bbox 1412 999 1428 1018; x_wconf 60' lang='lat' dir='ltr'><strong>tt</strong></span> <span class='ocrx_word' id='word_1_382' title='bbox 1447 990 1500 1019; x_wconf 84' lang='grc' dir='ltr'><strong>Καὶ</strong></span> <span class='ocrx_word' id='word_1_383' title='bbox 1513 989 1605 1028; x_wconf 82' lang='grc' dir='ltr'>κύκλῳ</span> <span class='ocrx_word' id='word_1_384' title='bbox 1623 1001 1630 1007; x_wconf 90' lang='grc'><strong>-</strong></span> <span class='ocrx_word' id='word_1_385' title='bbox 1650 1000 1664 1016; x_wconf 68' lang='grc' dir='ltr'><strong>ο</strong></span> <span class='ocrx_word' id='word_1_386' title='bbox 1681 986 1815 1021; x_wconf 77' lang='grc' dir='ltr'>τουτέστιν,</span> 
     </span>
    </p>
   </div>
   <div class='ocr_carea' id='block_1_51' title="bbox 1029 1032 1818 1075">
    <p class='ocr_par' dir='ltr' id='par_1_51' title="bbox 1029 1032 1818 1075">
     <span class='ocr_line' id='line_1_51' title="bbox 1029 1032 1818 1075; baseline -0.006 -12"><span class='ocrx_word' id='word_1_387' title='bbox 1029 1033 1068 1063; x_wconf 78' lang='grc' dir='ltr'><strong>ὅτι</strong></span> <span class='ocrx_word' id='word_1_388' title='bbox 1087 1034 1140 1064; x_wconf 78' lang='grc' dir='ltr'><strong>Καὶ</strong></span> <span class='ocrx_word' id='word_1_389' title='bbox 1163 1034 1196 1064; x_wconf 76' lang='grc' dir='ltr'><strong>τὰ</strong></span> <span class='ocrx_word' id='word_1_390' title='bbox 1210 1035 1275 1074; x_wconf 82' lang='grc' dir='ltr'>πρὸς</span> <span class='ocrx_word' id='word_1_391' title='bbox 1293 1035 1391 1075; x_wconf 78' lang='grc' dir='ltr'>βοῤῥᾶν</span> <span class='ocrx_word' id='word_1_392' title='bbox 1407 1034 1454 1063; x_wconf 79' lang='grc' dir='ltr'>καὶ</span> <span class='ocrx_word' id='word_1_393' title='bbox 1470 1033 1534 1074; x_wconf 81' lang='grc' dir='ltr'>πρὸς</span> <span class='ocrx_word' id='word_1_394' title='bbox 1553 1033 1630 1063; x_wconf 86' lang='grc' dir='ltr'>νότον</span> <span class='ocrx_word' id='word_1_395' title='bbox 1650 1033 1710 1068; x_wconf 85' lang='grc' dir='ltr'>ἔθνη</span> <span class='ocrx_word' id='word_1_396' title='bbox 1726 1032 1818 1067; x_wconf 76' lang='grc' dir='ltr'>διῆλθον</span> 
     </span>
    </p>
   </div>
   <div class='ocr_carea' id='block_1_52' title="bbox 1029 1079 1160 1119">
    <p class='ocr_par' dir='ltr' id='par_1_52' title="bbox 1029 1079 1160 1119">
     <span class='ocr_line' id='line_1_52' title="bbox 1029 1079 1160 1119; baseline 0.008 -11"><span class='ocrx_word' id='word_1_397' title='bbox 1029 1080 1066 1119; x_wconf 85' lang='grc' dir='ltr'><strong>τῷ</strong></span> <span class='ocrx_word' id='word_1_398' title='bbox 1078 1079 1160 1119; x_wconf 87' lang='grc' dir='ltr'>λόγῳ.</span> 
     </span>
    </p>
   </div>
   <div class='ocr_carea' id='block_1_53' title="bbox 1069 1120 1819 1164">
    <p class='ocr_par' dir='ltr' id='par_1_53' title="bbox 1069 1120 1819 1164">
     <span class='ocr_line' id='line_1_53' title="bbox 1069 1120 1819 1164; baseline -0.005 -11"><span class='ocrx_word' id='word_1_399' title='bbox 1069 1137 1081 1150; x_wconf 75' lang='grc' dir='ltr'>ι</span> <span class='ocrx_word' id='word_1_400' title='bbox 1109 1124 1190 1153; x_wconf 77' lang='grc' dir='ltr'><strong>Οὕτω</strong></span> <span class='ocrx_word' id='word_1_401' title='bbox 1220 1123 1247 1152; x_wconf 84' lang='grc' dir='ltr'>δὲ</span> <span class='ocrx_word' id='word_1_402' title='bbox 1272 1122 1490 1164; x_wconf 75' lang='grc' dir='ltr'>φιλοτιμούμενον</span> <span class='ocrx_word' id='word_1_403' title='bbox 1518 1122 1751 1161; x_wconf 78' lang='grc' dir='ltr'>εὐαγγελίζεσθαι,</span> <span class='ocrx_word' id='word_1_404' title='bbox 1776 1120 1819 1158; x_wconf 71' lang='grc' dir='ltr'>οὐχ</span> 
     </span>
    </p>
   </div>
   <div class='ocr_carea' id='block_1_54' title="bbox 1029 1163 1818 1207">
    <p class='ocr_par' dir='ltr' id='par_1_54' title="bbox 1029 1163 1818 1207">
     <span class='ocr_line' id='line_1_54' title="bbox 1029 1163 1818 1207; baseline -0.005 -10"><span class='ocrx_word' id='word_1_405' title='bbox 1029 1167 1095 1197; x_wconf 76' lang='grc' dir='ltr'>ὅπου</span> <span class='ocrx_word' id='word_1_406' title='bbox 1111 1167 1254 1205; x_wconf 79' lang='grc' dir='ltr'>ὠνομάσθη</span> <span class='ocrx_word' id='word_1_407' title='bbox 1275 1167 1398 1207; x_wconf 75' lang='grc' dir='ltr'>Χριστὸς,</span> <span class='ocrx_word' id='word_1_408' title='bbox 1413 1167 1456 1196; x_wconf 74' lang='grc' dir='ltr'>ἵνα</span> <span class='ocrx_word' id='word_1_409' title='bbox 1472 1167 1510 1205; x_wconf 79' lang='grc' dir='ltr'><strong>μὴ</strong></span> <span class='ocrx_word' id='word_1_410' title='bbox 1527 1166 1568 1196; x_wconf 76' lang='grc' dir='ltr'><strong>ἐπ’</strong></span> <span class='ocrx_word' id='word_1_411' title='bbox 1589 1166 1728 1206; x_wconf 80' lang='grc' dir='ltr'>ἀλλότριον</span> <span class='ocrx_word' id='word_1_412' title='bbox 1748 1163 1818 1202; x_wconf 77' lang='grc' dir='ltr'>θεμί-</span> 
     </span>
    </p>
   </div>
   <div class='ocr_carea' id='block_1_55' title="bbox 1029 1209 1818 1252">
    <p class='ocr_par' dir='ltr' id='par_1_55' title="bbox 1029 1209 1818 1252">
     <span class='ocr_line' id='line_1_55' title="bbox 1029 1209 1818 1252; baseline -0.005 -10"><span class='ocrx_word' id='word_1_413' title='bbox 1029 1214 1084 1242; x_wconf 90' lang='grc' dir='ltr'>λιον</span> <span class='ocrx_word' id='word_1_414' title='bbox 1101 1213 1243 1252; x_wconf 79' lang='grc' dir='ltr'>οἰκοδομῶ.</span> <span class='ocrx_word' id='word_1_415' title='bbox 1265 1227 1276 1238; x_wconf 79' lang='grc' dir='ltr'><strong>ι</strong></span> <span class='ocrx_word' id='word_1_416' title='bbox 1295 1213 1336 1242; x_wconf 82' lang='grc' dir='ltr'><strong>Οὒ</strong></span> <span class='ocrx_word' id='word_1_417' title='bbox 1361 1212 1438 1251; x_wconf 88' lang='grc' dir='ltr'>μόνον</span> <span class='ocrx_word' id='word_1_418' title='bbox 1463 1211 1598 1245; x_wconf 81' lang='grc' dir='ltr'>τοσούτοις</span> <span class='ocrx_word' id='word_1_419' title='bbox 1615 1209 1818 1250; x_wconf 80' lang='grc' dir='ltr'>εὐηγγελισάμην</span> 
     </span>
    </p>
   </div>
   <div class='ocr_carea' id='block_1_56' title="bbox 1030 1254 1819 1296">
    <p class='ocr_par' dir='ltr' id='par_1_56' title="bbox 1030 1254 1819 1296">
     <span class='ocr_line' id='line_1_56' title="bbox 1030 1254 1819 1296; baseline -0.006 -9"><span class='ocrx_word' id='word_1_420' title='bbox 1030 1257 1209 1294; x_wconf 68' lang='grc' dir='ltr'>καὶεῖπεισα,</span> <span class='ocrx_word' id='word_1_421' title='bbox 1236 1258 1295 1287; x_wconf 83' lang='grc' dir='ltr'>ἀλλ’</span> <span class='ocrx_word' id='word_1_422' title='bbox 1311 1257 1370 1287; x_wconf 75' lang='grc' dir='ltr'>οὐδὲ</span> <span class='ocrx_word' id='word_1_423' title='bbox 1394 1256 1458 1296; x_wconf 73' lang='grc' dir='ltr'>πρὸς</span> <span class='ocrx_word' id='word_1_424' title='bbox 1483 1256 1639 1296; x_wconf 74' lang='grc' dir='ltr'>ἀνθρώπους</span> <span class='ocrx_word' id='word_1_425' title='bbox 1666 1254 1819 1285; x_wconf 79' lang='grc' dir='ltr'>ἀκούσαντας</span> 
     </span>
    </p>
   </div>
   <div class='ocr_carea' id='block_1_57' title="bbox 1030 1299 1818 1341">
    <p class='ocr_par' dir='ltr' id='par_1_57' title="bbox 1030 1299 1818 1341">
     <span class='ocr_line' id='line_1_57' title="bbox 1030 1299 1818 1341; baseline -0.006 -10"><span class='ocrx_word' id='word_1_426' title='bbox 1030 1301 1097 1336; x_wconf 78' lang='grc' dir='ltr'>ὅλως</span> <span class='ocrx_word' id='word_1_427' title='bbox 1120 1301 1204 1340; x_wconf 83' lang='grc' dir='ltr'>ὄνομα</span> <span class='ocrx_word' id='word_1_428' title='bbox 1222 1303 1339 1341; x_wconf 72' lang='grc' dir='ltr'>Χριστοῦ</span> <span class='ocrx_word' id='word_1_429' title='bbox 1355 1302 1474 1336; x_wconf 84' lang='grc' dir='ltr'>ἀπ’ἧλθον</span> <span class='ocrx_word' id='word_1_430' title='bbox 1497 1313 1504 1319; x_wconf 91' lang='grc'><strong>·</strong></span> <span class='ocrx_word' id='word_1_431' title='bbox 1525 1304 1651 1331; x_wconf 75' lang='grc' dir='ltr'>τοσοῦτον</span> <span class='ocrx_word' id='word_1_432' title='bbox 1666 1299 1757 1340; x_wconf 76' lang='grc' dir='ltr'>ἀπέχω</span> <span class='ocrx_word' id='word_1_433' title='bbox 1779 1299 1818 1327; x_wconf 69' lang='grc' dir='ltr'>τοῦ</span> 
     </span>
    </p>
   </div>
   <div class='ocr_carea' id='block_1_58' title="bbox 1030 1342 1820 1387">
    <p class='ocr_par' dir='ltr' id='par_1_58' title="bbox 1030 1342 1820 1387">
     <span class='ocr_line' id='line_1_58' title="bbox 1030 1342 1820 1387; baseline -0.004 -11"><span class='ocrx_word' id='word_1_434' title='bbox 1030 1347 1196 1387; x_wconf 58' lang='grc' dir='ltr'>ἐωρῤίπτειν</span> <span class='ocrx_word' id='word_1_435' title='bbox 1223 1346 1337 1384; x_wconf 69' lang='grc' dir='ltr'>ἐμαυτὸν</span> <span class='ocrx_word' id='word_1_436' title='bbox 1370 1346 1459 1375; x_wconf 80' lang='grc' dir='ltr'>ἄλλων</span> <span class='ocrx_word' id='word_1_437' title='bbox 1490 1348 1626 1384; x_wconf 80' lang='grc' dir='ltr'>μαθηταῖς</span> <span class='ocrx_word' id='word_1_438' title='bbox 1639 1368 1648 1382; x_wconf 89' lang='grc'><strong>,</strong></span> <span class='ocrx_word' id='word_1_439' title='bbox 1684 1345 1728 1374; x_wconf 82' lang='grc' dir='ltr'><strong>καὶ</strong></span> <span class='ocrx_word' id='word_1_440' title='bbox 1753 1342 1820 1378; x_wconf 76' lang='grc' dir='ltr'>δόξης</span> 
     </span>
    </p>
   </div>
   <div class='ocr_carea' id='block_1_59' title="bbox 1031 1387 1820 1429">
    <p class='ocr_par' dir='ltr' id='par_1_59' title="bbox 1031 1387 1820 1429">
     <span class='ocr_line' id='line_1_59' title="bbox 1031 1387 1820 1429; baseline -0.003 -9"><span class='ocrx_word' id='word_1_441' title='bbox 1031 1390 1118 1421; x_wconf 77' lang='grc' dir='ltr'>ἕνεκεν</span> <span class='ocrx_word' id='word_1_442' title='bbox 1134 1394 1211 1421; x_wconf 74' lang='grc' dir='ltr'>τοῦτο</span> <span class='ocrx_word' id='word_1_443' title='bbox 1237 1394 1333 1421; x_wconf 74' lang='grc' dir='ltr'>ποιεῖν.</span> <span class='ocrx_word' id='word_1_444' title='bbox 1357 1391 1461 1421; x_wconf 76' lang='grc' dir='ltr'>Οὐκοῦν</span> <span class='ocrx_word' id='word_1_445' title='bbox 1483 1389 1542 1419; x_wconf 84' lang='grc' dir='ltr'>οὐδὲ</span> <span class='ocrx_word' id='word_1_446' title='bbox 1563 1390 1629 1428; x_wconf 76' lang='grc' dir='ltr'><strong>ὕμῖν</strong></span> <span class='ocrx_word' id='word_1_447' title='bbox 1645 1389 1766 1429; x_wconf 81' lang='grc' dir='ltr'>ἔγραψα,</span> <span class='ocrx_word' id='word_1_448' title='bbox 1789 1387 1820 1418; x_wconf 76' lang='grc' dir='ltr'><strong>ὣς</strong></span> 
     </span>
    </p>
   </div>
   <div class='ocr_carea' id='block_1_60' title="bbox 1031 1432 1817 1475">
    <p class='ocr_par' dir='ltr' id='par_1_60' title="bbox 1031 1432 1817 1475">
     <span class='ocr_line' id='line_1_60' title="bbox 1031 1432 1817 1475; baseline -0.004 -11"><span class='ocrx_word' id='word_1_449' title='bbox 1031 1437 1078 1471; x_wconf 79' lang='grc' dir='ltr'><strong>τῆς</strong></span> <span class='ocrx_word' id='word_1_450' title='bbox 1093 1437 1156 1475; x_wconf 85' lang='grc' dir='ltr'>παρ’</span> <span class='ocrx_word' id='word_1_451' title='bbox 1173 1437 1247 1474; x_wconf 80' lang='grc' dir='ltr'>ὑμῶν</span> <span class='ocrx_word' id='word_1_452' title='bbox 1264 1435 1338 1471; x_wconf 80' lang='grc' dir='ltr'>δόξης</span> <span class='ocrx_word' id='word_1_453' title='bbox 1359 1436 1441 1475; x_wconf 74' lang='grc' dir='ltr'>ἐρῶν,</span> <span class='ocrx_word' id='word_1_454' title='bbox 1463 1434 1522 1464; x_wconf 82' lang='grc' dir='ltr'>ἀλλ’</span> <span class='ocrx_word' id='word_1_455' title='bbox 1537 1435 1574 1468; x_wconf 77' lang='grc' dir='ltr'>ὥς</span> <span class='ocrx_word' id='word_1_456' title='bbox 1591 1433 1726 1464; x_wconf 78' lang='grc' dir='ltr'>διακονίαν</span> <span class='ocrx_word' id='word_1_457' title='bbox 1747 1432 1817 1466; x_wconf 87' lang='grc' dir='ltr'>πλη-</span> 
     </span>
    </p>
   </div>
   <div class='ocr_carea' id='block_1_61' title="bbox 1034 1476 1818 1520">
    <p class='ocr_par' dir='ltr' id='par_1_61' title="bbox 1034 1476 1818 1520">
     <span class='ocr_line' id='line_1_61' title="bbox 1034 1476 1818 1520; baseline -0.006 -10"><span class='ocrx_word' id='word_1_458' title='bbox 1034 1481 1094 1519; x_wconf 80' lang='grc' dir='ltr'>ρῶν.</span> <span class='ocrx_word' id='word_1_459' title='bbox 1121 1480 1271 1520; x_wconf 78' lang='grc' dir='ltr'>Ἁλλότριον</span> <span class='ocrx_word' id='word_1_460' title='bbox 1297 1480 1325 1509; x_wconf 81' lang='grc' dir='ltr'>δὲ</span> <span class='ocrx_word' id='word_1_461' title='bbox 1352 1480 1472 1518; x_wconf 80' lang='grc' dir='ltr'>θεμέλιον</span> <span class='ocrx_word' id='word_1_462' title='bbox 1495 1479 1545 1515; x_wconf 83' lang='grc' dir='ltr'><strong>τὴν</strong></span> <span class='ocrx_word' id='word_1_463' title='bbox 1573 1478 1748 1509; x_wconf 83' lang='grc' dir='ltr'>διδασκαλίαν</span> <span class='ocrx_word' id='word_1_464' title='bbox 1769 1476 1818 1520; x_wconf 11' lang='grc' dir='ltr'>,τῶν</span> 
     </span>
    </p>
   </div>
   <div class='ocr_carea' id='block_1_62' title="bbox 174 1519 973 1564">
    <p class='ocr_par' dir='ltr' id='par_1_62' title="bbox 174 1525 973 1561">
     <span class='ocr_line' id='line_1_62' title="bbox 174 1525 973 1561; baseline 0 -8"><span class='ocrx_word' id='word_1_465' title='bbox 174 1526 304 1554; x_wconf 83' lang='lat' dir='ltr'><strong>Alienum</strong></span> <span class='ocrx_word' id='word_1_466' title='bbox 321 1529 413 1554; x_wconf 89' lang='lat' dir='ltr'><strong>autem</strong></span> <span class='ocrx_word' id='word_1_467' title='bbox 438 1525 648 1553; x_wconf 79' lang='lat' dir='ltr'><strong>fundamentum</strong></span> <span class='ocrx_word' id='word_1_468' title='bbox 669 1525 859 1561; x_wconf 87' lang='lat' dir='ltr'><strong>apostolorum</strong></span> <span class='ocrx_word' id='word_1_469' title='bbox 875 1525 973 1554; x_wconf 91' lang='lat' dir='ltr'><strong>doctri-</strong></span> 
     </span>
    </p>
   </div>
   <div class='ocr_carea' id='block_1_63' title="bbox 1057 1519 1820 1564">
    <p class='ocr_par' dir='ltr' id='par_1_63' title="bbox 1057 1519 1820 1564">
     <span class='ocr_line' id='line_1_63' title="bbox 1057 1519 1820 1564; baseline -0.007 -10"><span class='ocrx_word' id='word_1_470' title='bbox 1057 1525 1189 1555; x_wconf 72' lang='grc' dir='ltr'>ποστόλων</span> <span class='ocrx_word' id='word_1_471' title='bbox 1212 1524 1292 1564; x_wconf 86' lang='grc' dir='ltr'>φησίν</span> <span class='ocrx_word' id='word_1_472' title='bbox 1307 1536 1314 1543; x_wconf 93' lang='grc'><strong>·</strong></span> <span class='ocrx_word' id='word_1_473' title='bbox 1340 1525 1390 1563; x_wconf 78' lang='grc' dir='ltr'><strong>οὐχ</strong></span> <span class='ocrx_word' id='word_1_474' title='bbox 1402 1524 1443 1554; x_wconf 72' lang='grc' dir='ltr'><strong>ὅτι</strong></span> <span class='ocrx_word' id='word_1_475' title='bbox 1465 1523 1600 1564; x_wconf 83' lang='grc' dir='ltr'>ἀλλότριοι</span> <span class='ocrx_word' id='word_1_476' title='bbox 1618 1520 1703 1560; x_wconf 72' lang='grc' dir='ltr'>ἦσαν,</span> <span class='ocrx_word' id='word_1_477' title='bbox 1725 1519 1775 1550; x_wconf 76' lang='grc' dir='ltr'>οὐδ’</span> <span class='ocrx_word' id='word_1_478' title='bbox 1784 1519 1820 1548; x_wconf 77' lang='grc' dir='ltr'>ὅτι</span> 
     </span>
    </p>
   </div>
   <div class='ocr_carea' id='block_1_64' title="bbox 175 1569 973 1606">
    <p class='ocr_par' dir='ltr' id='par_1_64' title="bbox 175 1569 973 1606">
     <span class='ocr_line' id='line_1_64' title="bbox 175 1569 973 1606; baseline 0.001 -8"><span class='ocrx_word' id='word_1_479' title='bbox 175 1578 239 1597; x_wconf 88' lang='lat' dir='ltr'><strong>nam</strong></span> <span class='ocrx_word' id='word_1_480' title='bbox 253 1574 332 1598; x_wconf 87' lang='lat' dir='ltr'><strong>vocat</strong></span> <span class='ocrx_word' id='word_1_481' title='bbox 348 1579 354 1598; x_wconf 95' lang='lat'><strong>:</strong></span> <span class='ocrx_word' id='word_1_482' title='bbox 366 1578 421 1598; x_wconf 90' lang='lat' dir='ltr'><strong>non</strong></span> <span class='ocrx_word' id='word_1_483' title='bbox 437 1569 513 1606; x_wconf 92' lang='lat' dir='ltr'><strong>quod</strong></span> <span class='ocrx_word' id='word_1_484' title='bbox 526 1570 606 1598; x_wconf 89' lang='lat' dir='ltr'><strong>alieni</strong></span> <span class='ocrx_word' id='word_1_485' title='bbox 624 1569 727 1598; x_wconf 89' lang='lat' dir='ltr'><strong>fuerint</strong></span> <span class='ocrx_word' id='word_1_486' title='bbox 736 1575 784 1598; x_wconf 90' lang='lat' dir='ltr'><strong>aut</strong></span> <span class='ocrx_word' id='word_1_487' title='bbox 795 1570 847 1598; x_wconf 84' lang='lat' dir='ltr'><strong>alia</strong></span> <span class='ocrx_word' id='word_1_488' title='bbox 859 1578 873 1598; x_wconf 86' lang='lat' dir='ltr'><strong>a</strong></span> <span class='ocrx_word' id='word_1_489' title='bbox 886 1570 973 1599; x_wconf 90' lang='lat' dir='ltr'><strong>Paulo</strong></span> 
     </span>
    </p>
   </div>
   <div class='ocr_carea' id='block_1_65' title="bbox 174 1613 972 1650">
    <p class='ocr_par' dir='ltr' id='par_1_65' title="bbox 174 1613 972 1650">
     <span class='ocr_line' id='line_1_65' title="bbox 174 1613 972 1650; baseline 0.001 -8"><span class='ocrx_word' id='word_1_490' title='bbox 174 1613 390 1650; x_wconf 65' lang='lat' dir='ltr'><strong>prmdicaverint,</strong></span> <span class='ocrx_word' id='word_1_491' title='bbox 413 1614 460 1642; x_wconf 91' lang='lat' dir='ltr'><strong>sed</strong></span> <span class='ocrx_word' id='word_1_492' title='bbox 483 1614 617 1642; x_wconf 87' lang='lat' dir='ltr'><strong>mercedis</strong></span> <span class='ocrx_word' id='word_1_493' title='bbox 635 1614 750 1643; x_wconf 88' lang='lat' dir='ltr'><strong>ratione.</strong></span> <span class='ocrx_word' id='word_1_494' title='bbox 772 1616 878 1644; x_wconf 88' lang='lat' dir='ltr'><strong>Merces</strong></span> <span class='ocrx_word' id='word_1_495' title='bbox 900 1615 972 1643; x_wconf 91' lang='lat' dir='ltr'><strong>enim</strong></span> 
     </span>
    </p>
   </div>
   <div class='ocr_carea' id='block_1_66' title="bbox 174 1659 974 1695">
    <p class='ocr_par' dir='ltr' id='par_1_66' title="bbox 174 1659 974 1695">
     <span class='ocr_line' id='line_1_66' title="bbox 174 1659 974 1695; baseline 0.003 -9"><span class='ocrx_word' id='word_1_496' title='bbox 174 1666 271 1687; x_wconf 80' lang='lat' dir='ltr'><strong>eorum</strong></span> <span class='ocrx_word' id='word_1_497' title='bbox 284 1659 332 1694; x_wconf 90' lang='lat' dir='ltr'><strong>qui</strong></span> <span class='ocrx_word' id='word_1_498' title='bbox 353 1659 426 1694; x_wconf 90' lang='lat' dir='ltr'><strong>apud</strong></span> <span class='ocrx_word' id='word_1_499' title='bbox 449 1659 512 1687; x_wconf 92' lang='lat' dir='ltr'><strong>illos</strong></span> <span class='ocrx_word' id='word_1_500' title='bbox 534 1659 736 1694; x_wconf 86' lang='lat' dir='ltr'><strong>laboraverant,</strong></span> <span class='ocrx_word' id='word_1_501' title='bbox 758 1659 844 1688; x_wconf 81' lang='lat' dir='ltr'><strong>aliena</strong></span> <span class='ocrx_word' id='word_1_502' title='bbox 862 1663 929 1695; x_wconf 85' lang='lat' dir='ltr'><strong>erat,</strong></span> <span class='ocrx_word' id='word_1_503' title='bbox 947 1664 974 1688; x_wconf 90' lang='lat' dir='ltr'><strong>et</strong></span> 
     </span>
    </p>
   </div>
   <div class='ocr_carea' id='block_1_67' title="bbox 174 1703 571 1740">
    <p class='ocr_par' dir='ltr' id='par_1_67' title="bbox 174 1703 571 1740">
     <span class='ocr_line' id='line_1_67' title="bbox 174 1703 571 1740; baseline 0 -9"><span class='ocrx_word' id='word_1_504' title='bbox 174 1711 230 1731; x_wconf 92' lang='lat' dir='ltr'><strong>non</strong></span> <span class='ocrx_word' id='word_1_505' title='bbox 241 1703 275 1732; x_wconf 88' lang='lat' dir='ltr'><strong>ad</strong></span> <span class='ocrx_word' id='word_1_506' title='bbox 289 1703 407 1732; x_wconf 91' lang='lat' dir='ltr'><strong>Paulum</strong></span> <span class='ocrx_word' id='word_1_507' title='bbox 421 1703 571 1740; x_wconf 86' lang='lat' dir='ltr'><strong>pertinens.</strong></span> 
     </span>
    </p>
   </div>
   <div class='ocr_carea' id='block_1_68' title="bbox 209 1747 973 1785">
    <p class='ocr_par' dir='ltr' id='par_1_68' title="bbox 209 1747 973 1785">
     <span class='ocr_line' id='line_1_68' title="bbox 209 1747 973 1785; baseline 0 -8"><span class='ocrx_word' id='word_1_508' title='bbox 209 1749 296 1777; x_wconf 77' lang='lat' dir='ltr'><strong>Vnus.</strong></span> <span class='ocrx_word' id='word_1_509' title='bbox 313 1750 358 1775; x_wconf 77' lang='lat'><strong>21.</strong></span> <span class='ocrx_word' id='word_1_510' title='bbox 375 1759 388 1773; x_wconf 76' lang='grc' dir='ltr'>σι</span> <span class='ocrx_word' id='word_1_511' title='bbox 405 1748 459 1776; x_wconf 91' lang='lat' dir='ltr'><strong>Sed</strong></span> <span class='ocrx_word' id='word_1_512' title='bbox 475 1747 711 1785; x_wconf 88' lang='lat' dir='ltr'><strong>quemadmodum</strong></span> <span class='ocrx_word' id='word_1_513' title='bbox 735 1749 867 1785; x_wconf 87' lang='lat' dir='ltr'><strong>scriptum</strong></span> <span class='ocrx_word' id='word_1_514' title='bbox 881 1753 923 1778; x_wconf 82' lang='lat' dir='ltr'><strong>est</strong></span> <span class='ocrx_word' id='word_1_515' title='bbox 936 1750 950 1770; x_wconf 74' lang='grc' dir='ltr'><em>ε</em></span> <span class='ocrx_word' id='word_1_516' title='bbox 966 1759 973 1777; x_wconf 86' lang='lat'><strong>:</strong></span> 
     </span>
    </p>
   </div>
   <div class='ocr_carea' id='block_1_69' title="bbox 174 1792 976 1829">
    <p class='ocr_par' dir='ltr' id='par_1_69' title="bbox 174 1792 976 1829">
     <span class='ocr_line' id='line_1_69' title="bbox 174 1792 976 1829; baseline 0.002 -9"><span class='ocrx_word' id='word_1_517' title='bbox 174 1792 281 1829; x_wconf 90' lang='lat' dir='ltr'><strong>Quibus</strong></span> <span class='ocrx_word' id='word_1_518' title='bbox 301 1800 356 1821; x_wconf 91' lang='lat' dir='ltr'><strong>non</strong></span> <span class='ocrx_word' id='word_1_519' title='bbox 380 1793 576 1821; x_wconf 82' lang='lat' dir='ltr'><strong>annuntiatum</strong></span> <span class='ocrx_word' id='word_1_520' title='bbox 598 1796 640 1821; x_wconf 86' lang='lat' dir='ltr'><strong>est</strong></span> <span class='ocrx_word' id='word_1_521' title='bbox 654 1793 689 1821; x_wconf 90' lang='lat' dir='ltr'><strong>de</strong></span> <span class='ocrx_word' id='word_1_522' title='bbox 710 1801 752 1825; x_wconf 86' lang='lat' dir='ltr'><strong>eo,</strong></span> <span class='ocrx_word' id='word_1_523' title='bbox 778 1794 910 1822; x_wconf 89' lang='lat' dir='ltr'><strong>videbunt</strong></span> <span class='ocrx_word' id='word_1_524' title='bbox 926 1802 933 1822; x_wconf 88' lang='lat'><strong><em>:</em></strong></span> <span class='ocrx_word' id='word_1_525' title='bbox 948 1799 976 1823; x_wconf 87' lang='lat' dir='ltr'><strong>et</strong></span> 
     </span>
    </p>
   </div>
   <div class='ocr_carea' id='block_1_70' title="bbox 174 1838 974 1876">
    <p class='ocr_par' dir='ltr' id='par_1_70' title="bbox 174 1838 974 1876">
     <span class='ocr_line' id='line_1_70' title="bbox 174 1838 974 1876; baseline 0.003 -11"><span class='ocrx_word' id='word_1_526' title='bbox 174 1838 222 1874; x_wconf 87' lang='lat' dir='ltr'><strong>qui</strong></span> <span class='ocrx_word' id='word_1_527' title='bbox 250 1846 306 1866; x_wconf 94' lang='lat' dir='ltr'><strong>non</strong></span> <span class='ocrx_word' id='word_1_528' title='bbox 328 1838 492 1873; x_wconf 83' lang='lat' dir='ltr'><strong>audierunt,</strong></span> <span class='ocrx_word' id='word_1_529' title='bbox 513 1838 673 1875; x_wconf 83' lang='lat' dir='ltr'><strong>intelligent.</strong></span> <span class='ocrx_word' id='word_1_530' title='bbox 703 1839 904 1876; x_wconf 69' lang='lat' dir='ltr'><strong>nProphetiam</strong></span> <span class='ocrx_word' id='word_1_531' title='bbox 930 1839 974 1867; x_wconf 91' lang='lat' dir='ltr'><strong>hic</strong></span> 
     </span>
    </p>
   </div>
   <div class='ocr_carea' id='block_1_71' title="bbox 170 1882 971 1920">
    <p class='ocr_par' dir='ltr' id='par_1_71' title="bbox 170 1882 971 1920">
     <span class='ocr_line' id='line_1_71' title="bbox 170 1882 971 1920; baseline 0.001 -10"><span class='ocrx_word' id='word_1_532' title='bbox 170 1882 313 1919; x_wconf 86' lang='lat' dir='ltr'><strong>impletam</strong></span> <span class='ocrx_word' id='word_1_533' title='bbox 324 1883 458 1912; x_wconf 89' lang='lat' dir='ltr'><strong>ostendit.</strong></span> <span class='ocrx_word' id='word_1_534' title='bbox 474 1884 575 1920; x_wconf 84' lang='lat' dir='ltr'><strong>Ingens</strong></span> <span class='ocrx_word' id='word_1_535' title='bbox 584 1889 678 1912; x_wconf 82' lang='lat' dir='ltr'><strong>autem</strong></span> <span class='ocrx_word' id='word_1_536' title='bbox 693 1884 770 1913; x_wconf 85' lang='lat' dir='ltr'><strong>labor</strong></span> <span class='ocrx_word' id='word_1_537' title='bbox 781 1888 822 1912; x_wconf 86' lang='lat' dir='ltr'><strong>est</strong></span> <span class='ocrx_word' id='word_1_538' title='bbox 835 1889 863 1912; x_wconf 93' lang='lat' dir='ltr'><strong>et</strong></span> <span class='ocrx_word' id='word_1_539' title='bbox 873 1883 971 1916; x_wconf 75' lang='lat' dir='ltr'><strong>sudor,</strong></span> 
     </span>
    </p>
   </div>
   <div class='ocr_carea' id='block_1_72' title="bbox 172 1928 972 1966">
    <p class='ocr_par' dir='ltr' id='par_1_72' title="bbox 172 1928 972 1966">
     <span class='ocr_line' id='line_1_72' title="bbox 172 1928 972 1966; baseline 0.004 -11"><span class='ocrx_word' id='word_1_540' title='bbox 172 1936 237 1956; x_wconf 90' lang='lat' dir='ltr'><strong>cum</strong></span> <span class='ocrx_word' id='word_1_541' title='bbox 253 1929 315 1964; x_wconf 90' lang='lat' dir='ltr'><strong>quis</strong></span> <span class='ocrx_word' id='word_1_542' title='bbox 343 1928 477 1956; x_wconf 85' lang='lat' dir='ltr'><strong>indociles</strong></span> <span class='ocrx_word' id='word_1_543' title='bbox 498 1929 608 1957; x_wconf 84' lang='lat' dir='ltr'><strong>erudire</strong></span> <span class='ocrx_word' id='word_1_544' title='bbox 632 1929 699 1957; x_wconf 87' lang='lat' dir='ltr'><strong>velit</strong></span> <span class='ocrx_word' id='word_1_545' title='bbox 723 1939 730 1957; x_wconf 85' lang='lat'><strong>:</strong></span> <span class='ocrx_word' id='word_1_546' title='bbox 749 1930 784 1958; x_wconf 89' lang='lat' dir='ltr'><strong>ad</strong></span> <span class='ocrx_word' id='word_1_547' title='bbox 809 1929 885 1966; x_wconf 87' lang='lat' dir='ltr'><strong>quod</strong></span> <span class='ocrx_word' id='word_1_548' title='bbox 905 1937 972 1958; x_wconf 87' lang='lat' dir='ltr'><strong>sane</strong></span> 
     </span>
    </p>
   </div>
   <div class='ocr_carea' id='block_1_73' title="bbox 171 1973 456 2001">
    <p class='ocr_par' dir='ltr' id='par_1_73' title="bbox 171 1973 456 2001">
     <span class='ocr_line' id='line_1_73' title="bbox 171 1973 456 2001; baseline 0 0"><span class='ocrx_word' id='word_1_549' title='bbox 171 1973 273 2001; x_wconf 88' lang='lat' dir='ltr'><strong>Paulus</strong></span> <span class='ocrx_word' id='word_1_550' title='bbox 286 1973 456 2001; x_wconf 83' lang='lat' dir='ltr'><strong>accurrebat.</strong></span> 
     </span>
    </p>
   </div>
   <div class='ocr_carea' id='block_1_74' title="bbox 205 2017 973 2053">
    <p class='ocr_par' dir='ltr' id='par_1_74' title="bbox 205 2017 973 2053">
     <span class='ocr_line' id='line_1_74' title="bbox 205 2017 973 2053; baseline -0.001 -7"><span class='ocrx_word' id='word_1_551' title='bbox 205 2019 297 2046; x_wconf 70' lang='lat' dir='ltr'><strong>Vsus.</strong></span> <span class='ocrx_word' id='word_1_552' title='bbox 309 2020 353 2045; x_wconf 77' lang='lat'><strong>22.</strong></span> <span class='ocrx_word' id='word_1_553' title='bbox 368 2029 381 2042; x_wconf 71' lang='grc' dir='ltr'>ι(</span> <span class='ocrx_word' id='word_1_554' title='bbox 398 2019 514 2053; x_wconf 88' lang='lat' dir='ltr'><strong>Propter</strong></span> <span class='ocrx_word' id='word_1_555' title='bbox 525 2017 600 2053; x_wconf 89' lang='lat' dir='ltr'><strong>quod</strong></span> <span class='ocrx_word' id='word_1_556' title='bbox 614 2017 785 2052; x_wconf 88' lang='lat' dir='ltr'><strong>impediebar</strong></span> <span class='ocrx_word' id='word_1_557' title='bbox 794 2024 865 2053; x_wconf 66' lang='lat' dir='ltr'><strong>saepe</strong></span> <span class='ocrx_word' id='word_1_558' title='bbox 879 2018 973 2046; x_wconf 86' lang='lat' dir='ltr'><strong>venire</strong></span> 
     </span>
    </p>
   </div>
   <div class='ocr_carea' id='block_1_75' title="bbox 172 2061 974 2098">
    <p class='ocr_par' dir='ltr' id='par_1_75' title="bbox 172 2061 974 2098">
     <span class='ocr_line' id='line_1_75' title="bbox 172 2061 974 2098; baseline 0.001 -9"><span class='ocrx_word' id='word_1_559' title='bbox 172 2061 207 2090; x_wconf 90' lang='lat' dir='ltr'><strong>ad</strong></span> <span class='ocrx_word' id='word_1_560' title='bbox 221 2070 279 2090; x_wconf 87' lang='lat' dir='ltr'><strong>vos.</strong></span> <span class='ocrx_word' id='word_1_561' title='bbox 303 2073 316 2086; x_wconf 86' lang='grc' dir='ltr'><strong>ι</strong></span> <span class='ocrx_word' id='word_1_562' title='bbox 331 2062 363 2089; x_wconf 87' lang='lat' dir='ltr'><strong>In</strong></span> <span class='ocrx_word' id='word_1_563' title='bbox 384 2062 505 2098; x_wconf 68' lang='lat' dir='ltr'><strong>epistola:</strong></span> <span class='ocrx_word' id='word_1_564' title='bbox 524 2061 606 2098; x_wconf 90' lang='lat' dir='ltr'><strong>hujus</strong></span> <span class='ocrx_word' id='word_1_565' title='bbox 622 2061 765 2097; x_wconf 90' lang='lat' dir='ltr'><strong>principio,</strong></span> <span class='ocrx_word' id='word_1_566' title='bbox 788 2073 801 2086; x_wconf 71' lang='grc' dir='ltr'>κ</span> <span class='ocrx_word' id='word_1_567' title='bbox 819 2061 974 2090; x_wconf 87' lang='lat' dir='ltr'><strong>Prohibitus</strong></span> 
     </span>
    </p>
   </div>
   <div class='ocr_carea' id='block_1_76' title="bbox 172 2106 974 2143">
    <p class='ocr_par' dir='ltr' id='par_1_76' title="bbox 172 2106 974 2143">
     <span class='ocr_line' id='line_1_76' title="bbox 172 2106 974 2143; baseline 0 -8"><span class='ocrx_word' id='word_1_568' title='bbox 172 2115 245 2141; x_wconf 86' lang='lat' dir='ltr'><strong>sum,</strong></span> <span class='ocrx_word' id='word_1_569' title='bbox 262 2119 274 2132; x_wconf 73' lang='grc' dir='ltr'><strong>ν</strong></span> <span class='ocrx_word' id='word_1_570' title='bbox 295 2107 394 2143; x_wconf 91' lang='lat' dir='ltr'><strong>inquit,</strong></span> <span class='ocrx_word' id='word_1_571' title='bbox 410 2119 423 2131; x_wconf 74' lang='grc' dir='ltr'>ει</span> <span class='ocrx_word' id='word_1_572' title='bbox 437 2108 581 2136; x_wconf 83' lang='lat' dir='ltr'><strong>hactenus.</strong></span> <span class='ocrx_word' id='word_1_573' title='bbox 599 2118 612 2131; x_wconf 76' lang='grc' dir='ltr'><strong>ν</strong></span> <span class='ocrx_word' id='word_1_574' title='bbox 628 2106 680 2135; x_wconf 83' lang='lat' dir='ltr'><strong>Hic</strong></span> <span class='ocrx_word' id='word_1_575' title='bbox 699 2111 794 2135; x_wconf 89' lang='lat' dir='ltr'><strong>autem</strong></span> <span class='ocrx_word' id='word_1_576' title='bbox 809 2111 838 2135; x_wconf 89' lang='lat' dir='ltr'><strong>et</strong></span> <span class='ocrx_word' id='word_1_577' title='bbox 860 2114 974 2135; x_wconf 87' lang='lat' dir='ltr'><strong>causam</strong></span> 
     </span>
    </p>
   </div>
   <div class='ocr_carea' id='block_1_77' title="bbox 171 2151 974 2188">
    <p class='ocr_par' dir='ltr' id='par_1_77' title="bbox 171 2151 974 2188">
     <span class='ocr_line' id='line_1_77' title="bbox 171 2151 974 2188; baseline 0.001 -9"><span class='ocrx_word' id='word_1_578' title='bbox 171 2160 221 2179; x_wconf 91' lang='lat' dir='ltr'><strong>cur</strong></span> <span class='ocrx_word' id='word_1_579' title='bbox 242 2152 277 2180; x_wconf 87' lang='lat' dir='ltr'><strong>sit</strong></span> <span class='ocrx_word' id='word_1_580' title='bbox 300 2151 463 2188; x_wconf 78' lang='lat' dir='ltr'><strong>prohibitus,</strong></span> <span class='ocrx_word' id='word_1_581' title='bbox 484 2151 574 2180; x_wconf 90' lang='lat' dir='ltr'><strong>reddit</strong></span> <span class='ocrx_word' id='word_1_582' title='bbox 595 2161 602 2179; x_wconf 83' lang='lat'><strong>:</strong></span> <span class='ocrx_word' id='word_1_583' title='bbox 627 2151 708 2186; x_wconf 88' lang='lat' dir='ltr'><strong>Quia,</strong></span> <span class='ocrx_word' id='word_1_584' title='bbox 727 2151 829 2188; x_wconf 84' lang='lat' dir='ltr'><strong>inquit,</strong></span> <span class='ocrx_word' id='word_1_585' title='bbox 842 2159 974 2188; x_wconf 87' lang='lat' dir='ltr'><strong>quoquo-</strong></span> 
     </span>
    </p>
   </div>
   <div class='ocr_carea' id='block_1_78' title="bbox 1028 1565 1815 1609">
    <p class='ocr_par' dir='ltr' id='par_1_78' title="bbox 1028 1565 1815 1609">
     <span class='ocr_line' id='line_1_78' title="bbox 1028 1565 1815 1609; baseline -0.005 -11"><span class='ocrx_word' id='word_1_586' title='bbox 1028 1568 1098 1598; x_wconf 78' lang='grc' dir='ltr'>ἄλλα</span> <span class='ocrx_word' id='word_1_587' title='bbox 1124 1569 1286 1609; x_wconf 77' lang='grc' dir='ltr'>ἐκήρυττον,</span> <span class='ocrx_word' id='word_1_588' title='bbox 1309 1569 1376 1598; x_wconf 77' lang='grc' dir='ltr'>ἀλλὰ</span> <span class='ocrx_word' id='word_1_589' title='bbox 1393 1567 1462 1598; x_wconf 79' lang='grc' dir='ltr'>κατὰ</span> <span class='ocrx_word' id='word_1_590' title='bbox 1485 1568 1529 1598; x_wconf 84' lang='grc' dir='ltr'><strong>τὸν</strong></span> <span class='ocrx_word' id='word_1_591' title='bbox 1552 1572 1600 1599; x_wconf 79' lang='grc' dir='ltr'><strong>τοῦ</strong></span> <span class='ocrx_word' id='word_1_592' title='bbox 1620 1570 1715 1607; x_wconf 82' lang='grc' dir='ltr'>μισθοῦ</span> <span class='ocrx_word' id='word_1_593' title='bbox 1736 1565 1815 1604; x_wconf 84' lang='grc' dir='ltr'>λόγον.</span> 
     </span>
    </p>
   </div>
   <div class='ocr_carea' id='block_1_79' title="bbox 1028 1609 1818 1653">
    <p class='ocr_par' dir='ltr' id='par_1_79' title="bbox 1028 1609 1818 1653">
     <span class='ocr_line' id='line_1_79' title="bbox 1028 1609 1818 1653; baseline -0.004 -10"><span class='ocrx_word' id='word_1_594' title='bbox 1028 1611 1060 1643; x_wconf 92' lang='grc' dir='ltr'>Ὁ</span> <span class='ocrx_word' id='word_1_595' title='bbox 1078 1613 1129 1653; x_wconf 81' lang='grc' dir='ltr'><strong>γὰρ</strong></span> <span class='ocrx_word' id='word_1_596' title='bbox 1151 1613 1243 1652; x_wconf 82' lang='grc' dir='ltr'>μισθὸς</span> <span class='ocrx_word' id='word_1_597' title='bbox 1262 1615 1314 1642; x_wconf 81' lang='grc' dir='ltr'><strong>τῶν</strong></span> <span class='ocrx_word' id='word_1_598' title='bbox 1342 1612 1532 1651; x_wconf 71' lang='grc' dir='ltr'>πεπονημένων</span> <span class='ocrx_word' id='word_1_599' title='bbox 1555 1613 1670 1646; x_wconf 72' lang='grc' dir='ltr'>ἐκείνοις</span> <span class='ocrx_word' id='word_1_600' title='bbox 1693 1609 1818 1649; x_wconf 78' lang='grc' dir='ltr'>ἀλλότριος</span> 
     </span>
    </p>
   </div>
   <div class='ocr_carea' id='block_1_80' title="bbox 1028 1653 1467 1699">
    <p class='ocr_par' dir='ltr' id='par_1_80' title="bbox 1028 1653 1467 1699">
     <span class='ocr_line' id='line_1_80' title="bbox 1028 1653 1467 1699; baseline 0 -12"><span class='ocrx_word' id='word_1_601' title='bbox 1028 1653 1060 1694; x_wconf 76' lang='grc' dir='ltr'><strong>ἦν</strong></span> <span class='ocrx_word' id='word_1_602' title='bbox 1072 1681 1079 1695; x_wconf 88' lang='grc'><strong>,</strong></span> <span class='ocrx_word' id='word_1_603' title='bbox 1095 1658 1141 1688; x_wconf 82' lang='grc' dir='ltr'>καὶ</span> <span class='ocrx_word' id='word_1_604' title='bbox 1163 1658 1193 1687; x_wconf 81' lang='grc' dir='ltr'>οὗ</span> <span class='ocrx_word' id='word_1_605' title='bbox 1209 1658 1341 1699; x_wconf 85' lang='grc' dir='ltr'>διαφέρων</span> <span class='ocrx_word' id='word_1_606' title='bbox 1356 1659 1467 1698; x_wconf 85' lang='grc' dir='ltr'>Παύλῳ.</span> 
     </span>
    </p>
   </div>
   <div class='ocr_carea' id='block_1_81' title="bbox 1072 1738 1817 1784">
    <p class='ocr_par' dir='ltr' id='par_1_81' title="bbox 1072 1738 1817 1784">
     <span class='ocr_line' id='line_1_81' title="bbox 1072 1738 1817 1784; baseline -0.001 -11"><span class='ocrx_word' id='word_1_607' title='bbox 1072 1755 1087 1773; x_wconf 83' lang='grc' dir='ltr'><strong>ιι</strong></span> <span class='ocrx_word' id='word_1_608' title='bbox 1102 1743 1181 1774; x_wconf 75' lang='grc' dir='ltr'>Ἀλλὰ</span> <span class='ocrx_word' id='word_1_609' title='bbox 1202 1743 1289 1777; x_wconf 84' lang='grc' dir='ltr'>καθὼς</span> <span class='ocrx_word' id='word_1_610' title='bbox 1303 1744 1456 1784; x_wconf 78' lang='grc' dir='ltr'>γέγραπται</span> <span class='ocrx_word' id='word_1_611' title='bbox 1469 1756 1475 1762; x_wconf 86' lang='grc'><strong>·</strong></span> <span class='ocrx_word' id='word_1_612' title='bbox 1491 1739 1540 1779; x_wconf 74' lang='grc' dir='ltr'><strong>Οἷς</strong></span> <span class='ocrx_word' id='word_1_613' title='bbox 1555 1744 1605 1774; x_wconf 74' lang='grc' dir='ltr'>οὐκ</span> <span class='ocrx_word' id='word_1_614' title='bbox 1619 1742 1750 1782; x_wconf 64' lang='grc' dir='ltr'>ἀνηγγέλη</span> <span class='ocrx_word' id='word_1_615' title='bbox 1765 1738 1817 1778; x_wconf 77' lang='grc' dir='ltr'>πιρὶ</span> 
     </span>
    </p>
   </div>
   <div class='ocr_carea' id='block_1_82' title="bbox 1029 1788 1814 1828">
    <p class='ocr_par' dir='ltr' id='par_1_82' title="bbox 1029 1788 1814 1828">
     <span class='ocr_line' id='line_1_82' title="bbox 1029 1788 1814 1828; baseline -0.005 -10"><span class='ocrx_word' id='word_1_616' title='bbox 1029 1789 1127 1825; x_wconf 74' lang='grc' dir='ltr'>αὐτοῦ,</span> <span class='ocrx_word' id='word_1_617' title='bbox 1139 1788 1250 1828; x_wconf 80' lang='grc' dir='ltr'>ὄψονται</span> <span class='ocrx_word' id='word_1_618' title='bbox 1263 1800 1270 1808; x_wconf 92' lang='grc'><strong>·</strong></span> <span class='ocrx_word' id='word_1_619' title='bbox 1292 1789 1338 1818; x_wconf 79' lang='grc' dir='ltr'><strong>καὶ</strong></span> <span class='ocrx_word' id='word_1_620' title='bbox 1362 1788 1388 1818; x_wconf 83' lang='grc' dir='ltr'><strong>οἳ</strong></span> <span class='ocrx_word' id='word_1_621' title='bbox 1409 1790 1457 1818; x_wconf 80' lang='grc' dir='ltr'>οὒκ</span> <span class='ocrx_word' id='word_1_622' title='bbox 1474 1789 1626 1826; x_wconf 86' lang='grc' dir='ltr'>ἀκηκόασι,</span> <span class='ocrx_word' id='word_1_623' title='bbox 1646 1788 1814 1823; x_wconf 71' lang='grc' dir='ltr'>συνήσουσι.»</span> 
     </span>
    </p>
   </div>
   <div class='ocr_carea' id='block_1_83' title="bbox 1030 1828 1816 1874">
    <p class='ocr_par' dir='ltr' id='par_1_83' title="bbox 1030 1828 1816 1874">
     <span class='ocr_line' id='line_1_83' title="bbox 1030 1828 1816 1874; baseline -0.005 -11"><span class='ocrx_word' id='word_1_624' title='bbox 1030 1834 1198 1874; x_wconf 84' lang='grc' dir='ltr'>Προφητείαν</span> <span class='ocrx_word' id='word_1_625' title='bbox 1215 1835 1328 1864; x_wconf 72' lang='grc' dir='ltr'>ἐνταῦθα</span> <span class='ocrx_word' id='word_1_626' title='bbox 1345 1833 1460 1864; x_wconf 83' lang='grc' dir='ltr'>δείκνυσι</span> <span class='ocrx_word' id='word_1_627' title='bbox 1475 1833 1694 1874; x_wconf 77' lang='grc' dir='ltr'>πεπληρωμένην</span> <span class='ocrx_word' id='word_1_628' title='bbox 1706 1843 1712 1850; x_wconf 72' lang='grc'><em>’</em></span> <span class='ocrx_word' id='word_1_629' title='bbox 1728 1828 1816 1860; x_wconf 82' lang='grc' dir='ltr'>πλείων</span> 
     </span>
    </p>
   </div>
   <div class='ocr_carea' id='block_1_84' title="bbox 1029 1875 1815 1919">
    <p class='ocr_par' dir='ltr' id='par_1_84' title="bbox 1029 1875 1815 1919">
     <span class='ocr_line' id='line_1_84' title="bbox 1029 1875 1815 1919; baseline 0.001 -12"><span class='ocrx_word' id='word_1_630' title='bbox 1029 1879 1056 1908; x_wconf 81' lang='grc' dir='ltr'>δὲ</span> <span class='ocrx_word' id='word_1_631' title='bbox 1073 1878 1178 1911; x_wconf 82' lang='grc' dir='ltr'>πάντως</span> <span class='ocrx_word' id='word_1_632' title='bbox 1201 1879 1215 1907; x_wconf 81' lang='grc' dir='ltr'>ὁ</span> <span class='ocrx_word' id='word_1_633' title='bbox 1236 1878 1312 1912; x_wconf 85' lang='grc' dir='ltr'>πόνος</span> <span class='ocrx_word' id='word_1_634' title='bbox 1326 1878 1372 1908; x_wconf 78' lang='grc' dir='ltr'>καὶ</span> <span class='ocrx_word' id='word_1_635' title='bbox 1392 1880 1406 1907; x_wconf 81' lang='grc' dir='ltr'>ὁ</span> <span class='ocrx_word' id='word_1_636' title='bbox 1428 1878 1525 1919; x_wconf 80' lang='grc' dir='ltr'>ἱδρὼς,</span> <span class='ocrx_word' id='word_1_637' title='bbox 1541 1877 1605 1908; x_wconf 77' lang='grc' dir='ltr'>ὅταν</span> <span class='ocrx_word' id='word_1_638' title='bbox 1625 1890 1664 1911; x_wconf 86' lang='grc' dir='ltr'><strong>τις</strong></span> <span class='ocrx_word' id='word_1_639' title='bbox 1679 1875 1735 1908; x_wconf 74' lang='grc' dir='ltr'>τοὺς</span> <span class='ocrx_word' id='word_1_640' title='bbox 1754 1875 1815 1912; x_wconf 73' lang='grc' dir='ltr'><strong>ἀμα-</strong></span> 
     </span>
    </p>
   </div>
   <div class='ocr_carea' id='block_1_85' title="bbox 1029 1919 1815 1964">
    <p class='ocr_par' dir='ltr' id='par_1_85' title="bbox 1029 1919 1815 1964">
     <span class='ocr_line' id='line_1_85' title="bbox 1029 1919 1815 1964; baseline 0 -12"><span class='ocrx_word' id='word_1_641' title='bbox 1029 1923 1169 1957; x_wconf 81' lang='grc' dir='ltr'>θεστάτους</span> <span class='ocrx_word' id='word_1_642' title='bbox 1191 1922 1324 1953; x_wconf 77' lang='grc' dir='ltr'>διδάσκειν</span> <span class='ocrx_word' id='word_1_643' title='bbox 1344 1922 1439 1959; x_wconf 75' lang='grc' dir='ltr'>ἕληται</span> <span class='ocrx_word' id='word_1_644' title='bbox 1452 1934 1458 1940; x_wconf 87' lang='grc'><em>’</em></span> <span class='ocrx_word' id='word_1_645' title='bbox 1479 1919 1501 1964; x_wconf 71' lang='grc' dir='ltr'><em>ᾧ</em></span> <span class='ocrx_word' id='word_1_646' title='bbox 1524 1922 1556 1959; x_wconf 79' lang='grc' dir='ltr'>δὴ</span> <span class='ocrx_word' id='word_1_647' title='bbox 1579 1923 1627 1952; x_wconf 79' lang='grc' dir='ltr'><strong>καὶ</strong></span> <span class='ocrx_word' id='word_1_648' title='bbox 1651 1921 1752 1952; x_wconf 73' lang='grc' dir='ltr'>Παῦλος</span> <span class='ocrx_word' id='word_1_649' title='bbox 1773 1919 1815 1947; x_wconf 61' lang='grc' dir='ltr'><strong>ἐπ’</strong></span> 
     </span>
    </p>
   </div>
   <div class='ocr_carea' id='block_1_86' title="bbox 1029 1966 1180 1997">
    <p class='ocr_par' dir='ltr' id='par_1_86' title="bbox 1029 1966 1180 1997">
     <span class='ocr_line' id='line_1_86' title="bbox 1029 1966 1180 1997; baseline 0 0"><span class='ocrx_word' id='word_1_650' title='bbox 1029 1967 1122 1997; x_wconf 78' lang='grc' dir='ltr'>ἐτοενε</span> <span class='ocrx_word' id='word_1_651' title='bbox 1144 1966 1180 1997; x_wconf 78' lang='grc'><strong>⁵7.</strong></span> 
     </span>
    </p>
   </div>
   <div class='ocr_carea' id='block_1_87' title="bbox 1061 1979 1814 2050">
    <p class='ocr_par' dir='ltr' id='par_1_87' title="bbox 1061 1979 1814 2050">
     <span class='ocr_line' id='line_1_87' title="bbox 1061 1979 1814 2050; baseline -0.007 -10"><span class='ocrx_word' id='word_1_652' title='bbox 1061 1979 1159 2042; x_wconf 52' lang='grc' dir='ltr'>ρεχὶιὸ</span> <span class='ocrx_word' id='word_1_653' title='bbox 1172 1990 1219 2041; x_wconf 59' lang='grc' dir='ltr'>καὶ</span> <span class='ocrx_word' id='word_1_654' title='bbox 1243 2011 1422 2050; x_wconf 80' lang='grc' dir='ltr'>ἐνεκοπτόμην</span> <span class='ocrx_word' id='word_1_655' title='bbox 1439 2012 1473 2042; x_wconf 78' lang='grc' dir='ltr'><strong>τὰ</strong></span> <span class='ocrx_word' id='word_1_656' title='bbox 1491 2011 1578 2042; x_wconf 71' lang='grc' dir='ltr'>πολλὰ</span> <span class='ocrx_word' id='word_1_657' title='bbox 1601 2013 1647 2042; x_wconf 74' lang='grc' dir='ltr'><strong>τοῦ</strong></span> <span class='ocrx_word' id='word_1_658' title='bbox 1667 2010 1746 2040; x_wconf 67' lang='grc' dir='ltr'>ἐλθεῖν</span> <span class='ocrx_word' id='word_1_659' title='bbox 1760 2005 1814 2044; x_wconf 83' lang='grc' dir='ltr'>πρὸς</span> 
     </span>
    </p>
   </div>
   <div class='ocr_carea' id='block_1_88' title="bbox 1028 2049 1814 2096">
    <p class='ocr_par' dir='ltr' id='par_1_88' title="bbox 1028 2049 1814 2096">
     <span class='ocr_line' id='line_1_88' title="bbox 1028 2049 1814 2096; baseline -0.005 -10"><span class='ocrx_word' id='word_1_660' title='bbox 1028 2058 1107 2095; x_wconf 77' lang='grc' dir='ltr'>ὓμᾶς.</span> <span class='ocrx_word' id='word_1_661' title='bbox 1122 2067 1136 2085; x_wconf 78' lang='grc' dir='ltr'>ι)</span> <span class='ocrx_word' id='word_1_662' title='bbox 1163 2056 1321 2096; x_wconf 80' lang='grc' dir='ltr'>Ἀρχόμενος</span> <span class='ocrx_word' id='word_1_663' title='bbox 1347 2049 1395 2094; x_wconf 67' lang='grc' dir='ltr'>μὲν</span> <span class='ocrx_word' id='word_1_664' title='bbox 1409 2059 1456 2093; x_wconf 81' lang='grc' dir='ltr'><strong>τῆς</strong></span> <span class='ocrx_word' id='word_1_665' title='bbox 1480 2057 1643 2092; x_wconf 84' lang='grc' dir='ltr'>Ἐπιστολῆς</span> <span class='ocrx_word' id='word_1_666' title='bbox 1654 2079 1662 2093; x_wconf 81' lang='grc'><strong>,</strong></span> <span class='ocrx_word' id='word_1_667' title='bbox 1683 2050 1768 2090; x_wconf 71' lang='grc' dir='ltr'>εἶπεν,</span> <span class='ocrx_word' id='word_1_668' title='bbox 1781 2049 1814 2096; x_wconf 56' lang='grc' dir='ltr'><strong>δξη</strong></span> 
     </span>
    </p>
   </div>
   <div class='ocr_carea' id='block_1_89' title="bbox 1033 2093 1813 2142">
    <p class='ocr_par' dir='ltr' id='par_1_89' title="bbox 1033 2093 1813 2142">
     <span class='ocr_line' id='line_1_89' title="bbox 1033 2093 1813 2142; baseline -0.005 -11"><span class='ocrx_word' id='word_1_669' title='bbox 1033 2093 1050 2131; x_wconf 64' lang='grc' dir='ltr'><em>ά</em></span> <span class='ocrx_word' id='word_1_670' title='bbox 1064 2093 1300 2142; x_wconf 27' lang='grc' dir='ltr'>ἘκωλύθηνἽᾶχρι</span> <span class='ocrx_word' id='word_1_671' title='bbox 1315 2093 1360 2130; x_wconf 59' lang='grc' dir='ltr'>τοῖ’)</span> <span class='ocrx_word' id='word_1_672' title='bbox 1382 2102 1459 2141; x_wconf 81' lang='grc' dir='ltr'>δεῦρο</span> <span class='ocrx_word' id='word_1_673' title='bbox 1479 2111 1485 2118; x_wconf 90' lang='grc'>·</span> <span class='ocrx_word' id='word_1_674' title='bbox 1506 2115 1519 2128; x_wconf 73' lang='grc' dir='ltr'><strong>ι</strong></span> <span class='ocrx_word' id='word_1_675' title='bbox 1545 2102 1661 2130; x_wconf 71' lang='grc' dir='ltr'>ινταῦθα</span> <span class='ocrx_word' id='word_1_676' title='bbox 1678 2099 1704 2128; x_wconf 82' lang='grc' dir='ltr'>δὲ</span> <span class='ocrx_word' id='word_1_677' title='bbox 1720 2093 1813 2142; x_wconf 61' lang='grc' dir='ltr'>κᾳῖτῆν</span> 
     </span>
    </p>
   </div>
   <div class='ocr_carea' id='block_1_90' title="bbox 1029 2141 1810 2183">
    <p class='ocr_par' dir='ltr' id='par_1_90' title="bbox 1029 2141 1810 2183">
     <span class='ocr_line' id='line_1_90' title="bbox 1029 2141 1810 2183; baseline -0.01 -8"><span class='ocrx_word' id='word_1_678' title='bbox 1029 2146 1116 2175; x_wconf 79' lang='grc' dir='ltr'>αἰτίαν</span> <span class='ocrx_word' id='word_1_679' title='bbox 1133 2146 1221 2182; x_wconf 86' lang='grc' dir='ltr'>τίθησι</span> <span class='ocrx_word' id='word_1_680' title='bbox 1232 2169 1241 2183; x_wconf 91' lang='grc'><strong>,</strong></span> <span class='ocrx_word' id='word_1_681' title='bbox 1265 2147 1298 2175; x_wconf 85' lang='grc' dir='ltr'>δι’</span> <span class='ocrx_word' id='word_1_682' title='bbox 1315 2146 1348 2182; x_wconf 84' lang='grc' dir='ltr'><strong>ἣν</strong></span> <span class='ocrx_word' id='word_1_683' title='bbox 1363 2146 1530 2182; x_wconf 78' lang='grc' dir='ltr'>κεκώλυται,</span> <span class='ocrx_word' id='word_1_684' title='bbox 1545 2145 1586 2174; x_wconf 75' lang='grc' dir='ltr'><strong>ὅτι</strong></span> <span class='ocrx_word' id='word_1_685' title='bbox 1602 2146 1655 2176; x_wconf 78' lang='grc' dir='ltr'>Διὰ</span> <span class='ocrx_word' id='word_1_686' title='bbox 1674 2143 1704 2173; x_wconf 77' lang='grc' dir='ltr'><strong>τὸ</strong></span> <span class='ocrx_word' id='word_1_687' title='bbox 1718 2141 1810 2171; x_wconf 78' lang='grc' dir='ltr'>πάντα·</span> 
     </span>
    </p>
   </div>
   <div class='ocr_carea' id='block_1_91' title="bbox 173 2185 973 2233">
    <p class='ocr_par' dir='ltr' id='par_1_91' title="bbox 173 2185 972 2233">
     <span class='ocr_line' id='line_1_91' title="bbox 173 2185 972 2233; baseline 0.001 -9"><span class='ocrx_word' id='word_1_688' title='bbox 173 2204 284 2225; x_wconf 88' lang='lat' dir='ltr'><strong>versum</strong></span> <span class='ocrx_word' id='word_1_689' title='bbox 300 2185 552 2225; x_wconf 71' lang='lat' dir='ltr'><strong>circumcursabam</strong></span> <span class='ocrx_word' id='word_1_690' title='bbox 578 2196 752 2233; x_wconf 70' lang='lat' dir='ltr'><strong>praedicando</strong></span> <span class='ocrx_word' id='word_1_691' title='bbox 767 2196 892 2231; x_wconf 88' lang='lat' dir='ltr'><strong>verbum,</strong></span> <span class='ocrx_word' id='word_1_692' title='bbox 909 2197 972 2226; x_wconf 90' lang='lat' dir='ltr'><strong>ideo</strong></span> 
     </span>
    </p>
   </div>
   <div class='ocr_carea' id='block_1_92' title="bbox 1057 2185 1811 2233">
    <p class='ocr_par' dir='ltr' id='par_1_92' title="bbox 1057 2185 1811 2233">
     <span class='ocr_line' id='line_1_92' title="bbox 1057 2185 1811 2233; baseline -0.003 -13"><span class='ocrx_word' id='word_1_693' title='bbox 1057 2194 1075 2220; x_wconf 66' lang='grc' dir='ltr'><strong>νῦ</strong></span> <span class='ocrx_word' id='word_1_694' title='bbox 1091 2191 1256 2231; x_wconf 76' lang='grc' dir='ltr'>περιτρέχειν</span> <span class='ocrx_word' id='word_1_695' title='bbox 1272 2191 1298 2210; x_wconf 78' lang='grc'><strong>⁸⁸</strong></span> <span class='ocrx_word' id='word_1_696' title='bbox 1314 2190 1451 2230; x_wconf 84' lang='grc' dir='ltr'>κηρύττων</span> <span class='ocrx_word' id='word_1_697' title='bbox 1464 2213 1472 2227; x_wconf 91' lang='grc'><strong>,</strong></span> <span class='ocrx_word' id='word_1_698' title='bbox 1489 2190 1532 2220; x_wconf 82' lang='grc' dir='ltr'><strong>διὰ</strong></span> <span class='ocrx_word' id='word_1_699' title='bbox 1548 2193 1627 2220; x_wconf 81' lang='grc' dir='ltr'>τοῦτο</span> <span class='ocrx_word' id='word_1_700' title='bbox 1642 2185 1811 2233; x_wconf 54' lang='grc' dir='ltr'>ἐνεκοπῖόιξην</span> 
     </span>
    </p>
   </div>
   <div class='ocr_carea' id='block_1_93' title="bbox 173 2241 973 2278">
    <p class='ocr_par' dir='ltr' id='par_1_93' title="bbox 173 2241 973 2278">
     <span class='ocr_line' id='line_1_93' title="bbox 173 2241 973 2278; baseline 0 -8"><span class='ocrx_word' id='word_1_701' title='bbox 173 2249 246 2278; x_wconf 69' lang='lat' dir='ltr'><strong>saepe</strong></span> <span class='ocrx_word' id='word_1_702' title='bbox 260 2241 430 2278; x_wconf 84' lang='lat' dir='ltr'><strong>impediebar</strong></span> <span class='ocrx_word' id='word_1_703' title='bbox 451 2250 457 2269; x_wconf 94' lang='lat'>:</span> <span class='ocrx_word' id='word_1_704' title='bbox 480 2241 533 2269; x_wconf 90' lang='lat' dir='ltr'><strong>hoc</strong></span> <span class='ocrx_word' id='word_1_705' title='bbox 546 2246 598 2275; x_wconf 88' lang='lat' dir='ltr'><strong>est,</strong></span> <span class='ocrx_word' id='word_1_706' title='bbox 609 2249 768 2278; x_wconf 88' lang='lat' dir='ltr'><strong>quanquam</strong></span> <span class='ocrx_word' id='word_1_707' title='bbox 782 2249 973 2278; x_wconf 58' lang='lat' dir='ltr'><strong>saepenumero</strong></span> 
     </span>
    </p>
   </div>
   <div class='ocr_carea' id='block_1_94' title="bbox 172 2286 972 2323">
    <p class='ocr_par' dir='ltr' id='par_1_94' title="bbox 172 2286 972 2323">
     <span class='ocr_line' id='line_1_94' title="bbox 172 2286 972 2323; baseline 0 -9"><span class='ocrx_word' id='word_1_708' title='bbox 172 2286 301 2321; x_wconf 81' lang='lat' dir='ltr'><strong>conabar,</strong></span> <span class='ocrx_word' id='word_1_709' title='bbox 323 2290 351 2315; x_wconf 92' lang='lat' dir='ltr'><strong>et</strong></span> <span class='ocrx_word' id='word_1_710' title='bbox 371 2290 539 2322; x_wconf 84' lang='lat' dir='ltr'><strong>expeterem,</strong></span> <span class='ocrx_word' id='word_1_711' title='bbox 553 2294 661 2322; x_wconf 87' lang='lat' dir='ltr'><strong>semper</strong></span> <span class='ocrx_word' id='word_1_712' title='bbox 683 2290 778 2314; x_wconf 91' lang='lat' dir='ltr'><strong>tamen</strong></span> <span class='ocrx_word' id='word_1_713' title='bbox 797 2286 972 2323; x_wconf 87' lang='lat' dir='ltr'><strong>impediebar.</strong></span> 
     </span>
    </p>
   </div>
   <div class='ocr_carea' id='block_1_95' title="bbox 208 2330 975 2364">
    <p class='ocr_par' dir='ltr' id='par_1_95' title="bbox 208 2330 975 2364">
     <span class='ocr_line' id='line_1_95' title="bbox 208 2330 975 2364; baseline 0 -6"><span class='ocrx_word' id='word_1_714' title='bbox 208 2331 298 2359; x_wconf 76' lang='lat' dir='ltr'><strong>Vsus.</strong></span> <span class='ocrx_word' id='word_1_715' title='bbox 321 2333 368 2364; x_wconf 86' lang='lat'><strong>23,</strong></span> <span class='ocrx_word' id='word_1_716' title='bbox 391 2334 435 2359; x_wconf 81' lang='grc'><strong>24.</strong></span> <span class='ocrx_word' id='word_1_717' title='bbox 453 2344 465 2356; x_wconf 67' lang='grc' dir='ltr'><strong>ι</strong></span> <span class='ocrx_word' id='word_1_718' title='bbox 485 2331 566 2359; x_wconf 86' lang='lat' dir='ltr'><strong>Nunc</strong></span> <span class='ocrx_word' id='word_1_719' title='bbox 581 2338 645 2358; x_wconf 85' lang='lat' dir='ltr'><strong>vero</strong></span> <span class='ocrx_word' id='word_1_720' title='bbox 664 2330 778 2359; x_wconf 85' lang='lat' dir='ltr'><strong>ulterius</strong></span> <span class='ocrx_word' id='word_1_721' title='bbox 801 2332 894 2360; x_wconf 85' lang='lat' dir='ltr'><strong>locum</strong></span> <span class='ocrx_word' id='word_1_722' title='bbox 916 2339 975 2359; x_wconf 90' lang='lat' dir='ltr'><strong>non</strong></span> 
     </span>
    </p>
   </div>
   <div class='ocr_carea' id='block_1_96' title="bbox 172 2374 973 2412">
    <p class='ocr_par' dir='ltr' id='par_1_96' title="bbox 172 2374 973 2412">
     <span class='ocr_line' id='line_1_96' title="bbox 172 2374 973 2412; baseline 0.002 -10"><span class='ocrx_word' id='word_1_723' title='bbox 172 2374 275 2403; x_wconf 83' lang='lat' dir='ltr'><strong>habens</strong></span> <span class='ocrx_word' id='word_1_724' title='bbox 288 2375 316 2403; x_wconf 93' lang='lat' dir='ltr'><strong>in</strong></span> <span class='ocrx_word' id='word_1_725' title='bbox 329 2375 373 2403; x_wconf 89' lang='lat' dir='ltr'><strong>his</strong></span> <span class='ocrx_word' id='word_1_726' title='bbox 387 2376 555 2412; x_wconf 76' lang='lat' dir='ltr'><strong>regionibus,</strong></span> <span class='ocrx_word' id='word_1_727' title='bbox 571 2375 748 2411; x_wconf 87' lang='lat' dir='ltr'><strong>cupiditatem</strong></span> <span class='ocrx_word' id='word_1_728' title='bbox 762 2380 857 2404; x_wconf 87' lang='lat' dir='ltr'><strong>autem</strong></span> <span class='ocrx_word' id='word_1_729' title='bbox 871 2375 973 2404; x_wconf 79' lang='lat' dir='ltr'><strong>habens</strong></span> 
     </span>
    </p>
   </div>
   <div class='ocr_carea' id='block_1_97' title="bbox 170 2419 971 2457">
    <p class='ocr_par' dir='ltr' id='par_1_97' title="bbox 170 2419 971 2457">
     <span class='ocr_line' id='line_1_97' title="bbox 170 2419 971 2457; baseline 0.001 -10"><span class='ocrx_word' id='word_1_730' title='bbox 170 2419 295 2448; x_wconf 88' lang='lat' dir='ltr'><strong>veniendi</strong></span> <span class='ocrx_word' id='word_1_731' title='bbox 316 2419 350 2448; x_wconf 83' lang='lat' dir='ltr'><strong>ad</strong></span> <span class='ocrx_word' id='word_1_732' title='bbox 373 2427 425 2448; x_wconf 89' lang='lat' dir='ltr'><strong>vos</strong></span> <span class='ocrx_word' id='word_1_733' title='bbox 435 2420 494 2457; x_wconf 85' lang='lat' dir='ltr'><strong>jam</strong></span> <span class='ocrx_word' id='word_1_734' title='bbox 509 2420 572 2449; x_wconf 89' lang='lat' dir='ltr'><strong>inde</strong></span> <span class='ocrx_word' id='word_1_735' title='bbox 591 2428 607 2448; x_wconf 91' lang='lat' dir='ltr'><strong>a</strong></span> <span class='ocrx_word' id='word_1_736' title='bbox 632 2421 726 2449; x_wconf 85' lang='lat' dir='ltr'><strong>multis</strong></span> <span class='ocrx_word' id='word_1_737' title='bbox 740 2420 820 2449; x_wconf 89' lang='lat' dir='ltr'><strong>annis</strong></span> <span class='ocrx_word' id='word_1_738' title='bbox 834 2429 840 2448; x_wconf 90' lang='lat'>:</span> <span class='ocrx_word' id='word_1_739' title='bbox 857 2424 887 2448; x_wconf 93' lang='lat' dir='ltr'><strong>ut</strong></span> <span class='ocrx_word' id='word_1_740' title='bbox 903 2420 926 2448; x_wconf 92' lang='lat' dir='ltr'><strong>si</strong></span> <span class='ocrx_word' id='word_1_741' title='bbox 943 2421 971 2448; x_wconf 94' lang='lat' dir='ltr'><strong>in</strong></span> 
     </span>
    </p>
   </div>
   <div class='ocr_carea' id='block_1_98' title="bbox 168 2463 970 2500">
    <p class='ocr_par' dir='ltr' id='par_1_98' title="bbox 168 2463 970 2500">
     <span class='ocr_line' id='line_1_98' title="bbox 168 2463 970 2500; baseline 0.002 -10"><span class='ocrx_word' id='word_1_742' title='bbox 168 2463 332 2499; x_wconf 83' lang='lat' dir='ltr'><strong>Hispaniam</strong></span> <span class='ocrx_word' id='word_1_743' title='bbox 354 2463 521 2500; x_wconf 81' lang='lat' dir='ltr'><strong>proﬁciscar,</strong></span> <span class='ocrx_word' id='word_1_744' title='bbox 535 2464 644 2492; x_wconf 86' lang='lat' dir='ltr'><strong>veniam</strong></span> <span class='ocrx_word' id='word_1_745' title='bbox 658 2463 693 2492; x_wconf 88' lang='lat' dir='ltr'><strong>ad</strong></span> <span class='ocrx_word' id='word_1_746' title='bbox 705 2472 755 2492; x_wconf 88' lang='lat' dir='ltr'><strong>vos</strong></span> <span class='ocrx_word' id='word_1_747' title='bbox 770 2473 777 2493; x_wconf 92' lang='lat'>:</span> <span class='ocrx_word' id='word_1_748' title='bbox 793 2472 876 2500; x_wconf 89' lang='lat' dir='ltr'><strong>spero</strong></span> <span class='ocrx_word' id='word_1_749' title='bbox 898 2465 970 2492; x_wconf 92' lang='lat' dir='ltr'><strong>enim</strong></span> 
     </span>
    </p>
   </div>
   <div class='ocr_carea' id='block_1_99' title="bbox 170 2508 969 2545">
    <p class='ocr_par' dir='ltr' id='par_1_99' title="bbox 170 2508 969 2545">
     <span class='ocr_line' id='line_1_99' title="bbox 170 2508 969 2545; baseline 0 -9"><span class='ocrx_word' id='word_1_750' title='bbox 170 2508 244 2545; x_wconf 90' lang='lat' dir='ltr'><strong>quod</strong></span> <span class='ocrx_word' id='word_1_751' title='bbox 259 2509 417 2545; x_wconf 64' lang='lat' dir='ltr'><strong>praeteriens</strong></span> <span class='ocrx_word' id='word_1_752' title='bbox 442 2509 550 2538; x_wconf 88' lang='lat' dir='ltr'><strong>videam</strong></span> <span class='ocrx_word' id='word_1_753' title='bbox 565 2517 624 2544; x_wconf 88' lang='lat' dir='ltr'><strong>vos,</strong></span> <span class='ocrx_word' id='word_1_754' title='bbox 640 2513 668 2537; x_wconf 93' lang='lat' dir='ltr'><strong>et</strong></span> <span class='ocrx_word' id='word_1_755' title='bbox 682 2517 697 2538; x_wconf 92' lang='lat' dir='ltr'><strong>a</strong></span> <span class='ocrx_word' id='word_1_756' title='bbox 712 2509 789 2537; x_wconf 89' lang='lat' dir='ltr'><strong>vobis</strong></span> <span class='ocrx_word' id='word_1_757' title='bbox 803 2508 924 2537; x_wconf 85' lang='lat' dir='ltr'><strong>deducar</strong></span> <span class='ocrx_word' id='word_1_758' title='bbox 934 2508 969 2536; x_wconf 93' lang='lat' dir='ltr'><strong>il-</strong></span> 
     </span>
    </p>
   </div>
   <div class='ocr_carea' id='block_1_100' title="bbox 169 2553 967 2591">
    <p class='ocr_par' dir='ltr' id='par_1_100' title="bbox 169 2553 967 2591">
     <span class='ocr_line' id='line_1_100' title="bbox 169 2553 967 2591; baseline -0.005 -9"><span class='ocrx_word' id='word_1_759' title='bbox 169 2554 224 2588; x_wconf 87' lang='lat' dir='ltr'><strong>luc,</strong></span> <span class='ocrx_word' id='word_1_760' title='bbox 245 2554 267 2582; x_wconf 88' lang='lat' dir='ltr'><strong>si</strong></span> <span class='ocrx_word' id='word_1_761' title='bbox 290 2554 368 2582; x_wconf 90' lang='lat' dir='ltr'><strong>vobis</strong></span> <span class='ocrx_word' id='word_1_762' title='bbox 391 2553 516 2590; x_wconf 90' lang='lat' dir='ltr'><strong>primum</strong></span> <span class='ocrx_word' id='word_1_763' title='bbox 538 2562 571 2582; x_wconf 85' lang='lat' dir='ltr'><strong>ex</strong></span> <span class='ocrx_word' id='word_1_764' title='bbox 597 2558 672 2591; x_wconf 88' lang='lat' dir='ltr'><strong>parte</strong></span> <span class='ocrx_word' id='word_1_765' title='bbox 693 2553 770 2582; x_wconf 80' lang='lat' dir='ltr'><strong>fuero</strong></span> <span class='ocrx_word' id='word_1_766' title='bbox 793 2553 926 2589; x_wconf 84' lang='lat' dir='ltr'><strong>expletus.</strong></span> <span class='ocrx_word' id='word_1_767' title='bbox 955 2564 967 2577; x_wconf 76' lang='grc' dir='ltr'><strong>ι</strong></span> 
     </span>
    </p>
   </div>
   <div class='ocr_carea' id='block_1_101' title="bbox 167 2597 970 2635">
    <p class='ocr_par' dir='ltr' id='par_1_101' title="bbox 167 2597 970 2635">
     <span class='ocr_line' id='line_1_101' title="bbox 167 2597 970 2635; baseline -0.002 -9"><span class='ocrx_word' id='word_1_768' title='bbox 167 2597 354 2634; x_wconf 82' lang='lat' dir='ltr'><strong>Impediebar,</strong></span> <span class='ocrx_word' id='word_1_769' title='bbox 369 2598 470 2634; x_wconf 88' lang='lat' dir='ltr'><strong>inquit,</strong></span> <span class='ocrx_word' id='word_1_770' title='bbox 486 2606 519 2626; x_wconf 93' lang='lat' dir='ltr'><strong>eo</strong></span> <span class='ocrx_word' id='word_1_771' title='bbox 531 2598 607 2634; x_wconf 87' lang='lat' dir='ltr'><strong>quod</strong></span> <span class='ocrx_word' id='word_1_772' title='bbox 621 2598 772 2635; x_wconf 76' lang='lat' dir='ltr'><strong>praedicare</strong></span> <span class='ocrx_word' id='word_1_773' title='bbox 785 2597 894 2626; x_wconf 88' lang='lat' dir='ltr'><strong>vellem.</strong></span> <span class='ocrx_word' id='word_1_774' title='bbox 907 2597 970 2625; x_wconf 81' lang='lat' dir='ltr'><strong>Jam</strong></span> 
     </span>
    </p>
   </div>
   <div class='ocr_carea' id='block_1_102' title="bbox 169 2642 973 2678">
    <p class='ocr_par' dir='ltr' id='par_1_102' title="bbox 169 2642 973 2678">
     <span class='ocr_line' id='line_1_102' title="bbox 169 2642 973 2678; baseline 0 -8"><span class='ocrx_word' id='word_1_775' title='bbox 169 2651 232 2672; x_wconf 87' lang='lat' dir='ltr'><strong>vero</strong></span> <span class='ocrx_word' id='word_1_776' title='bbox 253 2651 317 2672; x_wconf 88' lang='lat' dir='ltr'><strong>cum</strong></span> <span class='ocrx_word' id='word_1_777' title='bbox 331 2643 394 2671; x_wconf 89' lang='lat' dir='ltr'><strong>nihil</strong></span> <span class='ocrx_word' id='word_1_778' title='bbox 410 2643 483 2671; x_wconf 90' lang='lat' dir='ltr'><strong>ultra</strong></span> <span class='ocrx_word' id='word_1_779' title='bbox 497 2643 565 2670; x_wconf 94' lang='lat' dir='ltr'><strong>mihi</strong></span> <span class='ocrx_word' id='word_1_780' title='bbox 582 2643 609 2671; x_wconf 90' lang='lat' dir='ltr'><strong>in</strong></span> <span class='ocrx_word' id='word_1_781' title='bbox 622 2643 690 2671; x_wconf 90' lang='lat' dir='ltr'><strong>locis</strong></span> <span class='ocrx_word' id='word_1_782' title='bbox 705 2642 778 2671; x_wconf 87' lang='lat' dir='ltr'><strong>hisce</strong></span> <span class='ocrx_word' id='word_1_783' title='bbox 791 2646 876 2671; x_wconf 84' lang='lat' dir='ltr'><strong>restat</strong></span> <span class='ocrx_word' id='word_1_784' title='bbox 889 2649 973 2678; x_wconf 82' lang='lat' dir='ltr'><strong>agen-</strong></span> 
     </span>
    </p>
   </div>
   <div class='ocr_carea' id='block_1_103' title="bbox 203 2707 655 2747">
    <p class='ocr_par' dir='ltr' id='par_1_103' title="bbox 203 2707 655 2747">
     <span class='ocr_line' id='line_1_103' title="bbox 203 2707 655 2747; baseline -0.002 -9"><span class='ocrx_word' id='word_1_785' title='bbox 203 2707 213 2727; x_wconf 81' lang='grc'><strong><em>¹</em></strong></span> <span class='ocrx_word' id='word_1_786' title='bbox 225 2712 307 2739; x_wconf 87' lang='lat' dir='ltr'><strong>Joan.</strong></span> <span class='ocrx_word' id='word_1_787' title='bbox 327 2718 357 2745; x_wconf 91' lang='lat' dir='ltr'><strong>v,</strong></span> <span class='ocrx_word' id='word_1_788' title='bbox 372 2715 398 2739; x_wconf 90' lang='grc'><strong>7.</strong></span> <span class='ocrx_word' id='word_1_789' title='bbox 443 2711 521 2738; x_wconf 70' lang='grc' dir='ltr'><strong>αΙεει.</strong></span> <span class='ocrx_word' id='word_1_790' title='bbox 537 2717 594 2747; x_wconf 73' lang='grc' dir='ltr'>ιιι,</span> <span class='ocrx_word' id='word_1_791' title='bbox 612 2712 655 2738; x_wconf 84' lang='grc'><strong>15.</strong></span> 
     </span>
    </p>
   </div>
   <div class='ocr_carea' id='block_1_104' title="bbox 1026 2230 1812 2275">
    <p class='ocr_par' dir='ltr' id='par_1_104' title="bbox 1026 2230 1812 2275">
     <span class='ocr_line' id='line_1_104' title="bbox 1026 2230 1812 2275; baseline -0.009 -11"><span class='ocrx_word' id='word_1_792' title='bbox 1026 2234 1060 2265; x_wconf 80' lang='grc' dir='ltr'><strong>τὰ</strong></span> <span class='ocrx_word' id='word_1_793' title='bbox 1076 2230 1163 2265; x_wconf 80' lang='grc' dir='ltr'>πολλά</span> <span class='ocrx_word' id='word_1_794' title='bbox 1176 2246 1183 2254; x_wconf 90' lang='grc'><strong>·</strong></span> <span class='ocrx_word' id='word_1_795' title='bbox 1199 2230 1334 2271; x_wconf 84' lang='grc' dir='ltr'>τουτέστι,</span> <span class='ocrx_word' id='word_1_796' title='bbox 1359 2234 1487 2269; x_wconf 74' lang='grc' dir='ltr'>πολλάκις</span> <span class='ocrx_word' id='word_1_797' title='bbox 1514 2236 1656 2275; x_wconf 78' lang='grc' dir='ltr'>ἐπιχειρῶν</span> <span class='ocrx_word' id='word_1_798' title='bbox 1676 2232 1720 2262; x_wconf 80' lang='grc' dir='ltr'><strong>καὶ</strong></span> <span class='ocrx_word' id='word_1_799' title='bbox 1736 2230 1812 2259; x_wconf 69' lang='grc' dir='ltr'>ἐπιθυ-</span> 
     </span>
    </p>
   </div>
   <div class='ocr_carea' id='block_1_105' title="bbox 1029 2279 1453 2319">
    <p class='ocr_par' dir='ltr' id='par_1_105' title="bbox 1029 2279 1453 2319">
     <span class='ocr_line' id='line_1_105' title="bbox 1029 2279 1453 2319; baseline 0.005 -11"><span class='ocrx_word' id='word_1_800' title='bbox 1029 2281 1104 2319; x_wconf 79' lang='grc' dir='ltr'>μῶν,</span> <span class='ocrx_word' id='word_1_801' title='bbox 1121 2279 1192 2318; x_wconf 78' lang='grc' dir='ltr'>ὅμως</span> <span class='ocrx_word' id='word_1_802' title='bbox 1206 2280 1386 2318; x_wconf 80' lang='grc' dir='ltr'>ἐνεκοπτόμην</span> <span class='ocrx_word' id='word_1_803' title='bbox 1402 2280 1453 2310; x_wconf 84' lang='grc' dir='ltr'>ἀεί.</span> 
     </span>
    </p>
   </div>
   <div class='ocr_carea' id='block_1_106' title="bbox 1075 2318 1812 2364">
    <p class='ocr_par' dir='ltr' id='par_1_106' title="bbox 1075 2318 1812 2364">
     <span class='ocr_line' id='line_1_106' title="bbox 1075 2318 1812 2364; baseline -0.007 -12"><span class='ocrx_word' id='word_1_804' title='bbox 1075 2335 1088 2352; x_wconf 81' lang='grc'><strong>‹‹</strong></span> <span class='ocrx_word' id='word_1_805' title='bbox 1111 2324 1177 2354; x_wconf 72' lang='grc' dir='ltr'>Νυνὶ</span> <span class='ocrx_word' id='word_1_806' title='bbox 1201 2324 1228 2353; x_wconf 79' lang='grc' dir='ltr'>δὲ</span> <span class='ocrx_word' id='word_1_807' title='bbox 1251 2323 1348 2363; x_wconf 74' lang='grc' dir='ltr'>μηκέτι</span> <span class='ocrx_word' id='word_1_808' title='bbox 1373 2324 1452 2354; x_wconf 84' lang='grc' dir='ltr'>τόπον</span> <span class='ocrx_word' id='word_1_809' title='bbox 1479 2324 1549 2364; x_wconf 80' lang='grc' dir='ltr'>ἔχων</span> <span class='ocrx_word' id='word_1_810' title='bbox 1574 2325 1601 2354; x_wconf 76' lang='grc' dir='ltr'>ἐν</span> <span class='ocrx_word' id='word_1_811' title='bbox 1630 2325 1684 2355; x_wconf 86' lang='grc' dir='ltr'>τοῖς</span> <span class='ocrx_word' id='word_1_812' title='bbox 1712 2318 1812 2355; x_wconf 79' lang='grc' dir='ltr'>κλίμασι</span> 
     </span>
    </p>
   </div>
   <div class='ocr_carea' id='block_1_107' title="bbox 1030 2363 1811 2409">
    <p class='ocr_par' dir='ltr' id='par_1_107' title="bbox 1030 2363 1811 2409">
     <span class='ocr_line' id='line_1_107' title="bbox 1030 2363 1811 2409; baseline 0.003 -11"><span class='ocrx_word' id='word_1_813' title='bbox 1030 2368 1148 2405; x_wconf 82' lang='grc' dir='ltr'>τούτοις,</span> <span class='ocrx_word' id='word_1_814' title='bbox 1179 2369 1317 2399; x_wconf 73' lang='grc' dir='ltr'>ἐπιποθίαν</span> <span class='ocrx_word' id='word_1_815' title='bbox 1349 2369 1376 2399; x_wconf 78' lang='grc' dir='ltr'>δὲ</span> <span class='ocrx_word' id='word_1_816' title='bbox 1401 2363 1532 2409; x_wconf 83' lang='grc' dir='ltr'><strong>ἔχων</strong></span> <span class='ocrx_word' id='word_1_817' title='bbox 1561 2370 1645 2398; x_wconf 78' lang='grc' dir='ltr'>ἐλθεῖν</span> <span class='ocrx_word' id='word_1_818' title='bbox 1666 2365 1728 2406; x_wconf 81' lang='grc' dir='ltr'>πρὸς</span> <span class='ocrx_word' id='word_1_819' title='bbox 1751 2363 1811 2400; x_wconf 53' lang='lat' dir='ltr'><strong>Wa‘</strong></span> 
     </span>
    </p>
   </div>
   <div class='ocr_carea' id='block_1_108' title="bbox 1026 2409 1807 2458">
    <p class='ocr_par' dir='ltr' id='par_1_108' title="bbox 1026 2409 1807 2458">
     <span class='ocr_line' id='line_1_108' title="bbox 1026 2409 1807 2458; baseline -0.006 -15"><span class='ocrx_word' id='word_1_820' title='bbox 1026 2413 1079 2443; x_wconf 72' lang='grc' dir='ltr'>ἀπὸ</span> <span class='ocrx_word' id='word_1_821' title='bbox 1091 2414 1196 2443; x_wconf 82' lang='grc' dir='ltr'>πολλῶν</span> <span class='ocrx_word' id='word_1_822' title='bbox 1213 2415 1278 2443; x_wconf 78' lang='grc' dir='ltr'>ἐτῶν</span> <span class='ocrx_word' id='word_1_823' title='bbox 1294 2425 1300 2432; x_wconf 94' lang='grc'><strong>·</strong></span> <span class='ocrx_word' id='word_1_824' title='bbox 1316 2415 1351 2447; x_wconf 81' lang='grc' dir='ltr'>ὥς</span> <span class='ocrx_word' id='word_1_825' title='bbox 1366 2413 1412 2443; x_wconf 75' lang='grc' dir='ltr'><strong>ἐὰν</strong></span> <span class='ocrx_word' id='word_1_826' title='bbox 1428 2413 1585 2453; x_wconf 83' lang='grc' dir='ltr'>πορεύωμαι</span> <span class='ocrx_word' id='word_1_827' title='bbox 1603 2415 1641 2447; x_wconf 79' lang='grc' dir='ltr'>εἷς</span> <span class='ocrx_word' id='word_1_828' title='bbox 1659 2411 1706 2446; x_wconf 79' lang='grc' dir='ltr'>τὴν</span> <span class='ocrx_word' id='word_1_829' title='bbox 1721 2409 1807 2458; x_wconf 58' lang='lat' dir='ltr'><strong>181m,-</strong></span> 
     </span>
    </p>
   </div>
   <div class='ocr_carea' id='block_1_109' title="bbox 1025 2457 1808 2498">
    <p class='ocr_par' dir='ltr' id='par_1_109' title="bbox 1025 2457 1808 2498">
     <span class='ocr_line' id='line_1_109' title="bbox 1025 2457 1808 2498; baseline -0.003 -11"><span class='ocrx_word' id='word_1_830' title='bbox 1025 2458 1099 2495; x_wconf 83' lang='grc' dir='ltr'>νίαν,</span> <span class='ocrx_word' id='word_1_831' title='bbox 1122 2458 1265 2496; x_wconf 79' lang='grc' dir='ltr'>ἐλεύσομαι</span> <span class='ocrx_word' id='word_1_832' title='bbox 1280 2458 1346 2498; x_wconf 81' lang='grc' dir='ltr'>πρὸς</span> <span class='ocrx_word' id='word_1_833' title='bbox 1370 2460 1439 2498; x_wconf 75' lang='grc' dir='ltr'>ὑμᾶς</span> <span class='ocrx_word' id='word_1_834' title='bbox 1453 2470 1461 2478; x_wconf 73' lang='grc' dir='ltr'>σ</span> <span class='ocrx_word' id='word_1_835' title='bbox 1483 2459 1581 2493; x_wconf 79' lang='grc' dir='ltr'>ἐλπίζω</span> <span class='ocrx_word' id='word_1_836' title='bbox 1596 2458 1646 2498; x_wconf 79' lang='grc' dir='ltr'><strong>γὰρ</strong></span> <span class='ocrx_word' id='word_1_837' title='bbox 1665 2457 1808 2492; x_wconf 75' lang='grc' dir='ltr'>διαπορευθ“</span> 
     </span>
    </p>
   </div>
   <div class='ocr_carea' id='block_1_110' title="bbox 1025 2498 1808 2543">
    <p class='ocr_par' dir='ltr' id='par_1_110' title="bbox 1025 2498 1808 2543">
     <span class='ocr_line' id='line_1_110' title="bbox 1025 2498 1808 2543; baseline -0.004 -11"><span class='ocrx_word' id='word_1_838' title='bbox 1025 2514 1100 2542; x_wconf 83' lang='grc' dir='ltr'>μενος</span> <span class='ocrx_word' id='word_1_839' title='bbox 1124 2504 1269 2533; x_wconf 84' lang='grc' dir='ltr'>θεάσασθαι</span> <span class='ocrx_word' id='word_1_840' title='bbox 1294 2505 1381 2542; x_wconf 72' lang='grc' dir='ltr'>ῢμᾶς,</span> <span class='ocrx_word' id='word_1_841' title='bbox 1397 2505 1443 2534; x_wconf 80' lang='grc' dir='ltr'><strong>καὶ</strong></span> <span class='ocrx_word' id='word_1_842' title='bbox 1459 2503 1501 2543; x_wconf 73' lang='grc' dir='ltr'><strong>ὑφ’</strong></span> <span class='ocrx_word' id='word_1_843' title='bbox 1525 2505 1600 2541; x_wconf 77' lang='grc' dir='ltr'>ὓμῶν</span> <span class='ocrx_word' id='word_1_844' title='bbox 1615 2498 1808 2543; x_wconf 56' lang='grc' dir='ltr'>προπεμφθῆναι</span> 
     </span>
    </p>
   </div>
   <div class='ocr_carea' id='block_1_111' title="bbox 1023 2541 1803 2588">
    <p class='ocr_par' dir='ltr' id='par_1_111' title="bbox 1023 2541 1803 2588">
     <span class='ocr_line' id='line_1_111' title="bbox 1023 2541 1803 2588; baseline 0.003 -11"><span class='ocrx_word' id='word_1_845' title='bbox 1023 2541 1093 2584; x_wconf 62' lang='grc' dir='ltr'>ἐκεῖ,</span> <span class='ocrx_word' id='word_1_846' title='bbox 1120 2547 1164 2577; x_wconf 74' lang='grc' dir='ltr'>ἐὰν</span> <span class='ocrx_word' id='word_1_847' title='bbox 1192 2549 1265 2586; x_wconf 80' lang='grc' dir='ltr'>ὗμῶν</span> <span class='ocrx_word' id='word_1_848' title='bbox 1290 2541 1393 2587; x_wconf 77' lang='grc' dir='ltr'>πρῶτον</span> <span class='ocrx_word' id='word_1_849' title='bbox 1422 2541 1486 2578; x_wconf 36' lang='grc' dir='ltr'>ἀπὸ.</span> <span class='ocrx_word' id='word_1_850' title='bbox 1503 2548 1599 2588; x_wconf 81' lang='grc' dir='ltr'>μέρους</span> <span class='ocrx_word' id='word_1_851' title='bbox 1624 2541 1774 2585; x_wconf 74' lang='grc' dir='ltr'>ἐμπλησθῶ-</span> <span class='ocrx_word' id='word_1_852' title='bbox 1791 2548 1803 2565; x_wconf 82' lang='grc'>¹³</span> 
     </span>
    </p>
   </div>
   <div class='ocr_carea' id='block_1_112' title="bbox 1026 2587 1805 2633">
    <p class='ocr_par' dir='ltr' id='par_1_112' title="bbox 1026 2587 1805 2633">
     <span class='ocr_line' id='line_1_112' title="bbox 1026 2587 1805 2633; baseline -0.001 -10"><span class='ocrx_word' id='word_1_853' title='bbox 1026 2592 1243 2632; x_wconf 82' lang='grc' dir='ltr'>Ἐνεκοπτόμην,</span> <span class='ocrx_word' id='word_1_854' title='bbox 1271 2594 1351 2633; x_wconf 76' lang='grc' dir='ltr'>φησὶ,</span> <span class='ocrx_word' id='word_1_855' title='bbox 1377 2593 1419 2623; x_wconf 83' lang='grc' dir='ltr'><strong>διὰ</strong></span> <span class='ocrx_word' id='word_1_856' title='bbox 1444 2593 1474 2623; x_wconf 79' lang='grc' dir='ltr'><strong>τὸ</strong></span> <span class='ocrx_word' id='word_1_857' title='bbox 1501 2593 1585 2623; x_wconf 73' lang='grc' dir='ltr'>θέλειν</span> <span class='ocrx_word' id='word_1_858' title='bbox 1612 2605 1645 2631; x_wconf 88' lang='grc' dir='ltr'><strong>με</strong></span> <span class='ocrx_word' id='word_1_859' title='bbox 1667 2587 1805 2633; x_wconf 58' lang='grc' dir='ltr'>κηρύσςιιν-</span> 
     </span>
    </p>
   </div>
   <div class='ocr_carea' id='block_1_113' title="bbox 1028 2630 1806 2678">
    <p class='ocr_par' dir='ltr' id='par_1_113' title="bbox 1028 2630 1806 2678">
     <span class='ocr_line' id='line_1_113' title="bbox 1028 2630 1806 2678; baseline 0 -10"><span class='ocrx_word' id='word_1_860' title='bbox 1028 2637 1094 2668; x_wconf 77' lang='grc' dir='ltr'>Νυνὶ</span> <span class='ocrx_word' id='word_1_861' title='bbox 1116 2637 1145 2667; x_wconf 76' lang='grc' dir='ltr'>δὲ</span> <span class='ocrx_word' id='word_1_862' title='bbox 1168 2630 1259 2674; x_wconf 63' lang='grc' dir='ltr'>ἐπειδὴ</span> <span class='ocrx_word' id='word_1_863' title='bbox 1275 2630 1364 2668; x_wconf 75' lang='grc' dir='ltr'>οὐκέτι</span> <span class='ocrx_word' id='word_1_864' title='bbox 1382 2637 1456 2678; x_wconf 79' lang='grc' dir='ltr'>ἔργον</span> <span class='ocrx_word' id='word_1_865' title='bbox 1474 2637 1532 2668; x_wconf 86' lang='grc' dir='ltr'>ἔστι</span> <span class='ocrx_word' id='word_1_866' title='bbox 1548 2649 1594 2677; x_wconf 89' lang='grc' dir='ltr'><strong>μοι</strong></span> <span class='ocrx_word' id='word_1_867' title='bbox 1613 2630 1641 2667; x_wconf 57' lang='grc' dir='ltr'><strong>όν</strong></span> <span class='ocrx_word' id='word_1_868' title='bbox 1661 2638 1711 2668; x_wconf 73' lang='grc' dir='ltr'>τοῖς</span> <span class='ocrx_word' id='word_1_869' title='bbox 1727 2630 1806 2660; x_wconf 43' lang='lat' dir='ltr'><strong>dm“</strong></span> 
     </span>
    </p>
   </div>
   <div class='ocr_carea' id='block_1_114' title="bbox 870 2749 1140 2779">
    <p class='ocr_par' dir='ltr' id='par_1_114' title="bbox 870 2749 1140 2779">
     <span class='ocr_line' id='line_1_114' title="bbox 870 2749 1140 2779; baseline -0.004 0"><span class='ocrx_word' id='word_1_870' title='bbox 870 2749 966 2779; x_wconf 72' lang='lat' dir='ltr'><strong>Varia:</strong></span> <span class='ocrx_word' id='word_1_871' title='bbox 988 2749 1140 2779; x_wconf 82' lang='lat' dir='ltr'><strong>lectiones.</strong></span> 
     </span>
    </p>
   </div>
   <div class='ocr_carea' id='block_1_115' title="bbox 202 2820 1323 2860">
    <p class='ocr_par' dir='ltr' id='par_1_115' title="bbox 202 2820 1323 2860">
     <span class='ocr_line' id='line_1_115' title="bbox 202 2820 1323 2860; baseline -0.003 -11"><span class='ocrx_word' id='word_1_872' title='bbox 202 2823 224 2840; x_wconf 76' lang='grc'><strong>⁵⁸</strong></span> <span class='ocrx_word' id='word_1_873' title='bbox 238 2823 293 2849; x_wconf 81' lang='grc' dir='ltr'>ἀλλ’</span> <span class='ocrx_word' id='word_1_874' title='bbox 308 2823 408 2860; x_wconf 80' lang='grc' dir='ltr'>ἐνεργὴς</span> <span class='ocrx_word' id='word_1_875' title='bbox 422 2823 465 2850; x_wconf 73' lang='grc' dir='ltr'><strong>κιὶ</strong></span> <span class='ocrx_word' id='word_1_876' title='bbox 479 2822 578 2856; x_wconf 80' lang='grc' dir='ltr'>ἐντελὴς</span> <span class='ocrx_word' id='word_1_877' title='bbox 593 2831 628 2851; x_wconf 86' lang='lat' dir='ltr'><strong>m.</strong></span> <span class='ocrx_word' id='word_1_878' title='bbox 669 2821 691 2839; x_wconf 78' lang='grc'><strong>⁵⁷</strong></span> <span class='ocrx_word' id='word_1_879' title='bbox 705 2820 734 2848; x_wconf 75' lang='grc' dir='ltr'><strong>οὗ</strong></span> <span class='ocrx_word' id='word_1_880' title='bbox 743 2821 773 2855; x_wconf 77' lang='grc' dir='ltr'>δὴ</span> <span class='ocrx_word' id='word_1_881' title='bbox 789 2822 829 2848; x_wconf 75' lang='grc' dir='ltr'><strong>καὶ</strong></span> <span class='ocrx_word' id='word_1_882' title='bbox 849 2821 946 2852; x_wconf 75' lang='grc' dir='ltr'>Παῦλος</span> <span class='ocrx_word' id='word_1_883' title='bbox 961 2821 1062 2856; x_wconf 64' lang='grc' dir='ltr'>ἐπέτυχε</span> <span class='ocrx_word' id='word_1_884' title='bbox 1077 2828 1102 2848; x_wconf 91' lang='grc' dir='ltr'>ο.</span> <span class='ocrx_word' id='word_1_885' title='bbox 1141 2820 1163 2837; x_wconf 73' lang='grc'><strong>⁸³</strong></span> <span class='ocrx_word' id='word_1_886' title='bbox 1178 2830 1281 2856; x_wconf 70' lang='grc' dir='ltr'>παριτρ.</span> <span class='ocrx_word' id='word_1_887' title='bbox 1303 2829 1323 2846; x_wconf 73' lang='grc' dir='ltr'>ι.</span> 
     </span>
    </p>
   </div>
  </div>
