1881 3081
90 171 152 197 545

551 169 726 199 EXPOSITIO
747 171 779 198 IN
799 169 904 198 EPIST.
922 170 969 198 AD
990 167 1071 197 ROM.
1090 183 1125 189 —-
1145 168 1219 196 CAP.
1241 166 1296 195 XV.

1703 166 1753 193 546

88 233 216 270 τούτοις,
243 233 287 263 διὰ
310 236 388 264 τοῦτο
411 233 456 262 καὶ
481 233 575 274 γράφω
607 236 687 272 ὑμῖν,
712 234 757 263 καὶ
780 233 895 274 ἔρχομαι
913 235 938 266 Α
955 232 999 260 dUI

985 240 1032 266 im,
1047 232 1125 266 ιιι
1139 235 1250 267 prepler
1269 230 1324 258 hoc
1345 230 1435 265 ipsum
1452 233 1480 257 et
1495 229 1585 258 scribo
1599 229 1635 258 ad
1655 237 1714 263 vos,
1725 233 1753 257 et

88 278 163 319 πρὸς
190 280 260 317 ὑμᾶς
270 302 279 318 .,
304 278 362 319 οὐχὶ
377 279 411 308 δι’
424 280 489 308 ἄλλο
510 291 553 315 τι,
574 274 627 309 οἷον
642 278 686 308 διὰ
701 278 775 315 δόξης
795 278 892 318 ἔρωτα.

87 318 184 360 Εἶτα,
198 322 243 352 ἵνα
259 323 298 362 μὴ
321 318 429 353 εἴπωσιν
449 324 521 364 αὗτῷ
531 345 540 360 ,
555 323 595 353 ὅτι
615 323 667 353 Διὰ
683 323 712 353 τὸ
727 323 765 362 μὴ
783 323 852 363 ἔχειν
864 335 894 352 σε

88 368 190 397 αὐτόθι
203 367 278 408 ἔργον
289 391 297 404 ,
313 369 349 401 ὣς
365 369 392 397 ἐν
407 368 533 408 παρέργῳ
552 370 616 408 ποιῇ
641 370 712 407 ἡμᾶς
725 380 732 387 ο
758 368 894 408 ἐπιφέρει,

87 412 138 441 δτι
154 412 316 443 Ἐπιποθίαν
340 413 394 452 ἔχω
415 413 466 453 πρὸ
490 414 595 442 πολλῶν
619 414 684 442 ἐτῶν
699 424 706 432 ·
732 413 780 449 τὴν
802 414 894 442 ἐπιθυ-

94 457 167 495 μίαν
191 458 292 494 ταύτην
312 457 420 487 σπεύδω
438 458 590 498 πληρῶσαι.
616 457 675 488 ’Ίνα
702 459 729 487 δὲ
754 457 792 496 μὴ
814 458 895 498 πάλιν

93 504 269 542 φυσηθῶσιν,
297 503 332 535 ὡς
356 496 539 536 ἐπιποθοῦντος
552 503 578 526 ⁵9
603 501 696 536 αὐτοὺς
719 501 827 538 τούτου,
853 496 895 531 οἶα

93 546 132 582 δὴ
150 546 256 584 μείζους
275 548 328 576 τῶν
343 546 432 576 mm
454 546 493 583 7°,
520 546 615 586 ἐπάγει
631 558 638 565 ·
667 557 682 576 α
705 546 756 580 Ὧς
783 547 827 576 ἐὰν
844 558 896 576 πο-

96 591 225 631 ρεύωμαι
241 593 277 625 εἰς
289 592 312 610 ⁷⁸
333 590 381 626 τὴν
394 590 543 626 Ἱσπανίαν,
554 591 699 630 ἐλεύσομαι
712 592 776 632 πρὸς
792 593 870 630 ὓμᾶς.
886 605 898 617 ι

91 634 162 666 Ἵνα
186 636 214 666 δὲ
240 636 278 674 μὴ
302 637 398 666 εἴπωσι
421 637 503 665 πάλιν
530 648 537 654 ·
561 636 642 667 Ὁδοῦ
669 636 802 676 πάρεργον
832 638 896 676 ποιῇ

92 682 191 717 ἡμᾶς,
220 680 360 720 ἐπήγαγε·
394 693 409 708 α
436 680 490 711 Καὶ
517 680 559 721 ὑφ’
588 682 661 719 ὑμῶν
689 683 897 721 προπεμφθῆναι

90 727 174 754 ἐκεῖ·
188 736 203 754 n
231 726 382 763 τουτέστιν,
406 725 501 763 ’Υμεῖς
525 725 601 755 αὐτοὶ
625 725 724 759 ἰδόντες
747 725 795 760 τὴν
812 726 896 765 ἀνάγ-

92 781 150 804 κην
166 769 192 787 ⁷³
216 770 426 809 κατεπείγουσιέν
448 782 481 809 με
501 770 565 810 πρὸς
589 770 619 800 τὸ
643 769 689 799 καὶ
713 770 820 804 ἐκείνοις
835 771 895 800 ἐπι-

92 815 236 852 δημῆσαι,
260 814 428 855 προπέμψειν
454 815 565 852 μέλλετε
589 827 631 853 με.
655 814 743 844 Ὥστε
757 815 786 845 οὗ
809 827 895 844 κατα-

91 861 202 899 φρονῶν
215 861 289 896 ὗμῶν
298 881 306 895 ,
322 860 383 888 ἀλλ’
399 860 549 898 ἀναγκαίως
558 881 566 895 ,
582 861 652 898 ὑμᾶς
662 881 670 895 ,
684 859 893 898 παρελεύσομαι.

92 903 182 933 Ἐπεὶ
197 903 223 932 δὲ
239 903 277 932 ἔτι
289 906 367 934 τοῦτο
381 904 406 923 ⁷³
421 904 513 934 ἐλύπει
525 903 605 933 πλέον
615 927 624 940 ,
638 903 776 944 θεραπεύει
792 904 857 934 αὐτὸ
870 905 894 924 ⁷⁴

93 947 188 986 λέγων
205 960 212 966 ·
228 959 243 977 α
257 947 325 978 Ἐὰν
347 950 420 986 ὑμῶν
440 951 545 989 πρῶτον
561 948 615 979 ἀπὸ
632 948 727 988 μέρους
741 950 898 987 ἐμπλησθῶ.

92 992 225 1022 Δείκνυσι
248 992 300 1033 γὰρ
333 993 425 1022 ἑαυτὸν
457 994 557 1033 ἐρῶντα
586 995 633 1029 τῆς
655 993 761 1033 ἀγάπης
793 994 898 1031 αὐτῶν,

90 1037 144 1066 καὶ
161 1037 281 1078 σφοδρῶς
294 1049 301 1056 ·
319 1038 358 1067 διὸ
377 1038 435 1067 οὐδὲ
448 1033 520 1074 εἶπε,
533 1038 684 1076 Θεᾶσωμαι
694 1061 702 1074 ,
719 1039 789 1075 ἀλλ’,
806 1052 818 1065 ιι
830 1038 897 1077 Ἐμ-

90 1082 230 1119 πλῃσθῶ,
257 1092 272 1111 n
305 1081 339 1111 τὰ
371 1084 423 1123 τῶν
451 1082 548 1122 γονέων
585 1082 747 1121 μιμούμενος
777 1082 895 1123 ῥήματα.

96 1139 110 1152 σι
129 1125 197 1155 Ἀπὸ
210 1126 306 1166 μέρους
323 1139 338 1155 ν
352 1125 389 1163 δὲ,
404 1122 461 1156 εἶπε
478 1138 484 1145 ·
499 1127 652 1163 τουτέστιν,
666 1127 761 1160 Οὐδείς
778 1122 812 1164 με
829 1127 897 1167 χρό-

90 1183 141 1205 νος
171 1172 308 1210 ἐμπλῆσαι
336 1171 459 1208 δύναται,
485 1172 544 1202 οὐδὲ
571 1171 717 1213 ἔμποιῆσαί
746 1183 792 1210 μοι
821 1173 896 1213 κόρον

91 1217 146 1251 τῆς
167 1216 272 1254 ὁμιλίας
295 1217 381 1254 ὑμῶν,
397 1215 547 1256 Ἀγαπητὸν
568 1211 613 1246 οὖν
639 1227 701 1256 μοι,
724 1215 769 1246 ἐὰν
785 1211 898 1257 μερικῶς

93 1261 175 1298 ὕμῖιὶν
192 1261 354 1298 ἐμπλησθῶ.

139 1318 152 1331 ι
167 1306 237 1336 Νυνὶ
252 1304 278 1334 δὲ
290 1304 439 1345 πορεύομαι
453 1306 489 1338 εἷς
504 1305 692 1346 Ἰερουσαλὴμ,
705 1306 833 1336 διακονῶν
844 1307 899 1340 τοῖς

92 1349 192 1390 ἆγίοις.
213 1351 367 1387 Εὖδόκησαν
388 1351 437 1391 γὰρ
453 1350 607 1381 Μακεδονία
627 1350 673 1379 καὶ
687 1350 782 1390 Ἀχαΐα
803 1362 898 1380 κοινω-

92 1394 157 1423 νίαν
174 1394 232 1424 τινὰ
247 1395 409 1431 ποιήσασθαι
425 1397 461 1429 εἷς
470 1395 529 1429 τοὺς
542 1393 665 1435 πτωχοὺς
678 1396 731 1424 τῶν
746 1394 829 1434 ἁγίων
845 1396 897 1425 τῶν

92 1441 122 1468 ἐν
146 1438 336 1479 Ἰερουσαλήμ.
353 1452 368 1467 ι
392 1439 545 1479 ’Υπέσχετο
563 1439 689 1479 ἀνωτέρω
712 1439 778 1479 πρὸς
803 1439 898 1473 αὐτοὺς

93 1484 217 1513 διελθεῖν·
241 1485 298 1513 ἐπεὶ
322 1484 349 1513 δὲ
372 1484 482 1522 ἔμελλεν
508 1483 691 1523 ἐμϐραῶναι,
712 1483 756 1513 ἵνα
783 1483 820 1523 μὴ
836 1484 897 1524 δόξῃ

93 1528 249 1582 ἕλευάζεινι
258 1528 350 1562 αὐτοὺς
359 1553 366 1565 ,
379 1529 459 1582 Ιλέγει
473 1529 518 1558 καὶ
530 1529 577 1582 τῂν
595 1529 682 1558 αἰτίαν
695 1529 729 1582 δι’
743 1528 776 1564 ἣν
795 1529 897 1582 ίμςρα-
911 1551 934 1582 C

92 1572 186 1607 δύνει,
202 1573 249 1602 καί
263 1585 360 1614 φησιν,
376 1573 416 1603 ὅτι
433 1586 449 1601 ιι
469 1573 624 1614 Πορεύομαι
644 1574 679 1608 εἰς
697 1573 892 1614 Ἰερουσαλὴμ,

92 1618 226 1647 διακονῶν
252 1619 305 1652 τοῖς
329 1618 422 1657 ἁγίοις.
448 1629 463 1647 ι>
491 1620 550 1648 Οὐκ
575 1613 664 1654 εἶπεν,
694 1617 894 1656 Ἐλεημοσύνας

92 1662 288 1702 ἀποκομίζων,
320 1663 408 1700 ἀλλὰ,
437 1674 452 1692 (ι
467 1664 604 1693 Διακονῶν
625 1671 632 1678 '
651 1674 666 1691 ι)
698 1662 742 1692 ἵνα
766 1663 894 1702 μάθωμεν

92 1706 189 1742 ἡλίκον
205 1707 250 1736 καὶ
273 1706 316 1748 ὑφ’
342 1703 373 1736 οὗ
395 1707 534 1746 γινόμενον
556 1707 587 1736 τὸ
608 1707 761 1747 γινόμενον,
784 1708 830 1737 καὶ
852 1708 894 1738 ὅτι

92 1751 177 1790 μέγα.
192 1752 242 1782 Διὰ
253 1752 280 1781 δὲ
291 1751 384 1782 τούτου
395 1751 573 1792 προτρέπεται
585 1752 630 1781 καὶ
639 1751 698 1786 τοὺς
708 1752 858 1790 Ῥωμαίους
867 1753 893 1772 ⁷⁵

92 1797 133 1830 εἰς
149 1797 342 1833 ἔλεημοσύνην.
358 1797 452 1837 Δέγων
466 1797 534 1836 γὰρ,
546 1796 586 1826 ὅτι
599 1810 611 1822 ι
630 1796 785 1833 Εὖδόκησαν
800 1799 894 1826 Μακε-

93 1840 172 1870 ὃονία
189 1842 234 1870 καὶ
253 1840 348 1881 Ἀχαία
358 1864 366 1878 ,
386 1853 400 1870 ι
423 1842 468 1871 καὶ
483 1842 515 1871 τὰ
530 1841 604 1878 ἑξῆς,
620 1842 698 1877 ζῆλον
713 1843 799 1874 αὐτοῖς
822 1842 893 1870 ἐντί-

90 1887 172 1920 θησιν
189 1887 224 1919 εἷς
238 1885 268 1915 τὸ
284 1886 453 1925 μιμήσασθαι
468 1886 584 1919 τούτους.
601 1886 640 1916 Τὸ
663 1885 708 1922 δὲ,
737 1897 750 1915 ι
776 1886 894 1922 Εὖδόκη-

92 1941 163 1966 σαν,
179 1931 238 1960 ἀντὶ
251 1933 295 1960 τοῦ
307 1953 314 1966 ,
330 1931 479 1967 ἠθέλησαν,
494 1932 592 1969 ἀγαθὸν
609 1930 733 1971 ἔκριναν,
748 1930 778 1959 τὸ
792 1931 894 1960 στεῖλαι

91 1974 232 2004 κοινωνίαν
257 1975 328 2005 τινά.
354 1977 501 2016 Πανταχοῦ
527 1975 556 2005 δὲ
580 1975 718 2005 κοινωνίαν
742 1976 819 2004 καλεῖ
845 1975 893 2011 τὴν

94 2019 294 2058 ἐλεημοσύνην,
333 2022 368 2054 ὡς
404 2023 491 2050 κοινοῦ
527 2022 572 2049 τοῦ
606 2019 713 2060 κέρδους
741 2019 813 2053 ὄντος
847 2019 893 2049 καὶ

91 2066 149 2093 τῶν
165 2064 191 2083 ⁷⁶
206 2064 343 2101 διδόντων,
358 2065 404 2094 καὶ
420 2066 471 2094 τῶν
486 2064 687 2103 λαμϐανόντων.
708 2079 721 2091 ιι
738 2064 807 2095 Τινὰ
820 2075 835 2093 ι)
854 2064 891 2102 δὲ,

92 2103 169 2138 εἶπεν
180 2131 189 2146 ,
202 2109 261 2138 ἀντὶ
276 2112 338 2146 τοῦ,
353 2108 451 2150 μικρὰν
461 2132 470 2147 ,
486 2109 529 2139 ἵνα
543 2109 581 2148 μὴ
596 2109 659 2149 δόξῃ
678 2114 732 2143 τοῖς
747 2108 893 2147 Ῥωμαίοις

92 2153 244 2190 ὀνειδίζειν,
268 2156 303 2188 ὥς
323 2155 458 2194 φειδωλοῖς
480 2154 526 2184 καὶ
552 2154 747 2190 ἀκοινωνήτοις.
777 2165 793 2183 α
811 2155 893 2184 Πτω-

91 2197 160 2237 χοὺς
174 2198 201 2227 δὲ
223 2200 275 2227 τῶν
295 2199 396 2238 ἁγίων,
412 2209 427 2228 ι
445 2199 580 2236 τουτέστι,
596 2200 649 2228 τῶν
668 2200 781 2229 πιστῶν.
802 2197 891 2228 Ὥστε

92 2243 195 2276 διπλῶς
209 2242 234 2260 ⁷⁷
251 2243 317 2277 ἄξιοι
328 2243 470 2280 ἐλεεῖσθαι,
489 2242 532 2273 διὰ
551 2243 597 2279 τὴν
616 2244 707 2274 πενίαν
724 2243 770 2273 καὶ
787 2242 831 2272 διὰ
843 2243 891 2279 τὴν

95 2286 206 2327 ἀρετήν.

141 2343 156 2361 α
177 2332 334 2368 Εὖδόκησαν
349 2332 418 2372 γὰρ,
433 2333 478 2362 καὶ
503 2332 636 2374 ὀφειλέται
660 2334 747 2362 αὐτῶν
766 2333 832 2362 εἰσιν
848 2344 854 2351 ·
870 2334 893 2362 εἰ

93 2376 146 2416 γὰρ
177 2377 204 2406 ἐν
230 2380 284 2410 τοῖς
311 2379 498 2416 πνευματικοῖς
527 2379 613 2407 αὐτῶν
652 2377 829 2412 ἐκοινώνησαν
859 2377 893 2406 τὰ

93 2421 156 2456 ἔθνη
170 2442 178 2456 ,
199 2421 334 2462 ὀφείλουσι
353 2421 400 2451 καὶ
427 2422 453 2451 ἐν
470 2422 523 2455 τοῖς
546 2427 682 2462 σαρκικοῖς
706 2423 894 2461 λειτουργῆσαι

94 2466 193 2499 αὐτοῖς.
214 2476 228 2494 )›
253 2465 355 2502 Οὐδὲν,
367 2466 450 2506 φησὶ,
470 2466 559 2496 καινὸν
572 2489 581 2506 ,
598 2467 620 2496 εἰ
635 2467 782 2503 εὖδόκησαν
800 2478 893 2495 κοινωο

94 2512 175 2545 νῆσαι
197 2514 252 2544 τοῖς
275 2510 359 2548 ἁγίοις
375 2523 383 2529 ·
407 2511 541 2552 ὀφειλέται
561 2511 613 2552 γὰρ
636 2512 722 2540 αὐτῶν
749 2511 810 2541 εἶσι.
840 2510 893 2540 Καὶ

94 2556 164 2596 πῶς,
181 2555 232 2585 Ἐκ
258 2557 311 2584 τῶν
333 2555 469 2585 Ἰουδαίων
491 2551 522 2592 ἦν
550 2558 564 2585 ὁ
588 2551 718 2596 Χριστὸς,
743 2556 778 2584 δι’
804 2555 895 2589 αὖτοὺς

94 2595 189 2636 ἦλθεν,
205 2601 303 2629 ἐκεῖθεν
320 2601 343 2629 οἱ
364 2600 526 2641 ᾇπόστολοι,
540 2601 563 2630 οἱ
585 2603 735 2641 προφῆται,
754 2599 843 2629 πάντα
859 2599 893 2629 τὰ

97 2644 191 2683 ἀγαθά.
218 2645 326 2674 Τούτων
351 2640 396 2674 οὗν
421 2644 548 2675 ἁπάντων
574 2640 779 2682 ἐκοινώνησενὴ
804 2645 893 2674 οἰκου-

97 2689 172 2727 μένη.
190 2688 357 2730 ὀφείλουσιν
381 2685 427 2720 οὖν
450 2689 531 2720 πάλιν
552 2690 713 2729 μεταδοῦναι
733 2689 821 2722 αὐτοῖς
841 2690 893 2718 τῶν

949 278 1008 305 viso
1034 284 1099 310 vos;
1117 284 1173 304 non
1193 275 1308 310 alicujus
1328 274 1396 303 alius
1421 274 1461 302 rei
1485 275 1581 310 gratia,
1604 275 1687 302 veluti
1715 274 1751 302 ob

948 322 1042 358 gloria:
1056 321 1243 357 cupiditatem.
1260 319 1375 352 Deinde,
1391 327 1425 347 ne
1439 318 1532 347 dicant
1547 319 1584 353 ei,
1595 320 1665 354 Quia
1678 320 1707 348 in
1721 320 1754 350 iis

947 366 1107 402 regionibus
1121 365 1187 394 nihil
1211 369 1272 393 erat
1285 364 1334 392 tibi
1361 363 1479 400 negotii,
1493 371 1544 392 nos
1572 364 1662 392 obiter
1675 365 1752 400 visis,

948 410 1050 439 infert:
1065 409 1244 438 Desiderium
1260 409 1344 437 habui
1360 413 1426 437 ante
1436 409 1542 437 multos
1553 416 1642 436 annos
1657 418 1664 437 :
1681 409 1752 438 desi-

948 455 1056 484 derium
1071 455 1123 483 hoc
1138 454 1251 490 implere
1268 453 1379 482 festino.
1400 454 1442 482 Ne
1456 461 1520 481 vero
1539 461 1635 481 rursus
1655 453 1752 482 inﬂen-

947 504 1003 533 tur,
1019 499 1094 536 quod
1107 500 1132 528 is
1144 507 1242 527 eorum
1257 498 1393 527 desiderio
1411 502 1563 532 teneretur,
1579 499 1657 534 quasi
1670 503 1753 527 cante-

948 545 985 573 ris
999 544 1128 573 omnibus
1147 544 1304 580 superiores
1316 547 1416 577 essent,
1438 542 1549 571 subdit:
1565 554 1579 568 α
1594 545 1635 572 Ut
1652 543 1675 572 si
1690 551 1753 579 pro-

949 589 1057 618 ﬁciscar
1081 589 1109 617 in
1136 589 1309 625 Hispaniam,
1336 588 1443 616 veniam
1464 587 1498 616 ad
1520 595 1579 616 vos.
1600 598 1614 615 η
1634 589 1674 616 Ne
1689 597 1754 616 vero

948 634 1048 662 iterum
1060 634 1167 668 dicant,
1183 633 1291 662 Itineris
1315 632 1428 661 auctarii
1444 633 1505 661 loco
1533 640 1589 662 nos
1607 632 1691 667 facis;
1704 633 1753 662 ad-

949 679 1039 707 didit:
1053 691 1065 703 -
1091 683 1145 707 eta
1162 678 1240 706 vobis
1260 677 1382 706 deducar
1406 677 1491 705 illuc:
1510 688 1524 702 »
1548 677 1601 706 hoc
1622 682 1674 711 est.
1706 686 1754 706 vos

950 723 1000 760 ipsi
1025 723 1173 760 conspicati
1194 723 1385 751 necessitatem
1405 726 1549 758 urgentem
1565 730 1609 750 me
1636 723 1672 751 ad
1693 722 1753 751 illos

950 768 1095 805 proﬁcisci,
1116 768 1261 796 deducturi
1289 767 1354 796 estis
1368 775 1424 795 me.
1441 767 1534 803 Quare
1557 775 1613 795 non
1639 775 1672 795 ex
1689 775 1755 795 con-

950 818 1067 849 temptu,
1081 813 1130 841 sed
1145 812 1301 841 necessario
1317 812 1451 840 transiero
1469 820 1527 839 vos.
1543 812 1683 848 Quoniam
1705 821 1755 840 au-

951 862 1009 886 tem
1032 858 1105 886 istud
1124 865 1171 886 eos
1197 857 1286 886 adhuc
1306 857 1392 893 magis
1417 857 1551 893 angebat,
1578 862 1655 885 sanat
1670 856 1754 891 illud,

953 902 1100 939 inquiens:
1114 914 1127 927 ι
1143 902 1172 930 Si
1187 902 1265 930 vobis
1279 902 1401 938 primum
1420 909 1454 928 ex
1473 905 1551 937 parte
1565 901 1645 929 fuero
1660 902 1753 938 exple-

953 952 1006 976 tus.
1021 959 1033 972 ν
1053 947 1162 976 lndicat
1175 951 1266 975 autem
1285 955 1314 975 se
1337 946 1501 974 charitatem
1525 946 1634 974 illorum
1645 954 1754 980 amare,

953 993 1035 1029 idque
1048 992 1221 1020 vehementer
1237 1001 1244 1020 :
1260 991 1376 1027 ideoque
1396 999 1454 1019 non
1469 991 1549 1024 dixit,
1565 991 1678 1025 videro;
1694 991 1753 1025 sed,

955 1049 967 1062 α
988 1037 1111 1073 expletus
1126 1036 1218 1067 fuero:
1240 1048 1252 1061 -
1270 1040 1415 1072 parentum
1429 1035 1513 1064 verba
1528 1035 1662 1064 imitatus.
1680 1048 1692 1060 ι
1713 1037 1754 1064 Ex

955 1086 1042 1118 parte,
1063 1085 1181 1110 nantem
1197 1081 1280 1115 dixit;
1302 1080 1356 1109 hoc
1372 1084 1427 1115 est,
1445 1080 1552 1108 nullum
1578 1088 1622 1108 me
1644 1085 1754 1116 tempus

953 1127 1072 1162 explere,
1104 1130 1154 1154 aut
1189 1130 1287 1154 vestrm
1323 1125 1463 1154 societatis
1497 1125 1650 1153 satietatem
1684 1125 1753 1153 mihi

952 1179 1047 1200 creare
1082 1175 1183 1207 potest.
1206 1171 1232 1199 Si
1261 1171 1354 1207 itaque
1370 1178 1404 1198 ex
1422 1174 1499 1206 parte
1528 1170 1605 1199 vobis
1627 1170 1755 1206 expletus

952 1215 1041 1251 fuero,
1057 1219 1210 1245 contentu
1226 1223 1285 1244 ero.

988 1308 1079 1335 Vsus.
1099 1309 1145 1341 25,
1156 1309 1200 1334 26.
1217 1319 1228 1331 ι
1245 1307 1323 1334 Nunc
1340 1311 1432 1335 autem
1452 1306 1611 1343 proﬁciscor
1626 1307 1753 1336 Hieroso-

953 1351 1026 1387 lyma
1039 1372 1048 1386 ,
1068 1351 1226 1380 ministrans
1249 1351 1358 1379 sanctis.
1382 1351 1486 1379 Placuit
1498 1351 1574 1379 enim
1588 1351 1756 1381 Macedoniae

953 1395 1105 1424 ctAchaiaa
1134 1396 1414 1424 communicationem
1435 1396 1584 1432 quamdam
1604 1395 1694 1424 facere
1726 1397 1753 1424 in

953 1448 1085 1476 pauperes
1108 1445 1216 1469 sanctos
1236 1441 1284 1477 qui
1309 1445 1373 1469 sunt
1392 1441 1419 1468 in
1439 1441 1606 1469 Jerusalem.
1629 1453 1641 1465 ιι
1666 1442 1753 1477 Supra

953 1485 1132 1521 pollicebatur
1146 1493 1175 1514 se
1195 1485 1230 1514 ad
1245 1486 1319 1522 ipsos
1339 1490 1555 1522 perventurum:
1574 1489 1602 1513 at
1623 1486 1753 1521 quoniam

951 1534 1130 1559 cunctaturns
1148 1535 1217 1565 erat,
1230 1539 1266 1559 ne
1276 1531 1414 1559 videretur
1434 1538 1481 1559 eos
1497 1530 1620 1565 irridere,
1639 1539 1751 1558 causam

948 1583 1036 1604 morae
1048 1583 1106 1604 sua;
1126 1575 1248 1612 exponit.
1267 1587 1278 1600 ι
1296 1575 1470 1608 Proﬁciscor,
1484 1575 1648 1611 «inquiens,
1665 1585 1678 1601 α
1693 1575 1758 1603 Hie-

946 1620 1094 1657 rosolyma,
1117 1621 1278 1649 ministrans
1290 1620 1402 1649 sanctis.
1419 1631 1432 1645 ›ι
1448 1621 1511 1648 Non
1525 1619 1613 1654 dixit,
1636 1620 1755 1648 eleemo-

947 1672 1044 1701 synam
1062 1673 1171 1694 mecum
1195 1669 1350 1702 asportans,
1365 1665 1432 1699 sed,
1459 1677 1472 1689 -
1492 1665 1652 1693 ministrans
1666 1673 1674 1692 :
1688 1676 1700 1689 υ
1726 1669 1757 1692 ut

947 1709 1085 1738 discamus
1102 1714 1234 1746 quantum
1253 1711 1297 1744 sit,
1325 1714 1353 1738 et
1365 1718 1381 1738 a
1403 1718 1458 1746 quo
1483 1709 1542 1744 ﬁat,
1559 1709 1632 1746 quod
1650 1708 1755 1737 factum

947 1758 998 1790 est,
1024 1759 1053 1782 et
1075 1762 1158 1790 quam
1177 1755 1304 1783 arduum.
1333 1755 1383 1783 Per
1407 1754 1460 1782 hoc
1485 1758 1579 1782 autem
1609 1755 1754 1782 Romanos

947 1798 1031 1827 etiam
1059 1798 1096 1826 ad
1112 1799 1316 1835 eleemosynam
1341 1799 1477 1827 hortatur.
1507 1801 1577 1828 Cum
1601 1799 1674 1827 enim
1695 1799 1735 1826 ait

949 1854 961 1866 ι
971 1843 1078 1871 Placuit
1083 1843 1253 1872 Macedoniae
1262 1847 1290 1871 et
1297 1843 1410 1871 Achaia:
1417 1864 1425 1877 ,
1432 1853 1446 1869 η
1460 1848 1526 1878 etc.,
1539 1837 1755 1872 aemulationem’

947 1887 986 1915 eis
1002 1887 1075 1915 indit
1092 1887 1126 1915 ad
1140 1888 1207 1916 istos
1222 1887 1385 1916 imitandos.
1406 1889 1505 1922 Porro,
1523 1900 1536 1912 σι
1554 1887 1680 1922 placuit»
1704 1888 1754 1921 eis,

947 1940 1008 1968 pro,
1023 1932 1175 1965 voluerunt,
1193 1932 1296 1960 bonum
1312 1937 1477 1961 censuerunt
1489 1933 1600 1960 mittere
1626 1939 1754 1960 commu—

947 1977 1111 2005 nicationem
1136 1977 1271 2013 aliquam.
1293 1978 1402 2013 Ubique
1429 1981 1523 2005 autem
1549 1977 1754 2013 eleemosynam

946 2021 1226 2050 communicationem
1248 2027 1338 2056 vocat,
1362 2022 1439 2059 quasi
1472 2023 1579 2050 lucrum
1607 2029 1754 2050 commune

945 2071 1017 2095 esset
1030 2074 1095 2095 cum
1105 2067 1232 2096 dantium
1243 2071 1304 2096 tum
1317 2068 1521 2104 accipientium.
1539 2078 1552 2092 α
1568 2066 1724 2104 Quamdam
1740 2078 1752 2091 ι

945 2116 1039 2140 autem
1061 2111 1141 2147 dixit,
1169 2120 1218 2149 pro
1239 2113 1385 2149 exiguam:
1416 2121 1451 2140 ne
1472 2111 1599 2140 videatur
1622 2111 1755 2140 Romanis

947 2156 1066 2192 objicere
1084 2156 1158 2193 quod
1191 2162 1220 2186 et
1249 2157 1321 2194 parci
1344 2157 1400 2186 sint
1424 2161 1453 2186 et
1477 2157 1631 2185 illiberales.
1654 2157 1754 2189 Porro,

949 2212 963 2225 ‹‹
985 2209 1117 2237 pauperes
1136 2207 1246 2230 sanctos
1262 2214 1275 2227 ι
1292 2202 1370 2237 dixit,
1386 2202 1438 2230 hoc
1459 2205 1512 2236 est,
1524 2201 1630 2230 ﬁdeles.
1658 2202 1699 2229 Ita
1724 2205 1756 2229 ut

947 2245 1051 2281 duplici
1079 2246 1184 2274 ratione
1212 2247 1392 2275 miseratione
1421 2246 1494 2282 digni
1522 2246 1592 2278 sint,
1631 2245 1754 2282 primum

950 2290 1130 2326 paupertatis,
1145 2290 1244 2320 deinde
1262 2299 1326 2319 vero
1346 2291 1455 2319 virtutis
1466 2291 1590 2319 nomine.

983 2336 1072 2364 Vsus.
1097 2338 1143 2364 27.
1162 2346 1176 2362 α
1190 2335 1297 2364 Placuit
1310 2335 1385 2364 enim
1399 2335 1456 2370 eis,
1471 2339 1499 2364 et
1525 2334 1665 2363 debitores
1690 2339 1756 2363 sunt

949 2380 1069 2408 illorum.
1083 2381 1154 2408 Nam
1171 2381 1193 2408 si
1212 2380 1396 2417 spiritualium
1415 2387 1514 2408 eorum
1526 2380 1671 2417 participes
1691 2379 1755 2409 facti

948 2429 1012 2453 sunt
1020 2425 1147 2461 gentiles,
1158 2425 1262 2454 debent
1269 2426 1327 2454 etin
1333 2425 1488 2454 carnalibus
1496 2425 1649 2453 ministrare
1660 2425 1710 2453 eis.
1739 2437 1752 2449 ιι

948 2469 1020 2498 Nihil
1038 2478 1152 2505 novum,
1168 2470 1265 2507 inquit,
1287 2470 1309 2499 si
1323 2470 1424 2499 sanctis
1437 2470 1643 2499 communicare
1657 2471 1752 2498 volue-

948 2520 1011 2543 runt
1038 2524 1045 2543 :
1068 2515 1206 2544 debitores
1230 2515 1305 2543 enim
1321 2515 1434 2544 illorum
1459 2519 1535 2543 sunt.
1561 2516 1652 2550 Ecqua
1682 2515 1753 2543 istuc

948 2560 1075 2589 ratione?
1099 2561 1138 2588 Ex
1162 2559 1265 2588 Iudaeis
1287 2564 1348 2589 erat
1372 2560 1505 2594 Christus,
1542 2563 1653 2595 propter
1679 2559 1753 2594 ipsos

950 2609 1074 2639 venerat;
1086 2605 1120 2633 ab
1134 2605 1188 2634 illis
1212 2605 1294 2634 etiam
1308 2605 1426 2640 apostoli
1449 2609 1477 2633 et
1493 2604 1646 2640 prophetae,
1663 2603 1746 2631 adeo-

947 2657 1001 2686 que
1017 2651 1098 2685 112
1112 2650 1207 2678 omnia
1220 2650 1301 2679 bona.
1327 2651 1435 2679 Horum
1456 2650 1540 2686 igitur
1551 2649 1676 2676 omnium
1693 2655 1754 2683 par-

947 2694 1033 2730 ticeps
1047 2694 1133 2724 lactus
1155 2699 1197 2724 est
1222 2695 1368 2724 universus
1382 2699 1518 2723 terrarum
1545 2693 1630 2723 orbis.
1644 2692 1755 2721 Debent

792 2734 887 2763 Variae
908 2734 1062 2765 lectiones.

132 2782 155 2801 ⁸⁸
169 2782 348 2820 ἐπιθυμοῦντος
360 2791 386 2812 ο.
422 2783 446 2801 ¹¹⁰
458 2786 507 2811 τῶν
518 2783 605 2811 ἄλλων
620 2783 681 2811 tam
696 2792 737 2813 m.
775 2783 795 2801 '"
810 2783 868 2819 πρὸς
883 2790 910 2811 ο.

102 2831 128 2852 0.
166 2823 188 2841 ⁷⁶
202 2823 290 2858 κοινὴν
304 2823 380 2852 οὖσαν
397 2825 440 2852 καὶ
453 2827 503 2852 τῶν
517 2833 543 2853 ο.
581 2824 603 2842 7"
618 2824 695 2861 διπλῇ
708 2833 735 2853 ο.

949 2783 971 2800 τ’
981 2784 1080 2820 ἀγάνην
1093 2792 1120 2813 ο.
1159 2784 1182 2802 ⁷³
1192 2785 1292 2816 τούτους
1306 2792 1334 2814 o.
1372 2784 1395 2802 ⁷⁵
1409 2784 1496 2816 αὖτούς
1512 2792 1540 2813 o.
1577 2783 1599 2801 ⁷⁵
1627 2781 1757 2817 Ἐϐραίους
