1881 3081
156 168 208 195 547

664 165 920 194 THEOPHYLACTI
940 166 1119 194 BULGARI/E
1137 165 1296 193 ARCHIEP.

1753 164 1799 191 548

155 230 248 266 itaque
275 233 368 266 gentes
400 228 518 257 carnalia
541 236 590 256 sua
614 228 687 257 bona
719 229 758 256 eis
795 228 952 265 impertiri:

1062 230 1146 259 ηκικῶν
1162 230 1268 268 ἀγαθῶν
1284 229 1307 257 οἳ
1320 227 1347 262 ἐξ
1367 228 1448 257 ἐθνῶν
1462 238 1468 246 ’
1487 226 1556 256 ὥστε
1579 225 1625 256 καὶ
1647 226 1731 264 ὓμιῑς.
1749 226 1800 256 οὐκ

155 274 270 310 proinde
293 278 322 302 et
346 281 404 302 vos.
425 275 487 302 Non
509 277 604 302 autem
627 273 705 308 dixit,
735 273 954 308 communicare,

155 319 216 353 sed,
234 330 247 344 ι
266 319 429 347 ministrare.
448 330 461 342 υ
487 319 517 346 In
543 318 641 347 ordine
662 318 736 346 enim
763 318 954 347 ministrorum

156 372 205 393 eos
226 363 382 392 collocavit.
404 365 462 392 Nec
483 363 563 397 dixit,
586 364 613 391 in
639 363 795 391 carnalibus
815 363 880 392 suis.
897 363 956 400 Spi-

156 409 264 437 ritualia
285 408 358 437 enim
379 408 541 437 Judmorum
556 416 614 436 esse
628 412 747 436 testatus
761 412 818 443 est;
836 408 955 436 carnalia

156 461 208 482 nec
223 453 348 490 gentium
362 453 487 489 quidem.
502 453 630 482 Pecuniae
641 460 760 489 namque
776 457 805 481 et
816 452 959 481 facultates

156 498 285 527 omnibus
297 501 364 526 sunt
385 505 559 533 communes,
579 505 631 526 nec
649 497 684 526 ad
699 505 872 534 possessores
899 501 960 526 tan-

157 547 218 572 tum
233 542 381 579 pertinent.

192 589 278 616 Vnus.
295 590 340 616 :8.
358 599 371 612 σι
394 588 456 615 Hoc
471 587 555 624 igitur
575 587 622 615 ubi
643 587 796 624 perfecero,
813 591 896 624 atque
909 587 959 616 ob-

157 633 296 669 signavero
311 632 364 660 illis
377 632 499 660 fructum
520 632 604 660 hunc.
617 644 631 657 υ
648 632 678 660 ld
691 637 744 666 est,
764 633 849 660 simul
864 640 896 660 ac
908 640 959 660 ceu

156 677 184 705 in
206 677 279 714 regia
298 676 486 713 promptuaria
509 677 676 713 deposuero,
693 677 775 705 veluti
798 677 827 705 in
841 677 916 713 asylo
933 681 961 705 et

160 722 221 750 loco
241 725 321 750 tuto:
338 721 499 757 hujusmodi
516 722 590 750 enim
606 725 670 750 sunt
691 729 752 758 quae
772 721 961 758 obsignantur.

161 778 173 790 -
191 768 321 795 Fructum
338 778 351 790 ι-
379 771 474 794 autem
493 766 621 802 appellat,
655 766 800 795 ostendens
828 774 876 802 per
899 767 963 801 hoc,

159 819 209 839 eos
224 811 271 848 qui
293 810 363 839 dant
375 811 466 847 potius
476 811 583 839 lucrari.

195 867 208 880 ι
235 855 394 884 Proﬁciscar
415 863 463 892 per
487 863 535 884 vos
556 856 585 883 in
612 855 778 892 Hispaniam.
807 867 821 881 ι
853 857 961 884 Rursus

1010 269 1067 303 εἶπε
1091 274 1136 310 δὲ,
1152 274 1342 310 Κοινωνῆσαι,
1359 272 1430 302 ἀλλὰ
1441 294 1449 308 ,
1478 282 1493 300 ιι
1509 272 1705 311 Λειτουργῆσαι
1717 283 1723 288 -
1747 281 1761 299 n
1779 271 1802 299 ἒν

1009 318 1081 353 τάξει
1096 319 1148 358 γὰρ
1162 317 1292 348 διακόνων
1315 316 1408 351 αὐτοὺς
1424 316 1598 352 κατέστησεν.
1608 310 1677 346 γοῦκ
1689 310 1747 345 εἶπε
1761 314 1799 351 δὲ,

1010 363 1058 393 Ἐν
1077 367 1130 398 τοῖς
1154 368 1293 403 σαρκικοῖς
1309 363 1408 403 αὐτῶν.
1425 362 1470 392 Τὰ
1491 360 1540 400 μὲν
1563 360 1614 400 γὰρ
1636 360 1799 398 πνευματικὰ

1011 411 1063 438 τῶν
1078 401 1215 438 ’Ῑουδαίών
1241 402 1314 437 εἶπεν
1339 401 1426 436 εἶναι·
1453 405 1486 435 τὰ
1513 405 1540 434 δὲ
1566 404 1698 444 σαρκικὰ,
1721 404 1803 434 οὐκέτι

1011 455 1064 482 τῶν
1085 454 1205 482 ἐθνικῶν.
1226 452 1269 483 Τὰ
1292 451 1344 492 γὰρ
1367 451 1497 492 χρήματα
1524 449 1600 480 κοινὰ
1619 449 1747 487 πάντων,
1763 449 1802 478 καὶ

1013 497 1042 527 οὗ
1057 499 1110 527 τῶν
1126 497 1240 538 ἐχόντων
1258 496 1347 536 μόνον.

1055 600 1067 614 «ι
1079 588 1168 618 Τοῦτο
1180 581 1223 616 οὖν
1238 585 1411 622 ἐπιτελέσας,
1427 585 1473 615 καὶ
1487 583 1704 625 σφραγισάμενος
1723 585 1803 616 αὐτοῖς

1015 631 1058 661 τὸν
1084 632 1186 671 καρπὸν
1209 633 1313 662 τοῦτον.
1332 643 1347 659 ν
1375 630 1534 666 Τουτέστιν,
1560 630 1595 663 ὡς
1622 630 1660 662 εἰς
1683 629 1803 668 βασιλικὰ

1015 680 1112 716 ταμεῖα
1134 676 1310 715 ἀποθέμενος,
1335 677 1370 709 ὣς
1391 676 1418 705 ἐν
1443 674 1534 715 ἄσύλῳ
1555 673 1602 704 καὶ
1624 674 1740 713 ἀσφαλεῖ
1757 684 1806 712 χω-

1017 721 1064 762 ρίῳ
1077 733 1084 740 ’
1097 724 1208 762 τοιαῦτα
1227 720 1279 761 γὰρ
1294 720 1328 750 τὰ
1346 720 1555 761 σφραγιζόμενα.
1573 731 1586 746 ι
1599 718 1653 749 Τὸν
1670 718 1770 758 καρπὸν
1792 730 1803 744 ι

1018 760 1060 802 θλ,
1086 760 1159 803 εἶπε,
1180 765 1280 799 δεικνὺς
1302 760 1396 798 αὖτοῦς
1423 766 1524 804 μᾶλλον
1548 763 1726 804 κερδάνοντας
1753 761 1805 794 τοὺς

1019 810 1148 844 διδόντας,

1064 867 1080 885 α
1093 855 1288 894 Ἂπελεύσομαι
1309 855 1336 874 ⁷⁸
1351 855 1387 884 δι’
1409 855 1484 892 ὑμῶν
1498 855 1534 887 εἷς
1557 852 1605 889 τὴν
1623 851 1770 883 Ἱσπανίαν.
1795 863 1805 878 ι

158 901 300 936 Hispania:
321 900 493 928 mentionem
521 899 600 934 facit,
630 901 748 929 innuens
775 901 958 929 necessariam

1062 901 1108 930 ἱλιν
1134 900 1267 940 μέμνηται
1290 902 1336 936 τῆς
1354 898 1506 935 Ἱσπανίας,
1529 897 1645 935 δεικνὺς,
1671 897 1713 927 ὅτι
1732 899 1807 935 ἄναγ-

159 945 212 973 sibi
231 953 264 973 eo
285 945 370 973 fuisse
393 944 615 981 profectionem,
642 945 771 982 quodque
797 953 854 974 non
880 945 962 974 veluti

160 989 234 1026 ipsos
254 989 406 1026 despiciens
428 991 551 1018 Romam
573 994 728 1026 praetereat.

195 1036 288 1063 Vsus.
299 1037 344 1063 29.
373 1046 386 1059 ι
406 1035 467 1063 Scio
481 1039 573 1064 autem
584 1035 660 1071 quod
681 1035 793 1063 veniens
812 1035 847 1064 ad
856 1043 917 1069 vos,
936 1035 964 1063 in

159 1079 327 1116 plenitudine
332 1079 533 1108 benedictionis
542 1080 682 1116 Evangelii
704 1080 807 1108 Christi
818 1080 938 1108 veniam.
947 1090 962 1107 ν

161 1125 223 1152 Hoc
246 1128 297 1158 est,
325 1124 424 1153 videbo
448 1132 497 1153 vos
532 1125 664 1153 omnibus
692 1125 863 1161 Evangelicis
886 1125 967 1154 bonis

161 1169 302 1204 probatos.
313 1169 515 1198 Plenitudinem
526 1177 648 1206 namque
659 1169 857 1198 benedictionis
875 1171 965 1198 Evan-

163 1214 237 1250 gelii,
252 1214 345 1242 omnia
363 1214 434 1242 bona
444 1214 636 1243 benedictione
648 1214 742 1251 digna,
759 1214 813 1243 hoc
826 1214 965 1249 est,|aude

163 1267 224 1295 qua:
245 1263 334 1286 estex
358 1259 520 1295 Evangelio,
543 1259 669 1295 appellat.
695 1261 776 1287 Potes
801 1263 894 1288 autem
918 1267 968 1295 per

163 1303 386 1332 benedictionem
399 1303 554 1340 intelligere
569 1303 786 1340 eleemosynam,
799 1308 831 1332 ut
849 1305 886 1332 sit
902 1312 966 1332 sen-

163 1348 271 1376 tentia:
299 1348 439 1376 lnveniam
463 1356 512 1376 vos
536 1348 672 1384 perfectos
694 1349 721 1376 in
742 1349 918 1385 eleemosyna
940 1353 968 1377 et

164 1393 347 1421 humanitate.
363 1393 431 1421 Haec
446 1400 510 1421 vero
529 1392 596 1421 dicit
608 1401 804 1430 praeoccupans
825 1394 910 1430 ipsos,
937 1397 968 1422 ut

163 1445 194 1466 ea
222 1438 346 1466 encomia
381 1437 502 1471 reveriti,
531 1436 596 1465 dent
621 1445 749 1474 operam,
778 1442 810 1466 ut
830 1438 901 1466 tales
929 1438 969 1466 vi-

164 1481 290 1510 deantur.

197 1527 288 1555 Vens.
308 1529 353 1554 80.
378 1537 391 1550 κ
419 1525 541 1554 Obsecro
565 1530 661 1554 autem
688 1534 747 1561 vos,
771 1526 886 1561 fratres,
915 1535 965 1563 per

1017 946 1081 975 καίοι
1098 947 1170 986 αὐτῷ
1193 948 1210 982 ἡ
1236 946 1321 975 ἐκεῖσε
1345 944 1415 981 ὁδὸς,
1430 943 1475 973 καὶ
1494 943 1534 972 ὅτι
1549 944 1600 983 οὐχ
1618 944 1653 976 ὥς
1680 953 1806 982 καταφρο·

1016 992 1067 1020 νῶν
1083 992 1169 1020 αὐτῶν
1183 990 1350 1030 παρέρχεται
1365 988 1413 1025 τὴν
1426 988 1549 1027 Ῥώμην.

1063 1047 1077 1064 ι(
1091 1031 1161 1066 Οἶδα
1174 1034 1201 1065 δὲ
1214 1034 1254 1064 ὅτι
1270 1034 1413 1075 ἐρχόμενος
1430 1033 1496 1073 πρὸς
1506 1034 1590 1072 ὑμᾶς,
1607 1034 1633 1062 ἐν
1650 1031 1807 1072 πληρώματι

1014 1079 1133 1119 εὐλογίας
1150 1082 1195 1110 τοῦ
1218 1079 1381 1119 Εὖαγγελίου
1401 1081 1448 1108 τοῦ
1473 1079 1591 1118 Χριστῶ
1614 1077 1772 1115 ἐλεύσομαι.
1794 1086 1806 1104 ι

1017 1125 1175 1161 Τουτέστιν,
1189 1122 1311 1164 Ὀψομαι
1325 1125 1395 1163 ὑμᾶς
1407 1125 1433 1153 ἐν
1447 1127 1527 1152 πᾶσιν
1544 1123 1747 1161 εὐδοκιμοῦντας
1760 1121 1807 1154 τοῖς

1019 1170 1125 1208 ἀγαθοῖς
1139 1170 1164 1195 7⁹
1179 1169 1248 1199 κατὰ
1271 1169 1301 1199 τὸ
1318 1168 1489 1207 Εὖαγγέλιον.
1509 1167 1650 1208 Πλήρωμα
1670 1167 1723 1206 γὰρ
1739 1166 1808 1196 εὔλο-

1019 1214 1125 1254 γίαςτοῢ
1134 1213 1298 1254 Εὖαγγελίου
1314 1213 1391 1243 καλεῖ
1401 1212 1488 1243 πάντα
1502 1211 1534 1242 τὰ
1546 1212 1633 1249 ἀγαθὰ
1649 1211 1682 1241 τὰ
1698 1210 1757 1245 ἄξια
1768 1211 1808 1245 τῆς

1020 1259 1155 1298 εὐλογίας,
1179 1258 1313 1293 τουτέστι,
1329 1260 1375 1287 τοῦ
1396 1257 1504 1287 ἐπαίνου
1519 1259 1566 1286 τοῦ
1589 1257 1658 1286 κατὰ
1681 1257 1712 1286 τὸ
1730 1256 1811 1294 Εὔαγ-

1019 1304 1115 1342 γέλιον·
1131 1303 1241 1333 δύνασαι
1255 1302 1283 1332 δὲ
1297 1302 1417 1341 εὐλογίαν
1439 1301 1487 1338 τὴν
1508 1301 1692 1339 ἐλεημοσύνην
1709 1301 1812 1337 νοῆσαι,

1020 1348 1062 1377 ἶνα
1131 1350 1145 1377 ὁ
1160 1348 1237 1388 λόγος
1254 1348 1346 1387 αὐτῷ,
1369 1346 1409 1376 ὅτι
1435 1346 1550 1386 Εὗρήσω
1571 1347 1640 1384 ὑμᾶς
1661 1345 1775 1377 τελείους
1790 1345 1812 1373 ἐν

1022 1392 1183 1432 έλεημοσύνῃ
1199 1393 1243 1422 καὶ
1265 1390 1462 1433 φιλανθρωπίᾳ.
1488 1392 1582 1421 Ταῦτα
1607 1390 1633 1419 δὲ
1656 1389 1730 1428 λέγει
1754 1400 1813 1428 προ·

1021 1437 1236 1476 καταλαμϐάνων
1259 1436 1369 1474 αὖτοὺς,
1386 1435 1430 1465 ἵνα
1450 1435 1613 1468 αἰδεσθέντες
1628 1434 1662 1464 τὰ
1679 1433 1813 1473 ἐγκώμια,

1021 1482 1190 1512 σπουδάσωσι
1205 1484 1318 1512 τοιοῦτοι
1333 1482 1453 1522 ὀφθῆναι.

1062 1537 1077 1556 α
1090 1528 1246 1566 Παρακαλῶ
1259 1527 1286 1556 δὲ
1308 1529 1376 1564 ὑμᾶς
1386 1548 1394 1562 ,
1410 1524 1537 1566 ἀδελφοὶ,
1555 1524 1598 1553 διὰ
1611 1523 1637 1541 ⁸ο
1652 1526 1700 1553 τοῦ
1718 1523 1814 1562 Κυρίου

165 1571 315 1598 Dominum
338 1573 466 1598 nostrum
492 1571 587 1598 Jesum
608 1571 750 1600 Christum
771 1575 799 1600 et
822 1579 871 1608 per
892 1572 962 1600 dile-

1062 1573 1094 1601 ῶν
1107 1571 1198 1608 Ἰησοῦ
1215 1573 1341 1612 Χριστοῦ,
1354 1570 1400 1600 καὶ
1417 1570 1461 1600 διὰ
1479 1572 1526 1606 ἧς
1540 1569 1646 1608 ἀγάπης
1663 1570 1714 1598 τοῦ
1729 1566 1813 1614 Hirtii:

163 1615 282 1643 ctionem
301 1615 429 1650 Spiritus.
446 1627 459 1640 ι)
476 1617 620 1651 Nusquam
635 1617 758 1652 seipsum
776 1616 832 1645 ﬁde
847 1616 961 1654 dignum

165 1663 252 1694 putat,
263 1659 311 1688 sed
323 1659 491 1687 mediatores
501 1660 627 1694 assumit,
641 1660 753 1696 perinde
766 1669 798 1689 ac
808 1662 961 1690 etiamnum

164 1703 306 1732 Christum
326 1708 355 1732 et
370 1704 512 1740 Spiritum.
535 1705 620 1741 Atqui
644 1705 729 1733 Patris
744 1713 801 1734 non
824 1706 959 1742 meminit,

164 1752 195 1775 ut
217 1747 307 1776 discas
327 1748 402 1784 quod
419 1756 509 1784 neque
531 1749 643 1785 quando
658 1751 746 1778 Patris
773 1751 858 1779 solius
882 1759 962 1779 men-

166 1793 272 1821 tionem
285 1792 388 1828 fecerit,
404 1793 506 1823 Filium
519 1797 546 1822 et
564 1795 698 1830 Spiritum
719 1795 833 1832 rejiciat.
857 1807 871 1820 «
887 1796 963 1824 Dile-

164 1837 285 1866 ctionem
299 1850 310 1862 ι
327 1846 410 1875 porro
425 1850 438 1864 α
451 1839 579 1875 Spiritus,
596 1851 610 1864 ν
623 1840 700 1868 dixit.
719 1840 962 1875 Quemadmodum

165 1882 239 1911 enim
258 1884 340 1912 Pater
353 1888 382 1913 et
406 1883 490 1912 Filius
503 1884 622 1913 dilexere
642 1885 790 1920 mundum,
804 1886 843 1914 sic
856 1890 885 1914 et
902 1886 965 1922 Spi-

167 1928 246 1956 ritus.

203 1984 216 1997 «
226 1974 267 2001 Ut
272 1973 407 2009 adiuvetis
413 1981 457 2002 me
466 1974 494 2001 in
505 1974 677 2002 orationibus
683 1983 733 2010 pro
740 1982 786 2003 me
794 1975 829 2004 ad
837 1977 935 2004 Deum.
948 1988 960 2000 ι»

166 2018 288 2045 Maxima
309 2017 395 2045 animi
409 2017 531 2054 dejectio
556 2023 583 2046 et
597 2026 707 2047 summa
731 2023 773 2047 est
797 2019 961 2056 humiliatio,

165 2061 239 2097 quod
251 2061 288 2089 ait
301 2061 424 2096 indigere
439 2069 468 2090 se
487 2062 586 2090 horum
600 2063 768 2098 precatione.

202 2107 290 2134 Vens.
308 2108 352 2133 31.
372 2117 384 2130 κ
400 2106 440 2134 Ut
453 2106 554 2134 liberer
568 2107 602 2135 ab
616 2106 773 2136 infidelibus
787 2108 832 2144 qui
855 2114 918 2137 sunt
936 2111 964 2138 in

165 2150 270 2179 Judaea.
288 2161 302 2175 ι
318 2152 381 2179 Non
396 2150 476 2183 dixit,
496 2155 527 2178 ut
542 2159 605 2179 cum
627 2152 680 2180 illis
693 2152 844 2187 conﬂicter,
861 2158 889 2182 et
906 2155 963 2183 vin-

166 2203 228 2223 cam
250 2202 307 2230 eos,
323 2195 382 2230 sed,
405 2206 418 2219 ιι
434 2199 466 2223 ut
488 2195 599 2230 liberer,
621 2207 635 2221 »
659 2196 782 2225 divinam
803 2198 891 2235 legem
910 2199 965 2228 im-

167 2239 254 2276 plens,
282 2247 344 2276 quae
358 2247 439 2269 orare
461 2240 539 2277 jubet
560 2248 596 2269 ne
616 2241 645 2269 in
660 2242 840 2272 tentationem
863 2244 966 2273 incida-
979 2258 1005 2290 D

167 2292 238 2312 mus.
262 2286 398 2314 Przeterea
420 2285 540 2314 ostendit
558 2285 632 2322 quod
652 2286 688 2315 sit
701 2289 884 2317 necessarium
910 2289 964 2317 mi-

167 2329 286 2357 nistrare
304 2329 359 2358 illis
372 2330 420 2366 qui
433 2330 463 2358 in
476 2330 568 2359 medio
582 2335 625 2360 tot
646 2331 851 2362 incredulorum
865 2333 967 2370 degant

167 2377 193 2407 (a
206 2373 306 2410 quibus
323 2378 352 2402 et
361 2374 419 2411 ipse
433 2374 541 2403 liberari
560 2379 693 2412 exoptat),
713 2377 748 2406 de
765 2378 866 2415 quibus
883 2379 966 2408 etiam

169 2418 322 2454 periculum
341 2419 388 2454 sit,
404 2428 440 2448 ne
453 2419 527 2448 fame
541 2426 662 2457 pereant.

206 2475 218 2488 α
236 2464 331 2500 thue
344 2464 532 2494 ministerium
553 2473 647 2495 meum
662 2474 726 2504 erga
748 2468 903 2497 Jerusalem
921 2476 965 2497 ac-

169 2507 304 2544 ceptabile
320 2509 366 2537 fiat
388 2510 500 2538 sanctis.
517 2522 530 2535 ν
544 2511 606 2539 Hoc
622 2515 673 2546 est,
687 2517 717 2540 ut
734 2513 814 2549 113
829 2520 893 2542 cum
911 2513 965 2542 aln~

169 2554 266 2582 critate
278 2554 413 2590 accipiant
430 2563 493 2592 quae
514 2556 553 2584 eis
575 2555 685 2585 dantur.
702 2557 776 2586 Hinc
794 2562 887 2586 autem
902 2566 966 2595 per-

168 2598 292 2635 spicuum
304 2603 357 2633 est,
377 2600 450 2636 quod
467 2599 534 2628 dare
548 2602 763 2638 eleemosynam,
780 2610 837 2631 non
849 2602 966 2632 sufﬁciat

170 2647 201 2672 ut
215 2648 325 2681 accepta
342 2645 387 2673 sit.
403 2644 521 2680 Quando
535 2645 608 2673 enim
637 2647 807 2676 neccessario
831 2648 966 2685 quispiam

206 2711 220 2730 ἰ
235 2715 336 2743 Matth.
352 2722 394 2750 vt,
411 2719 454 2745 43.

1018 1627 1110 1655 ματος.
1126 1628 1140 1645 ν
1158 1611 1286 1655 Οὐδαμοῧ
1309 1615 1460 1650 ἀξιόπιστον
1485 1614 1578 1644 ἑαυτὸν
1600 1615 1727 1652 ἡγεῖται,
1749 1611 1814 1642 ἀλλὰ

1017 1660 1126 1700 μεσίτας
1148 1660 1357 1702 παραλαμϐάνει
1370 1669 1377 1676 ⁸
1399 1659 1491 1700 ὥσπερ
1504 1659 1536 1695 δὴ
1556 1658 1602 1688 καὶ
1617 1661 1663 1688 ν’ὗν
1686 1658 1732 1688 τὸν
1746 1657 1813 1702 Χρι-

1016 1706 1076 1736 στὸν
1092 1706 1180 1736 καὶτὸ
1198 1707 1320 1745 Πνεῦμα.
1342 1706 1398 1736 Τοῦ
1420 1703 1510 1743 μέντοι
1534 1702 1642 1743 Πατρὸς
1661 1703 1690 1732 οὗ
1717 1701 1815 1741 μέμνη-

1015 1763 1073 1788 ται,
1097 1751 1140 1780 ἵνα
1168 1751 1273 1790 μάθῃς,
1299 1749 1339 1780 ὅτι
1362 1751 1416 1780 οὐδ’
1441 1749 1504 1778 ὅταν
1528 1750 1577 1778 τοῦ
1606 1747 1714 1786 Πατρὸς
1740 1746 1815 1784 μόνου

1017 1796 1150 1835 μέμνηται
1160 1795 1198 1832 ⁸⁴,
1222 1795 1266 1825 τὸν
1283 1794 1347 1826 Υῐὸν
1367 1795 1411 1824 καὶ
1431 1794 1461 1824 τὸ
1486 1791 1715 1835 Πνεῦμαμᾶθετεῖ.
1735 1804 1747 1818 ι
1763 1792 1817 1825 Τῆς

1017 1832 1122 1880 άγάπης
1140 1853 1151 1866 ι
1171 1839 1199 1870 δὲ
1227 1854 1239 1867 α
1266 1842 1312 1870 τοῦ
1341 1838 1517 1878 Πνεύματος,
1544 1848 1559 1866 n
1587 1832 1657 1868 εἷπε.
1690 1835 1815 1880 Καθάπερ

1016 1879 1068 1925 γὰρ
1082 1887 1095 1914 δ
1110 1885 1204 1924 Πατὴρ
1216 1885 1262 1914 καὶ
1274 1886 1288 1914 ὃ
1309 1884 1373 1917 Υἱὸς
1394 1883 1538 1924 ἠγάπησαν
1553 1882 1597 1912 τὸν
1613 1881 1716 1920 κόσμον
1727 1903 1736 1919 ,
1752 1879 1816 1910 οὕτω

1019 1930 1064 1959 καὶ
1078 1930 1108 1959 τὸ
1124 1931 1238 1968 Πνεῦμα
1246 1952 1253 1960 .

1062 1986 1077 2004 ει
1103 1973 1328 2014 Συναγωνίσασθέ
1352 1985 1397 2012 μοι
1430 1973 1457 2002 ἐν
1479 1972 1537 2006 ταῖς
1564 1971 1728 2012 προσευχαῖς
1754 1969 1816 2014 iii-rip

1018 2019 1082 2057 ἐμοῦ
1108 2013 1241 2060 πρὸςντὸν
1265 2018 1345 2049 Θεόν.
1377 2033 1387 2044 n
1417 2016 1540 2056 Μεγίστη
1570 2013 1812 2056 ταπεινοφροσύνῃ,

1019 2064 1059 2093 ὅτι
1074 2062 1145 2102 λέγει
1158 2065 1204 2099 τῆς
1221 2063 1320 2093 τούτων
1341 2063 1442 2092 δεῖσθαι
1458 2062 1550 2102 εὐχῆς.

1064 2119 1079 2137 α
1099 2107 1159 2138 Ἵνα
1185 2109 1273 2147 ῥυσθῶ
1298 2108 1351 2137 ἀπὸ
1374 2109 1424 2136 τῶν
1451 2105 1629 2135 ἀπειθούντων
1649 2104 1676 2132 ἓν
1755 2103 1815 2133 Ἰου-

1019 2152 1092 2193 δαίᾳ.
1113 2165 1127 2180 ι)
1145 2154 1205 2183 Οὐκ
1220 2149 1309 2190 εἶπεν,
1325 2151 1384 2182 Ἴνα
1404 2151 1555 2189 συμπλακῶ
1569 2174 1576 2187 ,
1596 2149 1642 2178 καὶ
1657 2148 1758 2184 νικήσω
1773 2147 1817 2175 αὖ·

1019 2197 1091 2234 τοὺς,
1110 2197 1198 2234 ἀλλὰ,
1219 2196 1313 2235 (ιιἽνα
1336 2197 1444 2237 ῥυσθῶ,
1461 2206 1476 2225 n
1496 2197 1565 2225 θεῖον
1591 2193 1671 2231 νόμον
1693 2192 1815 2232 πληρῶν,

1019 2242 1063 2272 τὸν
1093 2242 1311 2281 διακελευόμενον
1337 2241 1462 2281 εὔχεσθαι
1487 2238 1526 2279 μὴ
1547 2241 1673 2278 ἐμπεσεῖν
1701 2239 1739 2271 εἰς
1759 2247 1816 2281 mt-

1022 2287 1132 2327 ρασμόν.
1151 2280 1276 2325 Ἄμαδὲ
1300 2286 1345 2316 καὶ
1379 2280 1527 2322 δείκνυσιν,
1553 2284 1594 2313 ὅτι
1621 2280 1816 2327 ἀναγκαῖον-τὸ

1019 2321 1177 2368 διακονῆσαι
1203 2333 1256 2365 τοῖς
1281 2332 1307 2361 ἐν
1338 2330 1412 2370 μέσῳ
1440 2328 1572 2359 τοσούτων
1602 2328 1718 2357 ἀπειθῶν
1748 2321 1816 2355 οὖσιν

1023 2371 1076 2415 (ὧν
1092 2376 1136 2406 καὶ
1152 2376 1230 2410 αὐτὸς
1245 2378 1372 2417 poscam
1393 2369 1534 2415 εὔχεται),
1550 2373 1596 2403 καὶ
1617 2371 1727 2413 προσέτι
1749 2369 1816 2410 λιμῷ

1022 2421 1190 2451 ἀπόλλυσθαι
1205 2420 1386 2451 κινδυνεύουσι
1398 2419 1436 2451 ⁸².

1066 2477 1080 2495 (ι
1097 2466 1152 2496 Καὶ
1165 2465 1209 2495 ἵνα
1225 2468 1241 2502 ἡ
1257 2465 1379 2496 διακονία
1403 2475 1454 2503 μου
1477 2466 1493 2500 ἡ
1519 2464 1555 2497 εἷς
1574 2459 1754 2502 Ἰερουσαλὴμ
1775 2459 1814 2503 εὖ·

1019 2510 1178 2551 πρόσδεκτος
1201 2511 1309 2550 γένηται
1333 2511 1386 2542 τοῖς
1414 2509 1507 2548 ἁγίοις.
1545 2519 1558 2536 a
1593 2506 1752 2551 Τουτέστιν,
1776 2502 1816 2551 ἵνα

1021 2550 1088 2594 μετὰ
1111 2555 1257 2596 προθυμίας
1285 2553 1465 2589 ἀποδέξωνται
1491 2553 1524 2582 τὰ
1550 2552 1686 2590 διδόμενα.
1711 2550 1816 2596 Ἐντεῦ-

1021 2593 1062 2630 θεν
1078 2600 1105 2630 δὲ
1120 2593 1212 2638 δῆλον,
1237 2601 1278 2630 ὅτι
1293 2601 1339 2629 οὐκ
1364 2599 1441 2638 ἀρκεῖ
1461 2598 1489 2628 τὸ
1515 2598 1603 2628 δοῦναι
1620 2593 1817 2634 ἐλεημοσύνην,

1021 2647 1056 2679 ὡς
1071 2645 1101 2675 τὸ
1115 2646 1253 2686 δεχθῆναι.
1271 2644 1359 2674 Ὅταν
1379 2644 1430 2683 γὰρ
1456 2642 1524 2682 μετὰ
1541 2641 1660 2681 ἀνάγκης
1684 2651 1723 2673 τις
1746 2649 1815 2677 παρ-

862 2754 954 2785 Variae
976 2756 1124 2786 lectiones.

207 2812 229 2831 ’⁷³
253 2814 417 2852 ἐπελεύσομαι
432 2823 469 2843 m.
508 2814 531 2832 ‘9
547 2816 600 2847 τοῖς
614 2814 718 2852 ἀγαθοῖς
732 2819 784 2848 τοῖς
797 2825 836 2845 m.
876 2818 898 2834 ⁸ο
913 2820 956 2851 τῆς
969 2817 1075 2854 ἀγάπης.
1116 2817 1138 2836 εί
1155 2818 1253 2855 μνησθῇ
1269 2825 1296 2846 ο,
1334 2816 1357 2834 θ’
1367 2815 1538 2844 κινδυνεύσασι
1550 2822 1580 2845 o.
