1881 3081
47 150 96 179 549

482 145 658 176 EXPOSITIO
675 147 709 176 ΙΝ
729 147 832 176 EPIST.
853 147 898 176 AD
917 146 1001 176 ROM.
1024 163 1056 167 —
1069 147 1145 175 CAP.
1166 146 1236 175 XVI.

1631 150 1684 177 550

47 214 92 253 ἔχῃ
103 235 111 249 ,
127 213 190 242 ὅταν
205 211 230 246 ἐξ
244 211 362 248 ἀδικίας,
383 211 446 241 ὅταν
466 211 530 251 πρὸς
551 212 700 245 κενοδοξίαν
711 235 719 250 ,
741 211 829 241 πάντα
849 213 867 244 Α

927 210 1006 241 hibet,
1021 209 1132 246 quando
1147 218 1179 237 ex
1202 209 1311 245 injuria,
1330 210 1439 246 quando
1462 211 1496 239 ad
1517 211 1684 240 ostentatio-

46 258 158 298 οἷχιται,
171 258 215 287 καὶ
229 259 244 286 ὁ
258 259 288 287 ἐκ
302 257 399 287 τούτων
416 257 517 297 καρπὸς
530 256 694 297 ἀφανίζεται.

85 344 167 377 (Ἵνα
194 347 220 375 ἐν
245 350 318 386 χαρᾷ
343 346 410 374 ἔλθω
436 345 501 385 πρὸς
523 347 593 384 ὑμᾶς
617 345 660 374 διὰ
685 344 832 383 θελήματος

47 392 122 421 Θεοῦ.
138 401 154 420 ι
183 390 234 421 Διὰ
260 392 353 424 τοῦτο,
378 390 457 430 φησὶ,
486 392 615 430 ῥυσθῆναι
634 389 763 430 εὔχομαι,
788 389 832 419 ἵνα

46 435 141 475 ταχέως
163 437 233 474 ὕμᾶς
251 435 300 464 ἴδω
310 456 318 471 ,
334 435 379 464 καὶ
396 436 454 473 μεθ’
470 436 584 471 ἡδονῆς,
611 434 745 474 μηδεμίαν
761 435 830 463 ἐκεῖ·

47 484 84 510 θεν
96 480 281 521 ἐπισυρόμενος
295 479 422 517 ἀθυμίαν.

85 580 100 598 ι
112 568 165 599 Καὶ
178 569 425 608 συναναπαύσωμαι
440 568 511 607 ὑμῖν.
533 580 546 597 ι
563 568 624 598 Οὖκ
640 563 713 602 εἷπε,
729 568 834 602 Διδάξω

48 616 123 652 inde,
145 613 191 643 καὶ
213 614 380 654 κατηχήσω,
397 612 486 649 ἀλλὰ,
514 624 529 641 α
558 613 812 652 Συναναπαύσωμαι
825 624 832 632 ·

46 658 187 696 τουτέστιν,
202 657 297 697 Ὑμεῖς
312 658 371 697 ἐμοὶ
395 657 438 687 διὰ
462 657 510 693 τὴν
536 657 728 694 διδασκαλίαν,
759 657 834 696 κάγὼ

46 705 100 739 ὑμῖν
114 703 156 733 διὰ
174 703 223 738 τὴν
245 705 293 739 ἧς
308 703 423 736 πίστεως
449 703 578 732 ἐπίδοσιν.
607 702 730 732 Διίκνυσι
747 703 774 731 δὲ
789 701 832 731 διὰ

47 751 86 783 τῆς
99 748 189 782 λέξεως
208 747 326 784 ταύτης,
349 748 389 777 ὅτι
407 749 511 786 ἀγῶνας
534 746 639 786 ἔχοντες
655 747 700 775 καὶ
721 747 831 782 πόνους,

47 793 86 822 καὶ
98 793 172 826 αὐτὸς
188 792 234 822 καὶ
253 793 329 822 αὐτοὶ
343 792 486 832 χρῄζουσιν
502 792 687 825 ἀναπαύσεως.

84 895 98 910 ι
113 882 147 913 Ὁ
170 882 198 912 δὲ
226 882 295 916 Θεὸς
318 884 365 918 τῆς
390 881 494 922 ιῖρήνης
517 881 585 920 μετὰ
612 881 718 911 πάντων
744 883 829 920 ὁμῶν.
847 877 869 908 Β

49 927 132 966 Ἀμήν.
146 938 161 956 lt
180 929 271 958 Τοῦτο
282 930 421 967 πανταχοῦ
437 926 493 960 ἔθος
509 927 595 967 αὐτῷ,
611 926 690 967 εὐχὴν
703 928 835 956 ποιεῖσθαι

48 973 88 1002 καὶ
145 972 305 1012 παραινέσει
319 972 502 1012 προστιθέναι.

322 1044 469 1075 ΚΕΦΛΔ.
491 1043 557 1081 IC'.

87 1131 100 1149 ιι
114 1120 265 1158 Συνίστημι
288 1119 315 1149 δὲ
338 1121 400 1158 ὓμῖν
422 1118 528 1155 Φοίϐην
549 1118 598 1155 τὴν
616 1118 732 1159 ἀδελφὴν
747 1119 836 1156 ὑμῶν,

48 1165 157 1195 διάκονον
180 1160 266 1194 οὖσαν
280 1167 327 1200 τῆς
342 1163 506 1200 Ἐκκλησίας
525 1165 573 1199 ἧς
594 1164 620 1193 έν
645 1165 802 1203 Κεγχρεαῖς.
820 1173 834 1192 ι

50 1209 150 1246 Ἐπειδὴ
166 1210 236 1245 αὕτη
253 1205 286 1246 ἧν
307 1208 496 1247 διακομίζουσα
518 1208 566 1244 τὴν
582 1207 758 1243 Ἐπιστολὴν,
774 1218 837 1236 συν-

51 1257 103 1294 ιστᾷ
117 1256 195 1291 αὐτὴν
212 1256 315 1288 αὐτοῖς.
343 1252 472 1292 Σεμνύνει
493 1253 520 1282 δὲ
536 1253 634 1289 ταύτην
645 1275 653 1289 ,
675 1252 720 1282 καὶ
735 1251 776 1281 διὰ
791 1253 836 1282 τοῦ

50 1298 148 1338 πρώτης
173 1301 341 1338 μνησθῆναι,
361 1297 407 1327 καὶ
430 1297 474 1327 διὰ
491 1301 538 1327 τοῦ
562 1298 679 1338 ἀδελφὴν
703 1296 834 1335 ὀνομάσαι

51 1336 80 1382 (8
90 1343 153 1383 μέγα
172 1336 277 1383 ἆξίωμα
284 1343 305 1384 ),
319 1344 366 1372 καὶ
379 1342 422 1372 διὰ
434 1345 481 1372 τοῦ
496 1342 615 1372 διάκονον
630 1336 710 1371 οὖσαν
727 1340 822 1376 διῖξαι.

89 1488 104 1506 α
125 1475 182 1508 Ἵνα
207 1476 295 1514 αὒτὴν
317 1477 495 1517 προσδέξησθε
521 1477 547 1506 ἐν
569 1475 661 1517 Κυρίῳ
685 1475 761 1510 ἀξίως
787 1477 838 1505 τῶν

53 1521 133 1560 ἁγίων.
149 1536 160 1548 ι
173 1512 404 1559 ΤουτέστινξΛιὰ
418 1512 462 1551 τον
483 1521 580 1562 Κύριον
595 1512 727 1559 τιμῆσητε
742 1519 835 1556 αὐτήν.
852 1512 875 1544 c

53 1565 82 1596 Ὁ
92 1567 140 1607 γὰρ
151 1567 194 1597 διὰ
207 1567 255 1596 τὸν
275 1569 372 1608 Κύριον
387 1566 526 1608 δεχόμενος
546 1566 592 1595 καὶ
612 1565 656 1595 τὸν
680 1565 774 1605 μικρὸν
792 1577 837 1604 μι-

53 1606 131 1649 γάλως
142 1617 216 1652 τιμᾷ·
240 1611 288 1642 ἐὰν
301 1606 328 1641 δέ
344 1612 390 1641 καὶ
413 1611 477 1651 ἇγία
497 1606 532 1651 ᾗ,
546 1611 636 1650 πολλῷ
661 1611 763 1648 μᾶλλον
774 1621 782 1629 ⁸
798 1610 838 1640 διὸ

53 1656 202 1695 προσέθηκεν
214 1668 221 1675 ·
235 1670 248 1683 ι
263 1655 354 1690 Ἀξίως
368 1657 421 1686 τῶν
434 1655 532 1696 ἁγίων,
547 1666 562 1684 n
580 1654 726 1690 τουτέστιν,
749 1656 784 1689 ὥς
798 1656 838 1685 δεῖ

52 1700 103 1734 τοὺς
116 1701 202 1740 ἆγίους
220 1700 410 1741 ὓποδέχισθαι.

91 1801 104 1818 ιι
117 1791 170 1821 Καὶ
195 1792 354 1831 παραστῆτε
370 1792 453 1830 αὐτῇ,
471 1791 497 1820 ἐν
513 1785 535 1830 ᾧ
552 1789 585 1819 ἂν
603 1791 677 1828 ὑμῶν
699 1790 839 1829 πράγματι

52 1835 138 1876 χρῄζῃ.
155 1847 168 1864 ι)
187 1835 352 1875 Τουτέστιν,
364 1834 425 1866 Ἵνα
440 1835 474 1864 τὰ
488 1834 554 1876 παρ’
569 1836 644 1872 ὑμῶν
658 1834 838 1874 εἷσενέγχητε,

53 1874 91 1909 καὶ
110 1874 185 1920 χεῖρα
205 1880 326 1922 ὄρίξητε.
344 1874 386 1911 Οὔ
403 1879 455 1920 γὰρ
478 1874 568 1917 εἶπέν,
582 1879 644 1909 Ἵνα
669 1878 840 1916 ἇπαλλοίξητι

54 1925 136 1961 αὐτήν.

91 1981 104 1999 ιι
119 1971 172 2000 Καὶ
185 1970 238 2010 γὰρ
263 1969 330 2007 αὕτη
353 1969 497 2010 προστάτις
517 1969 623 2010 πολλῶν
649 1967 778 2009 ἐγενήθη,
795 1968 841 1998 καὶ

53 2016 110 2051 ἐμοῦ
133 2008 252 2045 abso-6:»
281 2008 416 2055 Ἐπῄνέσι
444 2015 567 2054 πρῶτον,
591 2008 651 2043 εἶτα
675 2013 774 2043 τέθεικε
793 2013 842 2050 τὴν

53 2059 212 2098 παράκλησιν
230 2059 317 2098 μέσην
333 2070 339 2077 ·
355 2055 412 2089 εἶτα
428 2059 509 2090 πάλιν
531 2058 564 2088 τὰ
589 2058 709 2097 ἐγκώμια
719 2081 728 2093 ,
751 2058 841 2088 ἑκατέ-

55 2106 110 2141 ρωθι
136 2105 256 2144 σφίγγων
278 2103 326 2140 τὴν
354 2104 419 2144 πρὸς
444 2103 476 2134 τὸ
501 2105 612 2142 τιμῆσαι
632 2102 714 2139 αὐτὴν
731 2111 844 2143 προτρο-

54 2147 110 2183 πήν.
127 2148 164 2179 ⁸³.
182 2160 197 2178 (ι
210 2148 363 2189 Πρωτᾶτις
380 2162 392 2175 ι
407 2147 469 2189 γὰρ,
482 2148 547 2189 φησὶ
557 2171 566 2188 ,
583 2161 595 2175 ι
610 2148 715 2177 πολλῶν
730 2147 845 2187 ἐγένετο,

55 2192 94 2221 καὶ
105 2193 168 2232 ἐμοῦ
184 2195 288 2231 αὗτοῧ,
312 2207 324 2220 ν
339 2195 386 2223 τοῦ
405 2192 519 2234 κήρυκος
539 2195 587 2229 τῆς
609 2191 780 2232 οἰκουμένης,
799 2195 844 2222 τοῦ

55 2240 160 2268 τοσαῦτα
182 2238 323 2271 παθόντος.

92 2295 104 2308 ι
120 2281 291 2312 Ἀσπάσασθε
318 2282 486 2323 Πρίσκιλλαν
505 2282 550 2312 καὶ
574 2281 686 2312 Ἀκύλαν
709 2281 768 2315 τοὺς
783 2293 845 2311 συν-

55 2325 135 2365 εργούς
161 2339 212 2366 μου
243 2329 271 2356 ἔν
295 2328 405 2367 Χριστῷ
426 2327 524 2363 Ἰησοῦ.
541 2338 557 2356 n
587 2326 763 2366 Συνήργησᾶν
787 2338 846 2365 μοι,

55 2371 139 2409 φησὶν,
155 2372 182 2401 ἐν
204 2373 244 2412 τῷ
266 2371 337 2412 λόγῳ
355 2371 401 2401 καὶ
465 2372 625 2412 διδασκαλία
641 2371 677 2408 ⁸⁴,
692 2371 738 2400 καὶ
758 2371 845 2401 πόνων

56 2415 96 2444 καὶ
117 2415 243 2446 κινδύνων
268 2416 388 2455 ἐγένοντο
411 2416 541 2447 κοινωνοί.
563 2417 642 2450 Τινὲς
657 2415 684 2445 δὲ
708 2415 846 2456 συνεργοὺς

57 2459 153 2495 τούτους
167 2463 202 2496 ὥς
217 2460 392 2498 σκηνοποιοὺς
407 2462 453 2491 καὶ
468 2461 563 2495 αὐτοὺς
578 2461 654 2495 ὄντας
667 2460 791 2497 ἐνόησαν.

94 2560 106 2576 ε
123 2548 227 2584 Οῐτινες
241 2549 310 2591 ὑπὲρ
324 2551 372 2586 τῆς
386 2551 474 2591 ψυχῆς
489 2562 541 2589 μου
555 2550 599 2580 τὸν
621 2551 722 2591 ἑαυτῶν
745 2550 846 2590 τράχη-

58 2593 97 2621 λον
113 2594 260 2631 ὖπέθηκαν.
278 2590 301 2621 ιν
314 2590 454 2636 Μάρτυρες
476 2595 671 2635 ἀπηρτισμέναι
695 2590 766 2625 οὗτοι
781 2607 788 2614 ·
803 2595 847 2625 καὶ

60 2637 105 2677 γὰρ
119 2639 160 2680 ἐπὶ
174 2640 299 2679 Νέρωνος
314 2639 403 2680 μυρίοι
419 2641 443 2669 οἱ
459 2639 584 2671 κίνδυνοι.

96 2695 107 2709 ι
119 2678 166 2718 Οἶς
181 2678 229 2714 οὐκ
244 2684 297 2724 ἐγὼ
314 2678 391 2723 μόνος
415 2686 567 2725 εὐχαριστῶ
578 2707 586 2721 ,
608 2684 677 2713 ἀλλὰ
699 2684 744 2714 καὶ
763 2688 850 2714 πᾶσαι

61 2726 86 2754 αἱ
107 2727 268 2765 Ἐκκλησίαι
284 2731 336 2759 τῶν
360 2731 456 2760 ἐθνῶν.
483 2742 495 2756 ι
518 2729 653 2760 Ἐνταῦθα
680 2729 729 2766 τὴν
752 2728 850 2770 φιλοξε-

887 263 961 289 nem,
986 258 1084 283 cuncta
1105 259 1230 291 pereunt,
1256 258 1337 290 atque
1352 254 1453 283 horum
1472 256 1597 284 omnium
1623 256 1683 284 fru~

885 305 946 328 ctus
967 300 1113 328 evanescit.

921 345 1008 373 Vsns.
1034 347 1078 372 32.
1097 356 1109 368 α
1124 344 1165 372 Ut
1184 352 1250 372 cum
1275 344 1374 380 gaudio
1390 344 1497 372 veniam
1519 344 1552 373 ad
1572 352 1620 373 vos
1639 353 1686 380 per

887 389 1054 418 voluntatem
1069 389 1123 417 Dei.
1139 399 1151 412 -
1161 389 1321 424 Propterea,
1336 389 1435 425 inquit,
1447 389 1555 417 liberari
1565 393 1641 425 opto,
1655 393 1686 417 ut

885 435 941 462 cito
968 442 1017 462 vos
1031 433 1151 468 videam,
1175 437 1204 461 et
1226 441 1289 462 cum
1312 433 1467 470 voluptate,
1492 433 1595 462 nullam
1623 434 1686 462 inde

886 479 1025 508 tristitiam
1047 477 1222 506 contrahens.

923 582 935 595 σι
957 570 993 598 Et
1002 569 1145 606 refrigerer
1156 569 1310 598 vobiscum.
1328 580 1342 594 ι
1356 570 1418 598 Non
1432 569 1514 604 dixit,
1525 573 1556 598 ut
1570 576 1618 598 vos
1633 569 1686 597 do-

886 623 964 643 ceam
974 619 1057 651 atque
1067 614 1221 649 instituam,
1233 613 1292 647 sed,
1306 626 1318 638 α
1331 613 1476 651 refrigerer
1490 615 1633 643 vobiscum
1649 623 1654 642 :
1671 626 1683 638 -

888 659 940 688 hoc
963 663 1014 693 est,
1039 663 1070 687 ut
1093 667 1141 687 vos
1155 659 1266 695 quidem
1291 659 1319 686 in
1339 667 1384 687 me
1396 660 1558 687 recreemini
1576 667 1623 695 per
1635 659 1686 687 do-

888 704 1015 737 ctrinam,
1031 711 1062 731 ac
1077 711 1128 739 ego
1143 703 1170 731 in
1183 703 1261 731 vobis
1285 707 1398 740 propter
1411 703 1472 732 ﬁdei
1486 708 1584 732 vestrae
1599 704 1687 732 incre-

886 753 1023 776 mentum.
1036 749 1174 776 Monstrat
1191 751 1284 775 autem
1299 755 1348 783 per
1357 747 1509 776 dictionem
1520 748 1601 783 hanc,
1613 749 1687 784 quod

886 793 1086 822 certaminibus
1100 801 1132 820 ac
1147 792 1286 820 laboribus
1298 791 1483 826 defessi,cum
1494 793 1552 828 ipse
1566 797 1625 820 tum
1650 793 1689 820 illi

887 837 1084 866 refocillatioue
1100 837 1254 873 indigeant.

918 883 1007 911 Vns.
1027 885 1070 911 33.
1087 893 1099 906 α
1118 884 1193 910 Deus
1216 885 1310 910 autem
1332 882 1407 918 pacis
1424 882 1461 909 sit
1478 889 1542 910 cum
1558 882 1688 910 omnibu

889 927 976 955 vobis.
993 929 1091 956 Amen.
1115 938 1129 951 ι
1152 927 1264 962 Ubique
1284 926 1454 955 consuetudo
1477 931 1520 954 est
1544 925 1690 962 Apostolo,

891 971 1076 1008 precationem
1093 970 1280 999 adhortationi
1293 977 1440 1006 apponere.

1182 1049 1304 1077 CAPUT
1319 1048 1398 1076 XVI.

926 1127 1016 1154 Vens.
1033 1128 1058 1153 1.
1075 1136 1088 1149 ι
1102 1123 1276 1154 Commendo
1291 1129 1387 1153 autem
1398 1123 1476 1152 vobis
1490 1124 1606 1153 Phaeben
1616 1131 1692 1152 soro-

891 1179 949 1198 rem
968 1174 1102 1205 nostram,
1124 1178 1187 1206 qua:
1201 1174 1242 1198 est
1260 1169 1286 1197 in
1314 1169 1465 1198 ministerio
1481 1170 1610 1198 Ecclesia:
1629 1176 1692 1206 qua

891 1220 933 1243 est
946 1216 973 1243 in
984 1215 1126 1244 Cenchris.
1142 1224 1157 1241 io
1168 1214 1238 1249 Quia
1251 1214 1310 1243 haec
1318 1218 1445 1243 matrona
1457 1214 1609 1250 Epistolam
1621 1215 1692 1243 hanc

890 1258 1100 1293 afferebat,ideo
1108 1266 1168 1287 eam
1178 1258 1358 1287 commendat
1365 1259 1439 1295 ipsis.
1451 1260 1586 1288 Peculiari
1598 1265 1691 1288 autem

892 1303 963 1331 hanc
976 1303 1083 1331 honore
1097 1303 1238 1337 afﬁcit,et
1253 1303 1327 1339 quod
1341 1303 1432 1339 primo
1448 1303 1508 1332 loco
1524 1304 1693 1332 mentionem

892 1346 953 1383 ejus
974 1346 1049 1382 facit,
1067 1351 1097 1375 et
1111 1355 1159 1383 per
1179 1347 1230 1375 hoc
1253 1347 1327 1383 quod
1341 1355 1466 1376 sororem
1491 1348 1609 1384 appellat
1623 1350 1694 1384 (quae

893 1391 987 1428 ingens
1001 1399 1068 1420 sane
1081 1397 1123 1420 est
1137 1392 1283 1428 dignitas),
1306 1396 1333 1420 et
1352 1400 1400 1428 per
1414 1392 1467 1420 hoc
1481 1392 1554 1428 quod
1573 1391 1695 1420 ostendit

893 1445 956 1466 eam
986 1437 1144 1466 ministram
1165 1437 1263 1466 fuisse.

928 1484 1015 1511 Vsss.
1036 1485 1062 1511 2.
1080 1495 1093 1507 ι
1108 1483 1147 1511 Ut
1158 1483 1246 1519 ipsam
1262 1482 1401 1519 accipiatis
1425 1482 1454 1511 in
1468 1482 1591 1510 Domino
1612 1481 1694 1518 digne

892 1528 1003 1557 sanctis.
1035 1540 1048 1553 ιι
1077 1529 1140 1556 Hoc
1162 1532 1220 1563 est,
1242 1533 1273 1556 ut
1292 1533 1405 1564 propter
1432 1528 1587 1556 Dominum
1609 1527 1695 1564 ipsam

892 1573 1041 1602 honoretis.
1057 1573 1110 1607 Qui
1135 1573 1212 1601 enim
1227 1574 1385 1609 quempiam
1401 1571 1528 1609 quamvis
1549 1573 1692 1608 exiguum,

892 1622 1002 1654 propter
1012 1618 1165 1646 Dominum
1180 1617 1305 1654 suscipit,
1318 1617 1420 1654 ingenti
1434 1616 1538 1645 honore
1548 1616 1676 1653 dignatur
1686 1625 1692 1644 :

891 1663 934 1690 sin
948 1670 1013 1691 vero
1032 1666 1061 1690 et
1078 1666 1174 1690 sancta
1198 1661 1297 1696 fuerit,
1319 1661 1408 1690 multo
1428 1661 1525 1698 magis.
1544 1662 1695 1697 Propterea

892 1707 1001 1743 adiecit,
1028 1718 1040 1730 α
1061 1707 1142 1742 digne
1164 1707 1280 1742 sanctis,
1302 1718 1316 1732 ι
1338 1706 1366 1735 id
1387 1710 1438 1741 est,
1459 1705 1696 1742 quemadmodum

893 1751 1020 1780 convenit
1031 1756 1140 1780 sanctos
1154 1752 1301 1788 suscipere.

931 1809 943 1821 α
968 1798 1005 1825 Et
1030 1797 1166 1825 assistatis
1189 1797 1213 1825 ei
1231 1797 1259 1824 in
1285 1804 1449 1833 quocunque
1476 1797 1587 1833 negotio
1614 1795 1698 1824 vestri

894 1842 1050 1878 indiguerit.
1067 1854 1079 1866 υ
1096 1843 1157 1870 Hoc
1170 1845 1221 1876 est,
1231 1846 1260 1869 ut
1274 1845 1362 1870 vestra
1377 1842 1400 1869 ei
1415 1840 1551 1874 offeratis,
1566 1848 1697 1868 manum-

894 1895 947 1924 que
968 1887 992 1915 ei
1011 1886 1165 1923 porrigetis.
1187 1887 1248 1915 Non
1263 1886 1340 1914 enim
1354 1886 1433 1920 dixit,
1449 1890 1479 1914 ut
1492 1885 1643 1914 dimittatis
1656 1885 1697 1920 ip-

895 1940 969 1960 sam.

933 1989 946 2001 οι
963 1976 1072 2005 Etenim
1087 1975 1145 2012 ipsa
1160 1976 1248 2004 astitit
1259 1974 1354 2003 multis
1365 1978 1393 2003 et
1408 1974 1476 2002 mihi
1486 1973 1548 2010 ipsi.
1567 1985 1579 1999 ι
1592 1972 1698 2009 Impri-

896 2023 950 2051 mis
964 2020 1166 2050 commendavit
1188 2021 1278 2057 ipsam
1287 2041 1295 2055 ,
1310 2019 1408 2049 deinde
1422 2019 1643 2048 exhortationem
1656 2017 1699 2045 in-

896 2067 1039 2103 terposuit,
1055 2075 1087 2095 ac
1103 2065 1195 2094 denuo
1214 2065 1289 2094 addit
1307 2064 1450 2098 encomia;
1475 2063 1698 2092 exhortationem

899 2119 976 2139 suam
990 2119 1042 2147 qua
1054 2114 1150 2139 monet
1164 2118 1220 2145 eos,
1238 2113 1268 2138 ut
1274 2109 1413 2138 honorem
1422 2107 1603 2142 illideferant,
1615 2106 1700 2135 utrin-

859 2147 884 2179 Ι)
900 2163 953 2192 que
964 2155 1088 2192 cingens.
1102 2167 1114 2179 ι
1127 2154 1224 2183 Astitit
1233 2166 1246 2179 ι
1255 2154 1341 2188 enim,
1353 2153 1453 2189 inquit,
1466 2164 1477 2177 ιι
1496 2152 1601 2185 multis,
1618 2163 1630 2175 ι»
1641 2151 1699 2179 imo

902 2212 914 2225 ‹ι
934 2204 962 2228 et
983 2200 1052 2228 mihi
1064 2199 1127 2236 ipsi,
1144 2211 1157 2224 ιο
1173 2199 1260 2228 totius
1274 2198 1350 2227 orbis
1363 2197 1496 2235 praeconi,
1515 2201 1556 2226 tot
1568 2199 1700 2232 tantaque

902 2254 993 2282 passo.

936 2291 1025 2319 Vnns.
1037 2292 1062 2318 3.
1078 2301 1091 2314 ι
1105 2289 1229 2318 Salutate
1251 2287 1404 2317 Priscillam
1420 2291 1447 2315 et
1464 2286 1609 2323 Aquilam,
1623 2285 1701 2322 adju-

901 2338 976 2363 tores
990 2341 1067 2362 meos
1080 2333 1108 2361 in
1129 2333 1236 2361 Christo
1262 2333 1338 2360 Jesu.
1355 2343 1368 2355 ι
1384 2330 1463 2365 Mihi,
1489 2330 1590 2366 inquit,
1603 2337 1702 2365 coope-

901 2379 953 2407 rati
977 2382 1041 2406 sunt
1062 2378 1092 2406 in
1115 2378 1198 2406 verbo
1221 2380 1249 2404 et
1265 2376 1294 2404 in
1319 2375 1454 2409 doctrina,
1478 2374 1662 2411 laborumque
1676 2377 1703 2402 et

900 2423 1081 2460 periculorum
1096 2422 1160 2451 facti
1173 2425 1237 2450 sunt
1248 2420 1402 2457 participes.
1418 2419 1548 2448 Nonnulli
1569 2426 1702 2456 coopera-

902 2467 959 2496 rios
982 2468 1049 2497 istos
1071 2468 1276 2501 intellexerunt,
1295 2470 1429 2502 tanquam
1447 2465 1497 2502 ipsi
1511 2464 1703 2494 tabernaculo-

902 2521 965 2541 rum
979 2516 1100 2541 textores
1118 2515 1221 2541 essent.

941 2554 963 2588 ι
970 2553 1118 2590 ιᾷνιιιιε.
1128 2557 1156 2582 4.
1172 2564 1185 2577 ι
1192 2552 1244 2587 Qui
1256 2559 1308 2588 pro
1316 2551 1409 2580 anima
1422 2558 1484 2579 mea
1491 2558 1571 2579 suam
1580 2549 1705 2586 ipsorum

903 2597 1037 2626 cervicem
1047 2600 1261 2634 supposuerunt.
1281 2608 1293 2621 ιι
1301 2596 1338 2624 Hi
1346 2599 1425 2624 erant
1432 2594 1546 2632 perfecti
1557 2597 1702 2630 martyres.

903 2644 976 2670 Nam
990 2643 1040 2670 sub
1050 2644 1160 2671 Nerone
1171 2642 1315 2670 innumera
1327 2641 1446 2677 pericula
1459 2638 1651 2672 imminebant.

943 2698 956 2713 η
970 2687 1075 2723 Quibus
1089 2695 1145 2716 non
1160 2695 1209 2723 ego
1222 2687 1298 2715 solus
1311 2686 1412 2723 gratias
1431 2693 1493 2722 ego,
1506 2691 1602 2712 verum
1622 2682 1707 2710 etiam

905 2740 1001 2760 omnes
1020 2732 1151 2761 Ecclesiae
1174 2731 1307 2768 gentium.
1330 2742 1344 2756 ιι
1370 2728 1592 2766 Hospitalitatem
1608 2733 1705 2755 eorum

752 2774 848 2803 Varia
868 2774 1022 2803 lectiones.

97 2810 117 2829 ⁸³
129 2813 255 2849 προκοπήν
279 2821 308 2843 ο.
348 2814 371 2835 ⁸⁵
385 2817 428 2849 τῆς
441 2815 602 2848 διδασκαλίας
615 2823 642 2844 0.
