1881 3081
209 153 256 180 551

713 151 971 180 THEOPHYLACTI
992 151 1170 180 BULGARLE
1189 150 1346 180 ARCHIEP.
1808 151 1852 178 552

207 215 250 244 hic
259 216 414 245 adumbrat.
431 217 472 244 Ne
487 215 561 244 enim
577 223 624 251 per
638 215 824 244 adulationem
843 215 902 244 haec
910 215 975 244 dice]

1093 227 1116 244 ιν
1136 217 1222 245 αὐτῶν
1238 213 1392 244 αἰνίττεται.
1415 213 1477 243 Ἷνα
1491 213 1542 252 γὰρ
1563 212 1602 251 μὴ
1619 212 1680 253 δόξῃ
1706 213 1852 242 κολακεύων

205 261 339 295 videatur,
354 260 484 297 producit
503 260 587 289 etiam
601 259 670 288 alios
694 260 797 289 multos
818 263 912 288 testes.

242 306 332 334 Vsus.
344 307 371 333 5.
389 316 400 329 ιι
416 306 451 333 Et
471 305 620 333 Eeclesiam
645 312 706 340 quae
722 308 764 332 est
777 305 806 332 in
822 304 907 333 domo
928 305 1004 340 ipso-

205 358 277 378 rum.
296 361 307 375 ι
328 350 364 378 Hi
383 349 453 378 adeo
468 349 576 386 probati
598 348 722 382 fuerunt,
742 353 772 377 ut
797 353 886 377 totam
906 357 1002 377 eorum

207 395 339 423 familiam
357 394 448 423 ﬁdeles
476 393 600 422 fecerint.
622 395 713 421 Hosce
741 393 815 422 enim
851 394 1002 422 Ecclesiam

204 439 365 468 nominavit.
381 438 455 473 Quin
476 438 560 466 etiam
583 442 694 474 propter
708 437 930 474 hospitalitatem
942 438 1002 467 haec

203 484 280 513 dicit.
298 484 352 513 Ubi
365 484 438 512 enim
463 483 552 511 multa
567 483 653 519 pietas
678 487 720 511 est
733 486 762 511 et
775 483 876 517 virtus,
901 482 1003 511 domus

204 529 250 558 illa
273 528 392 557 Ecclesia
406 528 518 557 dicitur.
544 527 665 556 Audiant
690 527 780 564 itaque
801 527 829 561 ii,
846 527 892 564 qui
906 527 1003 556 matri-

205 574 298 602 monio
322 573 487 610 junguntur,
503 572 579 609 quod
595 572 629 601 iis
649 571 686 600 ad
700 572 830 600 virtutem
847 572 921 601 istud
943 580 1001 600 non

203 623 245 648 est
266 618 476 655 impedimento.

241 675 254 688 ι
270 663 390 692 Salutate
413 664 575 698 Epaenetum
595 662 726 691 dilectum
750 669 860 696 meum,
886 662 934 698 qui
961 666 1002 690 est

203 708 331 744 primitim
360 707 471 736 Achaiae
494 708 524 735 in
548 707 670 736 Christo.
689 718 702 731 ι
719 708 850 743 Magnum
874 714 939 734 sane
961 711 1002 734 est

203 753 288 782 Paulo
309 753 441 781 dilectum
462 759 533 786 esse.
560 752 606 788 qui
626 760 690 780 cum
702 751 817 787 judicio,
840 756 866 779 et
889 760 944 779 non
966 751 1001 780 ad

202 798 318 834 gratiam
329 805 422 826 amare
438 797 527 825 novit.
540 797 679 824 Primitias
692 800 788 824 autem
803 796 894 832 ipsum
903 796 999 832 appel-

203 843 252 876 lat,
271 842 311 870 vel
326 841 400 878 quod
413 841 518 877 primus
533 840 659 875 credidit,
676 840 841 876 principium
858 844 886 868 et
900 840 1002 877 ingres-

203 895 249 915 sus
262 885 352 914 factus
372 885 408 914 ad
423 885 507 914 ﬁdem
520 886 655 914 universae
667 884 752 921 genti,
767 885 809 912 vel
825 884 899 921 quod
912 885 1000 921 maio-

202 939 261 959 rem
276 938 334 967 praa
357 931 464 959 caeteris
488 930 619 966 pietatem
641 933 916 958 commonstraverat.
931 930 999 958 Pro-

201 979 292 1012 pterea
310 975 396 1009 dixit,
423 986 436 1000 α
454 975 502 1011 qui
519 979 561 1003 est
584 975 710 1010 primitiae
725 974 754 1002 in
776 974 900 1009 Christo,
917 985 929 999 ι
946 973 999 1003 hoc

200 1024 251 1053 est,
264 1027 322 1048 non
333 1019 364 1047 in
380 1019 526 1048 mundanis
537 1019 630 1054 rebus,
641 1019 688 1048 sed
702 1019 730 1047 in
746 1019 779 1047 iis
793 1027 855 1055 quae
866 1019 902 1048 ad
922 1019 998 1047 Chri-

201 1069 275 1094 stum
288 1069 421 1101 spectant.

1056 259 1142 299 λέγειν
1153 282 1162 296 ,
1179 260 1294 300 παράγει
1309 257 1469 300 καὶηᾶλλους
1484 258 1597 291 πολλοὺς
1614 258 1767 298 μάρτυρας.

1101 316 1116 334 α
1133 304 1188 335 Καὶ
1209 299 1257 341 τὴν
1273 304 1332 334 κατ’
1343 299 1414 333 οἶκον
1429 304 1514 333 αὐτῶν
1530 303 1707 339 Ἐκκλησίαν.
1728 314 1744 331 ι)
1767 302 1852 335 Οὕτως

1057 344 1124 385 ἦσαν
1148 345 1218 379 οὗτοι
1240 349 1388 388 εὐδόκιμοι,
1411 348 1481 378 ὥστε
1503 348 1548 378 τὸν
1574 342 1645 378 οἶκον
1662 349 1754 377 αὐτῶν
1771 347 1850 377 πάντα

1057 396 1166 430 ποιῆσαι
1184 394 1295 428 πιστούς
1309 405 1315 412 ·
1341 393 1449 426 τούτους
1477 393 1529 433 γὰρ
1557 393 1725 429 Ἐκκλησίαν
1752 391 1851 430 ὠνόμα-

1056 450 1100 468 σεν
1118 451 1124 457 ·
1139 438 1209 468 ἀλλὰ
1224 438 1270 468 καὶ
1285 437 1329 468 διὰ
1351 438 1382 468 τὸ
1403 437 1547 478 φιλόξενον.
1564 436 1649 468 Ἔνθα
1665 438 1720 477 γὰρ
1736 436 1850 467 εὐλάϐεια

1055 482 1142 519 πολλὴ
1155 483 1201 512 καὶ
1213 483 1296 524 ἀρετὴ
1304 505 1312 520 ,
1322 477 1473 518 Ἐκκλησία
1487 485 1501 512 ὁ
1511 477 1581 517 οἶκος
1593 482 1690 516 ἐκεῖνος
1701 482 1739 512 ³⁵.
1756 481 1850 511 Ἀχονί-

1055 539 1142 557 τωσαν
1159 529 1183 558 οἱ
1199 529 1225 558 ἓν
1240 528 1336 568 γάμῳ,
1353 527 1393 557 ὅτι
1409 529 1438 557 οὐ
1455 527 1623 568 βλάπτονται
1637 527 1668 557 ἐκ
1681 526 1778 557 τούτου
1795 525 1851 566 πρὸς

1055 572 1164 613 ἀρετήν.

1104 676 1119 694 (ι
1145 663 1314 694 Ἀσπάσασθε
1354 662 1514 694 Ἐπαινετὸν
1543 663 1553 702 [
1576 662 1659 703 vulg.
1676 661 1847 700 Ἐπαίνετον]

1054 712 1099 742 τὸν
1125 708 1264 748 ἀγαπητόν
1291 720 1341 748 μου
1355 719 1362 726 ·
1386 707 1413 742 δς
1433 709 1505 738 ἐστιν
1531 707 1643 748 ἀπαρχὴ
1668 710 1719 744 ἧς
1749 706 1848 747 Ἀχαίας

1056 757 1093 790 είς
1108 753 1237 795 Χριστόν.
1254 767 1266 780 ιι
1284 753 1364 791 Μέγα
1381 753 1412 782 τὸ
1424 748 1491 782 εἶναι
1505 752 1617 783 Παύλου
1638 751 1793 792 ἀγαπητὸν,
1808 754 1846 780 τοῦ

1055 800 1124 840 μετὰ
1142 798 1269 838 κρίσεως,
1286 798 1333 827 καὶ
1358 798 1387 827 οὗ
1412 798 1477 837 πρὸς
1500 797 1600 837 χάριν,
1630 797 1719 837 φιλεῖν
1747 796 1844 826 εἰδότος.

1057 843 1193 884 Ἀπαρχὴν
1211 842 1238 872 δὲ
1255 842 1332 871 αὐτὸν
1358 842 1446 881 λέγει,
1463 842 1480 878 ἢ
1496 841 1536 871 δτι
1559 843 1664 881 πρῶτος
1687 841 1845 875 ἐπίστευσεν,

1056 890 1128 930 ἀρχὴ
1152 889 1196 918 καὶ
1219 887 1319 920 εἴσοδος
1333 888 1369 920 εἷς
1388 886 1436 922 τὴν
1462 886 1553 916 πίστιν
1578 886 1719 924 γενόμενος
1742 886 1794 926 ὅλῳ
1815 886 1846 930 τις)

1161 933 1179 969 ἢ
1203 932 1244 962 ὅτι
1259 932 1368 961 πλείονα
1385 931 1526 961 εὐλάϐειαν
1551 931 1722 960 ἐπεδείκνυτο
1738 942 1745 949 ο
1767 924 1805 960 διὸ
1815 924 1845 959 εἷ-

1052 991 1115 1015 πεν,
1143 989 1156 1007 (ι
1177 977 1232 1011 ⁸ος
1246 977 1316 1006 ἐστιν
1341 975 1451 1017 ἀπαρχὴ
1479 977 1515 1010 εἰς
1538 975 1658 1015 Χριστόν
1673 987 1680 994 ο
1703 975 1843 1010 τουτέστιν,

1052 1026 1099 1054 οὖκ
1118 1024 1144 1053 ἂν
1159 1024 1212 1056 τοῖς
1236 1025 1374 1061 κοσμικαῖς
1394 1020 1571 1062 πράγμασιν,
1589 1021 1650 1050 ἀλλ’
1669 1021 1697 1050 ἐν
1714 1021 1769 1054 τοῖς
1785 1019 1844 1049 κατὰ

1052 1068 1168 1108 Χριστόν
1173 1089 1180 1096 .

237 1111 326 1138 Vnus.
338 1112 365 1137 6.
383 1121 396 1134 α
412 1109 534 1138 Salutate
546 1109 663 1137 Mariam
678 1116 741 1145 qua:
755 1108 875 1136 multum
887 1107 975 1136 labora

1093 1125 1107 1141 α
1123 1111 1293 1143 Ἀσπάσασθε
1314 1110 1446 1150 Μαριὰμ,
1462 1110 1522 1147 ⁸ἥτις
1547 1110 1635 1140 πολλὰ
1656 1109 1801 1141 ἐκοπίασεν
1811 1109 1842 1141 εἰς

203 1153 241 1181 vit
256 1161 320 1190 erga
336 1162 399 1182 nos.
420 1165 434 1179 ι
457 1155 482 1181 Α
506 1153 645 1182 laboribus
660 1161 730 1190 quos
744 1161 793 1190 pro
808 1153 922 1181 veritate
936 1161 975 1189 pel

1093 1162 1132 1191 Εἰς.
1149 1169 1164 1185 ι
1194 1156 1258 1186 Ἀπὸ
1273 1157 1324 1185 τῶν
1345 1155 1411 1195 ὑπὲρ
1435 1157 1482 1191 τῆς
1507 1155 1632 1192 ἀληθείας
1659 1155 1781 1196 ἱδρώτων
1803 1154 1843 1189 τὴν

200 1199 273 1233 tulit,
285 1198 429 1227 mulierem
443 1203 532 1226 ornat.
549 1199 610 1226 Non
620 1202 727 1226 tantum
738 1198 822 1231 enim,
835 1197 934 1234 inquit,
947 1205 975 1233 pr

1093 1205 1166 1230 ναῑκα
1181 1199 1354 1234 καλλωπίζει.
1377 1200 1418 1230 Οὖ
1435 1199 1514 1238 μόνον
1531 1199 1598 1241 γὰρ,
1619 1200 1702 1241 φησὶν
1714 1222 1723 1236 ,
1742 1201 1777 1233 εἰς
1789 1199 1844 1228 ἑαυ-

200 1245 286 1281 seipsa
305 1244 448 1278 laboravit,
473 1244 599 1272 excubias
620 1251 713 1280 agens,
737 1243 870 1279 humique
880 1243 975 1279 jacens

1093 1258 1098 1274 ι
1122 1246 1283 1284 ἐκοπίασεν,
1301 1246 1472 1285 ἀγρυπνοῧσα
1495 1244 1542 1274 καὶ
1559 1248 1735 1285 χαμευνοῧσα
1751 1254 1758 1260 ·
1783 1242 1842 1272 ἀλλὰ

200 1297 293 1318 verum
315 1289 410 1323 etiam,
426 1289 500 1324 quod
522 1289 611 1325 majus
625 1292 678 1322 est,
695 1296 746 1324 pro
761 1287 841 1316 nobis
855 1287 975 1324 apostolo

1106 1292 1211 1329 μεῖζον,
1225 1290 1271 1320 καὶ
1287 1291 1324 1324 εἰς
1344 1291 1416 1328 ἡμᾶς
1430 1289 1587 1319 ἀποστόλων
1611 1291 1756 1329 πληροῦσα
1770 1287 1843 1321 τάξιν.

198 1342 260 1362 rum
272 1333 432 1369 adimplevit
447 1332 581 1361 ofﬁcium.
596 1333 649 1367 Qui
665 1340 730 1368 ergo
745 1331 811 1360 dicit
824 1331 975 1368 Apostolus

1093 1337 1118 1369 ὃς
1139 1331 1184 1365 οὖν
1202 1346 1301 1375 φησιν,
1319 1334 1359 1364 ὅτι
1379 1348 1390 1360 ι
1417 1334 1530 1364 Γυναικὶ
1551 1335 1686 1364 διδάσκειν
1715 1335 1762 1364 οὗκ
1786 1334 1839 1362 ἄπι-

200 1391 212 1404 ι
230 1379 337 1407 Mulieri
347 1379 447 1407 docere
455 1386 511 1406 non
522 1378 653 1414 permitto
663 1380 670 1398 ι
690 1380 723 1407 Ρ»
736 1380 758 1405 Α
772 1377 853 1405 verbo
864 1377 975 1405 doctrin

1093 1379 1181 1417 ἱπωςι
1198 1381 1239 1410 Οὐ
1260 1382 1306 1409 τοῦ
1331 1378 1410 1418 λόγου
1436 1381 1483 1415 τῆς
1505 1379 1677 1413 διδασκαλίας
1698 1377 1779 1414 αὐτὴν
1801 1389 1844 1407 κω-

202 1402 212 1404 _
230 1402 337 1407 κη--.
349 1402 511 1407 ---νη-ν..
523 1402 651 1414 ι.--..-.--,
690 1402 696 1407 .
736 1402 758 1405 .-
777 1402 850 1405 .-__-
866 1402 973 1405 --ψ-

197 1432 260 1452 eam
276 1431 334 1452 non
354 1427 437 1457 arcet,
462 1422 510 1450 sed
535 1430 551 1450 ει
566 1422 714 1458 praesulatu
739 1422 768 1449 in
788 1425 927 1450 conventu
942 1425 969 1449 et

1093 1436 1127 1462 ει,
1151 1403 1221 1454 ὸὶλλὰ
1243 1426 1290 1460 τῆς
1311 1425 1338 1453 ἐν
1421 1402 1496 1464 μέσῖρ
1513 1402 1677 1464 προεδρίαςῑ
1702 1423 1749 1453 καὶ
1760 1402 1808 1452 Ιτοῦ
1822 1422 1844 1450 ἐν

197 1473 332 1506 suggesta.
343 1468 481 1496 Privatam
495 1467 569 1494 enim
581 1466 783 1495 institutionem
798 1465 875 1494 valde
891 1465 975 1501 proba

1093 1481 1159 1509 ματι
1174 1468 1266 1509 θρόνου
1277 1481 1284 1488 ο
1294 1468 1342 1504 τὴν
1352 1468 1404 1508 γὰρ
1419 1468 1473 1509 ἰδία
1489 1467 1630 1508 γινομένην
1640 1467 1814 1499 διδασκαλίαν
1823 1466 1844 1485 ⁸⁸

198 1515 277 1542 Hanc
298 1513 375 1542 enim
389 1512 425 1541 ad
438 1512 576 1540 rationem
588 1516 617 1540 et
633 1512 765 1539 maritum
779 1519 861 1539 suum
876 1519 955 1545 uxor,
971 1520 975 1537 ι

1093 1515 1099 1544 ὶ
1115 1513 1217 1555 σφόδρα
1234 1514 1350 1554 δέχεται.
1372 1512 1452 1544 Οὕτω
1466 1512 1518 1553 γὰρ
1537 1513 1581 1542 καὶ
1605 1513 1670 1553 γυνὴ
1687 1512 1735 1543 τὸν
1759 1513 1843 1542 οἰκεῖον

198 1559 299 1587 liberos
319 1558 411 1592 docet,
425 1557 466 1585 sie
477 1557 568 1585 Prisca
586 1556 686 1592 Apollo
702 1556 828 1584 instituit.
845 1556 908 1584 Non
930 1555 975 1583 dix

1093 1559 1136 1599 Ξρα
1161 1559 1207 1588 καὶ
1231 1558 1265 1588 τὰ
1292 1558 1371 1588 τέκνα
1398 1557 1534 1599 διδάσκει,
1563 1557 1609 1587 καὶ
1632 1560 1649 1593 ἡ
1675 1557 1786 1598 Πρίσκα
1807 1555 1844 1585 τὸν

198 1607 304 1635 autem,
319 1602 407 1630 multa
415 1600 524 1636 docuit,
534 1601 594 1635 sed,
608 1613 620 1625 ι
633 1600 787 1629 laboravit:
808 1612 820 1625 ι
831 1604 862 1628 ut
871 1600 999 1628 ostendat

195 1646 270 1682 quod
283 1651 312 1675 et
325 1654 373 1683 per
387 1645 516 1681 pecunias
529 1652 595 1674 suas
616 1649 645 1673 et
659 1645 725 1673 alias
741 1644 924 1673 ministrabat.

233 1738 322 1766 Vnus.
336 1740 352 1764 7
357 1759 364 1765 .
378 1746 392 1763 α
399 1736 523 1766 Salutate
532 1735 726 1764 Andronicum
735 1739 762 1764 et
767 1734 890 1769 Iuniam,
897 1741 997 1770 cogna-

197 1787 241 1811 tos
254 1790 332 1810 meos
344 1786 372 1809 et
392 1781 569 1816 coneaptivos
584 1787 671 1814 meos,
688 1780 734 1816 qui
758 1784 824 1808 sunt
846 1778 950 1807 nobiles
968 1778 997 1806 in

196 1827 336 1864 apostolis,
349 1827 394 1862 qui
410 1830 439 1854 et
454 1830 517 1854 ante
531 1834 575 1854 me
587 1824 700 1853 fuerunt
714 1825 742 1852 in
757 1824 875 1853 Christo.
894 1835 906 1848 ι
918 1823 997 1858 Quod

194 1872 303 1908 cognati
310 1871 364 1899 sint
372 1871 467 1906 Paulo,
484 1878 540 1899 non
548 1875 656 1899 tantum
671 1873 714 1898 est
732 1869 997 1904 encomium,quan-

193 1922 255 1945 tum
275 1921 317 1945 est
329 1916 404 1953 quod
426 1916 484 1944 sint
495 1915 662 1952 concaptivi.
684 1915 794 1943 Etenim
808 1914 933 1951 graviora
945 1921 994 1941 ca—

193 1962 276 1998 ptivis
284 1962 466 1998 patiebantur,
480 1961 546 1989 dum
562 1964 708 1997 agerentur
716 1960 780 1988 hinc
791 1959 854 1988 inde
863 1963 891 1987 et
907 1962 994 1987 vasta-

193 2012 302 2036 rentur.
334 2009 421 2035 Porro
454 2014 587 2042 magnum
611 2010 654 2034 est
676 2004 752 2040 quod
784 2004 898 2040 apostoli
930 2003 994 2037 sint,

1055 1598 1177 1633 Ἀπολλὼ
1187 1603 1352 1643 κατήχησεν.
1367 1604 1428 1633 Οὔκ
1437 1598 1495 1632 εἷπε
1510 1602 1552 1639 δὲ,
1564 1601 1604 1632 ὅτι
1618 1603 1716 1633 Πολλὰ
1728 1601 1842 1635 ἐδίδαξεν,

1052 1648 1121 1685 ἀλλ’,
1139 1659 1154 1676 ‹
1172 1647 1332 1678 Ἐκοπίασεν
1349 1659 1355 1666 ·
1371 1659 1385 1675 ι
1401 1646 1445 1676 ἵνα
1459 1647 1546 1687 δείξῃ,
1561 1646 1602 1676 ὅτι
1619 1648 1667 1677 καὶ
1683 1647 1731 1677 διὰ
1743 1645 1841 1687 χρημά-

1053 1705 1106 1722 των
1122 1691 1253 1729 διηκόνει,
1267 1692 1313 1722 καὶ
1328 1693 1362 1722 δι’
1378 1691 1467 1721 ἄλλων
1481 1692 1597 1732 τρόπων.

1105 1749 1119 1766 α
1146 1737 1316 1767 Ἀσπάσασθε
1343 1736 1506 1776 Ἀνδρόνικον
1543 1737 1590 1766 καὶ
1627 1736 1759 1773 Ἰουνίαν,
1793 1733 1842 1766 τοὺς

1052 1783 1186 1822 συγγενεῖς
1216 1793 1284 1820 μου,
1312 1781 1358 1811 καὶ
1390 1780 1626 1821 συναιχμαλώτους
1658 1793 1713 1819 μου
1729 1790 1735 1798 ⁸
1760 1778 1841 1811 οἵτινές

1051 1829 1115 1857 εἰσιν
1131 1827 1260 1865 ἐπίσημοι
1285 1829 1312 1856 ἐν
1327 1830 1381 1859 τοῖς
1404 1825 1580 1862 ἀποστόλοις,
1604 1824 1630 1855 οἳ
1643 1825 1690 1855 καὶ
1711 1825 1764 1865 πρὸ
1787 1825 1841 1862 tuo;

1050 1871 1189 1911 γεγόνασιν
1205 1872 1231 1900 ἐν
1255 1872 1376 1911 Χριστῷ.
1393 1885 1405 1897 υ
1428 1871 1470 1901 οὐ
1491 1869 1522 1899 τὸ
1538 1874 1672 1909 συγγενεῖς
1689 1865 1757 1899 εἶναι
1774 1868 1841 1899 [Iani-

1050 1917 1113 1952 λου,
1140 1919 1262 1946 τοσοῦτον
1294 1915 1442 1954 ἐγκώμιον,
1463 1915 1526 1945 ὅσον
1552 1915 1582 1944 τὸ
1605 1913 1840 1955 συναιχμαλώτους.

1052 1960 1106 1991 Καὶ
1123 1962 1175 2001 γὰρ
1200 1960 1377 2000 χαλεπώτερα
1393 1959 1513 1999 ἔπασχον
1540 1958 1746 1999 αἰχμαλώτων,
1771 1959 1840 2001 ἐλαυ-

1049 1998 1170 2044 νόμενοι,
1194 1998 1381 2045 πορθούμενοι.
1409 1998 1515 2045 Καὶητὸ
1537 1998 1703 2038 ἀποστόλους
1719 2003 1748 2033 δὲ
1762 1998 1838 2039 εἶναι,

193 2052 350 2089 praesertim
364 2059 429 2080 cum
443 2051 523 2079 Junia
537 2050 573 2078 sit
594 2050 701 2078 mulier.
717 2050 806 2078 Multo
821 2056 887 2077 vero
906 2048 975 2084 maju

1093 2062 1136 2090 τα·
1161 2043 1210 2079 καὶ
1233 2043 1317 2080 ταῦτα
1342 2053 1458 2088 γυναῖκα
1483 2043 1564 2079 οὖσαν
1590 2048 1638 2084 τὴν
1663 2048 1776 2079 Ἰουνίαν
1792 2056 1798 2063 '
1815 2045 1839 2075 τὸ

194 2101 236 2124 est
260 2096 335 2132 quod
361 2095 478 2132 insignes
501 2095 566 2123 sint.
602 2096 690 2123 Porro
720 2093 754 2121 ab
780 2093 907 2130 operibus
939 2101 975 2121 su;

1103 2095 1272 2132 ἐπισήμους,
1298 2094 1390 2134 πολλῷ
1405 2094 1431 2112 ⁸⁷
1448 2095 1560 2132 μᾶλλον.
1585 2093 1735 2132 Ἐπίσημοι
1753 2092 1779 2120 δὲ
1793 2089 1839 2129 ἐγέ-

193 2140 312 2176 insignes
325 2144 390 2168 sunt
403 2139 476 2168 facti.
494 2141 556 2168 Non
571 2138 771 2167 verecundatur
785 2142 880 2165 autem
895 2137 996 2166 Paulus

193 2185 284 2213 dicere
302 2193 334 2213 ac
350 2184 443 2219 fateri,
463 2184 517 2220 Qui
532 2187 598 2212 ante
622 2191 667 2211 me
683 2182 857 2211 crediderunt
876 2181 993 2217 Christo,

192 2229 392 2258 commendans
403 2237 451 2258 eos
461 2228 536 2265 quod
545 2228 614 2257 adeo
623 2227 795 2265 presilierint
809 2229 890 2263 atque
900 2226 996 2263 praeri-

195 2275 303 2311 puerint
315 2273 433 2303 bonum.

230 2321 321 2348 Vsus.
338 2323 365 2347 8.
382 2331 395 2344 α
411 2319 534 2348 Salutate
558 2317 697 2354 Ampliam
717 2316 847 2346 dilectum
862 2323 955 2345 meum
968 2316 996 2344 in

196 2365 217 2399 1
225 2364 277 2400 15
291 2365 423 2392 Domino.
438 2376 450 2389 ιο
461 2364 489 2392 Si
499 2371 584 2400 arege
602 2363 679 2400 diligi
689 2371 821 2399 magnum
828 2367 879 2397 est,
892 2367 996 2399 quanto

193 2410 351 2445 praeclarius
378 2414 418 2437 est
452 2418 468 2437 a
482 2410 578 2445 Paulo,
599 2408 645 2445 qui
676 2412 789 2445 propter
812 2408 943 2436 virtutem
966 2416 997 2436 ac

193 2454 346 2482 secundum
364 2455 456 2482 Deum
481 2454 571 2490 diligit
583 2456 595 2482 Ρ

228 2500 314 2528 Vnus.
330 2502 357 2527 9.
377 2511 389 2523 α
414 2500 448 2528 Et
461 2499 608 2527 Urbanum
632 2497 790 2534 adjutorem
817 2502 944 2526 nostrum
968 2498 995 2525 in

192 2544 312 2573 Christo.
331 2557 343 2569 ιι
360 2544 449 2581 Major
463 2544 521 2573 haec
533 2544 594 2572 laus
613 2548 655 2572 est
673 2543 774 2579 priore,
803 2542 858 2570 imo
874 2542 933 2570 haec
954 2547 994 2570 est

191 2597 271 2618 causa
281 2590 354 2619 illius
364 2593 392 2618 et
406 2589 659 2626 comprehensoria.
675 2588 746 2616 Nam
756 2587 809 2624 qui
824 2591 866 2616 est
873 2587 993 2624 adjutor,

192 2639 234 2664 est
248 2635 334 2664 etiam
348 2635 474 2664 dilectus.

239 2695 269 2722 ¹Ι
283 2695 346 2724 Cor.
362 2702 429 2728 xrv,
444 2696 490 2723 35.

1049 2151 1125 2169 νοντο
1139 2139 1192 2168 ἀπὸ
1206 2141 1256 2168 τῶν
1269 2139 1366 2179 ἔργων,
1383 2140 1444 2169 Οὐκ
1459 2138 1652 2179 ἐπαισχύνεται
1668 2137 1696 2167 δὲ
1712 2139 1726 2167 ὁ
1741 2136 1836 2167 Παῦλος

1049 2183 1146 2222 λέγων,
1160 2183 1203 2214 ὅτι
1226 2183 1283 2223 Πρὸ
1306 2185 1372 2221 ἐμοῦ
1391 2182 1552 2212 ἐπίστευσαν
1572 2184 1610 2223 τῷ
1626 2183 1754 2222 Χριστῷ,
1774 2181 1838 2210 ἔπαι-

1049 2230 1101 2258 νῶν
1124 2229 1235 2265 αὐτοὺς,
1255 2222 1301 2257 γὸτι
1330 2227 1521 2268 προεπήδησαν
1547 2222 1601 2257 καὶγ
1620 2226 1795 2268 προήρπασαν
1812 2222 1837 2252 τὸ

1052 2274 1162 2311 ἀγαθόν.

1105 2330 1118 2344 ι
1143 2317 1313 2347 Ἀσπάσασθε
1342 2317 1473 2356 Ἀμπλίαν
1506 2316 1551 2346 τὸν
1580 2316 1718 2356 ἀγαπητόν
1744 2326 1791 2354 μου
1814 2313 1836 2341 ἐν

1054 2361 1154 2402 Κυρίῳ.
1173 2375 1185 2388 ι
1211 2363 1243 2392 Εἰ
1269 2362 1300 2392 τὸ
1321 2361 1395 2402 παρὰ
1420 2361 1551 2401 βασιλέως
1575 2361 1732 2399 ἀγαπᾶσθαι
1757 2358 1834 2397 μέγα,

1052 2401 1135 2446 πάάῳ
1151 2408 1252 2445 μᾶλλον
1277 2406 1306 2436 τὸ
1325 2406 1398 2447 παρᾶ
1425 2405 1549 2442 Παύλου,
1568 2407 1614 2435 τοῦ
1636 2404 1670 2435 δι’
1690 2403 1783 2445 ἀρετὴν
1798 2401 1834 2431 καὶ

1051 2451 1122 2481 κατὰ
1140 2452 1210 2483 Θεὸν
1225 2453 1396 2492 ἀγαπῶντος

1092 2510 1103 2522 ι
1121 2496 1176 2527 Καὶ
1195 2496 1334 2536 Οὐρϐανὸν
1354 2495 1397 2525 τὸν
1415 2494 1539 2534 συνεργὸν
1559 2496 1637 2533 ἡμῶν
1653 2495 1679 2523 ἓν
1701 2492 1834 2536 Χριστῷμξ

1050 2543 1138 2571 Τοῦτο
1160 2533 1248 2580 μεῖζον
1273 2541 1374 2571 ἐκείνου
1395 2540 1425 2570 τὸ
1450 2533 1582 2580 ἐγκώμιον
1599 2551 1606 2557 “
1631 2539 1733 2578 μᾶλλον
1751 2537 1776 2566 δὲ
1795 2533 1833 2565 καὶ

1049 2585 1132 2615 αἴτιον
1157 2589 1235 2615 τοῦτο
1259 2586 1360 2615 ἐκείνου
1386 2585 1433 2615 καὶ
1455 2583 1632 2624 περιεκτικόν.
1657 2583 1692 2614 Ὀ
1712 2582 1762 2622 γὰρ
1782 2591 1832 2610 σνν-

1049 2631 1123 2671 εργὸς
1132 2653 1140 2668 ,
1157 2631 1203 2660 καὶ
1218 2631 1367 2671 ἀγαπητός.

897 2747 988 2779 Variae
1011 2750 1151 2780 lectiones
1158 2773 1165 2780 .

227 2799 249 2817 ⁸⁸
262 2799 341 2828 αὖτῶν
356 2807 383 2829 0.
421 2799 444 2818 ⁸⁸
458 2799 609 2827 διδάσκαλον
623 2807 648 2828 0.
689 2798 712 2817 ⁸⁷
726 2799 796 2836 πόσῳ
810 2807 837 2828 ο.
