1881 3081
39 157 84 185 553
465 155 641 185 EXPOSITIO
661 157 694 184 IN
714 156 818 185 EPIST.
837 156 884 184 AD
902 156 983 186 ROM.
1005 171 1039 178 —
1058 159 1134 187 CAP.
1155 159 1218 187 XVI.

77 230 90 247 α
106 217 156 248 Kal
182 217 288 258 Στάχυν
304 218 349 248 τὸν
369 218 507 258 ἀγαπητόν
527 230 587 259 μου.
606 231 622 247 ν
645 219 699 250 Καὶ
723 221 814 250 τοῦτον
829 221 856 253 Α

38 263 86 293 ἀπὸ
98 264 147 292 τῶν
162 263 246 292 αὐτῶν
261 265 398 304 στερανοῖ.

76 319 88 336 ε
102 307 263 339 Ἀσπάσασθε
279 307 409 344 Ἀπιλλὴν
423 308 468 338 τὸν
487 308 593 348 δόκιμον
609 310 636 339 ἓν
657 310 779 350 Χριστῷ.
798 321 813 338 ι

37 352 150 385 Τουτίστι
177 353 220 384 τὸν
245 353 442 390 ἀνεπίληπτον,
473 354 517 384 τὸν
543 354 655 393 ἄμωμον
684 357 711 385 ἐν
734 359 813 384 πᾶσι.

37 397 102 432 Τινὲς
115 398 142 427 δέ
157 409 250 439 φασιν,
268 398 308 429 ὅτι
325 398 390 438 πρὸς
412 399 614 435 ἆντιδιαστολήν
633 410 702 433 τινος
717 399 811 430 Ἀπελ-

38 445 78 473 λοῦ
90 443 213 481 ἀδοκίμου
230 445 306 473 τοῦτο
320 443 435 484 εἴρηται.

75 487 265 529 «Ἀσπάσασθε
279 487 339 522 τοὺς
359 489 389 518 ix
407 489 459 518 τῶν
474 487 687 529 Ἀριστοϐούλου.
703 499 718 518 ››
734 486 816 522 Ἴσως

37 531 77 562 οὖιι
94 527 156 568 ἦσαν
177 533 213 567 ὥς
234 533 259 564 οἱ
282 535 382 574 πρῶτοι
403 546 410 553 ·
429 533 469 564 διδ
493 527 552 564 οὐδὲ
576 533 704 573 ὀνομαστὶ
727 534 814 564 αὐτῶν

37 575 150 614 εμνήσθη-

73 633 85 651 ‹
101 622 245 654 Ἀπάσαθε
265 622 423 664 Ἦρωδίωνα
437 622 482 653 τὸν
501 624 614 662 συγγενῆ
631 635 693 662 μου.
710 622 813 653 Ἀσπά-

36 670 104 696 σασθε
125 667 184 702 τοὺς
206 669 238 699 ἐκ
257 669 311 698 τῶν
339 668 509 708 Ναρκίσσου,
525 667 586 702 τοὺς
606 668 684 702 ὄντας
708 669 735 698 ἐν
756 669 813 698 Κυ-

37 710 86 752 ρίῳ.
100 723 114 741 ι)
129 713 258 744 Τουτέστι
271 713 392 748 πιστούς.

77 771 87 783 ι
101 757 266 789 Ἀσπάσασθε
281 759 436 800 Τρύφαιναν
456 759 502 789 καὶ
517 759 682 799 Τρυφῶσαν,
703 757 751 791 τὰς
765 769 812 788 xo-

35 805 123 838 πιώσας
146 805 172 832 ἐν
196 804 301 845 Κυρίῳ,
320 816 335 833 π
368 803 435 844 Περὶ
461 802 508 843 μὲν
537 805 584 839 τῆς
610 802 724 842 Μαριὰμ
758 803 813 832 ἄνω

35 850 109 889 ἔλεγεν
121 861 129 868 υ
152 859 166 878 «
183 847 265 883 Ἦτις
283 849 371 879 πολλὰ
386 848 513 879 ἐκοπίασα
528 859 535 867 ·
550 861 563 874 ι
578 848 641 888 περὶ
654 847 682 877 δὲ
696 847 810 886 τούτων,

35 895 68 924 ὅτι
89 895 211 924 κοπιῶσιν
239 893 291 925 ἔτι.
316 893 408 933 Μέγας
432 892 460 924 δι
476 895 490 923 6
511 892 616 926 ἔπαινος
641 892 672 921 τὸ
694 892 813 933 ἐνεργοὺς

37 934 91 969 έίναι
107 939 137 969 δι’
152 938 228 978 ὅλου,
244 940 291 968 καὶ
305 943 412 980 χοπιᾷν.

80 996 93 1014 ιι
104 984 267 1014 Ἀσπάσασθε
277 984 396 1024 Περσίδα
410 982 458 1019 τὴν
479 981 619 1023 ἀγαπητὴν
629 1004 638 1018 ,
655 981 713 1018 ἥτις
726 980 812 1011 πολλὰ

36 1028 159 1058 ἰχοπίασεν
174 1029 200 1058 ἓν
222 1029 328 1070 Κυρίῳ.
355 1040 369 1057 ι
386 1027 462 1064 Αὕτη
478 1027 592 1067 μείζων,
612 1028 653 1056 ὅτι
674 1037 703 1056 τι
727 1025 814 1056 πολλὰ

35 1073 159 1111 ἐκοπίασε,
183 1074 227 1103 καὶ
258 1073 298 1103 ὅτι
322 1072 462 1113 ἆγαπητή.
487 1071 581 1106 Οὕτως
606 1071 718 1101 ἕκαστον
743 1070 813 1100 κατὰ

35 1117 75 1154 τὴν
89 1119 156 1153 ἀξίαν
169 1118 313 1158 ὀνομάζει,
330 1118 425 1151 αὐτούς
443 1129 472 1147 τε
491 1116 701 1158 προθυμοτέρους
716 1118 810 1152 ποιῶν,

35 1163 76 1192 καὶ
88 1164 183 1204 ἑτέρους
198 1166 235 1199 εἰς
251 1165 329 1200 ζῆλον
344 1162 490 1203 διεγείρων.

71 1255 263 1287 «Ἀσπάσασθε
288 1253 402 1295 Ῥοῦφον
426 1252 471 1282 τὸν
497 1251 619 1281 ἐκλεκτὸν
644 1253 670 1281 ἐν
698 1250 810 1291 Κυρίῳ,

35 1301 72 1330 καὶ
92 1300 136 1337 τὴν
162 1300 266 1341 μητέρα
290 1299 371 1328 αὐτοῦ
399 1297 445 1328 καὶ
460 1298 535 1336 δμοῢ.
559 1309 571 1322 ι
607 1296 723 1341 ᾼιπλῶν
741 1296 815 1341 λάγα-

36 1345 72 1374 θὸν
83 1335 123 1382 9°;
146 1335 175 1375 si)
193 1335 247 1375 ’χαλ
263 1343 308 1374 τὸν
324 1343 378 1373 υἱὸν
401 1343 581 1377 ἀνεπίληπτον
602 1335 685 1377 εἶναι,
706 1339 752 1370 καὶ
767 1339 814 1375 τὴν

36 1381 134 1430 μητέρα.
161 1391 200 1421 Οὖ
223 1389 278 1430 γὰρ
298 1389 330 1418 ἂν
352 1388 442 1420 ἁπλῶς
471 1381 546 1424 εἷπε,
570 1397 585 1414 α
603 1384 716 1424 Μητέρα
733 1385 814 1430 αὐτοῦ

36 1435 73 1464 καὶ
90 1428 148 1473 ἐμοῦ
158 1457 166 1471 ,
182 1449 194 1462 1
209 1428 236 1464 εἴ
251 1433 289 1473 μὴ
303 1432 408 1469 πολλὴν
429 1431 573 1472 ἐμαρτύρει
646 1429 751 1469 γυναικὶ
765 1428 814 1465 τὴν

37 1479 118 1519 ἀρετήν
123 1504 128 1510 .

1612 163 1663 191 554

907 231 919 244 ι
943 221 979 248 Et
1002 220 1122 258 Stachyn
1136 221 1266 250 dilectum
1290 229 1397 251 meum.
1419 235 1432 248 ι
1458 224 1540 253 Hunc
1565 225 1663 254 iisdem

869 265 1012 301 praconiis
1031 269 1120 294 ornat.

905 311 997 340 Vsas.
1010 314 1052 339 10.
1074 323 1087 336 ι
1104 311 1225 340 Salutate
1248 312 1528 349 Apellemlprobatum
1551 314 1579 341 in
1589 315 1664 342 Chri-

869 359 923 384 sto.
942 367 955 380 ι
972 356 1034 384 Hoc
1047 359 1089 384 est
1102 356 1378 392 irreprehensibilem,
1394 357 1422 385 in
1437 356 1570 385 omnibus
1578 358 1663 386 incul-

869 403 973 436 patum.
988 400 1108 435 Quidam
1120 400 1226 435 dicunt,
1252 400 1327 438 quod
1349 401 1385 429 ad
1401 401 1584 430 differentiam
1600 403 1665 431 alte-

868 445 926 473 rius
934 445 1079 482 cujusdam
1090 446 1193 482 Apellis
1206 454 1262 475 non
1283 446 1388 482 probati
1407 446 1480 475 istud
1500 446 1604 475 dictum
1619 448 1664 476 sit.

907 500 920 514 -
935 489 1057 519 Salutate
1070 497 1118 518 eos
1136 490 1183 527 qui
1198 494 1262 519 sunt
1280 498 1313 519 ex
1332 490 1487 519 Aristobuli
1510 490 1626 520 familia.
1650 504 1663 516 ι-

867 535 973 564 Forsan
998 542 1054 564 non
1080 535 1191 564 fuerunt
1214 539 1246 564 ut
1272 536 1394 571 priores;
1415 535 1478 564 ideo
1501 537 1664 566 nominatim

867 587 915 608 008
939 587 997 608 non
1021 584 1153 609 recenset.

903 626 991 653 Vna.
1029 628 1072 654 ll.
1098 638 1110 650 ι·
1150 625 1272 654 Salutate
1299 625 1489 654 Herodionem
1514 631 1665 662 cognatum

867 677 971 698 meum.
987 669 1109 698 Salutate
1124 678 1172 699 eos
1182 670 1229 706 qui
1240 674 1305 698 sunt
1317 677 1350 698 ex
1374 670 1492 699 Narcissi
1507 670 1602 706 domo,
1618 673 1663 708 qui

866 718 931 743 sunt
944 715 971 743 in
982 714 1112 744 Domino.
1129 727 1142 740 ι
1160 716 1221 744 Hoc
1233 719 1275 744 est
1292 715 1396 745 ﬁdeles.

901 759 993 788 Vna.
1009 763 1053 788 12.
1072 772 1083 786 ι
1099 761 1220 789 Salutate
1243 760 1425 797 Trypth
1450 765 1478 789 et
1495 762 1664 799 Tryphosam

866 812 928 840 qua!
938 805 1063 833 laborant
1078 805 1106 833 in
1118 805 1249 833 Domino.
1265 816 1279 830 ι
1292 807 1334 834 De
1349 805 1433 834 Maria
1451 805 1562 842 quidem
1582 814 1665 843 supra

868 849 987 885 dicebat,
1005 862 1018 875 ι
1039 858 1100 887 qua:
1113 852 1233 878 multum
1246 850 1410 878 laboraverit
1425 859 1432 878 :
1446 860 1460 877 ι)
1485 850 1519 879 de
1544 851 1586 880 his
1600 859 1664 880 vero

868 894 917 930 ait,
939 894 1014 931 quod
1039 894 1129 923 adhuc
1147 895 1282 923 laborent.
1303 895 1401 931 Ingens
1426 899 1521 924 autem
1539 896 1599 924 laus
1612 901 1664 931 est,

867 938 942 975 quod
955 947 1064 976 semper
1076 940 1106 967 in
1120 947 1202 976 opere
1219 944 1393 976 perseverent
1406 944 1434 968 et
1455 940 1556 970 labore.

904 993 918 1011 α
930 984 1048 1012 Salutate
1064 984 1204 1013 Persidem
1218 985 1345 1013 dilectam
1366 992 1428 1021 qua:
1446 985 1564 1013 multum
1586 985 1664 1014 labo-

867 1028 938 1057 ravit
949 1029 976 1056 in
990 1029 1120 1058 Domino.
1143 1041 1156 1054 ι
1176 1029 1241 1058 Ideo
1255 1029 1345 1065 major
1364 1033 1407 1058 est
1424 1029 1485 1062 ista,
1502 1038 1560 1058 non
1573 1031 1664 1058 solum

867 1073 942 1110 quod
957 1073 1105 1110 plurimum
1125 1074 1301 1109 laboraverit,
1315 1075 1362 1103 sed
1375 1075 1459 1103 etiam
1477 1075 1554 1112 quod
1576 1075 1612 1103 sit
1623 1075 1665 1104 di-

868 1118 947 1146 lecta.
960 1120 1000 1147 Ita
1008 1119 1159 1155 quemlibet
1166 1127 1216 1156 pro
1223 1119 1356 1156 dignitate
1364 1120 1500 1151 nominat,
1517 1127 1582 1148 cum
1591 1120 1665 1156 ipsos

867 1162 1013 1192 alacriores
1022 1163 1149 1199 reddens,
1162 1167 1224 1192 tum
1238 1164 1306 1193 alios
1319 1164 1354 1193 ad
1368 1164 1578 1193 aemulationem
1589 1166 1664 1193 exci-

867 1212 937 1237 tans.

902 1253 992 1282 Vns.
1009 1255 1053 1282 ta.
1072 1264 1085 1278 ι
1099 1253 1223 1282 Salutate
1233 1253 1339 1282 Rufum
1353 1254 1472 1282 electum
1485 1255 1515 1282 in
1526 1254 1664 1288 Domino,

867 1302 895 1326 et
906 1302 1024 1326 matrem
1037 1298 1097 1334 ejus
1110 1302 1138 1326 et
1159 1306 1261 1327 meam.
1279 1310 1291 1323 -
1319 1299 1428 1335 Duplex
1442 1299 1546 1327 bonum
1560 1303 1602 1327 est
1615 1308 1622 1327 :
1639 1303 1668 1327 et

867 1342 941 1380 quod
953 1342 1025 1371 ﬁlius
1035 1343 1071 1371 sit
1089 1343 1255 1380 inculpatus,
1275 1347 1304 1371 et
1326 1344 1399 1379 quod
1413 1344 1471 1379 ipsa
1495 1347 1583 1371 mater
1596 1343 1666 1372 irre-

868 1388 1069 1426 prehensibilis.
1085 1389 1207 1418 Omnino
1218 1390 1295 1418 enim
1307 1397 1364 1418 non
1379 1389 1505 1424 dixisset,
1523 1401 1535 1415 ι
1548 1394 1666 1418 matrem

867 1434 928 1471 ejus
940 1438 969 1462 et
981 1441 1086 1469 meam,
1100 1446 1114 1459 ιι
1127 1434 1181 1462 nisi
1194 1435 1312 1463 multam
1328 1438 1461 1463 matronae
1475 1435 1521 1463 isti
1536 1435 1665 1463 virtutem

868 1479 1011 1507 tribueret.

69 1538 78 1551 ι
106 1524 269 1555 Ἀσπάσασθε
295 1522 484 1563 Ἀσύγιιριτον,
509 1520 665 1560 Φλέγοντα,
689 1519 811 1559 Ἑρμᾶν,

901 1525 992 1553 Vna.
1015 1527 1060 1553 14.
1074 1536 1086 1549 α
1103 1525 1223 1554 Salutate
1238 1524 1426 1562 Asyncritum,
1443 1524 1625 1561 Phlegontem
1640 1528 1669 1553 et

38 1569 180 1610 Πατρόϐαν,
196 1568 303 1608 Ἑρμῆν
313 1592 321 1606 ,
338 1568 383 1598 καὶ
396 1567 456 1600 τοὺς
473 1567 520 1597 σὺν
538 1566 626 1599 αὐτοῖς
640 1563 778 1610 άδελφούς.
793 1574 809 1592 ι)

39 1615 78 1650 Μὴ
91 1608 171 1644 τοῦτο
183 1614 258 1653 ἴδῃς,
282 1613 323 1642 ὅτι
347 1612 428 1653 χωρὶς
452 1611 592 1651 ἐγκωμίων
608 1609 714 1642 τούτους
729 1608 813 1638 τίθει-

38 1670 86 1695 κεν,
106 1660 160 1688 ἀλλ’
175 1658 214 1689 δτι
242 1657 465 1697 καταδεεστέρους
481 1656 558 1689 ὄντας
582 1654 707 1684 ἁπάντων
721 1678 727 1689 ,
744 1654 814 1692 ὅμως

36 1702 117 1738 ἠξίωσε
134 1705 177 1740 τῆς
192 1705 258 1744 παρ’
277 1704 355 1732 αὐτοῦ
381 1701 570 1742 προσρήσεως·
595 1701 697 1738 μᾶλλον
713 1698 742 1728 δὲ
768 1697 814 1728 καὶ

37 1747 122 1782 τούτοις
137 1748 266 1788 ἐγκώμιον
280 1748 403 1787 προσῆψε
417 1768 426 1783 ,
442 1745 571 1785 ἀδελφοὺς
587 1744 712 1778 καλέσας.

72 1851 83 1864 ι
99 1837 259 1868 Ἀσπάσασθε
274 1836 435 1876 Φιλολόγον,
447 1835 494 1866 καὶ
508 1835 634 1870 Ἰουλίαν,
647 1835 752 1874 Νηρία,
768 1831 814 1862 καὶ

37 1882 76 1917 τὴν
97 1882 204 1924 ἀδελφὴν
227 1884 326 1919 αὐτοῦ,
353 1882 399 1911 καὶ
426 1881 586 1920 Ὀλυμπᾶν,
612 1878 658 1909 καὶ
683 1877 743 1911 τοὺς
767 1876 813 1924 συν

38 1927 109 1961 αὐτοῖς
120 1921 216 1962 πάντας
232 1927 334 1966 ἁγίους,
350 1940 362 1953 1
388 1926 466 1964 Μέγα
487 1925 534 1955 καὶ
558 1924 658 1958 τούτοις
675 1923 706 1953 τὸ
726 1921 812 1961 ἐγκώ-

38 1983 86 2008 μιον
99 1984 105 1991 ·
119 1973 204 2012 ἆγίους
216 1972 270 2012 γὰρ
285 1971 380 2006 αὐτοὺς
395 1971 531 2001 ἐκάλεσεν.

71 2029 81 2042 ι
97 2011 261 2047 Ἀσπάσασθε
282 2017 413 2052 ἀλλήλους
428 2017 454 2046 ἐν
477 2014 609 2055 φιλήματι
624 2014 703 2054 ἁγίῳ.
717 2023 731 2042 ι)
751 2011 813 2042 ’Ίνα

38 2059 67 2096 μὴ
89 2062 237 2100 φιλονεικίαι
258 2061 403 2100 γένωνται,
426 2063 465 2101 τῷ
487 2060 546 2093 τοὺς
569 2059 617 2098 μὶν
644 2058 730 2096 οὕτω,
752 2055 813 2090 τοὺς

38 2103 60 2132 δὲ
71 2105 132 2135 οὕτω
145 2108 334 2147 προσειρῆσθαι
351 2118 358 2125 ο
378 2106 423 2136 καὶ
445 2105 504 2138 τοὺς
528 2104 576 2143 μὶν
601 2102 668 2142 μετὰ
684 2101 812 2131 πλειόνων

38 2151 158 2190 ἐγκωμίων
169 2176 177 2191 ,
194 2152 254 2186 τοὺς
269 2151 298 2181 δὲ
315 2151 383 2189 μετὰ
398 2150 545 2182 ἐλαττόνων
557 2161 563 2168 ·
583 2150 713 2189 ἀνακιρνᾷ
733 2147 813 2175 πάλιν

868 1570 1012 1604 Hermam,
1023 1570 1170 1605 Patroban,
1181 1571 1304 1598 Hermen
1312 1574 1341 1598 et
1353 1569 1453 1598 fratres
1464 1570 1511 1606 qui
1525 1577 1590 1598 cum
1601 1569 1668 1605 ipsis

868 1619 942 1643 sunt.
959 1626 972 1639 ι
988 1616 1028 1643 Ne
1048 1615 1100 1643 hoc
1118 1615 1262 1649 intuearis,
1277 1614 1351 1651 quod
1373 1615 1433 1642 sine
1445 1615 1580 1642 encomiis
1594 1614 1669 1649 ipsos

868 1660 972 1695 posuit,
987 1659 1035 1688 sed
1046 1667 1111 1688 cum
1125 1659 1270 1688 inferiores
1290 1663 1383 1688 essent
1402 1659 1543 1693 omnibus.
1558 1666 1615 1686 non
1627 1662 1670 1687 est

868 1707 962 1732 tamen
975 1712 1024 1732 sua
1034 1703 1200 1740 dedignatus
1213 1704 1425 1740 compellatione
1438 1707 1467 1732 et
1480 1703 1647 1732 salutatione
1660 1712 1666 1730 :

867 1748 926 1777 imo
940 1756 998 1777 non
1012 1757 1111 1785 parum
1124 1748 1178 1777 illis
1192 1748 1281 1777 laudis
1299 1749 1407 1783 tribuit,
1424 1747 1493 1776 dum
1510 1747 1609 1776 fratres
1621 1755 1669 1776 eos

867 1793 1030 1822 nominavit.

903 1841 990 1868 Vsns.
1006 1843 1048 1868 15.
1067 1851 1080 1863 α
1091 1839 1215 1868 Salutate
1223 1838 1400 1874 Philologum
1415 1842 1443 1866 et
1451 1838 1565 1872 Juliam,
1578 1840 1667 1866 Nerea

868 1889 897 1913 et
910 1892 1035 1913 sororem
1050 1884 1145 1920 ipsius,
1159 1887 1188 1912 et
1197 1883 1332 1919 Olympan
1351 1887 1379 1910 et
1388 1883 1434 1918 qui
1446 1891 1510 1910 cum
1521 1883 1589 1918 ipsis
1601 1886 1666 1910 sunt

868 1933 979 1958 sanctos
992 1936 1097 1958 omnes.
1111 1939 1124 1953 ι
1136 1930 1238 1965 Ingens
1248 1935 1314 1956 sane
1329 1927 1500 1964 praeconium
1515 1927 1556 1955 eis
1569 1934 1668 1955 accen-

868 1978 920 2010 set,
936 1982 1000 2002 cum
1019 1977 1129 2002 sanctos
1143 1973 1272 2009 appellat.

903 2021 994 2048 Vns.
1013 2022 1055 2047 16.
1075 2030 1087 2042 ι
1105 2018 1228 2047 Salutate
1242 2025 1290 2046 vos
1304 2017 1425 2045 invicem
1441 2016 1469 2045 in
1485 2016 1579 2045 osculo
1607 2023 1667 2045 san-

867 2069 923 2094 cto.
939 2077 952 2090 ι
979 2066 1020 2093 Ne
1034 2064 1224 2093 contentiones
1238 2067 1265 2092 et
1283 2063 1350 2092 rixae
1365 2063 1510 2097 orirentur,
1532 2071 1598 2092 cum
1621 2064 1666 2092 alii

867 2110 979 2146 quidem
989 2110 1039 2144 sic,
1049 2109 1094 2137 alii
1107 2116 1172 2137 vero
1184 2108 1234 2136 alia
1248 2109 1353 2136 ratione
1370 2108 1573 2136 salutarentur:
1587 2115 1667 2136 cum-

868 2162 922 2190 que
949 2155 996 2183 alii
1011 2153 1170 2190 majoribus,
1194 2152 1238 2181 alii
1261 2160 1324 2181 vero
1345 2152 1497 2181 minoribus
1522 2152 1667 2188 praeconiis

38 2195 116 2231 αὖτοὺς
137 2198 173 2237 τῷ
192 2197 262 2237 ἁγίῳ
285 2197 416 2236 φιλήματι
428 2207 435 2214 -
450 2195 494 2225 ἵνα
516 2194 584 2234 μήτι
600 2195 615 2223 ὁ
632 2194 714 2232 μίγας
729 2203 812 2221 κατα-

900 2199 1052 2227 herentur:
1069 2199 1234 2227 commiscet
1253 2197 1297 2226 hic
1322 2205 1380 2232 eos,
1411 2201 1437 2225 et
1457 2197 1551 2233 jungit
1572 2205 1668 2225 rursus

37 2243 105 2280 φρονῇ
125 2244 168 2272 τοῦ
184 2242 338 2277 ἐλάττονος,
366 2240 433 2279 μήτε
455 2242 469 2270 ὁ
494 2240 586 2280 μικρὸς
610 2237 743 2279 βασκαίνῃ
770 2237 807 2265 τῶ

900 2249 957 2272 acto
971 2243 1076 2275 osculo.
1092 2247 1122 2271 ut
1136 2250 1226 2279 neque
1245 2242 1336 2278 major
1345 2246 1505 2278 aspernetur
1518 2242 1667 2275 minorem,

38 2285 136 2325 μείζονι,
160 2289 202 2316 τῶ
224 2287 301 2326 ἁγίου
323 2285 471 2327 φιλήματος
496 2285 584 2315 πάντα
609 2280 809 2322 καταπραΰνον-

37 2329 72 2363 τός
82 2341 108 2360 τε
118 2330 161 2360 καὶ
176 2331 332 2366 ἐξισοῦντος,

74 2384 86 2402 ιι
99 2374 267 2410 Ἀσπάζονται
280 2377 349 2414 ὑμᾶς
368 2377 396 2405 αἱ
408 2374 570 2412 Ἐκκλησίαι
584 2376 629 2404 τοῦ
646 2372 777 2412 Χριστοῦ.
795 2380 809 2414 Ρ

38 2419 71 2447 Οὐ
84 2419 153 2457 μόνον
168 2421 245 2456 αὐτὸς
267 2413 369 2456 ἥνωσεν
387 2421 502 2460 αὖτοὺς,
526 2419 595 2450 ἀλλὰ
610 2418 656 2447 χαὶ
677 2416 721 2446 τὸν
736 2413 813 2453 παρὰ

38 2465 81 2492 τῶν
94 2463 252 2501 Ἐιιχλησιῶν
277 2465 420 2504 ἀσπασμὸν
442 2466 529 2499 αὗτοῖς
551 2462 732 2501 διαπέμπεται
746 2461 813 2504 ἔνο)-

40 2509 116 2542 τικῶς.
133 2511 212 2550 Κοινῇ
226 2511 278 2550 γάρ
292 2522 356 2551 φησι
372 2503 496 2545 πάντας,
515 2511 544 2539 οὐ
558 2508 601 2539 τὸν
618 2509 690 2538 δεῖνα
706 2505 752 2536 καὶ
766 2503 812 2551 τὸν

41 2551 110 2583 διῖνα.
124 2549 269 2588 Τοσοῦτους
281 2549 308 2585 8i
328 2555 541 2595 προσηγόρευσεν
564 2555 590 2583 ἐν
663 2549 813 2587 Ἐπιστολῇ

41 2595 127 2637 ταύτῃ,
140 2597 201 2639 ὅπερ
216 2601 262 2629 οὖκ
284 2601 311 2630 ἕν
329 2600 399 2639 ἄλλῃ
416 2600 540 2637 ἐποίησε,
556 2599 600 2628 διὰ
611 2598 642 2628 τὸ
663 2596 745 2636 μήπω
761 2595 816 2622 ἑω-

44 2641 134 2679 Ρακένα(
147 2642 305 2683 Ῥωμαίους.
333 2645 413 2675 Ἐπεὶ
427 2639 472 2675 οὖν
488 2646 523 2678 εἰς
546 2643 594 2681 τὴν
615 2644 691 2674 πόλιν
715 2639 814 2673 ταύτην

42 2686 121 2717 πολλοὶ
132 2689 183 2719 τῶν
199 2691 271 2731 αὐτῷ
292 2690 432 2731 γνωρίμων
454 2689 612 2730 κατέφυγον,
634 2688 741 2722 εἰκότως
756 2688 812 2718 ὀνο-

863 2297 953 2325 neque
978 2287 1068 2316 minor
1085 2288 1203 2316 invideat
1228 2287 1310 2322 116
1333 2286 1433 2323 potiori
1462 2286 1586 2322 :quippe
1608 2286 1670 2322 quia

865 2339 989 2364 sanctum
1004 2334 1130 2362 osculum
1144 2333 1238 2362 omnia
1252 2334 1364 2369 mitiget
1378 2337 1460 2368 atque
1476 2332 1613 2368 adaequat.

906 2392 918 2405 α
934 2380 1061 2408 Salutant
1070 2386 1120 2407 vos
1134 2378 1264 2406 Ecclesiae
1276 2377 1390 2406 Christi.
1409 2389 1422 2401 ι»
1451 2378 1513 2405 Νοιι
1534 2377 1591 2412 ipse
1609 2380 1671 2404 tan-

869 2429 928 2453 tum
939 2432 987 2452 eos
1001 2423 1101 2458 univit,
1111 2431 1209 2452 verum
1219 2423 1306 2451 etiam
1316 2422 1351 2450 ab
1366 2422 1494 2450 Ecclesiis
1506 2422 1626 2450 salutem
1635 2421 1671 2449 il-

868 2469 901 2498 lis
929 2469 1104 2502 transmittit,
1119 2475 1174 2504 qua
1197 2468 1330 2496 uniantur
1355 2467 1612 2503 conjunganturque
1642 2466 1671 2493 in

868 2522 968 2542 unum.
984 2515 1014 2542 In
1034 2520 1181 2542 commune
1204 2513 1278 2540 enim
1293 2519 1402 2545 omnes,
1418 2519 1476 2539 non
1491 2511 1567 2539 hunc
1582 2510 1624 2538 vel
1639 2510 1671 2537 il-

870 2558 928 2588 lum
941 2559 999 2595 jam
1014 2558 1176 2586 nominavit.
1193 2558 1246 2585 Tot
1258 2560 1352 2586 autem
1366 2557 1396 2584 in
1413 2557 1464 2584 hac
1488 2555 1612 2591 Epistola
1625 2562 1672 2582 sa-

870 2605 977 2638 lutavit,
1004 2607 1072 2640 quot
1085 2603 1113 2631 in
1127 2603 1200 2631 nulla
1215 2602 1278 2636 alia,
1292 2610 1325 2631 eo
1350 2601 1424 2637 quod
1447 2603 1589 2629 Romanos
1603 2606 1673 2626 non-

867 2648 936 2677 dum
950 2647 1065 2676 viderat.
1081 2648 1151 2683 Quia
1166 2654 1229 2675 vero
1243 2647 1273 2675 in
1285 2646 1382 2675 urbem
1393 2647 1475 2674 istam
1487 2644 1562 2672 haud
1575 2650 1673 2680 parum

871 2692 964 2726 multi,
979 2692 1027 2728 qui
1053 2691 1105 2728 ipsi
1126 2691 1230 2728 cogniti
1255 2690 1374 2725 fuerant,
1398 2689 1595 2725 confugerant,
1616 2694 1674 2715 non

722 2760 817 2790 Variae
838 2760 992 2791 lectiones.

74 2802 92 2821 ⁵⁸
103 2802 200 2833 διπλοῦν
210 2805 241 2834 τὸ
254 2806 349 2843 ἆγαθδν
363 2815 402 2835 m.

136 2851 244 2881 PATROL.
263 2852 315 2882 Gn.
338 2852 446 2880 CXXIV.

1499 2847 1531 2875 18
