  <div class='ocr_page' id='page_1' title='image "/cluster/home/n/w/nwhite01/storage/ocr_20150623/124/njp.32101010942728/399.png"; bbox 0 0 1881 3081; ppageno 0'>
   <div class='ocr_carea' id='block_1_1' title="bbox 230 147 281 174">
    <p class='ocr_par' dir='ltr' id='par_1_1' title="bbox 230 147 281 174">
     <span class='ocr_line' id='line_1_1' title="bbox 230 147 281 174; baseline -0.02 0"><span class='ocrx_word' id='word_1_1' title='bbox 230 147 281 174; x_wconf 73' lang='lat'><strong>555</strong></span> 
     </span>
    </p>
   </div>
   <div class='ocr_carea' id='block_1_2' title="bbox 742 146 1848 175">
    <p class='ocr_par' dir='ltr' id='par_1_2' title="bbox 742 146 1848 175">
     <span class='ocr_line' id='line_1_2' title="bbox 742 146 1848 175; baseline 0 -1"><span class='ocrx_word' id='word_1_2' title='bbox 742 146 998 174; x_wconf 78' lang='lat' dir='ltr'><strong>THEOPHYLACTI</strong></span> <span class='ocrx_word' id='word_1_3' title='bbox 1018 147 1196 175; x_wconf 73' lang='lat' dir='ltr'><strong>BULGARLE</strong></span> <span class='ocrx_word' id='word_1_4' title='bbox 1216 146 1373 174; x_wconf 76' lang='lat' dir='ltr'><strong>ARCHIEP.</strong></span> <span class='ocrx_word' id='word_1_5' title='bbox 1811 148 1848 174; x_wconf 69' lang='grc' dir='ltr'><strong>ιιι</strong></span> 
     </span>
    </p>
   </div>
   <div class='ocr_carea' id='block_1_3' title="bbox 229 207 1016 248">
    <p class='ocr_par' dir='ltr' id='par_1_3' title="bbox 229 207 1016 237">
     <span class='ocr_line' id='line_1_3' title="bbox 229 207 1016 237; baseline 0.001 -1"><span class='ocrx_word' id='word_1_6' title='bbox 229 207 369 236; x_wconf 86' lang='lat' dir='ltr'><strong>immerito</strong></span> <span class='ocrx_word' id='word_1_7' title='bbox 389 207 554 236; x_wconf 79' lang='lat' dir='ltr'><strong>nominatim</strong></span> <span class='ocrx_word' id='word_1_8' title='bbox 581 207 750 237; x_wconf 85' lang='lat' dir='ltr'><strong>mentionem</strong></span> <span class='ocrx_word' id='word_1_9' title='bbox 777 209 888 237; x_wconf 88' lang='lat' dir='ltr'><strong>illorum</strong></span> <span class='ocrx_word' id='word_1_10' title='bbox 910 208 1016 237; x_wconf 79' lang='lat' dir='ltr'><strong>faciens.</strong></span> 
     </span>
    </p>
   </div>
   <div class='ocr_carea' id='block_1_4' title="bbox 1078 207 1849 248">
    <p class='ocr_par' dir='ltr' id='par_1_4' title="bbox 1078 208 1849 248">
     <span class='ocr_line' id='line_1_4' title="bbox 1078 208 1849 248; baseline 0 -10"><span class='ocrx_word' id='word_1_11' title='bbox 1078 209 1161 247; x_wconf 80' lang='grc' dir='ltr'>μαστὶ</span> <span class='ocrx_word' id='word_1_12' title='bbox 1187 210 1273 239; x_wconf 73' lang='grc' dir='ltr'>αὐτῶν</span> <span class='ocrx_word' id='word_1_13' title='bbox 1310 208 1499 248; x_wconf 72' lang='grc' dir='ltr'><strong>μεμνημένος,</strong></span> <span class='ocrx_word' id='word_1_14' title='bbox 1535 208 1673 244; x_wconf 77' lang='grc' dir='ltr'><strong>συνίστησι</strong></span> <span class='ocrx_word' id='word_1_15' title='bbox 1699 208 1787 242; x_wconf 79' lang='grc' dir='ltr'>αὐτοὺς</span> <span class='ocrx_word' id='word_1_16' title='bbox 1818 210 1849 238; x_wconf 75' lang='grc' dir='ltr'><strong>διὰ</strong></span> 
     </span>
    </p>
   </div>
   <div class='ocr_carea' id='block_1_5' title="bbox 227 251 650 289">
    <p class='ocr_par' dir='ltr' id='par_1_5' title="bbox 227 251 650 289">
     <span class='ocr_line' id='line_1_5' title="bbox 227 251 650 289; baseline 0.002 -9"><span class='ocrx_word' id='word_1_17' title='bbox 227 251 406 281; x_wconf 83' lang='lat' dir='ltr'><strong>commendat</strong></span> <span class='ocrx_word' id='word_1_18' title='bbox 416 260 463 281; x_wconf 90' lang='lat' dir='ltr'><strong>eos</strong></span> <span class='ocrx_word' id='word_1_19' title='bbox 476 260 523 289; x_wconf 89' lang='lat' dir='ltr'><strong>per</strong></span> <span class='ocrx_word' id='word_1_20' title='bbox 539 252 650 281; x_wconf 89' lang='lat' dir='ltr'><strong>litteras.</strong></span> 
     </span>
    </p>
   </div>
   <div class='ocr_carea' id='block_1_6' title="bbox 264 297 1023 334">
    <p class='ocr_par' dir='ltr' id='par_1_6' title="bbox 264 297 1023 334">
     <span class='ocr_line' id='line_1_6' title="bbox 264 297 1023 334; baseline 0.001 -8"><span class='ocrx_word' id='word_1_21' title='bbox 264 298 351 326; x_wconf 79' lang='lat' dir='ltr'><strong>Vna.</strong></span> <span class='ocrx_word' id='word_1_22' title='bbox 367 300 410 325; x_wconf 79' lang='lat'><strong>17.</strong></span> <span class='ocrx_word' id='word_1_23' title='bbox 427 308 440 322; x_wconf 69' lang='grc' dir='ltr'><strong>α</strong></span> <span class='ocrx_word' id='word_1_24' title='bbox 451 297 530 334; x_wconf 79' lang='lat' dir='ltr'><strong>Rogo</strong></span> <span class='ocrx_word' id='word_1_25' title='bbox 546 301 639 326; x_wconf 90' lang='lat' dir='ltr'><strong>autem</strong></span> <span class='ocrx_word' id='word_1_26' title='bbox 648 305 708 332; x_wconf 79' lang='lat' dir='ltr'><strong>vos,</strong></span> <span class='ocrx_word' id='word_1_27' title='bbox 725 298 834 333; x_wconf 83' lang='lat' dir='ltr'><strong>fratres,</strong></span> <span class='ocrx_word' id='word_1_28' title='bbox 849 302 880 327; x_wconf 92' lang='lat' dir='ltr'><strong>ut</strong></span> <span class='ocrx_word' id='word_1_29' title='bbox 896 298 1023 327; x_wconf 87' lang='lat' dir='ltr'><strong>observe-</strong></span> 
     </span>
    </p>
   </div>
   <div class='ocr_carea' id='block_1_7' title="bbox 227 342 1024 380">
    <p class='ocr_par' dir='ltr' id='par_1_7' title="bbox 227 342 1024 380">
     <span class='ocr_line' id='line_1_7' title="bbox 227 342 1024 380; baseline 0.004 -10"><span class='ocrx_word' id='word_1_30' title='bbox 227 343 263 371; x_wconf 95' lang='lat' dir='ltr'><strong>tis</strong></span> <span class='ocrx_word' id='word_1_31' title='bbox 286 350 333 371; x_wconf 90' lang='lat' dir='ltr'><strong>eos</strong></span> <span class='ocrx_word' id='word_1_32' title='bbox 346 342 392 379; x_wconf 87' lang='lat' dir='ltr'><strong>qui</strong></span> <span class='ocrx_word' id='word_1_33' title='bbox 406 342 591 371; x_wconf 77' lang='lat' dir='ltr'><strong>dissensiones</strong></span> <span class='ocrx_word' id='word_1_34' title='bbox 617 347 645 371; x_wconf 87' lang='lat' dir='ltr'><strong>et</strong></span> <span class='ocrx_word' id='word_1_35' title='bbox 663 342 837 376; x_wconf 81' lang='lat' dir='ltr'><strong>offendicula.</strong></span> <span class='ocrx_word' id='word_1_36' title='bbox 860 349 958 380; x_wconf 65' lang='lat' dir='ltr'><strong>preter</strong></span> <span class='ocrx_word' id='word_1_37' title='bbox 979 345 1024 373; x_wconf 92' lang='lat' dir='ltr'><strong>do-</strong></span> 
     </span>
    </p>
   </div>
   <div class='ocr_carea' id='block_1_8' title="bbox 226 387 1023 424">
    <p class='ocr_par' dir='ltr' id='par_1_8' title="bbox 226 387 1023 424">
     <span class='ocr_line' id='line_1_8' title="bbox 226 387 1023 424; baseline 0.004 -9"><span class='ocrx_word' id='word_1_38' title='bbox 226 387 343 416; x_wconf 87' lang='lat' dir='ltr'><strong>ctrinam</strong></span> <span class='ocrx_word' id='word_1_39' title='bbox 352 395 436 424; x_wconf 86' lang='lat' dir='ltr'><strong>quam</strong></span> <span class='ocrx_word' id='word_1_40' title='bbox 444 395 496 416; x_wconf 87' lang='lat' dir='ltr'><strong>vos</strong></span> <span class='ocrx_word' id='word_1_41' title='bbox 506 387 650 423; x_wconf 79' lang='lat' dir='ltr'><strong>didicistis,</strong></span> <span class='ocrx_word' id='word_1_42' title='bbox 662 387 777 417; x_wconf 88' lang='lat' dir='ltr'><strong>faciunt.</strong></span> <span class='ocrx_word' id='word_1_43' title='bbox 788 401 801 413; x_wconf 70' lang='grc' dir='ltr'><strong>υ</strong></span> <span class='ocrx_word' id='word_1_44' title='bbox 816 391 920 418; x_wconf 85' lang='lat' dir='ltr'><strong>Rursus</strong></span> <span class='ocrx_word' id='word_1_45' title='bbox 927 389 1023 418; x_wconf 89' lang='lat' dir='ltr'><strong>admo-</strong></span> 
     </span>
    </p>
   </div>
   <div class='ocr_carea' id='block_1_9' title="bbox 226 432 1020 471">
    <p class='ocr_par' dir='ltr' id='par_1_9' title="bbox 226 432 1020 471">
     <span class='ocr_line' id='line_1_9' title="bbox 226 432 1020 471; baseline 0.004 -11"><span class='ocrx_word' id='word_1_46' title='bbox 226 435 283 467; x_wconf 87' lang='lat' dir='ltr'><strong>net,</strong></span> <span class='ocrx_word' id='word_1_47' title='bbox 308 439 365 461; x_wconf 91' lang='lat' dir='ltr'><strong>non</strong></span> <span class='ocrx_word' id='word_1_48' title='bbox 400 432 481 460; x_wconf 89' lang='lat' dir='ltr'><strong>veluti</strong></span> <span class='ocrx_word' id='word_1_49' title='bbox 516 433 667 466; x_wconf 85' lang='lat' dir='ltr'><strong>consultor,</strong></span> <span class='ocrx_word' id='word_1_50' title='bbox 695 433 743 462; x_wconf 89' lang='lat' dir='ltr'><strong>sed</strong></span> <span class='ocrx_word' id='word_1_51' title='bbox 771 433 899 470; x_wconf 88' lang='lat' dir='ltr'><strong>supplicis</strong></span> <span class='ocrx_word' id='word_1_52' title='bbox 924 435 1020 471; x_wconf 86' lang='lat' dir='ltr'><strong>instar,</strong></span> 
     </span>
    </p>
   </div>
   <div class='ocr_carea' id='block_1_10' title="bbox 226 477 1020 515">
    <p class='ocr_par' dir='ltr' id='par_1_10' title="bbox 226 477 1020 515">
     <span class='ocr_line' id='line_1_10' title="bbox 226 477 1020 515; baseline 0.005 -11"><span class='ocrx_word' id='word_1_53' title='bbox 226 484 388 514; x_wconf 86' lang='lat' dir='ltr'><strong>summaque</strong></span> <span class='ocrx_word' id='word_1_54' title='bbox 409 485 474 505; x_wconf 86' lang='lat' dir='ltr'><strong>cum</strong></span> <span class='ocrx_word' id='word_1_55' title='bbox 494 477 656 505; x_wconf 89' lang='lat' dir='ltr'><strong>reverentia.</strong></span> <span class='ocrx_word' id='word_1_56' title='bbox 680 478 790 506; x_wconf 80' lang='lat' dir='ltr'><strong>Fratres</strong></span> <span class='ocrx_word' id='word_1_57' title='bbox 804 479 879 507; x_wconf 90' lang='lat' dir='ltr'><strong>enim</strong></span> <span class='ocrx_word' id='word_1_58' title='bbox 895 479 1020 515; x_wconf 88' lang='lat' dir='ltr'><strong>appellat.</strong></span> 
     </span>
    </p>
   </div>
   <div class='ocr_carea' id='block_1_11' title="bbox 225 521 1022 559">
    <p class='ocr_par' dir='ltr' id='par_1_11' title="bbox 225 521 1022 559">
     <span class='ocr_line' id='line_1_11' title="bbox 225 521 1022 559; baseline 0.003 -9"><span class='ocrx_word' id='word_1_59' title='bbox 225 521 450 550; x_wconf 86' lang='lat' dir='ltr'><strong>Fraudulentiam</strong></span> <span class='ocrx_word' id='word_1_60' title='bbox 462 525 556 550; x_wconf 89' lang='lat' dir='ltr'><strong>autem</strong></span> <span class='ocrx_word' id='word_1_61' title='bbox 568 522 796 551; x_wconf 84' lang='lat' dir='ltr'><strong>calumniantium</strong></span> <span class='ocrx_word' id='word_1_62' title='bbox 818 523 1022 559; x_wconf 79' lang='lat' dir='ltr'><strong>demonstrans,</strong></span> 
     </span>
    </p>
   </div>
   <div class='ocr_carea' id='block_1_12' title="bbox 225 566 1022 603">
    <p class='ocr_par' dir='ltr' id='par_1_12' title="bbox 225 566 1022 603">
     <span class='ocr_line' id='line_1_12' title="bbox 225 566 1022 603; baseline 0.004 -8"><span class='ocrx_word' id='word_1_63' title='bbox 225 567 273 601; x_wconf 81' lang='lat' dir='ltr'><strong>ait,</strong></span> <span class='ocrx_word' id='word_1_64' title='bbox 287 567 440 600; x_wconf 86' lang='lat' dir='ltr'><strong>observate,</strong></span> <span class='ocrx_word' id='word_1_65' title='bbox 456 566 509 595; x_wconf 88' lang='lat' dir='ltr'><strong>hoc</strong></span> <span class='ocrx_word' id='word_1_66' title='bbox 523 571 575 601; x_wconf 91' lang='lat' dir='ltr'><strong>est,</strong></span> <span class='ocrx_word' id='word_1_67' title='bbox 590 566 717 603; x_wconf 87' lang='lat' dir='ltr'><strong>inquirite</strong></span> <span class='ocrx_word' id='word_1_68' title='bbox 736 568 764 595; x_wconf 90' lang='lat' dir='ltr'><strong>in</strong></span> <span class='ocrx_word' id='word_1_69' title='bbox 775 575 823 596; x_wconf 90' lang='lat' dir='ltr'><strong>eos</strong></span> <span class='ocrx_word' id='word_1_70' title='bbox 834 575 942 597; x_wconf 89' lang='lat' dir='ltr'><strong>summa</strong></span> <span class='ocrx_word' id='word_1_71' title='bbox 957 576 1022 597; x_wconf 91' lang='lat' dir='ltr'><strong>cum</strong></span> 
     </span>
    </p>
   </div>
   <div class='ocr_carea' id='block_1_13' title="bbox 225 611 1023 647">
    <p class='ocr_par' dir='ltr' id='par_1_13' title="bbox 225 611 1023 647">
     <span class='ocr_line' id='line_1_13' title="bbox 225 611 1023 647; baseline 0.003 -8"><span class='ocrx_word' id='word_1_72' title='bbox 225 611 375 647; x_wconf 78' lang='lat' dir='ltr'><strong>diligentia.</strong></span> <span class='ocrx_word' id='word_1_73' title='bbox 391 611 517 640; x_wconf 88' lang='lat' dir='ltr'><strong>Primum</strong></span> <span class='ocrx_word' id='word_1_74' title='bbox 539 615 631 640; x_wconf 89' lang='lat' dir='ltr'><strong>autem</strong></span> <span class='ocrx_word' id='word_1_75' title='bbox 654 611 834 641; x_wconf 83' lang='lat' dir='ltr'><strong>dissensiones</strong></span> <span class='ocrx_word' id='word_1_76' title='bbox 847 616 922 647; x_wconf 87' lang='lat' dir='ltr'><strong>sunt,</strong></span> <span class='ocrx_word' id='word_1_77' title='bbox 946 612 1023 642; x_wconf 88' lang='lat' dir='ltr'><strong>dein-</strong></span> 
     </span>
    </p>
   </div>
   <div class='ocr_carea' id='block_1_14' title="bbox 224 655 1022 694">
    <p class='ocr_par' dir='ltr' id='par_1_14' title="bbox 224 655 1022 694">
     <span class='ocr_line' id='line_1_14' title="bbox 224 655 1022 694; baseline 0.001 -10"><span class='ocrx_word' id='word_1_78' title='bbox 224 656 258 684; x_wconf 92' lang='lat' dir='ltr'><strong>de</strong></span> <span class='ocrx_word' id='word_1_79' title='bbox 279 656 414 685; x_wconf 86' lang='lat' dir='ltr'><strong>scandala.</strong></span> <span class='ocrx_word' id='word_1_80' title='bbox 443 655 584 693; x_wconf 84' lang='lat' dir='ltr'><strong>Tantisper</strong></span> <span class='ocrx_word' id='word_1_81' title='bbox 611 656 686 684; x_wconf 89' lang='lat' dir='ltr'><strong>enim</strong></span> <span class='ocrx_word' id='word_1_82' title='bbox 700 656 767 685; x_wconf 90' lang='lat' dir='ltr'><strong>dum</strong></span> <span class='ocrx_word' id='word_1_83' title='bbox 787 665 888 694; x_wconf 87' lang='lat' dir='ltr'><strong>corpus</strong></span> <span class='ocrx_word' id='word_1_84' title='bbox 913 657 1022 686; x_wconf 90' lang='lat' dir='ltr'><strong>unitum</strong></span> 
     </span>
    </p>
   </div>
   <div class='ocr_carea' id='block_1_15' title="bbox 224 701 1022 738">
    <p class='ocr_par' dir='ltr' id='par_1_15' title="bbox 224 701 1022 738">
     <span class='ocr_line' id='line_1_15' title="bbox 224 701 1022 738; baseline 0 -8"><span class='ocrx_word' id='word_1_85' title='bbox 224 701 318 736; x_wconf 86' lang='lat' dir='ltr'><strong>fuerit,</strong></span> <span class='ocrx_word' id='word_1_86' title='bbox 344 709 401 730; x_wconf 91' lang='lat' dir='ltr'><strong>non</strong></span> <span class='ocrx_word' id='word_1_87' title='bbox 427 705 542 738; x_wconf 88' lang='lat' dir='ltr'><strong>possunt</strong></span> <span class='ocrx_word' id='word_1_88' title='bbox 558 701 676 737; x_wconf 78' lang='lat' dir='ltr'><strong>irrepere</strong></span> <span class='ocrx_word' id='word_1_89' title='bbox 689 701 815 730; x_wconf 82' lang='lat' dir='ltr'><strong>scandala</strong></span> <span class='ocrx_word' id='word_1_90' title='bbox 831 711 838 730; x_wconf 86' lang='lat'><strong>:</strong></span> <span class='ocrx_word' id='word_1_91' title='bbox 861 703 912 730; x_wconf 88' lang='lat' dir='ltr'><strong>ista</strong></span> <span class='ocrx_word' id='word_1_92' title='bbox 930 706 1022 730; x_wconf 89' lang='lat' dir='ltr'><strong>autem</strong></span> 
     </span>
    </p>
   </div>
   <div class='ocr_carea' id='block_1_16' title="bbox 223 745 1022 783">
    <p class='ocr_par' dir='ltr' id='par_1_16' title="bbox 223 745 1022 783">
     <span class='ocr_line' id='line_1_16' title="bbox 223 745 1022 783; baseline -0.001 -8"><span class='ocrx_word' id='word_1_93' title='bbox 223 750 288 775; x_wconf 86' lang='lat' dir='ltr'><strong>sunt</strong></span> <span class='ocrx_word' id='word_1_94' title='bbox 309 745 427 775; x_wconf 66' lang='lat' dir='ltr'><strong>hereses</strong></span> <span class='ocrx_word' id='word_1_95' title='bbox 443 754 450 773; x_wconf 89' lang='lat'><strong>:</strong></span> <span class='ocrx_word' id='word_1_96' title='bbox 470 753 549 780; x_wconf 88' lang='lat' dir='ltr'><strong>nam,</strong></span> <span class='ocrx_word' id='word_1_97' title='bbox 567 755 579 771; x_wconf 80' lang='grc' dir='ltr'><strong>ι</strong></span> <span class='ocrx_word' id='word_1_98' title='bbox 597 749 696 782; x_wconf 77' lang='lat' dir='ltr'><strong>praeter</strong></span> <span class='ocrx_word' id='word_1_99' title='bbox 714 745 870 774; x_wconf 84' lang='lat' dir='ltr'><strong>doctrinam</strong></span> <span class='ocrx_word' id='word_1_100' title='bbox 884 758 897 770; x_wconf 74' lang='grc' dir='ltr'>ιο</span> <span class='ocrx_word' id='word_1_101' title='bbox 922 746 1022 783; x_wconf 89' lang='lat' dir='ltr'><strong>inquit,</strong></span> 
     </span>
    </p>
   </div>
   <div class='ocr_carea' id='block_1_17' title="bbox 225 789 1018 827">
    <p class='ocr_par' dir='ltr' id='par_1_17' title="bbox 225 789 1018 827">
     <span class='ocr_line' id='line_1_17' title="bbox 225 789 1018 827; baseline 0 -8"><span class='ocrx_word' id='word_1_102' title='bbox 225 801 238 815; x_wconf 75' lang='grc' dir='ltr'><strong>α</strong></span> <span class='ocrx_word' id='word_1_103' title='bbox 253 796 340 827; x_wconf 86' lang='lat' dir='ltr'><strong>quam</strong></span> <span class='ocrx_word' id='word_1_104' title='bbox 354 798 403 818; x_wconf 90' lang='lat' dir='ltr'><strong>vos</strong></span> <span class='ocrx_word' id='word_1_105' title='bbox 414 790 556 818; x_wconf 85' lang='lat' dir='ltr'><strong>didicistis.</strong></span> <span class='ocrx_word' id='word_1_106' title='bbox 573 801 586 815; x_wconf 70' lang='grc' dir='ltr'><strong>υ</strong></span> <span class='ocrx_word' id='word_1_107' title='bbox 597 791 661 818; x_wconf 90' lang='lat' dir='ltr'><strong>Non</strong></span> <span class='ocrx_word' id='word_1_108' title='bbox 672 789 750 826; x_wconf 84' lang='lat' dir='ltr'><strong>dixit,</strong></span> <span class='ocrx_word' id='word_1_109' title='bbox 763 798 848 827; x_wconf 89' lang='lat' dir='ltr'><strong>quam</strong></span> <span class='ocrx_word' id='word_1_110' title='bbox 862 791 1018 826; x_wconf 88' lang='lat' dir='ltr'><strong>docuimus,</strong></span> 
     </span>
    </p>
   </div>
   <div class='ocr_carea' id='block_1_18' title="bbox 222 833 1018 870">
    <p class='ocr_par' dir='ltr' id='par_1_18' title="bbox 222 833 1018 870">
     <span class='ocr_line' id='line_1_18' title="bbox 222 833 1018 870; baseline 0.003 -8"><span class='ocrx_word' id='word_1_111' title='bbox 222 834 271 862; x_wconf 89' lang='lat' dir='ltr'><strong>sed</strong></span> <span class='ocrx_word' id='word_1_112' title='bbox 284 842 291 862; x_wconf 89' lang='lat'><strong>:</strong></span> <span class='ocrx_word' id='word_1_113' title='bbox 309 845 322 859; x_wconf 82' lang='grc' dir='ltr'><strong>ιι</strong></span> <span class='ocrx_word' id='word_1_114' title='bbox 337 841 422 870; x_wconf 88' lang='lat' dir='ltr'><strong>quam</strong></span> <span class='ocrx_word' id='word_1_115' title='bbox 436 833 570 862; x_wconf 83' lang='lat' dir='ltr'><strong>didicistis</strong></span> <span class='ocrx_word' id='word_1_116' title='bbox 586 842 593 862; x_wconf 92' lang='lat'>:</span> <span class='ocrx_word' id='word_1_117' title='bbox 611 846 623 859; x_wconf 71' lang='grc' dir='ltr'>ι)</span> <span class='ocrx_word' id='word_1_118' title='bbox 638 838 811 863; x_wconf 83' lang='lat' dir='ltr'><strong>antevertens</strong></span> <span class='ocrx_word' id='word_1_119' title='bbox 833 842 881 863; x_wconf 87' lang='lat' dir='ltr'><strong>eos</strong></span> <span class='ocrx_word' id='word_1_120' title='bbox 893 843 924 863; x_wconf 84' lang='lat' dir='ltr'><strong>ac</strong></span> <span class='ocrx_word' id='word_1_121' title='bbox 937 843 1018 864; x_wconf 89' lang='lat' dir='ltr'><strong>mon-</strong></span> 
     </span>
    </p>
   </div>
   <div class='ocr_carea' id='block_1_19' title="bbox 222 879 1019 918">
    <p class='ocr_par' dir='ltr' id='par_1_19' title="bbox 222 879 1019 918">
     <span class='ocr_line' id='line_1_19' title="bbox 222 879 1019 918; baseline 0.004 -12"><span class='ocrx_word' id='word_1_122' title='bbox 222 882 321 913; x_wconf 87' lang='lat' dir='ltr'><strong>stran,</strong></span> <span class='ocrx_word' id='word_1_123' title='bbox 333 879 394 914; x_wconf 86' lang='lat' dir='ltr'><strong>jam</strong></span> <span class='ocrx_word' id='word_1_124' title='bbox 406 886 551 916; x_wconf 86' lang='lat' dir='ltr'><strong>persuasos</strong></span> <span class='ocrx_word' id='word_1_125' title='bbox 564 887 622 908; x_wconf 88' lang='lat' dir='ltr'><strong>esse</strong></span> <span class='ocrx_word' id='word_1_126' title='bbox 634 884 716 916; x_wconf 89' lang='lat' dir='ltr'><strong>atque</strong></span> <span class='ocrx_word' id='word_1_127' title='bbox 738 880 886 916; x_wconf 78' lang='lat' dir='ltr'><strong>recepisse,</strong></span> <span class='ocrx_word' id='word_1_128' title='bbox 902 880 1019 918; x_wconf 87' lang='lat' dir='ltr'><strong>ideoque</strong></span> 
     </span>
    </p>
   </div>
   <div class='ocr_carea' id='block_1_20' title="bbox 222 924 1020 962">
    <p class='ocr_par' dir='ltr' id='par_1_20' title="bbox 222 924 1020 962">
     <span class='ocr_line' id='line_1_20' title="bbox 222 924 1020 962; baseline 0.004 -10"><span class='ocrx_word' id='word_1_129' title='bbox 222 931 384 961; x_wconf 81' lang='lat' dir='ltr'><strong>permanere</strong></span> <span class='ocrx_word' id='word_1_130' title='bbox 404 924 504 954; x_wconf 86' lang='lat' dir='ltr'><strong>debere</strong></span> <span class='ocrx_word' id='word_1_131' title='bbox 529 925 558 953; x_wconf 92' lang='lat' dir='ltr'><strong>in</strong></span> <span class='ocrx_word' id='word_1_132' title='bbox 579 925 611 953; x_wconf 88' lang='lat' dir='ltr'><strong>iis</strong></span> <span class='ocrx_word' id='word_1_133' title='bbox 626 932 689 961; x_wconf 73' lang='lat' dir='ltr'><strong>quae</strong></span> <span class='ocrx_word' id='word_1_134' title='bbox 707 930 880 962; x_wconf 83' lang='lat' dir='ltr'><strong>acceperunt.</strong></span> <span class='ocrx_word' id='word_1_135' title='bbox 900 926 1020 955; x_wconf 87' lang='lat' dir='ltr'><strong>Dissidia</strong></span> 
     </span>
    </p>
   </div>
   <div class='ocr_carea' id='block_1_21' title="bbox 222 968 1019 1008">
    <p class='ocr_par' dir='ltr' id='par_1_21' title="bbox 222 968 1019 1008">
     <span class='ocr_line' id='line_1_21' title="bbox 222 968 1019 1008; baseline 0.003 -10"><span class='ocrx_word' id='word_1_136' title='bbox 222 969 306 1006; x_wconf 90' lang='lat' dir='ltr'><strong>igitur</strong></span> <span class='ocrx_word' id='word_1_137' title='bbox 329 973 356 998; x_wconf 89' lang='lat' dir='ltr'><strong>et</strong></span> <span class='ocrx_word' id='word_1_138' title='bbox 372 968 502 998; x_wconf 90' lang='lat' dir='ltr'><strong>scandala</strong></span> <span class='ocrx_word' id='word_1_139' title='bbox 524 977 574 998; x_wconf 84' lang='lat' dir='ltr'><strong>seu</strong></span> <span class='ocrx_word' id='word_1_140' title='bbox 587 969 716 1005; x_wconf 68' lang='lat' dir='ltr'><strong>haereses,</strong></span> <span class='ocrx_word' id='word_1_141' title='bbox 731 971 765 998; x_wconf 86' lang='lat' dir='ltr'><strong>ab</strong></span> <span class='ocrx_word' id='word_1_142' title='bbox 784 971 819 999; x_wconf 88' lang='lat' dir='ltr'><strong>iis</strong></span> <span class='ocrx_word' id='word_1_143' title='bbox 832 971 878 1007; x_wconf 87' lang='lat' dir='ltr'><strong>qui</strong></span> <span class='ocrx_word' id='word_1_144' title='bbox 891 971 1019 1008; x_wconf 75' lang='lat' dir='ltr'><strong>dogmata</strong></span> 
     </span>
    </p>
   </div>
   <div class='ocr_carea' id='block_1_22' title="bbox 221 1014 1019 1051">
    <p class='ocr_par' dir='ltr' id='par_1_22' title="bbox 221 1014 1019 1051">
     <span class='ocr_line' id='line_1_22' title="bbox 221 1014 1019 1051; baseline 0 -7"><span class='ocrx_word' id='word_1_145' title='bbox 221 1018 323 1051; x_wconf 62' lang='lat' dir='ltr'><strong>preter</strong></span> <span class='ocrx_word' id='word_1_146' title='bbox 335 1014 515 1051; x_wconf 81' lang='lat' dir='ltr'><strong>apostolicam</strong></span> <span class='ocrx_word' id='word_1_147' title='bbox 538 1014 739 1043; x_wconf 82' lang='lat' dir='ltr'><strong>institutionem</strong></span> <span class='ocrx_word' id='word_1_148' title='bbox 757 1015 880 1050; x_wconf 87' lang='lat' dir='ltr'><strong>tradunt,</strong></span> <span class='ocrx_word' id='word_1_149' title='bbox 895 1015 1019 1045; x_wconf 91' lang='lat' dir='ltr'><strong>introdu-</strong></span> 
     </span>
    </p>
   </div>
   <div class='ocr_carea' id='block_1_23' title="bbox 221 1063 332 1088">
    <p class='ocr_par' dir='ltr' id='par_1_23' title="bbox 221 1063 332 1088">
     <span class='ocr_line' id='line_1_23' title="bbox 221 1063 332 1088; baseline 0.009 -1"><span class='ocrx_word' id='word_1_150' title='bbox 221 1063 332 1088; x_wconf 88' lang='lat' dir='ltr'><strong>cuntur.</strong></span> 
     </span>
    </p>
   </div>
   <div class='ocr_carea' id='block_1_24' title="bbox 257 1105 1019 1142">
    <p class='ocr_par' dir='ltr' id='par_1_24' title="bbox 257 1105 1019 1142">
     <span class='ocr_line' id='line_1_24' title="bbox 257 1105 1019 1142; baseline 0.001 -9"><span class='ocrx_word' id='word_1_151' title='bbox 257 1105 346 1133; x_wconf 76' lang='lat' dir='ltr'><strong>Vsus.</strong></span> <span class='ocrx_word' id='word_1_152' title='bbox 364 1107 408 1137; x_wconf 82' lang='grc'><strong>17,</strong></span> <span class='ocrx_word' id='word_1_153' title='bbox 427 1108 468 1133; x_wconf 88' lang='grc'><strong>18.</strong></span> <span class='ocrx_word' id='word_1_154' title='bbox 491 1116 503 1129; x_wconf 72' lang='grc' dir='ltr'>τι</span> <span class='ocrx_word' id='word_1_155' title='bbox 520 1105 663 1133; x_wconf 88' lang='lat' dir='ltr'><strong>Declinate</strong></span> <span class='ocrx_word' id='word_1_156' title='bbox 685 1105 719 1133; x_wconf 87' lang='lat' dir='ltr'><strong>ab</strong></span> <span class='ocrx_word' id='word_1_157' title='bbox 741 1105 807 1141; x_wconf 88' lang='lat' dir='ltr'><strong>ipsis</strong></span> <span class='ocrx_word' id='word_1_158' title='bbox 829 1115 837 1133; x_wconf 84' lang='lat'><strong>:</strong></span> <span class='ocrx_word' id='word_1_159' title='bbox 859 1105 1019 1142; x_wconf 88' lang='lat' dir='ltr'><strong>hujusmodi</strong></span> 
     </span>
    </p>
   </div>
   <div class='ocr_carea' id='block_1_25' title="bbox 222 1149 1020 1185">
    <p class='ocr_par' dir='ltr' id='par_1_25' title="bbox 222 1149 1020 1185">
     <span class='ocr_line' id='line_1_25' title="bbox 222 1149 1020 1185; baseline 0.003 -8"><span class='ocrx_word' id='word_1_160' title='bbox 222 1149 296 1178; x_wconf 89' lang='lat' dir='ltr'><strong>enim</strong></span> <span class='ocrx_word' id='word_1_161' title='bbox 306 1150 428 1178; x_wconf 89' lang='lat' dir='ltr'><strong>Domino</strong></span> <span class='ocrx_word' id='word_1_162' title='bbox 442 1154 538 1178; x_wconf 89' lang='lat' dir='ltr'><strong>nostro</strong></span> <span class='ocrx_word' id='word_1_163' title='bbox 552 1151 618 1178; x_wconf 87' lang='lat' dir='ltr'><strong>Jesu</strong></span> <span class='ocrx_word' id='word_1_164' title='bbox 630 1149 740 1178; x_wconf 81' lang='lat' dir='ltr'><strong>Christo</strong></span> <span class='ocrx_word' id='word_1_165' title='bbox 752 1158 809 1178; x_wconf 90' lang='lat' dir='ltr'><strong>non</strong></span> <span class='ocrx_word' id='word_1_166' title='bbox 824 1151 957 1185; x_wconf 86' lang='lat' dir='ltr'><strong>serviunt,</strong></span> <span class='ocrx_word' id='word_1_167' title='bbox 971 1151 1020 1179; x_wconf 84' lang='lat' dir='ltr'><strong>sed</strong></span> 
     </span>
    </p>
   </div>
   <div class='ocr_carea' id='block_1_26' title="bbox 221 1193 1017 1231">
    <p class='ocr_par' dir='ltr' id='par_1_26' title="bbox 221 1193 1017 1231">
     <span class='ocr_line' id='line_1_26' title="bbox 221 1193 1017 1231; baseline 0 -9"><span class='ocrx_word' id='word_1_168' title='bbox 221 1201 271 1222; x_wconf 90' lang='lat' dir='ltr'><strong>suo</strong></span> <span class='ocrx_word' id='word_1_169' title='bbox 281 1193 402 1229; x_wconf 89' lang='lat' dir='ltr'><strong>ipsorum</strong></span> <span class='ocrx_word' id='word_1_170' title='bbox 414 1194 511 1222; x_wconf 86' lang='lat' dir='ltr'><strong>ventri.</strong></span> <span class='ocrx_word' id='word_1_171' title='bbox 530 1206 541 1218; x_wconf 86' lang='lat'><strong>-</strong></span> <span class='ocrx_word' id='word_1_172' title='bbox 558 1194 683 1229; x_wconf 79' lang='lat' dir='ltr'><strong>Resilite,</strong></span> <span class='ocrx_word' id='word_1_173' title='bbox 694 1195 793 1231; x_wconf 82' lang='lat' dir='ltr'><strong>inquit,</strong></span> <span class='ocrx_word' id='word_1_174' title='bbox 809 1194 843 1222; x_wconf 87' lang='lat' dir='ltr'><strong>ab</strong></span> <span class='ocrx_word' id='word_1_175' title='bbox 855 1194 931 1230; x_wconf 88' lang='lat' dir='ltr'><strong>ipsis.</strong></span> <span class='ocrx_word' id='word_1_176' title='bbox 948 1195 1017 1223; x_wconf 87' lang='lat' dir='ltr'><strong>Nam</strong></span> 
     </span>
    </p>
   </div>
   <div class='ocr_carea' id='block_1_27' title="bbox 219 1238 1020 1275">
    <p class='ocr_par' dir='ltr' id='par_1_27' title="bbox 219 1238 1020 1275">
     <span class='ocr_line' id='line_1_27' title="bbox 219 1238 1020 1275; baseline 0.001 -9"><span class='ocrx_word' id='word_1_177' title='bbox 219 1238 240 1266; x_wconf 86' lang='lat' dir='ltr'><strong>si</strong></span> <span class='ocrx_word' id='word_1_178' title='bbox 259 1238 318 1267; x_wconf 67' lang='lat' dir='ltr'><strong>hmo</strong></span> <span class='ocrx_word' id='word_1_179' title='bbox 331 1246 365 1267; x_wconf 87' lang='lat' dir='ltr'><strong>ex</strong></span> <span class='ocrx_word' id='word_1_180' title='bbox 386 1239 537 1275; x_wconf 73' lang='lat' dir='ltr'><strong>ignorantia</strong></span> <span class='ocrx_word' id='word_1_181' title='bbox 562 1239 603 1267; x_wconf 93' lang='lat' dir='ltr'><strong>vel</strong></span> <span class='ocrx_word' id='word_1_182' title='bbox 629 1247 722 1268; x_wconf 90' lang='lat' dir='ltr'><strong>errore</strong></span> <span class='ocrx_word' id='word_1_183' title='bbox 743 1238 873 1273; x_wconf 87' lang='lat' dir='ltr'><strong>facerent,</strong></span> <span class='ocrx_word' id='word_1_184' title='bbox 891 1247 940 1275; x_wconf 92' lang='lat' dir='ltr'><strong>par</strong></span> <span class='ocrx_word' id='word_1_185' title='bbox 960 1244 1020 1268; x_wconf 88' lang='lat' dir='ltr'><strong>erat</strong></span> 
     </span>
    </p>
   </div>
   <div class='ocr_carea' id='block_1_28' title="bbox 219 1283 1018 1321">
    <p class='ocr_par' dir='ltr' id='par_1_28' title="bbox 219 1283 1018 1321">
     <span class='ocr_line' id='line_1_28' title="bbox 219 1283 1018 1321; baseline 0.004 -10"><span class='ocrx_word' id='word_1_186' title='bbox 219 1283 367 1312; x_wconf 83' lang='lat' dir='ltr'><strong>emendare</strong></span> <span class='ocrx_word' id='word_1_187' title='bbox 381 1294 387 1312; x_wconf 88' lang='lat'><strong>:</strong></span> <span class='ocrx_word' id='word_1_188' title='bbox 402 1284 534 1320; x_wconf 88' lang='lat' dir='ltr'><strong>quoniam</strong></span> <span class='ocrx_word' id='word_1_189' title='bbox 548 1292 614 1313; x_wconf 87' lang='lat' dir='ltr'><strong>vero</strong></span> <span class='ocrx_word' id='word_1_190' title='bbox 637 1285 756 1312; x_wconf 72' lang='lat' dir='ltr'><strong>scienter</strong></span> <span class='ocrx_word' id='word_1_191' title='bbox 779 1288 905 1320; x_wconf 87' lang='lat' dir='ltr'><strong>peccant,</strong></span> <span class='ocrx_word' id='word_1_192' title='bbox 927 1283 1018 1321; x_wconf 91' lang='lat' dir='ltr'><strong>fugite.</strong></span> 
     </span>
    </p>
   </div>
   <div class='ocr_carea' id='block_1_29' title="bbox 217 1328 1020 1366">
    <p class='ocr_par' dir='ltr' id='par_1_29' title="bbox 217 1328 1020 1366">
     <span class='ocr_line' id='line_1_29' title="bbox 217 1328 1020 1366; baseline 0.002 -10"><span class='ocrx_word' id='word_1_193' title='bbox 217 1328 329 1358; x_wconf 62' lang='lat' dir='ltr'><strong>Iudaeos</strong></span> <span class='ocrx_word' id='word_1_194' title='bbox 343 1333 437 1357; x_wconf 89' lang='lat' dir='ltr'><strong>autem</strong></span> <span class='ocrx_word' id='word_1_195' title='bbox 452 1329 590 1365; x_wconf 77' lang='lat' dir='ltr'><strong>intelligit,</strong></span> <span class='ocrx_word' id='word_1_196' title='bbox 615 1336 684 1365; x_wconf 88' lang='lat' dir='ltr'><strong>quos</strong></span> <span class='ocrx_word' id='word_1_197' title='bbox 705 1329 826 1358; x_wconf 82' lang='lat' dir='ltr'><strong>maxime</strong></span> <span class='ocrx_word' id='word_1_198' title='bbox 845 1337 895 1357; x_wconf 91' lang='lat' dir='ltr'><strong>ceu</strong></span> <span class='ocrx_word' id='word_1_199' title='bbox 907 1329 1020 1366; x_wconf 89' lang='lat' dir='ltr'><strong>gulosos</strong></span> 
     </span>
    </p>
   </div>
   <div class='ocr_carea' id='block_1_30' title="bbox 218 1374 1019 1410">
    <p class='ocr_par' dir='ltr' id='par_1_30' title="bbox 218 1374 1019 1410">
     <span class='ocr_line' id='line_1_30' title="bbox 218 1374 1019 1410; baseline 0 -8"><span class='ocrx_word' id='word_1_200' title='bbox 218 1381 330 1410; x_wconf 83' lang='lat' dir='ltr'><strong>carpere</strong></span> <span class='ocrx_word' id='word_1_201' title='bbox 351 1374 440 1403; x_wconf 87' lang='lat' dir='ltr'><strong>solet:</strong></span> <span class='ocrx_word' id='word_1_202' title='bbox 460 1374 620 1402; x_wconf 83' lang='lat' dir='ltr'><strong>universum</strong></span> <span class='ocrx_word' id='word_1_203' title='bbox 640 1374 713 1402; x_wconf 91' lang='lat' dir='ltr'><strong>enim</strong></span> <span class='ocrx_word' id='word_1_204' title='bbox 737 1381 834 1402; x_wconf 88' lang='lat' dir='ltr'><strong>eorum</strong></span> <span class='ocrx_word' id='word_1_205' title='bbox 865 1381 952 1410; x_wconf 87' lang='lat' dir='ltr'><strong>genus</strong></span> <span class='ocrx_word' id='word_1_206' title='bbox 976 1377 1019 1402; x_wconf 89' lang='lat' dir='ltr'><strong>est</strong></span> 
     </span>
    </p>
   </div>
   <div class='ocr_carea' id='block_1_31' title="bbox 217 1418 1015 1455">
    <p class='ocr_par' dir='ltr' id='par_1_31' title="bbox 217 1418 1015 1455">
     <span class='ocr_line' id='line_1_31' title="bbox 217 1418 1015 1455; baseline -0.001 -8"><span class='ocrx_word' id='word_1_207' title='bbox 217 1418 384 1455; x_wconf 89' lang='lat' dir='ltr'><strong>hujusmodi.</strong></span> <span class='ocrx_word' id='word_1_208' title='bbox 401 1420 504 1447; x_wconf 87' lang='lat' dir='ltr'><strong>Omnes</strong></span> <span class='ocrx_word' id='word_1_209' title='bbox 529 1426 612 1454; x_wconf 89' lang='lat' dir='ltr'><strong>porro</strong></span> <span class='ocrx_word' id='word_1_210' title='bbox 627 1419 746 1447; x_wconf 64' lang='lat' dir='ltr'><strong>haereses</strong></span> <span class='ocrx_word' id='word_1_211' title='bbox 761 1418 827 1446; x_wconf 87' lang='lat' dir='ltr'><strong>hinc</strong></span> <span class='ocrx_word' id='word_1_212' title='bbox 850 1422 1015 1452; x_wconf 88' lang='lat' dir='ltr'><strong>nascuntur,</strong></span> 
     </span>
    </p>
   </div>
   <div class='ocr_carea' id='block_1_32' title="bbox 216 1461 1015 1499">
    <p class='ocr_par' dir='ltr' id='par_1_32' title="bbox 216 1461 1015 1499">
     <span class='ocr_line' id='line_1_32' title="bbox 216 1461 1015 1499; baseline 0 -9"><span class='ocrx_word' id='word_1_213' title='bbox 216 1463 347 1491; x_wconf 89' lang='lat' dir='ltr'><strong>nimirum</strong></span> <span class='ocrx_word' id='word_1_214' title='bbox 360 1462 436 1499; x_wconf 90' lang='lat' dir='ltr'><strong>quod</strong></span> <span class='ocrx_word' id='word_1_215' title='bbox 445 1470 541 1490; x_wconf 90' lang='lat' dir='ltr'><strong>eorum</strong></span> <span class='ocrx_word' id='word_1_216' title='bbox 552 1467 677 1491; x_wconf 87' lang='lat' dir='ltr'><strong>auctores</strong></span> <span class='ocrx_word' id='word_1_217' title='bbox 688 1461 833 1490; x_wconf 77' lang='lat' dir='ltr'><strong>affectibus</strong></span> <span class='ocrx_word' id='word_1_218' title='bbox 841 1462 897 1490; x_wconf 89' lang='lat' dir='ltr'><strong>suis</strong></span> <span class='ocrx_word' id='word_1_219' title='bbox 910 1466 938 1491; x_wconf 89' lang='lat' dir='ltr'><strong>et</strong></span> <span class='ocrx_word' id='word_1_220' title='bbox 948 1470 1015 1490; x_wconf 91' lang='lat' dir='ltr'><strong>ven-</strong></span> 
     </span>
    </p>
   </div>
   <div class='ocr_carea' id='block_1_33' title="bbox 218 1507 1016 1544">
    <p class='ocr_par' dir='ltr' id='par_1_33' title="bbox 218 1507 1016 1544">
     <span class='ocr_line' id='line_1_33' title="bbox 218 1507 1016 1544; baseline 0 -8"><span class='ocrx_word' id='word_1_221' title='bbox 218 1509 252 1537; x_wconf 85' lang='lat' dir='ltr'><strong>tri</strong></span> <span class='ocrx_word' id='word_1_222' title='bbox 266 1509 425 1538; x_wconf 84' lang='lat' dir='ltr'><strong>inserviant.</strong></span> <span class='ocrx_word' id='word_1_223' title='bbox 442 1509 539 1536; x_wconf 80' lang='lat' dir='ltr'><strong>Nonne</strong></span> <span class='ocrx_word' id='word_1_224' title='bbox 553 1507 637 1544; x_wconf 88' lang='lat' dir='ltr'><strong>igitur</strong></span> <span class='ocrx_word' id='word_1_225' title='bbox 650 1512 678 1536; x_wconf 92' lang='lat' dir='ltr'><strong>te</strong></span> <span class='ocrx_word' id='word_1_226' title='bbox 693 1508 785 1544; x_wconf 86' lang='lat' dir='ltr'><strong>pudet,</strong></span> <span class='ocrx_word' id='word_1_227' title='bbox 801 1515 865 1536; x_wconf 89' lang='lat' dir='ltr'><strong>cum</strong></span> <span class='ocrx_word' id='word_1_228' title='bbox 877 1508 916 1536; x_wconf 87' lang='lat' dir='ltr'><strong>sis</strong></span> <span class='ocrx_word' id='word_1_229' title='bbox 936 1507 1016 1536; x_wconf 85' lang='lat' dir='ltr'><strong>Chri-</strong></span> 
     </span>
    </p>
   </div>
   <div class='ocr_carea' id='block_1_34' title="bbox 217 1552 1014 1589">
    <p class='ocr_par' dir='ltr' id='par_1_34' title="bbox 217 1552 1014 1589">
     <span class='ocr_line' id='line_1_34' title="bbox 217 1552 1014 1589; baseline 0.001 -9"><span class='ocrx_word' id='word_1_230' title='bbox 217 1554 253 1581; x_wconf 85' lang='lat' dir='ltr'><strong>sti</strong></span> <span class='ocrx_word' id='word_1_231' title='bbox 266 1553 359 1589; x_wconf 85' lang='lat' dir='ltr'><strong>frater,</strong></span> <span class='ocrx_word' id='word_1_232' title='bbox 375 1553 477 1582; x_wconf 88' lang='lat' dir='ltr'><strong>ventris</strong></span> <span class='ocrx_word' id='word_1_233' title='bbox 490 1560 584 1581; x_wconf 86' lang='lat' dir='ltr'><strong>servos</strong></span> <span class='ocrx_word' id='word_1_234' title='bbox 596 1553 645 1581; x_wconf 86' lang='lat' dir='ltr'><strong>tibi</strong></span> <span class='ocrx_word' id='word_1_235' title='bbox 659 1552 812 1581; x_wconf 83' lang='lat' dir='ltr'><strong>adsciscere</strong></span> <span class='ocrx_word' id='word_1_236' title='bbox 822 1553 850 1581; x_wconf 91' lang='lat' dir='ltr'><strong>in</strong></span> <span class='ocrx_word' id='word_1_237' title='bbox 861 1552 988 1581; x_wconf 90' lang='lat' dir='ltr'><strong>doctores</strong></span> <span class='ocrx_word' id='word_1_238' title='bbox 1003 1554 1014 1581; x_wconf 69' lang='grc' dir='ltr'>Ρ</span> 
     </span>
    </p>
   </div>
   <div class='ocr_carea' id='block_1_35' title="bbox 218 1597 1017 1634">
    <p class='ocr_par' dir='ltr' id='par_1_35' title="bbox 218 1597 1017 1634">
     <span class='ocr_line' id='line_1_35' title="bbox 218 1597 1017 1634; baseline 0 -8"><span class='ocrx_word' id='word_1_239' title='bbox 218 1597 338 1627; x_wconf 84' lang='lat' dir='ltr'><strong>Observa</strong></span> <span class='ocrx_word' id='word_1_240' title='bbox 357 1598 412 1633; x_wconf 85' lang='lat' dir='ltr'><strong>hic,</strong></span> <span class='ocrx_word' id='word_1_241' title='bbox 436 1598 510 1634; x_wconf 91' lang='lat' dir='ltr'><strong>quod</strong></span> <span class='ocrx_word' id='word_1_242' title='bbox 524 1597 570 1633; x_wconf 92' lang='lat' dir='ltr'><strong>qui</strong></span> <span class='ocrx_word' id='word_1_243' title='bbox 585 1597 673 1626; x_wconf 86' lang='lat' dir='ltr'><strong>ventri</strong></span> <span class='ocrx_word' id='word_1_244' title='bbox 688 1597 812 1632; x_wconf 85' lang='lat' dir='ltr'><strong>inservit,</strong></span> <span class='ocrx_word' id='word_1_245' title='bbox 827 1597 939 1626; x_wconf 89' lang='lat' dir='ltr'><strong>Christo</strong></span> <span class='ocrx_word' id='word_1_246' title='bbox 960 1605 1017 1626; x_wconf 90' lang='lat' dir='ltr'><strong>non</strong></span> 
     </span>
    </p>
   </div>
   <div class='ocr_carea' id='block_1_36' title="bbox 217 1643 337 1671">
    <p class='ocr_par' dir='ltr' id='par_1_36' title="bbox 217 1643 337 1671">
     <span class='ocr_line' id='line_1_36' title="bbox 217 1643 337 1671; baseline 0.008 -1"><span class='ocrx_word' id='word_1_247' title='bbox 217 1643 337 1671; x_wconf 86' lang='lat' dir='ltr'><strong>inservit.</strong></span> 
     </span>
    </p>
   </div>
   <div class='ocr_carea' id='block_1_37' title="bbox 254 1686 1017 1724">
    <p class='ocr_par' dir='ltr' id='par_1_37' title="bbox 254 1686 1017 1724">
     <span class='ocr_line' id='line_1_37' title="bbox 254 1686 1017 1724; baseline 0 -8"><span class='ocrx_word' id='word_1_248' title='bbox 254 1698 267 1712; x_wconf 72' lang='grc' dir='ltr'><strong>α</strong></span> <span class='ocrx_word' id='word_1_249' title='bbox 284 1688 319 1716; x_wconf 88' lang='grc' dir='ltr'>Ει</span> <span class='ocrx_word' id='word_1_250' title='bbox 347 1695 395 1724; x_wconf 89' lang='lat' dir='ltr'><strong>per</strong></span> <span class='ocrx_word' id='word_1_251' title='bbox 415 1687 508 1716; x_wconf 87' lang='lat' dir='ltr'><strong>dulces</strong></span> <span class='ocrx_word' id='word_1_252' title='bbox 527 1694 667 1716; x_wconf 86' lang='lat' dir='ltr'><strong>sermones</strong></span> <span class='ocrx_word' id='word_1_253' title='bbox 681 1691 708 1716; x_wconf 89' lang='lat' dir='ltr'><strong>et</strong></span> <span class='ocrx_word' id='word_1_254' title='bbox 720 1686 924 1716; x_wconf 88' lang='lat' dir='ltr'><strong>benedictiones</strong></span> <span class='ocrx_word' id='word_1_255' title='bbox 937 1687 1017 1716; x_wconf 90' lang='lat' dir='ltr'><strong>sedu-</strong></span> 
     </span>
    </p>
   </div>
   <div class='ocr_carea' id='block_1_38' title="bbox 217 1731 1017 1768">
    <p class='ocr_par' dir='ltr' id='par_1_38' title="bbox 217 1731 1017 1768">
     <span class='ocr_line' id='line_1_38' title="bbox 217 1731 1017 1768; baseline -0.001 -7"><span class='ocrx_word' id='word_1_256' title='bbox 217 1736 285 1761; x_wconf 87' lang='lat' dir='ltr'><strong>cunt</strong></span> <span class='ocrx_word' id='word_1_257' title='bbox 306 1731 389 1761; x_wconf 77' lang='lat' dir='ltr'><strong>corda</strong></span> <span class='ocrx_word' id='word_1_258' title='bbox 403 1732 604 1760; x_wconf 83' lang='lat' dir='ltr'><strong>innocentium.</strong></span> <span class='ocrx_word' id='word_1_259' title='bbox 621 1743 633 1756; x_wconf 75' lang='grc' dir='ltr'><strong>ιι</strong></span> <span class='ocrx_word' id='word_1_260' title='bbox 658 1732 833 1767; x_wconf 85' lang='lat' dir='ltr'><strong>Insidiantur,</strong></span> <span class='ocrx_word' id='word_1_261' title='bbox 848 1732 945 1768; x_wconf 89' lang='lat' dir='ltr'><strong>inquit,</strong></span> <span class='ocrx_word' id='word_1_262' title='bbox 968 1740 1017 1768; x_wconf 92' lang='lat' dir='ltr'><strong>per</strong></span> 
     </span>
    </p>
   </div>
   <div class='ocr_carea' id='block_1_39' title="bbox 217 1776 1015 1814">
    <p class='ocr_par' dir='ltr' id='par_1_39' title="bbox 217 1776 1015 1814">
     <span class='ocr_line' id='line_1_39' title="bbox 217 1776 1015 1814; baseline -0.003 -8"><span class='ocrx_word' id='word_1_263' title='bbox 217 1777 396 1806; x_wconf 82' lang='lat' dir='ltr'><strong>adulationes.</strong></span> <span class='ocrx_word' id='word_1_264' title='bbox 413 1778 483 1806; x_wconf 87' lang='lat' dir='ltr'><strong>Nam</strong></span> <span class='ocrx_word' id='word_1_265' title='bbox 496 1777 668 1813; x_wconf 77' lang='grc' dir='ltr'>χρηστολογία</span> <span class='ocrx_word' id='word_1_266' title='bbox 682 1782 710 1806; x_wconf 90' lang='lat' dir='ltr'><strong>et</strong></span> <span class='ocrx_word' id='word_1_267' title='bbox 723 1776 825 1814; x_wconf 75' lang='grc' dir='ltr'><strong>εὐλογία</strong></span> <span class='ocrx_word' id='word_1_268' title='bbox 846 1777 898 1805; x_wconf 89' lang='lat' dir='ltr'><strong>hoc</strong></span> <span class='ocrx_word' id='word_1_269' title='bbox 911 1776 1015 1813; x_wconf 80' lang='lat' dir='ltr'><strong>signiﬁ-</strong></span> 
     </span>
    </p>
   </div>
   <div class='ocr_carea' id='block_1_40' title="bbox 215 1822 1014 1857">
    <p class='ocr_par' dir='ltr' id='par_1_40' title="bbox 215 1822 1014 1857">
     <span class='ocr_line' id='line_1_40' title="bbox 215 1822 1014 1857; baseline -0.001 -6"><span class='ocrx_word' id='word_1_270' title='bbox 215 1827 296 1857; x_wconf 87' lang='lat' dir='ltr'><strong>cant;</strong></span> <span class='ocrx_word' id='word_1_271' title='bbox 310 1823 456 1857; x_wconf 87' lang='lat' dir='ltr'><strong>nimirum,</strong></span> <span class='ocrx_word' id='word_1_272' title='bbox 468 1830 534 1851; x_wconf 92' lang='lat' dir='ltr'><strong>cum</strong></span> <span class='ocrx_word' id='word_1_273' title='bbox 544 1822 626 1851; x_wconf 85' lang='lat' dir='ltr'><strong>verba</strong></span> <span class='ocrx_word' id='word_1_274' title='bbox 641 1822 791 1851; x_wconf 87' lang='lat' dir='ltr'><strong>amicitiam</strong></span> <span class='ocrx_word' id='word_1_275' title='bbox 804 1826 920 1856; x_wconf 76' lang='lat' dir='ltr'><strong>sonent;</strong></span> <span class='ocrx_word' id='word_1_276' title='bbox 937 1830 1014 1850; x_wconf 89' lang='lat' dir='ltr'><strong>mens</strong></span> 
     </span>
    </p>
   </div>
   <div class='ocr_carea' id='block_1_41' title="bbox 214 1866 1016 1904">
    <p class='ocr_par' dir='ltr' id='par_1_41' title="bbox 214 1866 1016 1904">
     <span class='ocr_line' id='line_1_41' title="bbox 214 1866 1016 1904; baseline -0.001 -8"><span class='ocrx_word' id='word_1_277' title='bbox 214 1875 280 1897; x_wconf 84' lang='lat' dir='ltr'><strong>vero</strong></span> <span class='ocrx_word' id='word_1_278' title='bbox 309 1867 404 1897; x_wconf 87' lang='lat' dir='ltr'><strong>fraude</strong></span> <span class='ocrx_word' id='word_1_279' title='bbox 418 1867 549 1896; x_wconf 86' lang='lat' dir='ltr'><strong>abundet.</strong></span> <span class='ocrx_word' id='word_1_280' title='bbox 565 1869 627 1896; x_wconf 88' lang='lat' dir='ltr'><strong>Non</strong></span> <span class='ocrx_word' id='word_1_281' title='bbox 650 1872 740 1896; x_wconf 86' lang='lat' dir='ltr'><strong>autem</strong></span> <span class='ocrx_word' id='word_1_282' title='bbox 766 1867 834 1896; x_wconf 82' lang='lat' dir='ltr'><strong>dixit</strong></span> <span class='ocrx_word' id='word_1_283' title='bbox 849 1887 857 1895; x_wconf 88' lang='lat'><strong>.</strong></span> <span class='ocrx_word' id='word_1_284' title='bbox 868 1866 1016 1904; x_wconf 88' lang='lat' dir='ltr'><strong>Decipiuut</strong></span> 
     </span>
    </p>
   </div>
   <div class='ocr_carea' id='block_1_42' title="bbox 215 1911 1015 1949">
    <p class='ocr_par' dir='ltr' id='par_1_42' title="bbox 215 1911 1015 1949">
     <span class='ocr_line' id='line_1_42' title="bbox 215 1911 1015 1949; baseline -0.003 -7"><span class='ocrx_word' id='word_1_285' title='bbox 215 1921 273 1948; x_wconf 87' lang='lat' dir='ltr'><strong>vos,</strong></span> <span class='ocrx_word' id='word_1_286' title='bbox 289 1913 339 1942; x_wconf 90' lang='lat' dir='ltr'><strong>sed</strong></span> <span class='ocrx_word' id='word_1_287' title='bbox 355 1924 361 1942; x_wconf 87' lang='lat'><strong>:</strong></span> <span class='ocrx_word' id='word_1_288' title='bbox 380 1924 393 1938; x_wconf 75' lang='grc' dir='ltr'><strong>ι</strong></span> <span class='ocrx_word' id='word_1_289' title='bbox 406 1912 494 1942; x_wconf 88' lang='lat' dir='ltr'><strong>Corda</strong></span> <span class='ocrx_word' id='word_1_290' title='bbox 506 1913 732 1949; x_wconf 77' lang='lat' dir='ltr'><strong>innocentium,-</strong></span> <span class='ocrx_word' id='word_1_291' title='bbox 748 1912 800 1941; x_wconf 89' lang='lat' dir='ltr'><strong>hoc</strong></span> <span class='ocrx_word' id='word_1_292' title='bbox 815 1916 857 1941; x_wconf 91' lang='lat' dir='ltr'><strong>est</strong></span> <span class='ocrx_word' id='word_1_293' title='bbox 867 1911 1015 1948; x_wconf 83' lang='lat' dir='ltr'><strong>simplicio-</strong></span> 
     </span>
    </p>
   </div>
   <div class='ocr_carea' id='block_1_43' title="bbox 215 1965 287 1986">
    <p class='ocr_par' dir='ltr' id='par_1_43' title="bbox 215 1965 287 1986">
     <span class='ocr_line' id='line_1_43' title="bbox 215 1965 287 1986; baseline -0.014 0"><span class='ocrx_word' id='word_1_294' title='bbox 215 1965 287 1986; x_wconf 87' lang='lat' dir='ltr'><strong>rum.</strong></span> 
     </span>
    </p>
   </div>
   <div class='ocr_carea' id='block_1_44' title="bbox 248 2000 1014 2031">
    <p class='ocr_par' dir='ltr' id='par_1_44' title="bbox 248 2000 1014 2031">
     <span class='ocr_line' id='line_1_44' title="bbox 248 2000 1014 2031; baseline -0.003 0"><span class='ocrx_word' id='word_1_295' title='bbox 248 2003 339 2031; x_wconf 75' lang='lat' dir='ltr'><strong>Vnus.</strong></span> <span class='ocrx_word' id='word_1_296' title='bbox 356 2004 398 2030; x_wconf 87' lang='lat'><strong>19.</strong></span> <span class='ocrx_word' id='word_1_297' title='bbox 416 2013 429 2026; x_wconf 78' lang='grc' dir='ltr'><strong>ι</strong></span> <span class='ocrx_word' id='word_1_298' title='bbox 445 2002 541 2030; x_wconf 88' lang='lat' dir='ltr'><strong>Vestra</strong></span> <span class='ocrx_word' id='word_1_299' title='bbox 556 2002 631 2030; x_wconf 89' lang='lat' dir='ltr'><strong>enim</strong></span> <span class='ocrx_word' id='word_1_300' title='bbox 647 2001 800 2030; x_wconf 88' lang='lat' dir='ltr'><strong>obedientia</strong></span> <span class='ocrx_word' id='word_1_301' title='bbox 813 2001 842 2029; x_wconf 92' lang='lat' dir='ltr'><strong>in</strong></span> <span class='ocrx_word' id='word_1_302' title='bbox 856 2001 932 2029; x_wconf 92' lang='lat' dir='ltr'><strong>omni</strong></span> <span class='ocrx_word' id='word_1_303' title='bbox 953 2000 1014 2029; x_wconf 90' lang='lat' dir='ltr'><strong>loco</strong></span> 
     </span>
    </p>
   </div>
   <div class='ocr_carea' id='block_1_45' title="bbox 215 2045 1014 2082">
    <p class='ocr_par' dir='ltr' id='par_1_45' title="bbox 215 2045 1014 2082">
     <span class='ocr_line' id='line_1_45' title="bbox 215 2045 1014 2082; baseline -0.001 -7"><span class='ocrx_word' id='word_1_304' title='bbox 215 2047 351 2082; x_wconf 86' lang='lat' dir='ltr'><strong>divulgata</strong></span> <span class='ocrx_word' id='word_1_305' title='bbox 373 2050 426 2074; x_wconf 87' lang='lat' dir='ltr'><strong>est.</strong></span> <span class='ocrx_word' id='word_1_306' title='bbox 442 2046 557 2075; x_wconf 85' lang='lat' dir='ltr'><strong>Gaudeo</strong></span> <span class='ocrx_word' id='word_1_307' title='bbox 581 2046 664 2082; x_wconf 78' lang='lat' dir='ltr'><strong>igitur</strong></span> <span class='ocrx_word' id='word_1_308' title='bbox 683 2046 710 2074; x_wconf 89' lang='lat' dir='ltr'><strong>in</strong></span> <span class='ocrx_word' id='word_1_309' title='bbox 724 2045 814 2074; x_wconf 85' lang='lat' dir='ltr'><strong>vobis.</strong></span> <span class='ocrx_word' id='word_1_310' title='bbox 830 2055 845 2072; x_wconf 79' lang='lat'><strong><em>»</em></strong></span> <span class='ocrx_word' id='word_1_311' title='bbox 860 2045 1014 2081; x_wconf 87' lang='lat' dir='ltr'><strong>Simplicio-</strong></span> 
     </span>
    </p>
   </div>
   <div class='ocr_carea' id='block_1_46' title="bbox 215 2090 1015 2127">
    <p class='ocr_par' dir='ltr' id='par_1_46' title="bbox 215 2090 1015 2127">
     <span class='ocr_line' id='line_1_46' title="bbox 215 2090 1015 2127; baseline -0.001 -8"><span class='ocrx_word' id='word_1_312' title='bbox 215 2099 270 2124; x_wconf 87' lang='lat' dir='ltr'><strong>res,</strong></span> <span class='ocrx_word' id='word_1_313' title='bbox 285 2091 385 2127; x_wconf 86' lang='lat' dir='ltr'><strong>inquit,</strong></span> <span class='ocrx_word' id='word_1_314' title='bbox 400 2091 534 2125; x_wconf 84' lang='lat' dir='ltr'><strong>inescant,</strong></span> <span class='ocrx_word' id='word_1_315' title='bbox 545 2098 603 2119; x_wconf 94' lang='lat' dir='ltr'><strong>non</strong></span> <span class='ocrx_word' id='word_1_316' title='bbox 617 2095 708 2118; x_wconf 89' lang='lat' dir='ltr'><strong>autem</strong></span> <span class='ocrx_word' id='word_1_317' title='bbox 726 2098 784 2119; x_wconf 89' lang='lat' dir='ltr'><strong>vos.</strong></span> <span class='ocrx_word' id='word_1_318' title='bbox 805 2099 818 2116; x_wconf 74' lang='grc' dir='ltr'><strong>ιι</strong></span> <span class='ocrx_word' id='word_1_319' title='bbox 831 2091 927 2119; x_wconf 84' lang='lat' dir='ltr'><strong>Vestra</strong></span> <span class='ocrx_word' id='word_1_320' title='bbox 942 2090 1015 2119; x_wconf 90' lang='lat' dir='ltr'><strong>enim</strong></span> 
     </span>
    </p>
   </div>
   <div class='ocr_carea' id='block_1_47' title="bbox 1079 253 1256 293">
    <p class='ocr_par' dir='ltr' id='par_1_47' title="bbox 1079 253 1256 293">
     <span class='ocr_line' id='line_1_47' title="bbox 1079 253 1256 293; baseline 0 -10"><span class='ocrx_word' id='word_1_321' title='bbox 1079 253 1256 293; x_wconf 86' lang='grc' dir='ltr'>γραμμάτων.</span> 
     </span>
    </p>
   </div>
   <div class='ocr_carea' id='block_1_48' title="bbox 1118 297 1848 339">
    <p class='ocr_par' dir='ltr' id='par_1_48' title="bbox 1118 297 1848 339">
     <span class='ocr_line' id='line_1_48' title="bbox 1118 297 1848 339; baseline -0.003 -10"><span class='ocrx_word' id='word_1_322' title='bbox 1118 313 1130 325; x_wconf 82' lang='grc' dir='ltr'><strong>ι</strong></span> <span class='ocrx_word' id='word_1_323' title='bbox 1146 300 1303 339; x_wconf 78' lang='grc' dir='ltr'><strong>Παρακαλῶ</strong></span> <span class='ocrx_word' id='word_1_324' title='bbox 1326 298 1354 328; x_wconf 75' lang='grc' dir='ltr'><strong>δδ</strong></span> <span class='ocrx_word' id='word_1_325' title='bbox 1369 299 1456 337; x_wconf 73' lang='grc' dir='ltr'>ὑμᾶς,</span> <span class='ocrx_word' id='word_1_326' title='bbox 1481 297 1605 338; x_wconf 75' lang='grc' dir='ltr'>ἀδελφοὶ,</span> <span class='ocrx_word' id='word_1_327' title='bbox 1628 301 1733 328; x_wconf 70' lang='grc' dir='ltr'>σκοπεῖν</span> <span class='ocrx_word' id='word_1_328' title='bbox 1751 297 1803 330; x_wconf 65' lang='grc' dir='ltr'>τοὺς</span> <span class='ocrx_word' id='word_1_329' title='bbox 1815 299 1848 331; x_wconf 75' lang='grc' dir='ltr'><strong>τὰς</strong></span> 
     </span>
    </p>
   </div>
   <div class='ocr_carea' id='block_1_49' title="bbox 1078 342 1847 384">
    <p class='ocr_par' dir='ltr' id='par_1_49' title="bbox 1078 342 1847 384">
     <span class='ocr_line' id='line_1_49' title="bbox 1078 342 1847 384; baseline -0.003 -11"><span class='ocrx_word' id='word_1_330' title='bbox 1078 343 1248 384; x_wconf 78' lang='grc' dir='ltr'><strong>διχοστασίας</strong></span> <span class='ocrx_word' id='word_1_331' title='bbox 1263 344 1309 374; x_wconf 77' lang='grc' dir='ltr'>καὶ</span> <span class='ocrx_word' id='word_1_332' title='bbox 1325 343 1358 373; x_wconf 82' lang='grc' dir='ltr'><strong>τὰ</strong></span> <span class='ocrx_word' id='word_1_333' title='bbox 1377 343 1514 373; x_wconf 73' lang='grc' dir='ltr'><strong>σκάνδαλα</strong></span> <span class='ocrx_word' id='word_1_334' title='bbox 1524 364 1533 380; x_wconf 89' lang='grc'><strong>,</strong></span> <span class='ocrx_word' id='word_1_335' title='bbox 1550 343 1624 382; x_wconf 68' lang='grc' dir='ltr'>παρὰ</span> <span class='ocrx_word' id='word_1_336' title='bbox 1649 343 1697 379; x_wconf 73' lang='grc' dir='ltr'><strong>τὴν</strong></span> <span class='ocrx_word' id='word_1_337' title='bbox 1713 342 1814 383; x_wconf 78' lang='grc' dir='ltr'><strong>διδαχὴν</strong></span> <span class='ocrx_word' id='word_1_338' title='bbox 1825 342 1847 378; x_wconf 81' lang='grc' dir='ltr'><strong>ὴν</strong></span> 
     </span>
    </p>
   </div>
   <div class='ocr_carea' id='block_1_50' title="bbox 1078 387 1847 428">
    <p class='ocr_par' dir='ltr' id='par_1_50' title="bbox 1078 387 1847 428">
     <span class='ocr_line' id='line_1_50' title="bbox 1078 387 1847 428; baseline -0.004 -10"><span class='ocrx_word' id='word_1_339' title='bbox 1078 390 1152 427; x_wconf 78' lang='grc' dir='ltr'>ὑμεῖς</span> <span class='ocrx_word' id='word_1_340' title='bbox 1174 388 1302 427; x_wconf 75' lang='grc' dir='ltr'><strong>ἐμάθετε,</strong></span> <span class='ocrx_word' id='word_1_341' title='bbox 1331 390 1481 421; x_wconf 74' lang='grc' dir='ltr'><strong>ποιοῦντας.</strong></span> <span class='ocrx_word' id='word_1_342' title='bbox 1512 402 1525 414; x_wconf 75' lang='grc' dir='ltr'><strong>ι</strong></span> <span class='ocrx_word' id='word_1_343' title='bbox 1550 387 1637 418; x_wconf 81' lang='grc' dir='ltr'>Πάλιν</span> <span class='ocrx_word' id='word_1_344' title='bbox 1658 389 1793 428; x_wconf 78' lang='grc' dir='ltr'>παραινεῖ,</span> <span class='ocrx_word' id='word_1_345' title='bbox 1815 387 1847 416; x_wconf 74' lang='grc' dir='ltr'><strong>χεὶ</strong></span> 
     </span>
    </p>
   </div>
   <div class='ocr_carea' id='block_1_51' title="bbox 1079 432 1847 473">
    <p class='ocr_par' dir='ltr' id='par_1_51' title="bbox 1079 432 1847 473">
     <span class='ocr_line' id='line_1_51' title="bbox 1079 432 1847 473; baseline -0.003 -10"><span class='ocrx_word' id='word_1_346' title='bbox 1079 434 1128 473; x_wconf 79' lang='grc' dir='ltr'>οὐχ</span> <span class='ocrx_word' id='word_1_347' title='bbox 1142 435 1178 467; x_wconf 83' lang='grc' dir='ltr'>ὣς</span> <span class='ocrx_word' id='word_1_348' title='bbox 1194 433 1359 472; x_wconf 81' lang='grc' dir='ltr'>σύμϐουλος,</span> <span class='ocrx_word' id='word_1_349' title='bbox 1381 434 1442 463; x_wconf 75' lang='grc' dir='ltr'>ἄλλ’</span> <span class='ocrx_word' id='word_1_350' title='bbox 1454 434 1488 466; x_wconf 82' lang='grc' dir='ltr'>ὡς</span> <span class='ocrx_word' id='word_1_351' title='bbox 1508 432 1612 469; x_wconf 74' lang='grc' dir='ltr'>ἱκέτης,</span> <span class='ocrx_word' id='word_1_352' title='bbox 1627 432 1673 462; x_wconf 74' lang='grc' dir='ltr'><strong>καὶ</strong></span> <span class='ocrx_word' id='word_1_353' title='bbox 1687 432 1752 471; x_wconf 75' lang='grc' dir='ltr'>μετὰ</span> <span class='ocrx_word' id='word_1_354' title='bbox 1769 434 1847 467; x_wconf 74' lang='grc' dir='ltr'>πολλῇ</span> 
     </span>
    </p>
   </div>
   <div class='ocr_carea' id='block_1_52' title="bbox 1077 477 1846 519">
    <p class='ocr_par' dir='ltr' id='par_1_52' title="bbox 1077 477 1846 519">
     <span class='ocr_line' id='line_1_52' title="bbox 1077 477 1846 519; baseline -0.003 -11"><span class='ocrx_word' id='word_1_355' title='bbox 1077 480 1156 517; x_wconf 77' lang='grc' dir='ltr'>τιμῆς</span> <span class='ocrx_word' id='word_1_356' title='bbox 1166 491 1172 497; x_wconf 90' lang='grc'>·</span> <span class='ocrx_word' id='word_1_357' title='bbox 1189 478 1316 519; x_wconf 82' lang='grc' dir='ltr'>ἀδελφοὺς</span> <span class='ocrx_word' id='word_1_358' title='bbox 1331 478 1393 519; x_wconf 23' lang='grc' dir='ltr'><strong>γὰρὴ</strong></span> <span class='ocrx_word' id='word_1_359' title='bbox 1403 479 1492 508; x_wconf 76' lang='grc' dir='ltr'>καλεῖ.</span> <span class='ocrx_word' id='word_1_360' title='bbox 1514 477 1553 508; x_wconf 84' lang='grc' dir='ltr'>Τὸ</span> <span class='ocrx_word' id='word_1_361' title='bbox 1568 478 1673 518; x_wconf 75' lang='grc' dir='ltr'>δολερὸν</span> <span class='ocrx_word' id='word_1_362' title='bbox 1688 478 1715 507; x_wconf 81' lang='grc' dir='ltr'>δὲ</span> <span class='ocrx_word' id='word_1_363' title='bbox 1735 479 1784 506; x_wconf 73' lang='grc' dir='ltr'><strong>τῶν</strong></span> <span class='ocrx_word' id='word_1_364' title='bbox 1796 478 1846 512; x_wconf 76' lang='grc' dir='ltr'>ἐπη-</span> 
     </span>
    </p>
   </div>
   <div class='ocr_carea' id='block_1_53' title="bbox 1078 517 1847 564">
    <p class='ocr_par' dir='ltr' id='par_1_53' title="bbox 1078 517 1847 564">
     <span class='ocr_line' id='line_1_53' title="bbox 1078 517 1847 564; baseline -0.004 -11"><span class='ocrx_word' id='word_1_365' title='bbox 1078 523 1223 564; x_wconf 80' lang='grc' dir='ltr'>ρεαζόντων</span> <span class='ocrx_word' id='word_1_366' title='bbox 1238 522 1353 560; x_wconf 79' lang='grc' dir='ltr'>δεικνὺς,</span> <span class='ocrx_word' id='word_1_367' title='bbox 1369 517 1443 560; x_wconf 77' lang='grc' dir='ltr'>εἶπε,</span> <span class='ocrx_word' id='word_1_368' title='bbox 1468 524 1619 559; x_wconf 80' lang='grc' dir='ltr'>Σκοπεῑτε,</span> <span class='ocrx_word' id='word_1_369' title='bbox 1643 522 1774 558; x_wconf 68' lang='grc' dir='ltr'>τουτέστι,</span> <span class='ocrx_word' id='word_1_370' title='bbox 1792 532 1847 560; x_wconf 79' lang='grc' dir='ltr'>περι-</span> 
     </span>
    </p>
   </div>
   <div class='ocr_carea' id='block_1_54' title="bbox 1077 565 1846 609">
    <p class='ocr_par' dir='ltr' id='par_1_54' title="bbox 1077 565 1846 609">
     <span class='ocr_line' id='line_1_54' title="bbox 1077 565 1846 609; baseline -0.005 -11"><span class='ocrx_word' id='word_1_371' title='bbox 1077 569 1217 609; x_wconf 84' lang='grc' dir='ltr'>εργάζεσθε</span> <span class='ocrx_word' id='word_1_372' title='bbox 1243 567 1339 609; x_wconf 74' lang='grc' dir='ltr'>αὐτοὺς</span> <span class='ocrx_word' id='word_1_373' title='bbox 1366 567 1434 606; x_wconf 79' lang='grc' dir='ltr'>μετὰ</span> <span class='ocrx_word' id='word_1_374' title='bbox 1467 567 1616 608; x_wconf 72' lang='grc' dir='ltr'>ἀκριϐείας.</span> <span class='ocrx_word' id='word_1_375' title='bbox 1646 568 1754 607; x_wconf 81' lang='grc' dir='ltr'>Πρῶτον</span> <span class='ocrx_word' id='word_1_376' title='bbox 1781 565 1804 596; x_wconf 81' lang='grc' dir='ltr'>δὲ</span> <span class='ocrx_word' id='word_1_377' title='bbox 1827 567 1846 594; x_wconf 76' lang='grc' dir='ltr'>αἱ</span> 
     </span>
    </p>
   </div>
   <div class='ocr_carea' id='block_1_55' title="bbox 1077 607 1846 653">
    <p class='ocr_par' dir='ltr' id='par_1_55' title="bbox 1077 607 1846 653">
     <span class='ocr_line' id='line_1_55' title="bbox 1077 607 1846 653; baseline -0.007 -13"><span class='ocrx_word' id='word_1_378' title='bbox 1077 607 1262 653; x_wconf 73' lang='grc' dir='ltr'>διχοστασίαι,</span> <span class='ocrx_word' id='word_1_379' title='bbox 1280 607 1338 642; x_wconf 73' lang='grc' dir='ltr'>εἶτα</span> <span class='ocrx_word' id='word_1_380' title='bbox 1351 612 1385 642; x_wconf 77' lang='grc' dir='ltr'><strong>τὰ</strong></span> <span class='ocrx_word' id='word_1_381' title='bbox 1397 607 1543 644; x_wconf 77' lang='grc' dir='ltr'>σκάνδαλα.</span> <span class='ocrx_word' id='word_1_382' title='bbox 1567 611 1641 645; x_wconf 64' lang='lat' dir='ltr'><strong>&quot;Em;</strong></span> <span class='ocrx_word' id='word_1_383' title='bbox 1661 612 1713 652; x_wconf 79' lang='grc' dir='ltr'>γὰρ</span> <span class='ocrx_word' id='word_1_384' title='bbox 1735 612 1846 649; x_wconf 70' lang='grc' dir='ltr'>ἡνωμέναι</span> 
     </span>
    </p>
   </div>
   <div class='ocr_carea' id='block_1_56' title="bbox 1078 653 1845 697">
    <p class='ocr_par' dir='ltr' id='par_1_56' title="bbox 1078 653 1845 697">
     <span class='ocr_line' id='line_1_56' title="bbox 1078 653 1845 697; baseline -0.001 -10"><span class='ocrx_word' id='word_1_385' title='bbox 1078 653 1108 693; x_wconf 73' lang='grc' dir='ltr'><strong>ἦν</strong></span> <span class='ocrx_word' id='word_1_386' title='bbox 1122 658 1152 687; x_wconf 84' lang='grc' dir='ltr'><strong>τὸ</strong></span> <span class='ocrx_word' id='word_1_387' title='bbox 1175 659 1271 697; x_wconf 83' lang='grc' dir='ltr'>σῶμα,</span> <span class='ocrx_word' id='word_1_388' title='bbox 1298 658 1345 687; x_wconf 74' lang='grc' dir='ltr'><strong>οὐκ</strong></span> <span class='ocrx_word' id='word_1_389' title='bbox 1357 657 1413 697; x_wconf 79' lang='grc' dir='ltr'>ἔχει</span> <span class='ocrx_word' id='word_1_390' title='bbox 1438 657 1538 687; x_wconf 81' lang='grc' dir='ltr'>εἴσοδον</span> <span class='ocrx_word' id='word_1_391' title='bbox 1562 657 1596 686; x_wconf 77' lang='grc' dir='ltr'><strong>τὰ</strong></span> <span class='ocrx_word' id='word_1_392' title='bbox 1620 657 1772 687; x_wconf 72' lang='grc' dir='ltr'>σκάνδαλα·</span> <span class='ocrx_word' id='word_1_393' title='bbox 1793 655 1845 694; x_wconf 74' lang='grc' dir='ltr'>αἱρέ-</span> 
     </span>
    </p>
   </div>
   <div class='ocr_carea' id='block_1_57' title="bbox 1077 700 1845 742">
    <p class='ocr_par' dir='ltr' id='par_1_57' title="bbox 1077 700 1845 742">
     <span class='ocr_line' id='line_1_57' title="bbox 1077 700 1845 742; baseline -0.005 -10"><span class='ocrx_word' id='word_1_394' title='bbox 1077 713 1131 736; x_wconf 85' lang='grc' dir='ltr'>σεις</span> <span class='ocrx_word' id='word_1_395' title='bbox 1156 702 1183 732; x_wconf 79' lang='grc' dir='ltr'>δὲ</span> <span class='ocrx_word' id='word_1_396' title='bbox 1207 705 1303 732; x_wconf 79' lang='grc' dir='ltr'>ταῦτα.</span> <span class='ocrx_word' id='word_1_397' title='bbox 1324 716 1336 729; x_wconf 74' lang='grc' dir='ltr'><strong>α</strong></span> <span class='ocrx_word' id='word_1_398' title='bbox 1354 702 1436 742; x_wconf 81' lang='grc' dir='ltr'>Παρὰ</span> <span class='ocrx_word' id='word_1_399' title='bbox 1462 701 1511 739; x_wconf 87' lang='grc' dir='ltr'><strong>τὴν</strong></span> <span class='ocrx_word' id='word_1_400' title='bbox 1531 702 1644 742; x_wconf 79' lang='grc' dir='ltr'>διδαχὴν</span> <span class='ocrx_word' id='word_1_401' title='bbox 1662 716 1673 728; x_wconf 76' lang='grc'><strong>1</strong></span> <span class='ocrx_word' id='word_1_402' title='bbox 1700 702 1757 741; x_wconf 79' lang='grc' dir='ltr'>γὰρ,</span> <span class='ocrx_word' id='word_1_403' title='bbox 1771 700 1845 741; x_wconf 76' lang='grc' dir='ltr'>φησὶν,</span> 
     </span>
    </p>
   </div>
   <div class='ocr_carea' id='block_1_58' title="bbox 1078 742 1844 786">
    <p class='ocr_par' dir='ltr' id='par_1_58' title="bbox 1078 742 1844 786">
     <span class='ocr_line' id='line_1_58' title="bbox 1078 742 1844 786; baseline -0.003 -9"><span class='ocrx_word' id='word_1_404' title='bbox 1078 762 1088 773; x_wconf 77' lang='grc' dir='ltr'><strong>ιι</strong></span> <span class='ocrx_word' id='word_1_405' title='bbox 1107 747 1140 783; x_wconf 80' lang='grc' dir='ltr'>ἣν</span> <span class='ocrx_word' id='word_1_406' title='bbox 1154 748 1229 786; x_wconf 73' lang='grc' dir='ltr'>ὑμεῖς</span> <span class='ocrx_word' id='word_1_407' title='bbox 1252 748 1374 786; x_wconf 76' lang='grc' dir='ltr'><strong>ἐμάθετε.</strong></span> <span class='ocrx_word' id='word_1_408' title='bbox 1393 760 1406 773; x_wconf 75' lang='grc' dir='ltr'><strong><em>ι</em></strong></span> <span class='ocrx_word' id='word_1_409' title='bbox 1429 748 1488 777; x_wconf 76' lang='grc' dir='ltr'><strong>Οὔκ</strong></span> <span class='ocrx_word' id='word_1_410' title='bbox 1513 742 1604 784; x_wconf 73' lang='grc' dir='ltr'>εἶπεν,</span> <span class='ocrx_word' id='word_1_411' title='bbox 1619 746 1674 778; x_wconf 57' lang='lat' dir='ltr'><strong>“HV</strong></span> <span class='ocrx_word' id='word_1_412' title='bbox 1697 745 1844 784; x_wconf 65' lang='grc' dir='ltr'>ἐδιδάξαμεν,</span> 
     </span>
    </p>
   </div>
   <div class='ocr_carea' id='block_1_59' title="bbox 1077 789 1845 832">
    <p class='ocr_par' dir='ltr' id='par_1_59' title="bbox 1077 789 1845 832">
     <span class='ocr_line' id='line_1_59' title="bbox 1077 789 1845 832; baseline -0.004 -10"><span class='ocrx_word' id='word_1_413' title='bbox 1077 792 1136 822; x_wconf 75' lang='grc' dir='ltr'>ἀλλ’</span> <span class='ocrx_word' id='word_1_414' title='bbox 1150 806 1162 819; x_wconf 81' lang='grc' dir='ltr'><strong>ιι</strong></span> <span class='ocrx_word' id='word_1_415' title='bbox 1176 791 1229 823; x_wconf 70' lang='lat' dir='ltr'><strong>‘Hv</strong></span> <span class='ocrx_word' id='word_1_416' title='bbox 1244 792 1355 830; x_wconf 75' lang='grc' dir='ltr'>ἐμάθετε</span> <span class='ocrx_word' id='word_1_417' title='bbox 1364 814 1372 829; x_wconf 91' lang='grc'><strong>,</strong></span> <span class='ocrx_word' id='word_1_418' title='bbox 1390 805 1402 818; x_wconf 79' lang='grc' dir='ltr'><strong>ι</strong></span> <span class='ocrx_word' id='word_1_419' title='bbox 1414 791 1684 832; x_wconf 71' lang='grc' dir='ltr'>προκαταλαμϐάνων</span> <span class='ocrx_word' id='word_1_420' title='bbox 1697 790 1801 826; x_wconf 75' lang='grc' dir='ltr'>αὐτοὺς,</span> <span class='ocrx_word' id='word_1_421' title='bbox 1812 789 1845 819; x_wconf 70' lang='grc' dir='ltr'><strong>καὶ</strong></span> 
     </span>
    </p>
   </div>
   <div class='ocr_carea' id='block_1_60' title="bbox 1076 835 1844 876">
    <p class='ocr_par' dir='ltr' id='par_1_60' title="bbox 1076 835 1844 876">
     <span class='ocr_line' id='line_1_60' title="bbox 1076 835 1844 876; baseline -0.005 -9"><span class='ocrx_word' id='word_1_422' title='bbox 1076 837 1176 871; x_wconf 75' lang='grc' dir='ltr'>δεικνὺς</span> <span class='ocrx_word' id='word_1_423' title='bbox 1212 837 1263 874; x_wconf 86' lang='grc' dir='ltr'><strong>ἤδη</strong></span> <span class='ocrx_word' id='word_1_424' title='bbox 1300 836 1511 876; x_wconf 77' lang='grc' dir='ltr'>πεπεισμένους,</span> <span class='ocrx_word' id='word_1_425' title='bbox 1542 837 1589 867; x_wconf 77' lang='grc' dir='ltr'><strong>καὶ</strong></span> <span class='ocrx_word' id='word_1_426' title='bbox 1624 835 1844 874; x_wconf 79' lang='grc' dir='ltr'>χαταδεξαμένους,</span> 
     </span>
    </p>
   </div>
   <div class='ocr_carea' id='block_1_61' title="bbox 1074 877 1845 922">
    <p class='ocr_par' dir='ltr' id='par_1_61' title="bbox 1074 877 1845 922">
     <span class='ocr_line' id='line_1_61' title="bbox 1074 877 1845 922; baseline -0.004 -10"><span class='ocrx_word' id='word_1_427' title='bbox 1074 881 1119 911; x_wconf 79' lang='grc' dir='ltr'><strong>καὶ</strong></span> <span class='ocrx_word' id='word_1_428' title='bbox 1138 881 1182 912; x_wconf 78' lang='grc' dir='ltr'><strong>διὰ</strong></span> <span class='ocrx_word' id='word_1_429' title='bbox 1190 883 1267 912; x_wconf 77' lang='grc' dir='ltr'>τοῦτο</span> <span class='ocrx_word' id='word_1_430' title='bbox 1289 881 1442 922; x_wconf 82' lang='grc' dir='ltr'>ὀφείλοντας</span> <span class='ocrx_word' id='word_1_431' title='bbox 1466 882 1589 921; x_wconf 76' lang='grc' dir='ltr'>ἐμμένειν</span> <span class='ocrx_word' id='word_1_432' title='bbox 1612 877 1652 916; x_wconf 74' lang='grc' dir='ltr'>οἷς</span> <span class='ocrx_word' id='word_1_433' title='bbox 1677 882 1728 918; x_wconf 83' lang='grc' dir='ltr'><strong>ἤδη</strong></span> <span class='ocrx_word' id='word_1_434' title='bbox 1750 879 1845 919; x_wconf 69' lang='grc' dir='ltr'>παρέλι-</span> 
     </span>
    </p>
   </div>
   <div class='ocr_carea' id='block_1_62' title="bbox 1074 925 1843 967">
    <p class='ocr_par' dir='ltr' id='par_1_62' title="bbox 1074 925 1843 967">
     <span class='ocr_line' id='line_1_62' title="bbox 1074 925 1843 967; baseline -0.005 -11"><span class='ocrx_word' id='word_1_435' title='bbox 1074 926 1132 958; x_wconf 81' lang='grc' dir='ltr'>ϐον,</span> <span class='ocrx_word' id='word_1_436' title='bbox 1151 926 1205 958; x_wconf 80' lang='grc' dir='ltr'><strong>Καὶ</strong></span> <span class='ocrx_word' id='word_1_437' title='bbox 1221 927 1248 956; x_wconf 78' lang='grc' dir='ltr'><strong>αἱ</strong></span> <span class='ocrx_word' id='word_1_438' title='bbox 1264 926 1430 967; x_wconf 80' lang='grc' dir='ltr'>διχοστασίαι</span> <span class='ocrx_word' id='word_1_439' title='bbox 1454 926 1562 963; x_wconf 84' lang='grc' dir='ltr'>τοίνυν,</span> <span class='ocrx_word' id='word_1_440' title='bbox 1585 927 1632 956; x_wconf 79' lang='grc' dir='ltr'><strong>χαὶ</strong></span> <span class='ocrx_word' id='word_1_441' title='bbox 1654 926 1688 956; x_wconf 78' lang='grc' dir='ltr'><strong>τὰ</strong></span> <span class='ocrx_word' id='word_1_442' title='bbox 1713 925 1843 960; x_wconf 72' lang='grc' dir='ltr'>σκάνδαλα,</span> 
     </span>
    </p>
   </div>
   <div class='ocr_carea' id='block_1_63' title="bbox 1072 968 1845 1012">
    <p class='ocr_par' dir='ltr' id='par_1_63' title="bbox 1072 968 1845 1012">
     <span class='ocr_line' id='line_1_63' title="bbox 1072 968 1845 1012; baseline -0.005 -10"><span class='ocrx_word' id='word_1_443' title='bbox 1072 971 1151 1010; x_wconf 80' lang='grc' dir='ltr'>ἤγουν</span> <span class='ocrx_word' id='word_1_444' title='bbox 1176 972 1204 1001; x_wconf 75' lang='grc' dir='ltr'>αἱ</span> <span class='ocrx_word' id='word_1_445' title='bbox 1234 972 1360 1012; x_wconf 73' lang='grc' dir='ltr'>αἱρέσεις,</span> <span class='ocrx_word' id='word_1_446' title='bbox 1386 973 1416 1001; x_wconf 76' lang='grc' dir='ltr'><strong><em>ἐκ</em></strong></span> <span class='ocrx_word' id='word_1_447' title='bbox 1437 972 1490 1002; x_wconf 77' lang='grc' dir='ltr'><strong>τῶν</strong></span> <span class='ocrx_word' id='word_1_448' title='bbox 1521 972 1594 1012; x_wconf 79' lang='grc' dir='ltr'>παρὰ</span> <span class='ocrx_word' id='word_1_449' title='bbox 1623 972 1670 1008; x_wconf 85' lang='grc' dir='ltr'><strong>τὴν</strong></span> <span class='ocrx_word' id='word_1_450' title='bbox 1690 968 1845 1004; x_wconf 76' lang='grc' dir='ltr'>ἀποστολιχὴν</span> 
     </span>
    </p>
   </div>
   <div class='ocr_carea' id='block_1_64' title="bbox 1074 1016 1583 1057">
    <p class='ocr_par' dir='ltr' id='par_1_64' title="bbox 1074 1016 1583 1057">
     <span class='ocr_line' id='line_1_64' title="bbox 1074 1016 1583 1057; baseline 0.004 -12"><span class='ocrx_word' id='word_1_451' title='bbox 1074 1016 1184 1057; x_wconf 82' lang='grc' dir='ltr'>διδαχὴν</span> <span class='ocrx_word' id='word_1_452' title='bbox 1197 1016 1407 1056; x_wconf 83' lang='grc' dir='ltr'>δογματιζόντων</span> <span class='ocrx_word' id='word_1_453' title='bbox 1422 1017 1583 1056; x_wconf 82' lang='grc' dir='ltr'>εἰσάγονται.</span> 
     </span>
    </p>
   </div>
   <div class='ocr_carea' id='block_1_65' title="bbox 1113 1101 1843 1142">
    <p class='ocr_par' dir='ltr' id='par_1_65' title="bbox 1113 1101 1843 1142">
     <span class='ocr_line' id='line_1_65' title="bbox 1113 1101 1843 1142; baseline -0.003 -9"><span class='ocrx_word' id='word_1_454' title='bbox 1113 1117 1124 1129; x_wconf 84' lang='grc' dir='ltr'><strong>ιι</strong></span> <span class='ocrx_word' id='word_1_455' title='bbox 1140 1102 1299 1133; x_wconf 74' lang='grc' dir='ltr'>Ἐχχλίνατε</span> <span class='ocrx_word' id='word_1_456' title='bbox 1319 1102 1364 1132; x_wconf 80' lang='grc' dir='ltr'>ἀπ’</span> <span class='ocrx_word' id='word_1_457' title='bbox 1380 1104 1474 1133; x_wconf 72' lang='grc' dir='ltr'>αὐτῶν.</span> <span class='ocrx_word' id='word_1_458' title='bbox 1494 1104 1528 1133; x_wconf 79' lang='grc' dir='ltr'><strong>Οἱ</strong></span> <span class='ocrx_word' id='word_1_459' title='bbox 1544 1103 1595 1142; x_wconf 85' lang='grc' dir='ltr'>γὰρ</span> <span class='ocrx_word' id='word_1_460' title='bbox 1610 1105 1725 1132; x_wconf 82' lang='grc' dir='ltr'>τοιοῦτοι</span> <span class='ocrx_word' id='word_1_461' title='bbox 1748 1102 1781 1140; x_wconf 83' lang='grc' dir='ltr'><strong>τῷ</strong></span> <span class='ocrx_word' id='word_1_462' title='bbox 1803 1101 1843 1131; x_wconf 81' lang='grc' dir='ltr'><strong>Κυ-</strong></span> 
     </span>
    </p>
   </div>
   <div class='ocr_carea' id='block_1_66' title="bbox 1074 1146 1843 1188">
    <p class='ocr_par' dir='ltr' id='par_1_66' title="bbox 1074 1146 1843 1188">
     <span class='ocr_line' id='line_1_66' title="bbox 1074 1146 1843 1188; baseline -0.003 -11"><span class='ocrx_word' id='word_1_463' title='bbox 1074 1148 1121 1188; x_wconf 87' lang='grc' dir='ltr'><strong>ρίῳ</strong></span> <span class='ocrx_word' id='word_1_464' title='bbox 1135 1149 1213 1186; x_wconf 76' lang='grc' dir='ltr'>ἡμῶν</span> <span class='ocrx_word' id='word_1_465' title='bbox 1234 1146 1323 1184; x_wconf 74' lang='grc' dir='ltr'>Ἰησοῦ</span> <span class='ocrx_word' id='word_1_466' title='bbox 1343 1148 1454 1187; x_wconf 80' lang='grc' dir='ltr'>Χριστῷ</span> <span class='ocrx_word' id='word_1_467' title='bbox 1477 1147 1507 1176; x_wconf 79' lang='grc' dir='ltr'>οὗ</span> <span class='ocrx_word' id='word_1_468' title='bbox 1531 1146 1719 1184; x_wconf 70' lang='grc' dir='ltr'>δουλεύωσιν,</span> <span class='ocrx_word' id='word_1_469' title='bbox 1742 1146 1802 1176; x_wconf 74' lang='grc' dir='ltr'>ἀλλὰ</span> 
     </span>
    </p>
   </div>
   <div class='ocr_carea' id='block_1_67' title="bbox 1073 1191 1843 1232">
    <p class='ocr_par' dir='ltr' id='par_1_67' title="bbox 1073 1191 1843 1232">
     <span class='ocr_line' id='line_1_67' title="bbox 1073 1191 1843 1232; baseline -0.001 -11"><span class='ocrx_word' id='word_1_470' title='bbox 1073 1194 1173 1222; x_wconf 82' lang='grc' dir='ltr'>ἑαυτῶν</span> <span class='ocrx_word' id='word_1_471' title='bbox 1198 1191 1297 1232; x_wconf 75' lang='grc' dir='ltr'>κοιλίᾳ.</span> <span class='ocrx_word' id='word_1_472' title='bbox 1321 1206 1332 1218; x_wconf 80' lang='grc' dir='ltr'><strong>ιι</strong></span> <span class='ocrx_word' id='word_1_473' title='bbox 1359 1191 1545 1228; x_wconf 79' lang='grc' dir='ltr'>Ἀποπηδᾶτε,</span> <span class='ocrx_word' id='word_1_474' title='bbox 1572 1192 1672 1231; x_wconf 76' lang='grc' dir='ltr'>φησὶν,</span> <span class='ocrx_word' id='word_1_475' title='bbox 1698 1192 1744 1222; x_wconf 80' lang='grc' dir='ltr'>ἀπ’</span> <span class='ocrx_word' id='word_1_476' title='bbox 1767 1191 1843 1220; x_wconf 79' lang='grc' dir='ltr'>αὐτῶν.</span> 
     </span>
    </p>
   </div>
   <div class='ocr_carea' id='block_1_68' title="bbox 1075 1235 1843 1276">
    <p class='ocr_par' dir='ltr' id='par_1_68' title="bbox 1075 1235 1843 1276">
     <span class='ocr_line' id='line_1_68' title="bbox 1075 1235 1843 1276; baseline -0.005 -9"><span class='ocrx_word' id='word_1_477' title='bbox 1075 1238 1107 1267; x_wconf 66' lang='lat' dir='ltr'><strong>Ei</strong></span> <span class='ocrx_word' id='word_1_478' title='bbox 1123 1236 1170 1275; x_wconf 82' lang='grc' dir='ltr'>μὲν</span> <span class='ocrx_word' id='word_1_479' title='bbox 1195 1236 1247 1276; x_wconf 77' lang='grc' dir='ltr'><strong>γὰρ</strong></span> <span class='ocrx_word' id='word_1_480' title='bbox 1270 1236 1296 1271; x_wconf 76' lang='grc' dir='ltr'><strong>ἐξ</strong></span> <span class='ocrx_word' id='word_1_481' title='bbox 1319 1236 1439 1276; x_wconf 77' lang='grc' dir='ltr'>ἀγνοίας,</span> <span class='ocrx_word' id='word_1_482' title='bbox 1463 1236 1480 1272; x_wconf 80' lang='grc' dir='ltr'>ἢ</span> <span class='ocrx_word' id='word_1_483' title='bbox 1507 1235 1609 1274; x_wconf 80' lang='grc' dir='ltr'>πλάνης</span> <span class='ocrx_word' id='word_1_484' title='bbox 1630 1239 1718 1267; x_wconf 78' lang='grc' dir='ltr'>ταῦτα</span> <span class='ocrx_word' id='word_1_485' title='bbox 1743 1235 1843 1270; x_wconf 71' lang='grc' dir='ltr'>ἐποίουν,</span> 
     </span>
    </p>
   </div>
   <div class='ocr_carea' id='block_1_69' title="bbox 1073 1281 1842 1321">
    <p class='ocr_par' dir='ltr' id='par_1_69' title="bbox 1073 1281 1842 1321">
     <span class='ocr_line' id='line_1_69' title="bbox 1073 1281 1842 1321; baseline -0.003 -11"><span class='ocrx_word' id='word_1_486' title='bbox 1073 1281 1125 1311; x_wconf 82' lang='grc' dir='ltr'>ἔδει</span> <span class='ocrx_word' id='word_1_487' title='bbox 1142 1282 1259 1321; x_wconf 75' lang='grc' dir='ltr'>διορθοῦν</span> <span class='ocrx_word' id='word_1_488' title='bbox 1271 1292 1277 1300; x_wconf 90' lang='grc'>·</span> <span class='ocrx_word' id='word_1_489' title='bbox 1302 1281 1360 1310; x_wconf 75' lang='grc' dir='ltr'><strong>ἐπεὶ</strong></span> <span class='ocrx_word' id='word_1_490' title='bbox 1375 1281 1402 1310; x_wconf 88' lang='grc' dir='ltr'>δὲ</span> <span class='ocrx_word' id='word_1_491' title='bbox 1418 1281 1514 1314; x_wconf 77' lang='grc' dir='ltr'>εἰδότες</span> <span class='ocrx_word' id='word_1_492' title='bbox 1528 1281 1723 1321; x_wconf 74' lang='grc' dir='ltr'>ἁμαρτάνουσι,</span> <span class='ocrx_word' id='word_1_493' title='bbox 1737 1281 1842 1321; x_wconf 77' lang='grc' dir='ltr'>φεύγετε.</span> 
     </span>
    </p>
   </div>
   <div class='ocr_carea' id='block_1_70' title="bbox 1073 1324 1843 1365">
    <p class='ocr_par' dir='ltr' id='par_1_70' title="bbox 1073 1324 1843 1365">
     <span class='ocr_line' id='line_1_70' title="bbox 1073 1324 1843 1365; baseline -0.003 -10"><span class='ocrx_word' id='word_1_494' title='bbox 1073 1325 1142 1360; x_wconf 80' lang='grc' dir='ltr'>Τοὺς</span> <span class='ocrx_word' id='word_1_495' title='bbox 1159 1326 1186 1360; x_wconf 78' lang='grc' dir='ltr'><strong>ἐξ</strong></span> <span class='ocrx_word' id='word_1_496' title='bbox 1197 1325 1334 1356; x_wconf 87' lang='grc' dir='ltr'>Ἰουδαίων</span> <span class='ocrx_word' id='word_1_497' title='bbox 1357 1325 1383 1355; x_wconf 86' lang='grc' dir='ltr'>δὲ</span> <span class='ocrx_word' id='word_1_498' title='bbox 1408 1326 1571 1365; x_wconf 80' lang='grc' dir='ltr'>αἰνίττεται,</span> <span class='ocrx_word' id='word_1_499' title='bbox 1595 1326 1638 1360; x_wconf 71' lang='grc' dir='ltr'>οὓς</span> <span class='ocrx_word' id='word_1_500' title='bbox 1661 1325 1772 1365; x_wconf 84' lang='grc' dir='ltr'>μάλιστα</span> <span class='ocrx_word' id='word_1_501' title='bbox 1786 1324 1843 1354; x_wconf 74' lang='grc' dir='ltr'>εἴωθε</span> 
     </span>
    </p>
   </div>
   <div class='ocr_carea' id='block_1_71' title="bbox 1072 1369 1844 1411">
    <p class='ocr_par' dir='ltr' id='par_1_71' title="bbox 1072 1369 1844 1411">
     <span class='ocr_line' id='line_1_71' title="bbox 1072 1369 1844 1411; baseline 0.001 -11"><span class='ocrx_word' id='word_1_502' title='bbox 1072 1370 1225 1401; x_wconf 74' lang='grc' dir='ltr'>διαϐάλλειν</span> <span class='ocrx_word' id='word_1_503' title='bbox 1248 1372 1283 1404; x_wconf 80' lang='grc' dir='ltr'>ὡς</span> <span class='ocrx_word' id='word_1_504' title='bbox 1305 1370 1519 1411; x_wconf 84' lang='grc' dir='ltr'>γαστριμάργους</span> <span class='ocrx_word' id='word_1_505' title='bbox 1542 1383 1549 1390; x_wconf 75' lang='grc' dir='ltr'><strong>ο</strong></span> <span class='ocrx_word' id='word_1_506' title='bbox 1578 1370 1639 1401; x_wconf 78' lang='grc' dir='ltr'>ὅλον</span> <span class='ocrx_word' id='word_1_507' title='bbox 1667 1371 1718 1411; x_wconf 83' lang='grc' dir='ltr'>γὰρ</span> <span class='ocrx_word' id='word_1_508' title='bbox 1740 1371 1769 1400; x_wconf 81' lang='grc' dir='ltr'>τὸ</span> <span class='ocrx_word' id='word_1_509' title='bbox 1790 1369 1844 1408; x_wconf 82' lang='grc' dir='ltr'>γένος</span> 
     </span>
    </p>
   </div>
   <div class='ocr_carea' id='block_1_72' title="bbox 1073 1414 1843 1456">
    <p class='ocr_par' dir='ltr' id='par_1_72' title="bbox 1073 1414 1843 1456">
     <span class='ocr_line' id='line_1_72' title="bbox 1073 1414 1843 1456; baseline -0.004 -11"><span class='ocrx_word' id='word_1_510' title='bbox 1073 1419 1199 1446; x_wconf 78' lang='grc' dir='ltr'>τοιοῦτον.</span> <span class='ocrx_word' id='word_1_511' title='bbox 1239 1416 1332 1446; x_wconf 72' lang='lat' dir='ltr'><strong>llam</strong></span> <span class='ocrx_word' id='word_1_512' title='bbox 1360 1415 1386 1444; x_wconf 80' lang='grc' dir='ltr'>δὲ</span> <span class='ocrx_word' id='word_1_513' title='bbox 1417 1416 1444 1444; x_wconf 79' lang='grc' dir='ltr'>αἱ</span> <span class='ocrx_word' id='word_1_514' title='bbox 1468 1415 1582 1456; x_wconf 73' lang='grc' dir='ltr'>αἱρέσεις</span> <span class='ocrx_word' id='word_1_515' title='bbox 1607 1417 1636 1445; x_wconf 80' lang='grc' dir='ltr'><strong>ἐκ</strong></span> <span class='ocrx_word' id='word_1_516' title='bbox 1664 1419 1710 1446; x_wconf 77' lang='grc' dir='ltr'><strong>τοῦ</strong></span> <span class='ocrx_word' id='word_1_517' title='bbox 1736 1414 1843 1445; x_wconf 77' lang='grc' dir='ltr'>δουλεύειν</span> 
     </span>
    </p>
   </div>
   <div class='ocr_carea' id='block_1_73' title="bbox 1069 1456 1844 1501">
    <p class='ocr_par' dir='ltr' id='par_1_73' title="bbox 1069 1456 1844 1501">
     <span class='ocr_line' id='line_1_73' title="bbox 1069 1456 1844 1501; baseline 0 -11"><span class='ocrx_word' id='word_1_518' title='bbox 1069 1461 1164 1490; x_wconf 85' lang='grc' dir='ltr'>πάθεσι</span> <span class='ocrx_word' id='word_1_519' title='bbox 1179 1460 1224 1490; x_wconf 73' lang='grc' dir='ltr'><strong>καὶ</strong></span> <span class='ocrx_word' id='word_1_520' title='bbox 1241 1460 1337 1500; x_wconf 82' lang='grc' dir='ltr'>γαστρί</span> <span class='ocrx_word' id='word_1_521' title='bbox 1349 1460 1386 1491; x_wconf 73' lang='grc'><strong>⁸9.</strong></span> <span class='ocrx_word' id='word_1_522' title='bbox 1408 1460 1469 1490; x_wconf 76' lang='grc' dir='ltr'><strong>Οὐκ</strong></span> <span class='ocrx_word' id='word_1_523' title='bbox 1483 1459 1598 1501; x_wconf 79' lang='grc' dir='ltr'>αἰσχύνῃ</span> <span class='ocrx_word' id='word_1_524' title='bbox 1612 1456 1660 1490; x_wconf 64' lang='grc' dir='ltr'><strong>οὖν</strong></span> <span class='ocrx_word' id='word_1_525' title='bbox 1675 1458 1844 1490; x_wconf 79' lang='grc' dir='ltr'>κοιλιοδούλους</span> 
     </span>
    </p>
   </div>
   <div class='ocr_carea' id='block_1_74' title="bbox 1032 1492 1872 1544">
    <p class='ocr_par' dir='ltr' id='par_1_74' title="bbox 1032 1492 1872 1544">
     <span class='ocr_line' id='line_1_74' title="bbox 1032 1492 1872 1544; baseline -0.001 -9"><span class='ocrx_word' id='word_1_526' title='bbox 1032 1492 1054 1524; x_wconf 80' lang='lat' dir='ltr'><strong><em>C</em></strong></span> <span class='ocrx_word' id='word_1_527' title='bbox 1069 1492 1252 1540; x_wconf 71' lang='grc' dir='ltr'><strong>διδασκάλους¹</strong></span> <span class='ocrx_word' id='word_1_528' title='bbox 1270 1492 1441 1544; x_wconf 77' lang='grc' dir='ltr'>ποίούμενος,</span> <span class='ocrx_word' id='word_1_529' title='bbox 1476 1506 1490 1534; x_wconf 79' lang='grc' dir='ltr'>ὁ</span> <span class='ocrx_word' id='word_1_530' title='bbox 1513 1492 1558 1535; x_wconf 53' lang='lat'><strong>13-3</strong></span> <span class='ocrx_word' id='word_1_531' title='bbox 1586 1492 1709 1544; x_wconf 45' lang='grc' dir='ltr'>Χριστοῦ</span> <span class='ocrx_word' id='word_1_532' title='bbox 1733 1503 1842 1544; x_wconf 73' lang='grc' dir='ltr'>ἀδελφόςς</span> <span class='ocrx_word' id='word_1_533' title='bbox 1871 1492 1872 1544; x_wconf 51' lang='grc' dir='ltr'><strong>ί</strong></span> 
     </span>
    </p>
   </div>
   <div class='ocr_carea' id='block_1_75' title="bbox 1071 1548 1845 1591">
    <p class='ocr_par' dir='ltr' id='par_1_75' title="bbox 1071 1548 1845 1591">
     <span class='ocr_line' id='line_1_75' title="bbox 1071 1548 1845 1591; baseline -0.005 -10"><span class='ocrx_word' id='word_1_534' title='bbox 1071 1550 1226 1589; x_wconf 78' lang='grc' dir='ltr'>Σημείωσαι</span> <span class='ocrx_word' id='word_1_535' title='bbox 1242 1550 1281 1586; x_wconf 76' lang='grc' dir='ltr'>δὲ,</span> <span class='ocrx_word' id='word_1_536' title='bbox 1295 1548 1335 1579; x_wconf 77' lang='grc' dir='ltr'>ὅτι</span> <span class='ocrx_word' id='word_1_537' title='bbox 1348 1551 1362 1579; x_wconf 83' lang='grc' dir='ltr'>ὁ</span> <span class='ocrx_word' id='word_1_538' title='bbox 1377 1549 1506 1580; x_wconf 79' lang='grc' dir='ltr'>δουλεύων</span> <span class='ocrx_word' id='word_1_539' title='bbox 1522 1550 1627 1590; x_wconf 77' lang='grc' dir='ltr'>γαστρὶ,</span> <span class='ocrx_word' id='word_1_540' title='bbox 1642 1550 1753 1591; x_wconf 76' lang='grc' dir='ltr'>Χριστῷ</span> <span class='ocrx_word' id='word_1_541' title='bbox 1765 1549 1791 1579; x_wconf 82' lang='grc' dir='ltr'>οὗ</span> <span class='ocrx_word' id='word_1_542' title='bbox 1803 1549 1845 1577; x_wconf 78' lang='grc' dir='ltr'>δου-</span> 
     </span>
    </p>
   </div>
   <div class='ocr_carea' id='block_1_76' title="bbox 1070 1594 1150 1626">
    <p class='ocr_par' dir='ltr' id='par_1_76' title="bbox 1070 1594 1150 1626">
     <span class='ocr_line' id='line_1_76' title="bbox 1070 1594 1150 1626; baseline 0.025 -2"><span class='ocrx_word' id='word_1_543' title='bbox 1070 1594 1150 1626; x_wconf 82' lang='grc' dir='ltr'>λεύει.</span> 
     </span>
    </p>
   </div>
   <div class='ocr_carea' id='block_1_77' title="bbox 1113 1683 1845 1725">
    <p class='ocr_par' dir='ltr' id='par_1_77' title="bbox 1113 1683 1845 1725">
     <span class='ocr_line' id='line_1_77' title="bbox 1113 1683 1845 1725; baseline -0.003 -11"><span class='ocrx_word' id='word_1_544' title='bbox 1113 1696 1127 1714; x_wconf 81' lang='grc' dir='ltr'>(ι</span> <span class='ocrx_word' id='word_1_545' title='bbox 1147 1684 1199 1715; x_wconf 81' lang='grc' dir='ltr'><strong>Καὶ</strong></span> <span class='ocrx_word' id='word_1_546' title='bbox 1220 1683 1264 1714; x_wconf 76' lang='grc' dir='ltr'><strong>διὰ</strong></span> <span class='ocrx_word' id='word_1_547' title='bbox 1283 1687 1330 1720; x_wconf 57' lang='grc' dir='ltr'>ἧς</span> <span class='ocrx_word' id='word_1_548' title='bbox 1352 1683 1546 1725; x_wconf 86' lang='grc' dir='ltr'>χρηστολογίας</span> <span class='ocrx_word' id='word_1_549' title='bbox 1567 1684 1613 1713; x_wconf 78' lang='grc' dir='ltr'><strong>καὶ</strong></span> <span class='ocrx_word' id='word_1_550' title='bbox 1636 1684 1755 1723; x_wconf 73' lang='grc' dir='ltr'>εὐλογίας</span> <span class='ocrx_word' id='word_1_551' title='bbox 1768 1683 1845 1718; x_wconf 79' lang='grc' dir='ltr'>ἐξαπε-</span> 
     </span>
    </p>
   </div>
   <div class='ocr_carea' id='block_1_78' title="bbox 1068 1727 1872 1769">
    <p class='ocr_par' dir='ltr' id='par_1_78' title="bbox 1068 1727 1872 1769">
     <span class='ocr_line' id='line_1_78' title="bbox 1068 1727 1872 1769; baseline -0.004 -11"><span class='ocrx_word' id='word_1_552' title='bbox 1068 1730 1135 1759; x_wconf 80' lang='grc' dir='ltr'>τῶσι</span> <span class='ocrx_word' id='word_1_553' title='bbox 1162 1728 1209 1762; x_wconf 75' lang='grc' dir='ltr'><strong>τὰς</strong></span> <span class='ocrx_word' id='word_1_554' title='bbox 1234 1729 1344 1769; x_wconf 78' lang='grc' dir='ltr'>καρδίας</span> <span class='ocrx_word' id='word_1_555' title='bbox 1367 1730 1420 1758; x_wconf 80' lang='grc' dir='ltr'><strong>τῶν</strong></span> <span class='ocrx_word' id='word_1_556' title='bbox 1445 1728 1563 1759; x_wconf 73' lang='grc' dir='ltr'>ἀκάκων.</span> <span class='ocrx_word' id='word_1_557' title='bbox 1588 1740 1602 1758; x_wconf 73' lang='grc' dir='ltr'><strong><em>ι</em></strong></span> <span class='ocrx_word' id='word_1_558' title='bbox 1629 1727 1845 1761; x_wconf 78' lang='grc' dir='ltr'>Ἐπιϐουλεύουσι,</span> <span class='ocrx_word' id='word_1_559' title='bbox 1871 1737 1872 1769; x_wconf 46' lang='grc' dir='ltr'><strong>ι</strong></span> 
     </span>
    </p>
   </div>
   <div class='ocr_carea' id='block_1_79' title="bbox 1070 1772 1843 1814">
    <p class='ocr_par' dir='ltr' id='par_1_79' title="bbox 1070 1772 1843 1814">
     <span class='ocr_line' id='line_1_79' title="bbox 1070 1772 1843 1814; baseline -0.004 -11"><span class='ocrx_word' id='word_1_560' title='bbox 1070 1774 1150 1814; x_wconf 78' lang='grc' dir='ltr'>φησὶ,</span> <span class='ocrx_word' id='word_1_561' title='bbox 1166 1773 1210 1802; x_wconf 79' lang='grc' dir='ltr'><strong>διὰ</strong></span> <span class='ocrx_word' id='word_1_562' title='bbox 1230 1772 1370 1806; x_wconf 77' lang='grc' dir='ltr'>κολακείας</span> <span class='ocrx_word' id='word_1_563' title='bbox 1385 1784 1392 1792; x_wconf 87' lang='grc'>·</span> <span class='ocrx_word' id='word_1_564' title='bbox 1407 1775 1485 1803; x_wconf 76' lang='grc' dir='ltr'>τοῦτο</span> <span class='ocrx_word' id='word_1_565' title='bbox 1502 1773 1554 1814; x_wconf 77' lang='grc' dir='ltr'>γὰρ</span> <span class='ocrx_word' id='word_1_566' title='bbox 1571 1775 1589 1809; x_wconf 83' lang='grc' dir='ltr'>ἡ</span> <span class='ocrx_word' id='word_1_567' title='bbox 1616 1772 1792 1814; x_wconf 87' lang='grc' dir='ltr'>χρηστολογία</span> <span class='ocrx_word' id='word_1_568' title='bbox 1809 1772 1843 1801; x_wconf 67' lang='grc' dir='ltr'><strong>καὶ</strong></span> 
     </span>
    </p>
   </div>
   <div class='ocr_carea' id='block_1_80' title="bbox 1069 1814 1845 1859">
    <p class='ocr_par' dir='ltr' id='par_1_80' title="bbox 1069 1814 1845 1859">
     <span class='ocr_line' id='line_1_80' title="bbox 1069 1814 1845 1859; baseline -0.004 -11"><span class='ocrx_word' id='word_1_569' title='bbox 1069 1822 1085 1855; x_wconf 84' lang='grc' dir='ltr'><strong>ἡ</strong></span> <span class='ocrx_word' id='word_1_570' title='bbox 1109 1818 1231 1858; x_wconf 82' lang='grc' dir='ltr'>εὐλογία,</span> <span class='ocrx_word' id='word_1_571' title='bbox 1248 1818 1311 1848; x_wconf 78' lang='grc' dir='ltr'>ὅταν</span> <span class='ocrx_word' id='word_1_572' title='bbox 1332 1818 1365 1849; x_wconf 84' lang='grc' dir='ltr'><strong>τὰ</strong></span> <span class='ocrx_word' id='word_1_573' title='bbox 1381 1817 1429 1857; x_wconf 62' lang='grc' dir='ltr'>μὲν</span> <span class='ocrx_word' id='word_1_574' title='bbox 1445 1818 1552 1859; x_wconf 70' lang='grc' dir='ltr'>ῥήματα</span> <span class='ocrx_word' id='word_1_575' title='bbox 1567 1818 1657 1859; x_wconf 76' lang='grc' dir='ltr'>φιλίας</span> <span class='ocrx_word' id='word_1_576' title='bbox 1676 1814 1711 1859; x_wconf 73' lang='grc' dir='ltr'>ᾖ,</span> <span class='ocrx_word' id='word_1_577' title='bbox 1737 1820 1752 1854; x_wconf 81' lang='grc' dir='ltr'>ἡ</span> <span class='ocrx_word' id='word_1_578' title='bbox 1769 1817 1793 1847; x_wconf 77' lang='grc' dir='ltr'>δὶ</span> <span class='ocrx_word' id='word_1_579' title='bbox 1803 1816 1845 1846; x_wconf 83' lang='grc' dir='ltr'>διά-</span> 
     </span>
    </p>
   </div>
   <div class='ocr_carea' id='block_1_81' title="bbox 1068 1858 1846 1904">
    <p class='ocr_par' dir='ltr' id='par_1_81' title="bbox 1068 1858 1846 1904">
     <span class='ocr_line' id='line_1_81' title="bbox 1068 1858 1846 1904; baseline -0.003 -12"><span class='ocrx_word' id='word_1_580' title='bbox 1068 1875 1125 1893; x_wconf 91' lang='grc' dir='ltr'>νοια</span> <span class='ocrx_word' id='word_1_581' title='bbox 1142 1863 1218 1894; x_wconf 89' lang='grc' dir='ltr'>δόλου</span> <span class='ocrx_word' id='word_1_582' title='bbox 1241 1863 1368 1903; x_wconf 75' lang='grc' dir='ltr'>γέμουσα.</span> <span class='ocrx_word' id='word_1_583' title='bbox 1395 1863 1454 1893; x_wconf 74' lang='grc' dir='ltr'>Οὒιι</span> <span class='ocrx_word' id='word_1_584' title='bbox 1477 1858 1534 1892; x_wconf 81' lang='grc' dir='ltr'>εἷπε</span> <span class='ocrx_word' id='word_1_585' title='bbox 1561 1858 1607 1902; x_wconf 59' lang='grc' dir='ltr'>δὲ,</span> <span class='ocrx_word' id='word_1_586' title='bbox 1620 1858 1710 1904; x_wconf 54' lang='lat' dir='ltr'><strong>Tm</strong></span> <span class='ocrx_word' id='word_1_587' title='bbox 1731 1862 1846 1898; x_wconf 75' lang='grc' dir='ltr'>ἐξαπατῶ-</span> 
     </span>
    </p>
   </div>
   <div class='ocr_carea' id='block_1_82' title="bbox 1069 1906 1845 1948">
    <p class='ocr_par' dir='ltr' id='par_1_82' title="bbox 1069 1906 1845 1948">
     <span class='ocr_line' id='line_1_82' title="bbox 1069 1906 1845 1948; baseline -0.004 -10"><span class='ocrx_word' id='word_1_588' title='bbox 1069 1919 1126 1946; x_wconf 85' lang='grc' dir='ltr'>σιν,</span> <span class='ocrx_word' id='word_1_589' title='bbox 1149 1908 1234 1947; x_wconf 73' lang='grc' dir='ltr'>ιὶλλὰ,</span> <span class='ocrx_word' id='word_1_590' title='bbox 1262 1918 1277 1937; x_wconf 90' lang='grc' dir='ltr'><strong>ιι</strong></span> <span class='ocrx_word' id='word_1_591' title='bbox 1290 1908 1346 1942; x_wconf 80' lang='grc' dir='ltr'>Τὰς</span> <span class='ocrx_word' id='word_1_592' title='bbox 1368 1908 1479 1948; x_wconf 77' lang='grc' dir='ltr'>καρδίας</span> <span class='ocrx_word' id='word_1_593' title='bbox 1498 1909 1551 1938; x_wconf 81' lang='grc' dir='ltr'><strong>τῶν</strong></span> <span class='ocrx_word' id='word_1_594' title='bbox 1573 1909 1703 1946; x_wconf 72' lang='grc' dir='ltr'>ἀκάκων,</span> <span class='ocrx_word' id='word_1_595' title='bbox 1720 1923 1730 1935; x_wconf 84' lang='grc' dir='ltr'><strong>ιι</strong></span> <span class='ocrx_word' id='word_1_596' title='bbox 1746 1906 1845 1937; x_wconf 76' lang='grc' dir='ltr'>τουτέστι</span> 
     </span>
    </p>
   </div>
   <div class='ocr_carea' id='block_1_83' title="bbox 1069 1951 1332 1992">
    <p class='ocr_par' dir='ltr' id='par_1_83' title="bbox 1069 1951 1332 1992">
     <span class='ocr_line' id='line_1_83' title="bbox 1069 1951 1332 1992; baseline 0 -10"><span class='ocrx_word' id='word_1_597' title='bbox 1069 1954 1120 1982; x_wconf 82' lang='grc' dir='ltr'><strong>τῶν</strong></span> <span class='ocrx_word' id='word_1_598' title='bbox 1134 1951 1332 1992; x_wconf 71' lang='grc' dir='ltr'>ἁπλουστέρων.</span> 
     </span>
    </p>
   </div>
   <div class='ocr_carea' id='block_1_84' title="bbox 1120 1996 1842 2038">
    <p class='ocr_par' dir='ltr' id='par_1_84' title="bbox 1120 1996 1842 2038">
     <span class='ocr_line' id='line_1_84' title="bbox 1120 1996 1842 2038; baseline 0 -13"><span class='ocrx_word' id='word_1_599' title='bbox 1120 2011 1133 2025; x_wconf 78' lang='grc' dir='ltr'><strong>ε</strong></span> <span class='ocrx_word' id='word_1_600' title='bbox 1164 1998 1201 2028; x_wconf 60' lang='grc' dir='ltr'><strong>(Η</strong></span> <span class='ocrx_word' id='word_1_601' title='bbox 1224 1997 1277 2038; x_wconf 82' lang='grc' dir='ltr'>γὰρ</span> <span class='ocrx_word' id='word_1_602' title='bbox 1301 1998 1375 2036; x_wconf 71' lang='grc' dir='ltr'>ὑμῶν</span> <span class='ocrx_word' id='word_1_603' title='bbox 1411 1997 1515 2033; x_wconf 73' lang='grc' dir='ltr'>ὑπακοὴ</span> <span class='ocrx_word' id='word_1_604' title='bbox 1548 1998 1584 2032; x_wconf 63' lang='lat' dir='ltr'><strong>sic</strong></span> <span class='ocrx_word' id='word_1_605' title='bbox 1610 1997 1712 2032; x_wconf 80' lang='grc' dir='ltr'>πάντας</span> <span class='ocrx_word' id='word_1_606' title='bbox 1743 1996 1842 2038; x_wconf 77' lang='grc' dir='ltr'>ἄφίκετο.</span> 
     </span>
    </p>
   </div>
   <div class='ocr_carea' id='block_1_85' title="bbox 1068 2037 1843 2083">
    <p class='ocr_par' dir='ltr' id='par_1_85' title="bbox 1068 2037 1843 2083">
     <span class='ocr_line' id='line_1_85' title="bbox 1068 2037 1843 2083; baseline 0 -11"><span class='ocrx_word' id='word_1_607' title='bbox 1068 2042 1162 2082; x_wconf 86' lang='grc' dir='ltr'>Χαίρω</span> <span class='ocrx_word' id='word_1_608' title='bbox 1177 2037 1222 2072; x_wconf 59' lang='grc' dir='ltr'><strong>οὖν</strong></span> <span class='ocrx_word' id='word_1_609' title='bbox 1237 2042 1267 2072; x_wconf 87' lang='grc' dir='ltr'><strong>τὸ</strong></span> <span class='ocrx_word' id='word_1_610' title='bbox 1281 2042 1322 2082; x_wconf 81' lang='grc' dir='ltr'><strong>ἐφ’</strong></span> <span class='ocrx_word' id='word_1_611' title='bbox 1340 2043 1413 2080; x_wconf 78' lang='grc' dir='ltr'>ὑμῖν.</span> <span class='ocrx_word' id='word_1_612' title='bbox 1427 2055 1440 2068; x_wconf 72' lang='grc' dir='ltr'><strong>ι</strong></span> <span class='ocrx_word' id='word_1_613' title='bbox 1459 2041 1530 2075; x_wconf 80' lang='grc' dir='ltr'>Τοὺς</span> <span class='ocrx_word' id='word_1_614' title='bbox 1551 2037 1843 2083; x_wconf 16' lang='grc' dir='ltr'>ἄπλουστίρους,γφησῖι</span> 
     </span>
    </p>
   </div>
   <div class='ocr_carea' id='block_1_86' title="bbox 1067 2084 1872 2127">
    <p class='ocr_par' dir='ltr' id='par_1_86' title="bbox 1067 2084 1872 2127">
     <span class='ocr_line' id='line_1_86' title="bbox 1067 2084 1872 2127; baseline -0.005 -10"><span class='ocrx_word' id='word_1_615' title='bbox 1067 2087 1234 2125; x_wconf 83' lang='grc' dir='ltr'>δελεάζουσι,</span> <span class='ocrx_word' id='word_1_616' title='bbox 1250 2086 1296 2116; x_wconf 79' lang='grc' dir='ltr'><strong>καὶ</strong></span> <span class='ocrx_word' id='word_1_617' title='bbox 1311 2087 1362 2127; x_wconf 79' lang='grc' dir='ltr'>οὐχ</span> <span class='ocrx_word' id='word_1_618' title='bbox 1377 2088 1458 2125; x_wconf 77' lang='grc' dir='ltr'>ὑμᾶς,</span> <span class='ocrx_word' id='word_1_619' title='bbox 1477 2100 1489 2114; x_wconf 71' lang='grc'><strong>1</strong></span> <span class='ocrx_word' id='word_1_620' title='bbox 1507 2086 1542 2118; x_wconf 85' lang='grc' dir='ltr'><strong><em>Ἡ</em></strong></span> <span class='ocrx_word' id='word_1_621' title='bbox 1561 2086 1613 2127; x_wconf 80' lang='grc' dir='ltr'><strong>γὰρ</strong></span> <span class='ocrx_word' id='word_1_622' title='bbox 1628 2089 1705 2126; x_wconf 75' lang='grc' dir='ltr'>ὑμῶν</span> <span class='ocrx_word' id='word_1_623' title='bbox 1724 2084 1826 2119; x_wconf 76' lang='grc' dir='ltr'>ὑπακοὴ,</span> <span class='ocrx_word' id='word_1_624' title='bbox 1837 2096 1844 2108; x_wconf 82' lang='grc' dir='ltr'><strong>ι</strong></span> <span class='ocrx_word' id='word_1_625' title='bbox 1871 2122 1872 2125; x_wconf 18' lang='grc' dir='ltr'><strong>η</strong></span> 
     </span>
    </p>
   </div>
   <div class='ocr_carea' id='block_1_87' title="bbox 214 2128 1016 2177">
    <p class='ocr_par' dir='ltr' id='par_1_87' title="bbox 214 2135 1010 2171">
     <span class='ocr_line' id='line_1_87' title="bbox 214 2135 1010 2171; baseline -0.001 -7"><span class='ocrx_word' id='word_1_626' title='bbox 214 2135 382 2170; x_wconf 88' lang='lat' dir='ltr'><strong>obedientia,</strong></span> <span class='ocrx_word' id='word_1_627' title='bbox 393 2147 406 2160; x_wconf 74' lang='grc' dir='ltr'><strong>ι</strong></span> <span class='ocrx_word' id='word_1_628' title='bbox 415 2135 467 2164; x_wconf 91' lang='lat' dir='ltr'><strong>hoc</strong></span> <span class='ocrx_word' id='word_1_629' title='bbox 475 2140 516 2164; x_wconf 89' lang='lat' dir='ltr'><strong>est</strong></span> <span class='ocrx_word' id='word_1_630' title='bbox 526 2136 548 2171; x_wconf 82' lang='lat'><strong>1</strong></span> <span class='ocrx_word' id='word_1_631' title='bbox 555 2135 607 2171; x_wconf 78' lang='lat'><strong>17</strong></span> <span class='ocrx_word' id='word_1_632' title='bbox 616 2135 765 2171; x_wconf 83' lang='lat' dir='ltr'><strong>persuasio,</strong></span> <span class='ocrx_word' id='word_1_633' title='bbox 772 2142 834 2171; x_wconf 69' lang='lat' dir='ltr'><strong>qum</strong></span> <span class='ocrx_word' id='word_1_634' title='bbox 840 2140 881 2164; x_wconf 90' lang='lat' dir='ltr'><strong>est</strong></span> <span class='ocrx_word' id='word_1_635' title='bbox 887 2143 918 2163; x_wconf 87' lang='lat' dir='ltr'><strong>ex</strong></span> <span class='ocrx_word' id='word_1_636' title='bbox 925 2136 1010 2164; x_wconf 91' lang='lat' dir='ltr'><strong>multa</strong></span> 
     </span>
    </p>
   </div>
   <div class='ocr_carea' id='block_1_88' title="bbox 1078 2128 1844 2177">
    <p class='ocr_par' dir='ltr' id='par_1_88' title="bbox 1078 2128 1844 2177">
     <span class='ocr_line' id='line_1_88' title="bbox 1078 2128 1844 2177; baseline -0.003 -15"><span class='ocrx_word' id='word_1_637' title='bbox 1078 2132 1200 2163; x_wconf 78' lang='grc' dir='ltr'>ουτέστιν</span> <span class='ocrx_word' id='word_1_638' title='bbox 1226 2134 1242 2168; x_wconf 83' lang='grc' dir='ltr'><strong>ἡ</strong></span> <span class='ocrx_word' id='word_1_639' title='bbox 1261 2131 1361 2168; x_wconf 82' lang='grc' dir='ltr'>πειθὼ,</span> <span class='ocrx_word' id='word_1_640' title='bbox 1378 2131 1436 2168; x_wconf 85' lang='grc' dir='ltr'>ἥτις</span> <span class='ocrx_word' id='word_1_641' title='bbox 1460 2131 1514 2161; x_wconf 82' lang='grc' dir='ltr'><strong>άπδ</strong></span> <span class='ocrx_word' id='word_1_642' title='bbox 1538 2133 1639 2168; x_wconf 81' lang='grc' dir='ltr'>πολλῆς</span> <span class='ocrx_word' id='word_1_643' title='bbox 1658 2132 1798 2177; x_wconf 79' lang='grc' dir='ltr'>πραότητος</span> <span class='ocrx_word' id='word_1_644' title='bbox 1811 2128 1844 2177; x_wconf 70' lang='grc' dir='ltr'><strong>γί-</strong></span> 
     </span>
    </p>
   </div>
   <div class='ocr_carea' id='block_1_89' title="bbox 215 2180 1015 2217">
    <p class='ocr_par' dir='ltr' id='par_1_89' title="bbox 215 2180 1015 2217">
     <span class='ocr_line' id='line_1_89' title="bbox 215 2180 1015 2217; baseline -0.001 -7"><span class='ocrx_word' id='word_1_645' title='bbox 215 2181 434 2215; x_wconf 85' lang='lat' dir='ltr'><strong>mansuetudine,</strong></span> <span class='ocrx_word' id='word_1_646' title='bbox 462 2192 474 2205; x_wconf 82' lang='grc' dir='ltr'><strong>ι</strong></span> <span class='ocrx_word' id='word_1_647' title='bbox 489 2180 524 2209; x_wconf 90' lang='lat' dir='ltr'><strong>ad</strong></span> <span class='ocrx_word' id='word_1_648' title='bbox 545 2188 642 2208; x_wconf 85' lang='lat' dir='ltr'><strong>omnes</strong></span> <span class='ocrx_word' id='word_1_649' title='bbox 655 2180 786 2216; x_wconf 89' lang='lat' dir='ltr'><strong>pervenit.</strong></span> <span class='ocrx_word' id='word_1_650' title='bbox 801 2191 813 2204; x_wconf 76' lang='grc' dir='ltr'><strong>ιι</strong></span> <span class='ocrx_word' id='word_1_651' title='bbox 838 2181 894 2208; x_wconf 84' lang='lat' dir='ltr'><strong>Nec</strong></span> <span class='ocrx_word' id='word_1_652' title='bbox 907 2188 958 2217; x_wconf 89' lang='lat' dir='ltr'><strong>ego</strong></span> <span class='ocrx_word' id='word_1_653' title='bbox 971 2188 1015 2209; x_wconf 90' lang='lat' dir='ltr'><strong>so-</strong></span> 
     </span>
    </p>
   </div>
   <div class='ocr_carea' id='block_1_90' title="bbox 214 2225 1016 2262">
    <p class='ocr_par' dir='ltr' id='par_1_90' title="bbox 214 2225 1016 2262">
     <span class='ocr_line' id='line_1_90' title="bbox 214 2225 1016 2262; baseline -0.001 -7"><span class='ocrx_word' id='word_1_654' title='bbox 214 2227 257 2255; x_wconf 86' lang='lat' dir='ltr'><strong>lus</strong></span> <span class='ocrx_word' id='word_1_655' title='bbox 270 2226 335 2255; x_wconf 81' lang='lat' dir='ltr'><strong>ﬁdei</strong></span> <span class='ocrx_word' id='word_1_656' title='bbox 349 2226 413 2255; x_wconf 90' lang='lat' dir='ltr'><strong>huic</strong></span> <span class='ocrx_word' id='word_1_657' title='bbox 435 2230 533 2254; x_wconf 86' lang='lat' dir='ltr'><strong>vestrae</strong></span> <span class='ocrx_word' id='word_1_658' title='bbox 558 2225 748 2254; x_wconf 86' lang='lat' dir='ltr'><strong>testimonium</strong></span> <span class='ocrx_word' id='word_1_659' title='bbox 762 2225 904 2262; x_wconf 88' lang='lat' dir='ltr'><strong>perhibeo,</strong></span> <span class='ocrx_word' id='word_1_660' title='bbox 920 2233 1016 2254; x_wconf 87' lang='lat' dir='ltr'><strong>verum</strong></span> 
     </span>
    </p>
   </div>
   <div class='ocr_carea' id='block_1_91' title="bbox 213 2270 1012 2306">
    <p class='ocr_par' dir='ltr' id='par_1_91' title="bbox 213 2270 1012 2306">
     <span class='ocr_line' id='line_1_91' title="bbox 213 2270 1012 2306; baseline -0.001 -7"><span class='ocrx_word' id='word_1_661' title='bbox 213 2271 298 2300; x_wconf 88' lang='lat' dir='ltr'><strong>etiam</strong></span> <span class='ocrx_word' id='word_1_662' title='bbox 322 2271 466 2300; x_wconf 88' lang='lat' dir='ltr'><strong>universus</strong></span> <span class='ocrx_word' id='word_1_663' title='bbox 485 2270 570 2299; x_wconf 91' lang='lat' dir='ltr'><strong>orbis.</strong></span> <span class='ocrx_word' id='word_1_664' title='bbox 588 2282 601 2296; x_wconf 76' lang='grc' dir='ltr'><strong>ιι</strong></span> <span class='ocrx_word' id='word_1_665' title='bbox 617 2270 732 2299; x_wconf 85' lang='lat' dir='ltr'><strong>Gaudeo</strong></span> <span class='ocrx_word' id='word_1_666' title='bbox 745 2270 831 2306; x_wconf 89' lang='lat' dir='ltr'><strong>igitur</strong></span> <span class='ocrx_word' id='word_1_667' title='bbox 850 2271 878 2299; x_wconf 89' lang='lat' dir='ltr'><strong>in</strong></span> <span class='ocrx_word' id='word_1_668' title='bbox 892 2271 982 2305; x_wconf 90' lang='lat' dir='ltr'><strong>vobis,</strong></span> <span class='ocrx_word' id='word_1_669' title='bbox 1000 2283 1012 2295; x_wconf 74' lang='grc' dir='ltr'><strong>ν</strong></span> 
     </span>
    </p>
   </div>
   <div class='ocr_carea' id='block_1_92' title="bbox 214 2314 574 2352">
    <p class='ocr_par' dir='ltr' id='par_1_92' title="bbox 214 2314 574 2352">
     <span class='ocr_line' id='line_1_92' title="bbox 214 2314 574 2352; baseline -0.003 -8"><span class='ocrx_word' id='word_1_670' title='bbox 214 2319 246 2344; x_wconf 86' lang='lat' dir='ltr'><strong>ut</strong></span> <span class='ocrx_word' id='word_1_671' title='bbox 259 2316 307 2352; x_wconf 89' lang='lat' dir='ltr'><strong>qui</strong></span> <span class='ocrx_word' id='word_1_672' title='bbox 320 2323 376 2344; x_wconf 91' lang='lat' dir='ltr'><strong>non</strong></span> <span class='ocrx_word' id='word_1_673' title='bbox 388 2315 447 2344; x_wconf 88' lang='lat' dir='ltr'><strong>sitis</strong></span> <span class='ocrx_word' id='word_1_674' title='bbox 459 2314 574 2352; x_wconf 86' lang='lat' dir='ltr'><strong>decepti.</strong></span> 
     </span>
    </p>
   </div>
   <div class='ocr_carea' id='block_1_93' title="bbox 250 2360 1010 2397">
    <p class='ocr_par' dir='ltr' id='par_1_93' title="bbox 250 2360 1010 2397">
     <span class='ocr_line' id='line_1_93' title="bbox 250 2360 1010 2397; baseline -0.001 -8"><span class='ocrx_word' id='word_1_675' title='bbox 250 2371 264 2386; x_wconf 77' lang='grc' dir='ltr'><strong>ι</strong></span> <span class='ocrx_word' id='word_1_676' title='bbox 280 2361 350 2390; x_wconf 88' lang='lat' dir='ltr'><strong>Volo</strong></span> <span class='ocrx_word' id='word_1_677' title='bbox 360 2364 453 2389; x_wconf 85' lang='lat' dir='ltr'><strong>autem</strong></span> <span class='ocrx_word' id='word_1_678' title='bbox 459 2368 507 2389; x_wconf 89' lang='lat' dir='ltr'><strong>vos</strong></span> <span class='ocrx_word' id='word_1_679' title='bbox 516 2360 655 2396; x_wconf 86' lang='lat' dir='ltr'><strong>sapientes</strong></span> <span class='ocrx_word' id='word_1_680' title='bbox 661 2360 774 2397; x_wconf 89' lang='lat' dir='ltr'><strong>quidem</strong></span> <span class='ocrx_word' id='word_1_681' title='bbox 785 2368 845 2390; x_wconf 89' lang='lat' dir='ltr'><strong>esse</strong></span> <span class='ocrx_word' id='word_1_682' title='bbox 853 2360 888 2389; x_wconf 87' lang='lat' dir='ltr'><strong>ad</strong></span> <span class='ocrx_word' id='word_1_683' title='bbox 898 2360 1010 2394; x_wconf 88' lang='lat' dir='ltr'><strong>bonum,</strong></span> 
     </span>
    </p>
   </div>
   <div class='ocr_carea' id='block_1_94' title="bbox 212 2405 1013 2442">
    <p class='ocr_par' dir='ltr' id='par_1_94' title="bbox 212 2405 1013 2442">
     <span class='ocr_line' id='line_1_94' title="bbox 212 2405 1013 2442; baseline 0 -8"><span class='ocrx_word' id='word_1_684' title='bbox 212 2405 351 2442; x_wconf 87' lang='lat' dir='ltr'><strong>simplices</strong></span> <span class='ocrx_word' id='word_1_685' title='bbox 365 2413 430 2434; x_wconf 89' lang='lat' dir='ltr'><strong>vero</strong></span> <span class='ocrx_word' id='word_1_686' title='bbox 442 2405 476 2434; x_wconf 91' lang='lat' dir='ltr'><strong>ad</strong></span> <span class='ocrx_word' id='word_1_687' title='bbox 489 2406 604 2434; x_wconf 87' lang='lat' dir='ltr'><strong>malum.</strong></span> <span class='ocrx_word' id='word_1_688' title='bbox 620 2417 633 2430; x_wconf 73' lang='grc' dir='ltr'><strong>ι</strong></span> <span class='ocrx_word' id='word_1_689' title='bbox 649 2406 741 2434; x_wconf 89' lang='lat' dir='ltr'><strong>Innuit</strong></span> <span class='ocrx_word' id='word_1_690' title='bbox 754 2405 828 2442; x_wconf 92' lang='lat' dir='ltr'><strong>quod</strong></span> <span class='ocrx_word' id='word_1_691' title='bbox 843 2405 885 2434; x_wconf 87' lang='lat' dir='ltr'><strong>vel</strong></span> <span class='ocrx_word' id='word_1_692' title='bbox 899 2413 933 2434; x_wconf 79' lang='lat' dir='ltr'><strong>ex</strong></span> <span class='ocrx_word' id='word_1_693' title='bbox 949 2405 1013 2441; x_wconf 84' lang='lat' dir='ltr'><strong>ipsis</strong></span> 
     </span>
    </p>
   </div>
   <div class='ocr_carea' id='block_1_95' title="bbox 212 2449 1012 2488">
    <p class='ocr_par' dir='ltr' id='par_1_95' title="bbox 212 2449 1012 2488">
     <span class='ocr_line' id='line_1_95' title="bbox 212 2449 1012 2488; baseline 0 -10"><span class='ocrx_word' id='word_1_694' title='bbox 212 2451 336 2479; x_wconf 90' lang='lat' dir='ltr'><strong>nonnulli</strong></span> <span class='ocrx_word' id='word_1_695' title='bbox 356 2451 463 2488; x_wconf 85' lang='lat' dir='ltr'><strong>decepti</strong></span> <span class='ocrx_word' id='word_1_696' title='bbox 489 2451 597 2480; x_wconf 84' lang='lat' dir='ltr'><strong>fuerint.</strong></span> <span class='ocrx_word' id='word_1_697' title='bbox 626 2451 721 2480; x_wconf 85' lang='lat' dir='ltr'><strong>Palam</strong></span> <span class='ocrx_word' id='word_1_698' title='bbox 746 2455 840 2479; x_wconf 86' lang='lat' dir='ltr'><strong>autem</strong></span> <span class='ocrx_word' id='word_1_699' title='bbox 869 2449 915 2478; x_wconf 87' lang='lat' dir='ltr'><strong>hic</strong></span> <span class='ocrx_word' id='word_1_700' title='bbox 939 2450 1012 2478; x_wconf 89' lang='lat' dir='ltr'><strong>idem</strong></span> 
     </span>
    </p>
   </div>
   <div class='ocr_carea' id='block_1_96' title="bbox 210 2495 1013 2533">
    <p class='ocr_par' dir='ltr' id='par_1_96' title="bbox 210 2495 1013 2533">
     <span class='ocr_line' id='line_1_96' title="bbox 210 2495 1013 2533; baseline -0.002 -9"><span class='ocrx_word' id='word_1_701' title='bbox 210 2503 275 2525; x_wconf 89' lang='lat' dir='ltr'><strong>cum</strong></span> <span class='ocrx_word' id='word_1_702' title='bbox 289 2497 410 2525; x_wconf 90' lang='lat' dir='ltr'><strong>Domino</strong></span> <span class='ocrx_word' id='word_1_703' title='bbox 422 2497 545 2533; x_wconf 62' lang='lat' dir='ltr'><strong>praecipit</strong></span> <span class='ocrx_word' id='word_1_704' title='bbox 559 2505 566 2525; x_wconf 88' lang='lat'><strong>:</strong></span> <span class='ocrx_word' id='word_1_705' title='bbox 583 2507 595 2522; x_wconf 86' lang='grc' dir='ltr'><strong>ε</strong></span> <span class='ocrx_word' id='word_1_706' title='bbox 608 2496 629 2533; x_wconf 91' lang='lat' dir='ltr'><strong>j.</strong></span> <span class='ocrx_word' id='word_1_707' title='bbox 644 2497 740 2525; x_wconf 86' lang='lat' dir='ltr'><strong>Estote</strong></span> <span class='ocrx_word' id='word_1_708' title='bbox 750 2495 898 2532; x_wconf 88' lang='lat' dir='ltr'><strong>prudentes</strong></span> <span class='ocrx_word' id='word_1_709' title='bbox 912 2498 943 2523; x_wconf 92' lang='lat' dir='ltr'><strong>ut</strong></span> <span class='ocrx_word' id='word_1_710' title='bbox 956 2502 1013 2523; x_wconf 86' lang='lat' dir='ltr'><strong>ser-</strong></span> 
     </span>
    </p>
   </div>
   <div class='ocr_carea' id='block_1_97' title="bbox 212 2540 1013 2578">
    <p class='ocr_par' dir='ltr' id='par_1_97' title="bbox 212 2540 1013 2578">
     <span class='ocr_line' id='line_1_97' title="bbox 212 2540 1013 2578; baseline -0.002 -8"><span class='ocrx_word' id='word_1_711' title='bbox 212 2545 317 2577; x_wconf 88' lang='lat' dir='ltr'><strong>pentes,</strong></span> <span class='ocrx_word' id='word_1_712' title='bbox 343 2545 371 2570; x_wconf 89' lang='lat' dir='ltr'><strong>et</strong></span> <span class='ocrx_word' id='word_1_713' title='bbox 396 2541 534 2578; x_wconf 89' lang='lat' dir='ltr'><strong>simplices</strong></span> <span class='ocrx_word' id='word_1_714' title='bbox 554 2541 629 2570; x_wconf 87' lang='lat' dir='ltr'><strong>velut</strong></span> <span class='ocrx_word' id='word_1_715' title='bbox 641 2540 787 2570; x_wconf 65' lang='lat' dir='ltr'><strong>colum-be.</strong></span> <span class='ocrx_word' id='word_1_716' title='bbox 806 2552 819 2565; x_wconf 79' lang='grc' dir='ltr'><strong>ι</strong></span> <span class='ocrx_word' id='word_1_717' title='bbox 845 2540 910 2568; x_wconf 87' lang='lat' dir='ltr'><strong>Vult</strong></span> <span class='ocrx_word' id='word_1_718' title='bbox 937 2540 1013 2568; x_wconf 89' lang='lat' dir='ltr'><strong>enim</strong></span> 
     </span>
    </p>
   </div>
   <div class='ocr_carea' id='block_1_98' title="bbox 211 2585 1014 2624">
    <p class='ocr_par' dir='ltr' id='par_1_98' title="bbox 211 2585 1014 2624">
     <span class='ocr_line' id='line_1_98' title="bbox 211 2585 1014 2624; baseline -0.004 -8"><span class='ocrx_word' id='word_1_719' title='bbox 211 2587 346 2624; x_wconf 86' lang='lat' dir='ltr'><strong>sapientes</strong></span> <span class='ocrx_word' id='word_1_720' title='bbox 359 2587 474 2624; x_wconf 88' lang='lat' dir='ltr'><strong>quidem</strong></span> <span class='ocrx_word' id='word_1_721' title='bbox 488 2595 537 2616; x_wconf 89' lang='lat' dir='ltr'><strong>seu</strong></span> <span class='ocrx_word' id='word_1_722' title='bbox 557 2586 685 2623; x_wconf 88' lang='lat' dir='ltr'><strong>providos</strong></span> <span class='ocrx_word' id='word_1_723' title='bbox 696 2593 755 2614; x_wconf 83' lang='lat' dir='ltr'><strong>esse</strong></span> <span class='ocrx_word' id='word_1_724' title='bbox 773 2585 808 2614; x_wconf 89' lang='lat' dir='ltr'><strong>ad</strong></span> <span class='ocrx_word' id='word_1_725' title='bbox 823 2585 939 2620; x_wconf 89' lang='lat' dir='ltr'><strong>bonum,</strong></span> <span class='ocrx_word' id='word_1_726' title='bbox 960 2585 1014 2613; x_wconf 85' lang='lat' dir='ltr'><strong>hoe</strong></span> 
     </span>
    </p>
   </div>
   <div class='ocr_carea' id='block_1_99' title="bbox 211 2628 1013 2670">
    <p class='ocr_par' dir='ltr' id='par_1_99' title="bbox 211 2628 1013 2670">
     <span class='ocr_line' id='line_1_99' title="bbox 211 2628 1013 2670; baseline -0.006 -7"><span class='ocrx_word' id='word_1_727' title='bbox 211 2636 263 2668; x_wconf 80' lang='lat' dir='ltr'><strong>est,</strong></span> <span class='ocrx_word' id='word_1_728' title='bbox 289 2632 324 2662; x_wconf 92' lang='lat' dir='ltr'><strong>ad</strong></span> <span class='ocrx_word' id='word_1_729' title='bbox 337 2632 482 2670; x_wconf 89' lang='lat' dir='ltr'><strong>propriam</strong></span> <span class='ocrx_word' id='word_1_730' title='bbox 505 2631 622 2661; x_wconf 84' lang='lat' dir='ltr'><strong>salutem</strong></span> <span class='ocrx_word' id='word_1_731' title='bbox 637 2634 664 2660; x_wconf 92' lang='lat' dir='ltr'><strong>et</strong></span> <span class='ocrx_word' id='word_1_732' title='bbox 689 2628 1013 2660; x_wconf 83' lang='lat' dir='ltr'><strong>commoditatem:sim-</strong></span> 
     </span>
    </p>
   </div>
   <div class='ocr_carea' id='block_1_100' title="bbox 251 2714 481 2748">
    <p class='ocr_par' dir='ltr' id='par_1_100' title="bbox 251 2714 481 2748">
     <span class='ocr_line' id='line_1_100' title="bbox 251 2714 481 2748; baseline -0.009 -5"><span class='ocrx_word' id='word_1_733' title='bbox 251 2715 259 2736; x_wconf 73' lang='grc'><strong><em>⁵</em></strong></span> <span class='ocrx_word' id='word_1_734' title='bbox 272 2714 372 2743; x_wconf 87' lang='lat' dir='ltr'><strong>Matth.</strong></span> <span class='ocrx_word' id='word_1_735' title='bbox 392 2722 424 2748; x_wconf 86' lang='lat' dir='ltr'><strong>x,</strong></span> <span class='ocrx_word' id='word_1_736' title='bbox 439 2717 481 2743; x_wconf 77' lang='lat'><strong>16.</strong></span> 
     </span>
    </p>
   </div>
   <div class='ocr_carea' id='block_1_101' title="bbox 1070 2173 1872 2215">
    <p class='ocr_par' dir='ltr' id='par_1_101' title="bbox 1070 2173 1872 2215">
     <span class='ocr_line' id='line_1_101' title="bbox 1070 2173 1872 2215; baseline -0.002 -9"><span class='ocrx_word' id='word_1_737' title='bbox 1070 2188 1161 2214; x_wconf 80' lang='grc' dir='ltr'>νεται,</span> <span class='ocrx_word' id='word_1_738' title='bbox 1190 2190 1203 2204; x_wconf 78' lang='grc' dir='ltr'><strong>σι</strong></span> <span class='ocrx_word' id='word_1_739' title='bbox 1231 2178 1267 2210; x_wconf 82' lang='grc' dir='ltr'>εἷς</span> <span class='ocrx_word' id='word_1_740' title='bbox 1289 2176 1390 2210; x_wconf 80' lang='grc' dir='ltr'>πάντας</span> <span class='ocrx_word' id='word_1_741' title='bbox 1416 2177 1536 2215; x_wconf 73' lang='grc' dir='ltr'>ἀφίκετο.</span> <span class='ocrx_word' id='word_1_742' title='bbox 1554 2190 1567 2203; x_wconf 72' lang='grc' dir='ltr'><strong>ι</strong></span> <span class='ocrx_word' id='word_1_743' title='bbox 1591 2177 1645 2207; x_wconf 81' lang='grc' dir='ltr'><strong>Καὶ</strong></span> <span class='ocrx_word' id='word_1_744' title='bbox 1672 2178 1719 2207; x_wconf 73' lang='grc' dir='ltr'><strong>οὐχ</strong></span> <span class='ocrx_word' id='word_1_745' title='bbox 1743 2175 1789 2214; x_wconf 83' lang='grc' dir='ltr'><strong>ἐγὼ</strong></span> <span class='ocrx_word' id='word_1_746' title='bbox 1807 2173 1846 2212; x_wconf 78' lang='grc' dir='ltr'><strong>μό·</strong></span> <span class='ocrx_word' id='word_1_747' title='bbox 1871 2178 1872 2213; x_wconf 35' lang='grc' dir='ltr'><strong>ᾖ</strong></span> 
     </span>
    </p>
   </div>
   <div class='ocr_carea' id='block_1_102' title="bbox 1070 2216 1872 2262">
    <p class='ocr_par' dir='ltr' id='par_1_102' title="bbox 1070 2216 1872 2262">
     <span class='ocr_line' id='line_1_102' title="bbox 1070 2216 1872 2262; baseline -0.005 -10"><span class='ocrx_word' id='word_1_748' title='bbox 1070 2233 1112 2256; x_wconf 88' lang='grc' dir='ltr'><strong>νος</strong></span> <span class='ocrx_word' id='word_1_749' title='bbox 1135 2224 1263 2262; x_wconf 80' lang='grc' dir='ltr'>μαρτυρῷ</span> <span class='ocrx_word' id='word_1_750' title='bbox 1291 2220 1393 2262; x_wconf 77' lang='grc' dir='ltr'>ταύτῃ,</span> <span class='ocrx_word' id='word_1_751' title='bbox 1417 2221 1486 2252; x_wconf 76' lang='grc' dir='ltr'>ἀλλὰ</span> <span class='ocrx_word' id='word_1_752' title='bbox 1509 2221 1555 2251; x_wconf 79' lang='grc' dir='ltr'><strong>καὶ</strong></span> <span class='ocrx_word' id='word_1_753' title='bbox 1577 2223 1595 2257; x_wconf 81' lang='grc' dir='ltr'><strong>ἡ</strong></span> <span class='ocrx_word' id='word_1_754' title='bbox 1613 2221 1752 2261; x_wconf 73' lang='grc' dir='ltr'>οἰκουμένη</span> <span class='ocrx_word' id='word_1_755' title='bbox 1772 2222 1841 2248; x_wconf 73' lang='grc' dir='ltr'>πᾶσι</span> <span class='ocrx_word' id='word_1_756' title='bbox 1871 2216 1872 2239; x_wconf 48' lang='grc' dir='ltr'><strong>ί</strong></span> 
     </span>
    </p>
   </div>
   <div class='ocr_carea' id='block_1_103' title="bbox 1072 2261 1843 2307">
    <p class='ocr_par' dir='ltr' id='par_1_103' title="bbox 1072 2261 1843 2307">
     <span class='ocr_line' id='line_1_103' title="bbox 1072 2261 1843 2307; baseline 0.003 -12"><span class='ocrx_word' id='word_1_757' title='bbox 1072 2277 1087 2295; x_wconf 82' lang='grc' dir='ltr'><strong>ε</strong></span> <span class='ocrx_word' id='word_1_758' title='bbox 1117 2267 1210 2307; x_wconf 84' lang='grc' dir='ltr'>Χαίρω</span> <span class='ocrx_word' id='word_1_759' title='bbox 1227 2261 1284 2296; x_wconf 62' lang='grc' dir='ltr'><strong>οὖν</strong></span> <span class='ocrx_word' id='word_1_760' title='bbox 1310 2266 1341 2296; x_wconf 75' lang='grc' dir='ltr'>τὸ</span> <span class='ocrx_word' id='word_1_761' title='bbox 1362 2261 1406 2306; x_wconf 73' lang='grc' dir='ltr'><strong>ἐφ’</strong></span> <span class='ocrx_word' id='word_1_762' title='bbox 1436 2266 1516 2304; x_wconf 76' lang='grc' dir='ltr'>ὑμῖν,</span> <span class='ocrx_word' id='word_1_763' title='bbox 1540 2277 1555 2295; x_wconf 72' lang='grc' dir='ltr'>ι)</span> <span class='ocrx_word' id='word_1_764' title='bbox 1582 2267 1637 2301; x_wconf 90' lang='grc' dir='ltr'>τοῖς</span> <span class='ocrx_word' id='word_1_765' title='bbox 1664 2266 1702 2305; x_wconf 88' lang='grc' dir='ltr'><strong>μὴ</strong></span> <span class='ocrx_word' id='word_1_766' title='bbox 1731 2265 1843 2300; x_wconf 72' lang='grc' dir='ltr'><strong>ἐξαπατη-</strong></span> 
     </span>
    </p>
   </div>
   <div class='ocr_carea' id='block_1_104' title="bbox 1068 2313 1144 2342">
    <p class='ocr_par' dir='ltr' id='par_1_104' title="bbox 1068 2313 1144 2342">
     <span class='ocr_line' id='line_1_104' title="bbox 1068 2313 1144 2342; baseline 0.013 -2"><span class='ocrx_word' id='word_1_767' title='bbox 1068 2313 1144 2342; x_wconf 82' lang='grc' dir='ltr'>θεῖσι.</span> 
     </span>
    </p>
   </div>
   <div class='ocr_carea' id='block_1_105' title="bbox 1110 2350 1842 2396">
    <p class='ocr_par' dir='ltr' id='par_1_105' title="bbox 1110 2350 1842 2396">
     <span class='ocr_line' id='line_1_105' title="bbox 1110 2350 1842 2396; baseline -0.004 -10"><span class='ocrx_word' id='word_1_768' title='bbox 1110 2367 1125 2383; x_wconf 74' lang='grc' dir='ltr'><strong>ιι</strong></span> <span class='ocrx_word' id='word_1_769' title='bbox 1141 2355 1222 2386; x_wconf 81' lang='grc' dir='ltr'>Θέλω</span> <span class='ocrx_word' id='word_1_770' title='bbox 1247 2357 1316 2395; x_wconf 67' lang='grc' dir='ltr'>ὑμᾶς</span> <span class='ocrx_word' id='word_1_771' title='bbox 1342 2354 1437 2396; x_wconf 71' lang='grc' dir='ltr'>σοφοὺς</span> <span class='ocrx_word' id='word_1_772' title='bbox 1463 2354 1511 2393; x_wconf 82' lang='grc' dir='ltr'>μὲν</span> <span class='ocrx_word' id='word_1_773' title='bbox 1535 2350 1604 2386; x_wconf 76' lang='grc' dir='ltr'>εἶναι</span> <span class='ocrx_word' id='word_1_774' title='bbox 1629 2357 1666 2389; x_wconf 83' lang='grc' dir='ltr'><strong>εἰς</strong></span> <span class='ocrx_word' id='word_1_775' title='bbox 1695 2355 1723 2384; x_wconf 85' lang='grc' dir='ltr'><strong>τὸ</strong></span> <span class='ocrx_word' id='word_1_776' title='bbox 1747 2353 1842 2396; x_wconf 49' lang='grc' dir='ltr'>ἀγαθὸν,</span> 
     </span>
    </p>
   </div>
   <div class='ocr_carea' id='block_1_106' title="bbox 1068 2394 1840 2441">
    <p class='ocr_par' dir='ltr' id='par_1_106' title="bbox 1068 2394 1840 2441">
     <span class='ocr_line' id='line_1_106' title="bbox 1068 2394 1840 2441; baseline -0.003 -12"><span class='ocrx_word' id='word_1_777' title='bbox 1068 2400 1205 2441; x_wconf 74' lang='grc' dir='ltr'>ἀκεραίους</span> <span class='ocrx_word' id='word_1_778' title='bbox 1229 2399 1257 2430; x_wconf 67' lang='grc' dir='ltr'>δὲ</span> <span class='ocrx_word' id='word_1_779' title='bbox 1279 2401 1316 2434; x_wconf 85' lang='grc' dir='ltr'>εἰς</span> <span class='ocrx_word' id='word_1_780' title='bbox 1330 2401 1361 2430; x_wconf 81' lang='grc' dir='ltr'>τὸ</span> <span class='ocrx_word' id='word_1_781' title='bbox 1376 2394 1469 2430; x_wconf 55' lang='lat' dir='ltr'><strong>iam.</strong></span> <span class='ocrx_word' id='word_1_782' title='bbox 1483 2411 1498 2429; x_wconf 76' lang='grc' dir='ltr'><strong><em>ι</em></strong></span> <span class='ocrx_word' id='word_1_783' title='bbox 1523 2401 1691 2437; x_wconf 75' lang='grc' dir='ltr'>Αἶνίττεται,</span> <span class='ocrx_word' id='word_1_784' title='bbox 1707 2398 1745 2429; x_wconf 68' lang='grc' dir='ltr'>ὅτι</span> <span class='ocrx_word' id='word_1_785' title='bbox 1764 2397 1803 2428; x_wconf 73' lang='grc' dir='ltr'>καὶ</span> <span class='ocrx_word' id='word_1_786' title='bbox 1820 2394 1840 2427; x_wconf 67' lang='grc' dir='ltr'><strong>ἕξ</strong></span> 
     </span>
    </p>
   </div>
   <div class='ocr_carea' id='block_1_107' title="bbox 1068 2440 1842 2485">
    <p class='ocr_par' dir='ltr' id='par_1_107' title="bbox 1068 2440 1842 2485">
     <span class='ocr_line' id='line_1_107' title="bbox 1068 2440 1842 2485; baseline -0.004 -10"><span class='ocrx_word' id='word_1_787' title='bbox 1068 2440 1154 2475; x_wconf 73' lang='grc' dir='ltr'>αὐτῧν</span> <span class='ocrx_word' id='word_1_788' title='bbox 1172 2440 1241 2482; x_wconf 71' lang='grc' dir='ltr'>ἦσάν</span> <span class='ocrx_word' id='word_1_789' title='bbox 1268 2456 1335 2479; x_wconf 84' lang='grc' dir='ltr'>τινες</span> <span class='ocrx_word' id='word_1_790' title='bbox 1359 2443 1540 2483; x_wconf 73' lang='grc' dir='ltr'>ἀπατώμενοι.</span> <span class='ocrx_word' id='word_1_791' title='bbox 1564 2443 1700 2485; x_wconf 77' lang='grc' dir='ltr'>Ἄντιχρυς</span> <span class='ocrx_word' id='word_1_792' title='bbox 1722 2444 1748 2473; x_wconf 77' lang='grc' dir='ltr'>δὲ</span> <span class='ocrx_word' id='word_1_793' title='bbox 1768 2443 1795 2472; x_wconf 80' lang='grc' dir='ltr'><strong>τὸ</strong></span> <span class='ocrx_word' id='word_1_794' title='bbox 1807 2442 1842 2485; x_wconf 51' lang='grc' dir='ltr'><strong>τον</strong></span> 
     </span>
    </p>
   </div>
   <div class='ocr_carea' id='block_1_108' title="bbox 1069 2484 1843 2531">
    <p class='ocr_par' dir='ltr' id='par_1_108' title="bbox 1069 2484 1843 2531">
     <span class='ocr_line' id='line_1_108' title="bbox 1069 2484 1843 2531; baseline 0.001 -11"><span class='ocrx_word' id='word_1_795' title='bbox 1069 2489 1168 2529; x_wconf 86' lang='grc' dir='ltr'>Κυρίου</span> <span class='ocrx_word' id='word_1_796' title='bbox 1183 2489 1248 2531; x_wconf 85' lang='grc' dir='ltr'>φησί</span> <span class='ocrx_word' id='word_1_797' title='bbox 1262 2502 1268 2508; x_wconf 92' lang='grc'><strong>·</strong></span> <span class='ocrx_word' id='word_1_798' title='bbox 1291 2501 1308 2518; x_wconf 76' lang='grc' dir='ltr'>ι</span> <span class='ocrx_word' id='word_1_799' title='bbox 1332 2489 1440 2520; x_wconf 84' lang='grc' dir='ltr'>Γίνεσθε</span> <span class='ocrx_word' id='word_1_800' title='bbox 1461 2490 1584 2531; x_wconf 85' lang='grc' dir='ltr'>φρόνιμοι</span> <span class='ocrx_word' id='word_1_801' title='bbox 1603 2491 1639 2524; x_wconf 80' lang='grc' dir='ltr'>ὡς</span> <span class='ocrx_word' id='word_1_802' title='bbox 1658 2484 1684 2518; x_wconf 80' lang='grc' dir='ltr'>οἱ</span> <span class='ocrx_word' id='word_1_803' title='bbox 1706 2488 1787 2529; x_wconf 70' lang='grc' dir='ltr'>ὄφεις,</span> <span class='ocrx_word' id='word_1_804' title='bbox 1807 2484 1843 2531; x_wconf 59' lang='grc' dir='ltr'><strong>’φὶ</strong></span> 
     </span>
    </p>
   </div>
   <div class='ocr_carea' id='block_1_109' title="bbox 1068 2528 1842 2575">
    <p class='ocr_par' dir='ltr' id='par_1_109' title="bbox 1068 2528 1842 2575">
     <span class='ocr_line' id='line_1_109' title="bbox 1068 2528 1842 2575; baseline -0.004 -11"><span class='ocrx_word' id='word_1_805' title='bbox 1068 2528 1194 2574; x_wconf 61' lang='grc' dir='ltr'>ἀκέραιοι</span> <span class='ocrx_word' id='word_1_806' title='bbox 1211 2536 1247 2569; x_wconf 80' lang='grc' dir='ltr'>ὣς</span> <span class='ocrx_word' id='word_1_807' title='bbox 1261 2536 1289 2564; x_wconf 76' lang='grc' dir='ltr'>αἱ</span> <span class='ocrx_word' id='word_1_808' title='bbox 1302 2535 1458 2575; x_wconf 85' lang='grc' dir='ltr'>περιστεραί</span> <span class='ocrx_word' id='word_1_809' title='bbox 1463 2528 1473 2565; x_wconf 47' lang='grc'><strong>.”</strong></span> <span class='ocrx_word' id='word_1_810' title='bbox 1484 2528 1503 2564; x_wconf 34' lang='grc' dir='ltr'><strong>ἰ</strong></span> <span class='ocrx_word' id='word_1_811' title='bbox 1524 2534 1656 2564; x_wconf 76' lang='grc' dir='ltr'>Βούλεται</span> <span class='ocrx_word' id='word_1_812' title='bbox 1670 2528 1751 2574; x_wconf 19' lang='grc' dir='ltr'>γὰρνε</span> <span class='ocrx_word' id='word_1_813' title='bbox 1765 2528 1842 2571; x_wconf 72' lang='grc' dir='ltr'>σοφοὺς</span> 
     </span>
    </p>
   </div>
   <div class='ocr_carea' id='block_1_110' title="bbox 1069 2546 1841 2620">
    <p class='ocr_par' dir='ltr' id='par_1_110' title="bbox 1069 2546 1841 2620">
     <span class='ocr_line' id='line_1_110' title="bbox 1069 2546 1841 2575; baseline -0.004 -11"><span class='ocrx_word' id='word_1_814' title='bbox 1069 2546 1187 2574; x_wconf 80' lang='grc' dir='ltr'>αχεραιοι</span> <span class='ocrx_word' id='word_1_815' title='bbox 1211 2546 1247 2569; x_wconf 84' lang='grc' dir='ltr'><strong>ως</strong></span> <span class='ocrx_word' id='word_1_816' title='bbox 1261 2546 1289 2564; x_wconf 86' lang='grc' dir='ltr'><strong>αι</strong></span> <span class='ocrx_word' id='word_1_817' title='bbox 1302 2546 1411 2575; x_wconf 85' lang='grc' dir='ltr'>περιστε</span> <span class='ocrx_word' id='word_1_818' title='bbox 1430 2546 1469 2565; x_wconf 90' lang='grc' dir='ltr'>αι.</span> <span class='ocrx_word' id='word_1_819' title='bbox 1488 2546 1503 2564; x_wconf 74' lang='grc' dir='ltr'><strong>ι</strong></span> <span class='ocrx_word' id='word_1_820' title='bbox 1524 2546 1656 2564; x_wconf 76' lang='grc' dir='ltr'>υουΛεται</span> <span class='ocrx_word' id='word_1_821' title='bbox 1670 2546 1722 2574; x_wconf 85' lang='grc' dir='ltr'><strong>γαρ</strong></span> <span class='ocrx_word' id='word_1_822' title='bbox 1738 2546 1751 2562; x_wconf 80' lang='grc' dir='ltr'><strong>ε</strong></span> <span class='ocrx_word' id='word_1_823' title='bbox 1765 2546 1841 2571; x_wconf 67' lang='lat' dir='ltr'><strong>erst</strong></span> 
     </span>
     <span class='ocr_line' id='line_1_111' title="bbox 1069 2546 1841 2620; baseline -0.003 -12"><span class='ocrx_word' id='word_1_824' title='bbox 1069 2579 1126 2618; x_wconf 87' lang='grc' dir='ltr'>μὲν,</span> <span class='ocrx_word' id='word_1_825' title='bbox 1137 2593 1148 2606; x_wconf 84' lang='grc' dir='ltr'><strong>ι</strong></span> <span class='ocrx_word' id='word_1_826' title='bbox 1163 2580 1364 2620; x_wconf 77' lang='grc' dir='ltr'>ἤτοιιρρονίμους</span> <span class='ocrx_word' id='word_1_827' title='bbox 1375 2592 1388 2607; x_wconf 75' lang='grc' dir='ltr'><strong>ε</strong></span> <span class='ocrx_word' id='word_1_828' title='bbox 1404 2546 1472 2609; x_wconf 56' lang='grc' dir='ltr'>εςναι</span> <span class='ocrx_word' id='word_1_829' title='bbox 1485 2580 1522 2613; x_wconf 83' lang='grc' dir='ltr'><strong>είς</strong></span> <span class='ocrx_word' id='word_1_830' title='bbox 1537 2579 1567 2609; x_wconf 81' lang='grc' dir='ltr'><strong>τὸ</strong></span> <span class='ocrx_word' id='word_1_831' title='bbox 1580 2578 1677 2619; x_wconf 72' lang='grc' dir='ltr'>ἀγαθὸν</span> <span class='ocrx_word' id='word_1_832' title='bbox 1686 2601 1694 2616; x_wconf 85' lang='lat'><strong>,</strong></span> <span class='ocrx_word' id='word_1_833' title='bbox 1708 2591 1718 2604; x_wconf 76' lang='grc' dir='ltr'><strong>ι</strong></span> <span class='ocrx_word' id='word_1_834' title='bbox 1727 2576 1841 2620; x_wconf 56' lang='lat' dir='ltr'><strong>scutis?&quot;</strong></span> 
     </span>
    </p>
   </div>
   <div class='ocr_carea' id='block_1_111' title="bbox 1068 2619 1841 2665">
    <p class='ocr_par' dir='ltr' id='par_1_111' title="bbox 1068 2619 1841 2665">
     <span class='ocr_line' id='line_1_112' title="bbox 1068 2619 1841 2665; baseline -0.005 -11"><span class='ocrx_word' id='word_1_835' title='bbox 1068 2626 1105 2658; x_wconf 87' lang='grc' dir='ltr'><strong>είς</strong></span> <span class='ocrx_word' id='word_1_836' title='bbox 1125 2624 1173 2661; x_wconf 84' lang='grc' dir='ltr'><strong>τὴν</strong></span> <span class='ocrx_word' id='word_1_837' title='bbox 1187 2619 1287 2655; x_wconf 73' lang='grc' dir='ltr'>οἰκείαν</span> <span class='ocrx_word' id='word_1_838' title='bbox 1302 2624 1435 2665; x_wconf 84' lang='grc' dir='ltr'>σωτηρίαν</span> <span class='ocrx_word' id='word_1_839' title='bbox 1451 2625 1497 2654; x_wconf 79' lang='grc' dir='ltr'><strong>καὶ</strong></span> <span class='ocrx_word' id='word_1_840' title='bbox 1521 2624 1651 2665; x_wconf 74' lang='grc' dir='ltr'>ὠφέλειαν</span> <span class='ocrx_word' id='word_1_841' title='bbox 1662 2636 1669 2643; x_wconf 83' lang='lat'><strong>&#39;</strong></span> <span class='ocrx_word' id='word_1_842' title='bbox 1694 2637 1705 2649; x_wconf 77' lang='grc' dir='ltr'><strong>ιι</strong></span> <span class='ocrx_word' id='word_1_843' title='bbox 1722 2619 1841 2662; x_wconf 73' lang='grc' dir='ltr'>ἀκεραίους</span> 
     </span>
    </p>
   </div>
   <div class='ocr_carea' id='block_1_112' title="bbox 914 2751 1178 2783">
    <p class='ocr_par' dir='ltr' id='par_1_112' title="bbox 914 2751 1178 2783">
     <span class='ocr_line' id='line_1_113' title="bbox 914 2751 1178 2783; baseline 0.008 -2"><span class='ocrx_word' id='word_1_844' title='bbox 914 2751 1009 2782; x_wconf 67' lang='lat' dir='ltr'><strong>Variae</strong></span> <span class='ocrx_word' id='word_1_845' title='bbox 1029 2751 1178 2783; x_wconf 85' lang='lat' dir='ltr'><strong>lectiones.</strong></span> 
     </span>
    </p>
   </div>
   <div class='ocr_carea' id='block_1_113' title="bbox 246 2800 393 2837">
    <p class='ocr_par' dir='ltr' id='par_1_113' title="bbox 246 2800 393 2837">
     <span class='ocr_line' id='line_1_114' title="bbox 246 2800 393 2837; baseline 0.007 -10"><span class='ocrx_word' id='word_1_846' title='bbox 246 2800 267 2817; x_wconf 66' lang='grc'><strong>⁸⁵</strong></span> <span class='ocrx_word' id='word_1_847' title='bbox 282 2801 353 2837; x_wconf 79' lang='grc' dir='ltr'>σαρκί</span> <span class='ocrx_word' id='word_1_848' title='bbox 366 2808 393 2828; x_wconf 88' lang='grc'><strong>0.</strong></span> 
     </span>
    </p>
   </div>
  </div>
