1881 3081
32 195 74 221 557

458 192 633 221 EXPOSlTlO
652 193 684 221 IN
705 192 811 221 EPIST.
833 193 878 221 AD
898 192 978 221 ROM.
998 208 1031 212 —
1052 193 1125 220 CAP.
1149 194 1213 220 XVI.

1604 195 1655 222 558

33 255 55 285 δὲ
68 257 99 289 εἰς
112 255 139 284 τὸ
158 254 250 291 κακὸν,
265 266 279 284 ι)
308 255 458 292 τουτέστιν,
479 257 514 289 εἰς
536 256 567 285 τὸ
591 255 628 294 μὴ
653 257 828 290 κακοποιεῖνί

907 263 946 284 :es
957 259 1051 284 autem
1065 254 1101 283 ad
1123 255 1241 289 malum,
1263 255 1316 283 hoc
1336 259 1391 290 est.
1408 256 1443 285 ad
1458 265 1513 286 non
1527 257 1598 286 male
1614 257 1655 285 fa-

34 299 128 340 ἑτέροικ.
145 299 178 330 Ὁ
192 299 242 340 γὰρ
255 299 375 340 ἇιιίραιος
390 301 483 331 οὐδένα
500 300 622 340 βλάπτει.

70 355 81 373 ιι
94 344 123 374 Ὁ
137 343 163 374 δὲ
177 344 242 378 Θεὸς
265 347 311 381 τῆς
337 344 440 385 εἰρήνης
464 345 599 386 συντρίψει
619 344 663 375 τὸν
680 345 803 376 Σατανᾶν

32 390 75 420 ὕπὸ
91 389 144 423 τοὺς
158 389 238 423 πόδας
252 391 326 429 ὑμῶν
350 391 377 420 ἐν
397 389 484 430 τάχει.
498 402 514 419 ι
543 390 657 426 Ἐπειδὴ
679 386 747 426 ἦσαν
762 391 803 420 δι-

855 300 984 329 ciendum
997 300 1070 329 aliis.
1087 299 1208 336 Simplex
1222 300 1296 328 enim
1307 301 1412 330 nemini
1427 307 1518 331 nocet.

892 347 983 375 Vens.
1004 348 1049 374 20.
1067 357 1080 370 ι
1096 347 1171 374 Deus
1188 349 1282 374 autem
1298 346 1372 383 pacis
1389 351 1514 376 conteret
1527 347 1655 376 Satanam

855 391 908 420 sub
921 390 1034 428 pedibus
1048 391 1144 419 vestris
1160 391 1298 420 velociter.
1323 403 1336 416 ιι
1352 392 1422 428 Quia
1435 392 1548 422 discidia
1560 397 1652 426 erant,

33 434 174 474 χοστισίιιι,
189 434 233 464 τὸν
257 437 302 470 τῆς
318 435 423 474 εἰρήνης
443 436 541 475 δοτῆρα
561 435 744 472 ἐπικαλεῖται,
760 434 804 464 ἵνα

907 444 918 464 a
930 436 1003 472 pacis
1017 435 1141 464 datorem
1159 436 1278 471 invocat,
1294 440 1326 465 ut
1345 437 1471 466 scandala
1488 443 1655 475 compescat.

33 479 108 520 παύσῃ
124 479 156 509 τὰ
175 479 323 511 σκάνδαλα.
340 481 381 510 Οὐ
400 480 470 518 λέγει
494 480 538 518 δὲ,
562 479 722 519 Ὑποτάξει,
746 480 805 510 ἀλλ’

33 524 135 564 ὃπολλῷ
157 526 243 564 μεῖζον
267 520 318 563 ἦν,
343 535 358 554 α
377 525 537 565 Συντρίψει·
560 537 574 555 υ
605 525 651 554 καὶ
674 525 806 563 ἐκείνους,

33 569 56 597 οὗ
69 569 152 607 μόνους
168 568 226 603 τοὺς
250 569 494 610 σκανδαλουργοὺς,
517 570 585 599 ἀλλὰ
601 570 647 599 καὶ
668 570 746 600 αὐτὸν
762 569 807 600 τὸν

34 616 213 654 στρατηγοῦντα
236 615 336 645 αὖτῶν.
363 616 570 656 Παραμυθεῐτοι
595 614 621 644 δὲ
646 614 740 649 αὖτοὺς
764 615 808 644 καὶ

33 658 76 688 ἀπὸ
89 661 129 689 τοῦ
141 659 235 699 χρόνου
249 671 256 678 ·
269 659 388 699 ἐπήγαγε
402 659 472 701 γὰρ,
496 674 508 686 α
528 659 576 690 Ἐν
590 660 667 700 τάχει
682 671 696 689 n
715 660 753 690 Τὸ
767 659 807 698 δὲ,

33 718 43 729 ι
55 703 200 744 Συντρίψει,
212 718 224 731 ι
239 704 297 734 ἔστι
312 705 357 734 καὶ
374 703 453 745 εὖχὴ,
470 705 515 734 καὶ
529 704 688 745 προφητεία.
705 705 752 738 Εἷς
765 704 809 734 τὸν

32 747 145 788 μέλλοντα
160 748 211 789 γὰρ
223 749 377 789 ἐγκέκλιται
391 749 427 780 θθ.

67 805 80 822 ε
91 793 124 824 Ἦ
135 794 210 834 χάρις
225 797 271 824 τοῦ
288 794 388 835 Κυρίου
413 795 492 833 ἡμῶν
507 794 596 831 Ἰησοῦ
614 795 730 834 Χριστοῦ
754 794 811 833 μεθ’

33 839 103 879 ὑμῶν,
122 853 133 866 -
162 839 324 877 Ἀνέμνησεν
352 838 447 873 αὖτοὺς
466 839 511 869 καὶ
539 841 586 875 τῆς
614 839 737 879 χάριτος,
767 838 811 868 ἵνα

33 883 69 922 ἐφ’
85 878 119 912 ὧν
136 883 186 921 ἤδη
201 883 298 914 ἔλαϐον
309 906 317 921 ,
339 884 533 924 προθυμότεροι
552 883 616 924 πρὸς
628 878 660 913 «‘0'
669 887 811 914 πιστεῦσαι

858 481 920 509 Non
935 485 1027 510 autem
1049 480 1124 515 dicit,
1137 481 1272 517 Subjiciet
1286 491 1292 509 :
1315 481 1364 510 sed
1378 482 1453 519 quod
1466 483 1554 511 multo
1576 483 1657 511 vehe-

860 525 980 554 mentius
993 529 1044 559 est,
1062 536 1076 550 α
1090 526 1221 554 Conteret
1237 534 1243 553 :
1261 537 1273 550 υ
1292 529 1320 554 et
1333 533 1389 554 non
1403 526 1494 555 solum
1508 526 1568 555 illos
1580 534 1658 555 scan-

859 570 1125 604 dalorumauctores,
1135 578 1230 598 verum
1238 571 1321 599 etiam
1328 571 1418 607 ipsum
1432 571 1540 600 illorum
1547 571 1657 600 ducem.

862 615 1026 643 Consolatur
1040 623 1122 651 porro
1136 615 1198 643 illos
1211 623 1226 643 a
1240 618 1373 652 tempore,
1393 628 1405 640 ι
1423 616 1566 651 Velociter,
1589 628 1602 641 ν
1615 617 1657 645 in-

862 661 967 696 quiens.
981 663 1015 688 At
1029 672 1042 684 ι
1059 660 1201 695 Conteret,
1217 672 1228 685 ιι
1242 665 1269 689 et
1283 664 1378 690 votum
1391 665 1432 690 est
1446 665 1473 690 et
1488 661 1632 698 prophetia
1651 671 1657 689 :

863 709 903 733 est
917 705 990 734 enim
1007 705 1092 734 futuri
1107 705 1247 742 temporis.

902 807 915 819 ι
931 795 1027 824 Gratia
1042 796 1157 824 Domini
1176 796 1263 824 nostri
1277 797 1345 824 Jesu
1359 795 1461 824 Christi
1477 796 1627 826 vobiscum.
1645 809 1656 821 ιι

865 840 989 869 Gratiam
1011 840 1109 869 Christi
1134 841 1168 870 ad
1189 841 1352 870 memoriam
1372 841 1416 869 hic
1439 841 1492 869 illis
1514 842 1657 870 revocavit.

866 889 896 913 ut
916 885 950 914 ab
973 885 1016 913 his
1030 893 1092 922 qua:
1114 885 1172 922 jam
1183 885 1362 922 accepissent,
1384 886 1529 914 alacriores
1543 887 1660 915 reddan-

32 928 67 956 καὶ
85 927 142 968 περὶ
164 930 215 958 τῶν
233 928 383 968 μελλόντων
405 928 539 968 γίνωνται.
566 929 601 958 Εἰ
625 928 676 968 γὰρ
703 928 828 968 ἐχθροὺς]

907 940 908 943 π
922 930 956 958 ad
971 930 1137 959 credendum
1152 929 1255 959 futura.
1273 931 1299 959 Si
1312 931 1401 966 enim,
1415 939 1479 959 cum
1499 931 1602 959 inimici
1616 939 1660 960 es-

31 972 95 1007 ὅντας
108 973 204 1010 ἔσωσε,
232 975 323 1014 πολλῷ
347 975 448 1012 μᾶλλον
463 976 507 1003 νῦν
531 973 666 1014 συντρίψει
686 973 729 1003 τὸν
754 975 810 1003 Σα-

32 1022 108 1048 τανᾶν.
128 1016 201 1059 Ὅρα
225 1019 269 1053 δὲ,
292 1018 332 1048 ὅτι
353 1018 412 1049 οὔτε
436 1018 502 1059 ἔργα
525 1018 605 1059 χωρὶς
629 1019 727 1058 εὐχῆς,
752 1018 811 1048 οὔτε

32 1063 100 1102 εὐχὴν
120 1063 198 1103 χωρὶς
222 1063 308 1103 ἔργων
332 1064 429 1100 τίθησι.
454 1063 533 1094 Μετὰ
549 1063 600 1104 γὰρ
619 1064 648 1092 τὸ
675 1065 812 1104 μαρτυρῆ-

33 1118 69 1136 om
94 1109 177 1142 αὐτοῖς
201 1108 252 1144 τὴν
279 1108 416 1145 ὑπακοὴν,
444 1108 503 1138 τότε
528 1108 682 1145 ἐπηύξατο’
713 1108 812 1141 δεικνὺς

33 1153 90 1190 ὑμᾶς
104 1152 146 1191 [
169 1155 218 1191 ἥμ.
234 1154 245 1192 ]
266 1153 295 1182 οὗ
318 1153 397 1191 μόνον
417 1153 518 1191 πάλαι,
535 1153 605 1183 ἀλλὰ
621 1152 666 1182 καὶ
680 1155 741 1190 νῦν,
763 1151 812 1182 κᾶν

33 1196 122 1236 δόκιμοι
136 1193 205 1236 ὦμεν
215 1221 224 1235 ,
238 1200 286 1234 τῆς
300 1201 345 1228 τοῦ
357 1200 428 1229 Θεοῦ
440 1198 578 1236 δεομένους
590 1197 709 1239 χάριτος.

67 1257 78 1268 ι
91 1241 249 1278 Ἀσπάζεται
259 1244 328 1281 ὑμᾶς
339 1243 470 1282 Τιμόθεος
481 1244 494 1272 6
509 1242 631 1282 συνεργός
646 1255 708 1281 μου.
723 1258 734 1269 ιι
749 1244 814 1273 Συν-

33 1286 97 1326 ήργει
112 1286 160 1328 γὰρ
182 1289 255 1328 αὐτῷ
279 1289 305 1317 ἐν
321 1289 359 1327 τῷ
383 1288 549 1328 Εὗαγγελίῳ.
574 1287 654 1326 Μέγα
677 1288 703 1317 δὲ
729 1288 813 1327 ἐγκώ-

34 1343 84 1369 μιον
95 1333 123 1362 τὸ
136 1333 168 1362 τὰ
183 1332 253 1362 αὐτὰ
274 1333 377 1373 Παύλῳ
393 1334 519 1373 ἐνεργεῖν.

72 1388 84 1405 (ί
98 1377 149 1408 Καὶ
163 1377 292 1414 Λούκιος,
313 1378 359 1407 καὶ
381 1377 494 1412 Ἰάσων.
518 1377 563 1407 καὶ
586 1378 775 1418 Σωσίπατρος,
791 1379 814 1406 οἱ

34 1422 151 1461 συγγενεῖς
167 1434 230 1461 μου.
260 1435 273 1451 ι
293 1421 327 1452 Ὀ
348 1422 443 1452 Ἰάσων
465 1418 538 1455 οὗτος
563 1423 588 1451 ἐν
605 1423 663 1456 ταῖς
683 1421 814 1462 Πράξεσιν

35 1467 186 1504 ἀνυμνιῖται,
208 1469 246 1501 ὣς
271 1466 442 1507 ἀνδρειότατα
469 1467 649 1500 κινδυνεύσας.
675 1467 815 1506 Συγγενεῖς

36 1511 72 1547 δὲ,
85 1512 112 1541 οὗ
126 1511 202 1551 μόνον
217 1512 290 1542 κατὰ
305 1511 392 1552 σάρκα
404 1534 413 1549 ,
435 1511 504 1542 ἀλλὰ
527 1513 618 1552 πολλῷ
633 1513 735 1551 μᾶλλον
757 1511 815 1542 κατ’

865 979 936 1009 sent,
949 975 1064 1003 servavit
1077 983 1135 1010 eos,
1155 976 1243 1004 multo
1259 976 1346 1012 magis
1362 984 1436 1004 nunc
1451 977 1578 1005 Satanam
1597 984 1662 1004 con-

866 1023 943 1048 teret.
966 1020 1034 1049 Vide
1048 1024 1138 1048 autem
1153 1020 1227 1056 quod
1247 1028 1336 1056 neque
1350 1028 1432 1057 opera
1452 1021 1511 1049 sine
1523 1021 1660 1055 oratione,

866 1072 955 1101 neque
966 1065 1120 1093 orationem
1141 1065 1199 1093 sine
1223 1065 1351 1101 operibus
1374 1065 1461 1101 ponit.
1494 1065 1563 1094 Cum
1589 1065 1662 1094 enim

867 1109 1051 1138 obedientiam
1062 1110 1101 1138 eis
1110 1110 1203 1139 adesse
1216 1114 1329 1139 testatus
1341 1115 1422 1145 esset,
1437 1110 1536 1147 adjecit
1546 1115 1642 1140 votum
1654 1120 1659 1139 :

866 1154 1042 1184 subindicans
1056 1163 1106 1184 nos
1117 1163 1174 1184 non
1184 1155 1274 1184 solum
1286 1155 1363 1189 olim,
1379 1163 1475 1184 verum
1494 1156 1575 1184 etiam
1590 1164 1664 1184 nunc

868 1199 919 1227 etsi
934 1199 1040 1235 probati
1056 1200 1154 1233 simus,
1171 1199 1292 1236 indigere
1306 1201 1356 1229 Dei
1371 1201 1467 1237 gratia.

902 1246 992 1274 Vsus.
1003 1248 1048 1273 21.
1062 1257 1075 1270 ιι
1088 1245 1192 1273 Salutat
1205 1253 1252 1274 vos
1263 1246 1423 1274 Timotheus
1431 1245 1539 1282 adjutor
1549 1254 1636 1276 meus.
1651 1259 1662 1270 ιι

867 1289 1074 1326 Cooperabatur
1088 1290 1161 1318 enim
1174 1291 1223 1326 ipsi
1239 1291 1267 1318 in
1278 1291 1436 1327 Evangelio.
1457 1293 1555 1328 Ingens
1574 1297 1664 1320 autem

870 1335 1025 1362 encomium
1046 1339 1088 1364 est
1099 1335 1196 1363 eadem
1215 1343 1279 1363 cum
1298 1337 1382 1363 Paulo
1396 1337 1512 1372 operari.

907 1391 919 1404 ιι
936 1380 973 1407 Et
981 1380 1093 1415 Lucius,
1107 1384 1134 1408 et
1143 1381 1237 1413 Jason,
1248 1384 1277 1408 et
1288 1381 1436 1416 Sosipater,
1451 1381 1559 1417 cognati
1571 1381 1635 1409 mei.
1653 1394 1663 1406 υ

867 1425 952 1452 Jason
966 1424 1016 1452 iste
1035 1424 1063 1452 in
1081 1425 1269 1460 apostolorum
1284 1425 1361 1454 Actis
1380 1425 1541 1459 celebratur,
1567 1430 1597 1454 ut
1622 1427 1666 1461 qui

866 1468 1016 1498 fortissime
1031 1473 1153 1498 extrema
1168 1470 1252 1498 etiam
1268 1469 1385 1506 pericula
1406 1470 1533 1498 subierit.
1551 1471 1666 1507 Cognati

868 1517 973 1548 autem,
983 1519 1039 1542 non
1049 1514 1139 1542 solum
1151 1513 1301 1542 secundum
1319 1522 1440 1549 carnem,
1466 1522 1575 1549 verum,
1594 1515 1668 1551 quod

35 1555 163 1588 εὐσέϐειαν.
182 1558 215 1588 Εἰ
239 1557 278 1595 μὴ
293 1556 343 1597 γὰρ
369 1559 480 1587 τοιοῦτοι
498 1552 584 1597 ἦσαν,
606 1558 653 1586 οὖκ
677 1556 707 1586 ἂν
729 1557 814 1587 αὐτῶν

907 1559 958 1587 ilto
970 1558 1061 1595 majus
1074 1563 1125 1593 est,
1136 1558 1288 1587 secundum
1303 1559 1443 1595 pietatem.
1459 1559 1492 1588 Ni
1514 1560 1587 1588 enim
1601 1560 1670 1587 tales

35 1600 150 1639 ἐμνήσθη.

71 1645 260 1686 ιἈσποίζομαι
283 1648 352 1685 ὑμᾶς
378 1646 431 1686 ἐγὼ
454 1646 581 1686 Τέρτιος,
608 1649 622 1676 6
643 1646 748 1687 γράψας
769 1646 818 1682 τὴν

36 1689 196 1728 Ἐπιστολήν.
215 1702 232 1722 ι
250 1691 345 1730 Μέγα,
369 1691 401 1721 τὸ
424 1690 580 1732 ὖπογραφέα
601 1686 670 1722 εἶναι
693 1686 814 1722 Παύλου.

35 1734 110 1766 Τοῦτο
125 1736 152 1766 δὲ
175 1736 290 1777 γράφει,
317 1737 367 1776 οὐχ
386 1735 430 1766 ἶνα
451 1736 543 1766 ἑαυτὸν
567 1735 723 1777 ἔγκωμιάοῃ
735 1759 743 1773 ,
759 1735 818 1765 ἀλλ’

35 1777 71 1808 ἴνα
93 1781 169 1811 πλέον
193 1782 324 1821 ἀγαπηθῇ
349 1780 393 1810 ὕπ’
410 1781 512 1819 αὐτῶν,
535 1783 570 1814 ὡς
594 1781 753 1818 διακονήσας
766 1780 820 1814 τοῖς

35 1825 90 1863 πρὸς
105 1825 196 1860 αὖτοὺς
207 1825 379 1867 γράμμασιν.

74 1915 261 1951 ιιἏσπάζετ-αι
283 1916 352 1954 ὑμᾶς
376 1913 469 1951 Γάϊος,
485 1917 499 1944 6
522 1913 592 1948 Ξένος
618 1926 683 1953 μου,
705 1913 750 1942 καὶ
775 1915 821 1949 τῆς

37 1957 188 1996 Ἐκκλησίας
210 1960 289 1996 ὅλης.
309 1972 323 1989 ι
351 1960 496 1990 Τουτέστιν
512 1958 534 1977 ⁹⁴
561 1961 575 1988 6
597 1957 666 1993 ξένος
683 1971 743 1996 μου.
769 1958 822 1988 Καὶ

36 2003 107 2038 πολὺς
120 2007 134 2033 6
153 2005 277 2042 ἔπαινος,
298 2004 338 2034 ὅτι
354 2009 444 2034 πᾶσαν
464 2003 512 2040 τὴν
526 2003 690 2040 Ἐκκλησίαν
709 2003 821 2040 ἐξένιζε,

36 2048 75 2076 καὶ
87 2050 195 2080 Παῦλον
212 2049 295 2079 αὐτόν
310 2061 316 2068 ·
340 2048 367 2084 ὃς
382 2050 430 2079 οὐκ
451 2048 481 2078 ἂν
504 2050 569 2088 παρ’
594 2050 667 2088 αὐτῷ
692 2048 824 2085 ἐξενίσθη,

37 2092 55 2120 εὶ
67 2094 101 2131 μὴ
114 2094 184 2129 ἄξιον
200 2090 289 2135 εὗρεν.

74 2194 86 2211 ι
103 2182 266 2218 Ἀσπάζεται
280 2185 350 2222 ὗμᾶς
362 2183 514 2224 Ἔραστος,
532 2184 546 2212 6
560 2182 695 2222 οἰκονόμος
711 2184 758 2219 τῆς
777 2182 826 2212 πό-

38 2227 108 2265 λεως,
120 2228 166 2258 καὶ
181 2229 322 2269 Κούαρτος
336 2230 350 2258 6
370 2227 490 2268 ἀδελφός.
508 2240 522 2257 ιι
545 2228 689 2258 Τουτέστιν
704 2229 718 2257 6
733 2239 814 2266 προνο

37 2272 113 2309 ητὴς,
134 2276 149 2303 6
176 2273 315 2309 διοικητὴς
335 2275 382 2310 τῆς
399 2273 500 2307 πόλεως
523 2273 668 2313 Κορίνθου·
695 2271 739 2302 ἵνα
759 2273 827 2313 γνῷς

38 2316 72 2346 ὅτι
93 2319 120 2348 οὗ
144 2318 275 2355 πλοῦτος,
299 2319 348 2348 οὐκ
370 2317 474 2358 ἀξίωμα
503 2317 600 2348 κωλύει
621 2318 679 2348 τινὰ
699 2317 763 2358 πρὸς
781 2317 827 2347 πί-

39 2373 88 2392 στιν
102 2362 119 2399 ἢ
131 2363 270 2394 πολιτείαν
284 2362 375 2404 ὀρθήν.

77 2419 91 2435 ι
113 2408 147 2439 Ἦ
174 2409 259 2450 χάρις
284 2411 330 2438 τοῦ
359 2408 459 2448 Κυρίου
491 2409 569 2448 ἡμῶν
599 2407 689 2444 Ἰησοῦ
715 2409 832 2448 Χριστοῦ

40 2452 100 2490 μετὰ
121 2453 231 2484 πάντων
256 2455 338 2492 ὑμῶν.
366 2453 459 2492 Ἀμήν.
486 2465 501 2482 n
538 2453 593 2484 Καὶ
620 2452 665 2482 τὸν
694 2452 832 2492 θεμέλιον,

40 2496 92 2532 ἤτοι
113 2498 161 2534 τὴν
187 2497 276 2538 ἀρχὴν
300 2500 347 2534 τῆς
371 2497 550 2535 Ἐπιστολῆς,
572 2498 690 2528 ἐντεῦθεν
713 2497 832 2528 κατεϐά-

40 2542 109 2581 λετο,
124 2542 206 2572 εἰπών
220 2554 227 2561 ο
247 2541 357 2583 «Χάρις
372 2543 432 2581 ὑμῖν
446 2543 492 2573 καὶ
504 2542 593 2584 εἰρήνη
605 2555 611 2561 ·
624 2554 638 2572 ))
657 2542 704 2573 καὶ
718 2542 761 2573 τὸν
775 2542 833 2581 δρο-

43 2597 84 2626 φον
97 2591 156 2626 νῦν,
169 2587 230 2624 ἤτοι
247 2587 278 2617 τὸ
296 2587 386 2625 τέλος,
400 2589 430 2618 ἐκ
446 2588 544 2624 ταύτης
559 2587 728 2627 ἐπιτίθησιν,
747 2588 833 2617 ἐπευ-

870 1602 995 1638 fuissent,
1009 1603 1114 1632 nullam
1133 1612 1229 1632 eorum
1251 1603 1360 1632 fecisset
1374 1604 1556 1632 mentionem.

906 1650 993 1677 Vnns.
1013 1651 1055 1677 22.
1086 1660 1098 1673 ι
1121 1649 1215 1678 Saluto
1230 1657 1279 1677 vos
1297 1657 1346 1685 ego
1360 1649 1485 1683 Tertius,
1508 1649 1553 1685 qui
1575 1650 1667 1686 scripsi

873 1693 1016 1729 epistolam
1031 1693 1111 1722 hanc.
1129 1706 1141 1718 ι
1155 1694 1288 1730 Magnum
1299 1702 1366 1722 sane
1379 1698 1431 1727 est,
1443 1694 1496 1722 divi
1508 1694 1585 1722 Pauli
1599 1702 1674 1722 ama-

872 1745 1005 1766 nuensem
1024 1745 1092 1766 eSSe.
1109 1738 1170 1766 Hoc
1183 1742 1276 1766 autem
1301 1738 1405 1772 scribit,
1429 1746 1485 1766 non
1505 1742 1536 1766 ut
1547 1738 1671 1774 seipsum

873 1781 1059 1816 commendet,
1075 1787 1207 1811 caeterum
1222 1787 1253 1811 ut
1276 1783 1374 1819 majori
1396 1783 1542 1810 dilectione
1559 1783 1593 1810 ab
1608 1783 1675 1819 ipsis

871 1826 1014 1860 afﬁciatur,
1030 1831 1060 1855 ut
1071 1827 1116 1863 qui
1130 1835 1243 1863 operam
1257 1834 1335 1855 suam
1350 1827 1513 1863 impenderit
1527 1827 1624 1855 litteris
1638 1827 1672 1854 ad

876 1871 949 1908 ipsos
962 1870 1124 1899 scribendis.

911 1917 999 1944 Vnus.
1015 1918 1060 1944 23.
1080 1927 1093 1940 ι
1114 1916 1221 1944 Salutat
1241 1923 1290 1944 vos
1303 1915 1388 1944 Gaius
1406 1915 1506 1951 hospes
1524 1922 1618 1949 meus,
1643 1922 1675 1943 ac

876 1960 960 1989 totius
970 1960 1107 1989 Ecclesiae.
1123 1972 1136 1986 ι
1150 1960 1212 1989 Hoc
1225 1964 1277 1994 est,
1297 1961 1345 1997 qui
1360 1968 1406 1988 me
1426 1960 1545 1996 hospitio
1559 1959 1673 1996 excepit.

878 2006 1029 2034 Plurimum
1053 2013 1136 2042 porro
1154 2005 1242 2034 laudis
1261 2009 1313 2039 est,
1328 2004 1405 2042 quod
1422 2009 1510 2033 totam
1524 2004 1673 2033 Ecclesiam

877 2050 997 2087 hospitio
1012 2051 1158 2087 exceperit,
1171 2050 1293 2087 adeoque
1307 2050 1400 2086 ipsum
1412 2050 1543 2084 Paulum;
1555 2050 1604 2086 qui
1620 2057 1674 2078 non

879 2095 953 2132 apud
977 2095 1054 2124 illum
1076 2095 1239 2130 divertisset,
1263 2095 1313 2124 nisi
1332 2103 1397 2124 eum
1421 2094 1534 2132 dignum
1554 2095 1676 2123 invenis-

880 2144 933 2168 set.

921 2186 1003 2221 118
1019 2197 1031 2210 ι
1047 2186 1154 2214 Salutat
1168 2194 1216 2214 vos
1234 2187 1357 2220 Erastus,
1371 2192 1532 2214 oeconomus
1547 2185 1631 2218 urbis,
1652 2189 1679 2212 et

881 2230 1003 2265 Quartus
1015 2229 1108 2258 frater.
1126 2242 1138 2255 ιι
1154 2231 1214 2258 Hoc
1229 2234 1280 2264 est,
1295 2234 1458 2266 prospector
1470 2234 1498 2258 et
1512 2229 1679 2266 gubernator

881 2275 956 2303 urbis
969 2274 1094 2303 Corinthi
1108 2284 1114 2303 :
1128 2279 1158 2304 ut
1165 2274 1376 2306 animadvertas,
1392 2282 1483 2311 neque
1497 2282 1573 2310 opes,
1588 2282 1679 2310 neque

882 2319 1040 2357 dignitatem
1058 2319 1216 2356 quempiam
1232 2327 1324 2348 arcere
1343 2327 1359 2347 a
1379 2319 1431 2348 ﬁde
1445 2320 1484 2347 vel
1498 2328 1512 2347 a
1527 2323 1601 2347 recta
1617 2320 1678 2346 vita.

921 2412 1012 2439 Vens.
1038 2412 1083 2438 24.
1107 2421 1120 2434 ιι
1143 2409 1239 2438 Gratia
1261 2409 1375 2438 Domini
1389 2409 1476 2438 nostri
1493 2410 1559 2437 Jesu
1585 2409 1683 2437 Christi

884 2464 949 2485 eum
971 2455 1098 2484 omnibus
1115 2455 1202 2483 vobis.
1225 2455 1326 2483 Amen.
1351 2467 1362 2478 ιι
1382 2453 1605 2483 Fundamentum
1627 2454 1683 2482 sive

887 2500 1051 2538 principium
1063 2500 1193 2537 Epistolaa
1204 2499 1267 2528 inde
1277 2507 1356 2528 orsus
1367 2503 1419 2534 est,
1434 2499 1568 2535 inquiens.
1587 2511 1600 2523 α
1617 2499 1685 2527 Gra-

887 2546 926 2574 tia
941 2545 1019 2574 vobis
1042 2549 1070 2574 et
1084 2553 1135 2582 pax
1151 2554 1158 2572 :
1173 2555 1188 2572 »
1205 2548 1288 2581 atque
1302 2545 1455 2573 etiamnum
1483 2543 1619 2580 fastigium
1638 2551 1685 2571 seu

890 2591 972 2619 ﬁnem
981 2598 1017 2619 ex
1027 2590 1083 2626 ipsa
1094 2590 1228 2626 imponit,
1241 2589 1354 2626 gratiam
1367 2589 1416 2617 Dei
1430 2589 1534 2621 cunctis
1541 2595 1685 2623 nunquam

43 2630 146 2670 χόμενος
174 2632 225 2668 τὴν
251 2632 331 2673 χάριν
353 2636 400 2662 τοῦ
424 2634 495 2663 Θεοῦ
524 2632 566 2663 ἀεὶ
599 2635 686 2667 αὐτοῖς
713 2632 825 2673 παρεῖνα

910 2643 947 2664 on
983 2635 1078 2664 adesse
1104 2642 1292 2671 comprecans.
1324 2635 1385 2662 Hoc
1405 2634 1477 2662 enim
1502 2631 1625 2661 ofﬁcium
1647 2635 1687 2658 est

45 2680 114 2706 πᾶσι.
132 2678 220 2708 Τοῦτο
241 2677 292 2717 γὰρ
320 2677 499 2715 διδασκάλου,
528 2677 558 2707 τὸ
581 2677 619 2716 μὴ
644 2677 722 2716 μόνον
748 2677 836 2718 λόγῳ,

891 2680 1082 2717 praceptoris,
1095 2687 1151 2708 non
1165 2679 1248 2708 verbo
1259 2679 1362 2714 solum,
1377 2686 1472 2707 verum
1483 2677 1567 2706 etiam
1585 2675 1687 2704 oratio-

48 2720 110 2763 ἀλλὰ
134 2721 180 2752 καὶ
203 2722 272 2762 εὐχῇ
289 2722 400 2763 ὠφελεῖν
414 2721 474 2757 τοὺς
489 2722 619 2762 μαθητάς.
643 2722 692 2754 Διὸ
708 2721 753 2753 καὶ
775 2721 828 2751 ἔλε-

907 2733 928 2753 ιθ
951 2725 1080 2762 prodesse
1103 2724 1250 2761 discipulis.
1264 2726 1411 2761 Propterea
1430 2721 1580 2752 dicebant:
1602 2731 1617 2748 ιι
1633 2721 1691 2749 Nos

80 2761 94 2782 ⁸
106 2767 168 2795 Act.
183 2774 232 2801 νι,
244 2770 273 2794 4.

745 2803 839 2833 Varia:
859 2802 1011 2832 lectiones.
1039 2808 1042 2811 '

95 2847 291 2884 θθέγιώιλεισται
306 2856 333 2878 o.
371 2849 393 2867 ⁹¹
409 2848 450 2885 to.
465 2849 599 2884 ξινοδόχος
613 2856 640 2877 0.
