1881 3081
172 171 224 197 568

429 311 976 372 THEOPHYLACTI

681 169 937 198 THEOPHYLACTI
957 169 1134 199 BULGARIE
1154 171 1312 199 ARCHIEP.

1019 313 1563 372 COMMENTARIUS

670 411 706 442 IN
731 411 944 443 EPISTOLAM
967 412 978 442 Ι
1003 412 1055 443 ΑΙ)
1079 411 1319 444 COBINTHIOS.

375 566 454 601 121
471 565 591 594 CAPUT
605 565 768 593 PRIMUM.
983 567 1009 597 Α

207 635 295 662 Vens.
328 638 352 661 1.
383 644 395 657 ει
430 633 532 661 Paulus
559 637 674 662 vocatus
698 632 848 669 apostolus.
867 644 879 657 π
897 634 966 661 Ecce

173 679 339 715 prooemium
372 677 518 706 confestim
551 672 694 714 increpans
720 678 848 706 doctores
870 677 964 707 falsos.

170 726 289 752 Vocatus
313 731 386 757 sum,
408 723 507 759 inquit,
521 730 578 751 non
592 723 649 759 ipse
663 723 763 757 inveni,
792 730 879 759 neque
902 731 965 759 pro-

171 769 228 805 pria
249 768 383 804 sapientia
403 767 582 804 apprehendi.
599 769 634 796 Et
657 768 760 796 missus
782 775 845 796 sum
860 776 874 796 a
889 768 966 796 Chri-

169 816 222 847 sto,
239 817 266 842 et
276 821 334 841 non
348 821 410 841 sum
424 813 534 848 proprio
549 811 684 849 suffragio
699 812 816 846 electus,
831 812 966 849 quemad-

171 857 285 886 modum
298 857 426 886 doctores
441 857 531 885 vestri.

208 914 220 927 ι
245 903 311 931 Jesu
322 901 432 930 Christi.
458 914 470 926 ι»
492 901 616 930 Christus
635 905 676 929 est
694 901 790 930 doctor
808 909 840 930 ac
862 909 967 938 prace-

172 951 233 983 ptor
257 957 265 975 :
294 946 438 983 quomodo
463 946 548 982 igitur
574 954 622 975 vos
648 946 726 974 vobis
751 946 819 982 ipsis
843 946 968 975 homines

170 992 296 1021 doctores
313 991 484 1020 accensetis?

207 1049 220 1062 «
236 1038 288 1066 Per
301 1037 471 1065 voluntatem
491 1035 554 1064 Dei.
572 1047 584 1061 υ
607 1037 671 1064 Non
684 1035 748 1072 quia
769 1043 821 1064 nos
834 1035 969 1064 fuerimus

170 1082 255 1118 digni,
270 1082 317 1110 sed
334 1082 399 1118 quia
417 1081 512 1116 voluit,
530 1080 592 1110 ideo
606 1089 658 1109 nos
677 1080 793 1109 servavit
812 1085 839 1109 et
851 1081 967 1109 vocavit.

172 1129 267 1162 Itaque
287 1126 437 1154 etiamnum
453 1126 511 1154 vult
536 1133 581 1154 me
605 1125 760 1162 apostolum
782 1129 810 1153 et
823 1124 967 1154 doctorem

172 1175 293 1200 vestrum
315 1179 385 1200 esse.
419 1172 455 1199 Et
479 1178 564 1207 quare
590 1178 639 1199 vos
662 1170 730 1199 alios
752 1169 834 1198 vultis
866 1169 968 1198 habere

171 1216 318 1245 doctores?
332 1217 404 1246 Num
420 1217 480 1244 Deo
494 1215 644 1244 resistitis?
658 1216 729 1244 Nota
745 1218 843 1243 autem
855 1222 965 1252 praepo-
983 1224 1006 1255 Β

171 1261 311 1295 sitionem,
330 1273 343 1286 -
360 1269 418 1297 per,
434 1273 446 1285 ι
459 1260 532 1289 Patri
545 1260 706 1297 appositam.

208 1307 264 1334 «Et
280 1305 429 1335 Sosthenes
440 1304 538 1334 frater.
552 1316 564 1329 ιι
580 1306 633 1334 Per
643 1305 778 1342 insignem
791 1304 967 1338 modestiam,

168 1351 271 1388 sibiipsi
293 1351 436 1380 hominem
457 1358 487 1378 se
511 1351 594 1386 longe
618 1349 781 1378 inferiorem
811 1349 967 1386 conjungit,

174 1396 256 1434 idque
270 1395 307 1425 ad
329 1395 522 1424 verecundiam
536 1394 729 1423 fastuosorum
747 1393 969 1428 Corinthiorum,

171 1442 217 1477 qui
231 1441 373 1469 neminem
386 1448 443 1469 non
458 1440 689 1475 aspernabantur.

207 1486 295 1514 Vsus.
312 1488 338 1514 2.
356 1497 368 1509 «ι
382 1485 510 1513 Ecclesiae
520 1484 582 1517 Dei,
596 1491 658 1519 qua:
675 1487 717 1511 est
730 1482 866 1512 Corinthi.
878 1493 891 1507 ιι
907 1483 969 1511 Non

171 1531 252 1566 hujus
265 1530 306 1559 vel
323 1530 409 1564 illius,
424 1528 490 1563 sed,
507 1540 519 1553 α
535 1529 595 1557 Dei.
614 1539 627 1553 ι
640 1528 728 1564 Ecqui
745 1527 829 1564 igitur
843 1527 969 1557 homines

170 1574 277 1604 habetis
300 1573 452 1610 praesides?
470 1573 552 1610 Quod
574 1573 596 1602 si
618 1573 741 1601 Ecclesia
760 1572 837 1607 estis,
853 1572 968 1601 omnino

172 1628 222 1648 vos
235 1619 327 1648 unitos
340 1627 400 1647 esse
419 1622 538 1654 oportet.
557 1619 628 1646 Nam
641 1617 767 1646 Ecclesia:
781 1625 884 1646 nomen
901 1625 966 1646 con-

165 1664 317 1700 junctionis
328 1668 355 1692 et
368 1663 578 1692 coadunationis
591 1667 634 1691 est
657 1662 862 1691 declarativum.

210 1721 221 1732 οι
234 1708 415 1737 Sanctiﬁcatis
429 1708 456 1736 in
470 1707 577 1736 Christo
591 1709 607 1736 .l
611 1715 670 1736 esu.
693 1720 704 1731 -
726 1708 790 1736 Non
804 1707 831 1735 in
853 1707 966 1735 homine

171 1753 313 1790 quopiam,
327 1752 375 1781 sed
398 1753 425 1780 in
439 1752 550 1781 Christo
570 1752 733 1781 sanctiﬁcati
746 1752 811 1781 estis
828 1761 835 1780 :
856 1759 904 1788 per
917 1751 965 1780 ba—

171 1799 270 1835 ptisma
285 1798 420 1832 videlicet,
432 1805 489 1826 non
503 1805 552 1834 per
565 1798 728 1834 sapientiam
741 1801 791 1826 aut
804 1805 882 1833 opes,
898 1805 964 1833 pro-

171 1849 232 1880 pter
245 1851 313 1880 quas
327 1842 483 1872 efferimini.

208 1901 221 1914 ιι
245 1888 356 1918 Vocatis
369 1888 511 1917 sanctis.»
535 1888 582 1916 Vel
606 1888 695 1924 ipsum
721 1887 844 1922 credere,
868 1887 966 1923 inquit,

171 1942 226 1963 non
245 1938 288 1963 est
310 1937 443 1965 vestrum.
467 1932 517 1962 sed
540 1942 555 1961 a
579 1934 633 1961 Deo
657 1932 745 1961 vocati
772 1931 914 1961 obediistis
939 1935 967 1959 et

169 1979 336 2008 credidistis.
351 1978 469 2008 Proinde
483 1982 511 2006 et
532 1978 600 2006 ﬁdes
622 1977 787 2014 principium
807 1985 822 2005 a
843 1977 900 2005 Deo
920 1976 967 2005 ha-

170 2024 227 2054 bet.
241 2023 299 2052 Nisi
313 2024 388 2052 enim
409 2023 454 2052 ille
474 2027 609 2056 vocasset,
630 2030 678 2050 vos
701 2026 776 2050 certe
797 2029 854 2049 non
877 2021 965 2050 credi-

171 2069 287 2098 dissetis.

208 2126 222 2140 ι
233 2115 304 2144 Cum
314 2113 444 2142 omnibus
455 2113 502 2150 qui
512 2113 642 2141 invocant
650 2118 753 2140 nomen
760 2110 872 2139 Domini
881 2111 967 2139 nostri

170 2161 235 2188 Jesu
257 2159 368 2189 Christi.
387 2171 400 2183 ν
416 2159 478 2187 Non
498 2157 575 2190 solis,
599 2156 698 2193 inquit,
719 2155 797 2185 vobis
819 2155 968 2185 Corinthiis

170 2205 256 2241 gratia
265 2205 302 2233 sit
315 2208 343 2233 et
355 2212 418 2240 pax,
435 2210 531 2231 verum
541 2202 625 2230 etiam
639 2200 772 2230 omnibus
781 2201 827 2237 qui
840 2201 968 2230 invocant

169 2258 273 2279 nomen
283 2248 393 2285 Christi,
408 2256 466 2276 non
479 2247 562 2283 hujus
578 2246 617 2274 vel
633 2246 716 2275 illius.

985 1776 1007 1808 C

207 2352 220 2365 α
236 2341 268 2368 In
292 2339 370 2368 omni
382 2339 452 2374 loco,
479 2341 577 2366 nostro
590 2341 618 2366 et
631 2337 767 2374 ipsorum.
797 2348 810 2362 η
831 2336 966 2366 Fidelium

169 2385 257 2414 ubivis
281 2383 405 2421 gentium
417 2383 559 2420 agentium
573 2382 716 2417 meminit,
730 2382 769 2411 uti
782 2382 967 2416 demonstret,

171 2431 245 2466 quod
268 2436 322 2458 una
350 2428 468 2457 Ecclesia
493 2428 547 2457 sint
561 2436 656 2456 omnes
678 2427 785 2462 ﬁdeles,
811 2427 968 2464 ubicunque

171 2452 254 2503 Etiam
275 2473 386 2502 fuerint.
420 2473 473 2509 Qui
508 2477 602 2502 autem
627 2480 675 2502 vos
697 2452 785 2501 unam
818 2452 967 2500 incolenjtes
981 2452 1007 2484 Β

171 2519 280 2554 urbem,
298 2519 379 2548 divisi
392 2519 479 2548 estis?
501 2520 616 2552 lterum,
639 2529 652 2543 ιι
668 2521 807 2552 nostrum,
823 2528 837 2542 ι
859 2516 965 2553 adjecit.

171 2565 240 2594 Cum
256 2564 330 2593 enim
339 2564 463 2598 dixisset,
481 2575 494 2588 α
510 2563 628 2593 Domini
642 2564 730 2592 nostri
742 2564 807 2591 Jesu
825 2561 936 2599 Christi,
954 2573 966 2587 ι

169 2609 328 2647 interposito
353 2609 382 2638 in
402 2609 536 2643 medium,
563 2609 645 2645 132
668 2620 681 2633 ι
705 2608 734 2636 in
766 2607 843 2636 omni
864 2607 936 2642 loco,
953 2619 965 2631 -

1209 563 1231 592 K
1238 563 1437 593 ΕΦΑΛΑΙΟΝ
1464 563 1635 594 ΠΡΩΤΟΝ.

1065 629 1201 663 «Παῦλος
1225 629 1320 666 κλητὸς
1348 629 1505 664 ἀπόστολος.
1526 642 1540 659 ι)
1572 629 1648 671 Ὅρα
1680 630 1826 671 προοίμιον

1019 673 1092 708 εὐθὺς
1110 674 1311 712 καθαπτόμενον
1331 676 1382 704 τῶν
1406 675 1669 716 ψευδοδιδασκσὶλων.
1716 676 1825 711 Ἐκλή-

1021 721 1084 755 θην,
1099 718 1193 759 φησὶν,
1218 719 1266 748 οὖκ
1280 719 1305 737 ⁹⁴
1327 719 1403 754 αὐτὸς
1430 715 1522 760 εὗρον,
1543 719 1602 749 οὐδὲ
1629 720 1717 760 οἰκείᾳ
1738 720 1825 761 σοφία

1020 763 1168 794 κατέλαϐον
1183 763 1220 794 ⁸⁵.
1249 763 1303 794 Καὶ
1329 763 1484 801 ἁπεστοίλην
1506 764 1581 805 παρὰ
1610 767 1657 794 τοῦ
1681 766 1809 804 Χριστοῦ
1817 788 1825 801 ,

1021 808 1066 838 καὶ
1078 809 1125 838 οὐκ
1141 809 1196 847 εἰμὶ
1216 808 1479 849 αὖτοχειροτόνητος,
1505 811 1582 848 ὥςρὶ
1603 811 1629 839 ἐν
1655 810 1717 848 ὑμῖν
1745 810 1822 839 διδά-

1022 865 1138 887 σκσντες.

1066 910 1081 927 (ι
1096 898 1184 934 Ἰησοῦ
1205 900 1334 938 Χριστοῦ.
1350 909 1365 927 n
1386 898 1419 929 Ὁ
1435 899 1549 939 Χριστὸς
1565 899 1724 933 διδάσκαλος
1741 911 1748 918 ο
1766 901 1830 933 πῶς

1022 938 1065 972 οὖν
1088 945 1160 981 ὑμεῖς
1190 943 1363 977 διδασκάλους
1395 938 1496 978 ἑαυτοῖς
1528 943 1682 984 ἀνθρώπους
1709 944 1828 985 επιγρά-

1023 991 1100 1028 φεσθε
1108 999 1117 1024 ;

1065 1043 1079 1060 α
1097 1032 1149 1062 Διὰ
1173 1032 1320 1071 θελήματος
1349 1034 1431 1063 Θεοῦ.
1451 1044 1465 1062 ι
1491 1033 1533 1064 Οὖ
1559 1032 1625 1063 διότι
1640 1033 1718 1072 ἡμεῖς
1752 1029 1828 1073 ἦμεν

1024 1076 1108 1114 ἄξιοι,
1135 1077 1203 1107 ἀλλὰ
1238 1078 1303 1107 διότι
1325 1077 1470 1115 ἠθέλησεν,
1495 1077 1579 1107 ἔσωσε
1609 1078 1654 1107 καὶ
1679 1078 1823 1110 ἐκάλεσεν.

1021 1120 1108 1152 ⁶Ωστε
1123 1122 1168 1152 καὶ
1183 1123 1227 1152 νῦν
1251 1121 1297 1160 ἐμὲ
1320 1121 1390 1152 θέλει
1406 1122 1553 1153 ἀπόστολον
1570 1124 1644 1161 ὑμῶν
1668 1117 1737 1152 εἶναι
1754 1136 1760 1142 ·
1777 1124 1829 1154 καὶ

1023 1168 1078 1200 πῶς
1093 1166 1118 1186 θθ
1133 1167 1208 1206 ὑμεῖς
1230 1167 1323 1200 ἄλλους
1349 1168 1438 1197 θέλετε
1454 1167 1650 1204 διδασκάλους;
1675 1163 1729 1208 ἆρα
1749 1169 1829 1198 ἀντί-

1023 1211 1075 1257 θεοί
1092 1212 1172 1257 ἐστεςγ
1186 1212 1342 1251 Σημείωσαι
1367 1211 1454 1250 δὲτὴν
1465 1235 1474 1249 ,
1494 1227 1504 1239 ι
1518 1212 1560 1242 διὰ
1571 1235 1579 1250 ,
1593 1223 1608 1242 ιο
1628 1212 1671 1243 ἐπὶ
1695 1215 1742 1243 τῶ
1766 1215 1830 1244 Πα-
1880 1247 1881 1257 γ

1022 1256 1082 1296 τρὸς
1095 1256 1230 1294 κειμένην.

1065 1313 1078 1330 e
1094 1300 1148 1332 Καὶ
1173 1301 1312 1338 Σωσθένης
1336 1303 1349 1331 ὁ
1373 1301 1491 1342 ἀδελφός.
1513 1314 1527 1330 ν
1553 1301 1632 1331 Κατὰ
1659 1314 1829 1344 μετριοφρο-

1024 1345 1104 1383 σύνην
1121 1346 1249 1376 συνάπτει
1266 1348 1352 1387 ἑαυτῷ
1373 1346 1399 1366 9⁷
1423 1345 1467 1376 τὸν
1487 1347 1580 1386 πολλῷ
1604 1346 1733 1378 ἐλάττονα
1754 1360 1760 1366 ·
1777 1351 1830 1378 καὶ

1024 1393 1100 1421 τοῦτο
1114 1391 1179 1431 πρὸς
1204 1390 1334 1431 ἐντροπὴν
1357 1392 1409 1421 τῶν
1435 1391 1625 1432 ὓψηλοφρόνων
1650 1391 1803 1432 Κορινθίων
1818 1416 1828 1430 ,
1880 1389 1881 1418 ί

1023 1438 1076 1465 τῶν
1092 1436 1194 1470 πάντας
1212 1435 1412 1476 ὓπερορώντων.

1068 1491 1082 1509 (ι
1157 1480 1303 1521 Ἐκκλησία
1320 1483 1364 1511 τοῦ
1380 1482 1468 1518 Θεοῦ,
1484 1483 1517 1520 τῇ
1531 1480 1596 1521 οὔσῃ
1608 1482 1634 1511 ἐν
1652 1481 1786 1523 Κορίνθῳ.
1813 1496 1828 1511 ι

1023 1526 1064 1555 Οὐ
1079 1528 1123 1555 τοῦ
1139 1525 1236 1562 δεῖνος,
1249 1525 1266 1561 ἢ
1285 1528 1329 1555 τοῦ
1341 1526 1441 1565 δεῖνος,
1457 1525 1526 1555 ἀλλᾶ
1544 1540 1556 1551 ιι
1571 1528 1617 1555 τοῦ
1632 1527 1716 1558 Θεοῦ.
1731 1540 1744 1554 ι
1760 1528 1831 1562 Πῖκ

1023 1565 1066 1600 οὖν
1088 1569 1238 1610 ἀνθρώπους
1258 1570 1332 1611 ἔχετε
1349 1571 1517 1611 προστάταςς
1535 1572 1569 1602 Εἰ
1589 1571 1677 1601 δὲκαὶ
1697 1571 1827 1609 Ἐκκλη-

1023 1614 1067 1644 σία
1093 1616 1171 1652 ἐστὲ,
1199 1615 1304 1649 πάντως
1328 1618 1446 1652 ἡνῶσθαι
1470 1615 1597 1656 ὀφείλετε.
1625 1616 1665 1646 Τὸ
1693 1616 1746 1658 γὰρ
1775 1620 1831 1654 τ’ἧς

1024 1659 1187 1696 Ἐκκλησίας
1202 1659 1284 1699 ὄνομα
1299 1660 1419 1695 ἑνώσεώς
1432 1662 1502 1691 ἐστιν
1518 1661 1686 1691 ἐνδεικτικόν.

1067 1716 1080 1733 ι(
1098 1704 1287 1744 Ἡγιασμένοις
1309 1706 1336 1735 ἐν
1362 1707 1472 1746 Χριστῷ
1489 1705 1587 1743 Ἰησοῦ.
1612 1718 1626 1735 ι
1643 1707 1703 1736 Οὐκ
1728 1708 1758 1736 ἐν
1774 1709 1828 1737 ἄν·

1021 1748 1133 1790 θρώπων
1159 1750 1227 1787 τινὶ,
1253 1750 1313 1780 ἀλλ’
1338 1751 1363 1780 ἐν
1385 1751 1493 1791 Χριστῷ
1513 1751 1679 1789 ἡγιάσθητε·
1707 1751 1754 1781 διὰ
1776 1755 1830 1782 τοῦ

1024 1794 1208 1835 βαπτίσματος
1233 1795 1352 1837 δηλαδὴ,
1370 1796 1430 1836 οὐχὶ
1456 1795 1500 1825 διὰ
1525 1799 1572 1833 τ’ἤς
1596 1796 1704 1837 σοφίας,
1729 1796 1748 1834 ἢ
1774 1800 1830 1827 τοῦ

1022 1838 1153 1876 πλούτου,
1171 1841 1211 1880 ἐφ’
1231 1836 1268 1873 οἷς
1284 1840 1434 1880 ἐπαίρεσθε.

1063 1898 1074 1910 «ι
1094 1885 1208 1920 κλητοῖς
1223 1884 1316 1923 ἁγίοις.
1334 1899 1345 1911 ι
1364 1885 1417 1914 Καὶ
1433 1884 1514 1923 αὐτὸ,
1526 1885 1590 1926 φησὶ
1600 1909 1609 1924 ,
1623 1885 1652 1915 τὸ
1666 1890 1829 1924 πιστεῦσαι,

1021 1929 1071 1969 οὐχ
1099 1929 1244 1969 ὑμέτερον,
1274 1930 1332 1959 ἀλλ’
1362 1929 1412 1959 ὕπὸ
1450 1931 1520 1960 Θεοῦ
1553 1929 1705 1968 κληθέντες,
1737 1931 1831 1966 οὕτως

1021 1973 1189 2010 ὑπηκούσατε
1223 1974 1268 2003 καὶ
1292 1974 1477 2006 ἐπιστεύσατε.
1504 1973 1592 2005 Ὥστε
1619 1975 1664 2005 καὶ
1690 1978 1707 2012 ἡ
1732 1976 1829 2012 πίστις

1021 2018 1068 2054 τὴν
1083 2019 1170 2059 ἀρχὴν
1188 2018 1242 2048 ἀπὸ
1269 2021 1314 2049 τοῦ
1340 2021 1410 2050 Θεοῦ
1435 2018 1500 2059 ἔχει.
1527 2021 1560 2050 Εἰ
1580 2020 1618 2058 μὴ
1645 2019 1697 2061 γὰρ
1722 2021 1828 2056 ἐκεῖνος

1021 2063 1162 2104 ἐκάλεσεν,
1179 2064 1226 2093 οὐκ
1245 2063 1276 2092 ἂν
1294 2064 1369 2102 ὑμεῖς
1385 2063 1560 2094 ἐπιστεύσατε
1577 2065 1614 2095 ⁰⁸.

1065 2120 1077 2136 (ι
1095 2108 1148 2140 Σὺν
1184 2113 1251 2139 πᾶσι
1278 2113 1332 2143 τοῖς
1355 2109 1574 2148 ἐπικαλουμένοις
1604 2109 1634 2139 τὸ
1659 2110 1743 2149 ὄνομα
1775 2115 1825 2142 τοῦ

1021 2153 1121 2192 Κυρίου
1149 2155 1226 2193 ἡμῶν
1252 2153 1340 2190 Ἰησοῦ
1364 2154 1496 2194 Χριστοῦ.
1518 2167 1532 2182 ι
1551 2153 1599 2191 Μὴ
1625 2155 1715 2193 μόνοις
1738 2157 1825 2195 ὑμῖν,

1021 2197 1103 2238 φησὶ,
1118 2199 1172 2232 τοῖς
1198 2197 1344 2238 Κορινθίοις
1367 2198 1444 2238 χοίρις
1472 2199 1518 2229 καὶ
1548 2200 1640 2239 εἰρήνη
1661 2199 1722 2237 εἴη,
1748 2202 1822 2231 ἀλλὰ

1020 2242 1066 2272 καὶ
1082 2257 1094 2270 ιι
1107 2247 1173 2273 πᾶσι
1186 2244 1238 2277 τοῖς
1248 2243 1466 2282 ἐπικαλουμένοις
1479 2243 1509 2274 τὸ
1518 2243 1602 2284 ὄνομα
1612 2247 1658 2275 τοῦ
1670 2246 1803 2286 Χριστῶ,
1814 2261 1825 2274 ι

1021 2289 1050 2317 οὖ
1068 2290 1113 2317 τοῦ
1130 2289 1212 2322 δεῖνος
1224 2287 1241 2324 ἢ
1254 2291 1299 2318 τοῦ
1316 2290 1405 2322 δεῖνος.

1066 2344 1081 2362 ιι
1095 2333 1144 2364 Ἐν
1159 2333 1240 2363 παντὶ
1255 2333 1329 2375 τόπῳ
1341 2334 1419 2372 ἡμῶν
1440 2345 1469 2363 τε
1485 2333 1531 2363 καὶ
1554 2333 1654 2364 αὐτῶν.
1679 2345 1693 2363 ν
1715 2336 1781 2365 Τῶν
1797 2337 1823 2366 ἐν

1022 2377 1102 2408 παντὶ
1123 2378 1196 2420 τόπῳ
1218 2380 1320 2410 πιστῶν
1336 2377 1490 2417 μέμνηται,
1514 2377 1558 2408 ἵνα
1585 2378 1656 2418 δείξῃ
1669 2402 1679 2417 ,
1707 2379 1748 2410 ὅτι
1767 2381 1821 2420 νμία

1021 2422 1171 2460 Ἐκκλησία
1198 2423 1248 2453 εἰσὶ
1274 2422 1371 2457 πάντες
1391 2424 1416 2453 οἱ
1436 2423 1541 2459 πιστοὶ,
1566 2422 1632 2454 ὅπου
1656 2423 1680 2453 δ’
1699 2424 1732 2454 ἂν
1760 2419 1820 2456 εἶσι.

1024 2469 1078 2499 Καὶ
1093 2470 1148 2502 πῶς
1174 2470 1247 2506 ὑμεῖς
1261 2469 1298 2508 λέν
1323 2473 1372 2510 μιᾷ
1395 2468 1472 2499 πόλει
1503 2468 1576 2502 ὄντες
1601 2468 1747 2509 διῄρησθε;
1772 2470 1823 2500 Ἐκ

1023 2513 1144 2553 δευτέρου
1173 2513 1200 2543 δὲ
1227 2513 1374 2554 προσέθηκε
1392 2514 1435 2550 τὸ,
1454 2524 1469 2541 ιι
1485 2512 1594 2552 Ἦμῶν,
1612 2524 1627 2543 ι
1645 2514 1737 2544 Εἰπὼν
1756 2515 1819 2554 γὰρ,

1024 2569 1038 2587 ιι
1065 2559 1119 2588 Τοῦ
1143 2558 1244 2598 Κυρίου
1264 2560 1342 2597 ἡμῶν
1370 2558 1460 2595 Ἰησοῦ
1487 2559 1713 2599 Χριστοῢ,ιτκαὶ
1738 2559 1821 2599 μέσον

1022 2603 1160 2643 παρενθεὶς
1173 2602 1204 2633 τὸ
1214 2625 1222 2640 ,
1245 2615 1259 2632 ιι
1272 2603 1318 2634 Ἐν
1334 2602 1414 2633 παντὶ
1428 2603 1518 2644 τόπῳ,
1536 2616 1549 2630 ι
1573 2603 1654 2634 πάλιν
1670 2603 1819 2635 ἐπανέλαϐε

889 2661 981 2691 Varia:
1002 2662 1154 2692 lectiones.

205 2714 226 2731 "
265 2713 350 2750 φησὶν,
376 2713 443 2740 τοῦτ’
467 2712 534 2740 ἔστιν
563 2712 605 2739 οὒκ
618 2720 656 2740 m.
695 2711 717 2729 ⁵⁵
736 2711 882 2739 κατέϐαλον.
909 2710 983 2737 Ἀλλὰ
1006 2710 1128 2747 meam,
1153 2712 1187 2738 ὢν
1212 2712 1340 2747 πρότερον,
1369 2709 1424 2738 εἶτα
1451 2710 1570 2745 ἐκλήθην.
1598 2711 1653 2743 Πῶς
1681 2709 1725 2739 οὖν
1751 2711 1818 2748 ὖμεῖς

169 2754 402 2791 αὖτοχειροτόνητοι
420 2753 565 2780 διδάσκαλοι
586 2761 625 2782 In.
647 2752 827 2789 Apprehendi
842 2762 851 2778 :
875 2753 911 2780 Εε
935 2751 967 2780 de

1065 2760 1086 2779 η·
1109 2760 1169 2780 cum
1187 2753 1265 2787 prius
1284 2759 1384 2783 essem,
1410 2754 1505 2787 postea
1525 2754 1632 2780 uocatus
1651 2759 1722 2780 sum.
1749 2752 1816 2786 οιιο-

169 2795 246 2823 modo
260 2796 357 2831 itaque
376 2802 422 2822 vos
442 2794 562 2822 doctores
584 2795 648 2822 estis
668 2794 780 2829 proprio
800 2793 961 2821 auctoritate

1065 2793 1146 2820 ltuit?
1183 2791 1205 2809 ⁰⁶
1231 2792 1273 2819 καὶ
1289 2791 1455 2821 διδάσκαλον.
1475 2791 1587 2823 Καὶπῶς
1608 2799 1646 2821 m.
1685 2793 1708 2810 ⁸⁷
1733 2792 1815 2820 ἑαυτὸν

171 2835 291 2861 Σωσθένιλ
308 2843 323 2863 o
372 2833 394 2851 θ’
405 2834 559 2868 ὒκηκοῦσατε
574 2842 600 2862 o.
