1881 3081
493 189 669 220 EXPOSITIO
690 190 722 218 IN
742 189 847 218 EPIST.
867 188 878 218 l
897 189 943 218 AD
963 188 1041 217 COR.
1066 203 1098 209 —
1118 189 1195 217 CAP.
1216 190 1248 217 X.

1636 190 1689 218 560

48 257 88 286 καὶ
102 251 158 286 εἷπε
174 267 180 273 ·
197 270 209 282 ιι
228 255 279 286 Καὶ
294 255 371 293 ἡμῶν
388 254 488 293 Κυρίου
501 253 548 284 καὶ
557 254 644 284 αὔτῢν
660 265 667 272 ο
680 267 691 281 ι
704 252 748 284 ἵνα
761 252 832 293 δείξῃ

916 259 999 280 usum
1012 251 1122 287 repetiit
1135 259 1168 280 ac
1187 251 1267 285 dixit,
1282 252 1370 280 nostri
1386 252 1499 280 Domini
1512 256 1541 280 et
1554 252 1686 289 ipsorum,

48 301 125 332 κοινὸν
149 301 289 337 Δεσπότην
314 299 386 329 ὄντα.
417 298 495 333 Τινᾶς
529 297 557 329 δὲ
583 297 665 333 οὕτως
686 299 722 333 ιὶς
747 302 832 329 κεῖται

48 348 141 377 νοῶσιν
155 357 162 365 ⁸
187 358 202 374 ε
219 345 264 376 Ἐν
289 344 370 374 παντὶ
389 343 464 384 τόκῳ
477 344 555 383 ἡμῶν
570 355 600 374 τι
621 343 667 374 καὶ
691 344 778 374 αὐτῶν
792 355 798 361 ·
813 353 828 371 ι

48 391 172 422 emisre!
184 413 193 427 ,
216 389 264 422 Ἐν
274 385 296 430 ᾧ
311 389 357 419 καὶ
370 391 447 427 ἡμεῖς
461 390 541 428 ἰσμεν
556 389 602 418 καὶ
614 390 719 419 ίχεῖνοι.

85 494 98 510 ι
113 481 195 522 Χάρις
210 483 270 519 ὑμῖν
286 480 332 510 καὶ
345 480 435 521 εἰρήνη
458 479 512 510 ἀπὸ
529 480 599 511 9m“
623 479 729 518 Πατρὸς
745 480 832 518 ἡμῶν,

48 527 87 557 καὶ
109 526 195 563 Ἰησῶ
225 525 351 566 Χριστοῦ.
372 537 387 554 ν
412 525 477 556 Ἀπὸ
500 525 572 556 Θιοῦ
595 527 612 562 ἡ
636 525 714 565 χάρις
743 524 789 554 καὶ
814 527 831 561 ἡ

48 572 137 611 ιίρήνη.
154 570 209 602 Καὶ
233 571 380 610 πρότερον,
406 569 450 600 ὅτε
465 569 530 609 πρὸς
548 569 627 599 αὐτὸν
643 570 833 608 ἕχπεπολεμω-

49 619 112 655 μένοι
133 617 221 654 ὄντες,
248 615 292 645 διὰ
315 617 361 650 τῆς
384 615 492 656 χάριτος
517 615 598 644 αὐτοῦ
623 614 832 655 ιίρηνεύσαμεν,

47 662 85 691 καὶ
98 662 137 691 ἀεὶ
158 661 186 691 δὲ
209 660 326 700 εὔχομαι
340 662 424 689 ταῦτα
448 661 509 698 ὑμῖν
530 659 584 689 ἀπὸ
595 660 666 690 Θεοῦ
686 663 829 700 παρεῖναι,

48 706 83 736 ἶνα
98 706 162 746 μήτε
187 708 236 742 τῆς
250 705 360 745 χάριτος
385 705 465 734 αὐτῶ
485 704 617 741 ὶιιαίσητε
628 704 654 723 ³³
666 727 674 742 ,
696 705 765 743 μήτι
786 706 832 740 τῆς

48 752 155 791 εἰρήνης,
189 753 225 784 ὣς
249 749 478 784 διαστασιάζοντες
506 749 571 790 πρὸς
600 750 739 786 ἀλλήλους.
769 750 832 783 Πῶς

46 792 85 825 οὖν
114 796 260 836 ἀνθρώποις
286 794 394 829 ἑαυτοὺς
419 794 598 834 προσνέμετε,
624 794 669 824 καὶ
694 793 742 830 τὴν
766 796 830 834 Ιπαρ’

46 841 141 874 ἐκείνοις
157 841 236 882 χάριν
252 841 299 869 καὶ
313 839 486 879 εὐαρέστησιν
507 841 608 876 ζητεῖτε
619 862 627 876 ,
648 841 684 873 ὡς
703 839 830 869 διδασκά-

48 887 92 919 λοις
100 897 108 922 ;

81 930 126 972 [ι
154 930 240 970 Χάρις
259 931 322 968 ὑμῖν
350 928 396 959 καὶ
420 928 512 969 εἰρήνη
539 929 593 958 ἀπὸ
623 929 695 960 Osci}
722 929 830 970 Πατρὸς

47 977 123 1013 ἡμῖιν.
139 986 154 1004 n
182 974 348 1014 Ἐπεύχιται
370 974 458 1007 αὐτοῖς
481 973 578 1014 χάριν,
601 973 681 1013 ἤγουν
696 974 828 1004 οἰκείοισιν

47 1019 86 1049 καὶ
100 1018 232 1057 εὐμένιιαν
250 1019 367 1050 ἀπὸτοῦ
385 1019 473 1055 Θιῶ,
492 1017 622 1058 διασύρων
643 1019 759 1048 ἐντεῦθεν
783 1018 830 1054 τὴν

47 1065 93 1094 ἀπὸ
105 1066 155 1094 τῶν
170 1063 416 1104 ἕτεροδιδασκάλων
428 1062 568 1101 γινομένην
588 1064 677 1097 αὐτοῖς
693 1075 700 1082 ·
718 1063 762 1093 ναὶ
777 1063 831 1102 μὴν

48 1109 86 1139 ui
104 1109 203 1149 εἰρήνην
225 1107 445 1143 διαστασιάζουσι
468 1107 533 1148 πρός
553 1120 582 1138 τι
597 1107 690 1141 αὑτοὺς
704 1108 750 1138 καὶ
767 1109 831 1149 πρὸς

47 1154 85 1183 τὸν
98 1154 173 1185 Θεόν.
189 1152 303 1193 Πατέρα
319 1152 347 1184 δὲ
362 1155 438 1191 ἡμῶν
458 1153 502 1183 τὸν
517 1153 587 1183 Θεὸν
601 1153 811 1194 προσηγόρευσεν
821 1175 830 1192 ,

48 1200 77 1232 ὡς
89 1198 290 1238 υἱοθιτουμίνων
311 1199 382 1238 αὐτῷ
397 1197 441 1228 διὰ
455 1200 500 1227 τῶ
522 1198 632 1238 λουτροῦ
657 1199 704 1233 τῆς
728 1199 831 1237 παλιγ-

49 1255 162 1282 γινισιας.

86 1300 99 1318 ε
112 1289 162 1320 Καὶ
178 1288 280 1327 Κυρίου
302 1287 390 1324 Ἰησῶ
410 1289 538 1328 Χριστοῦ.
556 1298 571 1316 ε
595 1286 627 1318 Ἀ
651 1287 704 1327 γὰρ
723 1287 830 1318 δίδωσιν

48 1336 59 1363 ὁ
73 1333 171 1374 Πατὴρ,
185 1336 271 1364 ταῦτα
286 1333 332 1363 χαὶ
344 1335 359 1362 ὁ
368 1333 440 1366 Υἱός.
455 1334 540 1363 Τοῦτο
560 1332 611 1373 γὰρ
626 1332 770 1368 δηλωτικὸν
785 1335 831 1369 τῆς

50 1379 71 1407 ὶν
84 1377 230 1419 ἀμφοτέροις
245 1377 377 1414 ἰσότητος.
395 1377 468 1409 Cod.
488 1377 654 1419 Arundell]

85 1434 97 1450 ε
114 1416 283 1463 Ehe-picta.
295 1434 310 1451 υ
325 1421 508 1463 Εὖχαρίστους
522 1424 594 1460 ἡμᾶς
613 1416 678 1452 ιῖναι
695 1421 830 1458 παιδεύει,

50 1467 89 1496 καὶ
102 1469 126 1497 ἐν
140 1468 210 1508 πάσῃ
232 1467 283 1506 μὶν
302 1467 469 1508 Ἐπιστολῇ,
491 1466 673 1507 εὖχαιρότερον
694 1466 721 1497 δι
737 1469 782 1498 νῦν

51 1512 191 1553 εὐχαριστίᾳ
212 1513 354 1553 κέχρηται.
373 1512 408 1543 Ἡ
428 1512 480 1552 γὰρ
493 1511 650 1552 εὐχαριστία
675 1511 720 1542 ἕτιὶ
739 1511 830 1553 χάριτι

49 1557 136 1595 γίνεται
149 1569 156 1576 ι
170 1559 186 1593 ἡ
203 1557 230 1587 δὲ
247 1557 325 1597 χάρις
341 1558 388 1587 οὐκ
409 1556 517 1597 ὀφιιλὴ,
532 1557 591 1587 οὐδὲ
607 1556 722 1596 ἀμοιϐή.
743 1558 830 1588 Τοῦτο

49 1601 71 1631 δὲ
81 1602 123 1638 τὴν
134 1602 242 1644 ἔπαρσιν
257 1603 309 1632 τῶν
322 1601 466 1642 Κορινθίων
478 1604 611 1642 ιαθαιριῑ.

846 955 869 986 Β

842 1615 865 1647 C

84 1705 94 1717 ιι
111 1693 154 1733 Τῷ
167 1693 228 1733 Θεῷ
244 1704 307 1731 μου.
323 1702 337 1721 u
360 1691 423 1722 Ἀπὸ
439 1692 540 1727 πολλῆς
558 1691 662 1732 ἀγάπης
682 1692 725 1722 τὸν
742 1692 826 1722 κοινὸν

49 1736 140 1766 πάντων
158 1737 225 1768 Θεὸν
242 1738 419 1767 ἱδιοποιιῖται.

84 1794 97 1809 ι
113 1782 226 1813 Πάντοτε
243 1781 307 1823 περὶ
327 1783 416 1820 ὑμῶν,
432 1781 476 1811 ἐπὶ
543 1780 634 1822 χάριτι
649 1783 696 1810 τοῦ
711 1782 791 1812 Θεοῦ.
811 1796 823 1806 ι»

50 1826 161 1856 nataui"
185 1827 227 1856 διὰ
255 1826 349 1856 τούτου
380 1826 439 1860 τοὺς
469 1826 619 1866 Κορινθίους
643 1826 688 1855 καὶ
717 1825 826 1863 αὐτοὺς,

50 1870 83 1900 ἀεὶ
98 1871 187 1901 εἰδέναι
206 1872 288 1912 χάριν
300 1873 338 1912 τῷ
353 1873 416 1910 Θιῷ
425 1894 433 1910 ,
450 1871 495 1901 καὶ
517 1871 555 1910 μὴ
571 1871 625 1904 τοῖς
639 1870 743 1905 οἰκείοις
757 1882 827 1901 χατ-

49 1916 195 1956 ορθώμισιν,
212 1930 224 1944 α
240 1916 307 1948 Ἐπὶ
375 1917 465 1957 χάριτι
478 1916 531 1957 γὰρ
544 1920 591 1947 τοῦ
605 1917 693 1954 Θεοῦ,
709 1929 722 1944 ι
735 1916 825 1957 φησὶν,

49 1961 87 1990 aint
99 1961 138 1991 ἐπὶ
155 1962 205 1996 τοῖς
219 1961 356 2002 ὑμετέροις
370 1961 452 2002 ἔργοις
467 1963 626 2002 εὐχαριστῶ.

84 2017 97 2033 ι
166 2006 271 2046 δοθείσῃ
285 2007 346 2044 ὑμῖν
362 2009 388 2037 ἰν
402 2007 511 2047 Χριστῷ
535 2007 635 2042 Ἰησοῦ.
657 2020 669 2033 ιι
684 2006 827 2043 Τουτίστι,

50 2049 85 2079 διὰ
97 2051 208 2091 Χριστοῦ
225 2052 317 2088 Ἰησοῦ
328 2074 336 2089 ,
357 2053 386 2082 οὗ
411 2051 455 2081 διὰ
475 2053 521 2081 τοῦ
537 2052 619 2087 δεῖνος
637 2051 655 2088 ἢ
667 2053 713 2082 τοῦ
733 2052 823 2085 δεῖνος.

50 2093 122 2125 Ὧστι
133 2096 158 2125 τί
173 2096 321 2136 ἀνθρώποις
338 2096 502 2137 προσέχει-ες

87 2139 172 2170 ι”Οτι
198 2143 225 2171 ἐν
240 2141 322 2170 παντὶ
351 2140 538 2177 ἐπλουτίσθητε
569 2143 594 2170 ἐν
624 2142 706 2181 αὐτῷ.
723 2153 737 2170 ι)
768 2142 825 2179 Τὸ,

53 2194 66 2211 α
78 2183 118 2215 Ἐν
132 2186 214 2227 αὐτῷ,
228 2197 244 2227 a
263 2185 344 2216 πάλιν
366 2185 424 2215 ἀντὶ
443 2188 504 2223 τοῦ,
521 2186 554 2216 δι’
566 2187 658 2218 αὐτῶ.
678 2185 768 2217 ὀταν
782 2181 826 2216 οὖν

51 2228 88 2257 καὶ
103 2230 207 2265 πλοῦτος
226 2226 262 2271 ᾖ,
282 2231 326 2260 καὶ
341 2231 411 2261 Θεοῦ
427 2232 555 2269 πλοῦτος,
570 2231 614 2260 καὶ
630 2232 656 2261 ιν
670 2231 760 2268 παντὶ,
779 2230 826 2261 καὶ

50 2271 159 2323 dlicuom":
181 2278 227 2323 τοῦ
251 2277 732 2323 Μονογενοῧςῖπῶςλᾶχαριστοῧντις
751 2276 826 2315 ὑμεῖς
842 2290 867 2323 D

51 2317 185 2357 ἀνθρώπους
203 2321 306 2354 ἑαυτοῖς
321 2320 494 2354 διδασκάλους
509 2321 685 2361 ίπιγράφεσθε
697 2332 705 2360 ;

89 2418 102 2435 ι
115 2407 160 2439 Ἐν
173 2410 253 2440 παντὶ
273 2409 344 2451 λόγῳ
365 2411 410 2440 καὶ
429 2410 504 2450 πιέσῃ
528 2410 635 2450 γνώσει.
655 2422 669 2440 n
687 2410 770 2442 Ἐστι
784 2411 829 2442 καὶ

52 2450 116 2490 λόγος
134 2454 211 2495 χωρὶς
232 2454 354 2495 γνώσεως
370 2467 376 2473 ·
390 2454 480 2496 ὥσπερ
494 2455 558 2486 ὅταν
582 2467 621 2489 τις
640 2455 706 2495 λέγῃ
726 2455 829 2495 μάταια

52 2496 121 2537 χωρὶς
134 2499 272 2538 νοημάτων
285 2511 293 2518 θ
306 2499 364 2530 ἔστι
382 2499 428 2530 καὶ
441 2501 538 2539 γνῶσις
551 2500 633 2541 χιορὶς
655 2500 751 2540 λόγου,
765 2501 828 2532 ὅταν

53 2551 84 2586 ﬁt
97 2544 137 2583 νῆ
161 2543 207 2582 μὲν
226 2544 316 2586 ὑψηλὰ
337 2545 358 2584 ⁸,
382 2544 458 2585 λόγον
484 2545 511 2575 δὲ
535 2546 583 2576 οὐχ
598 2545 648 2586 ἔχῃ
671 2545 787 2586 ἑρμηνέα
802 2546 826 2577 ³.

54 2583 134 2632 Ὑμεῖς
153 2588 180 2618 δὲ
202 2583 338 2630 καῖλόγον
351 2583 439 2631 illest
460 2590 506 2620 καὶ
526 2583 740 2632 γνῶσιν-θείαν,
759 2590 828 2622 ὥστε

54 2629 92 2660 καὶ
104 2637 165 2662 νοεῖν
179 2633 224 2664 καὶ
235 2629 320 2674 λέγειν
334 2629 469 2666 δύνασθαι,

92 2734 103 2746 ι
120 2721 213 2757 Καθὼς
223 2723 255 2754 τὸ
274 2724 415 2766 μαρτύριον
428 2728 474 2755 τοῦ
493 2726 611 2766 Χριστοῦ
624 2724 771 2761 ἆϐεϐαιώθη
795 2726 822 2754 ἐν

888 300 920 325 ut
934 301 1135 325 commonstret
1154 303 1332 325 communem
1353 303 1412 325 esse
1438 296 1601 326 Dominum.
1618 298 1688 327 Sunt

887 341 935 377 qui
951 342 1044 376 verba,
1069 341 1108 370 uti
1126 341 1231 378 jaceat,
1246 341 1410 379 intelligunt.
1434 351 1448 368 α
1471 341 1500 370 in
1525 342 1602 370 omni
1626 342 1687 372 loso

887 390 983 415 nostro
1002 389 1030 415 et
1051 387 1184 423 ipsorum,
1202 398 1214 410 ιι
1242 386 1295 415 hoc
1308 391 1359 421 est,
1375 386 1403 414 in
1419 394 1474 424 quo
1488 390 1515 415 et
1534 394 1587 416 nos
1608 391 1636 415 et
1650 387 1687 416 illi

887 438 992 459 sumus.

922 477 1007 505 Vitas.
1020 478 1045 504 ι.
1059 485 1074 503 ιι
1083 476 1179 505 Gratia
1186 476 1274 510 vobis,
1285 479 1313 505 et
1325 485 1378 512 pax
1388 484 1403 504 a
1413 478 1473 505 Deo
1483 477 1565 505 Patre
1575 481 1684 512 nostro,

885 525 913 549 et
926 521 1046 550 Domino
1058 522 1122 550 Jesu
1136 521 1255 550 Christo.
1269 531 1284 547 ιι
1302 523 1327 550 Α
1348 523 1406 550 Deo
1421 521 1507 558 gratia
1523 525 1551 550 et
1564 529 1617 558 pax
1631 526 1683 550 est.

888 566 979 594 Etiam
1002 566 1089 603 prius,
1113 573 1179 594 cum
1206 566 1315 595 inimici
1338 574 1471 601 essemus,
1497 574 1546 602 per
1566 566 1686 603 gratiam

886 610 972 646 ipsius
991 618 1086 646 pacem
1110 610 1204 647 adepti
1231 619 1337 639 sumus.
1360 612 1494 647 Perpetuo
1517 615 1610 639 autem
1624 611 1685 640 hac

887 655 962 683 vobis
982 655 1110 684 divinitus
1123 655 1219 684 adesse
1233 659 1310 692 opto,
1326 660 1357 684 ut
1370 663 1461 692 neque
1487 664 1503 684 a
1525 655 1611 692 gratia
1627 655 1687 692 ejus

886 699 1026 734 excideris.
1047 708 1135 737 neque
1159 709 1174 729 a
1199 709 1276 737 pace.
1291 705 1421 737 tanquam
1437 701 1507 730 inter
1526 708 1574 729 vos
1588 705 1685 730 mutuo

885 744 1059 774 dissidentes.
1079 745 1164 783 Ecqui
1189 745 1274 783 igitur
1296 745 1454 775 hominibus
1469 753 1518 775 vos
1531 744 1684 783 applicatis,

885 797 948 818 eum
970 790 1096 826 gratiam,
1125 794 1185 820 tum
1207 791 1424 820 benevolentiam
1446 790 1519 828 apud
1541 790 1614 826 illos,
1632 798 1683 820 seu

886 833 1025 869 doctores,
1040 835 1214 865 ambientes?

923 925 1012 954 Vane.
1027 928 1053 954 s.
1070 936 1085 950 «
1103 926 1196 954 Gratia
1211 925 1289 954 vobis
1302 930 1329 955 et
1342 933 1395 962 pax
1414 934 1429 955 a
1454 928 1514 956 Deo
1528 928 1610 957 Patre
1629 936 1683 956 no-

883 973 949 998 stro.
974 980 987 996 ιι
1004 970 1139 1005 Gratiam,
1163 970 1190 998 id
1207 974 1260 1003 est.
1280 971 1531 1000 reconciliationem
1554 976 1582 1000 et
1598 973 1683 1001 bene-

883 1014 1032 1044 volentiam
1056 1015 1090 1044 iis
1116 1023 1132 1043 a
1157 1017 1214 1044 Deo
1239 1020 1442 1052 comprecatur,
1465 1016 1594 1046 vellicaus
1618 1016 1681 1046 inde

885 1059 972 1094 illam,
987 1067 1050 1096 qua!
1071 1059 1139 1096 ipsis
1153 1059 1188 1089 ab
1211 1060 1245 1089 iis
1263 1060 1309 1096 qui
1327 1060 1433 1090 diversa
1448 1060 1596 1095 docebant,
1612 1069 1681 1091 con-

883 1104 947 1132 ﬂata
957 1109 1025 1133 erat.
1038 1104 1110 1141 Quin
1119 1105 1204 1134 etiam
1214 1104 1407 1134 dissidentibus
1418 1113 1525 1142 pacem,
1535 1113 1599 1134 eum
1611 1106 1683 1136 inter

884 1157 926 1183 se,
941 1154 1000 1178 tum
1014 1149 1087 1185 apud
1101 1151 1200 1179 Deum.
1216 1151 1307 1178 Deum
1323 1155 1416 1179 autem
1430 1153 1541 1180 Patrem
1556 1155 1680 1180 nostrum

885 1194 1003 1229 vocavit,
1032 1194 1112 1223 nobis
1131 1195 1170 1223 illi
1193 1202 1240 1231 per
1262 1195 1399 1224 lavacrum
1425 1197 1640 1233 regenerationis
1653 1197 1682 1225 in

884 1239 1004 1268 ﬁliorum
1018 1247 1167 1268 numerum
1183 1239 1302 1269 adscitis.

922 1296 934 1308 ιι
946 1285 981 1313 Et
996 1284 1116 1313 Domino
1127 1286 1195 1314 Jesu
1209 1284 1330 1314 Christo.
1340 1296 1355 1312 ιι
1369 1287 1441 1314 Nam
1455 1294 1516 1322 quae
1528 1287 1608 1316 Pater
1621 1287 1681 1322 dat,

884 1328 985 1358 eadem
1009 1333 1036 1358 et
1058 1329 1155 1358 Filius.
1169 1330 1230 1358 Hoc
1245 1330 1319 1359 enim
1339 1331 1367 1358 in
1382 1335 1500 1368 utroque
1518 1332 1682 1369 squalitatis

884 1378 925 1403 est
937 1373 1082 1403 indicium.

920 1421 1012 1449 Vns.
1026 1423 1053 1448 4.
1075 1430 1090 1447 ιι
1104 1420 1216 1449 Gratias
1226 1428 1288 1457 ago.
1307 1430 1321 1446 ιι
1338 1420 1439 1449 Gratos
1451 1428 1503 1450 nos
1516 1429 1577 1450 esse
1590 1421 1681 1456 docet,

884 1464 966 1501 idque
978 1465 1007 1493 in
1018 1465 1095 1493 omni
1110 1473 1221 1501 prorsus
1234 1465 1348 1502 epistola
1365 1475 1371 1494 :
1387 1467 1570 1502 opportunius
1586 1471 1680 1496 autem

884 1517 958 1538 nunc
976 1509 1124 1546 gratiarum
1142 1510 1248 1538 actione
1260 1518 1326 1538 usus
1348 1515 1400 1538 est.
1425 1510 1585 1540 Gratiarum
1602 1512 1677 1540 enim

883 1555 954 1583 actio
979 1558 1091 1592 propter
1110 1555 1228 1591 gratiam
1244 1555 1276 1583 lit
1304 1564 1309 1582 :
1338 1556 1425 1591 gratia
1446 1560 1539 1584 autem
1562 1564 1618 1585 non
1639 1562 1682 1585 est

881 1599 1013 1634 debitum,
1027 1607 1115 1636 neque
1128 1600 1328 1636 compensatio.
1345 1601 1437 1637 Atque
1451 1600 1505 1629 hoc
1518 1601 1678 1630 Corinthio-

882 1652 944 1673 rum
960 1644 1063 1674 fastum
1077 1645 1220 1680 deprimit.

920 1701 933 1718 ι(
951 1693 1008 1721 Deo
1018 1699 1090 1721 meo.
1107 1702 1122 1719 ιι
1140 1693 1178 1720 Ex
1193 1691 1326 1721 immensa
1341 1691 1498 1727 dilectione,
1514 1694 1603 1722 Deum
1617 1701 1682 1722 om-

880 1736 960 1765 nibus
972 1744 1158 1772 communem,
1174 1737 1315 1773 proprium
1329 1737 1381 1766 sibi
1393 1737 1525 1766 vindicat.

919 1782 1056 1817 «Semper
1071 1790 1119 1818 pro
1141 1782 1229 1814 vobis,
1252 1789 1333 1818 super
1352 1782 1442 1818 gratia
1463 1782 1523 1810 Dei.
1546 1793 1560 1809 »
1583 1783 1680 1811 Erudit

881 1835 928 1864 per
939 1827 991 1856 hoc
1003 1829 1077 1864 ipsos
1090 1827 1257 1862 Corinthios,
1274 1830 1330 1857 Deo
1343 1829 1444 1865 gratias
1457 1837 1567 1865 semper
1587 1837 1680 1866 agere,

881 1877 909 1901 et
918 1880 974 1901 non
984 1873 1102 1909 propriis
1114 1872 1252 1908 operibus.
1269 1874 1340 1901 Nam
1354 1882 1367 1899 ιι
1381 1874 1468 1909 Super
1480 1874 1570 1910 gratia
1585 1874 1648 1908 Dei,
1664 1884 1678 1900 η

881 1917 977 1955 inquit,
993 1925 1050 1946 non
1063 1917 1099 1946 ob
1112 1921 1200 1946 vestra
1219 1925 1311 1954 opera,
1329 1927 1343 1944 ιι
1364 1918 1469 1954 gratias
1483 1926 1543 1954 ago.
1560 1928 1573 1944 ιι

919 2019 933 2035 ι(
957 2009 1024 2044 Quae
1042 2009 1103 2038 data
1117 2012 1158 2037 est
1172 2009 1249 2037 vobis
1270 2009 1299 2038 in
1315 2009 1425 2038 Christo
1436 2011 1512 2042 Jesu,
1531 2021 1543 2033 ι»
1559 2009 1612 2038 hoc
1626 2014 1679 2044 est,

881 2061 929 2090 per
939 2053 1079 2083 Christum
1092 2054 1198 2088 Iesum,
1212 2061 1268 2082 non
1283 2062 1331 2090 per
1345 2054 1419 2082 hunc
1434 2055 1473 2082 vel
1488 2054 1572 2083 alium
1582 2062 1679 2091 quem-

882 2099 967 2135 piam.
989 2099 1061 2136 Quid
1074 2106 1140 2135 ergo
1155 2098 1314 2128 hominibus
1328 2102 1449 2127 mentem
1463 2098 1615 2128 adhibetis?

917 2145 1009 2172 Vaas.
1032 2145 1057 2171 5.
1081 2153 1094 2170 ι(
1108 2143 1179 2180 Quia
1199 2144 1230 2172 in
1243 2143 1375 2172 omnibus
1387 2143 1484 2172 divites
1498 2143 1560 2173 facti
1574 2144 1637 2173 estis
1650 2146 1679 2173 in

883 2188 938 2216 illo.
958 2200 969 2213 ιι
985 2203 1021 2209 -
1035 2198 1049 2214 «ι
1064 2189 1094 2216 In
1104 2189 1160 2222 illo,
1174 2198 1189 2215 ι)
1207 2197 1317 2217 rursum
1332 2188 1445 2224 ponitur
1456 2197 1515 2224 pro,
1531 2197 1579 2226 per
1590 2189 1676 2218 illum.

881 2234 952 2261 Cum
968 2233 1049 2270 igitur
1063 2241 1129 2270 opes
1144 2233 1221 2262 vobis
1239 2233 1339 2268 adsint,
1353 2241 1384 2261 ac
1400 2233 1449 2262 Dei
1465 2241 1540 2269 opes,
1554 2233 1636 2270 idque
1649 2234 1680 2263 in

882 2278 958 2307 omni
972 2285 1012 2312 re,
1026 2282 1054 2307 et
1066 2286 1114 2315 per
1124 2278 1296 2315 unigenitum
1308 2278 1358 2306 Dei
1368 2278 1479 2311 Filium;
1495 2287 1560 2315 qua,
1576 2286 1681 2315 quaso,

882 2326 974 2359 fronte
993 2330 1042 2352 vos
1062 2323 1170 2360 ingrati,
1198 2323 1324 2352 homines
1346 2322 1489 2359 vobisipsis
1515 2324 1542 2352 in
1555 2323 1681 2353 doctores

882 2369 954 2397 ascis
967 2368 1030 2396 citis
1044 2370 1056 2396 Ρ

923 2425 935 2438 ι
950 2415 983 2442 In
997 2413 1075 2441 omni
1095 2420 1223 2442 sermone
1236 2417 1263 2442 et
1275 2414 1350 2442 omni
1366 2414 1535 2452 cognitione.
1551 2425 1566 2440 ιι
1588 2415 1682 2444 Potest

884 2466 945 2487 esse
964 2466 1057 2487 sermo
1076 2459 1135 2487 sine
1149 2458 1314 2495 cognitione,
1332 2462 1363 2487 ut
1374 2459 1398 2487 si
1412 2459 1474 2496 quis
1497 2467 1563 2488 vana
1579 2459 1681 2496 absque

884 2503 1023 2532 intellectu
1042 2502 1151 2532 effutiat
1180 2512 1187 2532 :
1215 2507 1257 2532 est
1283 2507 1309 2533 et
1324 2504 1444 2541 cognitio
1464 2504 1523 2533 sine
1542 2512 1679 2537 sermone,

883 2551 916 2578 ut
928 2548 950 2577 si
971 2549 1032 2586 quis
1049 2547 1177 2577 sublimia
1199 2548 1342 2585 intelligat,
1358 2549 1442 2578 verbo
1464 2553 1554 2578 autem
1568 2550 1608 2578 vel
1623 2557 1678 2577 ser-

882 2600 966 2623 mone
985 2601 1041 2622 non
1060 2593 1146 2630 possit
1168 2593 1312 2630 explicare.
1336 2594 1393 2622 Vos
1415 2598 1507 2623 autem
1520 2598 1547 2622 et
1563 2593 1679 2622 verbum

882 2637 1001 2673 habetis,
1016 2642 1044 2666 et
1057 2639 1161 2667 notiam
1175 2638 1308 2673 divinam,
1324 2642 1354 2668 ut
1372 2643 1400 2668 et
1414 2639 1563 2675 intelligere
1575 2642 1603 2667 et
1617 2646 1678 2675 pro-

882 2685 959 2722 loqui
979 2685 1098 2722 possitis.
1674 2720 1680 2726 Ι

916 2730 1004 2759 Vens.
1029 2731 1055 2758 ο.
1074 2740 1088 2757 ιι
1105 2731 1260 2760 Secundum
1279 2730 1353 2768 quod
1374 2730 1565 2760 testimonium
1580 2729 1679 2758 Christl

746 2803 840 2833 Varia
861 2803 1015 2835 lectiones.

87 2846 105 2863 "
117 2847 255 2886 ἔστιρήθητε
270 2859 299 2882 ο.
338 2852 346 2870 ί
359 2851 456 2889 bibam;
469 2860 497 2881 ο,
534 2853 544 2870 ²
558 2852 686 2889 ἑρμηνείας
700 2860 728 2881 o.
