1881 3081
219 185 271 212 567

729 184 985 213 THEOPHYLACTI
1005 185 1185 214 BULGARL/E
1204 186 1361 214 ARCHIEP.
1812 192 1851 219 568

217 246 412 275 conﬁrmatum
424 246 505 275 estin
518 246 605 275 vobis.
619 256 633 273 ι)
649 260 685 268 —-
698 258 710 271 ι
725 247 881 276 Secundum
898 247 984 284 quod,
999 257 1014 275 »

1076 250 1142 287 Ξμῖν.
1159 262 1171 276 ιι
1183 249 1238 287 Τὸ,
1250 263 1262 276 α
1280 249 1392 287 Καθὼς,
1402 263 1415 276 ι
1426 249 1484 280 ἀντὶ
1498 253 1542 281 τοῦ
1553 250 1585 280 δι’
1595 245 1641 282 ὧν.
1655 250 1710 281 Διᾶ
1724 253 1769 281 τοῦ
1779 251 1849 291 λόγου,

218 298 260 322 est
270 302 330 330 pro,
347 301 396 330 per
409 301 481 329 quae.
497 295 549 321 Per
564 293 688 328 verbum,
703 294 803 330 inquit,
821 298 849 322 et
860 295 1016 329 scientiam,

217 339 245 367 in
258 338 357 375 quibus
377 338 457 367 ditati
472 339 548 372 estis,
567 339 718 367 stabilitum
740 343 782 367 est
799 339 828 367 in
848 339 926 368 vobis
939 340 1016 368 testi-

217 383 356 418 monium,
371 383 399 411 id
423 387 474 417 est,
490 383 646 420 praedicatio
665 383 777 412 Christi.
798 384 860 412 Non
873 384 948 412 enim
970 391 1018 420 per

217 432 358 456 externam
381 428 541 464 sapientiam
561 428 705 463 accepistis
720 427 954 464 praedicationem,
970 428 1017 456 sed

219 480 268 508 per
285 472 365 508 signa
379 475 461 508 atque
476 472 560 505 dona,
581 472 681 508 quibus
697 471 794 500 donati
808 472 884 500 estis.

254 518 345 545 Vnns.
360 519 388 544 7.
407 528 419 541 ι
432 518 472 544 Ita
484 521 516 544 ut
529 517 605 545 vobis
617 516 683 544 nihil
699 517 769 545 desit
781 517 808 545 in
825 517 881 545 ullo
895 516 979 545 dono.
1002 528 1015 542 ι

217 562 244 590 Si
259 562 288 590 in
300 561 380 590 donis
393 560 462 589 nihil
481 561 533 589 illis
551 561 652 595 deerat,
677 561 817 598 quomodo
836 562 866 590 in
884 569 1017 598 procursu

217 606 341 635 carnales
364 613 413 634 eos
435 607 535 634 vocat?
561 606 713 634 Dicendum
739 606 831 642 itaque
858 611 909 640 est,
941 605 1016 642 quod

217 659 306 688 neque
325 658 423 679 omnes
441 650 543 679 fuerint
557 651 721 686 spirituales,
736 659 825 686 neque
845 659 941 679 omnes
955 659 1016 679 car-

216 696 302 724 nales.
319 696 410 731 Quare
428 704 489 732 quze
511 703 587 724 nunc
609 695 686 730 dicit,
707 696 741 724 ad
757 696 908 732 spirituales
928 695 993 724 dicit
1008 705 1015 730 ;

218 741 264 769 illa
283 749 359 774 vero,
379 741 415 769 ad
427 741 559 769 carnales.
581 741 662 776 123
689 741 738 769 Vel
768 741 844 777 quod
868 740 1016 769 verisimile

217 790 278 814 erat
302 793 350 814 eos
380 785 410 813 in
438 785 570 822 principio
598 786 686 814 omnis
711 786 818 822 generis
850 785 1016 813 charismata

216 834 388 865 consecutos,
402 829 532 866 deinceps
547 834 641 858 autem
661 829 697 859 ad
715 830 870 859 socordiam
882 829 1016 866 relapsos,

217 875 370 904 secundum
385 883 498 903 carnem
511 875 620 903 vixisse.

253 921 352 957 [Vnus
363 923 390 948 7.
409 931 421 944 ιι
436 922 475 948 lta
491 924 521 948 ut
532 920 612 949 nobis
625 919 692 948 nihil
704 919 776 948 desit
790 920 818 948 in
830 920 886 948 ullo
901 919 985 948 dono.
1000 931 1013 944 :-

216 966 355 1001 Quzeritur
371 965 443 993 unde
457 965 556 1000 evenit,
573 969 604 993 ut
618 965 716 1001 quibus
729 969 773 993 tot
781 965 935 1002 spirituales
948 972 1017 1001 prae—

216 1010 379 1039 eminentias
403 1013 546 1038 attestatus
562 1014 614 1044 est,
635 1014 663 1038 et
688 1018 757 1046 quos
778 1009 859 1038 tantis
874 1009 1017 1046 paeoniis

217 1056 323 1089 extulit,
337 1055 400 1083 illos
410 1055 470 1091 jam
484 1054 512 1082 in
543 1054 672 1083 orationis
687 1063 820 1091 procursu
832 1055 965 1090 increpet,
988 1058 1016 1082 et

215 1099 365 1128 carnalium
389 1099 500 1128 nomine
534 1099 650 1127 incuset.
680 1099 740 1127 Dici
770 1103 868 1135 potest,
888 1098 963 1135 quod
987 1099 1016 1126 in

217 1144 351 1180 principio
371 1143 494 1180 quidem,
521 1152 585 1172 cum
611 1144 645 1172 ad
658 1143 741 1172 ﬁdem
765 1144 887 1179 primum
901 1143 1016 1172 accede-

217 1189 294 1223 bant,
310 1188 468 1225 hujusmodi
492 1188 615 1224 fuerunt,
629 1188 710 1217 donis
733 1189 864 1217 omnibus
882 1188 1016 1222 instructi,

217 1233 382 1270 laudemque
401 1234 589 1262 merebantur.
611 1235 709 1262 Postea
731 1241 795 1262 vero
821 1233 947 1261 animum
969 1232 1017 1261 de-

217 1278 369 1312 mittentes,
404 1278 508 1315 seipsos
528 1277 735 1314 reprehensioni
762 1278 897 1306 obnoxios
924 1277 1017 1306 reddi-

216 1323 292 1351 dere.
316 1323 367 1351 Vel
390 1323 469 1351 aliter
497 1332 503 1350 :
529 1323 623 1359 Neque
637 1323 776 1356 encomia,
802 1329 891 1359 neque
904 1329 1018 1350 accusa—

215 1368 304 1397 tiones
324 1376 402 1405 aaque
422 1368 536 1396 omnino
550 1367 578 1395 in
592 1375 699 1403 omnes,
710 1367 759 1396 sed
774 1375 822 1404 pro
847 1367 1018 1403 singulorum

216 1413 322 1442 meritis
340 1421 405 1441 cum
419 1412 473 1448 hae,
488 1417 549 1441 tum
573 1412 616 1441 illa
631 1412 851 1441 intendebantur.
874 1411 929 1439 Alii
944 1411 1017 1439 enim

216 1465 249 1486 ex
275 1457 329 1486 illis
352 1457 443 1486 adhuc
474 1457 629 1493 diligentes,
657 1457 701 1485 alii
733 1457 902 1492 negligentes
929 1458 1015 1483 erant.

216 1502 269 1531 Sed
283 1506 310 1530 et
323 1502 405 1530 tertia
424 1501 495 1529 ratio
518 1501 652 1537 assignari
665 1504 767 1536 potest,
788 1500 918 1528 nimirum
940 1499 1015 1536 quod

216 1547 341 1575 eucomia
371 1554 420 1583 per
443 1546 710 1574 administrationem
735 1544 886 1581 quamdam
909 1545 1012 1573 inserta

218 1596 292 1625 sunt,
307 1591 436 1627 viamque
450 1591 569 1619 sermoni
583 1593 762 1625 praestruunt.
776 1590 848 1617 Nam
860 1589 908 1626 qui
923 1589 1017 1617 statim

216 1636 246 1663 in
263 1635 376 1664 exordio
402 1635 518 1663 molesta
540 1634 656 1672 profert,
679 1633 836 1663 auditorum
859 1641 938 1662 aures
958 1641 1016 1662 ser-

217 1680 294 1708 moni
318 1687 369 1708 suo
393 1679 517 1708 occlusit.
545 1679 694 1708 Auditores
708 1679 782 1707 enim
803 1679 826 1708 si
840 1679 945 1707 honore
963 1679 1017 1707 sint

217 1725 346 1761 mquales,
360 1725 401 1753 ira
417 1736 424 1759 ;
440 1725 462 1753 si
481 1723 636 1759 inferiores,
655 1732 776 1753 mcerore
795 1723 975 1758 al‘ﬁicientur;
990 1727 1018 1751 et

218 1769 257 1798 sic
286 1769 424 1798 incassum
439 1769 522 1798 verba
536 1768 625 1798 faciet.

254 1824 269 1841 ι(
292 1815 520 1850 Exspectantibus
554 1813 748 1843 revelationem
788 1813 904 1843 Domini
929 1813 1018 1842 nostri

218 1861 281 1889 Jesu
295 1859 411 1889 Christi.
432 1872 445 1885 ιο
465 1860 516 1888 Hic
528 1863 665 1896 perterret
681 1867 739 1894 eos,
754 1858 867 1888 secundi
882 1857 1018 1887 adventus

217 1905 319 1934 Christi
338 1905 508 1934 mentionem
530 1905 640 1934 faciens.
665 1906 738 1934 Nam
758 1904 780 1933 si
804 1904 929 1933 Christus
942 1910 1017 1931 reve-

217 1951 315 1979 landus
338 1954 390 1985 est,
414 1950 556 1986 quomodo
586 1958 635 1978 vos
660 1949 726 1978 alios
751 1949 877 1985 prmsides
900 1952 927 1976 et
949 1955 1018 1984 pra:-

218 1999 342 2032 ceptores
367 1995 500 2023 habetis?
514 1995 610 2023 Innuit
632 1998 725 2022 autem
752 1993 863 2029 pariter,
889 1991 965 2029 quod
984 1991 1018 2020 ad

217 2043 328 2076 accepta
343 2039 509 2068 charismata
531 2047 579 2067 seu
593 2038 683 2073 dona,
698 2038 758 2066 aliis
775 2038 856 2066 etiam
870 2037 1019 2066 virtutibus

217 2084 367 2120 indigeant.
381 2086 411 2112 In
426 2083 471 2113 illa
483 2083 560 2112 enim
574 2083 619 2112 die
639 2083 711 2112 dona
722 2082 863 2111 neminem
871 2081 1017 2118 juvabunt,

217 2129 267 2157 nisi
284 2132 312 2157 et
330 2127 413 2156 vitam
433 2128 560 2157 habuerit
582 2128 726 2162 virtutibus
744 2131 881 2156 ornatam.
903 2126 1019 2155 Revela-

218 2173 324 2202 tionem
347 2180 430 2209 porro
445 2173 549 2209 dicens,
562 2173 674 2209 indicat,
696 2172 771 2209 quod
782 2172 934 2201 etiamnum
947 2171 1017 2200 adsit

218 2218 340 2255 quidem,
356 2218 464 2248 abditus
475 2222 568 2246 tamen
586 2218 631 2252 sit,
646 2222 708 2246 tum
725 2222 820 2246 autem
842 2216 1015 2245 revelabitur.

252 2266 343 2293 Vsns.
358 2266 385 2292 8.
404 2275 417 2288 α
431 2262 483 2298 Qui
497 2267 525 2292 et
537 2263 711 2292 conﬁrmabit
728 2271 776 2292 vos
790 2270 877 2299 usque
891 2261 920 2290 in
932 2261 1017 2289 ﬁnem

216 2309 274 2337 sine
294 2309 413 2337 crimine
427 2309 457 2337 in
475 2307 518 2337 die
530 2309 644 2337 Domini
663 2309 751 2337 nostri
775 2308 841 2337 Iesu
859 2306 972 2336 Christi.
1002 2318 1015 2331 υ

217 2354 289 2382 Cum
307 2353 383 2386 dicit.
401 2365 413 2378 ι
436 2353 628 2388 Conﬁrmabit,
646 2364 659 2378 ι
680 2353 800 2382 ostendit
815 2360 863 2382 eos
888 2350 1017 2380 nonnihil

218 2406 378 2433 concussos,
405 2402 432 2427 et
452 2407 516 2428 cum
535 2399 572 2428 ait
588 2409 595 2427 :
615 2411 626 2424 τι
641 2399 705 2428 Sine
719 2399 842 2434 crimine,
856 2410 868 2423 ιι
884 2396 1019 2434 signiﬁcat

218 2451 265 2472 eos
275 2443 334 2480 jam
354 2443 514 2473 criminibus
529 2444 672 2473 obnoxios.
688 2444 733 2473 Ad
750 2444 820 2478 haec,
835 2451 902 2472 cum
916 2441 1018 2478 saepius

219 2487 264 2517 hic
286 2488 410 2517 meminit
429 2489 543 2518 Domini
566 2490 652 2518 nostri
666 2490 730 2518 Jesu
754 2488 865 2522 Christi,
881 2495 965 2524 quam
990 2486 1017 2514 in

217 2533 271 2561 ulla
285 2533 339 2562 alia
354 2533 485 2570 Epistola,
503 2539 613 2563 revocat
626 2533 773 2563 Corinthiis
793 2533 830 2562 ad
843 2531 1021 2575 memoriam,

216 2585 265 2614 per
288 2585 371 2615 quem
389 2579 488 2607 servati
512 2583 588 2614 sunt,
607 2583 636 2608 et
648 2579 729 2616 cujus
748 2578 863 2608 nomine
878 2580 1019 2606 vocentur.

215 2624 288 2652 Nam
305 2623 451 2653 Christiani
473 2633 488 2653 a
511 2624 629 2660 Christo,
657 2632 715 2654 non
739 2624 775 2654 ab
805 2624 858 2654 alio
888 2622 1020 2660 quopiam

217 2668 340 2698 humano
354 2669 478 2699 nomine.

1071 293 1154 333 φησὶ,
1175 294 1221 324 καὶ
1244 296 1291 331 τῆς
1310 295 1444 334 γνώσεως,
1466 297 1492 325 ἐν
1510 291 1548 329 οἶς
1571 295 1782 333 ἐπλουτίσθητε,
1803 297 1850 327 ἐϐε-

1071 337 1174 374 ϐαιώθη
1196 341 1222 368 ἓν
1245 340 1308 378 ὑμῖν
1330 339 1361 369 τὸ
1378 339 1521 381 μαρτύριον
1534 362 1541 376 ,
1558 341 1680 370 τουτέστι
1696 341 1729 371 τὸ
1744 341 1850 381 κήρυγμα

1070 386 1117 413 τοῦ
1130 385 1259 424 Χριστοῦ.
1277 385 1318 415 Οὐ
1335 384 1387 424 γὰρ
1403 384 1446 414 διὰ
1462 387 1508 421 τῆς
1529 385 1622 419 ἔξωθεν
1637 385 1735 427 σοφίας
1750 386 1850 421 ἐδέξασθε

1071 428 1101 458 τὸ
1115 428 1239 472 κήρυγμα
1250 452 1258 466 ,
1285 429 1354 459 ἀλλὰ
1371 429 1414 459 διὰ
1435 432 1489 460 τῶν
1513 429 1632 470 σημείων
1650 430 1700 460 καὶ
1721 433 1772 461 τῶν
1785 443 1850 472 χαρι-

1071 473 1180 512 σμάτων
1189 497 1197 512 ,
1213 469 1250 503 ὧν
1268 473 1408 511 ἧξιώθητε.

1113 530 1128 546 α
1144 516 1232 549 Ὥστε
1257 520 1325 558 ὓμᾶς
1350 518 1387 558 μὴ
1414 520 1581 560 ὑστερεῖσθαι
1610 520 1637 549 ἐν
1665 520 1763 562 μηδενὶ
1785 522 1850 562 χαρί-

1071 574 1166 602 σματι.
1183 575 1199 592 n
1227 564 1261 594 Εἰ
1290 565 1420 600 ἀνελλιπῆ
1449 565 1481 594 τὰ
1508 564 1667 604 χαρίσματα
1696 560 1849 604 εἶχονξπῶς

1070 607 1169 648 προῖὼν
1185 608 1325 648 σαρκικοὺς
1348 608 1439 642 αὐτοὺς
1464 609 1552 649 λέγει,
1575 608 1673 640 Ἔστιν
1700 605 1746 639 οὖν
1769 611 1849 648 εἰπεῖν,

1070 654 1110 683 ὅτι
1125 653 1183 683 οὔτε
1197 653 1293 688 πάντες
1307 650 1375 690 ἦσαν
1396 654 1587 692 πνευματικοὶ,
1608 654 1671 684 οὔτε
1690 655 1786 689 πάντες
1799 668 1849 694 σαρ-

1071 698 1140 728 κικοί
1153 710 1160 717 ·
1178 698 1218 728 διὸ
1232 698 1249 728 ἃ
1273 699 1322 738 μὲν
1336 702 1381 729 νῦν
1399 699 1470 739 λέγει
1482 722 1491 738 ,
1510 699 1577 740 πρὸς
1597 699 1658 734 τοὺς
1673 700 1850 739 πνευματικῶς

1071 743 1141 782 λέγιι
1154 755 1160 762 ·
1178 745 1264 773 ἐκεῖνα
1280 743 1307 774 δὲ
1322 744 1388 784 πρὸς
1409 743 1469 777 τοὺς
1485 743 1637 784 σαρκικούς.
1655 743 1696 776 Ἢ
1721 746 1760 774 ὅτι
1781 746 1848 775 καὶέν

1071 789 1142 828 ἀρχῇ
1163 788 1230 822 εἰκὸς
1251 785 1283 825 ἧν
1306 788 1401 823 αὐτοὺς
1423 789 1532 819 πάντων
1553 790 1692 830 ἐπιτυχεῖν
1713 793 1764 820 τῶν
1785 801 1848 830 χαρι-

1071 833 1181 872 σμάτων
1190 855 1198 870 ,
1215 833 1324 874 ὕστερον
1337 833 1363 863 δὲ
1376 835 1529 874 ῥαθυμῆσαι
1538 857 1546 873 ,
1562 835 1607 863 καὶ
1621 834 1695 864 κατὰ
1711 835 1794 875 σάρκα
1805 837 1848 875 ζῇν.

1111 924 1151 963 [ιι
1167 923 1255 954 Ὥστε
1278 925 1347 963 tua;
1373 922 1410 962 μὴ
1435 925 1600 964 ὕστεριῖσθαι
1626 926 1654 954 ἐν
1682 924 1776 964 μηδενί
1789 923 1849 964 χαρί-

1071 980 1166 1008 σματι.
1183 978 1195 995 i
1215 970 1342 1006 Ζητιίται
1362 970 1489 1005 ἐνταῦθα,
1513 971 1569 1003 πῶς
1592 964 1629 1003 οἷς
1645 972 1767 999 τοσαῦτα
1787 981 1849 998 πνευ-

1072 1014 1172 1052 ματικὰ
1212 1013 1402 1054 προτερήματα
1428 1013 1683 1054 προσιμαρτύρησε,
1714 1014 1759 1044 καὶ
1786 1013 1850 1046 οὕτως

1071 1058 1201 1098 ἐπῄνεσε,
1227 1058 1328 1092 τούτοις
1353 1060 1464 1098 ἐπιτιμᾷ
1487 1058 1685 1099 παρακατιὼν,
1710 1059 1756 1089 καὶ
1775 1070 1848 1099 σαρκι-

1071 1103 1131 1138 κοὺς
1156 1105 1245 1133 καλῶν
1272 1104 1389 1142 ἐγκαλεῖ.
1415 1102 1511 1134 Ἔστιν
1535 1099 1579 1133 οὖν
1607 1105 1693 1134 εἰπεῖν
1707 1127 1715 1140 ,
1742 1104 1780 1134 ὅτι
1793 1102 1849 1143 παρὰ

1073 1148 1121 1186 μὲν
1144 1148 1192 1184 τὴν
1211 1148 1296 1188 ἀρχὴν
1311 1149 1355 1178 ὅτε
1370 1148 1546 1186 ἐπίστευσαν,
1563 1151 1680 1179 τοιοῦτοι
1703 1145 1780 1186 ἦσαν,
1798 1153 1851 1178 πᾶσι

1071 1194 1204 1232 κομῶντες
1218 1193 1385 1234 χαρίσμασι⁷
1401 1193 1447 1223 καὶ
1463 1192 1609 1228 ἄξιέπαινοι
1624 1194 1761 1234 γεγονότες
1773 1206 1780 1212 ·
1791 1193 1851 1222 ὕστε-

1073 1249 1115 1278 ρον
1138 1238 1165 1268 δὲ
1190 1238 1404 1280 ῥᾳθυμήσαντες,
1431 1239 1558 1279 μέμψεως
1575 1238 1662 1273 ἀξίους
1690 1238 1794 1272 ἑαυτοὺς
1813 1249 1849 1267 πε-

1072 1283 1226 1319 ποιήκασιν.
1246 1281 1284 1313 Ἢ
1302 1283 1348 1313 καὶ
1361 1283 1448 1317 ἄλλως
1464 1295 1471 1302 ·
1485 1285 1527 1314 Οὗ
1545 1283 1610 1324 πρὸς
1626 1285 1747 1321 πάντας,
1763 1283 1816 1314 οὗτε
1827 1283 1850 1311 τὰ

1072 1328 1211 1367 ἐγκώμια,
1231 1328 1291 1358 οὔτε
1309 1328 1343 1358 τὰ
1367 1328 1595 1369 κατηγορήματα,
1624 1330 1697 1359 ἀλλὰ
1724 1329 1785 1369 πρὸς
1807 1327 1850 1360 τοὺς

1073 1372 1160 1407 ἀξίους
1174 1373 1218 1403 καὶ
1234 1376 1318 1403 ταῦτα
1334 1374 1456 1404 κάκεῖνα.
1498 1368 1589 1404 Ἷὶσαν
1604 1373 1656 1414 γὰρ
1676 1368 1764 1404 αὐτῶν
1778 1376 1800 1404 οἱ
1815 1373 1849 1411 μὲν

1072 1420 1112 1447 ἔτι
1133 1418 1337 1454 σπουδάζοντες,
1353 1419 1376 1448 οἱ
1400 1417 1427 1447 δὲ
1443 1419 1652 1459 ῥᾳθυμήσαντες.
1681 1417 1763 1450 Ἔστι
1781 1419 1805 1448 δὲ
1817 1417 1850 1447 καὶ

1073 1463 1159 1504 τρίτον
1180 1464 1279 1499 εἰπεῖν,
1300 1463 1342 1493 ὅτι
1361 1465 1531 1503 οἰκονομικῶς
1546 1464 1570 1493 οἱ
1591 1463 1700 1494 ἔπαινοι
1723 1464 1850 1503 ἕγκεινται,

1069 1508 1303 1549 προοδοποιοῦντες
1317 1509 1355 1548 τῷ
1379 1508 1459 1549 λόγῳ.
1486 1507 1521 1538 Ὁ
1541 1507 1593 1548 γὰρ
1614 1509 1645 1538 ἐκ
1659 1509 1804 1549 προοιμίων
1816 1508 1850 1538 εὖ-

1079 1553 1142 1587 θέως
1165 1552 1276 1594 φορτικὰ
1303 1552 1480 1593 φθεγξάμενος
1504 1553 1645 1594 ἀπέκλεισε
1672 1555 1712 1594 τῷ
1736 1553 1802 1594 λόγῳ
1815 1552 1850 1586 τὴν

1074 1597 1166 1634 ἀκοήν.
1184 1596 1230 1627 Ἂν
1254 1609 1282 1627 τε
1296 1598 1348 1638 γὰρ
1375 1598 1497 1637 ὁμότιμοι
1523 1593 1588 1628 ὦσιν
1608 1600 1632 1628 οἱ
1654 1593 1849 1637 ἀκούοντες,ὀρα

1071 1642 1243 1683 γισθήσονται
1256 1653 1262 1660 ·
1288 1643 1319 1672 ἄν
1348 1654 1376 1672 τε
1405 1643 1546 1680 ἐλάττους,
1573 1643 1790 1682 λυπηθήσονται,
1818 1642 1850 1671 καὶ

1073 1687 1161 1728 μάτην
1176 1689 1239 1729 ἐρεῖ.
1258 1688 1333 1719 Cod.
1353 1689 1521 1727 Arundel.]

1116 1822 1131 1839 α
1158 1809 1398 1852 Ἀπεκδεχομίνους
1423 1809 1470 1846 τὴν
1492 1810 1660 1851 ἀποκάλυψιν
1697 1813 1744 1842 τοῦ
1770 1809 1850 1851 Κυρίου

1073 1858 1148 1894 ἡμῶν
1175 1856 1262 1892 Ἰησοῦ
1290 1857 1418 1895 Χριστοῦ.
1450 1867 1464 1884 ι)
1489 1855 1621 1885 Ἐνταῦθα
1649 1856 1729 1897 φοϐεῖ
1756 1854 1848 1888 αὐτοὺς,

1074 1901 1230 1941 ἀναμνήσας
1246 1902 1292 1937 τῆς
1306 1900 1426 1940 δευτέρας
1447 1900 1594 1941 παρουσίας
1614 1903 1658 1930 τοῦ
1687 1902 1811 1942 Χριστοῦ.
1827 1900 1850 1929 Εἰ

1074 1946 1125 1987 γὰρ
1145 1947 1158 1976 ὁ
1179 1945 1293 1986 Χριστὸς
1316 1946 1407 1984 μέλλει
1434 1945 1687 1985 ἀποκαλύπτεσθαι,
1713 1948 1766 1979 πῶς
1791 1947 1849 1984 ὓμεὶς

1075 1990 1170 2026 ἄλλους
1189 1990 1339 2031 προστάτας
1363 1989 1451 2030 fleet;
1476 1989 1601 2021 Δείκνυσι
1623 1990 1670 2028 δὲ,
1696 1991 1742 2020 καὶ
1762 1989 1799 2020 ὅτι
1820 1989 1849 2018 δεῖ

1074 2035 1143 2075 μετὰ
1167 2037 1219 2066 τῶν
1243 2034 1419 2076 χαρισμάτων
1445 2035 1553 2072 καὶτῆς
1573 2035 1658 2072 ἄλλης
1685 2037 1789 2076 ipsis.
1812 2034 1849 2064 Ἐν

1072 2081 1123 2121 γὰρ
1184 2081 1273 2121 ἡμέρᾳ
1288 2080 1374 2120 ἐκείνῃ
1393 2079 1427 2110 τὰ
1441 2079 1598 2121 χαρίσματα
1616 2080 1710 2110 οὗδίνα
1724 2081 1736 2100 ³
1750 2080 1846 2121 ὠφελεῖ.

1074 2127 1096 2156 εἰ
1111 2126 1150 2166 μὴ
1164 2126 1210 2156 καὶ
1232 2126 1288 2166 βίον
1304 2125 1425 2165 ἐνάρετον
1442 2125 1508 2166 ἔχοι.
1526 2125 1707 2167 Ἀποκάλυψιν
1723 2125 1749 2155 δὲ
1764 2123 1847 2158 εἰπὼν,

1074 2172 1149 2208 δηλοῖ
1161 2170 1202 2201 ὅτι
1226 2170 1272 2201 καὶ
1291 2173 1337 2200 νῦν
1351 2169 1464 2211 πάρεστι
1487 2169 1535 2209 μὲν
1546 2193 1554 2208 ,
1568 2170 1715 2211 κρύπτιται
1739 2169 1765 2201 δέ
1779 2181 1785 2188 ·
1802 2168 1848 2198 τότε

1072 2215 1100 2246 δὲ
1113 2215 1375 2257 ἀποκαλυφθήσεται.

1117 2273 1131 2291 (ι
1143 2261 1195 2296 ⁸ος
1210 2261 1256 2291 καὶ
1274 2260 1417 2300 βεϐαιώσιι
1432 2262 1500 2300 ὑμᾶς
1521 2259 1570 2294 ἕως
1584 2259 1675 2295 τέλους
1693 2257 1849 2300 ἀνεγκλήτους

1072 2307 1098 2336 ἓν
1115 2308 1148 2348 τῇ
1173 2307 1262 2347 ἡμέρᾳ
1285 2308 1330 2337 τοῦ
1354 2305 1450 2346 Κυρίου
1478 2306 1555 2343 ἡμῶν
1583 2305 1674 2342 Ἰησοῦ
1703 2306 1844 2348 Χριστοῦ.)

1073 2352 1120 2383 Ἐν
1135 2346 1183 2391 μὲν
1199 2346 1237 2393 τῷ
1252 2346 1337 2382 εἰπεῖν
1347 2373 1355 2388 ,
1372 2362 1387 2380 n
1407 2350 1574 2390 Βιϐαιώσει,
1587 2361 1603 2380 ι
1625 2349 1757 2381 δείκνυσιν
1771 2346 1848 2379 αὐτοὺς

1073 2396 1280 2436 σαλευομένους·
1300 2397 1327 2426 ἐν
1345 2396 1372 2426 δὲ
1397 2397 1434 2437 τῷ
1456 2396 1555 2433 εἰπεῖν,
1584 2406 1600 2425 ιι
1626 2394 1821 2435 Ἀνιγκλήτουςι
1833 2401 1844 2420 ³

1072 2442 1200 2473 δείκνυσιν
1217 2441 1312 2475 αὐτοὺς
1334 2441 1485 2482 ἐγκλήμασι
1505 2443 1550 2470 νῦν
1571 2441 1769 2479 ὑποκειμένους.
1791 2437 1846 2482 Πολ·

1071 2487 1147 2522 λάκις
1171 2487 1199 2517 δέ
1213 2488 1270 2517 ἐστι
1294 2485 1462 2526 μεμνημένος
1487 2486 1599 2516 ενταῦθα
1624 2488 1671 2516 τοῦ
1691 2484 1788 2524 Κυρίου
1801 2481 1845 2516 Ἰη-

1077 2535 1123 2562 σοῦ
1139 2533 1256 2573 Χριστοῦ
1266 2555 1275 2572 ,
1288 2532 1334 2562 καὶ
1348 2531 1438 2565 ὁσάκις
1453 2532 1479 2561 ἐν
1502 2531 1611 2571 οὐδεμιᾷ
1624 2530 1692 2570 ἄλλῃ
1708 2527 1845 2573 Ἐπιστολῇ-

1075 2570 1220 2609 Ὧοτίδιὰ
1244 2570 1336 2608 τούτου
1359 2575 1557 2616 ὑπομιμνήσκει
1574 2570 1634 2609 τοὺς
1657 2573 1801 2615 Κορινθίους
1814 2570 1846 2600 διὸὶ

1074 2623 1143 2658 τίνος
1159 2623 1311 2662 ἐσώθησαν,
1333 2621 1379 2652 καὶ
1399 2621 1468 2656 τίνος
1489 2621 1600 2661 ὀνόματι
1624 2622 1772 2651 καλοῦνται.
1791 2617 1845 2656 Χριν

1074 2673 1174 2699 στιανοὶ
1188 2668 1240 2709 γὰρ
1252 2667 1305 2698 ἀπὸ
1318 2669 1451 2709 Χριστοῦ,
1473 2667 1519 2696 καὶ
1533 2667 1581 2697 οὐκ
1604 2667 1653 2696 ἀπ’
1666 2665 1746 2695 ἄλλον
1759 2663 1844 2702 ἄνθρω-

1069 2713 1145 2743 πίνου
1161 2714 1298 2753 ὀνόματος.

925 2794 1022 2825 Variae
1043 2794 1193 2825 lectiones.

251 2840 263 2857 ⁹
282 2839 351 2867 οὐδὲν
366 2848 393 2869 0.
