1881 3081
208 163 255 190 571

709 161 968 190 THEOPHYLACTI
986 162 1166 190 BULGARLE
1184 162 1341 190 ARCHIEP.
1781 167 1813 193 IT?

204 228 307 260 mente,
331 236 344 250 γι
360 224 498 262 apposuit,
517 235 529 248 σι
550 225 586 252 Et
600 223 697 253 eadem
709 225 840 254 sententia
861 234 867 252 :
885 235 898 249 ι
913 229 945 253 ut
957 233 1003 253 ne-

1065 225 1223 266 προσίθηιιε,
1238 239 1250 251 α
1264 225 1319 256 Καὶ
1333 227 1359 255 ιν
1423 227 1490 267 αὐτῇ
1504 224 1599 266 γνώμῃ
1617 237 1624 245 ·
1639 223 1680 255 ἵνα
1693 225 1753 266 μήτε
1767 227 1814 257 κατὰ

203 278 256 308 que
272 270 426 299 secundum
439 269 533 304 tidem,
559 277 647 306 neque
666 269 821 299 secundum
835 271 1002 300 sententiam

205 315 370 344 dissideant.

240 363 331 390 Vsus.
350 363 392 389 ιι.
407 372 420 384 α
441 359 629 397 Signiﬁcatum
644 364 686 389 est
700 359 773 388 enim
784 360 853 389 mihi
869 360 903 390 de
916 361 1003 397 vobis,

205 406 315 440 fratres,
329 405 364 434 ab
383 405 426 434 his
448 405 494 442 qui
510 409 576 433 sunt
592 405 700 434 Chloes.
716 416 729 430 ι
746 407 789 434 Ne
805 405 911 435 inﬁcias
929 411 1003 441 eant,

204 455 289 480 testes
302 449 431 487 producit
441 451 458 486 [ε
479 453 517 485 et,
532 458 567 478 ne
591 450 717 479 videatur
737 451 795 486 ipse
809 450 921 488 lingere,
937 452 1005 480 istos

203 496 371 524 nominatim
387 499 523 530 recenset,
540 495 638 524 Chloes
648 495 776 524 videlicet
787 495 929 525 familiam.
941 496 1005 525 Fuit

204 545 297 569 autem
320 539 456 569 Corinthii
477 539 584 568 familia
606 548 669 576 quae
683 540 880 569 nominabatur
892 541 1002 570 Chloes.

203 587 313 615 Fratres
338 589 430 614 autem
453 584 545 614 adhuc
567 593 615 614 eos
638 585 764 622 appellat.
792 585 909 614 Etiamsi
931 586 1003 614 enim

204 635 345 666 peccatum
376 638 474 659 eorum
516 629 696 658 manifestum
718 635 799 665 esset,
822 631 890 659 nihil
912 635 1004 659 tamen

205 675 333 712 prohibet
354 675 503 712 quominus
528 674 628 704 fratres
658 675 783 711 appellet.
817 677 880 704 Non
911 679 1004 704 autem

204 720 272 748 dixit
295 720 427 749 verbau'm
450 720 565 757 quinam
592 720 704 755 fuerint,
723 721 769 757 qui
797 720 852 750 hoc
869 721 1006 758 signiﬁca-

204 766 269 801 rint,
285 765 334 795 sed
351 770 441 795 totam
451 765 569 794 domum
584 766 684 802 posuit,
700 774 737 795 ne
750 765 802 795 hos
814 766 866 794 illis
880 765 1006 796 infensos

203 811 313 840 reddat.

240 868 253 880 σι
273 857 352 893 Quod
365 856 563 885 contentiones
578 856 633 884 sint
648 855 718 884 inter
741 863 798 884 vos.
820 868 833 881 1
849 855 1001 884 Denuntia-

202 905 281 930 turus
307 909 433 938 quaenam
455 901 490 929 ab
513 901 698 930 indicantibus
721 901 866 935 audiverit,
889 905 1002 930 conten-

202 947 290 976 tiones
302 946 380 980 dixit,
394 945 513 975 dictione
528 954 593 975 usus
609 947 729 975 mitiore.
747 946 862 982 Quando
877 954 941 975 vero
963 946 1003 975 in-

203 991 310 1028 propria
333 999 450 1028 persona
473 991 604 1028 loquitur,
620 991 772 1020 schismata
789 991 916 1028 appellat,
928 991 1002 1028 quod

203 1037 290 1066 multo
302 1036 380 1073 peius
393 1041 434 1065 est
456 1037 644 1065 contentione.

238 1083 324 1111 Vsus.
347 1084 390 1110 12,
416 1091 429 1108 α
446 1081 515 1110 Dico
535 1086 626 1110 autem
651 1081 714 1116 hoc,
739 1082 814 1117 quod
829 1081 947 1118 quilibet
961 1088 1004 1108 ve-

203 1131 291 1162 strum
302 1126 339 1154 ait
355 1137 360 1154 :
374 1128 432 1163 Ego
441 1125 553 1163 quidem
563 1134 626 1155 sum
637 1125 724 1160 Pauli,
732 1133 782 1162 ego
793 1133 858 1154 vero
867 1125 975 1162 Apollo.
989 1137 1002 1150 ι»

204 1173 265 1200 Non
285 1179 356 1200 unus
370 1175 398 1200 et
415 1171 486 1200 alter
507 1170 559 1199 ista
579 1170 658 1205 dicit,
673 1170 721 1199 sed
735 1170 850 1207 quilibet
871 1174 1003 1199 vestrum.

204 1216 252 1245 Isti
275 1220 368 1245 autem
395 1224 452 1244 non
478 1215 516 1244 ita
532 1215 669 1250 dicebant,
698 1215 746 1244 sed
774 1215 819 1244 ille
845 1223 1005 1244 sermonem

203 1269 284 1290 suum
309 1261 346 1289 ita
365 1260 482 1297 efﬁngit,
507 1264 538 1288 ut
555 1260 693 1295 ostendat,
717 1260 792 1298 quod
816 1260 838 1289 si
858 1259 950 1289 dicere
977 1269 1006 1289 se

203 1306 280 1334 Pauli
294 1310 322 1334 et
333 1305 433 1343 Cephaa
455 1305 605 1342 discipulos
619 1305 698 1342 culpa
722 1313 780 1334 non
804 1309 894 1340 vacet,
917 1305 1006 1334 multo

204 1351 291 1388 magis
305 1351 328 1379 si
346 1351 474 1379 aliorum.

239 1408 252 1421 ι
270 1397 330 1433 Ego
349 1400 441 1424 autem
455 1395 565 1432 Cepheo.
582 1407 595 1421 ι)
612 1397 676 1424 Non
688 1400 719 1424 ut
733 1395 851 1432 seipsum
868 1395 1006 1432 praeferat,

203 1443 316 1470 Petrum
338 1440 519 1477 posteriorem
541 1441 641 1477 posuit,
657 1441 704 1469 sed
719 1440 796 1468 illum
811 1440 901 1476 potius
917 1440 1006 1469 hono-

203 1494 279 1521 rans,
303 1486 416 1523 perinde
429 1493 462 1514 ac
478 1485 621 1514 Christum
637 1485 698 1521 jam
714 1485 865 1521 posteriore
884 1485 944 1513 loco
957 1493 1005 1521 po-

1058 270 1107 306 τὴν
1136 270 1243 308 πίστιν,
1277 270 1344 310 μήτε
1369 270 1438 300 κατὰ
1470 269 1517 307 τὴν
1545 270 1655 310 γνώμην
1684 271 1814 308 διεστηκότα

1099 327 1132 347 ιν,

1103 371 1118 390 ιι
1133 360 1273 398 Ἐδηλώθη
1288 360 1339 402 γάρ
1352 372 1397 398 μοι
1412 360 1473 400 περὶ
1487 361 1577 399 ὑμῶν,
1595 360 1700 401 ἀδελφοί
1713 372 1769 399 μου,
1782 362 1816 391 ὑπὸ

1058 406 1111 435 τῶν
1127 405 1227 442 Χλόης.
1245 419 1257 432 ιι
1273 404 1335 436 Ἵνα
1355 405 1392 445 μὴ
1415 405 1599 446 ἀρνήσωνται,
1625 404 1749 446 μάρτυρας
1764 417 1814 446 πιρ-

1059 450 1118 490 άγει
1138 463 1144 469 -
1171 451 1216 480 καὶ
1238 450 1282 480 ἵνα
1308 449 1346 489 μὴ
1370 449 1431 490 δόξῃ
1454 449 1530 484 αὗτὸς
1552 450 1692 487 πλάττειν,
1719 451 1816 489 eam

1059 494 1154 529 αὐτοὺς
1180 495 1266 534 λέγει,
1292 495 1350 529 τοὺς
1371 498 1419 532 τῆς
1441 495 1540 531 Χλόης.
1560 495 1643 526 Οἰκία
1658 494 1685 525 δὲ
1701 490 1728 531 ἦν
1743 496 1764 524 ἐν
1780 495 1816 525 K0-

1060 539 1136 580 ρίνθῳ
1151 541 1233 575 οὕτως
1252 539 1468 579 ἐπονομαζομένη
1482 539 1583 576 Χλόης.
1601 539 1733 582 ᾎδελφοὺς
1749 539 1771 569 δὲ
1782 540 1817 568 αὖ·

1058 584 1117 619 τοὺς
1140 585 1179 615 ἔτι
1203 585 1326 624 ὀνομάζει
1339 597 1345 603 -
1362 585 1412 615 κᾶν
1437 585 1488 625 γὰρ
1506 585 1584 621 δῆλον
1600 580 1618 624 ᾖ
1632 585 1662 614 τὸ
1683 580 1815 625 diripi-qus,

1057 629 1132 659 οὐδὲν
1146 630 1243 660 κωλύει
1267 630 1392 670 ἀδελφοὺς
1417 631 1507 660 καλεῖν
1530 629 1581 661 ἔτι.
1605 630 1664 660 Οὔκ
1684 624 1737 659 εἷπε
1750 628 1817 669 δὲρη-

1058 675 1124 712 τῶς,
1150 674 1218 709 τίνες
1239 671 1310 712 ἦσαν
1338 676 1362 704 οἱ
1388 674 1524 711 εἰπόντες,
1548 675 1609 703 ἀλλ’
1634 673 1765 712 ὁλόκληρον
1785 673 1817 708 τὴν

1059 719 1143 749 οἰκίαν
1171 720 1300 757 τέθεικεν,
1329 719 1373 749 ἵνα
1398 719 1435 759 μὴ
1462 719 1638 759 ἐκπολεμώσῃ
1669 718 1753 752 αὖτοὺς
1775 717 1819 758 πρὸς

1059 765 1183 798 ῐχείνους.

1097 865 1112 883 ι
1130 853 1193 885 Ὅτι
1207 855 1290 896 ἔριδες
1315 856 1342 885 ἐν
1359 855 1421 896 ὑμῖν
1441 857 1503 887 εἰσι.
1522 867 1538 896 ο
1553 855 1599 886 Τὰ
1611 854 1682 895 παρὰ
1696 855 1742 884 τῶν
1755 854 1819 890 δηλω-

1057 899 1159 930 σάντων
1183 900 1375 940 ἀπαγγέλλων,
1407 900 1495 941 ἔριδας
1521 895 1598 938 εἶπε,
1626 899 1752 940 πραοτέρᾳ
1772 898 1820 932 λίξιι

1057 945 1235 985 χρησάμενος.
1260 945 1347 976 Ὅταν
1373 945 1400 975 δὲ
1415 945 1469 975 ἀπὸ
1493 948 1538 975 τοῦ
1567 945 1663 975 οἰκείου
1682 944 1741 984 λέγῃ
1759 955 1820 983 προσ-

1057 992 1148 1030 ώπου,
1173 992 1310 1033 σχίσματα
1335 991 1402 1020 αὐτὰ
1428 991 1520 1027 καλεῖ,
1542 989 1556 1020 δ
1583 991 1674 1031 πολλῷ
1692 993 1769 1029 χεῖρον
1790 989 1822 1023 τῆς

1058 1037 1152 1072 ἔριδος.

1074 1050 1209 1121 ριῑοςιίέγω
1225 1080 1252 1110 δὲ
1274 1082 1366 1116 τοῦτο,
1387 1080 1428 1109 ὅτι
1448 1079 1558 1113 ἕκαστος
1585 1080 1659 1118 ὑμῶν
1673 1077 1753 1118 λέγει·
1767 1076 1821 1115 Ἐγὼ

1060 1127 1107 1166 μέν
1130 1129 1185 1166 εἶμι
1200 1124 1324 1162 Παύλου,
1337 1124 1390 1164 ἐγὼ
1405 1124 1432 1154 δὲ
1448 1123 1580 1155 Ἀπολλώ.
1592 1135 1607 1154 ιι
1622 1124 1663 1154 οὔ
1678 1123 1748 1164 μέρος
1761 1124 1823 1151 ταῦτα

1059 1173 1147 1212 λέγει,
1174 1171 1232 1201 ἀλλ’
1257 1170 1367 1204 ἕκαστος
1398 1171 1482 1208 ὑμῶν.
1513 1170 1575 1200 Οὐκ
1602 1169 1690 1209 ἔλεγον
1719 1167 1742 1197 δὲ
1763 1166 1824 1212 circa

1060 1211 1169 1254 ἐκεῖνοι,
1185 1215 1244 1247 ἀλλ’
1268 1215 1346 1250 αὐτὸς
1363 1215 1432 1245 οὕτω
1456 1214 1620 1256 σχηματίζει
1640 1213 1683 1244 τὸν
1697 1211 1781 1252 λόγον,
1795 1211 1824 1239 ἵνα

1060 1262 1150 1301 δείξῃ,
1172 1261 1211 1291 ὅτι
1237 1261 1260 1290 εἰ
1283 1259 1314 1290 τὸ
1339 1260 1425 1299 λέγειν
1451 1260 1499 1298 μὲν
1524 1260 1620 1293 αὖτοὺς
1638 1259 1651 1277 ⁹
1675 1257 1774 1289 Παύλου
1794 1255 1825 1285 καὶ

1062 1309 1143 1347 Κηφᾶ
1162 1305 1322 1343 ὑπεύθυνον,
1341 1306 1432 1345 πολλῷ
1448 1305 1549 1344 μᾶλλον
1567 1304 1599 1334 τὸ
1618 1304 1721 1344 ἐτέρων.

1105 1409 1120 1427 α
1135 1397 1207 1437 Ἐγὼ
1232 1395 1260 1426 δὲ
1285 1397 1376 1435 Κηφᾶ.
1398 1406 1411 1424 ι)
1433 1395 1493 1425 Οὐκ
1511 1393 1630 1435 ἐπαίρων
1652 1392 1738 1423 ἑαυτὸν
1752 1390 1827 1421 τέθιυιι

1062 1443 1166 1484 Πέτρον
1193 1441 1316 1482 ὕστερον,
1350 1439 1409 1469 ἀλλ’
1434 1441 1533 1484 ἐκεῖνον
1563 1440 1701 1484 προτιμῶν
1729 1437 1826 1484 pillei,

1059 1480 1149 1528 ὥσπερ
1175 1485 1207 1523 δὴ
1230 1480 1276 1516 καὶ
1303 1485 1348 1515 τὸν
1372 1483 1488 1525 Χριστὸν
1516 1483 1627 1525 ὕστερον
1651 1483 1766 1513 τέθεικεν.
1793 1480 1826 1510 Ἐν

204 1531 269 1559 suit.
284 1531 317 1559 In
339 1531 422 1559 rebus
451 1531 525 1559 enim
549 1528 623 1558 factu
647 1529 767 1567 indignis
796 1530 921 1566 primum
947 1537 1003 1558 suae

1065 1532 1202 1573 πράγμασι
1227 1531 1279 1571 γὰρ
1307 1531 1353 1559 οὐκ
1382 1529 1462 1564 ἀξίοις
1487 1529 1630 1569 γενέσθαι,
1660 1527 1757 1567 πρώτου
1781 1527 1826 1556 ἔτι·

205 1576 291 1612 ipsius
305 1583 431 1612 personae
450 1574 586 1603 meminit.

242 1632 254 1645 ι
283 1621 344 1658 Ego
368 1624 462 1648 autem
491 1619 599 1648 Christi.
630 1631 642 1643 δι
665 1620 727 1648 Non
751 1619 805 1647 hoc
818 1619 1003 1655 reprehendit,

205 1665 280 1702 quod
293 1665 403 1693 dicant:
422 1676 435 1688 «ι
451 1665 511 1700 Ego
534 1672 596 1692 sum
620 1663 722 1693 Christi
734 1674 740 1692 ε
754 1674 767 1690 ››
784 1663 834 1692 sed
853 1664 927 1701 quod
949 1672 1005 1692 non

205 1717 302 1738 omnes
316 1710 368 1738 hoc
390 1709 490 1738 dicant.
506 1711 566 1738 Imo
587 1717 602 1738 a
618 1709 710 1745 seipso
725 1708 817 1745 potius
831 1709 886 1738 hoc
902 1709 1004 1746 posuit,

206 1755 298 1783 volens
317 1754 354 1783 ita
368 1755 568 1783 accusationem
592 1754 745 1792 graviorem
771 1755 939 1783 constituere
961 1758 1005 1782 at-

206 1807 260 1837 que
279 1799 434 1833 otendere,
458 1799 601 1828 Christum
616 1799 645 1828 in
667 1803 772 1836 partem
792 1807 876 1828 unam
892 1799 999 1834 datum,

206 1845 256 1873 etsi
273 1844 312 1873 illi
332 1844 386 1873 hoc
407 1852 462 1872 non
484 1843 631 1873 faciebant.

238 1891 328 1919 Vitas.
347 1892 390 1917 12.
415 1901 428 1914 α
449 1889 516 1918 Dico
540 1894 634 1918 autem
657 1889 720 1924 hoc,
734 1888 807 1926 quod
828 1889 942 1926 quilibet
961 1896 1005 1917 ve-

204 1939 294 1964 strum
307 1935 360 1963 ait:
377 1936 435 1972 Ego
448 1934 562 1971 quidem
574 1943 636 1963 sum
651 1934 736 1968 Pauli,
753 1941 804 1970 ego
815 1942 879 1962 vero
890 1933 988 1971 Apollo
997 1954 1004 1967 ,

206 1988 255 2016 ego
270 1984 361 2008 autem
374 1979 484 2016 Cephea,
499 1987 549 2017 ego
563 1984 657 2008 autem
672 1979 783 2007 Christi.
798 1990 810 2002 ιι
826 1978 896 2006 Illud
915 1979 1004 2015 ipsum

207 2025 397 2054 contentiones
410 2032 490 2059 voco,
510 2024 584 2061 quod
596 2023 713 2060 quilibet
732 2027 854 2051 vestrum
870 2023 1006 2059 privatum

205 2070 255 2098 sibi
273 2074 467 2107 praeceptorem
491 2070 621 2106 assignat.
640 2069 702 2096 Non
723 2072 816 2096 autem
840 2067 957 2096 Paulum
980 2072 1008 2096 et

206 2115 305 2151 Apollo
322 2119 350 2144 et
363 2115 483 2152 Cepham
504 2114 557 2143 sibi
580 2113 765 2147 ascribebant,
783 2111 830 2141 sed
846 2112 913 2140 alios
935 2120 1004 2149 quos

206 2160 315 2189 silentio
335 2160 467 2197 punierit,
488 2159 540 2187 sub
555 2159 616 2187 istis
627 2158 818 2194 apostolorum
831 2157 1001 2191 nominibus.

1057 1576 1162 1615 μνήσϐη
1178 1578 1225 1606 τοῦ
1245 1575 1341 1605 οἰκείου
1354 1574 1510 1614 προσώπου.

1102 1633 1117 1651 α
1131 1620 1205 1661 Ἐγὼ
1223 1620 1250 1650 δὲ
1265 1621 1391 1661 Χριστοῦ.
1405 1630 1419 1649 »
1441 1620 1482 1650 Οὐ
1494 1621 1571 1650 τοῦτο
1588 1617 1707 1660 ἐγκαλεῖ,
1723 1615 1782 1646 διότι
1796 1614 1828 1644 λέ-

1057 1677 1146 1706 γουσιν
1160 1660 1176 1684 ’ν
1188 1677 1202 1694 (ι
1216 1660 1298 1704 Ἐγὼν
1310 1664 1337 1694 δὲ
1353 1665 1468 1705 Χριστοῦ
1480 1676 1488 1682 υ
1505 1676 1520 1692 ιι
1546 1664 1615 1693 ἀλλὰ
1631 1663 1694 1693 διότι
1712 1663 1737 1691 οὗ
1754 1660 1828 1706 «aint;

1058 1704 1133 1741 τοῦτο
1154 1710 1270 1750 λέγουσι.
1295 1710 1404 1740 Μᾶλλον
1421 1708 1448 1738 δὲ
1468 1708 1514 1738 χαὶ
1535 1710 1582 1750 ἀφ’
1599 1710 1691 1738 ἑαυτοῦ
1706 1708 1777 1737 τοῦτο
1797 1704 1828 1733 τέ’

1059 1759 1128 1786 θεικε
1139 1779 1146 1792 ,
1167 1755 1327 1796 βουλόμενος
1348 1755 1378 1784 τὸ
1394 1754 1517 1794 ἔγκλημα
1539 1754 1683 1794 βαρύτερον
1698 1762 1828 1796 utaentu-

1059 1801 1142 1840 άσαι,
1165 1794 1210 1830 imi
1227 1799 1309 1834 δεῖξαι
1331 1798 1433 1829 καὶτὸν
1455 1798 1574 1839 Χριστὸν
1599 1797 1705 1828 δοθέντα
1725 1797 1756 1829 εἷς
1769 1794 1829 1834 μέρος

1059 1846 1103 1883 ἓν,
1118 1846 1140 1875 εἰ
1151 1845 1196 1876 καὶ
1213 1845 1250 1885 μὴ
1265 1846 1342 1874 τοῦτο
1361 1844 1464 1874 ἐποίουν
1479 1845 1584 1874 ἐκεῖνοι.

1101 1890 1113 1931 [
1126 1902 1141 1920 (ι
1159 1882 1236 1930 Λέγω
1248 1889 1274 1919 δὲ
1287 1891 1379 1928 τοῦτο,
1398 1887 1437 1918 ὅτι
1452 1889 1563 1922 ἕκαστος
1579 1889 1653 1927 ὑμῶν
1667 1887 1733 1925 λέγει
1749 1897 1755 1904 '
1771 1882 1829 1922 Ἐγὼ

1061 1930 1112 1973 μέν
1134 1936 1188 1973 εἰμι
1215 1934 1342 1970 Παύλου,
1360 1933 1412 1974 ἐγὼ
1433 1933 1461 1963 δὲ
1484 1932 1625 1969 Ἀπολλὼ,
1643 1931 1694 1970 ἐγὼ
1714 1930 1739 1960 δὲ
1754 1931 1831 1969 Κηφᾶν

1061 1979 1113 2020 ἐγὼ
1125 1979 1153 2009 δὲ
1168 1980 1299 2019 Χριστοῦ.
1315 1989 1330 2007 1)
1350 1978 1428 2018 Λέγω
1442 1978 1470 2007 δὲ
1484 1978 1571 2018 ἔριδας
1587 1980 1674 2014 τοῦτο,
1689 1976 1727 2005 δτι
1741 1975 1830 2020 ἕκαστος

1060 2016 1135 2063 ὑμῶν
1158 2016 1222 2054 ἴδιον
1250 2016 1404 2064 ἐπιφημίζει
1433 2016 1592 2052 διδάσκαλον
1618 2023 1713 2063 ἑαυτῷ.
1739 2020 1776 2064 Oti
1798 2016 1831 2046 τὸν

1063 2071 1169 2100 Παῦλον
1185 2068 1212 2099 δὲ
1227 2068 1274 2098 καὶ
1295 2063 1340 2098 τὸν
1355 2067 1475 2098 Ἀπολλὼ
1490 2067 1536 2097 καὶ
1555 2066 1600 2097 τὸν
1623 2068 1718 2108 Κηφᾶν
1734 2063 1831 2108 ἐπέγρα-

1058 2126 1104 2155 φον
1125 2115 1240 2151 ἑαυτοῖς,
1261 2114 1321 2143 ἀλλ’
1337 2112 1439 2153 ἑτέρους
1463 2112 1504 2146 οὓς
1519 2106 1707 2148 ἀπεσιώπησε,
1730 2106 1832 2155 καθάπιρ

1059 2159 1111 2189 τισὶ
1129 2158 1322 2200 προσωπείοις,
1336 2162 1391 2192 τοῖς
1410 2156 1523 2196 ὀνόμασι
1544 2156 1648 2191 τούτοις
1669 2157 1718 2185 τῶν
1733 2150 1831 2200 inoffi-

207 2207 288 2236 veluti
309 2196 433 2245 personis
447 2205 620 2244 quibusdam,
646 2205 720 2241 ipsos
740 2205 875 2240 ocultans,
898 2212 962 2234 cum
977 2209 1004 2233 ut

1065 2206 1114 2234 λων
1140 2196 1315 2244 ὅποκρύπτων
1341 2201 1452 2242 αὐτοὺς,
1475 2201 1518 2231 ἵνα
1539 2214 1568 2232 τε
1591 2196 1833 2245 ἀνεχθέστερονγρσι

204 2260 362 2281 sermonem
380 2259 463 2280 suum
481 2251 572 2280 minus
596 2251 744 2279 molestum
758 2249 865 2287 reddat,
890 2255 949 2279 tum
973 2254 1004 2279 ut

206 2297 302 2326 doceat
317 2296 393 2333 quod
407 2297 429 2325 si
450 2304 511 2324 vere
525 2295 663 2332 apostolos
681 2299 708 2324 et
724 2296 850 2324 doctores
868 2295 919 2324 sibi
934 2296 1007 2324 asci-

206 2349 280 2371 scere
293 2349 352 2370 non
366 2341 470 2375 liceret,
491 2341 580 2370 multo
594 2341 686 2370 minus
699 2341 770 2370 illos.
781 2341 899 2370 Nomina
914 2345 1008 2369 autem

207 2387 332 2423 ipsorum
352 2394 402 2424 per
423 2386 537 2416 auxesin
555 2386 678 2423 protulit,
693 2386 793 2423 Apollo
812 2386 924 2423 quidem
945 2386 1005 2420 sibi,

207 2431 329 2468 Cepham
341 2439 405 2460 vero
427 2431 526 2468 Apollo
539 2430 696 2468 pmfemns.
716 2431 802 2468 Atqui
813 2431 881 2460 alios
894 2431 1006 2468 quidem

207 2476 337 2511 aliorum,
352 2476 420 2506 alios
437 2485 503 2506 vero
527 2477 628 2506 Christi
644 2477 757 2505 nomine
775 2476 863 2504 dictos
885 2476 937 2504 rite
965 2475 1006 2503 in-

207 2525 309 2558 crepat.
331 2522 402 2559 Quid
415 2522 451 2550 ita
464 2525 476 2551 P
491 2523 551 2551 Hos
564 2521 677 2559 quidem
698 2529 754 2550 non
768 2521 943 2558 perstringit;
960 2520 1008 2550 sed

207 2570 300 2596 tamen
321 2570 349 2597 et
367 2567 442 2604 ipsos
455 2567 557 2604 posuit,
570 2567 653 2596 veluti
672 2566 835 2604 particulam
854 2569 882 2596 et
900 2566 1007 2603 portio-

209 2620 274 2642 nem
303 2612 412 2643 Christo
426 2612 562 2642 relictam.

244 2706 333 2735 νεεδ.
359 2708 401 2734 13.
426 2717 438 2730 α
468 2705 578 2734 Divisus
599 2709 642 2734 est
656 2703 803 2734 Christus?
829 2703 1006 2734 Dissecuistis

1060 2241 1308 2289 ἀνεπαχθέστιρον]
1323 2248 1367 2278 τὸν
1381 2247 1458 2288 λόγον
1481 2246 1598 2288 ποιήσῃ,
1614 2241 1660 2276 καὶ
1683 2245 1724 2275 ἵνα
1745 2241 1834 2289 διδάξῃ,

1061 2294 1102 2324 ὅτι
1117 2286 1219 2327 eisab;
1243 2286 1348 2330 ιίληδῶς
1365 2286 1528 2326 ἀποστόλους
1549 2286 1596 2322 καὶ
1620 2290 1786 2321 διδασκάλους
1798 2286 1834 2316 οὐκ

1062 2339 1143 2380 ἐχρῆν
1162 2337 1329 2380 ἐπιφημίζειν
1352 2339 1476 2374 ἑαυτοῖς,
1501 2338 1593 2378 πολλῷ
1609 2337 1709 2376 μᾶλλον
1731 2332 1834 2380 (uim-(-

1063 2374 1142 2414 1ζέτᾶ
1164 2374 1272 2418 αὔξησιν
1297 2382 1323 2412 δὲ
1339 2383 1475 2423 προήγαγε
1492 2381 1527 2411 τὰ
1547 2374 1663 2421 ὀνόματα
1673 2403 1682 2418 ,
1698 2379 1784 2410 ἑαυτοῦ
1797 2374 1835 2415 μὶν

1061 2429 1106 2458 τὸν
1122 2428 1242 2459 Ἀπολλὼ
1261 2427 1384 2468 προθεὶς,
1406 2431 1453 2457 τοῦ
1482 2426 1601 2457 Ἀπολλὼ
1627 2425 1654 2456 δὲ
1678 2425 1719 2455 τὸν
1745 2424 1834 2468 Κηφᾶν-

1062 2473 1144 2505 Ἀλλὰ
1168 2477 1222 2508 τοῖς
1249 2466 1296 2512 μὲν
1324 2473 1377 2502 ἀπὸ
1398 2474 1450 2503 τῶν
1475 2472 1564 2503 ἄλλων
1584 2466 1835 2512 προσαγορευομένοξ(

1063 2520 1151 2554 καλῶς
1175 2509 1300 2559 ἐπιτιμᾷ,
1327 2522 1380 2553 τοῖς
1407 2518 1435 2548 δὲ
1462 2517 1516 2548 ἀπὸ
1538 2521 1584 2548 τοῦ
1598 2509 1729 2558 Χριστοῧ,
1743 2512 1783 2544 διὰ
1802 2509 1836 2559 τίξ

1063 2552 1174 2598 Τούτοις
1196 2552 1252 2603 μὲν.
1328 2565 1375 2609 οὖδι
1398 2564 1528 2604 ἐπιτιμᾷ,
1549 2552 1647 2609 τέθειέε
1675 2560 1781 2609 δὲῃ-δέοις
1801 2552 1835 2609 ιιξῖ

1060 2608 1154 2644 αὐτοὺς
1167 2632 1176 2649 ,
1191 2609 1226 2643 ὥς
1242 2608 1320 2649 μέρος
1335 2608 1381 2639 χαὶ
1398 2610 1493 2648 τμῆμα
1509 2607 1663 2647 ὑπολειφθὲν
1679 2607 1716 2647 τῷ
1730 2605 1833 2644 Χριστῷ-

1063 2655 1135 2686 Cod.
1153 2653 1316 2694 Arundel.]

1103 2713 1115 2726 ιι
1142 2688 1316 2740 Μεμίρισταί
1335 2700 1349 2729 ὅ
1377 2698 1508 2740 Χριστός;
1536 2708 1551 2727 n
1573 2695 1738 2735 Κατετέμετε
1758 2691 1781 2711 ⁸⁰
1801 2688 1836 2718 τὸν

912 2781 1009 2811 Variae
1029 2780 1179 2811 lectiones.

249 2831 259 2848 τ’
275 2831 374 2863 ἑαυτοὺς
389 2839 426 2860 m.
466 2831 487 2848 ¹⁰
501 2832 665 2868 κατατέμνετε
678 2839 717 2858 m.
