1881 3081
217 169 269 196 575

725 169 983 197 THEOPHYLACTI
1003 169 1182 198 BULGARIE
1201 169 1360 197 ARCHIEP.
1801 170 1836 197 576

250 231 340 259 Vens.
369 233 411 259 15.
444 241 458 257 α
472 231 511 259 Ne
526 231 586 267 quis
600 231 685 266 dicat,
700 231 773 268 quod
787 231 813 260 in
827 240 890 260 meo
900 232 1013 262 nomine

1111 234 1122 273 [
1135 247 1145 258 ι
1161 231 1223 262 Ἵνα
1247 231 1285 270 μή
1307 244 1346 266 τις
1367 231 1429 271 εἴπῃ
1443 254 1450 266 ,
1466 231 1508 261 ὅτι
1522 232 1560 266 είς
1573 231 1603 261 τὸ
1622 230 1687 269 ἐμὸν
1706 230 1782 267 ὄνομα
1795 231 1837 261 ἐϐέ-

215 275 419 311 baptizaverim.
440 286 453 299 ι
478 276 519 303 Ne
531 275 604 311 quis,
624 275 720 304 multis
734 284 750 304 a
761 283 806 304 me
817 276 971 313 baptizatis,
986 281 1016 305 et

215 320 245 348 in
265 324 370 348 emtum
392 327 524 356 magnum
549 319 775 355 coalescentibus,
790 321 862 349 dicat
884 330 928 350 me
953 322 1016 350 illos

220 365 249 393 in
266 372 332 393 meo
359 365 473 393 nomine
491 364 654 401 baptizasse,
676 373 732 402 quo
755 365 822 394 illud
840 366 905 402 ipsis
935 367 1016 395 attri-

218 410 358 443 bueretur,
372 413 454 446 atque
475 409 512 438 illi
537 418 553 438 a
575 417 620 438 me
633 410 755 439 Pauliani
781 415 1016 446 nuncuparentur.

221 454 286 483 lllos
311 458 404 483 autem
432 458 525 491 aperte
552 454 719 490 insectatur,
742 456 789 492 qui
811 455 883 484 hanc
905 456 941 484 ob
957 464 1016 484 rem

221 499 323 527 multos
342 499 530 536 baptizabant.
545 500 593 528 Vel
613 500 696 528 etiam
715 500 794 529 aliter
810 509 817 528 :
838 502 889 535 Ne,
910 501 934 529 si
950 501 1016 529 mihi

221 543 440 573 adhzereseerent
455 564 463 579 ,
474 548 501 573 et
511 552 572 573 meo
585 545 700 573 nomine
726 550 892 574 vocarentur
906 548 1016 582 (quem-

219 589 371 618 admodum
394 589 473 618 multi
495 589 529 618 ab
543 590 576 618 iis
599 590 645 626 qui
660 590 736 626 ipsos
763 590 947 626 baptizarunt,
969 599 1016 627 ap-

221 634 389 671 pellantur),
403 634 476 662 dicat
493 634 601 671 aliquis,
625 635 699 671 quod
715 635 743 663 in
758 643 821 664 meo
845 636 957 664 nomine
970 635 1016 663 ba-

222 679 389 715 ptizaverim.
403 679 520 716 ideoque
531 679 599 708 mihi
614 680 808 716 astipulantur.

258 735 271 749 ι
283 724 320 752 lis
330 728 422 752 autem
431 724 478 760 qui
492 724 558 753 salvi
574 725 642 753 fiunt
654 745 662 758 ,
687 725 715 753 id
730 729 781 758 est.
794 724 885 759 nobis,
897 725 1019 761 potentia

222 768 275 797 Dei
287 772 337 797 est.
353 780 366 793 α
381 768 467 797 Nobis
477 788 486 802 ,
500 769 601 805 inquit,
615 769 642 798 id
652 773 708 803 est.
723 781 736 794 ι
749 769 887 803 ﬁdelibus,
904 770 950 805 qui
965 778 1020 798 non

223 813 354 850 perimus,
368 813 417 842 sed
442 821 594 848 servamur,
614 822 682 842 crux
697 815 849 850 potentiam
864 815 914 842 Dei
925 818 1020 843 osten-

222 858 273 887 dit.
290 858 395 886 Divinte
409 858 484 886 enim
500 858 630 894 potentia:
639 859 748 896 signum
766 863 808 888 est
817 880 825 894 ,
851 859 925 895 quod
937 859 960 887 is
973 859 1021 895 qui

1069 289 1164 309 πτισα.
1179 289 1193 307 u
1221 275 1282 307 Ἵνα
1307 277 1345 316 μὴ
1361 277 1466 307 πολλῶν
1492 276 1693 316 βαπτισθέντων
1716 278 1759 306 ὑπ’
1777 277 1836 315 ἐμοῦ,

1069 323 1114 353 καὶ
1140 326 1264 359 σύστημα
1281 322 1350 360 μέγα
1367 321 1569 360 ποιησαμένων,
1584 321 1647 360 εἴπῃ
1668 332 1706 354 τις
1721 320 1759 350 ὅτι
1775 320 1810 350 διὰ
1820 321 1838 350 τὸ

1070 368 1133 407 ἐμὸν
1149 367 1233 406 ὄνομα
1252 366 1385 396 ἐϐάπτισα
1401 366 1510 402 αὐτοὺς,
1527 366 1570 395 ἵνα
1594 366 1785 407 ἐπιφημίζηται
1796 366 1838 395 τού-

1070 425 1136 450 τοις,
1151 413 1197 442 καὶ
1218 411 1266 441 ἀπ’
1282 413 1346 451 ἐμοῦ
1368 413 1503 442 καλῶνται
1528 410 1692 442 Παυλιανοί.
1717 410 1838 452 Ἐμγαντι-

1071 459 1124 491 κῶς
1135 457 1162 487 δὲ
1178 457 1281 497 διέσυρε
1300 457 1359 490 τοὺς
1373 456 1418 486 διὰ
1442 459 1519 486 τοῦτο
1542 456 1658 490 πολλοὺς
1678 455 1834 495 βαπτίζοντες.

1071 502 1110 533 Ὶὶ
1125 503 1171 532 καὶ
1194 502 1281 535 ἄλλως
1294 514 1300 521 ·
1314 500 1373 532 Ἵνα
1395 501 1433 540 μὴ
1455 501 1655 542 προσκειμένων
1681 512 1742 538 μοι,
1758 501 1838 529 milii

1072 549 1136 587 ἐμοῦ
1165 546 1334 585 χαλωμένων
1363 547 1372 587 (
1393 545 1484 586 ὥσπερ
1517 546 1570 576 ἀπὸ
1599 548 1653 576 τῶν
1682 545 1838 585 βαπτισάντων

1072 592 1164 626 αὐτοὺς
1177 592 1297 631 πολλοὶ),
1310 591 1372 632 εἴπῃ
1388 603 1428 625 τις
1441 591 1481 621 ὅτι
1498 592 1534 624 εἰς
1554 590 1585 620 τὸ
1609 590 1674 630 ἐμὸν
1698 589 1775 628 ὄνομα
1793 589 1838 620 ἐϐά-

1072 649 1156 667 πτισα
1168 636 1262 670 αὐτοὺς
1271 660 1279 674 ,
1292 637 1338 666 καὶ
1354 636 1397 666 διὰ
1413 636 1490 666 τοῦτό
1504 647 1550 675 μοι
1564 635 1747 676 πρόσκεινται.

1116 740 1131 756 α
1147 728 1210 762 Τοῖς
1235 728 1263 757 δὲ
1285 727 1442 767 σωζομένοις
1456 730 1521 766 ἡμῖν
1544 725 1659 766 δύναμις
1672 727 1743 757 Θεοῦ
1757 726 1821 756 ἔστιν.
1833 738 1840 749 ι

1074 773 1158 812 εΗμῗν
1167 796 1175 810 ,
1191 773 1270 814 φησὶ,
1287 773 1340 807 τοῖς
1352 773 1454 806 πιστοῖς
1466 795 1474 810 ,
1490 776 1544 806 τοῖς
1555 771 1592 811 μὴ
1605 770 1779 806 ἀπολωλόσιν,
1791 770 1840 799 im

1075 818 1248 857 σωζομένοις,
1281 817 1392 856 δύναμιν
1432 819 1504 848 Θεοῦ
1542 816 1670 857 ἐμφαίνει
1697 818 1712 845 ὁ

1076 864 1220 902 Δυνάμεως
1247 862 1298 903 γὰρ
1324 863 1412 902 θείας,
1439 862 1469 892 τὸ
1490 861 1534 891 τὸν
1560 863 1588 891 εν
1617 862 1712 895 δεινοῖς
1729 860 1841 899 γενόμενον

223 911 268 932 res
276 903 404 931 adversas
418 903 528 938 patitur,
544 903 584 931 eis
597 904 724 940 superior
743 903 851 932 evadat.
869 906 910 932 Ac
923 912 1020 940 quem-

1080 908 1199 948 ἰνωτέρω
1213 909 1265 937 τῶν
1281 908 1372 938 δεινῶν
1387 907 1519 947 γενέσθαι.
1546 907 1601 937 Καὶ
1618 906 1739 946 καθάπερ
1755 904 1793 935 ἐπὶ
1803 905 1841 933 τῖεν

222 947 373 976 admodum
406 948 434 976 in
460 948 549 976 tribus
580 948 672 984 pueris
710 948 798 985 magis
828 948 1021 977 admirandum

222 997 289 1028 erat,
309 993 384 1028 quod
399 1001 464 1021 cum
484 992 662 1021 infornaeem
682 994 855 1026 incidissent.
869 1002 926 1022 non
948 1002 1024 1022 com-

223 1037 296 1067 busti
311 1041 402 1072 erant,
415 1045 499 1074 quam
514 1038 536 1066 si
549 1038 578 1065 in
598 1039 740 1067 caminum
757 1047 814 1066 non
836 1038 998 1067 incidissent
1014 1048 1020 1067 :

223 1087 310 1118 atque
322 1082 363 1110 uti
375 1083 403 1110 in
428 1083 498 1110 Jona
523 1083 613 1119 majus
634 1088 692 1111 erat
717 1083 792 1119 quod
814 1091 830 1110 ιι
850 1087 912 1111 ceto
930 1083 1022 1111 absor-

224 1131 286 1163 ptus
311 1135 368 1155 non
395 1131 614 1162 οοηδιιιιιοιιειιιτ,
644 1135 727 1164 quam
753 1127 849 1156 sinon
876 1128 1022 1163 absorptus

224 1171 322 1201 fuisset
344 1172 402 1200 :ita
426 1180 536 1208 quoque
550 1172 579 1200 in
598 1172 707 1201 Christo
730 1173 810 1209 longe
825 1172 1022 1201 admirabilius

223 1221 293 1251 erat,
312 1220 342 1245 ut
363 1217 386 1245 is
414 1217 558 1245 moriendo
577 1222 699 1246 mortem
733 1217 865 1251 vinceret,
892 1225 977 1254 quam
997 1217 1020 1246 si

224 1262 339 1291 omnino
352 1270 409 1290 non
429 1265 597 1291 moreretur.

258 1308 349 1336 Vens.
369 1310 410 1336 l6.
429 1318 442 1331 ι
463 1307 603 1343 Baptizavi
629 1311 723 1336 autem
750 1311 778 1336 et
805 1307 951 1343 Stephana:
973 1306 1024 1335 do-

223 1360 313 1381 mum.
334 1364 346 1377 -
358 1353 464 1381 Omnes
483 1352 618 1380 nimirum
631 1352 658 1380 in
671 1352 757 1381 domo
771 1352 831 1388 ejus
847 1352 1022 1380 exsistentes.

223 1399 342 1433 Magnus
365 1397 440 1426 enim
458 1396 503 1425 hic
519 1397 572 1425 fuit
593 1396 728 1430 Corinthi,
744 1404 853 1425 necnon
877 1396 1021 1424 celeberri-

223 1450 296 1470 mus.

258 1499 271 1512 α
285 1489 424 1516 Caeterum
435 1487 528 1515 nescio
542 1485 565 1515 si
580 1493 663 1522 quem
683 1486 766 1514 alium
779 1485 987 1522 baptizaverim.
1010 1497 1022 1510 ι

229 1531 322 1567 Adeo,
339 1531 438 1568 inquit,
468 1539 525 1559 non
550 1538 613 1559 sum
639 1530 770 1559 sollicitus
783 1530 855 1558 circa
876 1530 1023 1566 baptisma,

1076 955 1155 994 τριῶν
1171 953 1274 982 παίδων
1287 976 1295 991 ,
1316 956 1363 982 τοῦ
1379 952 1416 991 μὴ
1436 953 1561 991 ἐμπεσεῖν
1581 953 1620 984 εἷς
1640 951 1688 986 τὴν
1704 948 1841 994 κάμινονμιξ

1077 992 1240 1036 ἐμπεσόντας
1258 997 1296 1036 μὴ
1320 999 1449 1033 καυθῆναι
1477 995 1697 1035 θαυμασιώτερον
1721 1007 1728 1014 ·
1751 995 1791 1024 καὶ
1813 992 1842 1022 ἐπὶ

1076 1046 1121 1073 τοῦ
1134 1044 1214 1073 Ἰωνᾶ
1224 1066 1232 1080 ,
1247 1045 1292 1072 τοῦ
1308 1041 1345 1081 μὴ
1370 1044 1554 1078 καταποθῆναι
1576 1040 1630 1071 ὑπὸ
1646 1043 1693 1070 τοῦ
1705 1039 1807 1075 κήτους,
1823 1039 1842 1066 τὸ

1077 1087 1120 1117 τὸν
1143 1087 1326 1118 καταποθέντα
1351 1087 1388 1126 μὴ
1411 1087 1598 1122 ἀναλωθῆναι,
1615 1087 1706 1124 μεῖζον
1718 1097 1724 1104 ·
1743 1083 1801 1114 οὕτω
1812 1081 1842 1111 καὶ

1078 1133 1121 1162 ἐπὶ
1136 1135 1182 1163 τοῦ
1198 1134 1333 1172 Χριστοῦ,
1349 1134 1394 1162 τοῦ
1411 1132 1449 1171 μὴ
1470 1133 1610 1161 ἀποθανεῖν
1624 1154 1633 1168 ,
1651 1130 1681 1160 τὸ
1706 1127 1842 1160 ἀποθανόντι

1077 1181 1184 1215 νικῆσαι
1208 1178 1252 1207 τὸν
1273 1177 1405 1213 θάνατον,
1426 1178 1520 1217 πολλῷ
1541 1176 1626 1212 δήπου
1652 1173 1842 1216 παραδοξότερον.

1080 1224 1152 1254 Cod.
1169 1222 1312 1254 Arundel.
1325 1223 1333 1261 ]

1117 1281 1130 1294 σ
1147 1267 1300 1298 Ἐϐάπτισα
1316 1266 1343 1296 δὲ
1358 1266 1403 1296 καὶ
1417 1267 1461 1295 τὸν
1484 1266 1608 1306 Στεφανᾶ
1632 1261 1715 1296 οἷκον.
1731 1262 1816 1306 »χΤοὺξ
1827 1262 1844 1290 ἓν

1078 1313 1115 1352 τῷ
1131 1312 1196 1353 οῐκψ
1210 1313 1290 1342 αὐτοῦ
1312 1311 1411 1345 πάντας
1431 1302 1563 1347 δηλονότι,
1581 1311 1676 1351 Μέγας
1698 1310 1725 1340 δὲ
1745 1305 1774 1345 ἧν
1791 1302 1844 1338 οὗτος

1078 1359 1103 1387 ἐν
1122 1357 1256 1398 Κορίνθῳ,
1273 1356 1318 1387 καὶ
1333 1356 1537 1395 ἐπισημότατος.

1123 1494 1138 1512 ει
1155 1482 1253 1513 Λοιπὸν
1266 1483 1313 1512 οὖιι
1325 1477 1383 1512 οἶδα
1398 1481 1422 1511 εἴ
1446 1493 1504 1511 τινα
1521 1481 1602 1511 ἄλλον
1618 1481 1759 1511 ἐϐάπτισα.
1778 1490 1790 1508 η
1808 1478 1844 1507 To-

1079 1531 1187 1564 σοῦτον,
1204 1527 1299 1568 φησὶν,
1321 1529 1369 1557 οὐχ
1385 1527 1441 1556 ἔστι
1457 1538 1502 1565 μοι
1521 1526 1749 1567 περισπούδαστον
1769 1524 1795 1554 τὸ
1807 1524 1844 1568 ﬁs-

223 1581 254 1605 ut
262 1585 298 1605 ne
314 1567 493 1604 meminerim
508 1575 622 1611 quidem
636 1583 704 1603 num
715 1575 801 1603 alium
815 1575 1016 1611 baptizaverim.

1080 1574 1193 1610 κτίζειν,
1211 1567 1288 1602 νῶστε
1316 1572 1374 1602 οὐδὲ
1401 1572 1540 1610 μέμνημαι
1571 1572 1595 1601 εἶ
1617 1583 1678 1601 τινα
1707 1570 1780 1600 ἄλλον
1802 1567 1846 1596 ἐϐά-

225 1621 281 1649 Cur
293 1629 358 1657 ergo
369 1629 419 1648 vos
435 1620 505 1648 hanc
522 1620 558 1648 ob
575 1628 634 1648 rem
649 1618 800 1648 efferimini
813 1621 824 1647 Ρ

259 1667 351 1694 Vitas.
367 1668 409 1693 l1.
427 1674 442 1692 α
464 1666 526 1693 Non
552 1664 625 1693 enim
645 1665 720 1693 misit
738 1673 784 1692 me
796 1664 920 1693 Christus
934 1664 1022 1700 bapti-

226 1717 300 1744 zare,
327 1709 375 1738 sed
406 1709 602 1746 evangelizare.
629 1721 642 1734 ιι
666 1711 735 1737 Nam
761 1709 925 1738 laboriosius
945 1714 1020 1744 erat,

224 1759 306 1790 atque
326 1754 419 1782 animo
432 1753 520 1782 ferreo
546 1754 628 1791 plane
644 1754 750 1791 egebat,
778 1754 956 1791 Evangelium
971 1763 1022 1782 an-

224 1800 361 1828 nuntiare.
378 1799 507 1828 Hominis
520 1799 595 1828 enim
608 1799 776 1828 sententiam
801 1804 920 1834 mutare,
940 1803 1023 1836 atque

223 1852 240 1872 a
254 1845 374 1881 paternis
392 1843 583 1873 traditionibus
610 1844 758 1879 adducere,
782 1844 865 1881 idque
884 1844 912 1872 in
926 1844 1024 1873 mediis

225 1889 363 1926 periculis,
384 1889 478 1926 magni
502 1889 585 1918 animi
599 1893 628 1918 et
650 1889 755 1918 strenui
778 1897 847 1926 opus
862 1893 913 1918 est.
937 1892 1022 1918 Assu-

225 1943 309 1969 mere
323 1939 418 1964 autem
437 1942 602 1971 persuasum
626 1939 655 1962 et
673 1934 707 1963 ad
726 1934 861 1970 baptisma
884 1938 1022 1970 paratum,

223 1987 346 2016 eumque
376 1980 531 2015 baptizare,
568 1979 716 2015 cujuslibet
741 1978 825 2007 fuerit
838 1978 1022 2008 sacerdotium

223 2025 361 2052 habentis.
376 2024 457 2060 Quod
469 2024 493 2051 si
506 2023 541 2051 ad
557 2022 750 2059 baptizandum
762 2031 819 2051 non
838 2028 898 2051 erat
908 2025 1020 2055 missus.

222 2068 363 2105 quomodo
389 2068 503 2096 omnino
520 2067 679 2103 baptizavit?
694 2067 738 2095 Ad
753 2067 805 2095 hoc
826 2067 938 2104 quidem
954 2076 1024 2104 prm-

223 2113 302 2149 cipue
319 2120 377 2140 non
383 2112 543 2140 mittebatur
563 2122 570 2140 :
585 2117 776 2140 verumtamen
787 2120 845 2140 non
857 2112 1021 2148 prohibeba-

224 2161 269 2186 tur
296 2158 446 2194 quominus
470 2156 545 2185 istud
566 2156 676 2185 faceret.
700 2156 745 2185 Ad
760 2156 827 2185 illud
850 2157 924 2186 enim
949 2157 1022 2193 quod

224 2203 314 2239 majus
329 2206 388 2230 erat
414 2202 587 2236 mittebatur,
608 2206 637 2230 et
649 2205 743 2230 tamen
755 2209 811 2230 non
825 2206 883 2230 erat
901 2201 926 2230 ei
948 2202 1021 2230 inhi—
1038 2210 1064 2242 ι)

223 2247 322 2283 bitum,
344 2255 379 2276 ne
393 2246 420 2275 id
429 2246 510 2283 quod
525 2246 618 2275 minus
630 2250 713 2281 esset,
731 2246 843 2276 efﬁciat.

262 2293 345 2328 126
365 2303 378 2317 ι
398 2293 461 2320 Non
478 2291 506 2320 in
517 2291 651 2328 sapientia
671 2291 756 2326 verbi,
779 2296 810 2320 ut
822 2300 879 2320 non
901 2299 1020 2320 evacue—

223 2341 269 2366 tur
285 2345 353 2366 crux
368 2336 481 2365 Christi.
500 2348 513 2361 ι
532 2336 646 2365 Sublato
664 2344 761 2365 eorum
776 2336 849 2365 fastu
871 2337 917 2373 qui
931 2337 1021 2373 bapti-

223 2382 319 2411 smatis
337 2381 451 2410 nomine
457 2381 554 2410 cristas
568 2386 720 2416 erexerant.
735 2381 769 2411 ad
786 2390 834 2411 eos
845 2390 918 2410 nunc
931 2386 1022 2410 trans-

223 2427 254 2461 it,
279 2426 325 2463 qui
348 2430 460 2455 externa
483 2427 614 2463 sapientia
636 2425 832 2461 efferebantur,
860 2427 989 2463 inquiens
1013 2435 1020 2455 :

221 2471 297 2500 Misit
309 2479 352 2500 me
364 2471 541 2508 Evangelium
561 2471 723 2508 praedicare,
736 2484 748 2497 ι
769 2479 826 2500 non
839 2471 868 2499 in
885 2472 1021 2508 sapientia

220 2516 307 2552 verbi,
328 2528 341 2541 ι
360 2516 413 2545 hoc
430 2521 482 2552 est,
496 2517 527 2545 in
547 2517 714 2554 eloquentia,
743 2516 935 2553 sermonisque
956 2524 1020 2545 cum

219 2562 367 2598 elegantia,
399 2565 459 2590 tum
490 2565 647 2596 venustate;
675 2570 710 2590 ne
730 2569 831 2590 noxam
853 2561 971 2597 patiatur
994 2566 1022 2590 et

221 2607 447 2636 imminutionem
461 2615 540 2642 crux,
555 2607 613 2636 sive
631 2606 667 2635 de
676 2615 757 2635 cruce
774 2606 944 2642 praedicatio.
961 2608 1022 2636 Hoc

221 2654 296 2681 enim
308 2656 351 2681 est
364 2651 440 2689 quod
449 2651 492 2680 ait
503 2662 512 2680 :
525 2660 540 2679 ιι
552 2656 711 2687 evacuetur,
726 2663 740 2677 ν
762 2651 790 2681 id
801 2655 855 2687 est,
880 2651 987 2680 inutilis
998 2657 1024 2680 et

219 2697 309 2726 inanis
321 2697 485 2726 inveniatur.
509 2697 537 2726 Si
558 2697 633 2726 enim
651 2698 680 2726 in
700 2697 837 2734 sapientia
861 2697 1019 2734 verbiapo-

217 2742 280 2772 stoli
293 2742 499 2780 pradicassent,
517 2742 673 2780 potuissent
685 2742 799 2780 quidam
824 2741 927 2777 dicere,
947 2741 1023 2779 quod

1077 1630 1160 1648 πτισα
1176 1629 1182 1637 ·
1196 1619 1251 1652 πῶς
1267 1613 1311 1647 οἶν
1330 1619 1405 1656 ὑμεῖς
1420 1617 1465 1647 ἐπὶ
1477 1617 1562 1656 τούτῳ
1575 1617 1698 1656 αἴρεσθε,

1121 1675 1137 1693 ιι
1158 1664 1198 1693 Οὔ
1215 1662 1266 1702 γὰρ
1289 1661 1428 1692 ἀπέστειλέ
1448 1673 1481 1700 με
1503 1661 1617 1701 Χριστὸς
1644 1659 1789 1701 βαπτίζειν,
1803 1656 1845 1686 ἀλλ’

1078 1707 1302 1748 εὐαγγελίζεσθαι.
1321 1721 1332 1733 ι
1355 1707 1394 1737 Τὸ
1418 1706 1470 1746 γὰρ
1496 1706 1706 1748 ἐπιπονώτερον,
1728 1702 1846 1748 καὶψυχῇ

1078 1745 1187 1793 σιδῆρᾶς
1211 1752 1349 1790 δεόμενον,
1377 1752 1407 1782 τὸ
1425 1745 1652 1789 εὐαγγελίζεσθαι
1676 1747 1720 1787 ἧν.
1754 1748 1791 1779 Τὸ
1810 1745 1845 1785 γὰρ

1078 1798 1238 1837 μεταπεῖσαι
1273 1798 1427 1836 ἄνθρωπον,
1460 1796 1506 1825 καὶ
1538 1798 1708 1834 μεταστῆσαι
1732 1795 1780 1824 τῶν
1809 1802 1846 1818 κε’

1077 1843 1168 1884 τρῴων
1205 1842 1360 1880 δογμάτων,
1384 1841 1430 1871 καὶ
1455 1844 1540 1871 ταῦτα
1573 1842 1599 1871 ἐν
1629 1841 1706 1881 μέσῳ
1729 1837 1846 1884 κινδύνοιν,

1078 1880 1196 1934 μεγάλης
1228 1889 1315 1928 ψυχῆς
1343 1886 1389 1934 καὶ
1418 1886 1550 1927 γενναίας.
1583 1886 1624 1934 Ti)
1652 1880 1845 1934 δὲᾸπαραλαὸιξν

1077 1933 1181 1972 ἕτοιμον
1206 1933 1252 1962 καὶ
1289 1931 1433 1971 βαπτίσαι,
1471 1932 1569 1965 πάντος
1604 1930 1636 1960 ἂν
1674 1930 1714 1967 εἴη
1743 1930 1783 1958 τοῦ
1812 1930 1847 1958 τήν

1077 1978 1223 2018 ἱερωσύνην
1239 1976 1354 2017 ἔχοντος.
1378 1977 1431 2007 Καὶ
1458 1977 1480 2006 εἰ
1495 1978 1543 2006 οὐχ
1563 1975 1704 2011 ἀπεστάλη
1720 1971 1845 2018 βαπτίζεξνι

1077 2016 1134 2057 πῶς
1157 2022 1224 2056 ὅλως
1243 2016 1401 2058 ἐϐάπτισενς
1425 2023 1484 2052 Οὐκ
1502 2021 1643 2056 ἀπεστάλη
1670 2020 1716 2058 μὲν
1736 2019 1770 2050 εἷς
1788 2016 1846 2044 τοῦτο

1078 2066 1281 2108 προηγουμένως
1311 2079 1317 2085 ·
1350 2066 1420 2102 πλὴν
1460 2066 1517 2095 ἀλλ’
1554 2066 1602 2095 οὐχ
1644 2064 1758 2098 ἐκωλύθη

1078 2105 1172 2143 ποιεῖν.
1194 2113 1239 2146 Εἰς
1259 2111 1308 2150 μὲν
1318 2111 1370 2151 γὰρ
1384 2111 1414 2141 τὸ
1437 2113 1524 2150 μεῖζον
1541 2109 1699 2147 ἀπεστάλη,
1714 2105 1797 2138 ἀπὸδὲ
1809 2105 1845 2132 τοῧ

1079 2157 1124 2187 καὶ
1138 2158 1168 2187 τὸ
1188 2158 1299 2187 ἔλαττον
1314 2156 1427 2196 ἐνεργεῖν
1443 2157 1491 2186 οὐκ
1505 2155 1636 2192 ἐκωλύθη.

1121 2298 1136 2317 α
1150 2288 1210 2318 Οὔκ
1232 2288 1259 2317 ἐν
1281 2287 1359 2328 σοφίᾳ
1376 2286 1471 2325 λόγου,
1488 2286 1531 2316 ἵνα
1551 2285 1589 2325 μὴ
1612 2286 1712 2325 κενωθῇ
1726 2285 1738 2312 ὁ

1076 2335 1121 2362 τοῦ
1151 2333 1278 2372 Χριστοῦ.
1295 2324 1325 2361 η’
1343 2324 1469 2362 Καθελὼν
1497 2331 1545 2367 τὴν
1573 2330 1655 2370 ὀφρὺν
1683 2330 1740 2375 τῶν
1760 2324 1798 2375 ἔχει

1078 2377 1214 2417 βαπτίζειν
1235 2377 1304 2415 μέγα
1325 2376 1488 2416 φρονούντων
1499 2398 1508 2412 ,
1532 2375 1702 2413 μεταϐαίνειν
1720 2373 1742 2392 ⁸³
1753 2373 1794 2417 νῦν
1812 2373 1845 2397 ιιι

1075 2416 1121 2452 ἐπὶ
1145 2421 1205 2455 τοὺς
1272 2421 1365 2455 ἔξωθεν
1389 2420 1468 2462 σοφίᾳ
1492 2420 1696 2460 ἐπαιρομένους,
1713 2416 1757 2465 καί
1770 2423 1846 2465 φησιξν

1075 2466 1115 2496 ὅτι
1141 2465 1292 2497 Ἀπέστειλέ
1317 2477 1351 2504 με
1373 2465 1601 2505 εὐαγγελίζεσθαι,
1634 2476 1649 2494 (ι
1671 2465 1717 2494 οὐκ
1739 2463 1845 2505 EVM"?

1075 2511 1154 2551 λόγου
1164 2533 1173 2548 ,
1189 2525 1202 2538 ιο
1215 2499 1360 2546 τουτέστιν,
1376 2499 1523 2550 εὐγλωττίᾳ
1535 2509 1580 2540 καὶ
1594 2499 1805 2551 καλλιεπείᾳχῖνα
1817 2499 1845 2551 in)

1078 2549 1183 2597 βλάϐην
1205 2555 1251 2586 καὶ
1278 2555 1422 2585 ἐλάττωσιν
1449 2549 1527 2585 πάθοι
1550 2557 1565 2584 ὁ
1591 2554 1735 2597 σταυρὸςιν
1750 2549 1844 2597 ﬁmi,"

1078 2591 1137 2641 περὶ
1162 2591 1209 2631 τοῦ
1233 2603 1349 2641 σταυροῦ
1373 2599 1514 2640 κήρυγμα.
1537 2601 1622 2630 Τοῦτο
1646 2591 1696 2639 γθρ
1715 2596 1757 2630 τὸν
1776 2591 1845 2641 fx:

1076 2632 1165 2687 νωθῆ,
1178 2657 1192 2675 n
1221 2632 1368 2680 τουτέστιν,
1389 2632 1522 2685 dipsion»;
1545 2644 1590 2674 καὶ
1616 2632 1689 2676 nisi);
1711 2639 1801 2687 εὑρξθῇι
1819 2632 1844 2687 gl

1077 2677 1173 2732 γὰρ’-ἐν
1189 2691 1269 2733 σοφίᾳ
1291 2677 1370 2730 λόγου
1384 2677 1570 2720 οἱηίὶπόστολοι
1585 2688 1711 2728 ἐκήρυξαν
1719 2677 1805 2733 ,γίἷιιογ
1817 2677 1840 2707 ἄν

1076 2725 1143 2771 τινες
1169 2725 1273 2776 λέγειν’,
1304 2725 1344 2766 ὅτι
1369 2735 1413 2765 διὰ
1440 2734 1489 2772 τὴν
1519 2725 1682 2772 πιθανότῆτα
1706 2725 1754 2762 τιῗιν
1777 2725 1843 2764 λόγων

915 2787 1010 2818 Varia:
1032 2787 1184 2818 lectiones.

259 2836 281 2853 ¹³
295 2837 438 2864 καταϐαίνει
453 2845 481 2866 o.
