1881 3081
233 166 284 193 579

231 227 373 263 pientiam,

231 272 336 305 stravit,
349 280 381 300 ac
404 273 522 302 convicit
536 280 595 302 esse
621 274 744 309 stultam,
760 279 792 304 ut
815 282 877 312 qua!
889 283 947 304 non
977 283 1025 312 po-

231 317 315 346 tuerit
328 317 448 346 invenire
475 325 581 347 verum.

267 363 354 391 Vns.
373 365 417 390 20.
445 374 458 387 α
474 363 530 392 Ubi
543 363 672 400 sapiens?
691 363 739 392 ubi
751 365 860 393 scriba?
875 365 922 394 ubi
934 365 1027 402 dispu-

231 410 304 435 tator
315 407 408 436 saeculi
422 407 524 444 hujus?
535 420 548 433 ι
563 408 712 445 Scriptum
726 410 881 438 testimonia
897 410 1024 446 protulit,

229 451 359 489 deinceps
375 452 466 489 itaque
488 452 757 482 demonstrationem
771 462 788 483 a
807 455 889 483 rebus
903 454 971 492 ipsis
986 455 1026 483 in-

227 496 320 532 ducit,
332 497 459 534 inquiens
472 507 479 526 :
490 497 542 526 Ubi
551 499 711 527 Graecorum
721 500 841 536 sapiens?
856 499 903 528 ubi
916 499 1026 529 ,ἴυιίωο-

227 549 291 570 rum
316 542 424 571 scriba?
442 542 488 571 ubi
515 543 670 579 disputator
683 544 729 580 qui
748 545 917 581 syllogismis
929 548 958 573 et
970 544 1024 574 dis-

226 586 399 624 quisionibus
422 587 517 616 omnia
535 588 645 617 tribuit?
667 589 735 623 Ubi,
754 589 778 618 si
794 597 859 618 cum
878 594 1025 626 apparente

226 631 428 668 praedicationis
452 633 571 661 stultitia
595 636 809 670 comparentur?
830 636 966 671 Respectu
994 635 1025 662 il~

225 676 278 705 lius
295 684 378 713 quem
393 677 486 706 locum
509 683 648 714 occupant
666 679 870 708 PTranscendit
890 680 962 708 enim
975 687 1022 708 eos

227 725 257 750 et
269 722 417 758 superavit.
432 732 446 749 α
459 723 557 752 Saeculi
572 722 664 760 hujus,
691 736 703 749 »
720 724 773 752 hoc
787 729 839 759 est,
855 726 884 753 in
907 724 960 754 hoc
972 732 1022 753 saa-

226 766 290 795 culo
302 767 432 796 existens.

263 821 279 838 α
301 813 401 840 Nonne
426 812 541 841 stultam
564 813 628 841 facit
653 815 730 842 Deus
757 814 920 850 sapientiam
942 814 1023 850 hujus

226 856 344 884 mundi?
368 858 494 886 sNonne
514 858 590 886 Deus
617 858 777 894 sapientiam
811 858 974 887 Judaaorum
996 862 1024 887 et

730 166 986 196 THEOPHYLACTI
1005 168 1184 197 BULGARIE
1202 168 1360 197 ARCHIEP.
1815 170 1852 198 580

402 239 414 252 ιο
436 228 536 264 accipit
552 236 613 264 pro,
641 228 810 258 inefﬁcacem
831 237 891 258 esse
916 230 1022 259 demon-

1085 231 1131 261 καὶ
1159 231 1254 272 ἤλεγξε
1284 230 1395 271 μωρὰν,
1422 232 1456 265 ὥς
1490 231 1527 270 μὴ
1556 229 1707 272 ἰσχύσασαν
1733 232 1809 272 ὦριῖν
1832 234 1852 261 τὸ

1081 277 1190 313 ἀληθές.

1121 368 1132 407 [
1149 379 1164 397 α
1178 368 1234 398 Ποῦ
1250 367 1345 408 σοφός;
1366 369 1418 397 ποῦ
1440 366 1614 408 γραμματεύς
1630 378 1636 396 :
1654 368 1711 396 στῶ
1726 368 1852 404 συζηιηιῆς

1079 415 1125 453 τοῦ
1140 413 1233 446 αἰῶνος
1248 407 1358 449 soritae;
1383 423 1397 441 ι)
1417 407 1487 442 Ε’ίπε
1506 412 1541 441 τὰ
1561 414 1610 448 ἧς
1632 413 1741 453 Γραφῆς
1757 424 1764 431 ·
1777 413 1851 442 λοιπὸν

1080 452 1125 487 οὖν
1141 458 1186 487 καὶ
1210 456 1259 494 τὴν
1274 457 1328 487 ἀπὸ
1349 458 1400 486 τῶν
1423 456 1591 496 πραγμάτων
1608 456 1703 496 ἐπάγει
1721 456 1848 493 ἀπόδειξιν,

1080 502 1125 532 καί
1135 513 1209 543 φησιο
1223 516 1233 529 ι
1243 503 1301 532 “uti”
1315 502 1393 542 σοφὸς
1408 516 1419 527 ι·
1431 501 1587 537 Ἑλλήνωνε
1601 515 1614 528 ι
1622 503 1675 531 ποῦ
1683 502 1849 541 γραμματεὺς-

1080 546 1234 584 Ἰουδαίων;
1252 560 1264 574 ιι
1281 549 1334 577 ποῦ
1354 545 1503 583 συζητητὴς
1513 561 1523 572 -
1539 547 1726 586 συλλογισμοῖς
1738 547 1779 576 καὶ
1794 547 1847 586 ἐρεύ-

1078 603 1135 626 ναις
1149 591 1182 622 τὰ
1199 591 1288 622 πάντα
1314 591 1464 632 ἐπιτρέπων
1479 603 1488 628 ;
1506 595 1556 621 ποῦ
1579 590 1644 632 πρὸς
1672 591 1721 627 τὴν
1745 591 1847 621 δοκοῦσαν

1080 637 1182 678 μωρίαν
1209 639 1255 666 τοῦ
1279 637 1467 677 κηρύγματος
1493 638 1546 666 ποῦ
1570 636 1698 676 φθάνουσι
1726 636 1786 677 πρὸς
1812 638 1846 666 αὖ-

1075 682 1143 719 τήν;
1166 681 1302 722 Ὑπερέϐη
1330 683 1382 722 γὰρ
1403 680 1449 712 καὶ
1474 681 1610 719 νενίκηκεν
1641 681 1746 716 αὐτούς.
1769 692 1782 710 ν
1806 682 1847 711 Τοῦ

1078 727 1170 761 αἰῶνος
1186 739 1201 755 ι(
1220 727 1247 756 δὲ
1263 738 1277 756 υ
1295 727 1404 763 τούτου,
1420 737 1434 756 1)
1452 726 1510 756 ἀντὶ
1531 727 1577 756 τοῦ
1587 748 1595 764 ,
1608 726 1635 755 έν
1649 727 1689 767 τῷ
1703 726 1771 756 αἰῦνι
1783 724 1847 766 τούτῳ

1078 771 1224 811 γενόμενος.

1121 827 1137 846 α
1152 818 1223 857 Οὖχὶ
1239 816 1374 856 ἐμώρανεν
1388 817 1402 845 6
1415 817 1482 849 Θεὸς
1495 816 1542 852 τὴν
1557 817 1652 856 σοφίαν
1661 817 1707 845 τοῦ
1721 815 1810 854 κόσμου
1818 826 1824 852 ;
1835 826 1845 843 ι

1077 861 1149 902 Οὖχὶ
1171 862 1342 901 ἆνενέργητον
1367 860 1502 895 ἀπέδειξεν
1518 862 1532 889 ὁ
1547 861 1616 894 Θεὸς
1633 860 1683 896 τὴν
1700 860 1787 900 σοφίαν
1805 861 1843 888 τῶν

225 901 399 937 Graoorum,
415 901 463 938 qui
478 909 522 930 res
542 902 699 931 mundanas
722 903 877 939 sapiebant,
897 902 1022 932 ineﬂica-

1079 907 1113 937 τὰ
1126 906 1244 946 κοσμικὰ
1260 905 1424 946 φρονούντων
1440 905 1577 936 Ἰουδαίων
1597 905 1643 935 καὶ
1661 904 1799 942 Ἑλλήνων,
1811 906 1844 933 καὶ

225 953 285 974 cem
310 953 370 974 esse
397 946 527 981 ostendit,
553 955 585 975 ac
603 947 719 976 stultam
736 956 797 976 esse
811 947 1020 983 demonstravit,

226 994 319 1026 utpote
328 998 391 1027 quae
399 991 542 1020 veritatem
550 991 674 1021 invenire
684 1000 741 1021 non
751 995 880 1029 poterat?
895 994 935 1021 Ita
947 1000 1021 1022 sane.

225 1036 294 1064 Nam
310 1043 359 1072 per
384 1036 574 1066 concinatorea
602 1038 650 1074 qui
672 1037 748 1066 stulti
767 1037 945 1072 videbantur,
975 1046 1021 1066 ve-

225 1080 292 1109 ritas
307 1085 335 1110 et
357 1082 429 1110 salus
448 1081 627 1117 edocebatur,
648 1087 677 1110 et
697 1090 753 1111 non
773 1090 822 1118 per
841 1090 887 1112 eos
907 1083 955 1119 qui
975 1090 1021 1111 sa~

227 1125 332 1162 pientes
342 1126 516 1155 videbantur.

262 1171 351 1200 Vnus.
367 1173 399 1199 2i
420 1182 434 1197 «
457 1172 527 1200 Nam
541 1172 604 1208 quia
619 1172 647 1200 in
670 1171 721 1200 Dei
740 1172 871 1208 sapientia
893 1180 950 1201 non
977 1181 1022 1201 co-

226 1215 321 1251 gnovit
340 1216 461 1245 mundus
483 1218 586 1250 Deum,
601 1217 703 1252 placuit
727 1218 786 1245 Deo
803 1225 851 1254 per
873 1216 1020 1246 stultitiam

224 1260 467 1297 pradicationibus
485 1270 595 1290 servare
608 1262 760 1290 credentes.
776 1274 788 1286 ι
803 1263 920 1292 (‘ausam
929 1262 1020 1291 reddit

223 1313 308 1342 quare
319 1306 453 1343 sapientia
464 1307 559 1336 mundi
582 1307 609 1335 in
636 1307 784 1335 stultitiam
798 1307 925 1336 versasit.
942 1308 1021 1336 Post-

223 1357 338 1387 ecquam
351 1352 426 1380 enim
441 1351 468 1380 in
487 1351 631 1388 sapientia,
655 1359 717 1388 qua
735 1359 782 1388 per
801 1356 942 1381 creaturas
962 1360 1022 1380 cer-

223 1396 298 1424 nitur
315 1396 440 1432 (cualum
460 1397 534 1425 enim
548 1401 577 1424 et
594 1401 680 1431 terra,
695 1396 819 1433 adeoque
842 1397 932 1425 omnis
946 1405 1020 1425 crea-

223 1444 283 1469 tura
308 1442 440 1477 praadicat
459 1441 666 1477 Conditorem),
685 1449 742 1470 non
753 1441 873 1470 novisset
885 1442 1015 1475 mundus,

223 1485 277 1514 hoc
305 1490 357 1519 est,
382 1486 430 1523 qui
461 1485 600 1514 mundana
624 1486 751 1522 sapiunt,
767 1487 945 1522 Deum(per
977 1495 1019 1514 sa-

1077 950 1171 991 ἤλεγξε
1199 950 1310 991 μωρὰν,
1339 950 1376 989 μὴ
1400 949 1552 990 ἰσχύσασαν
1586 952 1672 990 εὑρεῖν
1702 950 1732 980 τὸ
1755 949 1844 984 dinei“

1078 997 1155 1026 Πάνυ
1170 995 1218 1035 μὲν
1242 991 1296 1026 οὖν.
1315 996 1367 1026 Διὰ
1388 995 1441 1036 γὰρ
1456 997 1514 1025 τῶν
1536 994 1686 1025 δοκούντων
1711 995 1798 1035 μωρῶν
1810 1005 1845 1029 κη-

1077 1040 1164 1081 ρύκων
1179 1043 1196 1077 ἡ
1216 1041 1328 1078 ἀλήθεια
1351 1040 1396 1070 καὶ
1411 1042 1428 1076 ἦ
1454 1040 1573 1080 σωτηρία
1599 1039 1743 1080 ἐδιδάχθη,
1768 1039 1806 1068 καὶ
1826 1040 1845 1068 οὗ

1076 1086 1110 1114 δι’
1125 1085 1231 1117 ἐκείνων
1246 1087 1298 1116 τῶν
1319 1084 1466 1115 δοκούντων
1485 1086 1584 1126 σοφῶν.
1605 1083 1682 1116 Cod.
1706 1083 1844 1122 Arundel.)

1121 1170 1260 1207 «Ἐπειδὴ
1281 1171 1332 1211 γὰρ
1352 1172 1379 1201 ἐν
1392 1173 1426 1211 τῇ
1448 1171 1529 1211 σοφία
1547 1173 1593 1201 τοῦ
1609 1172 1684 1202 Θεοῦ
1708 1172 1751 1201 οὐκ
1772 1171 1846 1209 ἔγνωὸ

1075 1217 1172 1255 κόσμος
1198 1216 1241 1245 διὰ
1260 1217 1307 1252 τῆς
1332 1215 1424 1257 σοφίας
1444 1216 1488 1246 τὸν
1505 1216 1595 1253 Θεὸν,
1618 1216 1758 1253 εὐδόκησεν
1772 1215 1846 1246 ὁθεὸς

1075 1261 1118 1290 διὰ
1133 1263 1179 1297 τῆς
1193 1260 1295 1300 μωρίας
1308 1263 1354 1291 τοῦ
1367 1260 1536 1301 κηρύγματος
1551 1262 1639 1291 σῶσαι
1654 1260 1714 1295 τοὺς
1727 1260 1845 1291 πιστεύον·

1074 1318 1130 1339 τας.
1146 1317 1160 1335 »
1181 1305 1259 1345 Λέγει
1287 1304 1335 1341 τὴν
1365 1306 1452 1335 αἰτίαν
1484 1306 1517 1335 δι’
1546 1305 1578 1342 ἣν
1605 1306 1747 1347 ἐμωράνθη
1774 1305 1845 1341 ﬁlio

1075 1351 1164 1392 σοφία.
1186 1349 1296 1386 Ἐπειδὴ
1314 1349 1366 1390 γὰρ
1393 1352 1418 1380 ἐν
1440 1352 1473 1390 τῇ
1500 1350 1543 1379 διὰ
1570 1351 1623 1380 τῶν
1639 1351 1789 1390 κτισμάτων
1802 1361 1846 1390 φει-

1075 1395 1170 1435 νομένῃ
1187 1394 1265 1435 σοφίᾳ
1289 1395 1320 1434 (6
1332 1394 1440 1435 οὐρανὸς
1462 1393 1514 1435 γὰρ
1533 1395 1579 1424 καὶ
1599 1398 1617 1432 ἡ
1634 1397 1687 1435 γ’ἧ,
1701 1395 1745 1424 καὶ
1756 1397 1841 1428 πᾶσαή
1867 1400 1868 1417 ι

1074 1441 1156 1474 κτίσις
1169 1439 1293 1479 κηρύττει
1306 1439 1351 1468 τὸν
1366 1440 1552 1479 Δημιουργὸν)
1566 1440 1614 1469 οὒκ
1636 1440 1705 1479 ἔγνω
1719 1442 1732 1469 6
1746 1439 1841 1478 κόσμος,

1073 1485 1207 1516 τουτέστιν
1223 1485 1248 1514 οἱ
1262 1483 1296 1514 τὰ
1318 1487 1363 1514 τοῦ
1389 1484 1490 1523 κόσμου
1514 1487 1690 1525 φρονοῦντες,
1710 1484 1752 1514 τὸν
1775 1484 1842 1518 Θεὸν,

223 1531 354 1567 pientiam
372 1531 513 1565 videlicet,
533 1538 597 1567 qua
622 1531 652 1558 in
666 1530 821 1567 eloquentia
841 1531 1016 1566 cernebatur,

1079 1530 1132 1568 ςδιὰ
1146 1532 1193 1566 ἧς
1207 1531 1233 1559 ἄν
1257 1529 1406 1569 εὖγλωττίᾳ
1419 1529 1444 1548 ⁴⁶
1466 1528 1650 1569 θεωρουμένης
1670 1529 1759 1571 σοφίας
1773 1530 1840 1567 ἐμπο-

223 1575 376 1612 impediti):
389 1576 478 1604 visum
491 1580 532 1604 est
547 1577 607 1604 Deo
616 1583 663 1612 per
678 1575 878 1612 praedicationis
887 1576 1018 1613 simplici-

223 1624 307 1649 tatem
320 1621 394 1656 (quaa
415 1619 524 1648 videtur
542 1620 654 1656 quidem
668 1627 728 1649 esse
738 1620 866 1655 stultitia,
892 1621 942 1650 sed
962 1629 1016 1650 non

224 1667 285 1699 est)
305 1672 413 1693 servare
434 1664 585 1693 credentes.
605 1665 693 1694 Graeci
708 1665 792 1701 igitur
807 1665 951 1694 doctorem
969 1666 1018 1694 ha-

223 1709 325 1737 bebant
334 1708 496 1745 sapientiam
509 1709 572 1743 Dei,
583 1717 681 1746 nempe
692 1710 767 1738 illam
779 1717 839 1746 quae
847 1710 874 1738 in
887 1711 1018 1739 creaturis

224 1754 357 1788 cernitur,
372 1754 422 1782 sed
435 1758 528 1782 tamen
540 1756 632 1783 Deum
645 1762 701 1783 non
711 1759 892 1791 agnoverunt,
908 1760 1019 1792 propter

223 1798 385 1835 sapientiam
398 1807 485 1836 quam
507 1799 535 1828 in
549 1800 681 1828 orationis
705 1803 849 1829 venustate
860 1801 1015 1837 ponebant;

222 1851 284 1881 quae
298 1852 355 1873 non
364 1849 406 1873 est
419 1843 568 1881 sapientia.

257 1890 446 1923 Vns.22,23.
476 1901 489 1915 α
512 1890 650 1925 Quoniam
674 1893 700 1918 et
719 1889 808 1919 Judaei
820 1890 895 1927 signa
910 1894 1018 1926 petunt,

221 1940 249 1964 et
266 1935 354 1964 Graeci
366 1935 531 1971 sapientiam
550 1939 679 1972 quierunt
694 1944 700 1963 :
713 1943 764 1964 nos
779 1939 871 1964 autem
887 1935 1018 1971 praedica-

222 1987 285 2009 mus
305 1980 446 2009 Christum
467 1980 639 2009 cruciﬁxum.
669 1992 682 2004 ν
710 1980 777 2008 Vult
798 1984 1019 2008 commonstrare

223 2025 326 2054 Paulus
339 2024 479 2061 quomodo
499 2033 546 2061 per
563 2024 700 2054 contraria
716 2026 791 2052 Deus
801 2025 937 2053 contraria
949 2032 1016 2061 ope-

1068 1575 1196 1614 διζόμενοι
1219 1574 1353 1613 δηλαδὴ),
1374 1573 1516 1610 εὐδόκησεν
1536 1577 1550 1604 6
1573 1575 1643 1608 Θεὸς
1667 1575 1710 1616 διὸ
1729 1576 1772 1610 τῆς
1785 1574 1839 1603 ἶδιω-
1866 1602 1867 1616 γ

1071 1620 1142 1654 τείας
1155 1622 1201 1650 τοῦ
1223 1618 1394 1658 κηρύγματος
1414 1618 1488 1658 (ἥτις
1508 1619 1579 1649 δοκεῖ
1606 1618 1656 1658 μὲν
1673 1615 1739 1649 εἶναι
1761 1618 1841 1658 μωρία,

1072 1667 1120 1696 οὐκ
1141 1664 1199 1694 ἔστι
1214 1663 1260 1702 δὲ)
1274 1665 1359 1694 σῶσαι
1374 1663 1434 1697 τοὺς
1454 1663 1639 1697 πιστεύοντας.
1660 1659 1739 1704 Εἶχον
1751 1662 1793 1702 μὲν
1811 1656 1841 1691 οὖν
1866 1652 1867 1707 ἦ

1073 1709 1231 1740 διδάσκαλον
1246 1709 1270 1738 οἱ
1289 1706 1422 1744 Ἕλληνες
1434 1707 1482 1744 τὴν
1495 1708 1588 1748 σοφίαν
1605 1711 1652 1738 τοῦ
1672 1710 1740 1740 Θεοῦ
1751 1730 1758 1744 ,
1774 1707 1812 1743 τὴν
1826 1707 1842 1735 ἐν

1073 1759 1126 1788 τοῖς
1147 1753 1276 1792 κτίσμασι
1303 1753 1405 1789 δηλαδὴ
1435 1752 1616 1791 θεωρουμένην
1641 1765 1648 1772 ⁸
1673 1754 1719 1783 οὐκ
1745 1752 1840 1791 ἔγνωσαν

1073 1799 1100 1830 δὲ
1115 1799 1160 1829 τὸν
1174 1798 1258 1836 Θεὸν,
1281 1797 1325 1827 διὰ
1339 1800 1386 1834 ἧς
1401 1799 1427 1828 ἐν
1453 1797 1520 1832 λέξει
1536 1798 1629 1838 σοφίας
1643 1810 1650 1817 ·
1667 1798 1725 1834 ἥτις
1741 1798 1784 1827 οὐχ
1801 1795 1840 1825 ἔστι

1074 1843 1152 1875 σοφία
1170 1844 1207 1874 ’⁷.
1865 1854 1866 1875 l

1091 1856 1261 1924 οφ(ίαἘπιιδὴ
1278 1887 1324 1917 καὶ
1337 1886 1461 1917 Ἰουδαῖοι
1474 1888 1585 1925 σημεῖον
1601 1887 1723 1924 αἰτοῦσι,
1744 1884 1844 1916 καὶἿ-ῖλ-

1072 1935 1148 1970 ληνες
1170 1932 1263 1973 σοφίαν
1288 1933 1411 1968 ζητοῦσιν
1426 1943 1432 1951 ·
1455 1934 1533 1970 ἡμεῖς
1553 1931 1580 1962 δὲ
1604 1931 1770 1971 κηρύσσομεν
1792 1930 1842 1967 Χρι-

1072 1979 1133 2008 στὸν
1159 1979 1372 2018 ἐσταυρωμένον.
1398 1988 1413 2006 ιι
1440 1977 1522 2007 ea“
1547 1975 1656 2010 δεῖξαιὸ
1674 1976 1787 2010 Παῦλος’,
1806 1974 1844 2004 πῦς

1074 2023 1117 2053 διὰ
1139 2024 1192 2052 τῶν
1208 2017 1331 2052 ἐναντίων
1353 2021 1387 2050 τὰ
1403 2020 1509 2050 ἐναντία
1524 2022 1539 2050 6
1553 2021 1621 2054 Θεὸς
1641 2021 1792 2060 εἰργάσατο·
1811 2017 1842 2047 καί

222 2073 300 2098 ratus
312 2070 358 2104 sit,
369 2070 513 2106 inquiens:
529 2070 557 2099 Si
567 2069 678 2106 quando
689 2069 783 2098 dixero
802 2068 910 2104 Iudaeo,
921 2069 1019 2104 Crede,

1079 2080 1171 2109 φησιν,
1185 2067 1226 2097 ὅτι
1238 2066 1326 2097 Ὅταν
1348 2066 1415 2096 εἴπω
1428 2067 1466 2106 τῷ
1488 2065 1626 2104 Ἰουδαίῳ,
1649 2065 1799 2103 Πίστευσον,
1811 2063 1843 2091 εὖ·

222 2118 348 2144 actutum
358 2115 436 2151 signa
459 2115 572 2151 inquirit
584 2114 620 2143 ad
633 2113 875 2142 conﬁrmationem
890 2114 1020 2150 praedica-

1079 2113 1119 2147 θὺς
1143 2116 1243 2151 σημεῖα
1268 2114 1340 2148 ζητεῖ
1367 2111 1431 2151 πρὸς
1454 2110 1582 2140 σύστασιν
1605 2112 1654 2140 τοῦ
1680 2109 1842 2150 κηρύγματος·

221 2160 312 2188 tionis.
329 2161 387 2189 Nos
400 2164 492 2188 autem
508 2159 646 2188 Christum
661 2158 843 2194 praedicamus
853 2158 1012 2188 cruciﬁxum

1079 2161 1155 2198 ἡμεῖς
1169 2158 1197 2187 δὲ
1213 2157 1329 2198 Χριστὸν
1342 2155 1509 2196 κηρύσσομεν
1524 2155 1728 2196 ἐσταυρωμένον
1739 2166 1745 2172 ·
1759 2153 1813 2192 ὅπερ
1824 2151 1843 2179 οὗ

222 2205 296 2243 quod
315 2214 372 2235 non
396 2206 487 2234 solum
504 2213 561 2233 non
576 2208 618 2233 est
643 2204 787 2240 signorum
815 2204 956 2239 exhibitio,
975 2212 1021 2233 ve-

1079 2202 1159 2242 μόνον
1181 2203 1228 2247 οὐκ
1247 2199 1437 2247 ἔστινοημείων
1461 2199 1598 2237 ἰπίδειξις,
1721 2199 1770 2247 καὶ¹
1783 2199 1841 2247 defit;

220 2259 282 2280 rum
301 2251 386 2280 etiam
399 2249 574 2282 inﬁrmitatis,
591 2252 727 2285 quantum
741 2247 855 2285 quidem
872 2253 989 2286 apparet
1014 2259 1020 2278 :

1079 2248 1161 2284 νείας,
1176 2245 1236 2277 ὅσον
1253 2246 1322 2276 κατὰ
1342 2246 1370 2275 τὸ
1388 2247 1546 2286 φαινόμενον
1557 2257 1564 2264 ·
1588 2245 1635 2274 καὶ
1647 2245 1718 2284 ὅμως
1731 2243 1805 2281 τούτῳ
1817 2243 1842 2290 τῇ*

219 2300 342 2325 attamen
359 2303 407 2332 per
436 2295 501 2329 hoc,
528 2293 603 2330 quod
627 2297 753 2330 respectu
776 2293 850 2322 illius
877 2294 953 2331 quod
974 2294 1019 2322 ille

1079 2292 1195 2322 δοκοῦντι
1218 2293 1322 2322 ἀσθενεῖ
1351 2291 1396 2320 καὶ
1428 2291 1553 2331 ἰναντίῳ,
1577 2289 1637 2320 ὅσον
1664 2290 1727 2330 πρὸς
1746 2288 1759 2317 ὃ
1781 2287 1841 2332 αἰτιῑ,

221 2341 302 2377 petit,
328 2331 471 2368 inﬁrmum
494 2343 522 2367 et
547 2339 719 2368 contrarium
735 2339 852 2374 videtur,
879 2339 913 2368 ad
935 2339 1019 2368 ﬁdem

1079 2337 1196 2376 ἔνοίγεται
1221 2337 1268 2367 καὶ
1291 2335 1355 2377 πρὸς
1379 2335 1427 2371 τὴν
1450 2335 1541 2365 πίστιν
1555 2344 1564 2353 ·
1590 2337 1670 2365 τοῦτο
1698 2334 1724 2364 δὲ
1749 2331 1841 2371 μεγάλην

220 2376 389 2422 perducitur.
419 2385 491 2420 Quae
516 2392 560 2413 res
591 2385 730 2421 ingentem
759 2392 824 2413 sane
851 2385 903 2413 Dei
923 2388 1020 2420 poten-

1079 2382 1190 2412 δείκνυσι
1213 2382 1260 2418 τὴν
1286 2376 1332 2411 rei?
1356 2381 1429 2411 Θεοῑῐ
1454 2380 1577 2419 δύναμιν.
1602 2380 1690 2410 Πάλιν
1705 2391 1711 2397 -
1735 2376 1841 2422 Ἕλληνές

219 2429 287 2458 tiam
304 2428 434 2458 ostendit.
446 2431 555 2458 Rursus
571 2438 579 2458 :
593 2429 682 2458 Graeci
696 2429 859 2465 sapientiam
872 2429 1018 2465 inquirunt

220 2474 442 2510 anobis2atqui
466 2478 494 2502 et
519 2474 573 2502 illis
602 2481 655 2502 nos
681 2482 793 2503 crucem
824 2473 1016 2510 praedicamus,

220 2519 297 2557 quod
315 2524 344 2549 et
358 2519 467 2556 ipsum,
485 2523 515 2548 ut
537 2523 660 2556 apparet,
676 2519 800 2548 stultitiae
818 2526 878 2547 esse
894 2518 1015 2554 videtur,

218 2566 310 2595 Deum
324 2572 425 2601 nempe
436 2564 598 2593 cruciﬁxum
609 2563 760 2601 praedicare
777 2563 905 2592 :iuterim
922 2568 1013 2592 tamen

218 2610 254 2639 ita
279 2608 490 2647 persuadeatur.
516 2610 617 2638 Nonne
642 2609 725 2647 igitur
740 2609 870 2638 maxime
886 2608 946 2637 haec
966 2617 1014 2645 po-

221 2656 316 2685 tentiae
332 2659 492 2693 argumenta
504 2659 580 2689 sunt,
591 2662 625 2684 ex
635 2654 791 2690 contrariis,
805 2653 898 2691 quoad
910 2661 940 2683 ea
954 2661 1016 2690 qua:

219 2701 376 2739 inquirunt,
398 2700 556 2738 persuaderi
572 2702 640 2729 eos?

256 2731 267 2772 ί
286 2731 390 2776 Iudaeis
398 2731 512 2783 quidem
535 2744 705 2781 scandalum,
721 2744 823 2774 Grecis
845 2748 940 2813 autem
949 2743 1016 2791 stul-

937 2794 1005 2813 arma

1085 2785 1092 2791 .
1114 2751 1130 2770 σ
1143 2739 1282 2774 Ἰουδαίοις
1295 2738 1342 2778 μὲν
1355 2739 1504 2769 σκάνδαλον
1513 2761 1523 2777 ,
1537 2737 1657 2775 Ἕλλησι
1672 2734 1699 2766 δὲ
1713 2731 1812 2775 μωρίαν-
1825 2737 1836 2753 ’

1079 2793 1180 2813 nones.

912 2785 1005 2814 Variae
1027 2785 1180 2818 lectiones.

257 2833 277 2851 ’⁸
291 2833 316 2861 ἐν
328 2835 359 2870 τῇ
374 2832 513 2869 εὖγλωττίᾳ
527 2841 564 2862 m.
605 2833 625 2850 ¹“¹
641 2831 714 2868 σοφία
726 2830 790 2858 Θεοῦ
805 2838 844 2859 m.
884 2831 905 2848 ¹⁸
921 2829 1025 2866 Χριστὸν
1041 2837 1068 2858 ο.

1073 2426 1165 2467 σοφίαν
1182 2427 1334 2462 ἐπιζητοῦσι
1348 2426 1412 2465 παρ’
1427 2426 1503 2464 ἡμῶν
1514 2448 1523 2465 ,
1542 2424 1611 2455 ἀλλὰ
1634 2423 1762 2469 κάκείνοις
1782 2421 1838 2469 ἡμεῖς

1071 2471 1115 2501 τὸν
1143 2471 1254 2512 σταυρὸν
1271 2470 1297 2490 ⁴³
1321 2469 1490 2512 κηρύσσομεν
1508 2482 1515 2490 ·
1541 2469 1607 2510 ὅπερ
1631 2468 1701 2499 κατὰ
1726 2468 1754 2497 τὸ
1771 2473 1839 2512 φαινο-

1072 2518 1150 2555 μενὸν
1164 2516 1210 2546 καὶ
1222 2515 1323 2556 μωρίας
1335 2511 1401 2545 εἶναι
1415 2515 1505 2551 δοκεῖ,
1524 2514 1594 2545 Θεὸν
1612 2513 1751 2554 κηρύσσειν
1766 2511 1840 2540 ἐστιν·

1071 2561 1186 2601 ρωμένον
1203 2572 1210 2580 ·
1233 2560 1304 2591 ἀλλὰ
1327 2560 1374 2590 καὶ
1399 2559 1470 2590 οὕτω
1495 2559 1642 2590 πείθονται.
1671 2558 1737 2598 Ἆρα
1759 2556 1784 2584 οὗ

1069 2606 1162 2645 γίστης
1185 2608 1270 2636 ταῦτα
1294 2605 1448 2644 δυνάμεως,
1465 2606 1496 2635 ἐκ
1518 2607 1570 2635 τῶν
1587 2603 1726 2640 ἐναντίων,
1747 2602 1779 2633 ὣς
1792 2606 1839 2636 προς

1071 2651 1088 2680 ἃ
1102 2650 1177 2681 αὐτοὶ
1192 2651 1344 2688 ἐπιζητοῦσι
1354 2673 1364 2689 ,
1383 2649 1520 2680 πείθεσθαι
1533 2649 1645 2686 αὖτούςε
