  <div class='ocr_page' id='page_1' title='image "/cluster/home/n/w/nwhite01/storage/ocr_20150623/124/njp.32101010942728/412.png"; bbox 0 0 1881 3081; ppageno 0'>
   <div class='ocr_carea' id='block_1_1' title="bbox 35 154 74 180">
    <p class='ocr_par' dir='ltr' id='par_1_1' title="bbox 35 154 74 180">
     <span class='ocr_line' id='line_1_1' title="bbox 35 154 74 180; baseline 0 0"><span class='ocrx_word' id='word_1_1' title='bbox 35 154 74 180; x_wconf 70' lang='grc'><strong>581</strong></span> 
     </span>
    </p>
   </div>
   <div class='ocr_carea' id='block_1_2' title="bbox 34 212 848 253">
    <p class='ocr_par' dir='ltr' id='par_1_2' title="bbox 34 212 848 253">
     <span class='ocr_line' id='line_1_2' title="bbox 34 212 848 253; baseline -0.001 -9"><span class='ocrx_word' id='word_1_2' title='bbox 34 215 154 250; x_wconf 79' lang='grc' dir='ltr'>Ἰουδαῖοι,</span> <span class='ocrx_word' id='word_1_3' title='bbox 175 224 268 253; x_wconf 81' lang='grc' dir='ltr'>φησιν,</span> <span class='ocrx_word' id='word_1_4' title='bbox 290 212 381 253; x_wconf 65' lang='grc' dir='ltr'>ἔχουσι</span> <span class='ocrx_word' id='word_1_5' title='bbox 403 213 550 244; x_wconf 71' lang='grc' dir='ltr'><strong>σκάνδαλον</strong></span> <span class='ocrx_word' id='word_1_6' title='bbox 572 213 617 243; x_wconf 78' lang='grc' dir='ltr'><strong>τὸν</strong></span> <span class='ocrx_word' id='word_1_7' title='bbox 631 213 806 253; x_wconf 67' lang='grc' dir='ltr'>ἐσταυρωμέ-</span> <span class='ocrx_word' id='word_1_8' title='bbox 821 215 848 247; x_wconf 78' lang='grc' dir='ltr'>Α</span> 
     </span>
    </p>
   </div>
   <div class='ocr_carea' id='block_1_3' title="bbox 33 257 812 299">
    <p class='ocr_par' dir='ltr' id='par_1_3' title="bbox 33 257 812 299">
     <span class='ocr_line' id='line_1_3' title="bbox 33 257 812 299; baseline -0.003 -10"><span class='ocrx_word' id='word_1_9' title='bbox 33 271 83 289; x_wconf 83' lang='grc' dir='ltr'>νον·</span> <span class='ocrx_word' id='word_1_10' title='bbox 109 257 298 298; x_wconf 82' lang='grc' dir='ltr'>προσπταίουσι</span> <span class='ocrx_word' id='word_1_11' title='bbox 331 257 383 298; x_wconf 77' lang='grc' dir='ltr'><strong>γὰρ</strong></span> <span class='ocrx_word' id='word_1_12' title='bbox 405 257 509 299; x_wconf 82' lang='grc' dir='ltr'>τούτῳ,</span> <span class='ocrx_word' id='word_1_13' title='bbox 539 257 659 298; x_wconf 82' lang='grc' dir='ltr'>λέγοντες</span> <span class='ocrx_word' id='word_1_14' title='bbox 673 269 681 277; x_wconf 72' lang='grc' dir='ltr'><strong>ο</strong></span> <span class='ocrx_word' id='word_1_15' title='bbox 706 259 770 292; x_wconf 82' lang='grc' dir='ltr'>Πῶς</span> <span class='ocrx_word' id='word_1_16' title='bbox 797 258 812 287; x_wconf 87' lang='lat'><strong>6</strong></span> 
     </span>
    </p>
   </div>
   <div class='ocr_carea' id='block_1_4' title="bbox 33 301 812 345">
    <p class='ocr_par' dir='ltr' id='par_1_4' title="bbox 33 301 812 345">
     <span class='ocr_line' id='line_1_4' title="bbox 33 301 812 345; baseline 0 -13"><span class='ocrx_word' id='word_1_17' title='bbox 33 303 110 345; x_wconf 69' lang='grc' dir='ltr'>φαγὼν</span> <span class='ocrx_word' id='word_1_18' title='bbox 128 302 172 332; x_wconf 71' lang='grc' dir='ltr'>καὶ</span> <span class='ocrx_word' id='word_1_19' title='bbox 192 301 258 332; x_wconf 78' lang='grc' dir='ltr'>πιὼν</span> <span class='ocrx_word' id='word_1_20' title='bbox 273 301 341 342; x_wconf 81' lang='grc' dir='ltr'>μετᾶ</span> <span class='ocrx_word' id='word_1_21' title='bbox 364 304 484 333; x_wconf 76' lang='grc' dir='ltr'><strong>τελωνῶν</strong></span> <span class='ocrx_word' id='word_1_22' title='bbox 507 302 553 333; x_wconf 70' lang='grc' dir='ltr'><strong>καὶ</strong></span> <span class='ocrx_word' id='word_1_23' title='bbox 567 304 686 345; x_wconf 71' lang='grc' dir='ltr'>πορνῷν,</span> <span class='ocrx_word' id='word_1_24' title='bbox 701 303 747 333; x_wconf 70' lang='grc' dir='ltr'><strong>καὶ</strong></span> <span class='ocrx_word' id='word_1_25' title='bbox 764 304 812 332; x_wconf 79' lang='grc' dir='ltr'>τί-</span> 
     </span>
    </p>
   </div>
   <div class='ocr_carea' id='block_1_5' title="bbox 32 343 807 388">
    <p class='ocr_par' dir='ltr' id='par_1_5' title="bbox 32 343 807 388">
     <span class='ocr_line' id='line_1_5' title="bbox 32 343 807 388; baseline -0.003 -9"><span class='ocrx_word' id='word_1_26' title='bbox 32 343 69 382; x_wconf 75' lang='grc' dir='ltr'><strong>λος</strong></span> <span class='ocrx_word' id='word_1_27' title='bbox 88 347 151 388; x_wconf 82' lang='grc' dir='ltr'>μετᾶ</span> <span class='ocrx_word' id='word_1_28' title='bbox 170 348 273 387; x_wconf 77' lang='grc' dir='ltr'><strong>λῃστῶν</strong></span> <span class='ocrx_word' id='word_1_29' title='bbox 299 347 472 388; x_wconf 79' lang='grc' dir='ltr'>σταυρωθεὶς,</span> <span class='ocrx_word' id='word_1_30' title='bbox 495 347 604 377; x_wconf 77' lang='grc' dir='ltr'>δύναται</span> <span class='ocrx_word' id='word_1_31' title='bbox 629 343 697 377; x_wconf 73' lang='grc' dir='ltr'>εἰναι</span> <span class='ocrx_word' id='word_1_32' title='bbox 720 348 807 385; x_wconf 79' lang='grc' dir='ltr'>Θεόςς</span> 
     </span>
    </p>
   </div>
   <div class='ocr_carea' id='block_1_6' title="bbox 32 392 807 434">
    <p class='ocr_par' dir='ltr' id='par_1_6' title="bbox 32 392 807 434">
     <span class='ocr_line' id='line_1_6' title="bbox 32 392 807 434; baseline 0 -12"><span class='ocrx_word' id='word_1_33' title='bbox 32 394 146 429; x_wconf 80' lang='grc' dir='ltr'>Ἕλληνες</span> <span class='ocrx_word' id='word_1_34' title='bbox 167 392 194 422; x_wconf 81' lang='grc' dir='ltr'>δὲ</span> <span class='ocrx_word' id='word_1_35' title='bbox 220 393 362 432; x_wconf 76' lang='grc' dir='ltr'>διαγελῶσι</span> <span class='ocrx_word' id='word_1_36' title='bbox 386 392 416 422; x_wconf 73' lang='grc' dir='ltr'><strong>τὸ</strong></span> <span class='ocrx_word' id='word_1_37' title='bbox 445 392 589 434; x_wconf 83' lang='grc' dir='ltr'>μυστήριον</span> <span class='ocrx_word' id='word_1_38' title='bbox 621 394 656 427; x_wconf 84' lang='grc' dir='ltr'>ὡς</span> <span class='ocrx_word' id='word_1_39' title='bbox 678 392 784 434; x_wconf 76' lang='grc' dir='ltr'>μωρίαν</span> <span class='ocrx_word' id='word_1_40' title='bbox 799 416 807 432; x_wconf 97' lang='grc'><strong>,</strong></span> 
     </span>
    </p>
   </div>
   <div class='ocr_carea' id='block_1_7' title="bbox 33 405 808 478">
    <p class='ocr_par' dir='ltr' id='par_1_7' title="bbox 33 405 808 478">
     <span class='ocr_line' id='line_1_7' title="bbox 34 405 807 434; baseline 0 -12"><span class='ocrx_word' id='word_1_41' title='bbox 34 405 146 429; x_wconf 63' lang='lat' dir='ltr'><strong>nann</strong></span> <span class='ocrx_word' id='word_1_42' title='bbox 167 405 194 422; x_wconf 86' lang='grc' dir='ltr'><strong>οε</strong></span> <span class='ocrx_word' id='word_1_43' title='bbox 220 405 362 432; x_wconf 83' lang='grc' dir='ltr'>οιαγεΑωσι</span> <span class='ocrx_word' id='word_1_44' title='bbox 386 405 416 422; x_wconf 90' lang='grc' dir='ltr'><strong>το</strong></span> <span class='ocrx_word' id='word_1_45' title='bbox 445 405 589 434; x_wconf 83' lang='grc' dir='ltr'>μυστηριον</span> <span class='ocrx_word' id='word_1_46' title='bbox 621 405 656 427; x_wconf 88' lang='grc' dir='ltr'>ως</span> <span class='ocrx_word' id='word_1_47' title='bbox 727 405 784 433; x_wconf 93' lang='grc' dir='ltr'>ριαν</span> <span class='ocrx_word' id='word_1_48' title='bbox 799 416 807 432; x_wconf 97' lang='grc'><strong>,</strong></span> 
     </span>
     <span class='ocr_line' id='line_1_8' title="bbox 33 405 808 478; baseline -0.001 -11"><span class='ocrx_word' id='word_1_49' title='bbox 33 437 86 468; x_wconf 75' lang='grc' dir='ltr'>διότι</span> <span class='ocrx_word' id='word_1_50' title='bbox 109 437 194 468; x_wconf 86' lang='grc' dir='ltr'>πίστει</span> <span class='ocrx_word' id='word_1_51' title='bbox 217 437 284 478; x_wconf 83' lang='grc' dir='ltr'>μόνῃ</span> <span class='ocrx_word' id='word_1_52' title='bbox 316 437 362 467; x_wconf 82' lang='grc' dir='ltr'><strong>καὶ</strong></span> <span class='ocrx_word' id='word_1_53' title='bbox 392 438 421 467; x_wconf 79' lang='grc' dir='ltr'>οὗ</span> <span class='ocrx_word' id='word_1_54' title='bbox 449 439 650 477; x_wconf 80' lang='grc' dir='ltr'><strong>συλλογισμοῖς,</strong></span> <span class='ocrx_word' id='word_1_55' title='bbox 674 405 725 466; x_wconf 50' lang='grc' dir='ltr'><strong>Ξῖ.)</strong></span> <span class='ocrx_word' id='word_1_56' title='bbox 734 437 808 468; x_wconf 78' lang='grc' dir='ltr'>αὐτοὶ</span> 
     </span>
    </p>
   </div>
   <div class='ocr_carea' id='block_1_8' title="bbox 33 482 809 524">
    <p class='ocr_par' dir='ltr' id='par_1_8' title="bbox 33 482 809 524">
     <span class='ocr_line' id='line_1_9' title="bbox 33 482 809 524; baseline 0.001 -13"><span class='ocrx_word' id='word_1_57' title='bbox 33 482 187 522; x_wconf 81' lang='grc' dir='ltr'>ἔξήρτηνται,</span> <span class='ocrx_word' id='word_1_58' title='bbox 213 482 453 522; x_wconf 80' lang='grc' dir='ltr'>καταλαμϐάνεται</span> <span class='ocrx_word' id='word_1_59' title='bbox 468 482 497 511; x_wconf 81' lang='grc' dir='ltr'>τὸ</span> <span class='ocrx_word' id='word_1_60' title='bbox 513 482 582 512; x_wconf 82' lang='grc' dir='ltr'>Θεὸν</span> <span class='ocrx_word' id='word_1_61' title='bbox 606 484 809 524; x_wconf 77' lang='grc' dir='ltr'>σταυρωθῆναι,</span> 
     </span>
    </p>
   </div>
   <div class='ocr_carea' id='block_1_9' title="bbox 32 526 528 568">
    <p class='ocr_par' dir='ltr' id='par_1_9' title="bbox 32 526 528 568">
     <span class='ocr_line' id='line_1_10' title="bbox 32 526 528 568; baseline 0 -12"><span class='ocrx_word' id='word_1_62' title='bbox 32 527 68 556; x_wconf 79' lang='grc' dir='ltr'>καὶ</span> <span class='ocrx_word' id='word_1_63' title='bbox 79 527 139 557; x_wconf 82' lang='grc' dir='ltr'>διότι</span> <span class='ocrx_word' id='word_1_64' title='bbox 153 528 182 556; x_wconf 84' lang='grc' dir='ltr'>οὗ</span> <span class='ocrx_word' id='word_1_65' title='bbox 196 526 355 568; x_wconf 69' lang='grc' dir='ltr'>κσλλιεπείᾳ</span> <span class='ocrx_word' id='word_1_66' title='bbox 374 529 528 566; x_wconf 82' lang='grc' dir='ltr'>κοσμεῖται.</span> 
     </span>
    </p>
   </div>
   <div class='ocr_carea' id='block_1_10' title="bbox 67 616 809 653">
    <p class='ocr_par' dir='ltr' id='par_1_10' title="bbox 67 616 809 653">
     <span class='ocr_line' id='line_1_11' title="bbox 67 616 809 653; baseline -0.001 -6"><span class='ocrx_word' id='word_1_67' title='bbox 67 628 80 646; x_wconf 77' lang='grc' dir='ltr'><strong>ιι</strong></span> <span class='ocrx_word' id='word_1_68' title='bbox 99 618 191 651; x_wconf 80' lang='grc' dir='ltr'>Δῦτοῖς</span> <span class='ocrx_word' id='word_1_69' title='bbox 218 616 246 646; x_wconf 75' lang='grc' dir='ltr'>δὶ</span> <span class='ocrx_word' id='word_1_70' title='bbox 265 617 318 650; x_wconf 85' lang='grc' dir='ltr'>τοῖς</span> <span class='ocrx_word' id='word_1_71' title='bbox 336 617 458 653; x_wconf 76' lang='grc' dir='ltr'>κλητοῖς,</span> <span class='ocrx_word' id='word_1_72' title='bbox 473 616 612 651; x_wconf 77' lang='grc' dir='ltr'>Ἰουδαίοις</span> <span class='ocrx_word' id='word_1_73' title='bbox 632 629 660 647; x_wconf 93' lang='grc' dir='ltr'><strong>τε</strong></span> <span class='ocrx_word' id='word_1_74' title='bbox 675 617 721 647; x_wconf 86' lang='grc' dir='ltr'>καὶ</span> <span class='ocrx_word' id='word_1_75' title='bbox 740 616 809 648; x_wconf 72' lang='grc' dir='ltr'>’Έλ-</span> 
     </span>
    </p>
   </div>
   <div class='ocr_carea' id='block_1_11' title="bbox 31 660 806 703">
    <p class='ocr_par' dir='ltr' id='par_1_11' title="bbox 31 660 806 703">
     <span class='ocr_line' id='line_1_12' title="bbox 31 660 806 703; baseline 0.001 -13"><span class='ocrx_word' id='word_1_76' title='bbox 31 663 95 700; x_wconf 81' lang='grc' dir='ltr'>λησι,</span> <span class='ocrx_word' id='word_1_77' title='bbox 122 662 235 701; x_wconf 79' lang='grc' dir='ltr'>Χριστὸν</span> <span class='ocrx_word' id='word_1_78' title='bbox 257 661 329 692; x_wconf 79' lang='grc' dir='ltr'>Θεοῦ</span> <span class='ocrx_word' id='word_1_79' title='bbox 354 660 486 700; x_wconf 84' lang='grc' dir='ltr'>δύναμιν,</span> <span class='ocrx_word' id='word_1_80' title='bbox 513 661 559 691; x_wconf 72' lang='grc' dir='ltr'>καὶ</span> <span class='ocrx_word' id='word_1_81' title='bbox 576 662 647 692; x_wconf 83' lang='grc' dir='ltr'>Θεοῦ</span> <span class='ocrx_word' id='word_1_82' title='bbox 672 661 776 703; x_wconf 81' lang='grc' dir='ltr'>σοφίαν.</span> <span class='ocrx_word' id='word_1_83' title='bbox 791 672 806 691; x_wconf 72' lang='grc' dir='ltr'>ι)</span> 
     </span>
    </p>
   </div>
   <div class='ocr_carea' id='block_1_12' title="bbox 31 705 812 747">
    <p class='ocr_par' dir='ltr' id='par_1_12' title="bbox 31 705 812 747">
     <span class='ocr_line' id='line_1_13' title="bbox 31 705 812 747; baseline 0.001 -12"><span class='ocrx_word' id='word_1_84' title='bbox 31 708 82 741; x_wconf 83' lang='grc' dir='ltr'>Τοῖς</span> <span class='ocrx_word' id='word_1_85' title='bbox 93 705 138 745; x_wconf 73' lang='grc' dir='ltr'>μὶν</span> <span class='ocrx_word' id='word_1_86' title='bbox 158 706 280 741; x_wconf 72' lang='grc' dir='ltr'>ἀπίστοις</span> <span class='ocrx_word' id='word_1_87' title='bbox 300 706 455 746; x_wconf 80' lang='grc' dir='ltr'>Ἰουδαίοις,</span> <span class='ocrx_word' id='word_1_88' title='bbox 472 707 556 747; x_wconf 79' lang='grc' dir='ltr'>φησὶ,</span> <span class='ocrx_word' id='word_1_89' title='bbox 574 707 722 737; x_wconf 81' lang='grc' dir='ltr'>σκάνδαλόν</span> <span class='ocrx_word' id='word_1_90' title='bbox 740 708 812 737; x_wconf 67' lang='grc' dir='ltr'>ἔστιν</span> 
     </span>
    </p>
   </div>
   <div class='ocr_carea' id='block_1_13' title="bbox 31 751 810 792">
    <p class='ocr_par' dir='ltr' id='par_1_13' title="bbox 31 751 810 792">
     <span class='ocr_line' id='line_1_14' title="bbox 31 751 810 792; baseline 0.001 -12"><span class='ocrx_word' id='word_1_91' title='bbox 31 751 155 791; x_wconf 81' lang='grc' dir='ltr'>ὁΧριστός</span> <span class='ocrx_word' id='word_1_92' title='bbox 171 763 177 770; x_wconf 90' lang='grc'>·</span> <span class='ocrx_word' id='word_1_93' title='bbox 200 752 313 785; x_wconf 76' lang='grc' dir='ltr'>καὶτοῖς</span> <span class='ocrx_word' id='word_1_94' title='bbox 336 751 457 785; x_wconf 77' lang='grc' dir='ltr'>ἀπίστοις</span> <span class='ocrx_word' id='word_1_95' title='bbox 477 751 596 788; x_wconf 81' lang='grc' dir='ltr'>Ἕλλησι</span> <span class='ocrx_word' id='word_1_96' title='bbox 617 751 705 792; x_wconf 83' lang='grc' dir='ltr'>μωρία</span> <span class='ocrx_word' id='word_1_97' title='bbox 722 752 810 788; x_wconf 86' lang='grc' dir='ltr'>δοκεῖ,</span> 
     </span>
    </p>
   </div>
   <div class='ocr_carea' id='block_1_14' title="bbox 32 795 812 836">
    <p class='ocr_par' dir='ltr' id='par_1_14' title="bbox 32 795 812 836">
     <span class='ocr_line' id='line_1_15' title="bbox 32 795 812 836; baseline 0.001 -12"><span class='ocrx_word' id='word_1_98' title='bbox 32 795 118 825; x_wconf 82' lang='grc' dir='ltr'>διότιᾶ</span> <span class='ocrx_word' id='word_1_99' title='bbox 141 797 280 833; x_wconf 81' lang='grc' dir='ltr'>ζητοῦσιν,</span> <span class='ocrx_word' id='word_1_100' title='bbox 301 797 328 825; x_wconf 78' lang='grc' dir='ltr'>ἔν</span> <span class='ocrx_word' id='word_1_101' title='bbox 352 797 425 836; x_wconf 80' lang='grc' dir='ltr'>αὐτῷ</span> <span class='ocrx_word' id='word_1_102' title='bbox 448 797 498 836; x_wconf 78' lang='grc' dir='ltr'>οὐχ</span> <span class='ocrx_word' id='word_1_103' title='bbox 524 795 691 836; x_wconf 71' lang='grc' dir='ltr'>εὑρίσκωσι,</span> <span class='ocrx_word' id='word_1_104' title='bbox 713 800 812 835; x_wconf 82' lang='grc' dir='ltr'>σημεῖα</span> 
     </span>
    </p>
   </div>
   <div class='ocr_carea' id='block_1_15' title="bbox 32 840 810 881">
    <p class='ocr_par' dir='ltr' id='par_1_15' title="bbox 32 840 810 881">
     <span class='ocr_line' id='line_1_16' title="bbox 32 840 810 881; baseline 0.001 -12"><span class='ocrx_word' id='word_1_105' title='bbox 32 840 67 869; x_wconf 64' lang='grc' dir='ltr'>καὶ</span> <span class='ocrx_word' id='word_1_106' title='bbox 79 840 175 881; x_wconf 64' lang='grc' dir='ltr'>σοφίαν.</span> <span class='ocrx_word' id='word_1_107' title='bbox 190 841 255 874; x_wconf 87' lang='grc' dir='ltr'>Τοῖς</span> <span class='ocrx_word' id='word_1_108' title='bbox 269 841 295 870; x_wconf 87' lang='grc' dir='ltr'>δὲ</span> <span class='ocrx_word' id='word_1_109' title='bbox 316 841 423 877; x_wconf 84' lang='grc' dir='ltr'>κλητοῖς</span> <span class='ocrx_word' id='word_1_110' title='bbox 433 841 575 875; x_wconf 81' lang='grc' dir='ltr'>Ἰουδαίοις</span> <span class='ocrx_word' id='word_1_111' title='bbox 585 863 593 877; x_wconf 85' lang='grc'><strong>,</strong></span> <span class='ocrx_word' id='word_1_112' title='bbox 611 841 657 870; x_wconf 80' lang='grc' dir='ltr'>καὶ</span> <span class='ocrx_word' id='word_1_113' title='bbox 672 842 724 873; x_wconf 85' lang='grc' dir='ltr'>τοῖς</span> <span class='ocrx_word' id='word_1_114' title='bbox 745 842 810 877; x_wconf 83' lang='grc' dir='ltr'>κλη-</span> 
     </span>
    </p>
   </div>
   <div class='ocr_carea' id='block_1_16' title="bbox 32 884 807 923">
    <p class='ocr_par' dir='ltr' id='par_1_16' title="bbox 32 884 807 923">
     <span class='ocr_line' id='line_1_17' title="bbox 32 884 807 923; baseline 0.003 -10"><span class='ocrx_word' id='word_1_115' title='bbox 32 889 74 917; x_wconf 80' lang='grc' dir='ltr'>τοῖς</span> <span class='ocrx_word' id='word_1_116' title='bbox 82 884 212 923; x_wconf 82' lang='grc' dir='ltr'>Ἕλλησι,</span> <span class='ocrx_word' id='word_1_117' title='bbox 233 884 368 922; x_wconf 75' lang='grc' dir='ltr'>τουτέστι,</span> <span class='ocrx_word' id='word_1_118' title='bbox 384 889 437 920; x_wconf 82' lang='grc' dir='ltr'>τοῖς</span> <span class='ocrx_word' id='word_1_119' title='bbox 452 886 504 914; x_wconf 78' lang='grc' dir='ltr'>ὑπὸ</span> <span class='ocrx_word' id='word_1_120' title='bbox 517 886 588 916; x_wconf 82' lang='grc' dir='ltr'>Θεοῦ</span> <span class='ocrx_word' id='word_1_121' title='bbox 605 886 753 922; x_wconf 81' lang='grc' dir='ltr'>κληθεῖσιν,</span> <span class='ocrx_word' id='word_1_122' title='bbox 770 887 807 920; x_wconf 83' lang='grc' dir='ltr'>ὥς</span> 
     </span>
    </p>
   </div>
   <div class='ocr_carea' id='block_1_17' title="bbox 32 928 808 971">
    <p class='ocr_par' dir='ltr' id='par_1_17' title="bbox 32 928 808 971">
     <span class='ocr_line' id='line_1_18' title="bbox 32 928 808 971; baseline 0.001 -13"><span class='ocrx_word' id='word_1_123' title='bbox 32 928 112 966; x_wconf 63' lang='grc' dir='ltr'>ἀξίοις,</span> <span class='ocrx_word' id='word_1_124' title='bbox 136 930 274 971; x_wconf 72' lang='grc' dir='ltr'>ἀμφότερα</span> <span class='ocrx_word' id='word_1_125' title='bbox 300 932 314 960; x_wconf 97' lang='lat'><strong>6</strong></span> <span class='ocrx_word' id='word_1_126' title='bbox 331 930 448 971; x_wconf 66' lang='grc' dir='ltr'>Χριστὸς</span> <span class='ocrx_word' id='word_1_127' title='bbox 472 930 641 970; x_wconf 76' lang='grc' dir='ltr'>εὑρίσκεται,</span> <span class='ocrx_word' id='word_1_128' title='bbox 673 930 689 959; x_wconf 79' lang='grc' dir='ltr'>ἃ</span> <span class='ocrx_word' id='word_1_129' title='bbox 714 931 808 960; x_wconf 80' lang='grc' dir='ltr'>ἐκεῖνοι</span> 
     </span>
    </p>
   </div>
   <div class='ocr_carea' id='block_1_18' title="bbox 32 969 809 1016">
    <p class='ocr_par' dir='ltr' id='par_1_18' title="bbox 32 969 809 1016">
     <span class='ocr_line' id='line_1_19' title="bbox 32 969 809 1016; baseline 0.004 -14"><span class='ocrx_word' id='word_1_130' title='bbox 32 975 132 1010; x_wconf 82' lang='grc' dir='ltr'>ζητοῦσι.</span> <span class='ocrx_word' id='word_1_131' title='bbox 153 969 187 1005; x_wconf 81' lang='grc' dir='ltr'>Τί</span> <span class='ocrx_word' id='word_1_132' title='bbox 207 969 260 1016; x_wconf 77' lang='grc' dir='ltr'><strong>γὰρ</strong></span> <span class='ocrx_word' id='word_1_133' title='bbox 282 969 382 1012; x_wconf 79' lang='grc' dir='ltr'>ζητεῖς,</span> <span class='ocrx_word' id='word_1_134' title='bbox 404 969 426 1004; x_wconf 68' lang='grc' dir='ltr'>ὦ</span> <span class='ocrx_word' id='word_1_135' title='bbox 449 969 578 1012; x_wconf 76' lang='grc' dir='ltr'>Ἰουδαῖε;</span> <span class='ocrx_word' id='word_1_136' title='bbox 595 979 712 1013; x_wconf 84' lang='grc' dir='ltr'>σημεῖα;</span> <span class='ocrx_word' id='word_1_137' title='bbox 741 975 809 1005; x_wconf 77' lang='grc' dir='ltr'>Ἰδοὺ</span> 
     </span>
    </p>
   </div>
   <div class='ocr_carea' id='block_1_19' title="bbox 32 1019 809 1060">
    <p class='ocr_par' dir='ltr' id='par_1_19' title="bbox 32 1019 809 1060">
     <span class='ocr_line' id='line_1_20' title="bbox 32 1019 809 1060; baseline 0 -12"><span class='ocrx_word' id='word_1_138' title='bbox 32 1019 158 1060; x_wconf 75' lang='grc' dir='ltr'>δΧριστὸς</span> <span class='ocrx_word' id='word_1_139' title='bbox 180 1019 293 1059; x_wconf 72' lang='grc' dir='ltr'>δύναμις</span> <span class='ocrx_word' id='word_1_140' title='bbox 318 1021 391 1051; x_wconf 80' lang='grc' dir='ltr'>Θεοῦ</span> <span class='ocrx_word' id='word_1_141' title='bbox 416 1022 505 1060; x_wconf 79' lang='grc' dir='ltr'>ἐστιν,</span> <span class='ocrx_word' id='word_1_142' title='bbox 533 1020 590 1056; x_wconf 83' lang='grc' dir='ltr'>ἥτις</span> <span class='ocrx_word' id='word_1_143' title='bbox 614 1021 666 1049; x_wconf 76' lang='grc' dir='ltr'><strong>τῶν</strong></span> <span class='ocrx_word' id='word_1_144' title='bbox 691 1021 809 1058; x_wconf 81' lang='grc' dir='ltr'>σημείων</span> 
     </span>
    </p>
   </div>
   <div class='ocr_carea' id='block_1_20' title="bbox 31 1059 809 1105">
    <p class='ocr_par' dir='ltr' id='par_1_20' title="bbox 31 1059 809 1105">
     <span class='ocr_line' id='line_1_21' title="bbox 31 1059 809 1105; baseline 0.001 -13"><span class='ocrx_word' id='word_1_145' title='bbox 31 1063 149 1100; x_wconf 80' lang='grc' dir='ltr'>ποιητική.</span> <span class='ocrx_word' id='word_1_146' title='bbox 176 1063 230 1094; x_wconf 80' lang='grc' dir='ltr'>Καὶ</span> <span class='ocrx_word' id='word_1_147' title='bbox 247 1063 277 1094; x_wconf 76' lang='grc' dir='ltr'><strong>σὺ</strong></span> <span class='ocrx_word' id='word_1_148' title='bbox 293 1064 318 1094; x_wconf 84' lang='grc' dir='ltr'><strong>τί</strong></span> <span class='ocrx_word' id='word_1_149' title='bbox 337 1064 436 1105; x_wconf 82' lang='grc' dir='ltr'>λέγεις,</span> <span class='ocrx_word' id='word_1_150' title='bbox 462 1059 485 1094; x_wconf 66' lang='grc' dir='ltr'><em>ὦ</em></span> <span class='ocrx_word' id='word_1_151' title='bbox 498 1062 623 1104; x_wconf 73' lang='grc' dir='ltr'>Ἐλληνς</span> <span class='ocrx_word' id='word_1_152' title='bbox 647 1063 740 1105; x_wconf 77' lang='grc' dir='ltr'>σοφίαν</span> <span class='ocrx_word' id='word_1_153' title='bbox 761 1067 809 1101; x_wconf 89' lang='grc' dir='ltr'>ζη-</span> 
     </span>
    </p>
   </div>
   <div class='ocr_carea' id='block_1_21' title="bbox 32 1106 808 1150">
    <p class='ocr_par' dir='ltr' id='par_1_21' title="bbox 32 1106 808 1150">
     <span class='ocr_line' id='line_1_22' title="bbox 32 1106 808 1150; baseline 0.004 -13"><span class='ocrx_word' id='word_1_154' title='bbox 32 1110 88 1147; x_wconf 59' lang='lat' dir='ltr'><strong>nit;</strong></span> <span class='ocrx_word' id='word_1_155' title='bbox 103 1106 193 1149; x_wconf 83' lang='grc' dir='ltr'>Ἔχεις</span> <span class='ocrx_word' id='word_1_156' title='bbox 214 1109 261 1139; x_wconf 79' lang='grc' dir='ltr'><strong>τὸν</strong></span> <span class='ocrx_word' id='word_1_157' title='bbox 282 1108 417 1150; x_wconf 75' lang='grc' dir='ltr'>Χριστὸν,</span> <span class='ocrx_word' id='word_1_158' title='bbox 432 1109 526 1149; x_wconf 78' lang='grc' dir='ltr'>σοφίαν</span> <span class='ocrx_word' id='word_1_159' title='bbox 544 1109 608 1140; x_wconf 83' lang='grc' dir='ltr'>ὄντα</span> <span class='ocrx_word' id='word_1_160' title='bbox 628 1111 673 1139; x_wconf 81' lang='grc' dir='ltr'><strong>τοῦ</strong></span> <span class='ocrx_word' id='word_1_161' title='bbox 691 1109 808 1149; x_wconf 79' lang='grc' dir='ltr'>Πατρός.</span> 
     </span>
    </p>
   </div>
   <div class='ocr_carea' id='block_1_22' title="bbox 68 1152 808 1195">
    <p class='ocr_par' dir='ltr' id='par_1_22' title="bbox 68 1152 808 1195">
     <span class='ocr_line' id='line_1_23' title="bbox 68 1152 808 1195; baseline 0.003 -14"><span class='ocrx_word' id='word_1_162' title='bbox 68 1152 149 1183; x_wconf 80' lang='grc' dir='ltr'>ιιὈτι</span> <span class='ocrx_word' id='word_1_163' title='bbox 171 1153 201 1184; x_wconf 82' lang='grc' dir='ltr'><strong>τὸ</strong></span> <span class='ocrx_word' id='word_1_164' title='bbox 227 1153 317 1194; x_wconf 79' lang='grc' dir='ltr'>μωρὸν</span> <span class='ocrx_word' id='word_1_165' title='bbox 342 1156 388 1184; x_wconf 84' lang='grc' dir='ltr'><strong>τοῦ</strong></span> <span class='ocrx_word' id='word_1_166' title='bbox 411 1155 482 1184; x_wconf 88' lang='grc' dir='ltr'>Θεοῦ</span> <span class='ocrx_word' id='word_1_167' title='bbox 511 1154 661 1195; x_wconf 75' lang='grc' dir='ltr'>σοφώτερον</span> <span class='ocrx_word' id='word_1_168' title='bbox 686 1156 737 1184; x_wconf 80' lang='grc' dir='ltr'><strong>τῶν</strong></span> <span class='ocrx_word' id='word_1_169' title='bbox 764 1156 808 1184; x_wconf 73' lang='grc' dir='ltr'><strong>ἀν-</strong></span> 
     </span>
    </p>
   </div>
   <div class='ocr_carea' id='block_1_23' title="bbox 33 1197 809 1239">
    <p class='ocr_par' dir='ltr' id='par_1_23' title="bbox 33 1197 809 1239">
     <span class='ocr_line' id='line_1_24' title="bbox 33 1197 809 1239; baseline 0.003 -13"><span class='ocrx_word' id='word_1_170' title='bbox 33 1197 128 1237; x_wconf 75' lang='grc' dir='ltr'>θρώπων</span> <span class='ocrx_word' id='word_1_171' title='bbox 148 1199 204 1229; x_wconf 75' lang='grc' dir='ltr'>ἐστί</span> <span class='ocrx_word' id='word_1_172' title='bbox 220 1210 228 1218; x_wconf 88' lang='grc'><strong>·</strong></span> <span class='ocrx_word' id='word_1_173' title='bbox 246 1198 292 1229; x_wconf 79' lang='grc' dir='ltr'><strong>καὶ</strong></span> <span class='ocrx_word' id='word_1_174' title='bbox 314 1198 344 1229; x_wconf 79' lang='grc' dir='ltr'><strong>τὸ</strong></span> <span class='ocrx_word' id='word_1_175' title='bbox 363 1199 470 1233; x_wconf 74' lang='grc' dir='ltr'>ἀσθενὲς</span> <span class='ocrx_word' id='word_1_176' title='bbox 490 1202 536 1230; x_wconf 86' lang='grc' dir='ltr'><strong>τοῦ</strong></span> <span class='ocrx_word' id='word_1_177' title='bbox 552 1201 621 1230; x_wconf 84' lang='grc' dir='ltr'>Θεοῦ</span> <span class='ocrx_word' id='word_1_178' title='bbox 642 1199 809 1239; x_wconf 72' lang='grc' dir='ltr'>ἰσχυρότερον</span> 
     </span>
    </p>
   </div>
   <div class='ocr_carea' id='block_1_24' title="bbox 33 1243 811 1284">
    <p class='ocr_par' dir='ltr' id='par_1_24' title="bbox 33 1243 811 1284">
     <span class='ocr_line' id='line_1_25' title="bbox 33 1243 811 1284; baseline 0.003 -14"><span class='ocrx_word' id='word_1_179' title='bbox 33 1244 75 1271; x_wconf 80' lang='grc' dir='ltr'><strong>τῶν</strong></span> <span class='ocrx_word' id='word_1_180' title='bbox 90 1243 231 1283; x_wconf 73' lang='grc' dir='ltr'>ἀνθρώπων</span> <span class='ocrx_word' id='word_1_181' title='bbox 249 1243 315 1274; x_wconf 72' lang='grc' dir='ltr'>ἕστί.</span> <span class='ocrx_word' id='word_1_182' title='bbox 331 1254 346 1273; x_wconf 72' lang='grc' dir='ltr'><strong><em>ι</em></strong></span> <span class='ocrx_word' id='word_1_183' title='bbox 362 1245 417 1274; x_wconf 86' lang='grc' dir='ltr'>Τὸν</span> <span class='ocrx_word' id='word_1_184' title='bbox 431 1243 544 1284; x_wconf 77' lang='grc' dir='ltr'>σταυρὸν</span> <span class='ocrx_word' id='word_1_185' title='bbox 565 1243 686 1282; x_wconf 76' lang='grc' dir='ltr'>ὀνομάζει</span> <span class='ocrx_word' id='word_1_186' title='bbox 707 1243 811 1284; x_wconf 87' lang='grc' dir='ltr'>μωρὸν,</span> 
     </span>
    </p>
   </div>
   <div class='ocr_carea' id='block_1_25' title="bbox 33 1287 810 1330">
    <p class='ocr_par' dir='ltr' id='par_1_25' title="bbox 33 1287 810 1330">
     <span class='ocr_line' id='line_1_26' title="bbox 33 1287 810 1330; baseline 0.001 -14"><span class='ocrx_word' id='word_1_187' title='bbox 33 1288 61 1320; x_wconf 75' lang='grc' dir='ltr'><strong>ὡς</strong></span> <span class='ocrx_word' id='word_1_188' title='bbox 80 1287 143 1318; x_wconf 76' lang='grc' dir='ltr'>οὕτω</span> <span class='ocrx_word' id='word_1_189' title='bbox 169 1289 296 1319; x_wconf 75' lang='grc' dir='ltr'>δοκοῦντα</span> <span class='ocrx_word' id='word_1_190' title='bbox 318 1301 324 1307; x_wconf 90' lang='grc'><strong>·</strong></span> <span class='ocrx_word' id='word_1_191' title='bbox 350 1288 498 1330; x_wconf 82' lang='grc' dir='ltr'>σοφώτερον</span> <span class='ocrx_word' id='word_1_192' title='bbox 527 1288 616 1328; x_wconf 77' lang='grc' dir='ltr'>μέντοι</span> <span class='ocrx_word' id='word_1_193' title='bbox 636 1291 688 1318; x_wconf 81' lang='grc' dir='ltr'><strong>τῶν</strong></span> <span class='ocrx_word' id='word_1_194' title='bbox 712 1287 810 1328; x_wconf 72' lang='grc' dir='ltr'>ἀνθρώ-</span> 
     </span>
    </p>
   </div>
   <div class='ocr_carea' id='block_1_26' title="bbox 31 1333 810 1375">
    <p class='ocr_par' dir='ltr' id='par_1_26' title="bbox 31 1333 810 1375">
     <span class='ocr_line' id='line_1_27' title="bbox 31 1333 810 1375; baseline 0.003 -15"><span class='ocrx_word' id='word_1_195' title='bbox 31 1344 78 1360; x_wconf 81' lang='grc' dir='ltr'><strong>πων</strong></span> <span class='ocrx_word' id='word_1_196' title='bbox 98 1333 173 1363; x_wconf 78' lang='grc' dir='ltr'>ἰστίν.</span> <span class='ocrx_word' id='word_1_197' title='bbox 196 1335 232 1364; x_wconf 79' lang='grc' dir='ltr'><strong>οἱ</strong></span> <span class='ocrx_word' id='word_1_198' title='bbox 261 1333 308 1372; x_wconf 70' lang='grc' dir='ltr'>μὲν</span> <span class='ocrx_word' id='word_1_199' title='bbox 331 1334 382 1374; x_wconf 80' lang='grc' dir='ltr'><strong>γὰρ</strong></span> <span class='ocrx_word' id='word_1_200' title='bbox 406 1334 544 1375; x_wconf 72' lang='grc' dir='ltr'>φιλόσοφοι</span> <span class='ocrx_word' id='word_1_201' title='bbox 560 1333 621 1374; x_wconf 78' lang='grc' dir='ltr'>περὶ</span> <span class='ocrx_word' id='word_1_202' title='bbox 646 1333 739 1374; x_wconf 78' lang='grc' dir='ltr'>ψυχρὰ</span> <span class='ocrx_word' id='word_1_203' title='bbox 763 1333 810 1362; x_wconf 81' lang='grc' dir='ltr'>καὶ</span> 
     </span>
    </p>
   </div>
   <div class='ocr_carea' id='block_1_27' title="bbox 33 1376 810 1420">
    <p class='ocr_par' dir='ltr' id='par_1_27' title="bbox 33 1376 810 1420">
     <span class='ocr_line' id='line_1_28' title="bbox 33 1376 810 1420; baseline 0.004 -15"><span class='ocrx_word' id='word_1_204' title='bbox 33 1376 131 1414; x_wconf 70' lang='grc' dir='ltr'>ἀνόνητα</span> <span class='ocrx_word' id='word_1_205' title='bbox 159 1377 352 1420; x_wconf 80' lang='grc' dir='ltr'>ἡσχολήθησαν</span> <span class='ocrx_word' id='word_1_206' title='bbox 379 1390 386 1397; x_wconf 90' lang='grc'>·</span> <span class='ocrx_word' id='word_1_207' title='bbox 413 1380 427 1408; x_wconf 85' lang='lat'><strong>6</strong></span> <span class='ocrx_word' id='word_1_208' title='bbox 457 1378 484 1408; x_wconf 69' lang='grc' dir='ltr'>δὲ</span> <span class='ocrx_word' id='word_1_209' title='bbox 507 1378 619 1418; x_wconf 78' lang='grc' dir='ltr'>σταυρὸς</span> <span class='ocrx_word' id='word_1_210' title='bbox 638 1379 683 1408; x_wconf 85' lang='grc' dir='ltr'><strong>τὸν</strong></span> <span class='ocrx_word' id='word_1_211' title='bbox 711 1378 810 1417; x_wconf 78' lang='grc' dir='ltr'>κόσμον</span> 
     </span>
    </p>
   </div>
   <div class='ocr_carea' id='block_1_28' title="bbox 32 1421 812 1460">
    <p class='ocr_par' dir='ltr' id='par_1_28' title="bbox 32 1421 812 1460">
     <span class='ocr_line' id='line_1_29' title="bbox 32 1421 812 1460; baseline 0.003 -9"><span class='ocrx_word' id='word_1_212' title='bbox 32 1421 111 1452; x_wconf 84' lang='grc' dir='ltr'>ἔσωσε.</span> <span class='ocrx_word' id='word_1_213' title='bbox 127 1424 178 1453; x_wconf 79' lang='grc' dir='ltr'><strong>Καὶ</strong></span> <span class='ocrx_word' id='word_1_214' title='bbox 197 1422 304 1456; x_wconf 70' lang='grc' dir='ltr'>ἀσθενὲς</span> <span class='ocrx_word' id='word_1_215' title='bbox 325 1422 352 1453; x_wconf 79' lang='grc' dir='ltr'>δὲ</span> <span class='ocrx_word' id='word_1_216' title='bbox 374 1424 463 1460; x_wconf 82' lang='grc' dir='ltr'>δοκεῖ,</span> <span class='ocrx_word' id='word_1_217' title='bbox 478 1425 513 1457; x_wconf 80' lang='grc' dir='ltr'><strong>ὡς</strong></span> <span class='ocrx_word' id='word_1_218' title='bbox 531 1423 555 1458; x_wconf 73' lang='grc' dir='ltr'>εξ</span> <span class='ocrx_word' id='word_1_219' title='bbox 581 1423 715 1456; x_wconf 77' lang='grc' dir='ltr'>ἀσθενείας</span> <span class='ocrx_word' id='word_1_220' title='bbox 731 1435 812 1453; x_wconf 88' lang='grc' dir='ltr'>σταυ-</span> 
     </span>
    </p>
   </div>
   <div class='ocr_carea' id='block_1_29' title="bbox 35 1466 812 1509">
    <p class='ocr_par' dir='ltr' id='par_1_29' title="bbox 35 1466 812 1509">
     <span class='ocr_line' id='line_1_30' title="bbox 35 1466 812 1509; baseline 0.003 -14"><span class='ocrx_word' id='word_1_221' title='bbox 35 1466 142 1505; x_wconf 76' lang='grc' dir='ltr'>ρωθέντος</span> <span class='ocrx_word' id='word_1_222' title='bbox 164 1472 210 1498; x_wconf 79' lang='grc' dir='ltr'><strong>τοῦ</strong></span> <span class='ocrx_word' id='word_1_223' title='bbox 235 1468 354 1508; x_wconf 79' lang='grc' dir='ltr'>Χριστοῦ</span> <span class='ocrx_word' id='word_1_224' title='bbox 382 1481 388 1488; x_wconf 92' lang='grc'><strong>·</strong></span> <span class='ocrx_word' id='word_1_225' title='bbox 411 1468 469 1498; x_wconf 74' lang='grc' dir='ltr'>ἀλλ’</span> <span class='ocrx_word' id='word_1_226' title='bbox 493 1470 661 1509; x_wconf 80' lang='grc' dir='ltr'>ἰσχυρότερον</span> <span class='ocrx_word' id='word_1_227' title='bbox 688 1469 740 1497; x_wconf 84' lang='grc' dir='ltr'><strong>τῶν</strong></span> <span class='ocrx_word' id='word_1_228' title='bbox 763 1469 812 1497; x_wconf 80' lang='grc' dir='ltr'><strong>ἆν-</strong></span> 
     </span>
    </p>
   </div>
   <div class='ocr_carea' id='block_1_30' title="bbox 33 1504 854 1554">
    <p class='ocr_par' dir='ltr' id='par_1_30' title="bbox 33 1504 854 1554">
     <span class='ocr_line' id='line_1_31' title="bbox 33 1504 854 1554; baseline 0.005 -15"><span class='ocrx_word' id='word_1_229' title='bbox 33 1504 129 1550; x_wconf 69' lang='grc' dir='ltr'>θρώπων</span> <span class='ocrx_word' id='word_1_230' title='bbox 152 1513 242 1552; x_wconf 80' lang='grc' dir='ltr'>ἐστὶν,</span> <span class='ocrx_word' id='word_1_231' title='bbox 266 1504 295 1542; x_wconf 74' lang='grc' dir='ltr'>οὐ</span> <span class='ocrx_word' id='word_1_232' title='bbox 321 1513 398 1552; x_wconf 85' lang='grc' dir='ltr'>μόνον</span> <span class='ocrx_word' id='word_1_233' title='bbox 423 1513 475 1549; x_wconf 76' lang='grc' dir='ltr'>ὅτι,</span> <span class='ocrx_word' id='word_1_234' title='bbox 503 1504 604 1553; x_wconf 45' lang='grc' dir='ltr'>μὐρίων</span> <span class='ocrx_word' id='word_1_235' title='bbox 619 1504 812 1554; x_wconf 56' lang='grc' dir='ltr'>ἶπιχειρησοίν-</span> <span class='ocrx_word' id='word_1_236' title='bbox 831 1504 854 1536; x_wconf 78' lang='lat' dir='ltr'><strong>C</strong></span> 
     </span>
    </p>
   </div>
   <div class='ocr_carea' id='block_1_31' title="bbox 34 1556 816 1597">
    <p class='ocr_par' dir='ltr' id='par_1_31' title="bbox 34 1556 816 1597">
     <span class='ocr_line' id='line_1_32' title="bbox 34 1556 816 1597; baseline 0.005 -14"><span class='ocrx_word' id='word_1_237' title='bbox 34 1566 75 1584; x_wconf 77' lang='grc' dir='ltr'>των</span> <span class='ocrx_word' id='word_1_238' title='bbox 89 1556 177 1586; x_wconf 76' lang='grc' dir='ltr'>σϐέσαι</span> <span class='ocrx_word' id='word_1_239' title='bbox 195 1557 226 1588; x_wconf 73' lang='grc' dir='ltr'><strong>τὸ</strong></span> <span class='ocrx_word' id='word_1_240' title='bbox 250 1557 333 1596; x_wconf 76' lang='grc' dir='ltr'>ὄνομα</span> <span class='ocrx_word' id='word_1_241' title='bbox 349 1560 444 1594; x_wconf 72' lang='grc' dir='ltr'>τοῗτο,</span> <span class='ocrx_word' id='word_1_242' title='bbox 466 1559 537 1588; x_wconf 75' lang='grc' dir='ltr'>ἀνθεῖ</span> <span class='ocrx_word' id='word_1_243' title='bbox 561 1559 661 1597; x_wconf 76' lang='grc' dir='ltr'>μᾶλλον</span> <span class='ocrx_word' id='word_1_244' title='bbox 677 1570 684 1576; x_wconf 90' lang='grc'>·</span> <span class='ocrx_word' id='word_1_245' title='bbox 700 1557 759 1587; x_wconf 80' lang='grc' dir='ltr'>ἀλλ’</span> <span class='ocrx_word' id='word_1_246' title='bbox 774 1557 816 1587; x_wconf 77' lang='grc' dir='ltr'><strong>ὅτι</strong></span> 
     </span>
    </p>
   </div>
   <div class='ocr_carea' id='block_1_32' title="bbox 33 1600 817 1644">
    <p class='ocr_par' dir='ltr' id='par_1_32' title="bbox 33 1600 817 1644">
     <span class='ocr_line' id='line_1_33' title="bbox 33 1600 817 1644; baseline 0.004 -16"><span class='ocrx_word' id='word_1_247' title='bbox 33 1600 69 1629; x_wconf 80' lang='grc' dir='ltr'><strong>καὶ</strong></span> <span class='ocrx_word' id='word_1_248' title='bbox 88 1601 127 1631; x_wconf 78' lang='grc' dir='ltr'><strong>διὰ</strong></span> <span class='ocrx_word' id='word_1_249' title='bbox 149 1604 194 1632; x_wconf 78' lang='grc' dir='ltr'><strong>τοῦ</strong></span> <span class='ocrx_word' id='word_1_250' title='bbox 218 1603 357 1636; x_wconf 79' lang='grc' dir='ltr'>δοκοῦντος</span> <span class='ocrx_word' id='word_1_251' title='bbox 379 1603 504 1636; x_wconf 73' lang='grc' dir='ltr'>ἀσθενοῦς</span> <span class='ocrx_word' id='word_1_252' title='bbox 528 1605 542 1633; x_wconf 89' lang='lat'><strong>6</strong></span> <span class='ocrx_word' id='word_1_253' title='bbox 566 1602 673 1644; x_wconf 85' lang='grc' dir='ltr'>ἰσχυρὸς</span> <span class='ocrx_word' id='word_1_254' title='bbox 695 1601 817 1637; x_wconf 77' lang='grc' dir='ltr'>διάϐολος</span> 
     </span>
    </p>
   </div>
   <div class='ocr_carea' id='block_1_33' title="bbox 33 1644 816 1685">
    <p class='ocr_par' dir='ltr' id='par_1_33' title="bbox 33 1644 816 1685">
     <span class='ocr_line' id='line_1_34' title="bbox 33 1644 816 1685; baseline 0.004 -11"><span class='ocrx_word' id='word_1_255' title='bbox 33 1644 102 1682; x_wconf 72' lang='grc' dir='ltr'>ἐδέθη.</span> <span class='ocrx_word' id='word_1_256' title='bbox 119 1647 234 1677; x_wconf 84' lang='grc' dir='ltr'>Δόνασαι</span> <span class='ocrx_word' id='word_1_257' title='bbox 261 1647 289 1677; x_wconf 86' lang='grc' dir='ltr'>δὲ</span> <span class='ocrx_word' id='word_1_258' title='bbox 310 1647 355 1677; x_wconf 83' lang='grc' dir='ltr'>καὶ</span> <span class='ocrx_word' id='word_1_259' title='bbox 377 1647 446 1678; x_wconf 81' lang='grc' dir='ltr'>οὕτω</span> <span class='ocrx_word' id='word_1_260' title='bbox 471 1650 556 1678; x_wconf 80' lang='grc' dir='ltr'>ταῦτα</span> <span class='ocrx_word' id='word_1_261' title='bbox 577 1651 688 1685; x_wconf 82' lang='grc' dir='ltr'>νοῆσαι,</span> <span class='ocrx_word' id='word_1_262' title='bbox 705 1646 747 1677; x_wconf 75' lang='grc' dir='ltr'>ὅτι</span> <span class='ocrx_word' id='word_1_263' title='bbox 771 1648 816 1677; x_wconf 69' lang='grc' dir='ltr'><strong>ἐπὶ</strong></span> 
     </span>
    </p>
   </div>
   <div class='ocr_carea' id='block_1_34' title="bbox 33 1691 814 1733">
    <p class='ocr_par' dir='ltr' id='par_1_34' title="bbox 33 1691 814 1733">
     <span class='ocr_line' id='line_1_35' title="bbox 33 1691 814 1733; baseline 0.005 -14"><span class='ocrx_word' id='word_1_264' title='bbox 33 1691 92 1720; x_wconf 82' lang='grc' dir='ltr'>Θεοῦ</span> <span class='ocrx_word' id='word_1_265' title='bbox 111 1691 138 1721; x_wconf 78' lang='grc' dir='ltr'><strong>τὸ</strong></span> <span class='ocrx_word' id='word_1_266' title='bbox 152 1692 300 1733; x_wconf 73' lang='grc' dir='ltr'>δπέρσοφον</span> <span class='ocrx_word' id='word_1_267' title='bbox 325 1692 423 1732; x_wconf 79' lang='grc' dir='ltr'>ἄσοφον</span> <span class='ocrx_word' id='word_1_268' title='bbox 444 1692 569 1732; x_wconf 80' lang='grc' dir='ltr'>λέγεται,</span> <span class='ocrx_word' id='word_1_269' title='bbox 593 1692 608 1721; x_wconf 83' lang='grc'><strong><em>8</em></strong></span> <span class='ocrx_word' id='word_1_270' title='bbox 629 1693 686 1722; x_wconf 68' lang='grc' dir='ltr'>ἐστι</span> <span class='ocrx_word' id='word_1_271' title='bbox 701 1692 791 1732; x_wconf 87' lang='grc' dir='ltr'>μωρόν</span> <span class='ocrx_word' id='word_1_272' title='bbox 808 1704 814 1711; x_wconf 90' lang='grc'><strong>·</strong></span> 
     </span>
    </p>
   </div>
   <div class='ocr_carea' id='block_1_35' title="bbox 33 1734 814 1778">
    <p class='ocr_par' dir='ltr' id='par_1_35' title="bbox 33 1734 814 1778">
     <span class='ocr_line' id='line_1_36' title="bbox 33 1734 814 1778; baseline 0.006 -16"><span class='ocrx_word' id='word_1_273' title='bbox 33 1734 70 1762; x_wconf 78' lang='grc' dir='ltr'>καὶ</span> <span class='ocrx_word' id='word_1_274' title='bbox 84 1736 232 1776; x_wconf 71' lang='grc' dir='ltr'>ἱπερσθενὲς</span> <span class='ocrx_word' id='word_1_275' title='bbox 246 1759 255 1773; x_wconf 89' lang='lat'><strong>,</strong></span> <span class='ocrx_word' id='word_1_276' title='bbox 278 1736 384 1770; x_wconf 78' lang='grc' dir='ltr'>ἀσθενές</span> <span class='ocrx_word' id='word_1_277' title='bbox 401 1749 407 1755; x_wconf 92' lang='grc'><strong>·</strong></span> <span class='ocrx_word' id='word_1_278' title='bbox 430 1736 522 1778; x_wconf 80' lang='grc' dir='ltr'>ὥσπερ</span> <span class='ocrx_word' id='word_1_279' title='bbox 538 1737 583 1766; x_wconf 80' lang='grc' dir='ltr'><strong>καὶ</strong></span> <span class='ocrx_word' id='word_1_280' title='bbox 608 1736 639 1767; x_wconf 77' lang='grc' dir='ltr'><strong>τὸ</strong></span> <span class='ocrx_word' id='word_1_281' title='bbox 660 1736 814 1778; x_wconf 79' lang='grc' dir='ltr'>ὓπέρφωτον</span> 
     </span>
    </p>
   </div>
   <div class='ocr_carea' id='block_1_36' title="bbox 34 1780 521 1823">
    <p class='ocr_par' dir='ltr' id='par_1_36' title="bbox 34 1780 521 1823">
     <span class='ocr_line' id='line_1_37' title="bbox 34 1780 521 1823; baseline 0.008 -15"><span class='ocrx_word' id='word_1_282' title='bbox 34 1780 99 1810; x_wconf 79' lang='grc' dir='ltr'>αὐτοῦ</span> <span class='ocrx_word' id='word_1_283' title='bbox 118 1781 220 1821; x_wconf 73' lang='grc' dir='ltr'>λέγεται</span> <span class='ocrx_word' id='word_1_284' title='bbox 236 1781 332 1816; x_wconf 83' lang='grc' dir='ltr'>σκότος</span> <span class='ocrx_word' id='word_1_285' title='bbox 354 1781 401 1811; x_wconf 79' lang='grc' dir='ltr'><strong>καὶ</strong></span> <span class='ocrx_word' id='word_1_286' title='bbox 418 1782 521 1823; x_wconf 71' lang='grc' dir='ltr'>γνόφος.</span> 
     </span>
    </p>
   </div>
   <div class='ocr_carea' id='block_1_37' title="bbox 824 869 849 900">
    <p class='ocr_par' dir='ltr' id='par_1_37' title="bbox 824 869 849 900">
     <span class='ocr_line' id='line_1_38' title="bbox 824 869 849 900; baseline 0 0"><span class='ocrx_word' id='word_1_287' title='bbox 824 869 849 900; x_wconf 91' lang='grc' dir='ltr'><strong>Β</strong></span> 
     </span>
    </p>
   </div>
   <div class='ocr_carea' id='block_1_38' title="bbox 68 1870 817 1912">
    <p class='ocr_par' dir='ltr' id='par_1_38' title="bbox 68 1870 817 1912">
     <span class='ocr_line' id='line_1_39' title="bbox 68 1870 817 1912; baseline -0.001 -11"><span class='ocrx_word' id='word_1_288' title='bbox 68 1881 80 1898; x_wconf 78' lang='grc' dir='ltr'><strong>ε</strong></span> <span class='ocrx_word' id='word_1_289' title='bbox 95 1870 206 1901; x_wconf 74' lang='grc' dir='ltr'>Βλέπετε</span> <span class='ocrx_word' id='word_1_290' title='bbox 220 1871 275 1912; x_wconf 83' lang='grc' dir='ltr'><strong>γὰρ</strong></span> <span class='ocrx_word' id='word_1_291' title='bbox 289 1870 338 1908; x_wconf 78' lang='grc' dir='ltr'><strong>τὴν</strong></span> <span class='ocrx_word' id='word_1_292' title='bbox 355 1873 449 1907; x_wconf 84' lang='grc' dir='ltr'>κλῆσιν</span> <span class='ocrx_word' id='word_1_293' title='bbox 467 1872 541 1909; x_wconf 72' lang='grc' dir='ltr'>ὑμῶν</span> <span class='ocrx_word' id='word_1_294' title='bbox 553 1896 559 1907; x_wconf 86' lang='grc'><strong>,</strong></span> <span class='ocrx_word' id='word_1_295' title='bbox 587 1870 696 1912; x_wconf 72' lang='grc' dir='ltr'>ἀδελφοὶ</span> <span class='ocrx_word' id='word_1_296' title='bbox 706 1894 716 1910; x_wconf 85' lang='grc'><strong>,</strong></span> <span class='ocrx_word' id='word_1_297' title='bbox 731 1870 772 1901; x_wconf 71' lang='grc' dir='ltr'><strong>ὅτι</strong></span> <span class='ocrx_word' id='word_1_298' title='bbox 787 1872 817 1901; x_wconf 86' lang='grc' dir='ltr'>οὐ</span> 
     </span>
    </p>
   </div>
   <div class='ocr_carea' id='block_1_39' title="bbox 34 1914 816 1958">
    <p class='ocr_par' dir='ltr' id='par_1_39' title="bbox 34 1914 816 1958">
     <span class='ocr_line' id='line_1_40' title="bbox 34 1914 816 1958; baseline 0.003 -15"><span class='ocrx_word' id='word_1_299' title='bbox 34 1914 113 1944; x_wconf 77' lang='grc' dir='ltr'>πολλοὶ</span> <span class='ocrx_word' id='word_1_300' title='bbox 142 1917 214 1958; x_wconf 76' lang='grc' dir='ltr'>σοφοὶ</span> <span class='ocrx_word' id='word_1_301' title='bbox 237 1916 307 1946; x_wconf 77' lang='grc' dir='ltr'>κατὰ</span> <span class='ocrx_word' id='word_1_302' title='bbox 337 1915 441 1957; x_wconf 78' lang='grc' dir='ltr'>σάρκα,</span> <span class='ocrx_word' id='word_1_303' title='bbox 466 1917 495 1946; x_wconf 81' lang='grc' dir='ltr'>οὗ</span> <span class='ocrx_word' id='word_1_304' title='bbox 519 1916 612 1946; x_wconf 80' lang='grc' dir='ltr'>πολλοὶ</span> <span class='ocrx_word' id='word_1_305' title='bbox 639 1916 764 1952; x_wconf 78' lang='grc' dir='ltr'>δυνατοὶ,</span> <span class='ocrx_word' id='word_1_306' title='bbox 787 1916 816 1945; x_wconf 82' lang='grc' dir='ltr'>οὖ</span> 
     </span>
    </p>
   </div>
   <div class='ocr_carea' id='block_1_40' title="bbox 34 1959 814 2002">
    <p class='ocr_par' dir='ltr' id='par_1_40' title="bbox 34 1959 814 2002">
     <span class='ocr_line' id='line_1_41' title="bbox 34 1959 814 2002; baseline 0 -12"><span class='ocrx_word' id='word_1_307' title='bbox 34 1959 112 1989; x_wconf 77' lang='grc' dir='ltr'>πολλοὶ</span> <span class='ocrx_word' id='word_1_308' title='bbox 131 1961 254 2001; x_wconf 82' lang='grc' dir='ltr'>εὐγενεῖς.</span> <span class='ocrx_word' id='word_1_309' title='bbox 276 1976 288 1988; x_wconf 78' lang='grc' dir='ltr'>ι</span> <span class='ocrx_word' id='word_1_310' title='bbox 304 1961 524 2002; x_wconf 82' lang='grc' dir='ltr'>Ἐπισκέψασθε,</span> <span class='ocrx_word' id='word_1_311' title='bbox 542 1961 607 2001; x_wconf 84' lang='grc' dir='ltr'>φησὶ</span> <span class='ocrx_word' id='word_1_312' title='bbox 616 1986 626 2000; x_wconf 78' lang='lat'><strong>,</strong></span> <span class='ocrx_word' id='word_1_313' title='bbox 644 1960 689 1991; x_wconf 78' lang='grc' dir='ltr'>καὶ</span> <span class='ocrx_word' id='word_1_314' title='bbox 713 1962 814 2002; x_wconf 77' lang='grc' dir='ltr'>διερευ-</span> 
     </span>
    </p>
   </div>
   <div class='ocr_carea' id='block_1_41' title="bbox 34 2002 816 2046">
    <p class='ocr_par' dir='ltr' id='par_1_41' title="bbox 34 2002 816 2046">
     <span class='ocr_line' id='line_1_42' title="bbox 34 2002 816 2046; baseline 0.003 -12"><span class='ocrx_word' id='word_1_315' title='bbox 34 2002 116 2038; x_wconf 64' lang='lat' dir='ltr'><strong>Vticam</strong></span> <span class='ocrx_word' id='word_1_316' title='bbox 137 2005 194 2040; x_wconf 81' lang='grc' dir='ltr'>τοὺς</span> <span class='ocrx_word' id='word_1_317' title='bbox 218 2007 366 2043; x_wconf 81' lang='grc' dir='ltr'>κληθέντας</span> <span class='ocrx_word' id='word_1_318' title='bbox 386 2007 421 2040; x_wconf 85' lang='grc' dir='ltr'><strong>εἰς</strong></span> <span class='ocrx_word' id='word_1_319' title='bbox 436 2006 484 2043; x_wconf 83' lang='grc' dir='ltr'><strong>τὴν</strong></span> <span class='ocrx_word' id='word_1_320' title='bbox 507 2007 612 2044; x_wconf 83' lang='grc' dir='ltr'>πίστιν,</span> <span class='ocrx_word' id='word_1_321' title='bbox 628 2006 674 2036; x_wconf 81' lang='grc' dir='ltr'><strong>καὶ</strong></span> <span class='ocrx_word' id='word_1_322' title='bbox 690 2006 816 2046; x_wconf 82' lang='grc' dir='ltr'>εὓρήσετε</span> 
     </span>
    </p>
   </div>
   <div class='ocr_carea' id='block_1_42' title="bbox 33 2046 818 2092">
    <p class='ocr_par' dir='ltr' id='par_1_42' title="bbox 33 2046 818 2092">
     <span class='ocr_line' id='line_1_43' title="bbox 33 2046 818 2092; baseline 0.003 -14"><span class='ocrx_word' id='word_1_323' title='bbox 33 2046 65 2077; x_wconf 72' lang='grc' dir='ltr'>δτι</span> <span class='ocrx_word' id='word_1_324' title='bbox 85 2050 111 2079; x_wconf 84' lang='grc' dir='ltr'>οὖ</span> <span class='ocrx_word' id='word_1_325' title='bbox 129 2051 222 2081; x_wconf 77' lang='grc' dir='ltr'>πολλοὶ</span> <span class='ocrx_word' id='word_1_326' title='bbox 242 2051 319 2091; x_wconf 69' lang='grc' dir='ltr'>σοφοὶ</span> <span class='ocrx_word' id='word_1_327' title='bbox 343 2050 411 2081; x_wconf 84' lang='grc' dir='ltr'>κατὰ</span> <span class='ocrx_word' id='word_1_328' title='bbox 427 2051 532 2092; x_wconf 78' lang='grc' dir='ltr'>σάρκα,</span> <span class='ocrx_word' id='word_1_329' title='bbox 549 2051 688 2092; x_wconf 63' lang='grc' dir='ltr'>τουτέστι,</span> <span class='ocrx_word' id='word_1_330' title='bbox 704 2051 774 2080; x_wconf 80' lang='grc' dir='ltr'>κατὰ</span> <span class='ocrx_word' id='word_1_331' title='bbox 787 2050 818 2080; x_wconf 85' lang='grc' dir='ltr'><strong>τὸ</strong></span> 
     </span>
    </p>
   </div>
   <div class='ocr_carea' id='block_1_43' title="bbox 34 2090 818 2137">
    <p class='ocr_par' dir='ltr' id='par_1_43' title="bbox 34 2090 818 2137">
     <span class='ocr_line' id='line_1_44' title="bbox 34 2090 818 2137; baseline 0.003 -15"><span class='ocrx_word' id='word_1_332' title='bbox 34 2094 172 2133; x_wconf 69' lang='grc' dir='ltr'>φαινόμενον</span> <span class='ocrx_word' id='word_1_333' title='bbox 184 2118 193 2132; x_wconf 90' lang='grc'><strong>,</strong></span> <span class='ocrx_word' id='word_1_334' title='bbox 210 2090 287 2126; x_wconf 18' lang='grc' dir='ltr'>κατὰγ</span> <span class='ocrx_word' id='word_1_335' title='bbox 301 2096 345 2125; x_wconf 83' lang='grc' dir='ltr'><strong>τὸν</strong></span> <span class='ocrx_word' id='word_1_336' title='bbox 361 2090 479 2137; x_wconf 76' lang='grc' dir='ltr'>παρόντα</span> <span class='ocrx_word' id='word_1_337' title='bbox 497 2096 642 2137; x_wconf 40' lang='grc' dir='ltr'>βίονηοῦκ</span> <span class='ocrx_word' id='word_1_338' title='bbox 657 2090 714 2125; x_wconf 80' lang='grc' dir='ltr'>εἶπε</span> <span class='ocrx_word' id='word_1_339' title='bbox 727 2095 764 2132; x_wconf 63' lang='grc' dir='ltr'>δὲ,</span> <span class='ocrx_word' id='word_1_340' title='bbox 777 2095 818 2125; x_wconf 76' lang='grc' dir='ltr'>ὅτι</span> 
     </span>
    </p>
   </div>
   <div class='ocr_carea' id='block_1_44' title="bbox 35 2135 817 2182">
    <p class='ocr_par' dir='ltr' id='par_1_44' title="bbox 35 2135 817 2182">
     <span class='ocr_line' id='line_1_45' title="bbox 35 2135 817 2182; baseline 0.003 -14"><span class='ocrx_word' id='word_1_341' title='bbox 35 2137 115 2173; x_wconf 72' lang='grc' dir='ltr'>Οὐδεὶς</span> <span class='ocrx_word' id='word_1_342' title='bbox 128 2140 219 2182; x_wconf 75' lang='grc' dir='ltr'>σοφὸς,</span> <span class='ocrx_word' id='word_1_343' title='bbox 233 2141 294 2171; x_wconf 83' lang='grc' dir='ltr'>ἀλλ’</span> <span class='ocrx_word' id='word_1_344' title='bbox 304 2163 313 2178; x_wconf 89' lang='grc'><strong>,</strong></span> <span class='ocrx_word' id='word_1_345' title='bbox 334 2152 349 2170; x_wconf 83' lang='grc' dir='ltr'><strong>α</strong></span> <span class='ocrx_word' id='word_1_346' title='bbox 364 2135 407 2171; x_wconf 33' lang='grc' dir='ltr'><strong>Οὐ.</strong></span> <span class='ocrx_word' id='word_1_347' title='bbox 421 2135 525 2172; x_wconf 81' lang='grc' dir='ltr'>πολλοί.</span> <span class='ocrx_word' id='word_1_348' title='bbox 543 2152 557 2170; x_wconf 71' lang='grc' dir='ltr'>ι)</span> <span class='ocrx_word' id='word_1_349' title='bbox 572 2135 663 2171; x_wconf 65' lang='grc' dir='ltr'>’Ἦσαν</span> <span class='ocrx_word' id='word_1_350' title='bbox 676 2141 728 2180; x_wconf 75' lang='grc' dir='ltr'><strong>γὰρ</strong></span> <span class='ocrx_word' id='word_1_351' title='bbox 741 2140 817 2181; x_wconf 77' lang='grc' dir='ltr'>σοφοὶ</span> 
     </span>
    </p>
   </div>
   <div class='ocr_carea' id='block_1_45' title="bbox 34 2182 817 2226">
    <p class='ocr_par' dir='ltr' id='par_1_45' title="bbox 34 2182 817 2226">
     <span class='ocr_line' id='line_1_46' title="bbox 34 2182 817 2226; baseline 0.004 -15"><span class='ocrx_word' id='word_1_352' title='bbox 34 2182 71 2211; x_wconf 79' lang='grc' dir='ltr'>καὶ</span> <span class='ocrx_word' id='word_1_353' title='bbox 84 2185 107 2213; x_wconf 77' lang='grc' dir='ltr'>ἐν</span> <span class='ocrx_word' id='word_1_354' title='bbox 167 2185 278 2222; x_wconf 84' lang='grc' dir='ltr'>πίστει,</span> <span class='ocrx_word' id='word_1_355' title='bbox 292 2187 329 2220; x_wconf 80' lang='grc' dir='ltr'>ὣς</span> <span class='ocrx_word' id='word_1_356' title='bbox 346 2187 360 2216; x_wconf 89' lang='lat'><strong>6</strong></span> <span class='ocrx_word' id='word_1_357' title='bbox 378 2186 584 2226; x_wconf 80' lang='grc' dir='ltr'>Ἀρεοπαγίτης,</span> <span class='ocrx_word' id='word_1_358' title='bbox 605 2187 640 2219; x_wconf 81' lang='grc' dir='ltr'><strong>ὡς</strong></span> <span class='ocrx_word' id='word_1_359' title='bbox 657 2187 671 2215; x_wconf 89' lang='lat'><strong>6</strong></span> <span class='ocrx_word' id='word_1_360' title='bbox 693 2184 817 2214; x_wconf 83' lang='grc' dir='ltr'>ἀνθύπα-</span> 
     </span>
    </p>
   </div>
   <div class='ocr_carea' id='block_1_46' title="bbox 35 2229 855 2274">
    <p class='ocr_par' dir='ltr' id='par_1_46' title="bbox 35 2229 855 2274">
     <span class='ocr_line' id='line_1_47' title="bbox 35 2229 855 2274; baseline 0.001 -16"><span class='ocrx_word' id='word_1_361' title='bbox 35 2229 130 2274; x_wconf 39' lang='lat' dir='ltr'><strong>simul</strong></span> <span class='ocrx_word' id='word_1_362' title='bbox 142 2229 226 2270; x_wconf 74' lang='grc' dir='ltr'>ἕτεροι</span> <span class='ocrx_word' id='word_1_363' title='bbox 241 2229 274 2266; x_wconf 81' lang='grc' dir='ltr'>δὴ</span> <span class='ocrx_word' id='word_1_364' title='bbox 291 2230 331 2269; x_wconf 90' lang='grc'>[</span> <span class='ocrx_word' id='word_1_365' title='bbox 355 2230 401 2269; x_wconf 65' lang='grc' dir='ltr'><strong>δὲ]</strong></span> <span class='ocrx_word' id='word_1_366' title='bbox 416 2233 440 2261; x_wconf 76' lang='grc' dir='ltr'>οἱ</span> <span class='ocrx_word' id='word_1_367' title='bbox 462 2230 500 2269; x_wconf 80' lang='grc' dir='ltr'><strong>μὴ</strong></span> <span class='ocrx_word' id='word_1_368' title='bbox 515 2231 642 2267; x_wconf 80' lang='grc' dir='ltr'>ὀνομαστὶ</span> <span class='ocrx_word' id='word_1_369' title='bbox 656 2232 701 2260; x_wconf 86' lang='grc' dir='ltr'><strong>νῦν</strong></span> <span class='ocrx_word' id='word_1_370' title='bbox 717 2241 815 2271; x_wconf 88' lang='grc' dir='ltr'>γνωρι-</span> <span class='ocrx_word' id='word_1_371' title='bbox 830 2242 855 2274; x_wconf 79' lang='lat' dir='ltr'><strong>D</strong></span> 
     </span>
    </p>
   </div>
   <div class='ocr_carea' id='block_1_47' title="bbox 35 2272 812 2315">
    <p class='ocr_par' dir='ltr' id='par_1_47' title="bbox 35 2272 812 2315">
     <span class='ocr_line' id='line_1_48' title="bbox 35 2272 812 2315; baseline -0.003 -10"><span class='ocrx_word' id='word_1_372' title='bbox 35 2272 134 2311; x_wconf 68' lang='grc' dir='ltr'>ξάμενοι.</span> <span class='ocrx_word' id='word_1_373' title='bbox 158 2275 214 2305; x_wconf 78' lang='grc' dir='ltr'><strong>Καὶ</strong></span> <span class='ocrx_word' id='word_1_374' title='bbox 241 2275 347 2315; x_wconf 82' lang='grc' dir='ltr'>δυνατοὶ</span> <span class='ocrx_word' id='word_1_375' title='bbox 382 2275 409 2305; x_wconf 78' lang='grc' dir='ltr'>δὲ</span> <span class='ocrx_word' id='word_1_376' title='bbox 435 2275 481 2305; x_wconf 82' lang='grc' dir='ltr'>καὶ</span> <span class='ocrx_word' id='word_1_377' title='bbox 510 2275 620 2315; x_wconf 75' lang='grc' dir='ltr'>εὐγενεῖς</span> <span class='ocrx_word' id='word_1_378' title='bbox 645 2275 812 2306; x_wconf 82' lang='grc' dir='ltr'>ἐπίστευσαν.</span> 
     </span>
    </p>
   </div>
   <div class='ocr_carea' id='block_1_48' title="bbox 34 2314 814 2358">
    <p class='ocr_par' dir='ltr' id='par_1_48' title="bbox 34 2314 814 2358">
     <span class='ocr_line' id='line_1_49' title="bbox 34 2314 814 2358; baseline 0.003 -12"><span class='ocrx_word' id='word_1_379' title='bbox 34 2317 77 2346; x_wconf 76' lang='grc' dir='ltr'>Διὰ</span> <span class='ocrx_word' id='word_1_380' title='bbox 87 2321 159 2349; x_wconf 83' lang='grc' dir='ltr'>τοῦτο</span> <span class='ocrx_word' id='word_1_381' title='bbox 174 2314 219 2349; x_wconf 68' lang='grc' dir='ltr'><strong>οὖν</strong></span> <span class='ocrx_word' id='word_1_382' title='bbox 239 2314 312 2349; x_wconf 75' lang='grc' dir='ltr'>εἶπεν</span> <span class='ocrx_word' id='word_1_383' title='bbox 334 2320 378 2349; x_wconf 75' lang='grc' dir='ltr'><strong>ἐπὶ</strong></span> <span class='ocrx_word' id='word_1_384' title='bbox 398 2320 506 2350; x_wconf 77' lang='grc' dir='ltr'>πάντων</span> <span class='ocrx_word' id='word_1_385' title='bbox 518 2320 565 2358; x_wconf 76' lang='grc' dir='ltr'><strong>τὸ,</strong></span> <span class='ocrx_word' id='word_1_386' title='bbox 584 2334 597 2347; x_wconf 76' lang='grc' dir='ltr'>ι</span> <span class='ocrx_word' id='word_1_387' title='bbox 615 2321 657 2350; x_wconf 82' lang='grc' dir='ltr'><strong>οὐ</strong></span> <span class='ocrx_word' id='word_1_388' title='bbox 676 2319 780 2350; x_wconf 87' lang='grc' dir='ltr'>πολλοί.</span> <span class='ocrx_word' id='word_1_389' title='bbox 799 2332 814 2348; x_wconf 77' lang='grc'><strong>»</strong></span> 
     </span>
    </p>
   </div>
   <div class='ocr_carea' id='block_1_49' title="bbox 34 2359 819 2406">
    <p class='ocr_par' dir='ltr' id='par_1_49' title="bbox 34 2359 819 2406">
     <span class='ocr_line' id='line_1_50' title="bbox 34 2359 819 2406; baseline 0.004 -15"><span class='ocrx_word' id='word_1_390' title='bbox 34 2359 109 2406; x_wconf 75' lang='grc' dir='ltr'>Ὥστε</span> <span class='ocrx_word' id='word_1_391' title='bbox 120 2364 156 2394; x_wconf 68' lang='grc' dir='ltr'>ἰδὲ</span> <span class='ocrx_word' id='word_1_392' title='bbox 168 2364 217 2400; x_wconf 84' lang='grc' dir='ltr'><strong>τὴν</strong></span> <span class='ocrx_word' id='word_1_393' title='bbox 229 2363 342 2403; x_wconf 76' lang='grc' dir='ltr'>δύναμιν</span> <span class='ocrx_word' id='word_1_394' title='bbox 354 2368 400 2395; x_wconf 85' lang='grc' dir='ltr'><strong>τοῦ</strong></span> <span class='ocrx_word' id='word_1_395' title='bbox 412 2365 593 2406; x_wconf 85' lang='grc' dir='ltr'>κηρύγματος,</span> <span class='ocrx_word' id='word_1_396' title='bbox 605 2366 662 2400; x_wconf 76' lang='grc' dir='ltr'><strong>πῶς</strong></span> <span class='ocrx_word' id='word_1_397' title='bbox 675 2364 781 2398; x_wconf 83' lang='grc' dir='ltr'>ἰδιώτας</span> <span class='ocrx_word' id='word_1_398' title='bbox 793 2363 819 2383; x_wconf 78' lang='grc'><strong>⁴⁹</strong></span> 
     </span>
    </p>
   </div>
   <div class='ocr_carea' id='block_1_50' title="bbox 35 2405 820 2450">
    <p class='ocr_par' dir='ltr' id='par_1_50' title="bbox 35 2405 820 2450">
     <span class='ocr_line' id='line_1_51' title="bbox 35 2405 820 2450; baseline 0 -12"><span class='ocrx_word' id='word_1_399' title='bbox 35 2405 94 2437; x_wconf 64' lang='grc' dir='ltr'>οὕτω</span> <span class='ocrx_word' id='word_1_400' title='bbox 120 2409 187 2449; x_wconf 75' lang='grc' dir='ltr'>σοφὰ</span> <span class='ocrx_word' id='word_1_401' title='bbox 220 2409 343 2450; x_wconf 83' lang='grc' dir='ltr'>δόγματα</span> <span class='ocrx_word' id='word_1_402' title='bbox 364 2409 392 2429; x_wconf 83' lang='grc'><strong>²⁰</strong></span> <span class='ocrx_word' id='word_1_403' title='bbox 418 2409 536 2448; x_wconf 70' lang='grc' dir='ltr'>ἐδίδαξε,</span> <span class='ocrx_word' id='word_1_404' title='bbox 559 2409 605 2439; x_wconf 80' lang='grc' dir='ltr'>καὶ</span> <span class='ocrx_word' id='word_1_405' title='bbox 632 2408 704 2443; x_wconf 77' lang='grc' dir='ltr'>ὅπως</span> <span class='ocrx_word' id='word_1_406' title='bbox 724 2411 741 2446; x_wconf 80' lang='grc' dir='ltr'>ἡ</span> <span class='ocrx_word' id='word_1_407' title='bbox 769 2408 820 2444; x_wconf 82' lang='grc' dir='ltr'><strong>ἔξω</strong></span> 
     </span>
    </p>
   </div>
   <div class='ocr_carea' id='block_1_51' title="bbox 36 2451 417 2494">
    <p class='ocr_par' dir='ltr' id='par_1_51' title="bbox 36 2451 417 2494">
     <span class='ocr_line' id='line_1_52' title="bbox 36 2451 417 2494; baseline 0.016 -15"><span class='ocrx_word' id='word_1_408' title='bbox 36 2451 102 2490; x_wconf 69' lang='grc' dir='ltr'>σοφία</span> <span class='ocrx_word' id='word_1_409' title='bbox 113 2453 217 2494; x_wconf 81' lang='grc' dir='ltr'>ἂχρεῖόν</span> <span class='ocrx_word' id='word_1_410' title='bbox 231 2465 256 2484; x_wconf 83' lang='grc' dir='ltr'><strong>τι</strong></span> <span class='ocrx_word' id='word_1_411' title='bbox 273 2454 417 2486; x_wconf 84' lang='grc' dir='ltr'>δείκνυται.</span> 
     </span>
    </p>
   </div>
   <div class='ocr_carea' id='block_1_52' title="bbox 37 2497 849 2537">
    <p class='ocr_par' dir='ltr' id='par_1_52' title="bbox 37 2497 849 2537">
     <span class='ocr_line' id='line_1_53' title="bbox 37 2497 849 2537; baseline 0.009 -14"><span class='ocrx_word' id='word_1_412' title='bbox 37 2497 85 2523; x_wconf 77' lang='lat' dir='ltr'><strong>tam</strong></span> <span class='ocrx_word' id='word_1_413' title='bbox 106 2498 235 2535; x_wconf 78' lang='lat' dir='ltr'><strong>sapientia</strong></span> <span class='ocrx_word' id='word_1_414' title='bbox 262 2498 398 2533; x_wconf 86' lang='lat' dir='ltr'><strong>docuerit.</strong></span> <span class='ocrx_word' id='word_1_415' title='bbox 420 2503 446 2529; x_wconf 91' lang='lat' dir='ltr'><strong>et</strong></span> <span class='ocrx_word' id='word_1_416' title='bbox 467 2507 588 2537; x_wconf 87' lang='lat' dir='ltr'><strong>quonam</strong></span> <span class='ocrx_word' id='word_1_417' title='bbox 612 2498 697 2528; x_wconf 91' lang='lat' dir='ltr'><strong>modo</strong></span> <span class='ocrx_word' id='word_1_418' title='bbox 732 2504 849 2530; x_wconf 81' lang='lat' dir='ltr'><strong>externa</strong></span> 
     </span>
    </p>
   </div>
   <div class='ocr_carea' id='block_1_53' title="bbox 37 2542 133 2571">
    <p class='ocr_par' dir='ltr' id='par_1_53' title="bbox 37 2542 133 2571">
     <span class='ocr_line' id='line_1_54' title="bbox 37 2542 133 2571; baseline 0.063 -6"><span class='ocrx_word' id='word_1_419' title='bbox 37 2542 133 2571; x_wconf 79' lang='lat' dir='ltr'><strong>stretur.</strong></span> 
     </span>
    </p>
   </div>
   <div class='ocr_carea' id='block_1_54' title="bbox 75 2586 817 2630">
    <p class='ocr_par' dir='ltr' id='par_1_54' title="bbox 75 2586 817 2630">
     <span class='ocr_line' id='line_1_55' title="bbox 75 2586 817 2630; baseline 0.004 -14"><span class='ocrx_word' id='word_1_420' title='bbox 75 2596 88 2615; x_wconf 90' lang='grc' dir='ltr'><strong>ε</strong></span> <span class='ocrx_word' id='word_1_421' title='bbox 106 2586 184 2618; x_wconf 76' lang='grc' dir='ltr'><strong>Ἀλλᾶ</strong></span> <span class='ocrx_word' id='word_1_422' title='bbox 202 2588 238 2618; x_wconf 71' lang='grc' dir='ltr'>τὰ</span> <span class='ocrx_word' id='word_1_423' title='bbox 258 2589 336 2630; x_wconf 85' lang='grc' dir='ltr'>μωρὰ</span> <span class='ocrx_word' id='word_1_424' title='bbox 355 2592 401 2620; x_wconf 82' lang='grc' dir='ltr'><strong>τοῦ</strong></span> <span class='ocrx_word' id='word_1_425' title='bbox 420 2589 520 2628; x_wconf 86' lang='grc' dir='ltr'>κόσμου</span> <span class='ocrx_word' id='word_1_426' title='bbox 539 2589 674 2625; x_wconf 69' lang='grc' dir='ltr'>ἐξελέξατο</span> <span class='ocrx_word' id='word_1_427' title='bbox 694 2591 708 2619; x_wconf 87' lang='lat'><strong>6</strong></span> <span class='ocrx_word' id='word_1_428' title='bbox 732 2589 817 2627; x_wconf 82' lang='grc' dir='ltr'>Θεὸς,</span> 
     </span>
    </p>
   </div>
   <div class='ocr_carea' id='block_1_55' title="bbox 38 2627 820 2675">
    <p class='ocr_par' dir='ltr' id='par_1_55' title="bbox 38 2627 820 2675">
     <span class='ocr_line' id='line_1_56' title="bbox 38 2627 820 2675; baseline 0.005 -14"><span class='ocrx_word' id='word_1_429' title='bbox 38 2627 74 2675; x_wconf 53' lang='grc' dir='ltr'>ἵνα</span> <span class='ocrx_word' id='word_1_430' title='bbox 99 2627 263 2674; x_wconf 70' lang='grc' dir='ltr'>καταισχύνῄ</span> <span class='ocrx_word' id='word_1_431' title='bbox 284 2627 343 2668; x_wconf 73' lang='grc' dir='ltr'>τοὺς</span> <span class='ocrx_word' id='word_1_432' title='bbox 367 2634 462 2675; x_wconf 79' lang='grc' dir='ltr'>σοφούς</span> <span class='ocrx_word' id='word_1_433' title='bbox 471 2627 484 2653; x_wconf 16' lang='grc'><strong>7·</strong></span> <span class='ocrx_word' id='word_1_434' title='bbox 512 2634 557 2664; x_wconf 80' lang='grc' dir='ltr'><strong>καὶ</strong></span> <span class='ocrx_word' id='word_1_435' title='bbox 585 2634 620 2664; x_wconf 77' lang='grc' dir='ltr'><strong>τὰ</strong></span> <span class='ocrx_word' id='word_1_436' title='bbox 649 2635 746 2671; x_wconf 73' lang='grc' dir='ltr'>ἀσθενῆ</span> <span class='ocrx_word' id='word_1_437' title='bbox 774 2637 820 2665; x_wconf 80' lang='grc' dir='ltr'><strong>τοῦ</strong></span> 
     </span>
    </p>
   </div>
   <div class='ocr_carea' id='block_1_56' title="bbox 40 2674 820 2720">
    <p class='ocr_par' dir='ltr' id='par_1_56' title="bbox 40 2674 820 2720">
     <span class='ocr_line' id='line_1_57' title="bbox 40 2674 820 2720; baseline 0.004 -14"><span class='ocrx_word' id='word_1_438' title='bbox 40 2674 127 2714; x_wconf 73' lang='grc' dir='ltr'>κόσμου</span> <span class='ocrx_word' id='word_1_439' title='bbox 164 2677 300 2713; x_wconf 63' lang='grc' dir='ltr'>ἐξελέξατο</span> <span class='ocrx_word' id='word_1_440' title='bbox 333 2681 347 2709; x_wconf 90' lang='lat'><strong>6</strong></span> <span class='ocrx_word' id='word_1_441' title='bbox 382 2674 466 2717; x_wconf 74' lang='grc' dir='ltr'>Θεὸς,</span> <span class='ocrx_word' id='word_1_442' title='bbox 507 2678 552 2709; x_wconf 74' lang='grc' dir='ltr'>ἵνα</span> <span class='ocrx_word' id='word_1_443' title='bbox 583 2679 749 2720; x_wconf 76' lang='grc' dir='ltr'>καταισχύνῃ</span> <span class='ocrx_word' id='word_1_444' title='bbox 786 2678 820 2709; x_wconf 75' lang='grc' dir='ltr'><strong>τὰ</strong></span> 
     </span>
    </p>
   </div>
   <div class='ocr_carea' id='block_1_57' title="bbox 474 150 1214 179">
    <p class='ocr_par' dir='ltr' id='par_1_57' title="bbox 474 150 1214 179">
     <span class='ocr_line' id='line_1_58' title="bbox 474 150 1214 179; baseline 0 -1"><span class='ocrx_word' id='word_1_445' title='bbox 474 150 653 179; x_wconf 68' lang='grc' dir='ltr'>Εχροειτιο</span> <span class='ocrx_word' id='word_1_446' title='bbox 672 150 704 178; x_wconf 83' lang='grc' dir='ltr'><strong>ΙΝ</strong></span> <span class='ocrx_word' id='word_1_447' title='bbox 725 150 830 178; x_wconf 78' lang='lat' dir='ltr'><strong>EPIST.</strong></span> <span class='ocrx_word' id='word_1_448' title='bbox 851 151 860 178; x_wconf 92' lang='grc' dir='ltr'><strong>Ι</strong></span> <span class='ocrx_word' id='word_1_449' title='bbox 879 151 925 178; x_wconf 78' lang='lat' dir='ltr'><strong>AD</strong></span> <span class='ocrx_word' id='word_1_450' title='bbox 945 150 1024 179; x_wconf 74' lang='lat' dir='ltr'><strong>COR.</strong></span> <span class='ocrx_word' id='word_1_451' title='bbox 1043 164 1077 171; x_wconf 91' lang='lat'>—</span> <span class='ocrx_word' id='word_1_452' title='bbox 1096 151 1172 179; x_wconf 72' lang='lat' dir='ltr'><strong>CAP.</strong></span> <span class='ocrx_word' id='word_1_453' title='bbox 1194 152 1214 178; x_wconf 94' lang='grc' dir='ltr'>Ι.</span> 
     </span>
    </p>
   </div>
   <div class='ocr_carea' id='block_1_58' title="bbox 1608 154 1659 181">
    <p class='ocr_par' dir='ltr' id='par_1_58' title="bbox 1608 154 1659 181">
     <span class='ocr_line' id='line_1_59' title="bbox 1608 154 1659 181; baseline 0 0"><span class='ocrx_word' id='word_1_454' title='bbox 1608 154 1659 181; x_wconf 80' lang='lat'><strong>582</strong></span> 
     </span>
    </p>
   </div>
   <div class='ocr_carea' id='block_1_59' title="bbox 863 213 1658 250">
    <p class='ocr_par' dir='ltr' id='par_1_59' title="bbox 863 213 1658 250">
     <span class='ocr_line' id='line_1_60' title="bbox 863 213 1658 250; baseline 0.003 -8"><span class='ocrx_word' id='word_1_455' title='bbox 863 213 962 242; x_wconf 87' lang='lat' dir='ltr'><strong>tiliam.</strong></span> <span class='ocrx_word' id='word_1_456' title='bbox 984 225 996 238; x_wconf 75' lang='grc' dir='ltr'><strong>ι</strong></span> <span class='ocrx_word' id='word_1_457' title='bbox 1021 213 1135 247; x_wconf 63' lang='lat' dir='ltr'><strong>Induis,</strong></span> <span class='ocrx_word' id='word_1_458' title='bbox 1161 213 1262 250; x_wconf 78' lang='lat' dir='ltr'><strong>inquit,</strong></span> <span class='ocrx_word' id='word_1_459' title='bbox 1288 213 1416 242; x_wconf 82' lang='lat' dir='ltr'><strong>seandalo</strong></span> <span class='ocrx_word' id='word_1_460' title='bbox 1436 218 1479 242; x_wconf 88' lang='lat' dir='ltr'><strong>est</strong></span> <span class='ocrx_word' id='word_1_461' title='bbox 1501 215 1658 244; x_wconf 80' lang='lat' dir='ltr'><strong>cruciﬁxus.</strong></span> 
     </span>
    </p>
   </div>
   <div class='ocr_carea' id='block_1_60' title="bbox 865 257 1659 296">
    <p class='ocr_par' dir='ltr' id='par_1_60' title="bbox 865 257 1659 296">
     <span class='ocr_line' id='line_1_61' title="bbox 865 257 1659 296; baseline 0.003 -10"><span class='ocrx_word' id='word_1_462' title='bbox 865 258 1024 295; x_wconf 77' lang='lat' dir='ltr'><strong>lmpingnnt</strong></span> <span class='ocrx_word' id='word_1_463' title='bbox 1046 257 1120 286; x_wconf 85' lang='lat' dir='ltr'><strong>enim</strong></span> <span class='ocrx_word' id='word_1_464' title='bbox 1138 257 1270 286; x_wconf 87' lang='lat' dir='ltr'><strong>adversus</strong></span> <span class='ocrx_word' id='word_1_465' title='bbox 1291 258 1393 294; x_wconf 85' lang='lat' dir='ltr'><strong>ipsum,</strong></span> <span class='ocrx_word' id='word_1_466' title='bbox 1407 258 1532 287; x_wconf 85' lang='lat' dir='ltr'><strong>dicentes</strong></span> <span class='ocrx_word' id='word_1_467' title='bbox 1547 268 1554 285; x_wconf 90' lang='lat'><strong>:</strong></span> <span class='ocrx_word' id='word_1_468' title='bbox 1570 260 1659 296; x_wconf 83' lang='lat' dir='ltr'><strong>Ecqui</strong></span> 
     </span>
    </p>
   </div>
   <div class='ocr_carea' id='block_1_61' title="bbox 865 301 1661 339">
    <p class='ocr_par' dir='ltr' id='par_1_61' title="bbox 865 301 1661 339">
     <span class='ocr_line' id='line_1_62' title="bbox 865 301 1661 339; baseline 0.001 -8"><span class='ocrx_word' id='word_1_469' title='bbox 865 303 887 331; x_wconf 87' lang='lat' dir='ltr'><strong>is</strong></span> <span class='ocrx_word' id='word_1_470' title='bbox 901 303 950 339; x_wconf 85' lang='lat' dir='ltr'><strong>qui</strong></span> <span class='ocrx_word' id='word_1_471' title='bbox 962 302 1084 331; x_wconf 76' lang='lat' dir='ltr'><strong>comedit</strong></span> <span class='ocrx_word' id='word_1_472' title='bbox 1100 302 1183 338; x_wconf 65' lang='lat'><strong>128</strong></span> <span class='ocrx_word' id='word_1_473' title='bbox 1193 306 1222 330; x_wconf 86' lang='lat' dir='ltr'><strong>et</strong></span> <span class='ocrx_word' id='word_1_474' title='bbox 1232 301 1302 330; x_wconf 88' lang='lat' dir='ltr'><strong>bibit</strong></span> <span class='ocrx_word' id='word_1_475' title='bbox 1315 310 1381 331; x_wconf 84' lang='lat' dir='ltr'><strong>cum</strong></span> <span class='ocrx_word' id='word_1_476' title='bbox 1393 302 1546 339; x_wconf 77' lang='lat' dir='ltr'><strong>publicanis</strong></span> <span class='ocrx_word' id='word_1_477' title='bbox 1564 307 1592 331; x_wconf 88' lang='lat' dir='ltr'><strong>et</strong></span> <span class='ocrx_word' id='word_1_478' title='bbox 1605 311 1661 332; x_wconf 92' lang='lat' dir='ltr'><strong>me-</strong></span> 
     </span>
    </p>
   </div>
   <div class='ocr_carea' id='block_1_62' title="bbox 866 347 1659 384">
    <p class='ocr_par' dir='ltr' id='par_1_62' title="bbox 866 347 1659 384">
     <span class='ocr_line' id='line_1_63' title="bbox 866 347 1659 384; baseline 0 -8"><span class='ocrx_word' id='word_1_479' title='bbox 866 347 1024 382; x_wconf 86' lang='lat' dir='ltr'><strong>retricibus,</strong></span> <span class='ocrx_word' id='word_1_480' title='bbox 1037 355 1070 376; x_wconf 89' lang='lat' dir='ltr'><strong>ac</strong></span> <span class='ocrx_word' id='word_1_481' title='bbox 1089 347 1202 376; x_wconf 91' lang='lat' dir='ltr'><strong>tandem</strong></span> <span class='ocrx_word' id='word_1_482' title='bbox 1225 355 1288 376; x_wconf 90' lang='lat' dir='ltr'><strong>cum</strong></span> <span class='ocrx_word' id='word_1_483' title='bbox 1304 347 1482 384; x_wconf 52' lang='lat' dir='ltr'><strong>praedonibus</strong></span> <span class='ocrx_word' id='word_1_484' title='bbox 1500 347 1659 383; x_wconf 77' lang='lat' dir='ltr'><strong>cruciﬁxus,</strong></span> 
     </span>
    </p>
   </div>
   <div class='ocr_carea' id='block_1_63' title="bbox 865 392 1659 429">
    <p class='ocr_par' dir='ltr' id='par_1_63' title="bbox 865 392 1659 429">
     <span class='ocr_line' id='line_1_64' title="bbox 865 392 1659 429; baseline -0.001 -8"><span class='ocrx_word' id='word_1_485' title='bbox 865 396 955 429; x_wconf 80' lang='lat' dir='ltr'><strong>potest</strong></span> <span class='ocrx_word' id='word_1_486' title='bbox 971 400 1029 421; x_wconf 84' lang='lat' dir='ltr'><strong>esse</strong></span> <span class='ocrx_word' id='word_1_487' title='bbox 1047 393 1143 421; x_wconf 75' lang='lat' dir='ltr'><strong>Deus?</strong></span> <span class='ocrx_word' id='word_1_488' title='bbox 1158 393 1249 421; x_wconf 63' lang='lat' dir='ltr'><strong>Graeci</strong></span> <span class='ocrx_word' id='word_1_489' title='bbox 1264 400 1328 420; x_wconf 90' lang='lat' dir='ltr'><strong>vero</strong></span> <span class='ocrx_word' id='word_1_490' title='bbox 1350 392 1514 429; x_wconf 79' lang='lat' dir='ltr'><strong>mysterium</strong></span> <span class='ocrx_word' id='word_1_491' title='bbox 1528 392 1582 421; x_wconf 89' lang='lat' dir='ltr'><strong>hoc</strong></span> <span class='ocrx_word' id='word_1_492' title='bbox 1596 393 1659 420; x_wconf 86' lang='lat' dir='ltr'><strong>irri-</strong></span> 
     </span>
    </p>
   </div>
   <div class='ocr_carea' id='block_1_64' title="bbox 865 437 1661 474">
    <p class='ocr_par' dir='ltr' id='par_1_64' title="bbox 865 437 1661 474">
     <span class='ocr_line' id='line_1_65' title="bbox 865 437 1661 474; baseline 0.001 -9"><span class='ocrx_word' id='word_1_493' title='bbox 865 437 930 466; x_wconf 91' lang='lat' dir='ltr'><strong>dent</strong></span> <span class='ocrx_word' id='word_1_494' title='bbox 943 445 992 466; x_wconf 86' lang='lat' dir='ltr'><strong>ceu</strong></span> <span class='ocrx_word' id='word_1_495' title='bbox 1007 437 1165 471; x_wconf 80' lang='lat' dir='ltr'><strong>stultitiam,</strong></span> <span class='ocrx_word' id='word_1_496' title='bbox 1192 445 1224 465; x_wconf 89' lang='lat' dir='ltr'><strong>eo</strong></span> <span class='ocrx_word' id='word_1_497' title='bbox 1244 437 1320 474; x_wconf 89' lang='lat' dir='ltr'><strong>quod</strong></span> <span class='ocrx_word' id='word_1_498' title='bbox 1339 437 1397 466; x_wconf 85' lang='lat' dir='ltr'><strong>sola</strong></span> <span class='ocrx_word' id='word_1_499' title='bbox 1411 437 1480 472; x_wconf 88' lang='lat' dir='ltr'><strong>ﬁde,</strong></span> <span class='ocrx_word' id='word_1_500' title='bbox 1502 441 1529 466; x_wconf 88' lang='lat' dir='ltr'><strong>et</strong></span> <span class='ocrx_word' id='word_1_501' title='bbox 1543 445 1600 466; x_wconf 90' lang='lat' dir='ltr'><strong>non</strong></span> <span class='ocrx_word' id='word_1_502' title='bbox 1618 445 1661 466; x_wconf 90' lang='lat' dir='ltr'><strong>ra-</strong></span> 
     </span>
    </p>
   </div>
   <div class='ocr_carea' id='block_1_65' title="bbox 866 482 1663 519">
    <p class='ocr_par' dir='ltr' id='par_1_65' title="bbox 866 482 1663 519">
     <span class='ocr_line' id='line_1_66' title="bbox 866 482 1663 519; baseline 0.001 -9"><span class='ocrx_word' id='word_1_503' title='bbox 866 482 1087 511; x_wconf 84' lang='lat' dir='ltr'><strong>tiocinationibus</strong></span> <span class='ocrx_word' id='word_1_504' title='bbox 1110 482 1187 516; x_wconf 87' lang='lat' dir='ltr'><strong>ullis,</strong></span> <span class='ocrx_word' id='word_1_505' title='bbox 1209 489 1243 510; x_wconf 83' lang='lat' dir='ltr'><strong>ex</strong></span> <span class='ocrx_word' id='word_1_506' title='bbox 1264 482 1365 519; x_wconf 84' lang='lat' dir='ltr'><strong>quibus</strong></span> <span class='ocrx_word' id='word_1_507' title='bbox 1384 483 1435 519; x_wconf 84' lang='lat' dir='ltr'><strong>ipsi</strong></span> <span class='ocrx_word' id='word_1_508' title='bbox 1459 482 1663 519; x_wconf 71' lang='lat' dir='ltr'><strong>dependebant,</strong></span> 
     </span>
    </p>
   </div>
   <div class='ocr_carea' id='block_1_66' title="bbox 865 527 1663 565">
    <p class='ocr_par' dir='ltr' id='par_1_66' title="bbox 865 527 1663 565">
     <span class='ocr_line' id='line_1_67' title="bbox 865 527 1663 565; baseline 0.001 -10"><span class='ocrx_word' id='word_1_509' title='bbox 865 527 1114 563; x_wconf 80' lang='lat' dir='ltr'><strong>comprehendatur</strong></span> <span class='ocrx_word' id='word_1_510' title='bbox 1127 529 1216 556; x_wconf 89' lang='lat' dir='ltr'><strong>Deum</strong></span> <span class='ocrx_word' id='word_1_511' title='bbox 1225 528 1386 556; x_wconf 79' lang='lat' dir='ltr'><strong>crucifixum</strong></span> <span class='ocrx_word' id='word_1_512' title='bbox 1399 535 1470 563; x_wconf 84' lang='lat' dir='ltr'><strong>esse,</strong></span> <span class='ocrx_word' id='word_1_513' title='bbox 1483 532 1510 556; x_wconf 89' lang='lat' dir='ltr'><strong>et</strong></span> <span class='ocrx_word' id='word_1_514' title='bbox 1524 527 1588 565; x_wconf 86' lang='lat' dir='ltr'><strong>quia</strong></span> <span class='ocrx_word' id='word_1_515' title='bbox 1602 535 1663 556; x_wconf 89' lang='lat' dir='ltr'><strong>ora-</strong></span> 
     </span>
    </p>
   </div>
   <div class='ocr_carea' id='block_1_67' title="bbox 865 571 1345 608">
    <p class='ocr_par' dir='ltr' id='par_1_67' title="bbox 865 571 1345 608">
     <span class='ocr_line' id='line_1_68' title="bbox 865 571 1345 608; baseline 0 -8"><span class='ocrx_word' id='word_1_516' title='bbox 865 572 946 600; x_wconf 87' lang='lat' dir='ltr'><strong>tionis</strong></span> <span class='ocrx_word' id='word_1_517' title='bbox 959 571 1104 608; x_wconf 84' lang='lat' dir='ltr'><strong>splendore</strong></span> <span class='ocrx_word' id='word_1_518' title='bbox 1117 580 1176 601; x_wconf 88' lang='lat' dir='ltr'><strong>non</strong></span> <span class='ocrx_word' id='word_1_519' title='bbox 1188 577 1345 601; x_wconf 81' lang='lat' dir='ltr'><strong>exornetur.</strong></span> 
     </span>
    </p>
   </div>
   <div class='ocr_carea' id='block_1_68' title="bbox 900 617 1663 654">
    <p class='ocr_par' dir='ltr' id='par_1_68' title="bbox 900 617 1663 654">
     <span class='ocr_line' id='line_1_69' title="bbox 900 617 1663 654; baseline 0.001 -9"><span class='ocrx_word' id='word_1_520' title='bbox 900 617 987 646; x_wconf 72' lang='lat' dir='ltr'><strong>Vsus.</strong></span> <span class='ocrx_word' id='word_1_521' title='bbox 1015 619 1060 646; x_wconf 77' lang='lat'><strong>24.</strong></span> <span class='ocrx_word' id='word_1_522' title='bbox 1088 628 1102 643; x_wconf 86' lang='grc'><em>‹‹</em></span> <span class='ocrx_word' id='word_1_523' title='bbox 1125 617 1195 653; x_wconf 82' lang='lat' dir='ltr'><strong>ipsis</strong></span> <span class='ocrx_word' id='word_1_524' title='bbox 1219 621 1312 646; x_wconf 80' lang='lat' dir='ltr'><strong>autem</strong></span> <span class='ocrx_word' id='word_1_525' title='bbox 1333 617 1438 646; x_wconf 83' lang='lat' dir='ltr'><strong>vocatis</strong></span> <span class='ocrx_word' id='word_1_526' title='bbox 1452 617 1559 646; x_wconf 61' lang='lat' dir='ltr'><strong>ludatis</strong></span> <span class='ocrx_word' id='word_1_527' title='bbox 1582 622 1663 654; x_wconf 80' lang='lat' dir='ltr'><strong>atque</strong></span> 
     </span>
    </p>
   </div>
   <div class='ocr_carea' id='block_1_69' title="bbox 865 661 1661 699">
    <p class='ocr_par' dir='ltr' id='par_1_69' title="bbox 865 661 1661 699">
     <span class='ocr_line' id='line_1_70' title="bbox 865 661 1661 699; baseline 0 -9"><span class='ocrx_word' id='word_1_528' title='bbox 865 661 980 695; x_wconf 57' lang='lat' dir='ltr'><strong>Graecis,</strong></span> <span class='ocrx_word' id='word_1_529' title='bbox 992 661 1135 690; x_wconf 87' lang='lat' dir='ltr'><strong>Christum</strong></span> <span class='ocrx_word' id='word_1_530' title='bbox 1149 662 1200 690; x_wconf 87' lang='lat' dir='ltr'><strong>Dei</strong></span> <span class='ocrx_word' id='word_1_531' title='bbox 1211 663 1354 697; x_wconf 79' lang='lat' dir='ltr'><strong>virtutem,</strong></span> <span class='ocrx_word' id='word_1_532' title='bbox 1364 666 1391 691; x_wconf 91' lang='lat' dir='ltr'><strong>et</strong></span> <span class='ocrx_word' id='word_1_533' title='bbox 1401 663 1448 691; x_wconf 88' lang='lat' dir='ltr'><strong>Dei</strong></span> <span class='ocrx_word' id='word_1_534' title='bbox 1459 662 1630 699; x_wconf 84' lang='lat' dir='ltr'><strong>sapientiam.</strong></span> <span class='ocrx_word' id='word_1_535' title='bbox 1648 674 1661 687; x_wconf 69' lang='grc' dir='ltr'>η</span> 
     </span>
    </p>
   </div>
   <div class='ocr_carea' id='block_1_70' title="bbox 866 706 1662 743">
    <p class='ocr_par' dir='ltr' id='par_1_70' title="bbox 866 706 1662 743">
     <span class='ocr_line' id='line_1_71' title="bbox 866 706 1662 743; baseline 0.004 -9"><span class='ocrx_word' id='word_1_536' title='bbox 866 707 1032 741; x_wconf 86' lang='lat' dir='ltr'><strong>lnlidelibus,</strong></span> <span class='ocrx_word' id='word_1_537' title='bbox 1044 707 1144 743; x_wconf 88' lang='lat' dir='ltr'><strong>inquit,</strong></span> <span class='ocrx_word' id='word_1_538' title='bbox 1151 707 1255 736; x_wconf 64' lang='lat' dir='ltr'><strong>Judmis</strong></span> <span class='ocrx_word' id='word_1_539' title='bbox 1264 707 1392 736; x_wconf 82' lang='lat' dir='ltr'><strong>Christus</strong></span> <span class='ocrx_word' id='word_1_540' title='bbox 1401 712 1445 736; x_wconf 88' lang='lat' dir='ltr'><strong>est</strong></span> <span class='ocrx_word' id='word_1_541' title='bbox 1453 706 1662 739; x_wconf 83' lang='lat' dir='ltr'><strong>offendiculum.</strong></span> 
     </span>
    </p>
   </div>
   <div class='ocr_carea' id='block_1_71' title="bbox 865 752 1663 789">
    <p class='ocr_par' dir='ltr' id='par_1_71' title="bbox 865 752 1663 789">
     <span class='ocr_line' id='line_1_72' title="bbox 865 752 1663 789; baseline 0.003 -9"><span class='ocrx_word' id='word_1_542' title='bbox 865 756 893 780; x_wconf 90' lang='lat' dir='ltr'><strong>et</strong></span> <span class='ocrx_word' id='word_1_543' title='bbox 907 752 1064 781; x_wconf 87' lang='lat' dir='ltr'><strong>inﬁdelibus</strong></span> <span class='ocrx_word' id='word_1_544' title='bbox 1078 752 1182 782; x_wconf 69' lang='lat' dir='ltr'><strong>Graecis</strong></span> <span class='ocrx_word' id='word_1_545' title='bbox 1196 753 1310 782; x_wconf 76' lang='lat' dir='ltr'><strong>stultitia</strong></span> <span class='ocrx_word' id='word_1_546' title='bbox 1329 752 1449 787; x_wconf 87' lang='lat' dir='ltr'><strong>videtur,</strong></span> <span class='ocrx_word' id='word_1_547' title='bbox 1468 761 1502 782; x_wconf 91' lang='lat' dir='ltr'><strong>eo</strong></span> <span class='ocrx_word' id='word_1_548' title='bbox 1526 753 1601 789; x_wconf 84' lang='lat' dir='ltr'><strong>quod</strong></span> <span class='ocrx_word' id='word_1_549' title='bbox 1617 753 1663 782; x_wconf 90' lang='lat' dir='ltr'><strong>illa</strong></span> 
     </span>
    </p>
   </div>
   <div class='ocr_carea' id='block_1_72' title="bbox 865 798 1664 835">
    <p class='ocr_par' dir='ltr' id='par_1_72' title="bbox 865 798 1664 835">
     <span class='ocr_line' id='line_1_73' title="bbox 865 798 1664 835; baseline -0.001 -8"><span class='ocrx_word' id='word_1_550' title='bbox 865 806 927 835; x_wconf 63' lang='lat' dir='ltr'><strong>quae</strong></span> <span class='ocrx_word' id='word_1_551' title='bbox 940 802 1078 835; x_wconf 61' lang='lat' dir='ltr'><strong>quarunt,</strong></span> <span class='ocrx_word' id='word_1_552' title='bbox 1093 798 1172 835; x_wconf 74' lang='lat' dir='ltr'><strong>signa</strong></span> <span class='ocrx_word' id='word_1_553' title='bbox 1191 798 1325 827; x_wconf 89' lang='lat' dir='ltr'><strong>nimirum</strong></span> <span class='ocrx_word' id='word_1_554' title='bbox 1339 802 1366 826; x_wconf 89' lang='lat' dir='ltr'><strong>et</strong></span> <span class='ocrx_word' id='word_1_555' title='bbox 1380 798 1557 835; x_wconf 78' lang='lat' dir='ltr'><strong>sapientiam,</strong></span> <span class='ocrx_word' id='word_1_556' title='bbox 1571 799 1599 827; x_wconf 90' lang='lat' dir='ltr'><strong>in</strong></span> <span class='ocrx_word' id='word_1_557' title='bbox 1619 799 1664 827; x_wconf 92' lang='lat' dir='ltr'><strong>illo</strong></span> 
     </span>
    </p>
   </div>
   <div class='ocr_carea' id='block_1_73' title="bbox 867 842 1666 872">
    <p class='ocr_par' dir='ltr' id='par_1_73' title="bbox 867 842 1666 872">
     <span class='ocr_line' id='line_1_74' title="bbox 867 842 1666 872; baseline 0.001 -1"><span class='ocrx_word' id='word_1_558' title='bbox 867 851 925 872; x_wconf 88' lang='lat' dir='ltr'><strong>non</strong></span> <span class='ocrx_word' id='word_1_559' title='bbox 946 843 1100 872; x_wconf 81' lang='lat' dir='ltr'><strong>inveniant.</strong></span> <span class='ocrx_word' id='word_1_560' title='bbox 1132 843 1246 872; x_wconf 87' lang='lat' dir='ltr'><strong>Vocatis</strong></span> <span class='ocrx_word' id='word_1_561' title='bbox 1269 847 1362 871; x_wconf 86' lang='lat' dir='ltr'><strong>autem</strong></span> <span class='ocrx_word' id='word_1_562' title='bbox 1389 842 1491 872; x_wconf 73' lang='lat' dir='ltr'><strong>Iudaeis</strong></span> <span class='ocrx_word' id='word_1_563' title='bbox 1511 847 1539 871; x_wconf 90' lang='lat' dir='ltr'><strong>et</strong></span> <span class='ocrx_word' id='word_1_564' title='bbox 1560 844 1666 872; x_wconf 83' lang='lat' dir='ltr'><strong>vocatis</strong></span> 
     </span>
    </p>
   </div>
   <div class='ocr_carea' id='block_1_74' title="bbox 863 887 1664 924">
    <p class='ocr_par' dir='ltr' id='par_1_74' title="bbox 863 887 1664 924">
     <span class='ocr_line' id='line_1_75' title="bbox 863 887 1664 924; baseline -0.001 -7"><span class='ocrx_word' id='word_1_565' title='bbox 863 888 977 921; x_wconf 65' lang='lat' dir='ltr'><strong>Graecis,</strong></span> <span class='ocrx_word' id='word_1_566' title='bbox 1004 887 1057 916; x_wconf 91' lang='lat' dir='ltr'><strong>hoc</strong></span> <span class='ocrx_word' id='word_1_567' title='bbox 1079 891 1130 921; x_wconf 85' lang='lat' dir='ltr'><strong>est,</strong></span> <span class='ocrx_word' id='word_1_568' title='bbox 1153 896 1169 916; x_wconf 90' lang='lat' dir='ltr'><strong>a</strong></span> <span class='ocrx_word' id='word_1_569' title='bbox 1192 889 1252 916; x_wconf 89' lang='lat' dir='ltr'><strong>Deo</strong></span> <span class='ocrx_word' id='word_1_570' title='bbox 1274 887 1387 922; x_wconf 85' lang='lat' dir='ltr'><strong>vocatis,</strong></span> <span class='ocrx_word' id='word_1_571' title='bbox 1414 892 1543 924; x_wconf 85' lang='lat' dir='ltr'><strong>tanquam</strong></span> <span class='ocrx_word' id='word_1_572' title='bbox 1564 887 1664 924; x_wconf 71' lang='lat' dir='ltr'><strong>dignis,</strong></span> 
     </span>
    </p>
   </div>
   <div class='ocr_carea' id='block_1_75' title="bbox 862 933 1664 969">
    <p class='ocr_par' dir='ltr' id='par_1_75' title="bbox 862 933 1664 969">
     <span class='ocr_line' id='line_1_76' title="bbox 862 933 1664 969; baseline 0 -8"><span class='ocrx_word' id='word_1_573' title='bbox 862 937 1009 969; x_wconf 87' lang='lat' dir='ltr'><strong>utrumque</strong></span> <span class='ocrx_word' id='word_1_574' title='bbox 1029 933 1132 961; x_wconf 81' lang='lat' dir='ltr'><strong>abillis</strong></span> <span class='ocrx_word' id='word_1_575' title='bbox 1145 933 1295 969; x_wconf 73' lang='lat' dir='ltr'><strong>quaesitum</strong></span> <span class='ocrx_word' id='word_1_576' title='bbox 1317 933 1444 961; x_wconf 88' lang='lat' dir='ltr'><strong>Christus</strong></span> <span class='ocrx_word' id='word_1_577' title='bbox 1467 941 1527 961; x_wconf 86' lang='lat' dir='ltr'><strong>esse</strong></span> <span class='ocrx_word' id='word_1_578' title='bbox 1560 933 1664 961; x_wconf 88' lang='lat' dir='ltr'><strong>inveni-</strong></span> 
     </span>
    </p>
   </div>
   <div class='ocr_carea' id='block_1_76' title="bbox 862 977 1664 1014">
    <p class='ocr_par' dir='ltr' id='par_1_76' title="bbox 862 977 1664 1014">
     <span class='ocr_line' id='line_1_77' title="bbox 862 977 1664 1014; baseline -0.001 -7"><span class='ocrx_word' id='word_1_579' title='bbox 862 983 917 1007; x_wconf 87' lang='lat' dir='ltr'><strong>tur.</strong></span> <span class='ocrx_word' id='word_1_580' title='bbox 940 977 1012 1014; x_wconf 88' lang='lat' dir='ltr'><strong>Quid</strong></span> <span class='ocrx_word' id='word_1_581' title='bbox 1027 978 1102 1006; x_wconf 90' lang='lat' dir='ltr'><strong>enim</strong></span> <span class='ocrx_word' id='word_1_582' title='bbox 1125 977 1201 1014; x_wconf 76' lang='lat' dir='ltr'><strong>signa</strong></span> <span class='ocrx_word' id='word_1_583' title='bbox 1222 977 1334 1014; x_wconf 82' lang='lat' dir='ltr'><strong>quaeris,</strong></span> <span class='ocrx_word' id='word_1_584' title='bbox 1353 985 1370 1006; x_wconf 91' lang='grc' dir='ltr'><strong>ο</strong></span> <span class='ocrx_word' id='word_1_585' title='bbox 1383 977 1496 1006; x_wconf 71' lang='lat' dir='ltr'><strong>Judme?</strong></span> <span class='ocrx_word' id='word_1_586' title='bbox 1515 979 1557 1006; x_wconf 84' lang='lat' dir='ltr'><strong>En</strong></span> <span class='ocrx_word' id='word_1_587' title='bbox 1582 977 1664 1007; x_wconf 86' lang='lat' dir='ltr'><strong>Chri-</strong></span> 
     </span>
    </p>
   </div>
   <div class='ocr_carea' id='block_1_77' title="bbox 864 1022 1661 1059">
    <p class='ocr_par' dir='ltr' id='par_1_77' title="bbox 864 1022 1661 1059">
     <span class='ocr_line' id='line_1_78' title="bbox 864 1022 1661 1059; baseline 0.001 -9"><span class='ocrx_word' id='word_1_588' title='bbox 864 1027 922 1051; x_wconf 83' lang='lat' dir='ltr'><strong>stus</strong></span> <span class='ocrx_word' id='word_1_589' title='bbox 936 1022 1060 1059; x_wconf 86' lang='lat' dir='ltr'><strong>potentia</strong></span> <span class='ocrx_word' id='word_1_590' title='bbox 1085 1022 1136 1051; x_wconf 88' lang='lat' dir='ltr'><strong>Dei</strong></span> <span class='ocrx_word' id='word_1_591' title='bbox 1164 1026 1216 1057; x_wconf 77' lang='lat' dir='ltr'><strong>est,</strong></span> <span class='ocrx_word' id='word_1_592' title='bbox 1242 1030 1305 1059; x_wconf 63' lang='lat' dir='ltr'><strong>quae</strong></span> <span class='ocrx_word' id='word_1_593' title='bbox 1331 1022 1412 1059; x_wconf 77' lang='lat' dir='ltr'><strong>signa</strong></span> <span class='ocrx_word' id='word_1_594' title='bbox 1437 1022 1532 1051; x_wconf 84' lang='lat' dir='ltr'><strong>efﬁcit.</strong></span> <span class='ocrx_word' id='word_1_595' title='bbox 1557 1026 1595 1052; x_wconf 79' lang='lat' dir='ltr'><strong>At</strong></span> <span class='ocrx_word' id='word_1_596' title='bbox 1619 1027 1661 1057; x_wconf 91' lang='lat' dir='ltr'><strong>tu,</strong></span> 
     </span>
    </p>
   </div>
   <div class='ocr_carea' id='block_1_78' title="bbox 865 1066 1662 1104">
    <p class='ocr_par' dir='ltr' id='par_1_78' title="bbox 865 1066 1662 1104">
     <span class='ocr_line' id='line_1_79' title="bbox 865 1066 1662 1104; baseline -0.001 -7"><span class='ocrx_word' id='word_1_597' title='bbox 865 1069 973 1102; x_wconf 58' lang='lat' dir='ltr'><strong>Grece,</strong></span> <span class='ocrx_word' id='word_1_598' title='bbox 988 1066 1056 1104; x_wconf 89' lang='lat' dir='ltr'><strong>quid</strong></span> <span class='ocrx_word' id='word_1_599' title='bbox 1069 1067 1128 1095; x_wconf 77' lang='lat' dir='ltr'><strong>ais?</strong></span> <span class='ocrx_word' id='word_1_600' title='bbox 1153 1067 1252 1104; x_wconf 60' lang='lat' dir='ltr'><strong>quaeris</strong></span> <span class='ocrx_word' id='word_1_601' title='bbox 1267 1067 1449 1104; x_wconf 77' lang='lat' dir='ltr'><strong>sapientiam?</strong></span> <span class='ocrx_word' id='word_1_602' title='bbox 1469 1068 1560 1097; x_wconf 80' lang='lat' dir='ltr'><strong>Habes</strong></span> <span class='ocrx_word' id='word_1_603' title='bbox 1581 1067 1662 1097; x_wconf 89' lang='lat' dir='ltr'><strong>Chri-</strong></span> 
     </span>
    </p>
   </div>
   <div class='ocr_carea' id='block_1_79' title="bbox 864 1112 1224 1148">
    <p class='ocr_par' dir='ltr' id='par_1_79' title="bbox 864 1112 1224 1148">
     <span class='ocr_line' id='line_1_80' title="bbox 864 1112 1224 1148; baseline -0.003 -7"><span class='ocrx_word' id='word_1_604' title='bbox 864 1117 940 1142; x_wconf 87' lang='lat' dir='ltr'><strong>stum</strong></span> <span class='ocrx_word' id='word_1_605' title='bbox 949 1112 1112 1148; x_wconf 78' lang='lat' dir='ltr'><strong>sapientiam</strong></span> <span class='ocrx_word' id='word_1_606' title='bbox 1124 1112 1224 1141; x_wconf 85' lang='lat' dir='ltr'><strong>Patris.</strong></span> 
     </span>
    </p>
   </div>
   <div class='ocr_carea' id='block_1_80' title="bbox 900 1156 1664 1194">
    <p class='ocr_par' dir='ltr' id='par_1_80' title="bbox 900 1156 1664 1194">
     <span class='ocr_line' id='line_1_81' title="bbox 900 1156 1664 1194; baseline 0.003 -9"><span class='ocrx_word' id='word_1_607' title='bbox 900 1157 992 1186; x_wconf 81' lang='lat' dir='ltr'><strong>Vns.</strong></span> <span class='ocrx_word' id='word_1_608' title='bbox 1009 1159 1053 1185; x_wconf 77' lang='lat'><strong>25.</strong></span> <span class='ocrx_word' id='word_1_609' title='bbox 1077 1168 1090 1181; x_wconf 78' lang='grc' dir='ltr'><strong>ι</strong></span> <span class='ocrx_word' id='word_1_610' title='bbox 1107 1157 1176 1192; x_wconf 80' lang='lat' dir='ltr'><strong>Quia</strong></span> <span class='ocrx_word' id='word_1_611' title='bbox 1196 1156 1271 1193; x_wconf 88' lang='lat' dir='ltr'><strong>quod</strong></span> <span class='ocrx_word' id='word_1_612' title='bbox 1285 1157 1400 1186; x_wconf 88' lang='lat' dir='ltr'><strong>stultum</strong></span> <span class='ocrx_word' id='word_1_613' title='bbox 1414 1161 1456 1185; x_wconf 86' lang='lat' dir='ltr'><strong>est</strong></span> <span class='ocrx_word' id='word_1_614' title='bbox 1470 1157 1534 1192; x_wconf 87' lang='lat' dir='ltr'><strong>Dei,</strong></span> <span class='ocrx_word' id='word_1_615' title='bbox 1553 1158 1664 1194; x_wconf 86' lang='lat' dir='ltr'><strong>sapien-</strong></span> 
     </span>
    </p>
   </div>
   <div class='ocr_carea' id='block_1_81' title="bbox 865 1201 1664 1238">
    <p class='ocr_par' dir='ltr' id='par_1_81' title="bbox 865 1201 1664 1238">
     <span class='ocr_line' id='line_1_82' title="bbox 865 1201 1664 1238; baseline 0.001 -8"><span class='ocrx_word' id='word_1_616' title='bbox 865 1202 921 1230; x_wconf 86' lang='lat' dir='ltr'><strong>tius</strong></span> <span class='ocrx_word' id='word_1_617' title='bbox 934 1206 977 1230; x_wconf 87' lang='lat' dir='ltr'><strong>est</strong></span> <span class='ocrx_word' id='word_1_618' title='bbox 988 1202 1147 1230; x_wconf 87' lang='lat' dir='ltr'><strong>hominibus</strong></span> <span class='ocrx_word' id='word_1_619' title='bbox 1162 1211 1168 1230; x_wconf 93' lang='lat'>:</span> <span class='ocrx_word' id='word_1_620' title='bbox 1186 1206 1215 1230; x_wconf 84' lang='lat' dir='ltr'><strong>et</strong></span> <span class='ocrx_word' id='word_1_621' title='bbox 1228 1201 1303 1238; x_wconf 91' lang='lat' dir='ltr'><strong>quod</strong></span> <span class='ocrx_word' id='word_1_622' title='bbox 1317 1202 1460 1231; x_wconf 92' lang='lat' dir='ltr'><strong>inﬁrmum</strong></span> <span class='ocrx_word' id='word_1_623' title='bbox 1482 1206 1523 1230; x_wconf 90' lang='lat' dir='ltr'><strong>est</strong></span> <span class='ocrx_word' id='word_1_624' title='bbox 1535 1202 1597 1237; x_wconf 85' lang='lat' dir='ltr'><strong>Dei,</strong></span> <span class='ocrx_word' id='word_1_625' title='bbox 1610 1202 1664 1231; x_wconf 89' lang='lat' dir='ltr'><strong>for-</strong></span> 
     </span>
    </p>
   </div>
   <div class='ocr_carea' id='block_1_82' title="bbox 866 1246 1667 1281">
    <p class='ocr_par' dir='ltr' id='par_1_82' title="bbox 866 1246 1667 1281">
     <span class='ocr_line' id='line_1_83' title="bbox 866 1246 1667 1281; baseline 0.001 -6"><span class='ocrx_word' id='word_1_626' title='bbox 866 1247 920 1275; x_wconf 84' lang='lat' dir='ltr'><strong>tius</strong></span> <span class='ocrx_word' id='word_1_627' title='bbox 944 1250 985 1275; x_wconf 86' lang='lat' dir='ltr'><strong>est</strong></span> <span class='ocrx_word' id='word_1_628' title='bbox 1003 1246 1173 1275; x_wconf 88' lang='lat' dir='ltr'><strong>hominibus.</strong></span> <span class='ocrx_word' id='word_1_629' title='bbox 1203 1259 1215 1271; x_wconf 78' lang='grc' dir='ltr'>ιο</span> <span class='ocrx_word' id='word_1_630' title='bbox 1235 1247 1351 1275; x_wconf 89' lang='lat' dir='ltr'><strong>Crucem</strong></span> <span class='ocrx_word' id='word_1_631' title='bbox 1379 1247 1495 1276; x_wconf 81' lang='lat' dir='ltr'><strong>stultam</strong></span> <span class='ocrx_word' id='word_1_632' title='bbox 1522 1252 1611 1281; x_wconf 77' lang='lat' dir='ltr'><strong>vocat.</strong></span> <span class='ocrx_word' id='word_1_633' title='bbox 1637 1251 1667 1275; x_wconf 88' lang='lat' dir='ltr'><strong>ut</strong></span> 
     </span>
    </p>
   </div>
   <div class='ocr_carea' id='block_1_83' title="bbox 865 1292 1663 1329">
    <p class='ocr_par' dir='ltr' id='par_1_83' title="bbox 865 1292 1663 1329">
     <span class='ocr_line' id='line_1_84' title="bbox 865 1292 1663 1329; baseline 0.001 -10"><span class='ocrx_word' id='word_1_634' title='bbox 865 1299 927 1328; x_wconf 70' lang='lat' dir='ltr'><strong>qna:</strong></span> <span class='ocrx_word' id='word_1_635' title='bbox 939 1292 977 1320; x_wconf 90' lang='lat' dir='ltr'><strong>sic</strong></span> <span class='ocrx_word' id='word_1_636' title='bbox 991 1292 1113 1321; x_wconf 83' lang='lat' dir='ltr'><strong>videatur</strong></span> <span class='ocrx_word' id='word_1_637' title='bbox 1130 1301 1137 1321; x_wconf 86' lang='lat'><strong>:</strong></span> <span class='ocrx_word' id='word_1_638' title='bbox 1153 1292 1304 1329; x_wconf 80' lang='lat' dir='ltr'><strong>sapientius</strong></span> <span class='ocrx_word' id='word_1_639' title='bbox 1324 1296 1417 1321; x_wconf 85' lang='lat' dir='ltr'><strong>tamen</strong></span> <span class='ocrx_word' id='word_1_640' title='bbox 1439 1292 1599 1321; x_wconf 83' lang='lat' dir='ltr'><strong>hominibus</strong></span> <span class='ocrx_word' id='word_1_641' title='bbox 1613 1297 1663 1321; x_wconf 90' lang='lat' dir='ltr'><strong>est.</strong></span> 
     </span>
    </p>
   </div>
   <div class='ocr_carea' id='block_1_84' title="bbox 866 1336 1666 1374">
    <p class='ocr_par' dir='ltr' id='par_1_84' title="bbox 866 1336 1666 1374">
     <span class='ocr_line' id='line_1_85' title="bbox 866 1336 1666 1374; baseline 0.001 -10"><span class='ocrx_word' id='word_1_642' title='bbox 866 1337 937 1364; x_wconf 91' lang='lat' dir='ltr'><strong>Nam</strong></span> <span class='ocrx_word' id='word_1_643' title='bbox 957 1336 1110 1373; x_wconf 87' lang='lat' dir='ltr'><strong>philosophi</strong></span> <span class='ocrx_word' id='word_1_644' title='bbox 1139 1336 1246 1374; x_wconf 75' lang='lat' dir='ltr'><strong>frigidis</strong></span> <span class='ocrx_word' id='word_1_645' title='bbox 1266 1341 1295 1365; x_wconf 89' lang='lat' dir='ltr'><strong>et</strong></span> <span class='ocrx_word' id='word_1_646' title='bbox 1317 1336 1459 1365; x_wconf 85' lang='lat' dir='ltr'><strong>inutilibus</strong></span> <span class='ocrx_word' id='word_1_647' title='bbox 1481 1337 1563 1365; x_wconf 84' lang='lat' dir='ltr'><strong>rebus</strong></span> <span class='ocrx_word' id='word_1_648' title='bbox 1589 1338 1666 1365; x_wconf 87' lang='lat' dir='ltr'><strong>incu-</strong></span> 
     </span>
    </p>
   </div>
   <div class='ocr_carea' id='block_1_85' title="bbox 867 1380 1668 1415">
    <p class='ocr_par' dir='ltr' id='par_1_85' title="bbox 867 1380 1668 1415">
     <span class='ocr_line' id='line_1_86' title="bbox 867 1380 1668 1415; baseline 0.002 -7"><span class='ocrx_word' id='word_1_649' title='bbox 867 1380 1002 1415; x_wconf 82' lang='lat' dir='ltr'><strong>buerunt;</strong></span> <span class='ocrx_word' id='word_1_650' title='bbox 1023 1389 1091 1409; x_wconf 77' lang='lat' dir='ltr'><strong>crus</strong></span> <span class='ocrx_word' id='word_1_651' title='bbox 1103 1386 1197 1410; x_wconf 86' lang='lat' dir='ltr'><strong>autem</strong></span> <span class='ocrx_word' id='word_1_652' title='bbox 1222 1381 1358 1410; x_wconf 88' lang='lat' dir='ltr'><strong>mundum</strong></span> <span class='ocrx_word' id='word_1_653' title='bbox 1373 1382 1500 1410; x_wconf 82' lang='lat' dir='ltr'><strong>servavit.</strong></span> <span class='ocrx_word' id='word_1_654' title='bbox 1529 1381 1668 1410; x_wconf 85' lang='lat' dir='ltr'><strong>Imbecille</strong></span> 
     </span>
    </p>
   </div>
   <div class='ocr_carea' id='block_1_86' title="bbox 867 1426 1666 1463">
    <p class='ocr_par' dir='ltr' id='par_1_86' title="bbox 867 1426 1666 1463">
     <span class='ocr_line' id='line_1_87' title="bbox 867 1426 1666 1463; baseline 0 -9"><span class='ocrx_word' id='word_1_655' title='bbox 867 1433 949 1462; x_wconf 91' lang='lat' dir='ltr'><strong>porro</strong></span> <span class='ocrx_word' id='word_1_656' title='bbox 968 1430 1090 1462; x_wconf 88' lang='lat' dir='ltr'><strong>apparet,</strong></span> <span class='ocrx_word' id='word_1_657' title='bbox 1124 1430 1255 1463; x_wconf 79' lang='lat' dir='ltr'><strong>tanquam</strong></span> <span class='ocrx_word' id='word_1_658' title='bbox 1271 1433 1306 1455; x_wconf 84' lang='lat' dir='ltr'><strong>ex</strong></span> <span class='ocrx_word' id='word_1_659' title='bbox 1325 1426 1512 1455; x_wconf 86' lang='lat' dir='ltr'><strong>imbecillitate</strong></span> <span class='ocrx_word' id='word_1_660' title='bbox 1533 1427 1666 1455; x_wconf 86' lang='lat' dir='ltr'><strong>cruciﬁxo</strong></span> 
     </span>
    </p>
   </div>
   <div class='ocr_carea' id='block_1_87' title="bbox 868 1470 1662 1506">
    <p class='ocr_par' dir='ltr' id='par_1_87' title="bbox 868 1470 1662 1506">
     <span class='ocr_line' id='line_1_88' title="bbox 868 1470 1662 1506; baseline 0.001 -7"><span class='ocrx_word' id='word_1_661' title='bbox 868 1471 991 1506; x_wconf 84' lang='lat' dir='ltr'><strong>Christo;</strong></span> <span class='ocrx_word' id='word_1_662' title='bbox 1005 1471 1052 1500; x_wconf 84' lang='lat' dir='ltr'><strong>sed</strong></span> <span class='ocrx_word' id='word_1_663' title='bbox 1068 1470 1167 1500; x_wconf 77' lang='lat' dir='ltr'><strong>fortius</strong></span> <span class='ocrx_word' id='word_1_664' title='bbox 1177 1475 1219 1499; x_wconf 88' lang='lat' dir='ltr'><strong>est</strong></span> <span class='ocrx_word' id='word_1_665' title='bbox 1232 1471 1403 1505; x_wconf 88' lang='lat' dir='ltr'><strong>hominibus,</strong></span> <span class='ocrx_word' id='word_1_666' title='bbox 1420 1479 1475 1500; x_wconf 90' lang='lat' dir='ltr'><strong>non</strong></span> <span class='ocrx_word' id='word_1_667' title='bbox 1489 1471 1580 1500; x_wconf 87' lang='lat' dir='ltr'><strong>solum</strong></span> <span class='ocrx_word' id='word_1_668' title='bbox 1599 1471 1662 1500; x_wconf 91' lang='lat' dir='ltr'><strong>ideo</strong></span> 
     </span>
    </p>
   </div>
   <div class='ocr_carea' id='block_1_88' title="bbox 867 1516 1664 1553">
    <p class='ocr_par' dir='ltr' id='par_1_88' title="bbox 867 1516 1664 1553">
     <span class='ocr_line' id='line_1_89' title="bbox 867 1516 1664 1553; baseline -0.001 -8"><span class='ocrx_word' id='word_1_669' title='bbox 867 1516 942 1553; x_wconf 88' lang='lat' dir='ltr'><strong>quod</strong></span> <span class='ocrx_word' id='word_1_670' title='bbox 951 1516 1103 1545; x_wconf 88' lang='lat' dir='ltr'><strong>innumeris</strong></span> <span class='ocrx_word' id='word_1_671' title='bbox 1112 1517 1164 1545; x_wconf 87' lang='lat' dir='ltr'><strong>hoc</strong></span> <span class='ocrx_word' id='word_1_672' title='bbox 1177 1524 1283 1545; x_wconf 88' lang='lat' dir='ltr'><strong>nomen</strong></span> <span class='ocrx_word' id='word_1_673' title='bbox 1294 1518 1466 1553; x_wconf 75' lang='lat' dir='ltr'><strong>exstinguere</strong></span> <span class='ocrx_word' id='word_1_674' title='bbox 1487 1516 1664 1550; x_wconf 86' lang='lat' dir='ltr'><strong>conantibus,</strong></span> 
     </span>
    </p>
   </div>
   <div class='ocr_carea' id='block_1_89' title="bbox 869 1560 1666 1598">
    <p class='ocr_par' dir='ltr' id='par_1_89' title="bbox 869 1560 1666 1598">
     <span class='ocr_line' id='line_1_90' title="bbox 869 1560 1666 1598; baseline 0 -10"><span class='ocrx_word' id='word_1_675' title='bbox 869 1560 981 1589; x_wconf 84' lang='lat' dir='ltr'><strong>ﬂoreret</strong></span> <span class='ocrx_word' id='word_1_676' title='bbox 998 1561 1087 1597; x_wconf 75' lang='lat' dir='ltr'><strong>magis</strong></span> <span class='ocrx_word' id='word_1_677' title='bbox 1115 1571 1121 1589; x_wconf 90' lang='lat'>:</span> <span class='ocrx_word' id='word_1_678' title='bbox 1142 1568 1237 1589; x_wconf 88' lang='lat' dir='ltr'><strong>verum</strong></span> <span class='ocrx_word' id='word_1_679' title='bbox 1251 1561 1317 1598; x_wconf 86' lang='lat' dir='ltr'><strong>quia</strong></span> <span class='ocrx_word' id='word_1_680' title='bbox 1345 1561 1431 1589; x_wconf 88' lang='lat' dir='ltr'><strong>etiam</strong></span> <span class='ocrx_word' id='word_1_681' title='bbox 1445 1568 1494 1597; x_wconf 91' lang='lat' dir='ltr'><strong>per</strong></span> <span class='ocrx_word' id='word_1_682' title='bbox 1519 1561 1598 1590; x_wconf 90' lang='lat' dir='ltr'><strong>illum</strong></span> <span class='ocrx_word' id='word_1_683' title='bbox 1620 1561 1666 1597; x_wconf 84' lang='lat' dir='ltr'><strong>qui</strong></span> 
     </span>
    </p>
   </div>
   <div class='ocr_carea' id='block_1_90' title="bbox 868 1604 1665 1642">
    <p class='ocr_par' dir='ltr' id='par_1_90' title="bbox 868 1604 1665 1642">
     <span class='ocr_line' id='line_1_91' title="bbox 868 1604 1665 1642; baseline -0.001 -9"><span class='ocrx_word' id='word_1_684' title='bbox 868 1605 1011 1634; x_wconf 86' lang='lat' dir='ltr'><strong>imbecillis</strong></span> <span class='ocrx_word' id='word_1_685' title='bbox 1022 1606 1096 1634; x_wconf 87' lang='lat' dir='ltr'><strong>visus</strong></span> <span class='ocrx_word' id='word_1_686' title='bbox 1116 1609 1167 1640; x_wconf 82' lang='lat' dir='ltr'><strong>est,</strong></span> <span class='ocrx_word' id='word_1_687' title='bbox 1182 1604 1262 1634; x_wconf 83' lang='lat' dir='ltr'><strong>fortis</strong></span> <span class='ocrx_word' id='word_1_688' title='bbox 1287 1605 1401 1633; x_wconf 85' lang='lat' dir='ltr'><strong>Satanas</strong></span> <span class='ocrx_word' id='word_1_689' title='bbox 1416 1605 1514 1642; x_wconf 73' lang='lat' dir='ltr'><strong>ligatus</strong></span> <span class='ocrx_word' id='word_1_690' title='bbox 1536 1609 1586 1634; x_wconf 83' lang='lat' dir='ltr'><strong>est.</strong></span> <span class='ocrx_word' id='word_1_691' title='bbox 1612 1605 1665 1633; x_wconf 91' lang='lat' dir='ltr'><strong>Po-</strong></span> 
     </span>
    </p>
   </div>
   <div class='ocr_carea' id='block_1_91' title="bbox 869 1649 1668 1686">
    <p class='ocr_par' dir='ltr' id='par_1_91' title="bbox 869 1649 1668 1686">
     <span class='ocr_line' id='line_1_92' title="bbox 869 1649 1668 1686; baseline 0 -8"><span class='ocrx_word' id='word_1_692' title='bbox 869 1649 934 1678; x_wconf 87' lang='lat' dir='ltr'><strong>teris</strong></span> <span class='ocrx_word' id='word_1_693' title='bbox 956 1654 1049 1679; x_wconf 83' lang='lat' dir='ltr'><strong>autem</strong></span> <span class='ocrx_word' id='word_1_694' title='bbox 1064 1649 1125 1679; x_wconf 60' lang='lat' dir='ltr'><strong>hac</strong></span> <span class='ocrx_word' id='word_1_695' title='bbox 1144 1650 1185 1679; x_wconf 90' lang='lat' dir='ltr'><strong>sic</strong></span> <span class='ocrx_word' id='word_1_696' title='bbox 1204 1650 1288 1679; x_wconf 85' lang='lat' dir='ltr'><strong>etiam</strong></span> <span class='ocrx_word' id='word_1_697' title='bbox 1302 1649 1465 1686; x_wconf 71' lang='lat' dir='ltr'><strong>intelligam,</strong></span> <span class='ocrx_word' id='word_1_698' title='bbox 1479 1649 1554 1686; x_wconf 86' lang='lat' dir='ltr'><strong>quod</strong></span> <span class='ocrx_word' id='word_1_699' title='bbox 1568 1649 1595 1678; x_wconf 92' lang='lat' dir='ltr'><strong>in</strong></span> <span class='ocrx_word' id='word_1_700' title='bbox 1610 1651 1668 1678; x_wconf 80' lang='lat' dir='ltr'><strong>Deo</strong></span> 
     </span>
    </p>
   </div>
   <div class='ocr_carea' id='block_1_92' title="bbox 868 1693 1669 1731">
    <p class='ocr_par' dir='ltr' id='par_1_92' title="bbox 868 1693 1669 1731">
     <span class='ocr_line' id='line_1_93' title="bbox 868 1693 1669 1731; baseline -0.001 -8"><span class='ocrx_word' id='word_1_701' title='bbox 868 1694 943 1731; x_wconf 88' lang='lat' dir='ltr'><strong>quod</strong></span> <span class='ocrx_word' id='word_1_702' title='bbox 968 1695 1103 1723; x_wconf 88' lang='lat' dir='ltr'><strong>immense</strong></span> <span class='ocrx_word' id='word_1_703' title='bbox 1116 1694 1226 1731; x_wconf 88' lang='lat' dir='ltr'><strong>sapiens</strong></span> <span class='ocrx_word' id='word_1_704' title='bbox 1243 1699 1294 1729; x_wconf 84' lang='lat' dir='ltr'><strong>est,</strong></span> <span class='ocrx_word' id='word_1_705' title='bbox 1316 1695 1451 1730; x_wconf 82' lang='lat' dir='ltr'><strong>insipiens</strong></span> <span class='ocrx_word' id='word_1_706' title='bbox 1474 1693 1593 1727; x_wconf 79' lang='lat' dir='ltr'><strong>dicatur,</strong></span> <span class='ocrx_word' id='word_1_707' title='bbox 1615 1694 1669 1722; x_wconf 90' lang='lat' dir='ltr'><strong>hoc</strong></span> 
     </span>
    </p>
   </div>
   <div class='ocr_carea' id='block_1_93' title="bbox 868 1739 1669 1776">
    <p class='ocr_par' dir='ltr' id='par_1_93' title="bbox 868 1739 1669 1776">
     <span class='ocr_line' id='line_1_94' title="bbox 868 1739 1669 1776; baseline -0.002 -8"><span class='ocrx_word' id='word_1_708' title='bbox 868 1743 911 1768; x_wconf 83' lang='lat' dir='ltr'><strong>est</strong></span> <span class='ocrx_word' id='word_1_709' title='bbox 923 1739 1039 1768; x_wconf 86' lang='lat' dir='ltr'><strong>stultum</strong></span> <span class='ocrx_word' id='word_1_710' title='bbox 1054 1748 1061 1767; x_wconf 89' lang='lat'>:</span> <span class='ocrx_word' id='word_1_711' title='bbox 1077 1743 1106 1768; x_wconf 91' lang='lat' dir='ltr'><strong>et</strong></span> <span class='ocrx_word' id='word_1_712' title='bbox 1118 1739 1193 1776; x_wconf 91' lang='lat' dir='ltr'><strong>quod</strong></span> <span class='ocrx_word' id='word_1_713' title='bbox 1214 1747 1297 1775; x_wconf 86' lang='lat' dir='ltr'><strong>supra</strong></span> <span class='ocrx_word' id='word_1_714' title='bbox 1309 1739 1424 1768; x_wconf 91' lang='lat' dir='ltr'><strong>modum</strong></span> <span class='ocrx_word' id='word_1_715' title='bbox 1444 1739 1569 1773; x_wconf 84' lang='lat' dir='ltr'><strong>ﬁrmum,</strong></span> <span class='ocrx_word' id='word_1_716' title='bbox 1590 1739 1669 1767; x_wconf 86' lang='lat' dir='ltr'><strong>inﬁr-</strong></span> 
     </span>
    </p>
   </div>
   <div class='ocr_carea' id='block_1_94' title="bbox 868 1783 1670 1821">
    <p class='ocr_par' dir='ltr' id='par_1_94' title="bbox 868 1783 1670 1821">
     <span class='ocr_line' id='line_1_95' title="bbox 868 1783 1670 1821; baseline 0 -9"><span class='ocrx_word' id='word_1_717' title='bbox 868 1791 956 1818; x_wconf 89' lang='lat' dir='ltr'><strong>mum,</strong></span> <span class='ocrx_word' id='word_1_718' title='bbox 983 1783 1096 1821; x_wconf 87' lang='lat' dir='ltr'><strong>perinde</strong></span> <span class='ocrx_word' id='word_1_719' title='bbox 1120 1792 1153 1812; x_wconf 85' lang='lat' dir='ltr'><strong>ac</strong></span> <span class='ocrx_word' id='word_1_720' title='bbox 1189 1784 1307 1812; x_wconf 82' lang='lat' dir='ltr'><strong>eximius</strong></span> <span class='ocrx_word' id='word_1_721' title='bbox 1333 1783 1462 1820; x_wconf 87' lang='lat' dir='ltr'><strong>splendor</strong></span> <span class='ocrx_word' id='word_1_722' title='bbox 1490 1788 1518 1812; x_wconf 84' lang='lat' dir='ltr'><strong>et</strong></span> <span class='ocrx_word' id='word_1_723' title='bbox 1536 1783 1670 1812; x_wconf 82' lang='lat' dir='ltr'><strong>excellens</strong></span> 
     </span>
    </p>
   </div>
   <div class='ocr_carea' id='block_1_95' title="bbox 868 1828 1472 1865">
    <p class='ocr_par' dir='ltr' id='par_1_95' title="bbox 868 1828 1472 1865">
     <span class='ocr_line' id='line_1_96' title="bbox 868 1828 1472 1865; baseline -0.002 -8"><span class='ocrx_word' id='word_1_724' title='bbox 868 1829 964 1857; x_wconf 89' lang='lat' dir='ltr'><strong>lumen</strong></span> <span class='ocrx_word' id='word_1_725' title='bbox 978 1829 1039 1865; x_wconf 89' lang='lat' dir='ltr'><strong>ejus</strong></span> <span class='ocrx_word' id='word_1_726' title='bbox 1049 1829 1171 1857; x_wconf 73' lang='lat' dir='ltr'><strong>tenebrae</strong></span> <span class='ocrx_word' id='word_1_727' title='bbox 1185 1833 1212 1856; x_wconf 87' lang='lat' dir='ltr'><strong>et</strong></span> <span class='ocrx_word' id='word_1_728' title='bbox 1225 1828 1311 1864; x_wconf 77' lang='lat' dir='ltr'><strong>caligo</strong></span> <span class='ocrx_word' id='word_1_729' title='bbox 1333 1828 1472 1856; x_wconf 87' lang='lat' dir='ltr'><strong>dicuntur.</strong></span> 
     </span>
    </p>
   </div>
   <div class='ocr_carea' id='block_1_96' title="bbox 906 1872 1670 1906">
    <p class='ocr_par' dir='ltr' id='par_1_96' title="bbox 906 1872 1670 1906">
     <span class='ocr_line' id='line_1_97' title="bbox 906 1872 1670 1906; baseline -0.001 -4"><span class='ocrx_word' id='word_1_730' title='bbox 906 1874 996 1902; x_wconf 77' lang='lat' dir='ltr'><strong>Vitas.</strong></span> <span class='ocrx_word' id='word_1_731' title='bbox 1018 1875 1064 1902; x_wconf 79' lang='lat'><strong>26.</strong></span> <span class='ocrx_word' id='word_1_732' title='bbox 1090 1884 1102 1897; x_wconf 85' lang='grc' dir='ltr'><strong>ι</strong></span> <span class='ocrx_word' id='word_1_733' title='bbox 1130 1873 1226 1901; x_wconf 78' lang='lat' dir='ltr'><strong>Videte</strong></span> <span class='ocrx_word' id='word_1_734' title='bbox 1249 1872 1323 1900; x_wconf 89' lang='lat' dir='ltr'><strong>enim</strong></span> <span class='ocrx_word' id='word_1_735' title='bbox 1344 1873 1516 1900; x_wconf 85' lang='lat' dir='ltr'><strong>vocationem</strong></span> <span class='ocrx_word' id='word_1_736' title='bbox 1539 1877 1670 1906; x_wconf 87' lang='lat' dir='ltr'><strong>vestram,</strong></span> 
     </span>
    </p>
   </div>
   <div class='ocr_carea' id='block_1_97' title="bbox 868 1916 1670 1954">
    <p class='ocr_par' dir='ltr' id='par_1_97' title="bbox 868 1916 1670 1954">
     <span class='ocr_line' id='line_1_98' title="bbox 868 1916 1670 1954; baseline 0 -8"><span class='ocrx_word' id='word_1_737' title='bbox 868 1917 981 1953; x_wconf 82' lang='lat' dir='ltr'><strong>fratres,</strong></span> <span class='ocrx_word' id='word_1_738' title='bbox 1009 1917 1087 1954; x_wconf 87' lang='lat' dir='ltr'><strong>quod</strong></span> <span class='ocrx_word' id='word_1_739' title='bbox 1111 1925 1168 1945; x_wconf 92' lang='lat' dir='ltr'><strong>non</strong></span> <span class='ocrx_word' id='word_1_740' title='bbox 1189 1917 1270 1945; x_wconf 90' lang='lat' dir='ltr'><strong>multi</strong></span> <span class='ocrx_word' id='word_1_741' title='bbox 1285 1917 1422 1953; x_wconf 86' lang='lat' dir='ltr'><strong>sapientes</strong></span> <span class='ocrx_word' id='word_1_742' title='bbox 1437 1916 1590 1945; x_wconf 87' lang='lat' dir='ltr'><strong>secundum</strong></span> <span class='ocrx_word' id='word_1_743' title='bbox 1611 1925 1670 1946; x_wconf 84' lang='lat' dir='ltr'><strong>car-</strong></span> 
     </span>
    </p>
   </div>
   <div class='ocr_carea' id='block_1_98' title="bbox 869 1961 1670 1999">
    <p class='ocr_par' dir='ltr' id='par_1_98' title="bbox 869 1961 1670 1999">
     <span class='ocr_line' id='line_1_99' title="bbox 869 1961 1670 1999; baseline 0 -8"><span class='ocrx_word' id='word_1_744' title='bbox 869 1971 945 1997; x_wconf 87' lang='lat' dir='ltr'><strong>nem,</strong></span> <span class='ocrx_word' id='word_1_745' title='bbox 960 1970 1018 1991; x_wconf 91' lang='lat' dir='ltr'><strong>non</strong></span> <span class='ocrx_word' id='word_1_746' title='bbox 1028 1962 1106 1990; x_wconf 86' lang='lat' dir='ltr'><strong>multi</strong></span> <span class='ocrx_word' id='word_1_747' title='bbox 1118 1966 1254 1999; x_wconf 86' lang='lat' dir='ltr'><strong>potentes,</strong></span> <span class='ocrx_word' id='word_1_748' title='bbox 1268 1970 1324 1990; x_wconf 91' lang='lat' dir='ltr'><strong>non</strong></span> <span class='ocrx_word' id='word_1_749' title='bbox 1341 1962 1420 1990; x_wconf 90' lang='lat' dir='ltr'><strong>multi</strong></span> <span class='ocrx_word' id='word_1_750' title='bbox 1436 1961 1553 1991; x_wconf 89' lang='lat' dir='ltr'><strong>nobiles.</strong></span> <span class='ocrx_word' id='word_1_751' title='bbox 1572 1974 1584 1986; x_wconf 71' lang='grc'><strong>»</strong></span> <span class='ocrx_word' id='word_1_752' title='bbox 1597 1963 1670 1991; x_wconf 94' lang='lat' dir='ltr'><strong>Con-</strong></span> 
     </span>
    </p>
   </div>
   <div class='ocr_carea' id='block_1_99' title="bbox 869 2005 1669 2043">
    <p class='ocr_par' dir='ltr' id='par_1_99' title="bbox 869 2005 1669 2043">
     <span class='ocr_line' id='line_1_100' title="bbox 869 2005 1669 2043; baseline 0 -8"><span class='ocrx_word' id='word_1_753' title='bbox 869 2006 996 2041; x_wconf 87' lang='lat' dir='ltr'><strong>siderate,</strong></span> <span class='ocrx_word' id='word_1_754' title='bbox 1015 2006 1113 2043; x_wconf 87' lang='lat' dir='ltr'><strong>inquit,</strong></span> <span class='ocrx_word' id='word_1_755' title='bbox 1135 2011 1162 2034; x_wconf 90' lang='lat' dir='ltr'><strong>et</strong></span> <span class='ocrx_word' id='word_1_756' title='bbox 1175 2006 1335 2035; x_wconf 89' lang='lat' dir='ltr'><strong>scrutamini</strong></span> <span class='ocrx_word' id='word_1_757' title='bbox 1357 2010 1469 2035; x_wconf 86' lang='lat' dir='ltr'><strong>vocatos</strong></span> <span class='ocrx_word' id='word_1_758' title='bbox 1483 2005 1517 2034; x_wconf 89' lang='lat' dir='ltr'><strong>ad</strong></span> <span class='ocrx_word' id='word_1_759' title='bbox 1535 2006 1628 2041; x_wconf 85' lang='lat' dir='ltr'><strong>ﬁdem,</strong></span> <span class='ocrx_word' id='word_1_760' title='bbox 1640 2011 1669 2035; x_wconf 92' lang='lat' dir='ltr'><strong>et</strong></span> 
     </span>
    </p>
   </div>
   <div class='ocr_carea' id='block_1_100' title="bbox 869 2051 1668 2089">
    <p class='ocr_par' dir='ltr' id='par_1_100' title="bbox 869 2051 1668 2089">
     <span class='ocr_line' id='line_1_101' title="bbox 869 2051 1668 2089; baseline 0 -9"><span class='ocrx_word' id='word_1_761' title='bbox 869 2051 1011 2080; x_wconf 81' lang='lat' dir='ltr'><strong>invenietis</strong></span> <span class='ocrx_word' id='word_1_762' title='bbox 1027 2051 1102 2089; x_wconf 89' lang='lat' dir='ltr'><strong>quod</strong></span> <span class='ocrx_word' id='word_1_763' title='bbox 1125 2059 1183 2080; x_wconf 88' lang='lat' dir='ltr'><strong>non</strong></span> <span class='ocrx_word' id='word_1_764' title='bbox 1197 2051 1275 2080; x_wconf 86' lang='lat' dir='ltr'><strong>multi</strong></span> <span class='ocrx_word' id='word_1_765' title='bbox 1289 2051 1427 2087; x_wconf 90' lang='lat' dir='ltr'><strong>sapientes</strong></span> <span class='ocrx_word' id='word_1_766' title='bbox 1441 2051 1496 2079; x_wconf 87' lang='lat' dir='ltr'><strong>sint</strong></span> <span class='ocrx_word' id='word_1_767' title='bbox 1515 2051 1668 2080; x_wconf 88' lang='lat' dir='ltr'><strong>secundum</strong></span> 
     </span>
    </p>
   </div>
   <div class='ocr_carea' id='block_1_101' title="bbox 867 2096 1669 2134">
    <p class='ocr_par' dir='ltr' id='par_1_101' title="bbox 867 2096 1669 2134">
     <span class='ocr_line' id='line_1_102' title="bbox 867 2096 1669 2134; baseline 0 -9"><span class='ocrx_word' id='word_1_768' title='bbox 867 2105 989 2132; x_wconf 85' lang='lat' dir='ltr'><strong>carnem,</strong></span> <span class='ocrx_word' id='word_1_769' title='bbox 1010 2097 1064 2126; x_wconf 88' lang='lat' dir='ltr'><strong>hoc</strong></span> <span class='ocrx_word' id='word_1_770' title='bbox 1079 2101 1130 2130; x_wconf 87' lang='lat' dir='ltr'><strong>est,</strong></span> <span class='ocrx_word' id='word_1_771' title='bbox 1156 2102 1187 2125; x_wconf 91' lang='lat' dir='ltr'><strong>ut</strong></span> <span class='ocrx_word' id='word_1_772' title='bbox 1201 2101 1316 2134; x_wconf 87' lang='lat' dir='ltr'><strong>apparet</strong></span> <span class='ocrx_word' id='word_1_773' title='bbox 1332 2097 1361 2124; x_wconf 88' lang='lat' dir='ltr'><strong>in</strong></span> <span class='ocrx_word' id='word_1_774' title='bbox 1386 2096 1515 2133; x_wconf 82' lang='lat' dir='ltr'><strong>speciem,</strong></span> <span class='ocrx_word' id='word_1_775' title='bbox 1543 2097 1571 2125; x_wconf 89' lang='lat' dir='ltr'><strong>in</strong></span> <span class='ocrx_word' id='word_1_776' title='bbox 1596 2104 1669 2133; x_wconf 68' lang='lat' dir='ltr'><strong>prae-</strong></span> 
     </span>
    </p>
   </div>
   <div class='ocr_carea' id='block_1_102' title="bbox 869 2143 1669 2180">
    <p class='ocr_par' dir='ltr' id='par_1_102' title="bbox 869 2143 1669 2180">
     <span class='ocr_line' id='line_1_103' title="bbox 869 2143 1669 2180; baseline 0.001 -9"><span class='ocrx_word' id='word_1_777' title='bbox 869 2144 939 2172; x_wconf 88' lang='lat' dir='ltr'><strong>senti</strong></span> <span class='ocrx_word' id='word_1_778' title='bbox 955 2144 1018 2172; x_wconf 88' lang='lat' dir='ltr'><strong>vita.</strong></span> <span class='ocrx_word' id='word_1_779' title='bbox 1032 2145 1096 2172; x_wconf 87' lang='lat' dir='ltr'><strong>Non</strong></span> <span class='ocrx_word' id='word_1_780' title='bbox 1105 2144 1174 2172; x_wconf 78' lang='lat' dir='ltr'><strong>dixit</strong></span> <span class='ocrx_word' id='word_1_781' title='bbox 1185 2148 1279 2172; x_wconf 90' lang='lat' dir='ltr'><strong>autem</strong></span> <span class='ocrx_word' id='word_1_782' title='bbox 1291 2143 1367 2180; x_wconf 88' lang='lat' dir='ltr'><strong>quod</strong></span> <span class='ocrx_word' id='word_1_783' title='bbox 1381 2151 1464 2172; x_wconf 90' lang='lat' dir='ltr'><strong>nemo</strong></span> <span class='ocrx_word' id='word_1_784' title='bbox 1477 2144 1597 2180; x_wconf 85' lang='lat' dir='ltr'><strong>sapiens,</strong></span> <span class='ocrx_word' id='word_1_785' title='bbox 1609 2144 1669 2179; x_wconf 86' lang='lat' dir='ltr'><strong>sed,</strong></span> 
     </span>
    </p>
   </div>
   <div class='ocr_carea' id='block_1_103' title="bbox 872 2187 1671 2224">
    <p class='ocr_par' dir='ltr' id='par_1_103' title="bbox 872 2187 1671 2224">
     <span class='ocr_line' id='line_1_104' title="bbox 872 2187 1671 2224; baseline 0 -8"><span class='ocrx_word' id='word_1_786' title='bbox 872 2199 885 2212; x_wconf 79' lang='grc' dir='ltr'>ι</span> <span class='ocrx_word' id='word_1_787' title='bbox 903 2196 959 2217; x_wconf 90' lang='lat' dir='ltr'><strong>non</strong></span> <span class='ocrx_word' id='word_1_788' title='bbox 978 2188 1067 2216; x_wconf 87' lang='lat' dir='ltr'><strong>multi.</strong></span> <span class='ocrx_word' id='word_1_789' title='bbox 1086 2199 1099 2213; x_wconf 77' lang='grc' dir='ltr'>ι)</span> <span class='ocrx_word' id='word_1_790' title='bbox 1123 2189 1195 2217; x_wconf 80' lang='lat' dir='ltr'><strong>Nam</strong></span> <span class='ocrx_word' id='word_1_791' title='bbox 1211 2188 1335 2216; x_wconf 90' lang='lat' dir='ltr'><strong>nonnulli</strong></span> <span class='ocrx_word' id='word_1_792' title='bbox 1356 2187 1510 2224; x_wconf 87' lang='lat' dir='ltr'><strong>sapientum</strong></span> <span class='ocrx_word' id='word_1_793' title='bbox 1529 2188 1565 2217; x_wconf 90' lang='lat' dir='ltr'><strong>ad</strong></span> <span class='ocrx_word' id='word_1_794' title='bbox 1586 2188 1671 2217; x_wconf 83' lang='lat' dir='ltr'><strong>ﬁdem</strong></span> 
     </span>
    </p>
   </div>
   <div class='ocr_carea' id='block_1_104' title="bbox 869 2232 1670 2269">
    <p class='ocr_par' dir='ltr' id='par_1_104' title="bbox 869 2232 1670 2269">
     <span class='ocr_line' id='line_1_105' title="bbox 869 2232 1670 2269; baseline 0.001 -9"><span class='ocrx_word' id='word_1_795' title='bbox 869 2237 1054 2267; x_wconf 85' lang='lat' dir='ltr'><strong>accesserunt,</strong></span> <span class='ocrx_word' id='word_1_796' title='bbox 1077 2240 1195 2269; x_wconf 89' lang='lat' dir='ltr'><strong>quorum</strong></span> <span class='ocrx_word' id='word_1_797' title='bbox 1217 2232 1252 2261; x_wconf 92' lang='lat' dir='ltr'><strong>de</strong></span> <span class='ocrx_word' id='word_1_798' title='bbox 1276 2240 1393 2261; x_wconf 88' lang='lat' dir='ltr'><strong>numero</strong></span> <span class='ocrx_word' id='word_1_799' title='bbox 1417 2237 1481 2261; x_wconf 89' lang='lat' dir='ltr'><strong>sunt</strong></span> <span class='ocrx_word' id='word_1_800' title='bbox 1504 2233 1670 2269; x_wconf 77' lang='lat' dir='ltr'><strong>Areopagita</strong></span> 
     </span>
    </p>
   </div>
   <div class='ocr_carea' id='block_1_105' title="bbox 871 2277 1672 2314">
    <p class='ocr_par' dir='ltr' id='par_1_105' title="bbox 871 2277 1672 2314">
     <span class='ocr_line' id='line_1_106' title="bbox 871 2277 1672 2314; baseline 0.002 -9"><span class='ocrx_word' id='word_1_801' title='bbox 871 2280 898 2304; x_wconf 86' lang='lat' dir='ltr'><strong>et</strong></span> <span class='ocrx_word' id='word_1_802' title='bbox 913 2277 1057 2314; x_wconf 89' lang='lat' dir='ltr'><strong>proconsul</strong></span> <span class='ocrx_word' id='word_1_803' title='bbox 1073 2281 1100 2305; x_wconf 90' lang='lat' dir='ltr'><strong>et</strong></span> <span class='ocrx_word' id='word_1_804' title='bbox 1114 2277 1203 2306; x_wconf 86' lang='lat' dir='ltr'><strong>aliide</strong></span> <span class='ocrx_word' id='word_1_805' title='bbox 1217 2285 1337 2314; x_wconf 87' lang='lat' dir='ltr'><strong>quorum</strong></span> <span class='ocrx_word' id='word_1_806' title='bbox 1349 2277 1508 2306; x_wconf 89' lang='lat' dir='ltr'><strong>nominibus</strong></span> <span class='ocrx_word' id='word_1_807' title='bbox 1520 2285 1596 2305; x_wconf 88' lang='lat' dir='ltr'><strong>nunc</strong></span> <span class='ocrx_word' id='word_1_808' title='bbox 1616 2286 1672 2307; x_wconf 89' lang='lat' dir='ltr'><strong>non</strong></span> 
     </span>
    </p>
   </div>
   <div class='ocr_carea' id='block_1_106' title="bbox 872 2321 1672 2359">
    <p class='ocr_par' dir='ltr' id='par_1_106' title="bbox 872 2321 1672 2359">
     <span class='ocr_line' id='line_1_107' title="bbox 872 2321 1672 2359; baseline 0.001 -9"><span class='ocrx_word' id='word_1_809' title='bbox 872 2326 991 2351; x_wconf 85' lang='lat' dir='ltr'><strong>constat.</strong></span> <span class='ocrx_word' id='word_1_810' title='bbox 1016 2322 1090 2359; x_wconf 90' lang='lat' dir='ltr'><strong>Quin</strong></span> <span class='ocrx_word' id='word_1_811' title='bbox 1109 2322 1193 2350; x_wconf 88' lang='lat' dir='ltr'><strong>etiam</strong></span> <span class='ocrx_word' id='word_1_812' title='bbox 1213 2326 1340 2358; x_wconf 79' lang='lat' dir='ltr'><strong>potentes</strong></span> <span class='ocrx_word' id='word_1_813' title='bbox 1365 2321 1492 2359; x_wconf 90' lang='lat' dir='ltr'><strong>quidam,</strong></span> <span class='ocrx_word' id='word_1_814' title='bbox 1523 2326 1551 2351; x_wconf 88' lang='lat' dir='ltr'><strong>et</strong></span> <span class='ocrx_word' id='word_1_815' title='bbox 1575 2331 1672 2359; x_wconf 79' lang='lat' dir='ltr'><strong>genere</strong></span> 
     </span>
    </p>
   </div>
   <div class='ocr_carea' id='block_1_107' title="bbox 873 2367 1673 2404">
    <p class='ocr_par' dir='ltr' id='par_1_107' title="bbox 873 2367 1673 2404">
     <span class='ocr_line' id='line_1_108' title="bbox 873 2367 1673 2404; baseline 0.003 -8"><span class='ocrx_word' id='word_1_816' title='bbox 873 2367 937 2396; x_wconf 88' lang='lat' dir='ltr'><strong>clari</strong></span> <span class='ocrx_word' id='word_1_817' title='bbox 949 2367 1131 2397; x_wconf 80' lang='lat' dir='ltr'><strong>crediderunt.</strong></span> <span class='ocrx_word' id='word_1_818' title='bbox 1142 2368 1290 2404; x_wconf 83' lang='lat' dir='ltr'><strong>Propterea</strong></span> <span class='ocrx_word' id='word_1_819' title='bbox 1305 2368 1339 2397; x_wconf 87' lang='lat' dir='ltr'><strong>de</strong></span> <span class='ocrx_word' id='word_1_820' title='bbox 1349 2368 1480 2397; x_wconf 87' lang='lat' dir='ltr'><strong>omnibus</strong></span> <span class='ocrx_word' id='word_1_821' title='bbox 1489 2368 1556 2397; x_wconf 82' lang='lat' dir='ltr'><strong>dixit</strong></span> <span class='ocrx_word' id='word_1_822' title='bbox 1568 2378 1574 2397; x_wconf 93' lang='lat'><strong>:</strong></span> <span class='ocrx_word' id='word_1_823' title='bbox 1589 2381 1601 2393; x_wconf 66' lang='grc' dir='ltr'>κ</span> <span class='ocrx_word' id='word_1_824' title='bbox 1616 2377 1673 2398; x_wconf 89' lang='lat' dir='ltr'><strong>non</strong></span> 
     </span>
    </p>
   </div>
   <div class='ocr_carea' id='block_1_108' title="bbox 874 2412 1672 2450">
    <p class='ocr_par' dir='ltr' id='par_1_108' title="bbox 874 2412 1672 2450">
     <span class='ocr_line' id='line_1_109' title="bbox 874 2412 1672 2450; baseline 0.004 -10"><span class='ocrx_word' id='word_1_825' title='bbox 874 2413 964 2441; x_wconf 90' lang='lat' dir='ltr'><strong>multi.</strong></span> <span class='ocrx_word' id='word_1_826' title='bbox 981 2424 994 2437; x_wconf 71' lang='grc' dir='ltr'>ι</span> <span class='ocrx_word' id='word_1_827' title='bbox 1010 2412 1128 2441; x_wconf 87' lang='lat' dir='ltr'><strong>Proinde</strong></span> <span class='ocrx_word' id='word_1_828' title='bbox 1141 2413 1326 2442; x_wconf 83' lang='lat' dir='ltr'><strong>animadverte</strong></span> <span class='ocrx_word' id='word_1_829' title='bbox 1335 2414 1489 2450; x_wconf 87' lang='lat' dir='ltr'><strong>potentiam</strong></span> <span class='ocrx_word' id='word_1_830' title='bbox 1503 2418 1530 2442; x_wconf 83' lang='lat' dir='ltr'><strong>et</strong></span> <span class='ocrx_word' id='word_1_831' title='bbox 1541 2414 1672 2443; x_wconf 88' lang='lat' dir='ltr'><strong>virtutem</strong></span> 
     </span>
    </p>
   </div>
   <div class='ocr_carea' id='block_1_109' title="bbox 875 2457 1673 2496">
    <p class='ocr_par' dir='ltr' id='par_1_109' title="bbox 875 2457 1673 2496">
     <span class='ocr_line' id='line_1_110' title="bbox 875 2457 1673 2496; baseline 0.003 -11"><span class='ocrx_word' id='word_1_832' title='bbox 875 2457 1087 2492; x_wconf 68' lang='lat' dir='ltr'><strong>praedicationis,</strong></span> <span class='ocrx_word' id='word_1_833' title='bbox 1110 2457 1253 2494; x_wconf 91' lang='lat' dir='ltr'><strong>quomodo</strong></span> <span class='ocrx_word' id='word_1_834' title='bbox 1267 2458 1366 2487; x_wconf 87' lang='lat' dir='ltr'><strong>idiotas</strong></span> <span class='ocrx_word' id='word_1_835' title='bbox 1388 2462 1416 2486; x_wconf 92' lang='lat' dir='ltr'><strong>et</strong></span> <span class='ocrx_word' id='word_1_836' title='bbox 1441 2457 1525 2487; x_wconf 83' lang='lat' dir='ltr'><strong>rudes</strong></span> <span class='ocrx_word' id='word_1_837' title='bbox 1544 2458 1673 2496; x_wconf 72' lang='lat' dir='ltr'><strong>dogmata</strong></span> 
     </span>
    </p>
   </div>
   <div class='ocr_carea' id='block_1_110' title="bbox 880 2502 1675 2540">
    <p class='ocr_par' dir='ltr' id='par_1_110' title="bbox 880 2502 1675 2540">
     <span class='ocr_line' id='line_1_111' title="bbox 880 2502 1675 2540; baseline 0.004 -10"><span class='ocrx_word' id='word_1_838' title='bbox 880 2503 975 2532; x_wconf 92' lang='lat' dir='ltr'><strong>mundi</strong></span> <span class='ocrx_word' id='word_1_839' title='bbox 1003 2502 1135 2539; x_wconf 86' lang='lat' dir='ltr'><strong>sapientia</strong></span> <span class='ocrx_word' id='word_1_840' title='bbox 1162 2502 1259 2531; x_wconf 88' lang='lat' dir='ltr'><strong>inutile</strong></span> <span class='ocrx_word' id='word_1_841' title='bbox 1298 2503 1428 2540; x_wconf 88' lang='lat' dir='ltr'><strong>quiddam</strong></span> <span class='ocrx_word' id='word_1_842' title='bbox 1467 2511 1528 2532; x_wconf 81' lang='lat' dir='ltr'><strong>esse</strong></span> <span class='ocrx_word' id='word_1_843' title='bbox 1558 2504 1675 2533; x_wconf 90' lang='lat' dir='ltr'><strong>demon-</strong></span> 
     </span>
    </p>
   </div>
   <div class='ocr_carea' id='block_1_111' title="bbox 913 2591 1674 2629">
    <p class='ocr_par' dir='ltr' id='par_1_111' title="bbox 913 2591 1674 2629">
     <span class='ocr_line' id='line_1_112' title="bbox 913 2591 1674 2629; baseline -0.003 -7"><span class='ocrx_word' id='word_1_844' title='bbox 913 2593 996 2629; x_wconf 69' lang='grc'><strong>129</strong></span> <span class='ocrx_word' id='word_1_845' title='bbox 1005 2594 1095 2622; x_wconf 73' lang='lat' dir='ltr'><strong>Vnss.</strong></span> <span class='ocrx_word' id='word_1_846' title='bbox 1107 2595 1151 2620; x_wconf 74' lang='lat'><strong>27.</strong></span> <span class='ocrx_word' id='word_1_847' title='bbox 1165 2604 1178 2617; x_wconf 79' lang='grc' dir='ltr'><strong>ι</strong></span> <span class='ocrx_word' id='word_1_848' title='bbox 1193 2591 1247 2621; x_wconf 90' lang='lat' dir='ltr'><strong>Sed</strong></span> <span class='ocrx_word' id='word_1_849' title='bbox 1260 2600 1322 2629; x_wconf 77' lang='lat' dir='ltr'><strong>qua:</strong></span> <span class='ocrx_word' id='word_1_850' title='bbox 1333 2592 1418 2621; x_wconf 89' lang='lat' dir='ltr'><strong>stulta</strong></span> <span class='ocrx_word' id='word_1_851' title='bbox 1431 2597 1497 2621; x_wconf 86' lang='lat' dir='ltr'><strong>sunt</strong></span> <span class='ocrx_word' id='word_1_852' title='bbox 1513 2591 1608 2621; x_wconf 90' lang='lat' dir='ltr'><strong>mundi</strong></span> <span class='ocrx_word' id='word_1_853' title='bbox 1619 2592 1674 2620; x_wconf 87' lang='lat' dir='ltr'><strong>ele-</strong></span> 
     </span>
    </p>
   </div>
   <div class='ocr_carea' id='block_1_112' title="bbox 875 2635 1674 2675">
    <p class='ocr_par' dir='ltr' id='par_1_112' title="bbox 875 2635 1674 2675">
     <span class='ocr_line' id='line_1_113' title="bbox 875 2635 1674 2675; baseline -0.003 -9"><span class='ocrx_word' id='word_1_854' title='bbox 875 2638 916 2674; x_wconf 72' lang='lat' dir='ltr'><strong>git</strong></span> <span class='ocrx_word' id='word_1_855' title='bbox 928 2639 1017 2673; x_wconf 82' lang='lat' dir='ltr'><strong>Deus,</strong></span> <span class='ocrx_word' id='word_1_856' title='bbox 1032 2642 1063 2666; x_wconf 90' lang='lat' dir='ltr'><strong>ut</strong></span> <span class='ocrx_word' id='word_1_857' title='bbox 1078 2637 1234 2674; x_wconf 81' lang='lat' dir='ltr'><strong>pudefaciat</strong></span> <span class='ocrx_word' id='word_1_858' title='bbox 1243 2638 1380 2675; x_wconf 88' lang='lat' dir='ltr'><strong>sapientes</strong></span> <span class='ocrx_word' id='word_1_859' title='bbox 1395 2648 1401 2666; x_wconf 87' lang='lat'><strong>:</strong></span> <span class='ocrx_word' id='word_1_860' title='bbox 1414 2642 1442 2666; x_wconf 86' lang='lat' dir='ltr'><strong>et</strong></span> <span class='ocrx_word' id='word_1_861' title='bbox 1455 2636 1567 2666; x_wconf 81' lang='lat' dir='ltr'><strong>inﬁma</strong></span> <span class='ocrx_word' id='word_1_862' title='bbox 1577 2635 1674 2665; x_wconf 90' lang='lat' dir='ltr'><strong>mundi</strong></span> 
     </span>
    </p>
   </div>
   <div class='ocr_carea' id='block_1_113' title="bbox 875 2680 1673 2720">
    <p class='ocr_par' dir='ltr' id='par_1_113' title="bbox 875 2680 1673 2720">
     <span class='ocr_line' id='line_1_114' title="bbox 875 2680 1673 2720; baseline -0.005 -9"><span class='ocrx_word' id='word_1_863' title='bbox 875 2682 955 2719; x_wconf 74' lang='lat' dir='ltr'><strong>elegit</strong></span> <span class='ocrx_word' id='word_1_864' title='bbox 979 2683 1073 2718; x_wconf 86' lang='lat' dir='ltr'><strong>Deus,</strong></span> <span class='ocrx_word' id='word_1_865' title='bbox 1101 2686 1132 2711; x_wconf 91' lang='lat' dir='ltr'><strong>ut</strong></span> <span class='ocrx_word' id='word_1_866' title='bbox 1154 2681 1311 2720; x_wconf 80' lang='lat' dir='ltr'><strong>pudefaciat</strong></span> <span class='ocrx_word' id='word_1_867' title='bbox 1339 2682 1429 2712; x_wconf 83' lang='lat' dir='ltr'><strong>fortia.</strong></span> <span class='ocrx_word' id='word_1_868' title='bbox 1461 2694 1475 2708; x_wconf 76' lang='grc' dir='ltr'><strong><em>ι</em></strong></span> <span class='ocrx_word' id='word_1_869' title='bbox 1501 2681 1578 2711; x_wconf 85' lang='lat' dir='ltr'><strong>Istud</strong></span> <span class='ocrx_word' id='word_1_870' title='bbox 1598 2680 1673 2709; x_wconf 90' lang='lat' dir='ltr'><strong>enim</strong></span> 
     </span>
    </p>
   </div>
   <div class='ocr_carea' id='block_1_114' title="bbox 721 2763 990 2794">
    <p class='ocr_par' dir='ltr' id='par_1_114' title="bbox 721 2763 990 2794">
     <span class='ocr_line' id='line_1_115' title="bbox 721 2763 990 2794; baseline 0 -1"><span class='ocrx_word' id='word_1_871' title='bbox 721 2763 817 2793; x_wconf 74' lang='lat' dir='ltr'><strong>Variae</strong></span> <span class='ocrx_word' id='word_1_872' title='bbox 840 2763 990 2794; x_wconf 86' lang='lat' dir='ltr'><strong>lectiones.</strong></span> 
     </span>
    </p>
   </div>
   <div class='ocr_carea' id='block_1_115' title="bbox 71 2803 498 2846">
    <p class='ocr_par' dir='ltr' id='par_1_115' title="bbox 71 2803 498 2846">
     <span class='ocr_line' id='line_1_116' title="bbox 71 2803 498 2846; baseline 0.012 -14"><span class='ocrx_word' id='word_1_873' title='bbox 71 2803 89 2821; x_wconf 80' lang='grc'><strong>¹⁹</strong></span> <span class='ocrx_word' id='word_1_874' title='bbox 100 2804 193 2842; x_wconf 80' lang='grc' dir='ltr'>ἰδιώτης</span> <span class='ocrx_word' id='word_1_875' title='bbox 208 2814 248 2836; x_wconf 90' lang='lat' dir='ltr'><strong>m.</strong></span> <span class='ocrx_word' id='word_1_876' title='bbox 284 2808 306 2825; x_wconf 81' lang='grc'><strong>²⁰</strong></span> <span class='ocrx_word' id='word_1_877' title='bbox 318 2808 459 2846; x_wconf 80' lang='grc' dir='ltr'>διδάγματα</span> <span class='ocrx_word' id='word_1_878' title='bbox 472 2817 498 2837; x_wconf 91' lang='lat'><strong>0.</strong></span> 
     </span>
    </p>
   </div>
  </div>
