1881 3081
248 158 298 185 583

758 155 1016 185 THEOPHYLACTI
1035 156 1216 186 BULGARIIE
1234 158 1392 188 ARCHIEP.

1819 168 1851 195 584

245 219 360 248 Graecos
379 217 500 246 maxime
520 217 615 254 pudet,
632 226 696 246 cum
720 218 749 247 in
765 218 825 246 foro
848 219 957 247 videant
981 227 1031 247 me-

1093 221 1201 268 ἶσχυροὶ.
1225 233 1239 251 ››
1268 223 1354 268 Τοῦτο
1385 222 1436 263 γάρ
1464 224 1520 254 ἐστι
1550 224 1663 263 μεγίστη
1693 227 1795 268 αἰσχύνη
1817 231 1849 258 τῶν

245 264 392 293 cbanicum
408 270 472 292 vera
487 262 618 300 sapientia
638 263 712 299 ipsos
737 263 885 299 excedere,
904 272 936 292 ac
952 263 1041 292 imbe-

243 307 332 336 cillem
353 306 476 343 adeoque
491 307 730 344 contemptibilem
747 308 843 344 opibus
859 312 888 337 et
906 312 1042 345 potestate

239 352 403 388 conspicuos
427 352 580 381 humiliare.

275 440 367 469 Vsus.
391 442 435 468 28.
463 451 475 464 α
501 442 535 468 Et
556 439 686 476 ignobilia
709 440 804 469 mundi
832 445 859 469 et
880 445 1040 478 contempta

240 485 320 522 elegit
339 487 425 519 Deus,
441 488 469 514 et
485 493 517 513 ea
538 493 601 522 quis
625 493 685 513 non
698 489 772 521 sunt,
795 490 827 514 ut
846 493 877 514 ea
899 494 962 523 qua:
976 491 1041 516 sunt

239 529 356 559 aboleat.
375 540 391 558 ιι
413 531 466 566 Qui
495 530 562 559 nihil
588 539 648 560 esse
661 535 833 567 reputantur,
855 540 886 560 ea
902 540 964 568 quae
982 541 1038 562 non

239 579 303 603 sunt
317 575 454 609 nominat,
469 575 516 612 qui
541 579 633 605 autem
653 575 755 613 aliquid
773 584 832 605 esse
846 577 984 612 videntur,
1005 586 1037 606 ea

237 627 300 656 quae
318 624 391 648 sunt.
407 621 447 649 Ut
465 619 547 657 igitur
565 620 616 649 hos
640 621 746 650 otiosos
767 626 795 650 et
815 621 928 650 inutiles
948 626 1038 651 osten—

237 663 297 699 dat,
311 664 373 693 ideo
396 672 444 693 eos
466 665 514 702 qui
537 665 602 694 nihil
629 670 708 701 sunt,
734 666 825 702 elegit.
854 667 951 701 Porro,
972 675 1036 695 cum

239 709 328 744 audis,
351 721 364 735 ι
381 710 480 747 Elegit,
507 721 521 736 ι
544 719 602 739 non
621 711 661 739 sic
675 710 818 748 intelligas,
845 712 926 748 quasi
945 720 1036 748 operas

238 755 356 791 pretium
370 754 491 789 duxerit,
502 759 549 784 aut
558 756 733 784 contenderit
746 761 921 793 contemptos
936 757 1036 793 eligere

237 807 269 828 ac
287 799 407 829 celebres
430 800 564 837 depellere
586 810 593 829 :
617 809 713 830 verum
728 801 803 839 quia,
826 810 889 830 cum
914 802 1035 831 celebres

237 849 265 873 et
285 845 405 882 insignes
431 845 482 874 viri
510 846 619 882 propria
640 846 777 883 sapientia
800 846 1031 883 intumescerent,

236 888 352 926 ideoque
388 891 532 927 Evangelii
565 891 679 920 verbum
707 899 765 920 non
790 891 969 928 susciperent,
998 892 1033 921 ad

237 934 319 971 hujus
346 936 547 972 susceptionem
577 937 638 965 Deo
664 936 752 973 magis
778 936 869 966 idonei
895 937 948 965 visi
971 941 1035 966 sunt

236 979 255 1007 ii
267 979 313 1016 qui
327 979 362 1008 ah
381 981 536 1017 arrogantia
550 981 628 1010 alieni
644 986 730 1010 erant.

269 1026 360 1055 Vsns.
376 1029 421 1054 29.
435 1037 448 1050 ι
470 1027 511 1055 Ut
524 1034 581 1055 non
595 1026 726 1063 glorietur
740 1026 832 1055 omnis
855 1034 918 1056 caro
939 1035 1033 1056 coram

235 1072 306 1100 Deo.
323 1082 337 1096 ι
361 1072 519 1107 Propterea,
540 1071 639 1108 inquit,
654 1072 714 1100 haec
737 1073 812 1100 Deus
840 1071 915 1108 fecit,
932 1076 963 1100 ut
983 1072 1033 1101 de-

237 1115 367 1151 primeret
392 1115 493 1145 fastum
513 1120 540 1145 et
565 1116 750 1153 arrogantiam
772 1124 868 1145 eorum
887 1117 934 1153 qui
951 1125 1033 1145 mun-

236 1160 307 1189 dana
329 1161 454 1198 sapiunt,
481 1162 695 1198 persuadeatque
727 1162 820 1190 omnia
843 1162 896 1191 sibi
920 1166 1032 1198 accepts

235 1205 385 1242 referenda,
400 1214 451 1236 nec
477 1215 571 1235 coram
594 1207 654 1244 ipso
680 1207 862 1244 gloriandum.
885 1207 1032 1244 Quomodo

236 1251 322 1287 igitur
344 1260 402 1286 vos,
431 1260 448 1280 o
467 1252 614 1287 Corinthii,
628 1252 663 1281 ob
691 1260 753 1281 eam
779 1260 839 1281 rem
864 1252 1032 1281 efferimini?

232 1296 355 1325 Observa
373 1301 466 1326 autem
486 1297 560 1335 quod
581 1297 654 1326 haud
674 1302 779 1326 temere
801 1298 929 1332 diximus,
957 1297 1032 1334 quod

233 1340 252 1369 ii
277 1342 325 1378 qui
353 1342 444 1380 rejecti
467 1347 542 1378 sunt,
569 1346 680 1380 propter
706 1343 894 1379 arrogantiam
924 1342 1032 1379 indigni

232 1385 297 1414 facti
316 1391 381 1416 sunt
393 1388 585 1424 prmdicatione
599 1387 751 1424 Evangelii.

274 1436 363 1463 Vm.
386 1435 430 1462 80.
455 1444 468 1458 ι
485 1434 525 1461 Ex
546 1433 604 1469 ipso
621 1437 713 1461 autem
732 1440 780 1461 vos
794 1432 859 1461 estis
875 1432 904 1460 in
923 1432 1033 1461 Christo

233 1481 308 1509 Iesu.
325 1491 339 1505 ι
355 1478 438 1515 Quod
456 1478 504 1514 ait,
521 1490 533 1504 ι
551 1478 593 1505 Ex
607 1477 667 1514 ipso
684 1489 696 1502 ι
711 1485 769 1506 ιιοιι
793 1477 829 1506 de
854 1477 1032 1514 productione

1049 876 1073 908 B

1097 265 1253 313 Ἐλλήνων,
1271 267 1336 313 ὅταν,
1356 268 1432 298 ἴδωσι
1456 268 1501 298 τὸν
1528 270 1572 299 ἐπὶ
1594 272 1642 306 τῆς
1657 265 1849 313 ἆγορῖίςχιιροτέ-

1096 321 1164 350 χνην
1184 311 1251 351 ὑπὲρ
1266 312 1360 346 αὐτοὺς
1383 313 1589 354 φιλοσοφοῦντα,
1611 316 1656 345 καί
1673 311 1715 346 τὸν
1730 311 1811 353 ἀσθενῆ
1822 319 1850 347 κεί

1097 356 1326 397 εὐκαταφρόνητον
1346 357 1407 392 τοὺς
1426 359 1454 388 ἐν
1477 359 1619 401 δυναστείᾳ
1645 361 1690 390 καὶ
1712 362 1804 403 πλούτῳ
1816 375 1848 392 τι-

1096 412 1247 433 πεινουντα.

1140 456 1165 491 αν
1176 447 1230 477 Καὶ
1249 446 1282 476 τὰ
1297 447 1378 486 ἀγενῆ
1395 449 1442 477 τοῦ
1456 446 1558 487 κόσμου
1579 448 1625 479 καὶ
1644 449 1678 480 τὰ
1698 449 1847 491 ἐξουθενημένα

1095 489 1229 526 ἐξελέξατο
1242 494 1257 522 ὁ
1273 492 1358 529 Θεὸς,
1372 491 1417 521 καὶ
1432 492 1465 522 τὰ
1483 492 1521 531 μὴ
1536 493 1599 523 ὄντα
1609 517 1618 531 ,
1633 493 1678 525 ἵνα
1690 495 1722 525 τὰ
1737 495 1791 526 ὄντα
1804 489 1846 526 κατ·

1094 535 1209 575 αργήσῃ.
1235 547 1251 566 ι
1275 536 1344 571 Τοὺς
1361 537 1444 575 μηδὲν
1471 532 1539 568 εἶναι
1557 539 1753 579 λογιζομένους,
1769 541 1846 575 τούτους

1093 579 1132 618 μὴ
1149 579 1211 610 ὄντα
1226 581 1349 620 ὀνομάζει
1364 594 1371 600 ·
1390 580 1454 611 ὄντα
1472 583 1515 620 δὲ,
1529 578 1598 617 τοὺς
1612 578 1680 613 εἷναί
1694 596 1719 614 τι
1731 578 1845 619 δοκοῦντας.

1092 623 1151 670 Ἵνα
1170 621 1214 655 οὖν
1237 626 1342 660 τούτους
1358 625 1453 666 ἀργοὺς
1479 627 1526 657 καὶ
1552 628 1676 669 ἀχρείους
1692 629 1714 647 ²¹
1739 630 1846 670 ἀποδιίξῃ,

1092 668 1184 700 τούτου
1206 671 1282 700 ἕνεκα
1305 670 1365 704 τοὺς
1388 671 1470 709 μηδὲν
1492 672 1569 706 ὄντας
1585 668 1741 709 γέξελέξατο.
1765 668 1846 704 Ἀκούειν

1091 714 1119 744 δὲ
1136 715 1183 751 τὸ,
1215 726 1230 745 (ι
1253 715 1406 754 ἐξελέξατο,
1421 729 1433 742 ι
1457 716 1494 756 μὴ
1512 717 1609 758 νοήσῃς
1633 718 1727 756 οὕτως,
1741 719 1774 749 ὅτι
1794 719 1846 759 ἔργον

1090 759 1197 794 ἐποίησε
1221 760 1279 794 τοὺς
1299 760 1346 799 μὲν
1374 760 1611 800 Ἑξουθενημένους
1640 763 1743 800 λαϐεῖν,
1764 766 1811 797 τοὺς
1827 764 1844 792 δὲ

1090 804 1204 839 ἐνδόξους
1221 805 1380 835 ἀπώσασθαι
1393 816 1400 823 ·
1427 806 1487 835 ἀλλ’
1514 806 1554 837 ὅτι
1580 809 1634 838 τῶν
1650 808 1754 843 ἐνδόξων
1773 810 1844 843 ἀλαζο-

1090 850 1233 889 νιυομένων
1256 850 1300 880 ἐπὶ
1375 850 1458 891 οἰκεία
1484 852 1583 893 σοφίᾳ,
1608 853 1654 883 καὶ
1673 853 1715 882 διὰ
1736 855 1801 883 τοῦτο
1818 853 1843 891 μὴ

1089 894 1312 936 παραδεχομένων
1340 894 1370 924 τὸ
1391 895 1532 936 κήρυγμα,
1552 898 1577 927 οἱ
1602 898 1640 936 μὴ
1669 898 1780 933 ἀλαζόνες
1799 899 1844 939 πρὸς

1087 939 1136 975 τὴν
1169 940 1262 970 τούτου
1292 940 1449 980 παραδοχὴν
1476 941 1682 984 ἐπιτηδειότεροι
1715 942 1791 978 ἔδοξαν

1088 986 1160 1015 Θεῶ.

1131 1040 1147 1059 α
1160 1029 1257 1064 Ὅπως
1277 1029 1315 1069 μὴ
1331 1029 1502 1071 καυχήσηται
1522 1036 1599 1062 πᾶσα
1621 1032 1685 1073 σὰρξ
1707 1032 1799 1062 ἐνώπιον
1812 1033 1843 1060 τοῦ

1087 1076 1167 1106 Θεοῦ.
1181 1088 1193 1101 ι
1203 1074 1252 1105 Διὸ
1266 1077 1342 1104 τοῦτο
1351 1097 1360 1113 ,
1374 1075 1455 1115 φησὶ,
1469 1078 1554 1106 ταῦτα
1569 1076 1598 1096 ²²
1608 1077 1746 1114 πεποίηκεν
1759 1079 1771 1106 ὃ
1783 1076 1840 1110 Θιδςι

1085 1119 1129 1149 ἵνα
1152 1120 1314 1159 χαταστείλῃ
1339 1119 1383 1149 τὸν
1408 1122 1488 1160 τῦφον
1513 1121 1558 1151 καὶ
1584 1122 1634 1159 τὴν
1652 1121 1791 1157 ἀλαζονείαν
1808 1122 1841 1149 τῶν

1085 1164 1119 1194 τὰ
1133 1167 1180 1195 τοῦ
1205 1164 1305 1204 κόσμου
1321 1164 1500 1205 φρονούντων,
1520 1166 1567 1196 καὶ
1591 1167 1672 1208 πείσῃ
1692 1167 1770 1197 πάντα
1793 1166 1843 1204 alio]

1086 1209 1313 1250 Cva1l°£llllkitui
1340 1209 1378 1247 μὴ
1405 1213 1558 1250 καυχᾶσθαι
1574 1212 1685 1242 ίνώπιον
1701 1213 1781 1242 αὐτῶ.
1801 1211 1843 1242 Πῶς

1085 1252 1128 1285 οὖν
1144 1257 1232 1293 ὑμεῖς,
1252 1249 1275 1284 ὦ
1294 1254 1444 1293 Κορίνθιοι,
1459 1249 1506 1285 ἐπὶ
1525 1256 1613 1298 τούτῳ
1636 1258 1779 1297 ἐπαίρεσθι;
1792 1253 1842 1293 Ὅρα

1085 1299 1127 1336 δὲ,
1154 1299 1194 1329 ὅτι
1219 1301 1266 1330 οὐκ
1293 1298 1439 1332 ἀπεικότως
1470 1301 1534 1338 ἡμῖν
1555 1301 1676 1342 εἴρηται,
1704 1304 1736 1335 ὡς
1758 1300 1794 1330 διὰ
1812 1299 1843 1333 τὴν

1086 1344 1240 1380 ἀλαζονείαν
1282 1343 1381 1378 ἀνάξιοι
1415 1343 1535 1384 ἐγίνοντο
1563 1349 1612 1377 τοῦ
1654 1346 1803 1387 κηρύγματος
1828 1344 1842 1372 οἶ

1086 1389 1263 1423 ἀπωσθέντες.

1130 1445 1146 1463 α
1163 1433 1210 1468 Ἐξ
1227 1435 1309 1464 αὐτοῦ
1333 1435 1362 1464 δὲ
1384 1437 1460 1475 ὑμεῖς
1483 1437 1542 1466 ἐστε
1565 1436 1593 1465 ἐν
1609 1435 1713 1476 Χριστῷ
1724 1435 1839 1476 ,Ἰησοῦ-1

1086 1479 1129 1509 Τὸ
1141 1502 1149 1516 ,
1170 1490 1184 1508 (ι
1199 1478 1247 1512 Ἐξ
1269 1479 1366 1516 αὗτοῦ,
1385 1468 1407 1506 ι’
1418 1468 1458 1519 μή
1477 1481 1539 1521 περὶ
1559 1482 1609 1516 τῆς
1621 1468 1657 1515 είς
1669 1468 1841 1529 τὸιεῖναιταρτ
1858 1468 1859 1529 ί

232 1525 268 1554 ad
282 1532 350 1560 esse,
376 1524 424 1553 sed
440 1523 477 1552 ad
499 1523 568 1551 bene
586 1530 646 1551 esse
658 1522 763 1551 dictum
787 1522 911 1558 accipies.
933 1523 1030 1557 Porro,

1091 1526 1172 1566 (ῳγῆς
1197 1523 1295 1563 νοήσῃς
1319 1516 1457 1564 λέγεσθαι,
1484 1516 1554 1555 ἀλλὰ
1579 1526 1640 1566 περὶ
1664 1528 1708 1559 τῆς
1730 1526 1762 1558 εἰς
1781 1523 1805 1552 τὸ
1821 1516 1858 1550 εὖ]

234 1569 310 1607 quod
333 1569 371 1598 ait
391 1573 433 1597 est
446 1567 604 1605 hujusmodi
620 1577 627 1596 :
649 1567 709 1596 Filii
722 1567 772 1596 Dei
784 1566 850 1595 facti
865 1567 941 1601 estis,
960 1571 988 1595 et
999 1575 1031 1596 ex

233 1615 294 1651 ipso
303 1614 380 1648 esti.
387 1613 436 1641 ﬁlii
445 1613 506 1649 ejus
514 1612 575 1641 facti
587 1613 615 1640 in
625 1612 744 1647 Christo,
755 1620 816 1648 pro.
824 1620 872 1648 per
880 1612 1029 1641 Christum.

234 1659 373 1695 Quoniam
406 1662 500 1686 autem
524 1657 630 1686 dixerat
661 1657 735 1694 quod
761 1657 891 1694 ignobilia
921 1657 1032 1694 elegerit

234 1706 321 1739 Deus,
337 1703 455 1732 ostendit
477 1702 551 1739 quod
565 1703 692 1730 omnium
705 1707 772 1731 sunt
785 1702 959 1737 nobilissimi,
981 1702 1028 1738 qui

234 1751 324 1778 Deum
337 1748 411 1778 nacti
421 1751 487 1777 sunt
499 1748 527 1776 in
549 1749 669 1776 Patrem.

269 1805 283 1819 αι
306 1795 359 1831 Qui
374 1793 461 1823 factus
476 1797 517 1822 est
544 1793 626 1822 nobis
647 1792 780 1830 sapientia
802 1800 818 1821 α
832 1793 904 1827 Deo,
922 1791 1028 1829 justitia

231 1843 260 1868 et
271 1839 452 1868 sanctiﬁcatio
470 1842 498 1868 et
521 1838 684 1875 redemptio.
708 1850 721 1863 ν
747 1838 809 1866 Hoc
823 1841 875 1871 est,
892 1837 1029 1873 sapientes

232 1892 283 1913 nos
295 1885 420 1922 etjustos
443 1888 471 1913 et
495 1888 604 1913 sanctos
625 1888 654 1912 et
666 1883 766 1912 liberos
785 1882 860 1912 fecit.
874 1883 935 1911 Hoc
953 1882 1028 1910 enim

230 1935 273 1959 est
296 1930 465 1967 redemptio,
501 1936 602 1965 nempe
630 1928 768 1957 revocatio
803 1935 836 1956 ex
865 1927 1025 1964 captivitate.

230 1975 474 2012 Quemadmodum
499 1978 594 2002 autem
616 1973 748 2009 ignobiles
778 1972 892 2008 eligens,
921 1971 1030 1999 nobiles

230 2023 258 2048 et
281 2020 371 2048 claros
396 2019 471 2053 fecit,
498 2017 570 2046 ﬁlios
593 2017 647 2045 Dei
665 2017 839 2046 constituens
869 2027 875 2044 :
899 2017 973 2044 hunc
994 2015 1029 2044 ad

231 2065 347 2093 modum
359 2064 458 2092 stultos
471 2063 609 2099 sapientes
628 2062 759 2097 reddidit,
780 2061 865 2090 factus
884 2061 966 2089 nobis
986 2069 1028 2089 sa-

231 2109 341 2145 pientia.
353 2111 443 2144 Quare
456 2108 539 2144 igitur
552 2115 609 2136 non
624 2107 694 2135 dixit
708 2118 715 2135 :
732 2106 876 2143 Sapientes
887 2114 939 2134 nos
952 2105 1028 2140 fecit,

229 2154 278 2182 sed
292 2163 299 2182 :
315 2166 328 2179 α
345 2155 448 2182 Factus
462 2157 503 2181 est
523 2152 602 2181 nobis
617 2152 750 2188 sapientia
760 2152 774 2180 τ
797 2163 809 2175 ι»
824 2152 898 2180 Doni
919 2151 1028 2187 largita-

1086 1565 1152 1599 εἶναι
1164 1581 1170 1588 ·
1185 1568 1199 1598 ὃ
1216 1569 1242 1598 δὲ
1254 1568 1324 1608 λέγει
1339 1570 1456 1600 τοιοῦτόν
1468 1572 1534 1601 ἐστι·
1547 1565 1639 1600 Τέκνα
1656 1571 1723 1600 Θεοῦ
1737 1567 1839 1607 ἐγένεσθι,

1087 1614 1131 1644 καὶ
1151 1613 1177 1648 ἐξ
1197 1615 1276 1643 αὐτοῦ
1293 1615 1367 1651 ἐστε,
1383 1615 1433 1645 υἱοὶ
1449 1616 1530 1644 αὐτοῦ
1554 1617 1689 1653 γενόμενοι
1711 1615 1735 1643 ἐν
1749 1612 1841 1652 Χριστῷ»

1087 1658 1144 1688 ἀντὶ
1159 1661 1204 1688 τοῦ
1215 1681 1222 1695 ,
1235 1657 1278 1687 διὰ
1293 1659 1419 1699 Χριστοῦ.
1431 1659 1511 1690 Ἐπεὶ
1526 1659 1552 1689 δὲ
1564 1653 1637 1689 εἶπεν
1646 1681 1655 1695 ,
1667 1659 1705 1688 ὅτι
1718 1672 1727 1684 ι
1738 1657 1776 1688 Τὰ
1785 1655 1841 1694 ἀγενῆ

1087 1703 1236 1740 ἐξελέξατο,
1251 1716 1262 1729 ιι
1280 1703 1410 1734 δείκνυσιν
1429 1704 1469 1734 ὅτι
1484 1704 1592 1734 πάντων
1609 1704 1673 1734 εἰσὶν
1685 1702 1839 1743 εὖγενίστιροίι

1086 1749 1110 1778 οἱ
1126 1747 1235 1788 Πατέρα
1251 1748 1320 1778 Θεὸν
1339 1748 1547 1785 πλουτήσαντες.

1128 1805 1142 1822 (ι
1159 1787 1210 1826 ⁸ος
1225 1792 1335 1831 ἐγενήθη
1358 1795 1422 1832 ἡμῖν
1446 1793 1525 1834 σοφία
1549 1793 1604 1824 ἀπὸ
1619 1794 1687 1824 Θεοῦ
1698 1816 1706 1831 ,
1720 1787 1837 1821 δικαιοσύνη

1086 1850 1113 1868 τε
1126 1838 1171 1868 καὶ
1187 1837 1317 1877 ἁγιασμὸς
1327 1860 1335 1875 ,
1350 1838 1396 1868 καὶ
1412 1839 1606 1877 ἀπολύτρωσις.
1624 1852 1636 1866 ι
1651 1836 1782 1871 Τουτίστι,
1801 1834 1839 1863 ἲθ·

1086 1883 1149 1923 φοὺς
1163 1885 1254 1921 ἡμᾶς,
1277 1882 1323 1912 καὶ
1345 1883 1461 1917 δικαίους
1473 1905 1481 1919 ,
1501 1883 1546 1914 καὶ
1571 1883 1677 1924 ἁγίους,
1699 1881 1741 1911 καὶ
1761 1877 1839 1924 ἐλενβέῖ
1855 1917 1856 1921 η

1086 1920 1145 1968 ρους
1169 1920 1323 1967 εἰργάσατο.
1348 1929 1434 1958 Τοῦτο
1455 1927 1538 1968 γὰρὴ
1564 1920 1755 1968 ἀπολύτρωσις,
1777 1920 1856 1968 {ibi}

1084 1967 1131 2009 τῆς
1149 1973 1336 2012 αἰχμαλωσίας
1351 1967 1543 2009 summm.
1566 1971 1678 2014 Ὥσπερ
1692 1972 1717 2001 δὲ
1732 1968 1780 2001 τοὺς
1793 1967 1836 2014 ἀγξ-

1083 2022 1134 2051 νεῖς
1150 2011 1319 2055 ἐκλεξάμενος
1333 2040 1341 2056 ,
1365 2019 1478 2057 εὐγενεῖς
1493 2017 1618 2054 ἐποίησεν
1629 2040 1638 2056 ,
1655 2011 1720 2050 υἱοὺς
1737 2014 1795 2057 Θεοίιί
1806 2011 1836 2038 αὖ·

1084 2062 1142 2095 τοὺς
1157 2061 1262 2100 θέμενος
1273 2074 1279 2080 ·
1301 2061 1372 2092 οὕτω
1386 2063 1432 2092 καὶ
1447 2061 1507 2096 τοὺς
1523 2062 1627 2102 μωροὺς
1645 2060 1733 2102 σοφοὺς
1747 2056 1836 2102 ἐποίησεν

1084 2099 1199 2145 γενηθεὶς
1213 2109 1276 2145 ἡμῖν
1292 2107 1381 2148 σοφία.
1401 2108 1463 2141 Πῶς
1475 2103 1519 2137 οὖν
1539 2099 1588 2137 οὐκ
1603 2099 1691 2143 εἶπεν,
1707 2104 1743 2135 ὅτι
1756 2099 1837 2148 ’ξσιξῖυ

1084 2144 1128 2181 σεν
1144 2144 1237 2190 ἡμᾶς,
1255 2144 1335 2190 ἀλλ’,⁷
1347 2163 1361 2182 α
1386 2151 1517 2190 Ἐγενήθη
1535 2153 1601 2190 ἡμῖν
1618 2151 1710 2191 σοφίας
1729 2159 1742 2178 ν
1757 2146 1789 2177 Τὸ
1802 2144 1836 2191 δίι·

229 2203 286 2228 tem
300 2199 403 2228 scilicet
417 2197 578 2232 ostendens,
601 2187 712 2234 perinde
723 2205 755 2225 ac
770 2196 792 2225 si
807 2196 889 2231 dicat,
901 2196 1027 2232 Seipsum

1091 2187 1370 2237 ψιλὴ-ἐνδεικνύμενος
1393 2187 1439 2232 τῆς
1461 2187 1576 2236 δωρεᾶς,
1598 2187 1693 2226 ὡσανεὶ
1710 2187 1836 2237 ἔλεγινιὶιδξΙ

229 2244 309 2273 nobis
333 2243 455 2272 tradidit.
489 2243 560 2271 Cum
594 2246 688 2270 autem
717 2241 863 2278 magniﬁca
895 2241 930 2270 de
957 2241 1029 2270 Filio

228 2289 353 2324 dixisset,
365 2288 491 2325 apponit,
507 2299 521 2313 ι
548 2290 572 2317 Α
586 2287 653 2322 Deo,
670 2299 684 2312 ιι
703 2295 739 2315 ne
763 2287 917 2323 ingenitum
937 2287 1027 2323 ipsum

228 2335 340 2370 cogites,
361 2333 411 2362 sed
432 2333 468 2362 ad
484 2341 597 2361 causam
622 2340 757 2367 recurras,
781 2340 880 2370 nempe
903 2334 1025 2362 Patrem.

227 2378 427 2408 Animadverte
446 2382 537 2407 autem
567 2377 702 2406 ordinem.
735 2377 858 2406 Primum
888 2379 1028 2414 sapientes

227 2423 302 2457 fecit,
320 2423 438 2452 liberans
459 2431 507 2452 eos
527 2423 561 2451 ab
584 2431 685 2456 errore,
707 2423 813 2460 Deique
838 2423 1026 2459 cognitionem

227 2469 330 2498 docens
343 2479 350 2497 :
361 2468 460 2497 deinde
469 2468 571 2505 justos,
585 2473 759 2504 peccatorum
768 2468 929 2496 dimissione
944 2469 1027 2505 130

227 2512 291 2542 data
318 2523 325 2541 :
359 2518 421 2550 post
444 2513 626 2542 sanctiﬁcavit
651 2521 698 2549 per
713 2513 845 2549 Spiritum
865 2517 991 2542 sanctum
1017 2522 1024 2542 :

227 2563 310 2596 atque
323 2559 359 2588 ita
378 2558 527 2596 perfectam
542 2558 731 2586 liberationem
748 2558 783 2586 ab
804 2557 934 2586 omnibus
947 2558 1025 2587 malis

226 2604 305 2633 nobis
315 2604 439 2639 impertit
457 2607 486 2632 et
499 2603 635 2639 liberavit,
651 2607 682 2631 ut
693 2603 779 2639 ipsius
803 2606 912 2631 tantum
926 2603 1025 2639 simus,

225 2649 304 2686 eique
318 2649 430 2678 addicti.

261 2696 354 2724 Vsus.
379 2697 424 2723 31.
438 2706 451 2719 ι
465 2695 506 2723 Ut
519 2692 757 2731 quemadmodum
776 2693 908 2731 scriptum
920 2697 963 2722 est
984 2694 997 2712 υ
1016 2701 1023 2722 :

262 2736 276 2758 ά
295 2743 399 2770 Jerem.
416 2749 461 2776 IX,
476 2744 521 2770 33.

1085 2233 1198 2272 ’.Εαυτδν
1214 2243 1277 2279 ἡμῖν
1291 2233 1383 2271 ἔδωκε.
1403 2233 1516 2281 Μεγάλαι
1531 2241 1559 2270 δὲ
1571 2241 1652 2270 εἰπὼν
1667 2238 1773 2280 περὶτοῦ
1786 2233 1836 2265 TW:

1085 2286 1240 2326 προστίθησι
1251 2286 1300 2323 τὸ,
1319 2298 1334 2314 α
1352 2285 1414 2316 Ἀπὸ
1430 2288 1477 2315 τοῦ
1492 2287 1580 2323 Θεοῦ,
1598 2299 1610 2312 ι
1623 2285 1665 2315 ἵνα
1680 2284 1715 2322 μὴ
1728 2280 1835 2327 ᾲγέννητξν

1083 2325 1160 2360 αὖτὸν
1176 2330 1330 2370 ὑπολάϐῃς,
1343 2332 1402 2360 ἀλλ’
1418 2331 1462 2360 ἐπὶ
1474 2331 1522 2367 τὴν
1541 2330 1627 2360 αἰτίαν
1643 2325 1794 2370 ἆναδρᾶμῃςν
1806 2325 1835 2348 τδν

1083 2374 1205 2415 Πατέρα.
1219 2368 1292 2416 Ὀρα
1309 2375 1336 2405 δὲ
1352 2375 1426 2410 τάξιν
1439 2375 1466 2395 ³³
1482 2387 1489 2394 ο
1508 2376 1613 2415 πρῶτον
1631 2372 1721 2412 σοφοὺς
1731 2368 1832 2416 επιῖίξὶπσενν

1082 2411 1236 2455 ἀπαλλάξας
1261 2411 1316 2455 ⁷τῆς
1339 2421 1460 2457 πλάνης,
1490 2411 1537 2449 καί
1562 2417 1714 2460 θεογνωσίαν
1739 2411 1833 2460 Mein"

1081 2466 1126 2495 καὶ
1142 2465 1200 2495 τότε
1215 2465 1345 2507 δικαίους,
1372 2466 1426 2494 τῶν
1448 2465 1586 2505 ἁμαρτιῶν
1607 2458 1655 2501 τὴν
1673 2462 1758 2507 ἄφεσὲ

1080 2511 1193 2549 σάμενος
1207 2522 1214 2529 ·
1235 2505 1292 2539 εἶτα
1312 2510 1359 2539 καὶ
1374 2503 1488 2550 ἁγιάσας
1509 2503 1555 2539 διὰ
1577 2512 1621 2539 τοῦ
1643 2508 1714 2546 ἁγίου
1735 2503 1833 2550 Πγειλμν

1079 2567 1123 2590 τος
1138 2567 1145 2574 ·
1161 2555 1206 2585 καὶ
1222 2555 1291 2585 οὕτω
1310 2555 1413 2585 τελείαν
1437 2555 1597 2593 ἀπαλλαγὴν
1614 2553 1715 2583 πάντων
1735 2548 1778 2595 τῷν
1795 2552 1830 2595 ξω·

1079 2602 1132 2631 κῶν
1146 2600 1326 2640 χαρισάμενος
1339 2600 1385 2630 καὶ
1400 2599 1577 2639 ἐλευθερώσας
1588 2622 1594 2635 ,
1613 2597 1679 2627 ὥστε
1690 2593 1761 2624 αὐτοῦ
1774 2593 1832 2628 FW

1079 2640 1146 2676 εἶναι
1161 2647 1249 2684 ἡμᾶς,
1264 2644 1310 2674 καὶ
1325 2645 1397 2686 αὖτῷ
1410 2645 1579 2675 ἀνακεῖσθαι.

1123 2672 1312 2723 magis.
1328 2672 1559 2731 genesis
1571 2672 1758 2728 ’καυχώμενος,
1774 2678 1794 2707 δν
1805 2672 1830 2712 τῷ

923 2778 1021 2808 Variae
1036 2778 1185 2808 lectiones.

261 2824 281 2841 ¹¹
294 2823 435 2860 ἀχρήστους
447 2830 473 2851 ο.
512 2822 534 2840 ⁵⁸
549 2823 626 2849 ταῦτα
640 2820 721 2849 πάντα
735 2829 775 2850 m.
814 2821 837 2839 ³³
850 2821 877 2848 δὲ
890 2821 936 2855 τὴν
950 2822 1017 2854 τάξιν
1031 2830 1070 2851 ω.
