1881 3081
34 179 91 206 585

501 177 678 207 EXPOSITIO
697 179 730 206 ΙΝ
749 179 858 208 EPIST.
879 180 924 208 AD
944 180 1022 208 COR.
1043 195 1078 201 —
1098 181 1172 209 CAP.
1196 183 1226 210 ll.

1633 188 1684 215 586

35 241 132 281 Κυρίῳ
153 240 309 280 καυχάσθω.
326 240 455 283 »ῨΠάντα
478 244 561 271 ταῦτα
572 265 581 281 ,
606 242 685 283 φησὶ,
707 243 812 283 γέγονεν
824 266 832 279 ,
848 246 869 278 Α

922 244 941 272 1i
961 244 1102 280 gloriatur,
1117 245 1144 272 in
1159 245 1280 273 Domino
1300 245 1442 281 glorietur.
1461 257 1473 271 ι
1493 248 1593 276 Omnia
1613 248 1684 283 haec,

31 286 78 315 ἵνα
102 285 195 325 μηδεὶς
220 285 313 315 ἑαυτὸν
337 282 404 315 εἶναί
425 297 450 315 τι
465 286 574 326 νομίζῃ,
599 282 666 325 μηδὲ
690 282 730 329 ἐφ’
746 289 834 329 ἑαυτῷ

32 335 188 371 χαυχᾶται,
206 330 224 366 ἢ
248 332 290 361 ἐπ’
317 331 390 371 ἄλλῳ
416 331 485 367 τινὶ,
508 332 575 374 an:
587 332 631 361 ἐπὶ
653 334 693 373 τῷ
707 334 771 374 Θεῷ
796 335 833 373 τῷ

32 379 152 407 τοσαῦτα
172 378 238 414 ἡμῖν
253 375 439 417 χαρισαμίνῳ.
464 377 527 409 Πῶς
545 371 590 406 οὖν
605 371 684 416 ὕμεῗς
693 371 834 418 φυσιοῦσθε

33 421 80 450 καὶ
97 421 139 462 ἐφ’
159 423 279 460 ἑαυτοῖς,
296 421 342 451 καὶ
355 422 398 451 ἐπὶ
411 420 557 460 ἀνθρώποις
573 422 758 460 διδασκάλοις

333 524 477 554 ΚΕΦΑΛ.
504 524 546 556 B'.

79 595 94 613 α
122 582 207 622 Κάγὼ
234 582 315 612 ἐλθὼν
337 583 401 624 πρὸς
422 585 491 622 ὑμᾶς
504 607 512 622 ,
540 585 669 625 ἀδελφοὶ,
690 585 738 614 οὐκ
754 581 833 621 ἦλθον

33 629 94 658 καθ’
106 628 240 669 ὑπεροχὴν
256 628 334 667 λόγου
348 628 365 664 ἧ
388 628 414 646 ²⁸
431 629 525 669 σοφίας
535 652 542 666 ,
563 630 752 669 καταγγέλλων
771 631 832 669 ὗμῑν

32 673 64 701 τὸ
79 673 225 713 μαρτύριον
242 676 287 702 τοῦ
304 674 386 704 Θεοῦ.
411 688 422 700 ι
442 675 483 704 Οὐ
503 674 599 712 μόνον,
617 673 697 715 φησὶν
708 697 716 710 ,
733 676 757 704 οἱ
780 686 832 714 μα-

32 718 116 753 θηταὶ
139 721 184 748 τοῦ
208 718 373 757 Εὖαγγελίου
399 719 492 760 ἄσοφοι
515 719 675 759 ἐξελέγησαν
706 721 751 749 καὶ
772 720 833 749 δυσ-

30 768 134 802 γενεῖς,
157 763 226 792 ἀλλὰ
249 764 294 792 χαὶ
311 763 362 802 ἐγὼ
390 764 469 798 αὐτὸς
489 766 503 793 ὁ
531 763 611 804 χήρυξ
641 767 686 794 τοῦ
713 765 833 804 Εὐαγγε-

28 808 88 837 λίου
118 810 167 838 οὐκ
188 803 268 844 ἦλθον
292 808 380 847 λόγοις
404 810 664 848 παρεσκευασμένοις
685 809 737 839 xui'
754 810 833 851 σοφία

29 854 185 893 ἀνθρωπίνῃ
201 853 388 893 καταγγέλλων
405 854 467 892 ὖμῖν
483 855 513 884 τὸ
529 855 672 895 μαρτύριον
688 858 734 885 τοῦ
749 858 831 893 Θεοῦ,

30 898 162 934 τουτέστι,
187 898 232 927 τὸν
253 898 364 928 θάνατον
384 901 431 928 τοῦ
456 899 583 938 Χριστοῦ.
609 899 683 940 ⁸¹Ορα
708 896 752 929 οὖν
765 923 773 937 ,
793 900 832 930 ὅτι
846 913 870 944 Β

28 944 75 972 καὶ
88 945 102 972 ὁ
115 942 198 982 χήρυξ
220 942 316 984 ἄσοφος
332 944 378 974 καὶ
400 943 520 981 ἰδιώτης,
539 944 585 974 καὶ
598 944 629 974 τὸ
639 945 831 984 κηρυττόμενον

28 988 144 1022 Θάνατος
167 989 213 1018 καὶ
239 989 349 1028 σταυρός
366 1001 372 1007 ·
396 989 442 1019 καὶ
467 987 537 1027 ὅμως
559 989 674 1025 ἐνίκησε.
693 990 830 1029 Πρόδηλον

27 1032 80 1072 ἄρα
97 1033 141 1062 ὅτι
166 1033 266 1073 ἄφατος
291 1034 401 1072 δύναμίς
416 1035 504 1071 ἐστιν,
529 1036 545 1070 ἡ
561 1037 644 1063 ταῦτα
662 1034 744 1068 οὕτως
759 1035 830 1075 ἔχειν

27 1081 156 1108 ποιοῦσα.
180 1078 214 1108 Τί
241 1079 284 1115 δίε
306 1080 328 1108 εἷ
348 1079 393 1108 καὶ
418 1078 548 1115 ἠϐούλετο
572 1081 694 1116 Παῦλος,
718 1080 831 1116 ἠδύνατο

27 1124 115 1152 ἐλθεῖν
131 1124 159 1152 ἐν
186 1123 281 1164 σοφίας
307 1124 390 1157 Αὐτὸς
416 1124 463 1163 μὲν
492 1125 540 1153 οὔχ
561 1124 676 1160 ἠδύνατο
692 1136 698 1143 ·
724 1125 830 1162 ἰδιώτης

27 1168 81 1207 γὰρ
99 1169 208 1203 ἀληθῶς
231 1165 261 1203 ἦν
273 1181 279 1187 ’
302 1171 315 1198 ὃ
330 1168 356 1198 δὲ
377 1169 490 1208 Χριστὸς
505 1168 636 1206 ἠδύνατο,
655 1170 668 1198 ὁ
685 1169 765 1208 μείζω
780 1181 830 1210 χα-

30 1213 174 1251 ρισάμενος
197 1213 289 1252 αὐτῷ,
318 1212 377 1242 ἀλλ’
400 1214 428 1243 οὖ
456 1214 579 1254 συνέφερε
601 1215 640 1254 τῷ
665 1214 827 1254 κηρύγματι.

29 1257 170 1291 Μειζόνως
194 1256 246 1297 γὰρ
268 1257 402 1292 δοξάζεται
420 1258 554 1298 Χριστὸς,
572 1258 616 1288 διὰ
631 1260 677 1294 τῆς
702 1259 830 1294 ἰδιωτείας

27 1304 72 1331 τοῦ
91 1302 206 1332 Παύλου
226 1304 304 1332 νικῶν
317 1325 325 1338 ,
341 1303 358 1339 ἢ
372 1304 394 1332 εἰ
411 1303 453 1332 διὰ
474 1303 567 1343 σοφίας
591 1303 636 1332 xui
651 1303 730 1343 λόγου
745 1305 828 1334 ἐνίκα.

889 289 989 326 inquit,
1016 288 1087 318 facta
1115 293 1190 324 sunt,
1212 298 1248 318 ne
1278 290 1424 327 quisquam
1456 299 1486 320 se
1517 297 1595 329 putet
1625 301 1685 322 esse

888 334 1004 370 aliquid,
1024 343 1113 372 neque
1128 335 1154 363 in
1170 335 1259 372 seipso
1275 335 1421 372 glorietur,
1442 336 1484 365 vel
1500 337 1528 366 in
1543 338 1598 366 alio
1612 346 1680 374 quo-

888 379 969 416 piam,
985 379 1034 408 sed
1048 380 1076 408 in
1095 381 1154 408 Deo
1177 381 1223 417 qui
1238 385 1313 409 tanta
1326 381 1408 410 nobis
1423 381 1546 410 donavit.
1569 383 1622 418 Qui
1636 383 1684 419 igi-

888 428 932 452 tur
955 433 1004 454 vos
1024 429 1051 453 et
1066 430 1175 462 propter
1197 425 1280 463 ipsos,
1309 430 1336 455 et
1357 431 1470 464 propter
1491 426 1618 457 homines
1638 427 1687 457 do-

887 474 978 499 ctores
992 469 1078 500 inﬂati
1093 471 1178 500 estis?

1194 533 1237 561 CA
1244 533 1315 561 PUT
1335 534 1369 561 ll.

920 589 1010 616 Vsus.
1027 589 1051 615 ι.
1068 599 1081 612 ι(
1099 589 1135 616 Et
1148 595 1199 624 ego
1211 596 1275 616 cum
1287 589 1423 617 venissem
1439 588 1474 617 ad
1490 597 1549 624 vos,
1570 589 1684 625 fratres,

887 639 943 660 non
973 633 1037 660 veni
1067 632 1096 660 in
1122 631 1288 661 sublimitate
1320 634 1457 662 sermonis
1475 638 1502 662 et
1534 635 1684 670 sapientiae,

886 677 1051 705 annuntians
1076 677 1156 705 vobis
1177 678 1365 706 testimonium
1382 679 1442 707 Dei.
1470 691 1482 704 η
1499 681 1561 708 Non
1582 680 1685 715 solum,

887 722 985 758 inquit,
1010 721 1136 758 discipuli
1167 723 1306 760 Evangelii
1330 724 1485 760 insipientes
1516 729 1543 752 et
1568 725 1685 754 obscuro

886 774 985 802 genere
997 767 1076 795 electi
1088 771 1162 799 sunt,
1178 775 1273 796 verum
1296 769 1379 797 etiam
1398 777 1448 806 ego
1467 770 1526 806 ipse
1542 770 1684 807 Evangelii

887 819 988 848 praeco,
1019 818 1074 839 non
1099 811 1159 839 veni
1188 812 1310 841 oratione
1342 817 1369 841 et
1397 813 1528 850 sapientia
1564 814 1685 843 humana

887 857 1049 890 instructus,
1070 857 1235 885 annuntians
1258 858 1337 885 vobis
1359 858 1549 887 testimonium
1570 859 1632 893 Dei,
1659 859 1686 888 id

887 906 929 929 est
954 905 1075 928 mortem
1097 902 1207 930 Christi.
1236 902 1433 930 Animadverte
1467 911 1532 939 ergo
1557 903 1632 940 quod
1659 908 1687 932 et

887 954 976 982 praeco
992 946 1125 982 insipiens
1144 951 1185 974 est
1204 951 1232 974 et
1254 947 1382 982 simplex,
1397 951 1423 975 et
1449 947 1475 976 id
1491 948 1565 984 quod
1586 948 1686 983 pradi-

886 996 975 1026 catur,
991 996 1032 1020 est
1044 999 1120 1020 mors
1143 996 1171 1019 et
1185 999 1250 1020 crux
1274 1001 1281 1019 :
1296 995 1417 1020 attamen
1432 993 1472 1020 vel
1487 994 1527 1020 sic
1542 993 1685 1022 victoriam

885 1037 1011 1065 obtinuit.
1038 1036 1217 1073 Perspicuum
1244 1037 1336 1073 itaque
1357 1041 1398 1065 est
1430 1037 1514 1073 quod,
1537 1038 1624 1066 virtus
1658 1043 1687 1067 et

886 1082 1009 1117 potentia
1027 1089 1089 1118 quae
1104 1082 1163 1110 haec
1179 1089 1238 1110 sese
1252 1082 1287 1109 ita
1299 1081 1398 1110 habere
1409 1081 1522 1117 efﬁciat,
1539 1083 1688 1112 ineffabili:

886 1132 936 1156 est.
968 1127 1039 1162 Quid
1072 1128 1188 1155 autem?
1211 1127 1338 1163 nunquid
1362 1127 1384 1155 si
1417 1127 1547 1156 voluisset
1574 1129 1687 1163 Paulus,

886 1172 1006 1208 potuerit
1023 1172 1116 1200 venire
1137 1172 1167 1200 in
1200 1172 1356 1208 sapientia?
1386 1173 1446 1208 ipse
1469 1180 1534 1201 sane
1559 1181 1615 1201 non
1639 1181 1689 1209 po.

886 1217 1006 1252 tuisset;
1026 1224 1117 1245 revera
1138 1216 1211 1245 enim
1235 1217 1347 1253 simplex
1363 1217 1418 1245 sive
1444 1217 1517 1246 rudis
1543 1223 1613 1246 erat.
1634 1221 1687 1247 Po-

885 1262 982 1291 tuisset
1009 1267 1103 1290 tamen
1136 1262 1189 1290 hoc
1212 1261 1321 1290 efﬁcere
1341 1262 1477 1296 Christus,
1507 1263 1553 1299 qui
1584 1263 1689 1300 majora

886 1307 995 1343 largitus
1014 1311 1068 1340 est,
1088 1306 1139 1335 sed
1163 1314 1221 1334 non
1235 1306 1406 1334 conducebat
1432 1307 1569 1344 Evangelii
1586 1308 1688 1343 praedi-

28 1351 148 1379 cationi.
176 1351 266 1388 Major
285 1352 358 1380 enim
381 1352 488 1380 Christo
514 1352 599 1388 gloria
624 1360 671 1388 per
701 1353 754 1381 divi
779 1355 857 1383 Pauli
886 1353 1093 1390 simplicitatem
1128 1351 1256 1385 vincenti,
1280 1359 1364 1388 quam
1402 1351 1424 1380 si
1453 1359 1501 1388 per
1522 1353 1687 1389 sapientiam

27 1396 222 1432 orationisque
236 1396 414 1432 splendorem
429 1397 574 1425 victoriam
593 1397 738 1425 retulisset.

74 1452 89 1471 α
105 1442 150 1471 Οὖ
166 1440 217 1480 γὰρ
241 1440 331 1481 ἔκρινα
352 1444 397 1471 τοῦ
421 1442 517 1471 datm
541 1454 566 1471 τι
591 1442 616 1471 ἐν
642 1445 722 1481 ὑμῖν,
749 1443 772 1472 εἰ
796 1443 833 1480 μὴ
851 1446 869 1478 C

923 1445 1009 1472 Vens.
1035 1445 1060 1470 2.
1098 1453 1111 1467 ι
1138 1443 1202 1470 Non
1227 1442 1302 1470 enim
1329 1441 1449 1477 judicavi
1475 1450 1519 1470 me
1537 1443 1687 1480 quidquam

27 1487 134 1522 Ἰησοῦν
160 1486 274 1526 Χριστὸν
285 1509 294 1523 ,
309 1486 355 1516 xui
377 1489 467 1516 τοῦτον
492 1487 700 1526 ἐσταυρωμένον.
717 1498 732 1516 ο
751 1487 804 1518 Καὶ
819 1489 833 1517 ὁ

30 1531 164 1571 Χριστὸς,
188 1530 268 1571 φησὶ,
285 1534 362 1561 τοῦτο
386 1531 482 1570 ἤθελε,
504 1531 534 1560 τὸ
559 1531 668 1567 ἰδιώτην
691 1527 757 1562 εἷναί
780 1544 832 1570 με’

29 1576 72 1604 καὶ
89 1575 145 1615 ἐγὼ
159 1575 186 1605 δὲ
201 1579 279 1605 τοῦτο
291 1576 356 1606 αὐτὸ
370 1575 460 1616 ἔκρινα
476 1577 558 1606 καλὸν
569 1599 577 1612 ,
593 1577 623 1606 τὸ
637 1576 719 1615 μηδὲν
733 1577 831 1607 εἰδέναι

29 1623 78 1650 τῶν
97 1623 148 1657 τῆς
162 1620 212 1654 ἔξω
226 1621 336 1661 σοφίας,
353 1621 376 1650 εἶ
393 1620 430 1658 μὴ
447 1621 525 1659 μόνον
540 1621 579 1650 ὅτι
596 1621 699 1656 Ἰησοῦς
716 1623 832 1663 Χριστὸς

30 1664 208 1706 ἐσταυρώθη,
223 1666 268 1695 xui
280 1668 370 1696 τοῦτον
388 1665 414 1683 ²⁵
432 1665 571 1706 κηρύττειν
587 1666 660 1705 ὑμῖν.

67 1770 78 1783 ι
101 1755 159 1786 Καὶ
182 1754 234 1795 ἐγὼ
252 1756 279 1784 ἐν
293 1755 412 1796 ἀσθενείᾳ
426 1756 470 1786 xui
499 1757 524 1785 ἐν
541 1755 614 1796 φόϐῳ
633 1755 678 1785 καὶ
699 1758 724 1785 ἄν
740 1757 831 1797 τρόμῳ

28 1802 124 1841 πολλῷ
147 1799 276 1839 ἐγενόμην
301 1800 366 1840 πρὸς
382 1803 459 1839 ὑμᾶς.
483 1813 498 1828 »
521 1802 562 1830 Οὐ
579 1801 666 1839 μόνον,
691 1800 769 1841 φησὶν
785 1802 829 1830 εὖ-

28 1845 107 1882 τελὴς
123 1845 196 1875 κατὰ
213 1845 258 1875 τὸν
277 1845 353 1884 λόγον
369 1841 448 1882 ἦλθον
465 1847 526 1885 ὓμῖν
540 1869 548 1882 ,
566 1846 634 1874 ἀλλὰ
648 1845 693 1874 καὶ
711 1846 737 1875 ἐν
750 1846 831 1874 ἀσθε-

28 1891 107 1930 νείᾳ,
132 1890 181 1919 καὶ
206 1889 294 1931 φόϐῳ,
321 1889 366 1919 xui
393 1890 484 1930 τρόμῳ
508 1891 629 1930 διέτριψα
654 1889 724 1930 παρ’
749 1890 829 1929 ὑμῖν,

29 1936 171 1973 τουτέστι,
203 1934 378 1974 διωκόμενος,
408 1935 454 1964 καὶ
482 1934 685 1975 πειραζόμενος,
711 1935 756 1964 καὶ
781 1934 829 1973 φό-

29 1981 82 2014 ϐοις
99 1980 128 1998 ²⁶
145 1980 248 2020 μυρίοις
265 1979 436 2020 βαλλόμενος.
458 1980 600 2020 Ἐφοϐεῖτο
618 1979 670 2020 γὰρ
692 1980 737 2010 καὶ
754 1979 831 2014 αὐτὸς

29 2027 60 2059 ὡς
76 2026 219 2065 ἄνθρωπος
241 2024 301 2059 τοὺς
325 2025 475 2064 κινδύνους,
505 2025 606 2063 μᾶλλον
634 2025 661 2054 δὲ
682 2024 728 2054 καὶ
758 2024 831 2064 ἔτρε-

29 2082 86 2107 μεν.
111 2068 198 2100 ⁶Οθεν
213 2069 258 2099 καὶ
280 2068 376 2106 μείζων
397 2071 468 2109 αὐτῷ
487 2071 500 2098 δ
515 2068 638 2106 ἔπαινος,
659 2069 699 2099 ὅτι
722 2071 769 2105 τῆς
785 2072 831 2099 αὖ·

28 2117 72 2151 τῆς
94 2114 135 2144 ὢν
150 2117 217 2152 ἡμῖν
232 2113 334 2154 φύσεως
347 2137 354 2151 ,
379 2113 496 2154 ὑπερέϐη
514 2116 547 2153 τῇ
570 2113 732 2154 προαιρέσει.
751 2115 831 2153 Λέγει
845 2135 870 2166 D

29 2160 53 2188 δὲ
74 2162 166 2189 ταῦτα
176 2182 184 2196 ,
202 2159 303 2192 δεικνὺς
317 2159 366 2195 τὴν
386 2159 498 2198 δύναμιν
512 2161 558 2188 τοῦ
579 2160 716 2198 Χριστοῦ,
731 2159 772 2190 ὅτι
788 2171 831 2188 το-

29 2205 130 2234 σούτων
155 2204 322 2242 χωλυμάτων
351 2203 450 2241 ὄντων,
476 2204 547 2241 ὅμως
575 2203 736 2244 ὓπερίσχυσε
750 2215 757 2222 '
786 2204 831 2233 χαὶ

29 2248 193 2279 καταϐαλὼν
208 2247 233 2266 ²⁷
249 2248 297 2285 τὴν
312 2248 392 2289 ὀφρὺν
416 2251 468 2278 τῶν
486 2248 650 2289 Κορινθίων,
676 2250 719 2278 ἐπὶ
735 2248 831 2290 σοφίᾳ,

28 2295 71 2324 καὶ
83 2293 199 2334 πλούτῳ
209 2317 217 2331 ,
229 2294 274 2323 καὶ
289 2294 400 2333 δυνάμει
419 2293 594 2325 πεποιθότων.

72 2396 87 2414 σ
102 2384 166 2415 Καὶ
183 2385 196 2413 ὁ
211 2384 287 2423 λόγος
310 2395 361 2423 μου
371 2407 378 2420 ,
392 2384 437 2413 καὶ
458 2385 487 2414 τὸ
510 2383 635 2424 κήρυγμά
655 2395 721 2422 μου,
744 2384 792 2413 οὐκ
806 2385 833 2413 ἐν

31 2431 132 2462 πειθοῖς
149 2428 320 2469 ἀνθρωπίνης
336 2429 430 2470 σοφίας
454 2429 556 2468 λόγοις,
583 2428 641 2458 ἀλλ’
663 2429 689 2457 ἐν
704 2427 834 2462 ἀποδείξει

31 2474 191 2513 Πνεῦματος
205 2474 252 2503 καὶ
263 2473 407 2512 δυνάμεως.
427 2489 438 2500 ι
454 2475 513 2504 Οὐχ
526 2469 575 2511 ἦν,
593 2473 669 2514 φησὶ,
683 2473 713 2502 τὸ
729 2473 834 2512 κήρυγ-

31 2519 67 2556 μά
92 2531 147 2557 μου
174 2519 364 2560 σεσοφισμένον
466 2518 515 2553 ἔξω
549 2518 705 2554 πιθανότητι
731 2518 776 2547 καὶ
793 2518 834 2547 εὖ-

30 2564 168 2604 γλωττίᾳ,
191 2565 252 2594 ἀλλ’
284 2566 309 2594 ἐν
327 2564 461 2599 ἀποδείξει
485 2564 662 2603 Πνεύματος,
682 2562 834 2598 τουτέστιν,

31 2608 164 2643 ἀπόδειξιν
179 2609 242 2648 ἔχον
266 2608 293 2628 ²⁸
313 2610 377 2639 αὐτὸ
403 2609 433 2639 τὸ
460 2610 574 2647 Πνεῦμα
597 2608 626 2637 τὸ
651 2607 725 2647 ἅγιον
740 2619 746 2626 ·
762 2607 833 2647 τάχα

33 2653 94 2690 μὲν,
121 2654 169 2683 xui
190 2653 256 2683 διότι
282 2654 389 2695 ἆῤῥήτῳ
415 2654 466 2683 τινὶ
491 2653 582 2694 τρόπῳ
607 2653 697 2683 πίστιν
724 2652 835 2682 ἐνεποίει

33 2702 83 2732 τοῖς
106 2697 235 2728 ἀκούουσι
257 2699 300 2728 διὰ
325 2701 370 2728 τοῦ
392 2699 436 2729 τὸν
459 2698 536 2738 λόγον
555 2701 690 2739 χαριτοῧν·
709 2697 781 2738 τάχα
798 2697 836 2734 δὲ,

36 2742 100 2773 διότι
116 2743 164 2774 καὶ
179 2745 279 2783 σημεῖα
302 2743 420 2774 ἐπετέλει
434 2744 481 2774 καὶ
503 2743 612 2785 τέρατα.
630 2742 745 2783 Ἐπάγει
762 2741 813 2782 γάρ
828 2753 834 2760 ·

888 1488 957 1516 scire
987 1488 1059 1516 inter
1086 1495 1144 1521 vos,
1174 1486 1227 1514 nisi
1252 1487 1348 1515 Jesum
1382 1486 1531 1522 Christum,
1560 1492 1587 1516 et
1614 1489 1688 1518 hunc

887 1533 1062 1561 cruciﬁxum.
1102 1543 1116 1557 ν
1145 1532 1281 1567 Christus,
1310 1531 1411 1567 inquit,
1437 1532 1523 1560 voluit
1546 1537 1576 1561 ut
1599 1541 1688 1563 essem

889 1579 1034 1614 imperitus
1069 1581 1097 1605 et
1122 1576 1237 1612 simplex
1264 1586 1271 1604 :
1300 1581 1382 1613 atque
1402 1577 1476 1606 istud
1502 1586 1553 1614 ego
1582 1579 1687 1608 bonum

887 1630 946 1651 esse
956 1622 1090 1658 judicavi,
1105 1621 1180 1658 quod
1197 1621 1262 1649 nihil
1278 1626 1398 1650 externae
1410 1623 1553 1658 sapientiae
1575 1624 1688 1660 scirem,

888 1671 1070 1704 praeterquam
1086 1666 1138 1694 hoc
1151 1670 1269 1700 tantum,
1289 1666 1362 1703 quod
1380 1666 1502 1695 Christus
1523 1669 1604 1697 Jesus
1625 1676 1687 1696 cru-

887 1712 984 1740 ciﬁxus
998 1717 1048 1746 est,
1065 1715 1092 1740 et
1106 1711 1180 1748 quod
1200 1719 1266 1739 cum
1285 1711 1362 1739 vobis
1383 1711 1571 1747 praedicarem.

921 1758 1011 1785 Vltns.
1028 1759 1054 1784 8.
1072 1768 1084 1780 σι
1102 1758 1133 1784 Et
1148 1764 1199 1791 ego
1213 1756 1239 1784 in
1255 1756 1414 1784 inﬁrmitate
1428 1761 1455 1784 et
1468 1758 1568 1786 timore
1579 1766 1613 1787 ac
1627 1762 1682 1787 tre-

886 1810 965 1830 more
979 1802 1017 1830 fui
1029 1800 1102 1837 apud
1111 1809 1166 1829 vos.
1179 1813 1191 1825 ι
1208 1802 1269 1828 Non
1283 1802 1384 1835 solum,
1397 1802 1498 1838 inquit,
1509 1807 1687 1839 contemptus

886 1850 1022 1882 quantum
1046 1845 1082 1873 ad
1094 1845 1250 1873 orationem
1265 1845 1370 1878 attinet,
1386 1845 1421 1873 ad
1436 1853 1484 1873 vos
1495 1847 1555 1874 veni
1568 1858 1575 1880 ;
1600 1847 1648 1875 sed
1660 1852 1687 1875 et

887 1891 916 1919 in
935 1890 1106 1922 inﬁrmitate,
1122 1890 1149 1917 in
1168 1889 1269 1916 timore
1293 1897 1323 1917 ac
1337 1893 1460 1917 tremore
1484 1898 1546 1918 sum
1559 1894 1685 1919 versatus

885 1935 958 1972 apud
977 1942 1036 1967 vos.
1065 1935 1118 1962 hoc
1142 1938 1185 1962 est
1208 1933 1423 1970 persecutionem
1454 1942 1566 1970 passus,
1595 1939 1687 1964 tenta-

886 1981 954 2009 tioni
969 1984 1052 2016 atque
1071 1979 1140 2007 adeo
1158 1979 1312 2007 innumeris
1333 1979 1530 2008 formidinibus
1551 1979 1686 2016 objeclus.

887 2028 955 2054 Nam
978 2029 1006 2053 et
1024 2025 1092 2060 ipse.
1113 2032 1167 2060 qua
1191 2024 1287 2058 homo,
1314 2024 1432 2059 pericula
1452 2025 1601 2060 metuebat,
1628 2025 1686 2054 imo

887 2071 976 2105 potius
998 2069 1143 2098 tremebat.
1174 2068 1256 2098 Unde
1284 2072 1312 2097 et
1340 2069 1473 2105 majorem
1498 2074 1539 2098 est
1569 2069 1686 2107 adeptus

886 2115 1003 2150 laudem,
1031 2114 1104 2151 quod
1127 2122 1192 2142 cum
1219 2113 1343 2150 ejusdem
1368 2118 1441 2142 esset
1469 2114 1614 2143 nobiscum
1637 2123 1686 2144 na-

885 2166 964 2195 turae,
994 2161 1132 2189 voluntate
1157 2163 1250 2187 tamen
1274 2163 1302 2188 et
1330 2159 1448 2187 consilio
1473 2161 1684 2196 exsuperaverit.

887 2207 953 2234 Haec
967 2209 1059 2234 autem
1072 2204 1149 2239 dicit,
1168 2203 1268 2232 Christi
1288 2204 1443 2240 potentiam
1461 2204 1620 2237 ostendens,
1637 2205 1684 2241 qui

885 2258 948 2279 cum
971 2254 1014 2278 tot
1031 2253 1161 2286 tantaque
1179 2252 1269 2277 essent
1294 2249 1513 2284 impedimenta,
1540 2250 1683 2285 praevaluit

885 2300 977 2324 tamen
990 2304 998 2323 :
1012 2302 1121 2322 necnon
1134 2293 1349 2328 Corinthiorum,
1366 2294 1394 2321 in
1408 2294 1548 2329 sapientia,
1562 2294 1684 2330 potentia

886 2344 914 2368 et
926 2340 1023 2376 opibus
1036 2339 1243 2372 conﬁdentiam,
1259 2338 1415 2374 superbiam
1430 2338 1567 2374 dejiciens.

926 2385 1005 2421 131
1015 2385 1104 2412 Vsus.
1112 2386 1139 2412 4.
1153 2395 1165 2408 α
1181 2385 1213 2411 Et
1220 2391 1312 2412 sermo
1323 2391 1402 2411 meus
1408 2384 1602 2419 etpraedicatio
1610 2391 1682 2419 mea,

887 2437 943 2458 non
952 2430 979 2457 in
990 2428 1213 2465 persuasibilibus
1225 2428 1357 2457 humanae
1367 2428 1509 2464 sapientiae
1522 2429 1621 2464 verbis,
1636 2429 1685 2458 sed

888 2475 917 2502 in
931 2473 1166 2502 demonstratione
1179 2473 1295 2508 Spiritus
1310 2477 1338 2501 et
1353 2473 1476 2501 virtutis.
1497 2485 1509 2498 ιι
1527 2474 1590 2502 Non
1614 2478 1683 2508 erat,

888 2519 985 2554 inquit,
1008 2518 1166 2554 praedicatio
1188 2525 1252 2546 mea
1281 2522 1394 2546 externa
1415 2518 1642 2554 persuasibilitate
1657 2522 1685 2546 et

889 2563 1013 2592 facundia
1033 2567 1138 2598 ornata,
1171 2562 1219 2591 sed
1246 2563 1273 2590 in
1296 2562 1535 2591 demonstratione
1558 2562 1686 2597 Spiritus,

888 2608 940 2637 hoc
955 2612 1005 2642 est,
1021 2608 1285 2637 demonstrationem
1299 2607 1436 2636 habebam
1450 2608 1539 2643 ipsum
1554 2606 1685 2642 Spiritum

888 2658 1034 2682 sanctum:
1057 2653 1151 2682 forsan
1172 2652 1247 2686 ideo,
1272 2652 1335 2689 quia
1361 2651 1542 2688 inexplicabili
1564 2650 1684 2686 quodam

888 2699 974 2727 modo
990 2698 1071 2727 ﬁdem
1087 2698 1226 2734 ingerebat
1240 2697 1411 2726 auditoribus
1426 2704 1473 2733 per
1485 2699 1592 2733 gratum
1611 2695 1686 2723 verbi

888 2744 1080 2778 ministerium,
1095 2744 1138 2772 vel
1153 2743 1217 2780 quia
1235 2743 1310 2779 signa
1321 2741 1481 2778 perﬁciebat
1503 2745 1531 2770 et
1551 2739 1684 2777 prodigia.

733 2792 833 2822 Varia
854 2790 1005 2820 lectiones.

69 2843 90 2861 ⁵⁸
103 2844 146 2872 καὶ
156 2852 184 2873 o.
223 2843 245 2861 ³⁵
260 2847 333 2871 τοῦτο
346 2851 374 2872 0.
411 2843 434 2860 '5
443 2844 528 2874 πόνοις
541 2851 568 2872 ο.
607 2843 627 2860 ³⁷
643 2841 764 2870 κατέϐαλε
782 2849 808 2871 o.
849 2839 872 2857 ¹³
887 2839 972 2875 ἔσχεν,
988 2839 1041 2866 καὶ
1060 2837 1132 2873 εἶχον
1152 2845 1179 2866 ο.

177 2890 295 2919 ΡΑτιιοι.
316 2890 367 2920 Gs.
388 2889 494 2918 CXXIV.

1511 2882 1543 2908 l9
