1881 3081
28 203 74 230 589

479 202 654 232 EXPOSITIO
674 204 707 232 ΙΝ
727 204 831 235 EPIST.
851 206 862 234 Ι
881 206 926 234 AD
945 205 1024 234 COR.
1040 219 1076 225 —
1095 204 1169 232 CAP.
1191 205 1222 232 ll.

1616 204 1669 232 590

27 265 153 309 μάλιστα.
163 265 272 305 ἀγαπᾷν
289 267 361 305 ἡμᾶς
382 265 549 305 νομίζονται,
570 266 680 308 ὅσοιπερ
706 267 738 296 ἂν
763 269 816 309 πρὸ
830 270 857 304 Α
871 277 902 298 nc

914 277 921 297 ι
941 268 1086 297 dilectione
1114 266 1242 303 prosequi
1256 265 1457 300 existimantur,
1474 265 1520 302 qui
1531 265 1590 302 jam
1601 266 1668 294 olim

26 311 119 352 aenei;
133 303 441 351 Erctrnapscxeuacpimt
458 312 603 352 εὐεργετεῖν
615 303 698 351 ἡμάς.
720 303 815 348 Οὕτως

26 350 65 384 οὖν
78 355 124 385 καὶ
138 357 152 385 ὁ
166 350 243 390 Θεὸς
258 355 310 396 πρὸ
335 358 387 386 τῶν
412 350 512 387 αἰώνων
525 350 667 398 νπροώρισε
692 358 739 394 τὴν
770 359 813 388 διὰ

26 403 133 440 σταυροῦ
158 400 307 441 σωτηρίαν,
322 401 382 438 ἥτις
397 402 466 432 ἐστὶν
484 404 501 438 ἡ
521 402 634 441 μεγίστη
657 402 746 444 σοφία.
766 405 814 438 Εἰς

24 445 96 480 δόξαν
109 444 138 475 δὲ
152 447 245 484 ἡμῶν,
259 446 326 476 καθὸ
339 447 479 481 κοινωνοὺς
493 449 565 486 ἡμᾶς
580 448 678 483 ταύτης
693 448 813 485 ἐποίησε.

26 490 90 525 Δόξα
104 489 156 530 γὰρ
168 490 194 510 ³³
209 490 302 521 δούλου
322 491 352 521 τὸ
374 493 535 529 κοινωνῆσαι
549 494 587 534 τῷ
608 492 731 533 Δεσπότῃ
748 495 816 524 ἀπο-

27 535 120 576 κρύφαυ
135 535 296 577 μυστηρίου.

63 594 76 607 ι
103 579 157 611 θΗν
177 580 260 616 οὐδεὶς
285 583 337 612 τῶν
363 581 499 622 ἀρχόντων
530 585 577 612 τοῦ
601 583 694 617 αἰῶνος
724 583 816 614 τούτου

25 625 143 665 ἔγνωκεν.
170 637 186 656 n
201 625 347 667 Ἄρχοντας
370 629 415 656 νῦν
441 627 512 666 λέγει
527 627 553 647 ³⁴
568 627 612 657 τὸν
637 628 755 658 Πιλάτον
771 629 817 658 καὶ

25 671 63 700 τὸν
79 670 214 711 Ἡρώδην.
233 672 268 702 Εἰ
287 671 315 701 δὲ
330 671 375 701 καὶ
398 671 459 706 τοὺς
473 672 603 713 ἀρχιερεῖς
622 672 668 702 καὶ
689 684 817 714 γραμμα-

24 720 71 750 τεῖς
87 715 183 754 εἴποις,
198 716 246 746 οὒκ
257 715 446 757 ἂνπᾶμάρτοις.
460 731 471 744 α
484 718 539 748 Τοῦ
550 718 643 752 αἰῶνος
653 717 680 748 δὲ
696 718 796 756 τούτου,
806 733 818 746 ιι

24 760 62 790 διὰ
85 761 117 791 τὸ
139 761 302 802 πρόσκαιρον
327 763 374 798 τῆς
398 763 484 802 ἀρχῆς
509 763 613 800 αὐτῶν,
637 765 674 797 ὡς
695 763 818 804 ἀνωτέρω

26 807 183 843 δεδήλωται.

62 863 76 880 ¢
96 853 130 882 Εἰ
145 851 198 893 γὰρ
212 851 329 891 ἔγνωσαν
340 875 348 889 ,
363 852 417 882 ὀὐκ
440 851 472 881 ἂν
486 851 531 883 τὸν
559 853 656 893 Κύριον
676 855 723 889 τῆς
745 853 820 890 δόξης

25 897 207 936 ἐσταύρωσαν.
226 910 239 923 ν
256 897 290 926 Εἰ
315 897 434 937 ἔγνωσαν
450 898 475 916 ³⁵
488 897 536 933 τὴν
557 898 801 939 ἀποκεκρυμμένην
812 922 820 938 ,

869 318 932 342 ante
957 313 1044 341 multa
1072 316 1196 348 tempora
1228 310 1316 347 parati
1339 309 1452 339 fuerunt
1481 309 1562 339 nobis
1586 311 1669 340 bene-

870 359 968 387 facere.
985 359 1064 386 Hanc
1082 357 1116 386 ad
1138 356 1274 386 rationem
1289 356 1364 384 Deus
1378 359 1440 384 ante
1459 355 1558 384 saecula
1573 356 1668 384 statuit

869 411 900 432 ac
925 402 1044 432 decrevit
1066 402 1186 431 salutem
1209 409 1257 438 per
1279 409 1390 430 crucem
1404 408 1467 437 quae
1486 405 1530 430 est
1550 401 1670 429 maxima

869 449 1010 486 sapientia.
1028 449 1060 476 In
1075 448 1188 484 gloriam
1208 454 1272 476 vero
1290 451 1425 480 nostram,
1438 447 1516 481 dixit,
1535 450 1670 483 quatenus

870 502 921 523 nos
944 493 1038 530 gloriae
1067 493 1212 530 participes
1233 491 1308 521 fecit.
1328 492 1424 521 Gloria
1442 492 1517 520 enim
1531 491 1602 520 servi
1615 496 1668 527 est,

871 539 1030 576 participem
1052 546 1111 567 esse
1125 537 1231 566 domini
1252 537 1281 566 in
1300 536 1395 566 abdito
1419 537 1561 574 mysterio.

906 586 996 614 Vsus.
1017 587 1044 612 8.
1069 593 1084 610 α
1098 583 1190 619 Quam
1204 590 1287 611 nemo
1306 582 1461 619 principum
1478 582 1559 619 hujus
1580 581 1672 611 seculi

871 630 1006 666 cognovit.
1029 641 1042 654 υ
1055 629 1196 665 Principes
1209 636 1285 657 nunc
1297 628 1363 656 dicit
1385 627 1526 656 Herodem
1547 632 1575 656 et
1597 627 1671 656 Pila-

872 679 942 703 tum.
967 674 995 703 Si
1017 682 1081 703 vero
1106 678 1134 702 et
1155 673 1300 710 pontiﬁces
1323 677 1351 702 et
1369 673 1479 702 Scribas
1500 673 1588 707 dicas,
1614 681 1670 701 non

873 719 1023 749 admodum
1049 719 1161 748 errabis.
1187 719 1284 748 Saeculi
1308 722 1400 748 autem
1427 718 1519 755 hujus,
1541 719 1577 747 ob
1600 722 1670 746 tem-

873 765 1012 802 porarium
1027 773 1123 794 eorum
1136 764 1297 801 imperium.

911 868 923 881 «
950 856 978 885 Si
997 856 1074 885 enim
1094 855 1296 892 cognovissent,
1318 855 1470 883 Dominum
1497 854 1592 891 gloriae
1615 862 1672 883 non

876 901 1088 930 cruciﬁxissent.
1114 912 1127 926 π
1154 901 1181 929 Si
1204 900 1374 929 reconditam
1399 903 1440 933 (ut
1459 907 1543 936 supra
1569 899 1673 928 dictum

25 943 57 976 ὡς
77 941 346 986 εἴρηται,-σοφίαν,
378 943 423 973 καὶ
449 942 483 972 τὰ
506 945 553 979 τῆς
577 943 649 977 θείας
672 943 822 982 οἰκονομίας
839 955 862 986 Β
876 954 902 975 es

914 947 928 981 ι)
950 946 1111 983 sapientiam
1131 950 1159 974 et
1173 946 1273 974 divinae
1291 944 1531 974 administrationis
1542 945 1676 981 mysteria

26 982 161 1028 μυστήρια
175 999 182 1006 ·
198 982 250 1018 οἷον
261 982 319 1026 ,γτὰ
343 987 412 1017 κατὰ
429 987 478 1024 τὴν
499 990 545 1018 τοῦ
559 989 631 1018 Θεοῦ
652 987 822 1028 ἕνανθρώπη-

24 1044 78 1067 σιν,
97 1032 171 1062 κατὰ
192 1031 237 1062 τὸν
250 1032 381 1073 σταυρὸν,
397 1032 429 1062 τὰ
453 1033 522 1063 κατὰ
542 1033 592 1070 τὴν
610 1035 704 1069 κλῆσιν
724 1033 771 1063 καὶ
785 1035 822 1064 oi-

24 1078 131 1107 χείωσιν
154 1080 208 1108 τῶν
232 1079 331 1114 ἐθνῶν,
358 1078 392 1107 τὰ
413 1077 484 1107 κατὰ
508 1078 556 1114 τὴν
579 1078 753 1118 ἀναγέννησιν
778 1079 823 1108 καὶ

24 1123 176 1159 υἱοθεσίαν,
202 1123 247 1152 καὶ
271 1122 449 1163 κληρονομίαν
472 1125 519 1159 τῆς
547 1124 683 1163 βασιλείας
705 1125 757 1154 τῶν
781 1125 823 1154 οὖ-

25 1169 127 1206 ρανῶν,
147 1167 194 1197 καὶ
218 1167 326 1204 ἅπλῶς,
352 1167 402 1197 ὅσα
427 1168 471 1197 διὰ
495 1170 540 1197 τοῦ
566 1169 643 1208 ἁγίου
668 1168 824 1207 Πνεύματος

24 1213 201 1252 ἀπεκαλύφθη
214 1213 268 1246 τοῖς
282 1213 447 1246 ἀποστόλοις.
466 1212 547 1243 Ἀλλὰ
567 1214 613 1243 καὶ
633 1215 658 1244 oi
673 1214 804 1254 ἀρχιερεῖς
815 1236 823 1251 ,

24 1258 45 1286 εἰ
59 1258 164 1297 ᾔδεσαν
185 1258 226 1287 ὅτι
246 1259 263 1293 ἡ
288 1257 364 1291 πόλις
388 1259 474 1287 αὐτῶν
500 1258 634 1288 ἁλώσεται
647 1281 656 1296 ,
682 1259 726 1288 καὶ
742 1258 824 1297 ξαῦτοὶ

24 1303 242 1343 ἀπαχθήσονται,
255 1303 303 1332 οὐκ
319 1303 350 1331 ἂν
359 1303 542 1343 ἐσταύρωσαν.
557 1317 568 1331 ιι
578 1303 673 1344 Κύριον
684 1302 711 1333 δὲ
725 1303 801 1340 δόξης
813 1318 824 1330 ιι

23 1349 141 1377 ἐνταῦθα
167 1347 290 1386 ὠνόμασε
315 1347 358 1377 τὸν
384 1348 501 1388 Χριστόν
528 1360 534 1367 ·
562 1349 628 1378 διότι
655 1347 706 1388 γὰρ
736 1348 825 1383 ἀδοξία

23 1393 113 1422 ἐδόκει
131 1394 146 1422 ὁ
161 1392 272 1432 σταυρὸς
285 1415 293 1431 ,
311 1392 441 1422 δείκνυσιν
461 1393 500 1422 ὅτι
523 1393 595 1423 οὐδὲν
611 1394 647 1427 εἷς
663 1393 740 1428 δόξαν
760 1405 828 1434 παρ-

24 1437 134 1474 εϐλάϐη
152 1438 182 1468 ἐκ
197 1439 243 1467 τοῦ
259 1440 387 1478 σταυροῦ,
410 1438 478 1467 ἀλλὰ
495 1439 596 1477 μᾶλλον
611 1438 658 1468 καὶ
678 1438 825 1475 ἐδοξάσθη,

21 1483 58 1516 ὥς
85 1484 121 1512 ἐκ
139 1482 232 1512 τούτου
257 1484 358 1521 μᾶλλον
381 1483 470 1523 φανεὶς
496 1483 692 1524 φιλάνθρωπος.
721 1484 826 1514 Οὐκοῦν

22 1529 46 1557 εἰ
62 1527 106 1566 μὴ
124 1527 258 1566 ἔγνωσαν,
283 1526 336 1557 ἔδει
361 1529 449 1562 αὐτοῖς
464 1529 593 1568 ἀφεθῆναι
611 1527 641 1557 τὸ
656 1527 826 1568 ἁμάρτημα,

24 1573 99 1609 Ναὶ,
136 1573 159 1602 εἰ
196 1571 264 1612 μετὰ
290 1575 374 1602 ταῦτα
414 1573 564 1612 προσῆλθον
598 1572 826 1612 μετανοήσαντες,

876 992 1081 1028 cognovissent;
1103 991 1148 1019 illa
1171 991 1316 1025 nimirum,
1340 998 1401 1027 quae
1415 991 1494 1025 circa
1518 990 1565 1018 Dei
1584 990 1675 1018 incar-

876 1037 1032 1071 nationem,
1053 1044 1115 1073 quae
1136 1036 1207 1065 circa
1228 1044 1351 1070 crucem;
1377 1043 1439 1073 quae
1461 1035 1531 1064 circa
1551 1035 1674 1072 gentium

877 1082 1051 1110 vocationem
1073 1086 1101 1110 et
1119 1081 1390 1118 appropriationem;
1405 1088 1466 1117 quae
1480 1081 1551 1109 circa
1566 1088 1674 1117 regene-

877 1127 1023 1162 rationem,
1039 1130 1066 1155 et
1075 1126 1252 1163 adoptionem
1265 1127 1393 1163 regnique
1405 1126 1523 1154 caelestis
1534 1125 1678 1154 haeredita-

877 1176 946 1207 tem,
958 1176 996 1206 et,
1005 1175 1036 1200 ut
1044 1179 1099 1200 uno
1108 1172 1190 1200 verbo
1198 1172 1297 1206 dicam,
1308 1179 1478 1208 quiscunque
1486 1179 1534 1207 per
1544 1171 1676 1207 Spiritum

878 1221 1004 1246 sanctum
1015 1217 1146 1253 apostolis
1156 1217 1273 1245 revelata
1283 1221 1355 1245 sunt.
1368 1217 1442 1253 Quin
1454 1216 1538 1245 etiam
1553 1216 1577 1244 si
1591 1217 1677 1252 ponti-

879 1261 945 1290 ﬁces
957 1261 1054 1291 urbem
1069 1269 1148 1290 suam
1160 1262 1334 1296 diruendam,
1344 1269 1426 1298 seque
1441 1260 1617 1290 abducendos
1629 1269 1676 1290 eo-

879 1307 1043 1344 gnovissent,
1061 1307 1138 1336 illum
1159 1315 1217 1336 non
1237 1307 1444 1336 cruciﬁxissent.
1462 1306 1565 1335 Gloriae
1584 1310 1677 1335 autem

881 1352 1032 1381 Dominum
1047 1352 1092 1380 hic
1118 1352 1185 1380 dixit
1199 1352 1348 1381 Christum.
1365 1352 1435 1388 Quia
1449 1352 1523 1380 enim
1546 1359 1612 1380 crux
1627 1360 1678 1388 pro

881 1397 991 1426 infamia
1015 1397 1179 1431 ducebatur,
1205 1397 1326 1426 ostendit
1351 1397 1423 1433 quod
1439 1397 1506 1425 nihil
1527 1397 1566 1425 illi
1584 1397 1679 1433 gloriae

881 1442 1050 1470 diminutum
1064 1445 1106 1470 est
1126 1450 1174 1479 per
1195 1450 1314 1474 crucem,
1337 1442 1401 1478 quin
1422 1442 1512 1478 potius
1525 1442 1600 1478 quod
1615 1441 1679 1470 inde

881 1486 1046 1523 gloriﬁcatus
1068 1490 1119 1521 est,
1145 1487 1247 1524 quippe
1263 1487 1308 1524 qui
1329 1495 1360 1515 ex
1375 1487 1427 1515 hoc
1441 1487 1571 1516 humana:
1586 1487 1682 1515 salutis

881 1531 1028 1560 studiosior
1055 1532 1192 1568 apparuit.
1221 1532 1249 1560 Si
1281 1532 1373 1568 itaque
1405 1540 1463 1560 non
1490 1531 1679 1568 cognoverint,

881 1571 973 1605 nonne
988 1581 1131 1613 peccatum
1153 1576 1191 1605 eis
1210 1576 1313 1605 dimitti
1335 1576 1477 1612 oportuit?
1504 1577 1637 1612 Omnino,
1657 1576 1680 1604 si

21 1618 125 1658 ἀφείθη
147 1616 179 1647 ἂν
201 1618 304 1653 αὐτοῖς,
328 1617 420 1658 ὥσπερ
447 1619 492 1648 καὶ
509 1620 547 1659 τῷ
571 1618 689 1659 Παύλῳ,
712 1618 827 1653 καὶτοῖς
842 1626 865 1659 C
882 1630 900 1659 p

914 1626 974 1650 istea
997 1623 1186 1659 resipiscentes
1209 1621 1244 1650 ad
1271 1621 1411 1650 Christum
1433 1621 1621 1656 accessissent,
1641 1621 1679 1650 di-

22 1663 122 1697 ἄλλοις
137 1663 191 1696 τοῖς
206 1661 233 1697 ἐξ
249 1661 396 1703 Ἑϐραίων.

68 1722 81 1735 ιι
104 1707 189 1738 Ἀλλὰ
215 1706 303 1742 καθὼς
329 1707 490 1748 γέγραπται.
514 1722 527 1734 ι
543 1707 635 1738 Λείπει
653 1709 683 1738 τὸ
711 1707 802 1749 γέγονε
819 1719 825 1726 ·

20 1754 168 1793 πολλαχοῦ
190 1752 242 1793 γὰρ
264 1754 278 1782 ὃ
301 1752 458 1787 Ἆπόστολος
472 1754 511 1794 τῷ
528 1754 686 1794 ἐλλειπτικῷ
708 1754 829 1794 σχήματι

2 1820 3 1823 η
21 1810 71 1834 κε]
77 1809 174 1834 ρηται.

53 1810 174 1873 If
188 1842 289 1882 [vulg.
306 1852 364 1874 om.
383 1843 415 1882 6]
431 1843 566 1883 ὀφθαλμὸς
578 1843 625 1872 οὐκ
640 1837 708 1879 εἶδε,
726 1843 772 1872 καὶ
785 1837 829 1876 οἷς

19 1890 70 1918 οὐκ
86 1887 212 1925 ἤκουσε,
232 1889 277 1918 καὶ
287 1888 331 1917 ἐπὶ
344 1887 455 1927 καρδίαν
472 1888 612 1928 ἀνθρώπου
629 1888 678 1917 οὐκ
700 1887 795 1926 ἀνέϐη,
812 1887 829 1918 ἃ

18 1933 177 1973 ἡτοίμασεν
193 1934 207 1962 6
221 1932 290 1966 Θεὸς
300 1932 355 1966 τοῖς
369 1933 510 1972 ἀγαπῶσιν
522 1932 611 1964 αὐτόν.
630 1944 644 1961 ι
663 1932 699 1963 Τί
713 1932 740 1962 δὲ
754 1932 828 1968 ἡτοί-

21 1990 118 2017 μασιν
141 1980 155 2008 ὁ
176 1977 244 2012 Θεὸς
258 1981 311 2011 τοῖς
335 1978 474 2017 ἀγαπῶσιν
497 1978 591 2015 σῦτόν;
614 1977 672 2014 Τὴν
692 1980 738 2007 τοῦ
765 1978 831 2018 Χρι-

20 2026 90 2053 στοῦ
107 2024 223 2063 γνῶσιν,
245 2022 291 2052 καὶ
309 2022 358 2058 τὴν
381 2024 426 2058 τῆς
444 2023 670 2063 ἐνανθρωπήσεως
684 2022 829 2063 σωτηρίαν.

19 2069 131 2098 Ταῦτα
147 2068 199 2108 γὰρ
212 2067 272 2097 οὔτε
283 2068 417 2109 ὀφθαλμὸς
432 2067 595 2108 ἀνθρώπινος
611 2063 692 2105 εἶδεν,
707 2067 768 2097 οὔτε
789 2063 832 2102 οὖς

882 1667 1038 1696 mitteretur
1064 1667 1106 1701 iis,
1132 1666 1245 1704 perinde
1264 1674 1295 1695 ac
1316 1667 1400 1695 Paulo
1415 1666 1527 1703 aliisque
1547 1666 1680 1695 Hebraeis.

917 1713 1005 1741 νεεδ.
1025 1715 1052 1740 9.
1077 1723 1090 1737 ι
1115 1712 1169 1741 Sed
1193 1711 1429 1748 quemadmodum
1443 1712 1577 1748 scriptum
1591 1716 1641 1740 est.
1667 1723 1680 1735 ν

882 1757 977 1791 Deest,
994 1756 1099 1785 factum
1115 1761 1165 1785 est.
1189 1757 1260 1785 Nam
1283 1757 1431 1793 Apostolus
1449 1757 1544 1785 multis
1566 1757 1596 1785 in
1616 1756 1684 1785 locis

883 1801 1010 1838 ellipseos
1021 1800 1107 1837 ﬁgura
1126 1808 1194 1830 usus
1206 1804 1256 1829 est.

922 1856 936 1872 ιι
954 1846 1023 1881 Quae
1037 1846 1132 1874 oculus
1155 1853 1211 1873 non
1235 1845 1312 1879 vidit,
1335 1849 1363 1873 et
1382 1845 1456 1874 auris
1479 1853 1536 1874 non
1564 1845 1679 1878 audivit,

883 1895 911 1919 et
920 1890 948 1918 in
959 1898 1008 1919 cor
1022 1890 1142 1918 hominis
1153 1898 1212 1918 non
1225 1889 1421 1923 ascenderunt,
1439 1897 1502 1926 qua:
1514 1890 1682 1926 praeparavit

885 1937 959 1964 Deus
982 1935 1160 1972 diligentibus
1181 1942 1211 1963 se
1232 1939 1252 1962 θ.
1275 1945 1289 1959 ι
1305 1934 1376 1970 Quid
1395 1938 1489 1963 autem
1517 1935 1683 1971 praeparavit

884 1982 959 2009 Deus
967 1980 1143 2017 diligentibus
1155 1981 1202 2009 se?
1211 1979 1311 2008 Christi
1324 1980 1512 2016 cognitionem
1522 1987 1554 2008 ac
1566 1979 1683 2008 salutem

885 2034 932 2063 per
941 2026 1169 2054 incarnationem.
1181 2026 1248 2054 Haec
1257 2025 1332 2054 enim
1342 2033 1432 2062 neque
1442 2025 1580 2054 humanus
1587 2025 1684 2054 oculus

885 2071 961 2106 vidit,
981 2079 1071 2108 neque
1085 2071 1167 2107 jauris
1188 2070 1306 2099 humana
1326 2071 1439 2106 audivit,
1452 2077 1550 2107 neque
1569 2078 1618 2099 cor
1636 2071 1685 2100 bo-

19 2113 197 2154 ἀνθρώπινον
229 2113 308 2153 [οὐκ]
326 2112 451 2150 ἤκουσεν,
475 2112 534 2142 οὔτε
560 2113 657 2152 καρδία
678 2113 831 2154 ἀνθρωπίνη
884 2124 902 2144 n

916 2116 968 2145 mis
982 2116 1120 2153 cogitavit.
1139 2116 1221 2152 133
1234 2116 1381 2152 Prophetas
1395 2115 1470 2143 enim
1484 2123 1542 2144 non
1556 2115 1684 2144 humanis

19 2158 185 2198 ἐλογίσατο.
204 2159 240 2189 Οἱ
254 2157 306 2198 γὰρ
324 2160 460 2198 προφῆται
481 2159 528 2188 οὖκ
543 2157 716 2198 ἀνθρωπίνοις
739 2159 836 2199 ὀφθαλ-
885 2169 901 2190 0

914 2161 972 2190 aulis
987 2161 1124 2196 viderunt,
1138 2169 1226 2198 neque
1239 2161 1366 2189 humanis
1380 2160 1491 2189 auribus
1503 2160 1682 2194 audiverunt,

20 2208 87 2243 μοῖς
114 2202 244 2240 ἔϐλεπον,
265 2203 324 2233 οὐδὲ
351 2202 524 2243 ἀνθρωπίνοις
544 2203 608 2233 ὠσὶν
638 2202 754 2243 ἤκουον,
773 2203 831 2233 οὐδὲ
887 2214 902 2234 n

914 2213 975 2242 eque
1003 2206 1124 2235 humano
1144 2206 1187 2234 usi
1202 2205 1340 2234 intellectu
1363 2205 1554 2234 intellexerunt
1567 2213 1598 2234 ea
1623 2213 1685 2242 qua:

19 2247 193 2299 ἀνθρωπίνῳ
204 2247 246 2277 νοῒ
256 2247 390 2299 χρώμενοι
401 2248 525 2299 συνίεσαν
539 2247 574 2299 τὰ
583 2249 778 2299 περὶιΧριστοῧ
795 2249 831 2299 εἶθ·
849 2268 875 2299 D
890 2250 902 2279 d

914 2258 925 2280 Β
949 2251 1057 2280 Christo
1081 2251 1154 2280 dicta
1178 2255 1267 2284 erant;
1291 2249 1341 2279 sed
1367 2250 1461 2278 omnia
1492 2250 1581 2279 divina
1607 2254 1686 2278 erant

19 2293 102 2323 ἀλλὰ
127 2288 216 2322 πάντα
238 2295 295 2323 θεῖα
309 2288 341 2328 ἦν
358 2293 454 2327 αὐτοῖς.
475 2307 486 2319 σε
514 2292 610 2333 Κύριος
624 2292 688 2333 γὰρ,
710 2305 724 2321 )›
749 2293 830 2334 φησὶ,
851 2288 875 2299 ν
889 2303 902 2324 e

914 2304 938 2325 s.
952 2307 965 2321 ιι
981 2296 1118 2324 Dominus
1128 2294 1213 2329 enim,
1225 2295 1324 2331 inquit,
1335 2295 1460 2331 apposuit
1473 2295 1540 2323 mihi
1552 2303 1658 2329 aurem,
1670 2307 1682 2319 υ

20 2350 37 2367 σ
56 2337 221 2378 προσέθηκέ
246 2349 291 2377 μοι
306 2337 383 2368 ὠτίον
389 2361 398 2376 ,
417 2352 429 2365 ν
447 2338 627 2377 πνευματικῗπ
647 2337 769 2375 δηλαδή·
788 2339 834 2368 καὶ
889 2348 901 2369 3

914 2341 1057 2369 liritualem
1078 2340 1212 2374 videlicet,
1227 2344 1254 2368 et
1267 2340 1319 2367 alia
1341 2339 1368 2368 id
1388 2347 1484 2376 genus.
1499 2340 1618 2375 Quinam
1633 2348 1685 2368 au-

889 2389 946 2414 tem
966 2390 1030 2414 sunt
1057 2385 1200 2422 diligentes
1230 2386 1342 2414 Deum?
1367 2385 1483 2414 Fideles.
1511 2385 1567 2414 Ubi
1595 2390 1687 2413 autem

890 2431 1021 2468 scriptum
1045 2435 1086 2459 est
1107 2430 1160 2459 hoc
1181 2430 1348 2458 oraculum?
1377 2430 1531 2459 Verisimile
1546 2434 1589 2458 est
1613 2429 1688 2458 hisce

890 2477 981 2512 ipsum
1006 2475 1094 2505 verbis
1108 2475 1206 2504 alicubi
1221 2474 1316 2509 scribi,
1338 2474 1471 2511 hodieque
1493 2483 1550 2504 non
1574 2475 1688 2503 inveniri

891 2521 1004 2550 librum.
1029 2520 1166 2549 Fortassis
1186 2524 1279 2549 autem
1299 2523 1325 2548 et
1348 2520 1566 2556 sapientissimus
1589 2520 1688 2548 Paulus

891 2566 964 2595 hunc
973 2566 1014 2602 '_ad
1028 2565 1144 2595 modum
1164 2565 1360 2602 interpretatus
1373 2569 1415 2594 est
1429 2565 1496 2595 illud
1514 2577 1520 2594 :
1547 2576 1560 2590 ι
1581 2564 1689 2601 Quibus

16 2384 122 2414 τᾶλλα
135 2383 245 2422 ὁμοίως.
262 2383 342 2416 Τίνες
356 2382 384 2412 δέ
399 2385 465 2413 εἰσιν
480 2383 504 2413 οἱ
520 2384 675 2423 ἀγαπῶντες
687 2383 732 2413 τὸν
745 2383 834 2422 Θεόν;

15 2431 55 2460 Οἱ
72 2428 185 2459 πιστοί.
200 2428 257 2458 Ποῦ
274 2427 302 2457 δὲ
315 2427 467 2469 γέγραπται
488 2430 504 2464 ἡ
521 2430 619 2468 χρῆσις
634 2427 719 2466 αὕτη,
746 2426 831 2462 Ἴσως

19 2475 76 2513 μὲν
104 2473 178 2507 εἰκὸς
199 2472 245 2503 καὶ
260 2473 352 2507 αὐταῖς
368 2473 454 2508 λέξεσι
469 2473 616 2514 γεγράρθαι
643 2472 727 2508 αὐτὴν
747 2473 834 2510 οὕτω,

19 2519 73 2549 καὶ
101 2522 150 2548 ν’ῦν
176 2518 215 2557 μὴ
239 2517 406 2558 εΰρίσκεσθαι
430 2517 460 2548 τὸ
483 2518 587 2558 βιϐλίον
601 2530 607 2537 ·
631 2518 694 2552 ἴσως
719 2517 746 2548 δὲ
763 2519 808 2548 καὶ
822 2520 836 2548 ὃ

18 2563 189 2605 σοφώτατος
215 2564 324 2597 Παῦλος
357 2563 520 2604 μετέφρασεν
551 2563 578 2583 ³⁷
601 2564 638 2598 εἷς
665 2563 765 2600 ταύτην
789 2563 835 2601 τὸ,

94 2605 155 2633 lsa.
168 2611 256 2640 utv,
271 2607 299 2632 4.

739 2639 779 2670 Va
784 2639 835 2669 riae
856 2639 1009 2670 lectiones.

62 2685 91 2704 ³³
111 2684 143 2712 δὲ
164 2692 191 2714 o.
228 2683 250 2702 ³⁵
272 2683 395 2721 ἄρχοντας
413 2688 455 2712 τοῦ
478 2683 567 2716 αἰῶνος
590 2684 678 2712 τούτου
705 2683 820 2720 Ἡρώδην
845 2684 887 2710 καὶ
906 2684 1015 2711 Πιλάτον
1044 2684 1148 2717 νοήσεις,
1173 2683 1198 2710 οἳ
1221 2683 1250 2710 τὸ
1276 2683 1408 2719 μυστήριον
1430 2682 1474 2709 οὒκ
1495 2681 1596 2718 ᾔδεσαν,
1622 2679 1690 2707 ἀλλὰ

22 2727 73 2753 καὶ
101 2725 164 2756 τοὺς
185 2724 309 2761 ἀρχιερεῖς
331 2728 380 2752 τῶν
408 2724 547 2758 Ἰουδαίων,
575 2726 600 2751 οἳ
620 2725 676 2752 οὗδὲ
693 2724 764 2752 acroi.
783 2724 896 2761 ἔγνωσαν

921 2732 960 2752 m.
989 2724 1130 2760 Principes
1156 2723 1252 2751 mundi
1270 2724 1350 2759 hujus
1369 2723 1487 2756 i'ntelltge
1508 2721 1639 2750 Herodem
1665 2724 1691 2749 et

23 2768 174 2798 Pilatum,
188 2767 235 2802 qui
252 2767 300 2794 hoc
318 2767 477 2802 mysterium
495 2768 674 2801 ignorarunt;
693 2774 724 2794 ac
743 2767 825 2794 etiam
839 2767 978 2802 pontiﬁces
992 2765 1162 2796 Judteorum,
1177 2765 1305 2800 quoniam
1319 2765 1344 2791 et
1362 2764 1416 2799 ipsi
1429 2770 1481 2791 non
1504 2764 1689 2797 cognoverunt.

23 2808 49 2825 ³³*
78 2806 105 2834 εἶ
135 2805 258 2842 ἔγνωσαν,
281 2806 356 2843 φησὶ,
381 2806 421 2833 ὅτι
441 2806 519 2838 οὕτως
535 2806 588 2842 ἔχει
613 2807 708 2843 λάμψαι
729 2806 743 2833 ὗ
768 2806 870 2841 σταυρὸς
897 2805 938 2832 καὶ
954 2805 993 2832 ὅτι
1017 2807 1060 2839 τῆς
1085 2804 1228 2840 οἰκουμένης
1252 2804 1320 2830 ἔσται
1342 2803 1461 2839 σωτηρία.
1491 2802 1567 2830 Ἀλλὰ
1592 2802 1634 2829 καὶ
1653 2811 1693 2831 m.

22 2849 61 2878 Si
90 2849 301 2882 cognouissent,
345 2848 458 2883 inquit,
486 2848 597 2883 futurus
630 2849 661 2876 ut
696 2847 762 2876 adeo
785 2846 902 2884 splendet

25 2889 51 2907 ⁵⁸
66 2888 148 2916 Θεοῦ
157 2897 183 2918 ο.
220 2888 241 2907 ⁸⁷
261 2887 291 2916 τὸ
306 2887 404 2924 βιϐλίον
422 2895 449 2917 o.

914 2849 937 2875 et
968 2854 1036 2875 eruo:
1058 2846 1205 2881 mundique
1233 2845 1310 2874 salus
1345 2844 1477 2874 evaderet.
1505 2844 1577 2878 Quin
1608 2845 1695 2872 etr'am

111 2895 148 2915 οὐ
157 2897 183 2918 ο.
220 2895 240 2907 ⁸⁸
261 2895 291 2916 το
306 2895 404 2918 βώλων
422 2895 449 2917 ο.
