1881 3081
47 202 96 230 589

502 201 678 230 EXPOSITIO
698 203 731 230 ΙΝ
751 203 855 234 EPIST.
875 205 885 233 1
904 205 950 233 AD
969 204 1048 233 COR.
1064 217 1099 224 —
1119 203 1193 231 CAP.
1215 204 1246 230 ll.

1640 203 1693 231 590

46 264 178 308 μάλιστα..
187 265 295 304 ἀγαπᾷν
313 266 385 304 ἡμᾶς
406 264 573 304 νομίζονται,
594 265 704 306 ὅσοιπιρ
730 265 762 295 ἂν
787 268 840 308 πρὸ
854 269 881 302 Α
894 276 914 296 11η

937 276 944 295 ς
965 266 1110 296 dilectione
1138 264 1266 302 prosequi
1280 263 1481 299 existimatur,
1498 264 1544 300 qui
1555 264 1614 300 jam
1625 264 1692 293 olim

45 310 143 338 πολλοῦ
157 303 209 339 ὦσι
221 303 465 350 παρεσκιυασμίνοι
482 311 626 350 εὐεργετεῖν
639 303 722 349 ἡμὰς.
744 303 838 346 Οὕτως

45 349 88 384 οὖν
101 354 148 384 καὶ
162 356 176 384 ὁ
190 349 266 389 Θεὸς
282 354 334 396 πρὸ
359 357 411 385 τῶν
436 349 536 385 αἰώνων
559 356 691 397 προώρισε
716 356 763 393 τὴν
793 357 837 386 διὰ

45 402 158 440 σταυροῦ
182 399 332 440 σωτηρίαν,
346 400 405 436 ἥτις
421 401 490 431 ἐστὶν
508 403 525 437 ἡ
545 401 658 440 μεγίστη
680 401 770 442 σοφία.
790 403 837 436 Εἰς

43 444 119 478 δόξαν
133 443 162 474 δὲ
176 445 268 483 ἡμῶν,
283 445 349 475 καθὸ
363 445 503 480 κοινωνοὺς
517 447 589 485 ἡμᾶς
604 447 702 482 ταύτης
717 447 836 484 ἐποίησε.

45 489 115 524 Δόξα
128 488 180 529 γὰρ
192 489 218 509 ³³
232 489 326 520 δούλου
345 490 376 520 τὸ
397 492 559 527 κοινωνῆσαι
573 493 612 532 τῷ
632 491 754 532 Δεσπότῃ
771 494 840 523 ἀπο-

45 535 145 575 κρύφον
159 534 319 576 μυστηρίου.

87 593 101 606 ιι
127 578 181 610 ⁶Ην
200 579 284 614 οὐδεὶς
309 581 360 610 τῶν
387 580 523 621 ἀρχόντων
554 584 601 611 τοῦ
625 582 718 615 αἰῶνος
747 582 840 613 τούτου

44 624 167 664 ἔγνωκεν.
186 627 210 654 ἰο
225 624 371 666 Ἄρχοντας
394 628 438 655 νῦν
465 625 536 666 λέγει
551 626 577 646 ³³
592 626 636 656 τὸν
661 626 779 657 Πιλάτον
795 627 841 657 καὶ

44 670 87 700 τὸν
104 669 238 710 Ἡρώδην.
257 671 291 701 Εἰ
311 670 338 700 δὲ
354 670 399 700 καὶ
422 670 483 705 τοὺς
497 671 627 712 ἀρχιερεῖς
646 671 692 701 καὶ
713 683 841 712 γραμμα-

43 719 96 749 τείς
111 714 206 753 εἴποις,
221 716 269 745 οὐκ
280 714 470 756 ἂνάμάρτοις.
484 729 495 742 ι
507 717 562 746 Τοῦ
573 717 667 750 αἰῶνος
677 716 704 746 δὲ
720 717 819 755 τούτου,
830 731 842 744 ιι

44 759 87 790 διὰ
110 760 142 790 τὸ
163 759 326 801 πρόσκαιρον
350 762 398 797 τῆς
422 762 508 801 ἀρχῆς
533 761 636 799 αὐτῶν,
661 763 698 795 ὡς
719 763 842 803 ἀνωτέρω

45 805 207 842 δεδήλωται.

87 862 102 879 α
121 852 155 881 Εἰ
168 850 221 892 γὰρ
235 850 352 890 ἔγνωσαν
363 874 372 888 ,
387 851 440 880 ὀὐκ
464 850 496 880 ἂν
509 850 555 882 τὸν
583 851 680 892 Κύριον
700 853 747 888 τῆς
769 851 843 888 δόξης

46 895 230 935 ἐσταύρωσαν.
249 909 263 923 ν
280 896 314 925 Εἰ
339 895 457 936 ἔγνωσαν
473 896 499 915 ³⁵
511 896 560 932 τὴν
580 896 824 938 ἀποκεκρυμμένην
835 921 844 937 ,

893 317 955 340 ante
981 311 1067 340 multa
1096 315 1220 346 tempora
1252 309 1340 346 parati
1363 308 1476 337 fuerunt
1505 308 1585 338 nobis
1610 309 1693 338 bene-

894 357 992 386 facere.
1008 357 1088 384 Hanc
1105 355 1140 384 ad
1162 354 1298 384 rationem
1313 355 1388 383 Deus
1401 357 1464 382 ante
1483 353 1582 383 saecula
1596 355 1692 383 statuit

893 410 924 431 ac
949 401 1067 431 decrevit
1090 401 1209 430 salutem
1232 408 1280 437 per
1302 407 1413 428 crucem
1428 407 1490 436 qua:
1510 403 1553 428 est
1574 399 1693 428 maxima

893 447 1034 484 sapientia.
1052 448 1084 475 In
1098 446 1212 483 gloriam
1231 453 1295 474 vero
1314 450 1449 479 nostram,
1461 445 1540 480 dixit,
1559 449 1693 482 quatenus

894 501 944 521 nos
968 492 1062 529 gloriae
1090 492 1236 528 participes
1257 490 1332 520 fecit.
1352 491 1447 520 Gloria
1466 491 1540 519 enim
1555 490 1625 519 servi
1638 495 1692 526 est,

895 537 1054 574 participem
1076 544 1134 566 esse
1149 536 1254 565 domini
1276 536 1304 564 in
1323 535 1419 565 abdito
1443 536 1584 573 mysterio.

930 585 1020 612 Vens.
1041 585 1068 611 8.
1093 591 1108 609 α
1122 582 1213 617 Quam
1227 588 1311 610 nemo
1330 581 1484 618 principum
1501 581 1582 617 hujus
1603 580 1695 610 saeculi

895 628 1030 664 cognovit.
1053 627 1220 663 nPrincipes
1233 635 1308 655 nunc
1321 626 1386 655 dicit
1409 626 1550 654 Herodem
1571 630 1598 655 et
1621 626 1694 654 Pila-

896 677 965 702 tum.
991 673 1018 702 Si
1041 681 1104 702 vero
1129 677 1158 701 et
1178 672 1324 708 pontiﬁces
1347 675 1375 700 et
1393 671 1503 700 Scribas
1524 671 1611 705 dicas,
1638 679 1693 699 non

896 718 1047 748 admodum
1072 718 1185 747 errabis.
1210 717 1307 746 Saaeuli
1331 721 1424 746 autem
1451 716 1543 753 hujus,
1564 717 1600 746 ob
1623 720 1693 745 tem-

897 764 1036 801 porarium
1050 771 1146 793 eorum
1159 763 1320 800 imperium.

935 867 947 879 ιι
974 855 1002 883 Si
1021 854 1097 883 enim
1118 854 1320 891 cognovissent,
1341 853 1493 882 Dominum
1521 853 1616 889 gloriae
1639 860 1695 882 non

900 899 1111 929 cruciﬁxissent.
1137 911 1150 924 ιι
1178 900 1204 927 Si
1228 898 1397 928 reconditam
1423 901 1464 931 (ut
1483 906 1567 934 supra
1592 897 1696 926 dictum

45 942 81 975 ὡς
103 940 370 985 εἴρηται,-σοφίαν,
402 942 447 971 καὶ
472 940 506 970 τὰ
530 943 577 978 τῆς
601 942 672 976 θείας
696 942 846 981 οἰκονομίας
862 953 886 985 Β
900 953 914 974 e

937 945 952 980 ι)
974 945 1135 982 sapientiam
1155 949 1183 973 et
1197 944 1296 973 divina
1315 943 1555 972 administrationis
1566 943 1699 979 mysteria

46 981 184 1027 μυστήρια
199 997 206 1005 ·
221 981 274 1016 οἷον
284 1009 292 1025 ,
309 986 343 1015 τὰ
366 985 436 1016 κατὰ
452 986 501 1023 τήν
523 989 569 1017 τοῦ
583 987 654 1017 Θεοῦ
676 986 846 1027 ἐνανθρώπη-

45 1043 87 1060 σιν
98 1056 105 1067 ,
123 1031 194 1061 κατὰ
215 1030 260 1061 τὸν
273 1031 404 1072 σταυρὸν,
420 1031 453 1061 τὰ
476 1031 546 1062 κατὰ
566 1032 615 1068 τὴν
634 1033 728 1068 κλῆσιν
748 1032 794 1062 καὶ
809 1033 846 1062 οἶ-

44 1076 156 1106 κείωσιν
177 1078 231 1107 τῶν
255 1077 354 1113 ἐθνῶν,
382 1076 415 1106 τὰ
437 1076 509 1106 κατὰ
532 1076 579 1112 τὴν
603 1077 777 1117 ἀναγίννησιν
801 1077 846 1107 καὶ

44 1121 200 1158 υἱοθεσίαν,
225 1121 270 1151 καὶ
295 1121 472 1162 κληρονομίαν
496 1124 543 1158 τῆς
570 1122 707 1162 βασιλείας
728 1124 780 1151 τῶν
805 1123 848 1152 οὖ-

47 1168 152 1206 ρανῶν,
172 1166 218 1195 καὶ
242 1166 350 1202 ἁπλῶς,
376 1165 425 1195 ὅσα
451 1166 494 1196 διὰ
518 1169 564 1196 τοῦ
590 1167 667 1207 ἁγίου
692 1167 848 1206 Πνεύματος

45 1212 225 1251 ἀπεκαλύφθη
238 1211 291 1244 τοῖς
306 1211 471 1245 ἀποστόλοις.
490 1211 571 1242 Ἀλλὰ
591 1212 636 1241 καὶ
657 1213 682 1242 οἱ
697 1213 846 1253 ἀρχιερεῖς,

46 1257 69 1286 εἶ
84 1257 188 1296 ᾔδεσαν
209 1256 250 1286 ὅτι
270 1257 287 1292 ἡ
312 1256 387 1290 πόλις
412 1257 498 1286 αὐτῶν
524 1257 679 1294 ἁλώσεται,
705 1257 750 1286 καὶ
766 1257 848 1296 ξαύτοὶ

45 1301 265 1342 ἀπαχθήσονται,
279 1302 326 1330 οὐκ
343 1301 374 1330 ἂν
383 1301 566 1341 ἐσταύρωσαν.
581 1301 697 1343 «Κύριον
708 1301 735 1331 δὲ
748 1302 824 1339 δόξης
837 1316 848 1328 υ

46 1348 165 1376 ἐνταῦθα
191 1346 314 1385 ὠνόμασε
339 1346 382 1376 τὸν
408 1346 526 1386 Χριστόν
552 1359 558 1365 ·
586 1347 652 1376 διότι
679 1346 730 1387 γὰρ
760 1347 848 1382 ἀδοξία

46 1391 137 1422 ἐδόκει
156 1393 170 1420 ὁ
185 1391 296 1431 σταυρὸς
309 1413 317 1429 ,
334 1390 465 1421 δείκνυσιν
485 1391 524 1420 ὅτι
547 1392 619 1421 οὐδὲν
635 1392 671 1425 εἰς
687 1391 763 1426 δόξαν
784 1403 852 1432 παρ-

47 1435 158 1473 εϐλάϐη
176 1437 206 1466 lx
221 1438 266 1466 τοῦ
283 1438 411 1476 σταυροῦ,
434 1436 502 1466 ἀλλὰ
519 1438 621 1475 μᾶλλον
635 1436 682 1466 καὶ
702 1436 829 1473 ἐδοξάσθη
842 1460 849 1473 ,

44 1483 83 1514 ὥς
112 1482 144 1511 ἐκ
163 1481 255 1511 τούτου
281 1482 382 1519 μᾶλλον
405 1481 495 1521 φανεὶς
520 1481 715 1522 φιλάνθρωπος.
745 1483 850 1512 Οὐκοῦν

46 1528 71 1556 εἰ
87 1525 131 1565 μὴ
147 1525 282 1565 ἔγνωσαν,
307 1525 361 1556 ἔδει
385 1527 473 1561 αὐτοῖς
488 1527 617 1567 ἀφεθῆναι
636 1526 665 1556 τὸ
680 1526 849 1567 ἂμάρτημας

47 1571 125 1607 Ναὶ,
161 1571 183 1600 εἰ
220 1570 288 1610 μετὰ
314 1573 398 1601 ταῦτα
437 1572 588 1611 προσῆλθον
623 1571 850 1610 μετανοήσαντες,

900 990 1105 1027 cognovissent;
1127 989 1171 1018 illa
1196 989 1340 1024 nimirum,
1364 997 1425 1025 quae
1439 989 1517 1024 circa
1543 988 1589 1017 Dei
1607 989 1698 1017 incar-

900 1036 1056 1069 nationem,
1077 1043 1138 1072 quae
1160 1034 1230 1063 circa
1251 1042 1375 1068 crucem;
1401 1042 1463 1071 quae
1485 1033 1556 1062 circa
1574 1033 1698 1070 gentium

900 1080 1075 1109 vocationem
1097 1084 1124 1108 et
1143 1079 1413 1116 appropriationem;
1429 1087 1490 1116 qum
1504 1079 1575 1107 circa
1590 1086 1697 1115 regene~

901 1125 1047 1161 rationem,
1063 1129 1090 1153 et
1099 1125 1275 1161 adoptionem
1288 1125 1417 1161 regnique
1428 1124 1547 1153 ccclesiis
1558 1124 1701 1152 haeredita-

901 1175 969 1206 tem,
981 1174 1020 1204 et,
1028 1174 1059 1198 ut
1068 1178 1123 1199 uno
1132 1170 1214 1198 verbo
1221 1170 1320 1205 dicam,
1332 1178 1502 1207 quaecunque
1510 1177 1557 1206 per
1568 1169 1699 1206 Spiritum

902 1219 1028 1244 sanctum
1039 1215 1170 1252 apostolis
1180 1216 1296 1244 revelata
1306 1219 1378 1244 sunt.
1392 1215 1465 1252 Quin
1478 1215 1562 1243 etiam
1577 1215 1600 1243 si
1614 1215 1701 1251 ponti-

903 1260 969 1289 ﬁces
980 1259 1078 1289 urbem
1093 1268 1172 1289 suam
1183 1260 1357 1295 diruendam,
1367 1267 1450 1297 seque
1464 1259 1640 1288 abducendos
1653 1267 1700 1288 co-

903 1305 1067 1342 gnovissent,
1085 1305 1162 1334 illum
1183 1313 1240 1334 non
1260 1305 1468 1334 cruciﬁxissent.
1486 1305 1589 1334 Gloriae
1607 1309 1701 1334 autem

904 1351 1056 1379 Dominum
1071 1350 1116 1379 hic
1141 1350 1209 1379 dixit
1222 1350 1372 1380 Christum.
1388 1351 1458 1386 Quia
1473 1351 1547 1379 enim
1570 1358 1636 1379 crux
1651 1358 1701 1387 pro

904 1395 1015 1425 infamia
1038 1395 1203 1430 ducebatur,
1229 1395 1350 1424 ostendit
1374 1395 1446 1432 quod
1463 1395 1530 1424 nihil
1550 1395 1590 1423 illi
1607 1395 1703 1432 gloriae

905 1441 1074 1469 diminutum
1088 1444 1130 1469 est
1150 1448 1198 1477 per
1218 1448 1338 1472 crucem,
1360 1441 1425 1476 quin
1446 1441 1535 1476 potius
1549 1440 1623 1477 quod
1637 1439 1702 1468 inde

905 1485 1070 1522 gloriﬁcatus
1091 1489 1143 1520 est,
1169 1486 1270 1522 quippe
1286 1485 1331 1522 qui
1352 1493 1384 1514 ex
1399 1485 1451 1514 hoc
1465 1485 1594 1514 humanae
1610 1485 1705 1513 salutis

905 1530 1052 1559 studiosior
1079 1530 1216 1567 apparuit.
1245 1530 1272 1558 Si
1304 1530 1396 1566 itaque
1429 1538 1487 1558 non
1514 1530 1703 1567 cognoverint,

904 1570 996 1604 nonne
1011 1580 1155 1612 peceatum
1177 1575 1215 1604 eis
1233 1575 1337 1604 dimitti
1359 1575 1501 1612 oportuit?
1528 1575 1660 1610 Omnino,
1681 1575 1703 1603 si

45 1616 149 1657 ἀφείθη
171 1615 203 1645 ἂν
226 1616 328 1652 αὐτοῖς,
352 1615 444 1656 ὥσπερ
471 1617 515 1646 καὶ
533 1619 571 1657 τῷ
595 1617 713 1658 Παύλῳ,
736 1617 782 1647 καὶ
796 1621 851 1652 τοῖς
866 1624 914 1657 οι

937 1625 998 1649 ιςῐθθ
1020 1621 1210 1658 resipiscentes
1233 1620 1268 1649 ad
1294 1620 1435 1649 Christum
1457 1620 1644 1655 accessissent,
1664 1620 1703 1648 di-

45 1662 145 1695 ἄλλοις
161 1662 215 1695 τοῖς
230 1659 257 1695 ἐξ
272 1660 420 1701 Ἑϐραίων.

95 1720 109 1733 α
129 1705 213 1736 Ἀλλὰ
238 1705 327 1741 καθὼς
353 1706 514 1746 γέγραπται.
538 1720 551 1733 ι
567 1706 659 1737 Λείπει
677 1707 707 1737 τὸ
735 1706 826 1747 γέγονε
843 1718 849 1725 ·

44 1752 193 1792 πολλαχοῦ
214 1751 266 1791 γὰρ
288 1752 303 1780 ὁ
325 1751 482 1785 Ἀπόστολος
496 1753 535 1792 τῷ
553 1753 710 1793 ἐλλειπτικῷ
732 1752 854 1792 σχήματι

1 1807 5 1811 ‘
45 1797 98 1832 κέγ
105 1807 199 1832 ρηται.

80 1808 199 1872 ΑΞ
213 1841 313 1881 [vulg.
330 1851 389 1872 om.
407 1841 439 1881 ὃ]
455 1841 590 1882 ὀφθαλμὸς
603 1842 649 1871 οὐκ
664 1836 732 1878 εἶδε,
749 1841 796 1871 καὶ
809 1836 852 1875 οὖς

44 1889 98 1918 οὐκ
116 1886 236 1924 ἤκουσε,
256 1887 301 1916 καὶ
311 1886 355 1916 ἐπὶ
367 1886 479 1926 καρδίαν
496 1886 636 1927 ἀνθρώπου
653 1887 702 1916 οὐκ
724 1885 818 1925 ἀνέϐη,
836 1886 853 1917 ἃ

44 1932 202 1971 ἡτοίμασεν
217 1933 232 1961 ὃ
245 1931 314 1965 Θεὸς
325 1931 379 1965 τοῖς
394 1932 535 1971 ἀγαπῶσιν
547 1931 636 1963 αὐτόν.
653 1943 668 1960 ι
687 1931 723 1962 Τί
736 1931 764 1961 δὲ
778 1931 852 1967 ἡτοί-

46 1988 143 2017 μασεν
165 1979 180 2006 ὁ
201 1977 269 2011 Θεὸς
283 1980 336 2010 τοῖς
359 1977 499 2016 ἀγαπῶσιν
522 1977 616 2014 αὖτόν;
638 1976 696 2012 Τὴν
717 1978 762 2006 τοῦ
789 1977 855 2017 Χρι-

45 2025 120 2052 στοῦ
135 2023 248 2062 γνῶσιν,
270 2021 315 2051 καὶ
334 2021 382 2057 τὴν
405 2023 450 2057 τῆς
468 2022 694 2062 ἐνανϐρωπήσεως
709 2021 854 2062 σωτηρίαν.

45 2069 155 2098 Ταῦτα
173 2066 224 2106 γὰρ
237 2065 296 2096 οὔτε
307 2066 442 2107 ὀφθαλμὸς
456 2066 619 2106 ἀνθρώπινος
635 2061 715 2104 εἶδεν,
731 2061 791 2096 οὔτε
813 2063 856 2102 οὖς

46 2111 223 2153 ἀνθρώπινον
253 2112 332 2152 [οὐκ]
351 2111 475 2149 ἤκουσεν,
499 2111 558 2141 οὔτε
584 2111 681 2151 καρδία
702 2112 855 2153 ἀνθρωπίνη

46 2156 210 2197 ιλογίσατο.
229 2158 265 2187 Οἱ
279 2156 331 2198 γὰρ
349 2159 484 2197 προφῆται
505 2157 552 2186 οὖκ
567 2156 740 2197 ἀνθρωπίνοις
763 2158 860 2198 ὀφθαλ-

47 2206 118 2242 μοῖς
141 2200 269 2238 ἔϐλεπον,
289 2201 349 2232 οὐδὲ
376 2201 547 2242 ἀνθρωπίνοις
568 2201 632 2231 ὠσὶν
662 2201 778 2242 ἤκουον,
797 2202 855 2232 οὐδὲ

907 1666 1061 1694 mitteretur
1088 1666 1130 1700 iis,
1156 1665 1269 1702 perinde
1288 1673 1319 1694 ac
1340 1665 1424 1694 Paulo
1438 1665 1551 1702 aliisque
1571 1665 1704 1694 Hebraeis.

940 1711 1028 1739 Vens.
1049 1713 1076 1738 9.
1101 1721 1114 1736 ι
1139 1710 1193 1739 Sed
1216 1710 1453 1746 quemadmodum
1467 1710 1600 1747 scriptum
1615 1714 1664 1738 est.
1691 1721 1703 1734 ιι

906 1756 1001 1789 Deest,
1019 1755 1123 1783 factum
1139 1759 1189 1783 est.
1212 1756 1285 1783 Nam
1307 1755 1455 1791 Apostolus
1472 1755 1567 1784 multis
1589 1755 1619 1784 in
1639 1755 1707 1784 locis

907 1799 1034 1836 ellipseos
1045 1799 1131 1836 ﬁgura
1150 1807 1217 1828 usus
1230 1803 1280 1828 est.

946 1854 960 1871 ιι
978 1845 1046 1880 Qua:
1061 1844 1156 1873 oculus
1179 1852 1235 1872 non
1259 1844 1336 1878 vidit,
1360 1848 1387 1872 et
1406 1844 1481 1872 auris
1503 1852 1560 1873 non
1588 1844 1702 1877 audivit,

907 1889 972 1918 etin
984 1897 1032 1918 cor
1047 1889 1166 1918 hominis
1177 1897 1236 1917 non
1249 1888 1445 1923 ascenderunt,
1463 1897 1526 1925 qua:
1537 1889 1705 1925 praeparavit

908 1936 983 1963 Deus
1006 1934 1184 1971 diligentibus
1205 1941 1234 1962 se
1257 1939 1275 1961 ⁸.
1299 1944 1312 1959 ι
1329 1933 1400 1969 Quid
1419 1938 1513 1962 autem
1540 1934 1706 1969 praeparavit

908 1981 982 2008 Deus
991 1979 1167 2017 diligentibus
1179 1980 1226 2008 se?
1235 1978 1335 2008 Christi
1348 1979 1536 2015 cognitionem
1546 1986 1578 2007 ac
1589 1978 1706 2007 salutem

909 2033 955 2062 per
965 2025 1193 2054 incarnationem.
1206 2025 1272 2053 Hac
1281 2025 1356 2053 enim
1366 2032 1455 2061 neque
1466 2024 1604 2053 humanus
1611 2024 1708 2053 oculus

909 2070 985 2105 vidit,
1005 2078 1095 2107 neque
1109 2070 1191 2106 {auris
1212 2070 1330 2098 humana
1350 2070 1464 2104 audivit,
1476 2077 1574 2106 'neque
1593 2078 1642 2098 cor
1660 2070 1708 2099 ho-

909 2115 992 2144 nimis
1006 2115 1145 2152 cogitavit.
1164 2115 1244 2152 133
1258 2115 1405 2151 Propheta:
1419 2114 1494 2143 enim
1508 2122 1566 2142 non
1580 2114 1708 2143 humanis

909 2160 997 2188 oculis
1011 2160 1148 2195 viderunt,
1161 2168 1250 2196 neque
1264 2159 1390 2188 humanis
1405 2160 1515 2188 auribus
1528 2159 1705 2193 audiverunt,

911 2212 999 2241 neque
1027 2205 1148 2234 humano
1168 2205 1211 2233 usi
1226 2205 1364 2233 intellectu
1388 2204 1578 2233 intellexerunt
1591 2212 1622 2233 ea
1647 2212 1708 2241 qua:

46 2245 219 2298 ἀνρρωπίγῳ
230 2245 274 2298 vei:
282 2246 415 2298 χρώμενοι
426 2245 598 2298 σμνίεσαγιτὰ
608 2247 802 2298 περὶ-Χριστοῦ
819 2247 854 2298 εἶθ·
873 2266 899 2298 D

937 2257 949 2278 e
973 2249 1081 2278 Christo
1106 2249 1179 2278 dicta
1202 2254 1292 2283 erant;
1315 2249 1365 2278 sed
1391 2249 1485 2278 omnia
1516 2249 1605 2278 divina
1631 2254 1710 2277 erant

47 2291 131 2322 ἀλλὰ
151 2290 241 2320 πάντα
263 2293 320 2321 θεῖα
333 2287 366 2327 ἦν
382 2291 478 2326 αὐτοῖς.
499 2306 511 2318 ιι
538 2291 634 2332 Κύριος
648 2291 712 2332 γὰρ,
734 2304 748 2319 η
773 2291 855 2333 φησὶ,

48 2349 67 2366 α
88 2335 246 2376 προσέθηκέ
271 2348 315 2376 μοι
330 2335 422 2374 ὠτίον,
441 2350 454 2364 ι
471 2336 651 2375 πνευματικὸν
672 2336 772 2374 δηλαδή
786 2347 793 2355 ⁸
812 2337 858 2367 καὶ

45 2382 148 2413 τᾶλλα
160 2380 269 2420 ὁμοίως.
286 2381 367 2415 Τίνες
380 2380 408 2411 δέ
423 2383 489 2412 εἰσιν
505 2382 528 2412 οἱ
544 2383 699 2422 ἀγαπῶντες
712 2382 756 2412 τὸν
769 2381 858 2421 Θεόν,

43 2429 88 2458 Οἱ
103 2426 210 2457 πιστοί.
226 2426 281 2456 Ποῦ
298 2425 326 2455 δὲ
339 2425 491 2467 γέγραπται
512 2429 528 2463 ἢ
545 2429 643 2467 χρῆσις
658 2425 743 2464 eam;
770 2424 855 2461 Ἴσως

48 2473 108 2512 μὲν
133 2470 203 2505 εἰκὸς
224 2470 270 2501 καὶ
285 2471 376 2505 αὐταῖς
393 2471 478 2506 λέξεσι
494 2472 640 2512 γεγράφθαι
667 2470 750 2507 αὐτὴν
771 2471 857 2508 οὕτω,

48 2517 105 2547 καὶ
130 2520 175 2546 νῦν
201 2515 240 2555 μὴ
263 2515 430 2556 εὑρίσκεσθαι
454 2516 484 2546 τὸ
508 2516 611 2556 βιϐλίον
625 2528 632 2535 ⁸
655 2516 718 2550 ἴσως
743 2516 770 2546 δὲ
787 2517 832 2546 καὶ
846 2519 860 2547 ὁ

120 2561 214 2595 brato;
240 2562 348 2595 Παῦλος
382 2561 544 2603 μετέφρασεν
575 2562 602 2582 ³⁷
625 2562 662 2596 ιίς
689 2561 789 2599 ταύτην
813 2562 859 2599 τὸ,

96 2605 109 2620 ε
124 2603 180 2631 Isa.
194 2609 281 2637 Lxrv,
295 2605 324 2630 4.

914 2294 962 2323 eis.
976 2306 989 2319 ιι
1005 2294 1143 2323 Dominus
1153 2293 1238 2328 enim,
1250 2294 1348 2330 inquit,
1359 2294 1484 2330 apposuit
1497 2293 1564 2322 mihi
1577 2301 1682 2328 aurem,
1694 2306 1706 2318 ιι

913 2339 1081 2376 spiritualem
1102 2339 1237 2373 videlicet,
1251 2343 1279 2366 et
1292 2339 1343 2366 alia
1365 2338 1392 2367 id
1413 2346 1508 2375 genus.
1523 2339 1642 2374 Quinam
1657 2347 1709 2367 au-

913 2388 970 2413 tem
990 2389 1054 2414 sunt
1081 2384 1224 2421 diligentes
1254 2384 1367 2412 Deum?
1392 2383 1507 2412 Fideles.
1535 2384 1591 2412 Ubi
1619 2388 1711 2412 autem

914 2430 1046 2467 scriptum
1069 2433 1111 2458 est
1131 2429 1184 2457 hoc
1205 2428 1373 2457 oraculum?
1401 2428 1555 2457 Verisimile
1570 2433 1614 2457 est
1636 2428 1712 2457 hisce

914 2475 1004 2512 ipsum
1030 2474 1118 2504 verbis
1132 2473 1230 2503 alicubi
1245 2473 1340 2507 scribi,
1362 2473 1495 2509 hodieque
1517 2482 1574 2502 non
1598 2474 1711 2503 iuveniri

915 2520 1028 2549 librum.
1053 2519 1190 2548 Fortassis
1210 2523 1304 2548 autem
1324 2522 1350 2546 et
1372 2519 1590 2555 sapientissimus
1614 2519 1713 2547 Paulus

915 2564 1039 2601 bunciad
1052 2564 1168 2594 modum
1188 2564 1384 2600 interpretatus
1397 2568 1439 2593 est
1453 2563 1520 2593 illud
1538 2575 1544 2593 :
1571 2575 1584 2589 ι
1606 2563 1714 2601 Quibus

97 2682 121 2702 ³³
137 2682 165 2711 δὲ
187 2691 215 2712 o.
253 2681 275 2700 ³³
297 2681 419 2718 ἄρχοντας
437 2687 479 2710 τοῦ
503 2681 591 2715 αἰῶνος
614 2682 702 2710 τούτου
728 2638 859 2718 Ἦέἶῗόῗῗ
869 2637 1039 2709 κξιεὲῗὶῖἀῖἒν
1069 2682 1172 2715 νοήσεις,
1197 2682 1222 2708 οἳ
1245 2682 1274 2708 τὸ
1300 2681 1432 2717 μυστήριον
1454 2681 1499 2707 οὒκ
1519 2680 1620 2717 ᾔδεσαν,
1647 2679 1715 2706 ἀλλὰ

54 2725 106 2752 καὶ
129 2725 187 2755 τοὺς
209 2723 333 2760 ἀρχιερεῖς
355 2726 404 2751 τῶν
433 2723 571 2756 Ἰουδαίων,
599 2724 624 2750 οἳ
644 2723 700 2750 οὐδὲ
717 2722 788 2750 αὖτοὶ
807 2722 914 2759 ἔγνωσαι

945 2730 984 2751 m.
1014 2723 1154 2758 Principes
1180 2722 1276 2750 mundi
1294 2722 1374 2757 hujus
1394 2722 1512 2755 intellege
1533 2720 1665 2749 Herodem
1690 2723 1716 2748 et

53 2766 196 2797 Pilatum,
212 2765 259 2800 qui
276 2764 324 2792 hoc
342 2766 502 2800 mysterium
519 2766 698 2799 ignorarunt;
717 2772 748 2792 ac
767 2765 849 2792 etiam
863 2765 1002 2801 pontiﬁces
1017 2763 1185 2795 Judworum,
1202 2764 1329 2798 quoniam
1343 2764 1369 2790 et
1386 2763 1441 2797 ipsi
1453 2769 1506 2789 non
1528 2763 1714 2796 cognoverunt.

55 2806 84 2823 ³⁸
110 2805 131 2832 εἰ
154 2805 283 2841 ἔγνωσαν,
306 2805 380 2841 φησὶ,
406 2805 445 2831 ὅτι
465 2805 543 2836 οὕτως
558 2805 612 2841 ἔχει
637 2805 732 2841 λάμψαι
753 2805 767 2831 ὁ
792 2804 895 2840 σταυρὸς
921 2804 962 2830 καὶ
979 2804 1017 2830 ὅτι
1041 2805 1084 2837 τῆς
1109 2802 1252 2839 οἰκουμένης
1276 2802 1344 2829 ἔσται
1366 2802 1485 2838 σωτηρία.
1515 2801 1592 2828 Ἂλλὰ
1617 2802 1658 2828 καὶ
1679 2809 1717 2829 m.

54 2847 96 2876 Si
119 2847 326 2882 cognouissent,
369 2846 482 2881 inquit,
510 2847 621 2881 futurus
654 2848 685 2874 ut
720 2845 786 2875 adeo
809 2845 914 2882 splende

55 2887 87 2905 ³⁵
101 2885 166 2915 Θεοῦ
176 2897 204 2917 ο.
244 2886 266 2905 ³⁷
285 2885 315 2914 τὸ
331 2885 428 2922 βιϐλίον
446 2894 473 2916 ο.

937 2847 961 2873 et
992 2853 1060 2873 crux
1082 2845 1229 2880 mundique
1257 2844 1334 2872 salus
1369 2843 1501 2872 evaderet.
1529 2843 1601 2877 Quin
1633 2843 1719 2870 etiam

124 2888 166 2915 εοΰ
176 2897 204 2917 ο,
244 2887 266 2905 ⁸⁷
285 2887 315 2914 τὸ
331 2887 428 2917 βιὸλίον
446 2894 473 2916 ο.
