1881 3081
240 174 286 202 591
748 173 1004 202 THEOPHYLACTI
1023 171 1202 200 BULGARLE
1220 171 1376 200 ARCHIEP.
1810 174 1844 202 592

239 243 296 263 non
310 236 504 264 annuntiatum
521 239 564 263 est
576 235 610 263 de
631 243 675 268 eo,
689 235 820 264 videbunt
838 245 844 263 :
866 241 893 265 et
920 235 967 273 qui
981 243 1029 264 nor

1099 246 1114 264 (ι
1128 229 1178 268 Οἷς
1192 235 1240 265 οὖκ
1256 234 1389 274 ἀνηγγέλη
1404 233 1466 273 περὶ
1489 234 1585 271 αὖτοῦ,
1597 233 1703 275 ὄψονται
1715 247 1722 253 -
1733 234 1773 264 καὶ
1785 236 1844 266 oio}:

237 280 412 314 audiverunt,
426 281 586 316 intelligent.
601 292 613 305 υ

279 335 291 348 α
312 325 380 360 Qum
395 325 491 353 oculus
505 332 561 352 non
579 324 656 359 vidit,
671 329 698 353 et
713 326 787 354 auris
804 334 860 354 non
877 325 993 360 audivit,
1008 329 1036 353 et

236 368 265 396 in
283 376 331 396 cor
354 369 474 397 hominis
492 377 548 397 non
573 369 769 404 ascenderunt,
785 378 847 406 qua:
872 370 1037 406 praeparavit

236 415 312 441 Deus
327 412 504 449 diligentibus
527 422 564 443 se.
587 426 600 439 ι
622 415 691 449 Quae
712 417 785 443 Deus
809 415 972 451 preparavit
997 414 1036 442 eis

237 458 285 494 qui
309 458 399 493 ipsum
417 459 544 495 diligunt,
569 459 598 488 id
616 464 658 488 est
679 460 813 488 ﬁdelibus.
841 461 935 496 Neque
958 459 1034 487 enim

236 504 350 532 omnino
377 508 528 541 antequam
552 505 660 541 ﬁerent,
684 506 733 534 ulli
758 509 892 534 creature
916 505 971 533 visa
985 512 1035 532 ne-

236 556 289 584 que
308 549 443 578 intellecta
463 554 536 578 sunt.
561 551 694 586 Quamvis
714 551 788 579 enim
804 550 946 587 propheta:
960 550 1034 578 vide-

236 598 301 622 runt
314 598 341 622 et
365 595 528 624 audiverunt
542 600 570 624 et
585 596 780 625 intellexerunt
804 604 846 631 ea,
863 604 920 624 non
941 600 1032 623 tamen

235 639 323 667 oculis
348 644 377 667 et
395 640 507 668 auribus
534 645 560 668 et
582 641 710 669 cordibus
741 641 881 675 humanis,
905 640 951 669 sed
969 648 1031 676 pro-

235 683 348 719 pheticis
371 689 398 713 et
419 685 617 721 spiritualibus.
645 687 701 714 Ista
725 690 819 714 autem
839 689 917 714 erant
931 685 1032 721 agnitio

234 726 334 756 Christi
349 732 376 756 et
399 729 473 756 salus
487 737 534 765 per
553 729 770 758 incarnationem
786 730 855 766 ejus.
871 729 927 757 Ubi
940 733 1033 757 autem

237 770 282 799 hic
306 776 398 800 textus
414 774 552 808 scribitur,
581 782 638 802 non
659 775 806 811 reperitur,
823 782 855 802 ac
877 774 977 802 librum
1003 774 1035 802 il-

236 816 306 852 lum,
328 817 566 854 quemadmodum
599 819 702 847 multos
723 819 801 853 alios,
827 827 947 855 quorum
972 819 1032 847 libri

233 863 394 898 Regnorum
417 867 445 891 et
467 864 696 900 Paralipomenon
723 864 893 893 mentionem
915 864 1029 899 faciunt,

233 907 345 942 periisse
364 907 511 936 verisimile
544 913 595 937 est.
619 909 744 938 Fortasse
773 917 837 938 vero
861 909 1030 945 sapientiSSi-

232 959 294 980 mus
319 953 422 981 Paulus
439 953 475 981 ita
497 953 692 989 interpretatus
713 959 755 982 est
772 953 840 982 illud
860 963 867 982 :
886 966 899 978 α
925 954 1031 989 Quibus

231 1004 288 1024 nou
310 998 503 1026 annuntiatum
525 1003 568 1027 est
587 999 622 1027 de
641 1007 683 1034 eo,
706 999 846 1034 videbunt,
867 1003 895 1027 et
908 999 954 1035 qui
973 1007 1030 1027 non

231 1042 403 1077 audiverunt,
419 1042 569 1080 intelligent
583 1065 591 1072 .
608 1054 623 1071 ν

267 1134 353 1162 Vsus.
382 1137 428 1162 ιο.
462 1146 475 1159 ι
503 1134 590 1163 Nobis
613 1139 707 1163 autem
728 1134 857 1163 revelavit
882 1135 956 1162 Deus
983 1143 1032 1171 per

230 1177 362 1212 Spiritum
387 1186 478 1206 suum.
496 1190 509 1203 ν
532 1178 651 1207 Perinde
673 1186 706 1206 ac
723 1179 746 1207 si
762 1179 823 1215 quis
845 1178 931 1213 dicat,
954 1180 980 1207 Si
1002 1179 1030 1207 iu

229 1230 278 1250 cor
291 1222 413 1252 hominis
432 1232 488 1252 non
502 1224 634 1257 ascendit,
651 1223 792 1260 quomodo
809 1230 858 1251 vos
876 1222 1030 1251 didicistis?

229 1267 332 1302 subdit,
354 1269 429 1297 Deus
443 1269 574 1297 revelavit
597 1268 678 1296 nobis
694 1276 741 1304 per
755 1268 899 1304 Spiritum,
913 1275 970 1296 non
982 1275 1030 1304 per

228 1311 376 1341 humanam
399 1313 568 1349 sapientiam.
583 1314 646 1349 Ipsa
660 1313 734 1342 enim
751 1321 808 1341 non
824 1313 924 1349 potuit,
939 1320 1030 1348 neque

227 1356 308 1392 digna
336 1356 385 1386 fuit
412 1358 514 1392 videre,
549 1357 671 1394 adeoque
704 1364 853 1393 agnoscere
885 1356 936 1384 Dei
968 1363 1028 1392 my-

229 1401 321 1429 steria.

262 1448 355 1475 Vsus.
378 1450 421 1480 lo,
439 1450 482 1475 ιι.
500 1458 513 1472 σι
538 1446 655 1482 Spiritus
678 1446 754 1474 enim
773 1445 866 1473 omnia
880 1448 1027 1477 scrutatur,

226 1492 309 1520 etiam
324 1491 460 1527 profunda
477 1491 538 1519 Dei.
561 1491 629 1526 Quis
642 1491 716 1518 enim
739 1490 885 1518 hominum
899 1489 949 1517 scit
967 1496 1029 1525 quae

225 1541 291 1564 sunt
303 1536 432 1570 hominis,
451 1535 502 1563 nisi
522 1535 632 1571 spiritus
645 1535 766 1562 hominis
780 1536 826 1569 qui
846 1535 875 1562 in
890 1535 951 1570 ipso
967 1534 1028 1561 est?

229 1582 269 1608 Ita
282 1585 310 1607 et
328 1587 391 1616 quae
410 1580 459 1608 Dei
479 1569 553 1613 sunt,
577 1587 660 1608 nemo
682 1579 818 1615 cognovit,
842 1579 894 1607 nisi
904 1569 1029 1614 Spiritus
1044 1569 1067 1601 Ο

228 1626 289 1653 Dei.
314 1635 328 1651 ιι
353 1627 484 1658 Tantum,
507 1625 609 1660 inquit,
636 1625 798 1661 mysterium
819 1628 887 1657 erat,
907 1623 1028 1659 adeoque

227 1669 437 1704 absconditum,
462 1674 493 1698 ut
513 1677 570 1697 non
598 1669 768 1705 potuerimus
793 1669 828 1697 ab
839 1668 893 1697 alio
914 1669 1027 1700 discere,

226 1715 280 1743 nisi
294 1715 410 1751 Spiritus
437 1723 488 1742 nos
510 1714 666 1749 docuisset,
682 1715 730 1750 qui
751 1713 952 1750 profunditates
974 1714 1028 1741 Dei

227 1760 311 1788 novit.
326 1761 396 1788 Nam
418 1759 492 1796 quod
519 1760 566 1794 ait,
596 1771 609 1783 ι
621 1763 769 1793 scrutatur,
785 1771 797 1783 ιο
816 1766 873 1787 non
894 1763 936 1786 est
955 1759 1028 1787 indi-

225 1805 297 1833 cium
314 1805 487 1841 ignorantiae,
502 1810 633 1833 caeterum
645 1808 748 1833 exacta
762 1803 1027 1840 comprehensionis,

225 1849 463 1886 quemadmodum
477 1854 505 1878 et
524 1849 559 1878 de
575 1850 654 1878 Patre
673 1849 780 1878 dictum
795 1853 852 1883 est,
874 1860 887 1873 ι
903 1854 1028 1877 scrutans

225 1893 306 1921 corda
340 1913 348 1927 ,
372 1905 385 1917 ιι
417 1892 446 1921 id
477 1897 519 1920 est
552 1891 688 1928 profunda
715 1900 813 1920 eorum
848 1900 1025 1928 cognoscens.

224 1939 369 1971 Praeterea,
389 1945 439 1966 ceu
455 1937 593 1965 oblectuns
607 1945 636 1964 se
651 1936 809 1964 divinorum
830 1936 1027 1973 mysteriorum

223 1982 463 2017 contemplatione.
480 1981 533 2009 ista
547 1981 663 2008 scrutari
675 1981 784 2008 dicitur.
801 1981 928 2008 Ostendit
944 1988 1026 2017 porro

225 2034 273 2061 per
292 2027 448 2061 sequentia,
474 2030 599 2053 exactam
619 2024 736 2060 Spiritus
755 2025 950 2061 cognitionem.
986 2026 1027 2054 Ut

225 2071 297 2098 enim
317 2070 457 2098 humanus
484 2070 595 2105 spiritus
608 2069 684 2097 novit
700 2077 762 2104 qua:
774 2073 841 2096 sunt
862 2069 889 2096 in
902 2069 1025 2105 homine,

223 2115 263 2142 sic
277 2119 303 2142 et
318 2115 436 2151 Spiritus
457 2115 519 2148 Dei,
544 2122 606 2150 qua;
621 2118 686 2141 sunt
709 2113 771 2142 Dei.
791 2114 863 2142 Hinc
875 2119 968 2142 autem
985 2115 1026 2143 di-

224 2159 338 2193 scimus,
366 2159 440 2194 quod
466 2159 584 2195 Spiritus
609 2166 668 2186 non
701 2158 737 2186 sit
762 2158 875 2186 alterius
899 2159 1025 2187 essentia:

222 2213 236 2232 a
258 2207 347 2239 Patre,
367 2203 604 2241 quemadmodum
627 2202 748 2231 hominis
772 2211 829 2231 non
856 2209 899 2232 est
912 2204 1025 2233 diversa:

222 2250 256 2277 ab
271 2258 315 2278 eo.

258 2296 347 2322 Vsus.
365 2297 407 2322 10.
423 2304 438 2320 οι
455 2293 542 2322 Nobis
557 2297 651 2321 autem
666 2293 795 2322 revelavit
811 2294 887 2322 Deus
901 2302 950 2329 per
963 2294 1022 2329 Spi-

222 2338 306 2365 ritum
331 2345 422 2365 suum.
451 2349 464 2362 n
487 2337 603 2366 Perinde
629 2345 661 2366 ac
685 2338 708 2365 si
735 2338 798 2374 quis
813 2338 923 2371 diceret,
945 2338 975 2366 Si
994 2338 1022 2365 in

221 2390 268 2410 cor
282 2381 402 2410 hominis
422 2390 480 2410 non
503 2382 635 2415 ascendit,
650 2383 789 2419 quomodo
805 2391 854 2411 vos
868 2382 1020 2411 didicistis?

219 2427 256 2453 ait
271 2437 278 2454 :
298 2436 312 2451 (ι
325 2428 400 2454 Deus
413 2427 541 2455 revelavit
554 2427 634 2455 nobis
649 2435 696 2463 per
708 2427 852 2463 Spiritum,
870 2439 882 2452 ι
899 2435 956 2455 non
972 2435 1021 2463 per

220 2476 367 2499 externam
382 2472 557 2508 sapientiam.
576 2474 639 2511 Non
653 2473 743 2500 solum
758 2473 851 2508 itaque
875 2472 949 2509 quod
969 2480 1020 2501 nos

220 2517 271 2545 ista
296 2516 463 2553 didicimus,
483 2517 617 2546 honorem
646 2518 749 2546 indicat
773 2525 828 2553 quo
850 2525 901 2546 nos
924 2526 940 2546 ει
961 2520 1020 2547 Deo

219 2562 322 2599 dignati
336 2570 443 2597 sumus,
461 2567 489 2591 et
511 2563 586 2599 quod
600 2570 653 2590 una
669 2571 733 2590 cum
746 2561 847 2599 angelis
860 2561 1018 2596 didicimus,

217 2607 264 2636 sed
292 2613 319 2636 et
343 2608 410 2636 illud
431 2607 504 2644 quod
528 2609 616 2636 multo
635 2607 725 2644 majus
739 2611 791 2641 est,
805 2607 880 2644 quod
899 2615 948 2644 per
961 2608 1019 2644 Spi-

216 2653 302 2681 ritum
323 2657 451 2681 sanctum
473 2652 628 2681 didicimus.
654 2664 667 2677 ι
693 2653 741 2681 Ille
764 2653 849 2688 enim,
877 2665 890 2678 ι
919 2652 1018 2689 inquit,

251 2715 261 2733 ί
274 2717 327 2745 Isa.
344 2723 400 2749 ut,
415 2719 458 2744 15.
496 2716 590 2745 'lbid.
628 2713 642 2732 ¹¹
656 2716 728 2745 Psal.
745 2724 803 2751 vn,
819 2720 864 2745 lo.

1092 280 1224 316 ἀκηκόασι
1233 301 1242 316 ,
1259 279 1429 315 συνήσουσιν.
1448 292 1460 305 υ

1134 336 1148 353 ε
1163 324 1195 354 Ἃ
1218 326 1231 353 ὃ
1256 324 1390 364 ὀφθαλμὸς
1412 325 1458 353 οὐχ
1476 318 1546 359 εἶδε,
1571 323 1618 352 καὶ
1639 319 1681 357 οῦς
1698 325 1741 354 οὐκ
1762 324 1845 362 ἤκουσε,

1090 368 1136 398 καὶ
1151 369 1194 398 ἐπὶ
1209 369 1320 409 καρδίαν
1345 368 1483 408 ἀνθρώπου
1503 369 1552 398 οὐκ
1572 368 1652 405 ἀνέϐη
1665 392 1673 405 ,
1697 369 1713 398 ἃ
1732 370 1845 408 ἡτοίμασεν

1088 415 1102 442 ὁ
1118 415 1187 447 Θεὸς
1201 418 1254 447 τοῖς
1265 415 1404 452 ἀγαπῶσιν
1429 413 1518 443 αὐτόν.
1537 425 1552 442 υ
1570 429 1611 436 -
1628 424 1643 442 α
1656 413 1690 443 Ἃ
1707 414 1845 452 ἠτοίμασενό

1090 459 1158 492 Θεὸς
1172 462 1226 492 τοῖς
1248 460 1387 498 ἀγαπῶσιν
1410 458 1487 487 αὐτὸν
1498 479 1506 494 ,
1522 469 1537 487 ι)
1556 459 1676 489 τουτέστι
1692 463 1741 492 τοῖς
1760 464 1844 493 πιστοῖς.

1090 503 1162 533 Οὔτε
1177 503 1227 542 γὰρ
1243 504 1399 543 ὦράθησαν,
1414 501 1474 532 οὔτε
1495 502 1682 539 ἠκούσθησαν,
1695 503 1749 533 οὔτε
1764 505 1843 540 ἐνενοή-

1089 550 1172 584 θησαν
1187 546 1254 582 ὅλως
1270 547 1321 577 τινὶ
1343 550 1443 589 κτιστῷ
1454 571 1461 584 ,
1476 547 1528 589 προ
1543 550 1591 577 τοῦ
1606 550 1769 588 ἐνεργηθῆναι
1786 549 1843 579 αὐτά.

1090 592 1121 622 Εἰ
1143 593 1194 632 γὰρ
1217 593 1262 621 καὶ
1289 594 1312 622 οἱ
1336 587 1471 633 προφῆίιαι
1497 587 1583 629 εἶδον,
1673 592 1795 630 ἤκουσαν,
1815 594 1845 622 tui

1089 637 1263 673 ἐνινοήθησαν
1292 638 1353 676 περὶ
1385 638 1487 674 αὐτῶν,
1528 637 1588 666 ἀλλ’
1627 638 1675 667 οὔκ
1709 638 1846 677 ἀνθρωπίνοις

1088 682 1232 722 ὀφθαλμοῖς
1248 682 1295 711 καὶ
1309 681 1359 712 ὠσὶ
1379 682 1424 712 καὶ
1439 681 1560 724 καρδίαις
1570 705 1579 718 ,
1598 684 1760 724 προφητικοῖς
1777 682 1800 712 δὲ
1816 683 1846 711 καὶ

1088 693 1232 722 etpost/ty.th
1248 693 1295 711 και
1309 693 1359 712 ωσι
1379 693 1424 712 και
1439 694 1473 711 κα
1493 693 1560 715 οιαις
1570 705 1579 718 ,
1598 694 1760 724 προφητικοις
1777 693 1800 712 οε
1816 693 1845 711 χαι

1088 727 1287 764 πνευματικοῖς.
1307 729 1402 757 Ταῦτα
1428 727 1456 756 δὲ
1477 693 1545 763 gem;
1570 729 1587 762 ἡ
1609 730 1654 756 τοῦ
1671 728 1775 767 Χριστοῦ
1796 728 1845 766 γνῶ-

1089 783 1142 807 σις,
1157 771 1203 801 καὶ
1224 775 1240 808 ἡ
1256 771 1300 801 διὰ
1323 775 1371 807 ἧς
1394 771 1619 810 ἐνανθρωπήσεως
1636 771 1758 812 σωτηρία.
1773 773 1816 801 Ποῦ
1827 771 1844 800 δὲ

1087 816 1236 856 γέγραπται
1262 818 1279 852 ἡ
1304 818 1400 856 χρῆσις
1426 816 1511 855 αὕτη,
1534 818 1583 856 οὐχ
1605 816 1726 856 εὕρηται,
1749 816 1787 846 καὶ
1798 816 1846 848 εἰκὸς

1087 862 1263 902 διαφθαρῆναι
1288 861 1318 890 τὸ
1342 861 1443 901 βιϐλίον
1468 861 1570 899 ἐκεῖνο,
1591 861 1711 901 καθάπερ
1741 861 1781 891 καὶ
1798 862 1846 889 ἄλλα

1086 906 1173 935 πολλὰ
1190 901 1227 935 ὧν
1248 906 1276 935 αἱ
1298 905 1386 945 βίϐλοι
1404 907 1457 935 τῶν
1482 907 1625 945 βασιλειῶν
1649 907 1696 936 καὶ
1714 908 1760 936 τῶν
1780 906 1846 945 Παρα-

1084 950 1248 989 λειπομένων
1277 950 1438 989 μέμνηνται.
1461 947 1540 983 Ἴσως
1569 950 1595 979 δὲ
1621 951 1668 980 καὶ
1692 952 1706 980 ὃ
1727 952 1846 988 σοφ‹ἕ)τατος

1086 996 1192 1028 Παῦλος
1209 995 1372 1035 μετέφρασεν
1388 996 1424 1029 εἷς
1438 995 1536 1030 ταύτην
1557 994 1606 1032 τὸ,
1632 1009 1644 1022 ι
1659 991 1707 1029 Οἷς
1726 996 1767 1025 οὒκ
1785 996 1845 1033 ἀνηγ-

1084 1040 1148 1079 γέλη
1166 1041 1227 1079 περὶ
1241 1042 1337 1077 αὐτοῦ,
1353 1039 1463 1080 ὄψονται
1474 1052 1481 1059 ν
1497 1039 1542 1069 καὶ
1557 1039 1582 1069 οἳ
1598 1041 1648 1070 οὐκ
1666 1041 1795 1077 ἀκηκόασι,
1805 1051 1846 1068 συν-

1083 1084 1202 1120 ήσουσιν.
1219 1097 1234 1112 ι)
1252 1084 1263 1124 [
1280 1086 1355 1116 Cod.
1369 1086 1518 1116 Arundel.
1532 1086 1541 1123 Ῑ

1129 1141 1144 1159 ιι
1158 1129 1241 1167 Ἡμῖν
1257 1129 1284 1159 δὲ
1306 1132 1320 1158 ὃ
1339 1129 1409 1163 Θεὸς
1423 1130 1579 1169 ἆπεκάλυψε
1597 1129 1643 1159 διὰ
1661 1132 1706 1159 τοῦ
1722 1129 1847 1167 Πνεύματος

1085 1175 1173 1204 αὑτοῦ.
1190 1185 1204 1202 ι)
1222 1173 1332 1214 Ὠσπερ
1350 1174 1418 1207 τινὸς
1442 1175 1576 1210 εἰπόντος,
1598 1173 1642 1204 ὅτι
1659 1175 1692 1205 Εἰ
1709 1175 1750 1205 ἐπὶ
1763 1174 1846 1213 καρδίαν

1085 1218 1223 1258 ἀνθρώπου
1237 1220 1285 1248 οὐκ
1300 1219 1399 1255 ἀνέϐη,
1415 1221 1471 1252 πῶς
1487 1221 1562 1257 ὑμεῖς
1578 1219 1765 1258 μιμαθήκατες
1781 1218 1848 1259 φησὶν,

1084 1263 1123 1293 δἐι
1141 1275 1155 1292 (ι
1167 1263 1203 1294 Ὁ
1215 1263 1283 1296 Θεὸς
1301 1264 1470 1304 ἀπεκάλυψεν
1486 1266 1550 1302 ἡμῖν
1563 1263 1608 1293 διὰ
1624 1267 1669 1294 τοῦ
1683 1264 1845 1303 Hilarinum,»

1082 1309 1112 1337 οὖ
1135 1307 1168 1337 δι’
1187 1308 1351 1347 ἀνθρωπίνης
1369 1309 1470 1348 σοφίας.
1488 1309 1564 1345 Αὕτη
1589 1309 1643 1348 γὰρ
1656 1310 1703 1339 οὗκ
1717 1308 1819 1345 ἠδυνήθη
1830 1306 1847 1325 ³³

1085 1353 1147 1382 ἰδεῖν
1165 1355 1211 1383 τοῦ
1226 1353 1297 1383 Θεοῦ
1319 1353 1354 1382 τὰ
1369 1353 1515 1393 μυστήρια.

1125 1454 1141 1470 ι
1153 1443 1192 1473 Τὸ
1206 1443 1257 1483 γὰρ
1273 1445 1385 1485 Πνεῦμα
1407 1443 1497 1473 πάντα
1511 1445 1619 1485 ἐρευνᾷ,
1638 1445 1682 1474 καὶ
1696 1444 1728 1474 τὰ
1749 1443 1807 1483 βάθη
1818 1443 1847 1471 τοῦ

1083 1487 1161 1517 Θεοῦ.
1181 1488 1229 1522 Τίς
1251 1489 1302 1527 γὰρ
1317 1483 1385 1518 οἶδεν
1407 1488 1552 1527 ἀνθρώπων
1569 1483 1603 1519 τᾶ
1622 1491 1671 1518 τοῦ
1686 1489 1823 1526 ἀνθρώπω,
1836 1487 1849 1515 ti
1867 1512 1868 1523 ς

1083 1531 1121 1570 μὴ
1138 1531 1166 1561 τὸ
1181 1535 1286 1570 πνεῦμα
1308 1535 1354 1562 τοῦ
1377 1532 1517 1572 ἀνθρώπου
1537 1533 1568 1563 τὸ
1589 1535 1615 1562 ἐν
1635 1535 1722 1573 αὖτῷ;
1737 1532 1807 1563 Οὕτω
1819 1531 1848 1560 καὶ

1083 1576 1116 1604 τὰ
1139 1579 1184 1606 τοῦ
1209 1578 1279 1607 Θεοῦ
1305 1577 1389 1610 οὐδεὶς
1414 1573 1496 1614 οἶδεν,
1525 1579 1548 1606 εἰ
1574 1577 1612 1616 μὴ
1641 1579 1672 1608 τὸ
1694 1579 1796 1615 Πνεῦμα
1818 1577 1849 1604 τοῦ

1081 1621 1161 1650 Θεοῦ.
1174 1632 1189 1649 ι)
1208 1623 1339 1651 Τοσοῦτον
1352 1617 1397 1658 ἧν,
1413 1622 1477 1662 φησὶ
1490 1644 1498 1657 ,
1517 1622 1547 1651 τὸ
1560 1622 1722 1662 μυστήριον,
1736 1622 1777 1651 καὶ
1788 1619 1849 1650 οὕτως

1082 1666 1284 1704 ἀπεκέκρυπτο,
1309 1665 1378 1695 ὥστε
1394 1668 1442 1696 οὐκ
1460 1666 1492 1695 ἂν
1511 1667 1683 1705 ἠδυνήθημεν
1705 1667 1766 1696 αὐτὸ
1781 1667 1849 1704 μαθεῖν
1867 1665 1868 1687 ί

1082 1713 1145 1751 παρ’
1164 1711 1262 1748 ἄλλου,
1280 1712 1303 1740 εἰ
1319 1711 1357 1748 μὴ
1373 1711 1403 1740 τὸ
1418 1712 1531 1749 Πνεῦμα
1547 1711 1665 1746 ἐδίδαξεν
1681 1714 1769 1750 ἡμᾶς,
1782 1710 1807 1740 τὸ
1819 1708 1849 1738 καί

1081 1755 1114 1783 τὰ
1130 1755 1198 1794 βάθη
1210 1758 1255 1785 τοῦ
1268 1757 1341 1786 Θεοῦ
1354 1756 1542 1794 ἐπιστάμενον.
1559 1757 1599 1786 Τὸ
1608 1757 1663 1797 γὰρ
1673 1779 1682 1792 ,
1697 1767 1711 1786 ι
1724 1756 1832 1795 Ἐρευνᾷ,
1842 1766 1848 1778 ι

1081 1800 1129 1828 οὖκ
1163 1800 1268 1837 ἀγνοίας
1295 1801 1471 1836 ἐνδεικτικὸν,
1509 1801 1570 1831 ἀλλ’
1605 1801 1731 1841 ἀκριϐοῦς
1757 1799 1849 1832 καταλῆ

1081 1845 1151 1884 ψεως
1167 1856 1174 1862 ·
1194 1844 1284 1884 ὥσπερ
1299 1845 1344 1874 καὶ
1369 1845 1430 1884 περὶ
1452 1848 1498 1875 τοῦ
1519 1846 1628 1885 Πατρὸς
1656 1845 1758 1885 εἴρηται
1772 1856 1778 1863 ³
1803 1856 1816 1871 «ι
1828 1841 1850 1871 Ὁ

1082 1889 1192 1928 ἐρευνῶν
1211 1890 1258 1923 τὰς
1280 1890 1409 1929 καρδίας,
1429 1901 1443 1919 ι)
1467 1889 1526 1919 ἀντὶ
1540 1893 1585 1920 τοῦ
1597 1914 1606 1929 ,
1622 1893 1638 1921 ὁ
1659 1891 1692 1920 τὰ
1708 1891 1772 1930 βάθη
1786 1889 1851 1918 αὐτῶν

1081 1933 1167 1967 εἰδώς.
1187 1934 1241 1963 Καὶ
1267 1934 1354 1967 ἄλλως
1371 1935 1414 1971 δὲ,
1437 1936 1472 1968 ὥς
1495 1936 1629 1975 ἐντρυφῶν
1711 1934 1799 1974 θεωρία
1814 1933 1851 1962 τῶν

1083 1979 1234 2018 μυστηρίων
1262 1981 1307 2008 τοῦ
1328 1981 1415 2015 Θεοῦ,
1440 1980 1546 2020 ἔρευνᾷν
1572 1979 1681 2019 λέγεται
1706 1982 1793 2009 ταῦτα.
1809 1976 1851 2008 Διί-

1081 2034 1157 2052 κνυσι
1183 2023 1228 2052 καὶ
1251 2023 1294 2052 διὰ
1311 2025 1363 2052 τῶν
1387 2024 1412 2042 ³9
1435 2023 1494 2060 ἑξῆς
1518 2025 1567 2060 τὴν
1584 2025 1686 2064 ἀκριϐῆ
1710 2025 1798 2064 γνῶσιν
1819 2022 1851 2064 ςθῧ

1082 2067 1249 2105 Πνεύματος.
1266 2068 1375 2107 Ὥσπερ
1395 2069 1446 2108 γὰρ
1460 2068 1491 2097 τὸ
1514 2061 1679 2109 ἀνθρώπινον
1703 2061 1800 2106 πνεῦμα
1813 2061 1851 2095 οἶδα

1079 2111 1112 2140 τὰ
1128 2113 1154 2141 ἐν
1181 2114 1218 2152 τῷ
1242 2113 1390 2152 ἀνθρώπῳ·
1414 2112 1499 2150 οὕτω,
1528 2113 1612 2153 φησὶ,
1640 2114 1686 2144 καὶ
1707 2114 1736 2143 τὸ
1763 2113 1850 2147 Πνεῦμα

1080 2160 1124 2186 τοῦ
1139 2158 1230 2195 Θεοῦ,
1250 2156 1284 2186 τὰ
1307 2161 1352 2187 τοῦ
1381 2160 1463 2189 Θεοῦ.
1492 2158 1672 2198 Μανθάνομεν
1697 2159 1723 2188 δὲ
1744 2158 1850 2190 ἐντεῦθεν,

1080 2200 1119 2230 ὅτι
1135 2202 1186 2241 οὐχ
1202 2202 1293 2241 ἑτέρας
1305 2203 1396 2235 οὐσίας
1416 2203 1446 2232 τὸ
1469 2204 1582 2240 Πνεῦμα
1604 2203 1681 2244 παρὰ
1695 2203 1737 2232 τὸν
1753 2200 1850 2240 Πατέρα.

1077 2245 1168 2285 ὥσπερ
1184 2247 1242 2275 οὐδὲ
1254 2247 1284 2276 τὸ
1294 2250 1339 2276 τοῦ
1352 2247 1492 2287 ἀνθρώπου
1505 2247 1596 2287 ἑτέρας
1606 2248 1674 2288 παρ’
1690 2247 1774 2277 αὐτόν.

1121 2301 1136 2319 α
1149 2290 1235 2325 Ἡμῖν
1250 2291 1278 2320 δὲ
1294 2293 1308 2320 ὁ
1322 2292 1390 2326 Θεὸς
1412 2293 1568 2332 imitandis
1589 2293 1634 2321 διὰ
1650 2295 1696 2322 τοῦ
1718 2290 1850 2329 Ιίνεύματος

1076 2335 1168 2366 αὐτοῦ.
1187 2348 1201 2363 ι
1217 2335 1322 2374 Ὥσπερ
1342 2337 1409 2370 τινὸς
1429 2336 1560 2373 εἰπόντος,
1584 2337 1624 2367 ὅτι
1643 2339 1678 2368 Εἰ
1698 2337 1742 2366 ἐπὶ
1761 2333 1850 2374 καρδίαν

1075 2379 1213 2420 ἀνθρώπου
1239 2382 1285 2410 οὐκ
1308 2381 1404 2417 ἀνέϐη,
1426 2384 1483 2414 πῶς
1507 2384 1582 2420 ὑμεῖς
1602 2382 1790 2420 μεμαθήκατις
1814 2389 1850 2418 φη-

1075 2426 1133 2464 σὶν,
1148 2424 1188 2454 ὅτι
1209 2436 1223 2454 ιι
1236 2425 1272 2455 Ὁ
1286 2425 1353 2458 Θεὸς
1367 2426 1537 2466 ἀπεκάλυψεν
1560 2427 1625 2465 ἡμῖν
1634 2449 1644 2463 ,
1660 2427 1705 2456 διὰ
1720 2428 1764 2456 τοῦ
1781 2422 1849 2454 nmi-

1074 2482 1171 2508 ματος.
1188 2482 1202 2499 ³
1219 2471 1248 2499 οὗ
1266 2471 1308 2499 διὰ
1324 2473 1370 2506 τῆς
1392 2471 1483 2505 ἔξωθεν
1504 2472 1607 2512 σοφίας.
1630 2474 1673 2501 Οὐ
1689 2471 1766 2509 μόνον
1781 2468 1850 2498 τοίνυν

1073 2514 1103 2543 τὸ
1126 2517 1218 2553 μαθεῖν
1244 2516 1316 2552 ἡμᾶς
1337 2517 1424 2544 ταῦτα
1449 2516 1566 2545 δείκνυσι
1593 2516 1641 2552 τὴν
1669 2517 1705 2549 εἷς
1734 2518 1800 2554 ἡμᾶς
1822 2523 1851 2540 τι·

1075 2558 1126 2598 μὴν
1142 2562 1186 2588 τσῦ
1213 2562 1297 2596 Θεοῦ,
1319 2560 1364 2589 καὶ
1383 2561 1413 2589 τὸ
1439 2560 1498 2598 μετ’
1524 2561 1642 2599 ἀγγέλων
1669 2563 1778 2599 μαθεῖν,
1798 2555 1850 2586 ἀλλᾶ

1074 2606 1165 2644 πολλῷ
1181 2605 1286 2641 πλεῖον,
1311 2603 1340 2634 τὸ
1356 2603 1400 2633 διὰ
1422 2608 1469 2634 τοῦ
1492 2604 1570 2645 ἁγίου
1594 2604 1751 2644 Πνεύματος
1765 2601 1850 2642 μαθεῖν.

1079 2660 1093 2678 (ι
1107 2649 1225 2683 Ἐκεῖνος
1242 2662 1255 2677 ι
1272 2649 1335 2690 γὰρ,
1349 2649 1446 2690 φησὶν,
1466 2661 1483 2680 σ
1497 2649 1624 2690 ὁδηγήσει
1638 2651 1710 2688 ὑμᾶς
1725 2650 1760 2683 ιές
1778 2651 1849 2677 πᾶσαν

909 2766 1007 2797 Varie
1028 2767 1179 2798 lectiones.

248 2819 271 2837 ³⁸
282 2819 374 2854 ἠξιώθη
385 2828 413 2849 ο,
451 2819 474 2837 ³⁸
487 2821 578 2848 τούτων
589 2829 616 2850 0.
