  <div class='ocr_page' id='page_1' title='image "/cluster/home/n/w/nwhite01/storage/ocr_20150623/124/njp.32101010942728/420.png"; bbox 0 0 1881 3081; ppageno 0'>
   <div class='ocr_carea' id='block_1_1' title="bbox 56 187 110 215">
    <p class='ocr_par' dir='ltr' id='par_1_1' title="bbox 56 187 110 215">
     <span class='ocr_line' id='line_1_1' title="bbox 56 187 110 215; baseline 0.019 -1"><span class='ocrx_word' id='word_1_1' title='bbox 56 187 110 215; x_wconf 83' lang='lat'><strong>593</strong></span> 
     </span>
    </p>
   </div>
   <div class='ocr_carea' id='block_1_2' title="bbox 517 185 1262 217">
    <p class='ocr_par' dir='ltr' id='par_1_2' title="bbox 517 185 1262 217">
     <span class='ocr_line' id='line_1_2' title="bbox 517 185 1262 217; baseline 0.003 -3"><span class='ocrx_word' id='word_1_2' title='bbox 517 186 692 215; x_wconf 77' lang='lat' dir='ltr'><strong>EXPOSITIO</strong></span> <span class='ocrx_word' id='word_1_3' title='bbox 713 186 744 214; x_wconf 85' lang='lat' dir='ltr'><strong>IN</strong></span> <span class='ocrx_word' id='word_1_4' title='bbox 765 186 867 214; x_wconf 83' lang='lat' dir='ltr'><strong>EPIST.</strong></span> <span class='ocrx_word' id='word_1_5' title='bbox 888 185 898 213; x_wconf 92' lang='grc' dir='ltr'><strong>Ι</strong></span> <span class='ocrx_word' id='word_1_6' title='bbox 916 186 962 213; x_wconf 80' lang='grc' dir='ltr'><strong>ΑΒ</strong></span> <span class='ocrx_word' id='word_1_7' title='bbox 980 186 1058 215; x_wconf 81' lang='lat' dir='ltr'><strong>COR.</strong></span> <span class='ocrx_word' id='word_1_8' title='bbox 1079 201 1114 208; x_wconf 90' lang='lat'><strong>—</strong></span> <span class='ocrx_word' id='word_1_9' title='bbox 1133 188 1207 216; x_wconf 76' lang='lat' dir='ltr'><strong>CAP.</strong></span> <span class='ocrx_word' id='word_1_10' title='bbox 1230 190 1262 217; x_wconf 90' lang='lat' dir='ltr'><strong>ll.</strong></span> 
     </span>
    </p>
   </div>
   <div class='ocr_carea' id='block_1_3' title="bbox 1659 194 1711 221">
    <p class='ocr_par' dir='ltr' id='par_1_3' title="bbox 1659 194 1711 221">
     <span class='ocr_line' id='line_1_3' title="bbox 1659 194 1711 221; baseline 0 0"><span class='ocrx_word' id='word_1_11' title='bbox 1659 194 1711 221; x_wconf 75' lang='grc'><strong>594</strong></span> 
     </span>
    </p>
   </div>
   <div class='ocr_carea' id='block_1_4' title="bbox 57 244 912 289">
    <p class='ocr_par' dir='ltr' id='par_1_4' title="bbox 57 244 902 289">
     <span class='ocr_line' id='line_1_4' title="bbox 57 244 902 289; baseline 0 -11"><span class='ocrx_word' id='word_1_12' title='bbox 57 249 107 285; x_wconf 81' lang='grc' dir='ltr'><strong>τὴν</strong></span> <span class='ocrx_word' id='word_1_13' title='bbox 133 249 272 284; x_wconf 79' lang='grc' dir='ltr'>ἀλήθειαν.</span> <span class='ocrx_word' id='word_1_14' title='bbox 295 262 310 278; x_wconf 76' lang='grc' dir='ltr'>ι</span> <span class='ocrx_word' id='word_1_15' title='bbox 339 244 428 286; x_wconf 71' lang='grc' dir='ltr'>Εἶτα,</span> <span class='ocrx_word' id='word_1_16' title='bbox 461 249 585 279; x_wconf 77' lang='grc' dir='ltr'><strong>δεικνύων</strong></span> <span class='ocrx_word' id='word_1_17' title='bbox 612 249 653 280; x_wconf 76' lang='grc' dir='ltr'>ὅτι</span> <span class='ocrx_word' id='word_1_18' title='bbox 679 250 742 289; x_wconf 85' lang='grc' dir='ltr'>παρ’</span> <span class='ocrx_word' id='word_1_19' title='bbox 771 250 857 288; x_wconf 69' lang='grc' dir='ltr'>ἑαυτῷ</span> <span class='ocrx_word' id='word_1_20' title='bbox 874 249 902 283; x_wconf 76' lang='grc' dir='ltr'>Α</span> 
     </span>
    </p>
   </div>
   <div class='ocr_carea' id='block_1_5' title="bbox 947 244 1709 289">
    <p class='ocr_par' dir='ltr' id='par_1_5' title="bbox 951 250 1709 289">
     <span class='ocr_line' id='line_1_5' title="bbox 951 250 1709 289; baseline 0.009 -11"><span class='ocrx_word' id='word_1_21' title='bbox 951 250 1034 279; x_wconf 81' lang='lat' dir='ltr'><strong>ducet</strong></span> <span class='ocrx_word' id='word_1_22' title='bbox 1048 258 1096 278; x_wconf 87' lang='lat' dir='ltr'><strong>vos</strong></span> <span class='ocrx_word' id='word_1_23' title='bbox 1117 251 1144 278; x_wconf 92' lang='lat' dir='ltr'><strong>in</strong></span> <span class='ocrx_word' id='word_1_24' title='bbox 1159 259 1272 280; x_wconf 89' lang='lat' dir='ltr'><strong>omnem</strong></span> <span class='ocrx_word' id='word_1_25' title='bbox 1286 252 1440 281; x_wconf 72' lang='lat' dir='ltr'><strong>veritatem.</strong></span> <span class='ocrx_word' id='word_1_26' title='bbox 1459 263 1472 277; x_wconf 79' lang='grc' dir='ltr'><strong>ιι</strong></span> <span class='ocrx_word' id='word_1_27' title='bbox 1486 253 1601 289; x_wconf 79' lang='lat' dir='ltr'><strong>Deinde,</strong></span> <span class='ocrx_word' id='word_1_28' title='bbox 1614 260 1709 285; x_wconf 86' lang='lat' dir='ltr'><strong>osten-</strong></span> 
     </span>
    </p>
   </div>
   <div class='ocr_carea' id='block_1_6' title="bbox 56 289 858 335">
    <p class='ocr_par' dir='ltr' id='par_1_6' title="bbox 56 289 858 335">
     <span class='ocr_line' id='line_1_6' title="bbox 56 289 858 335; baseline 0.001 -12"><span class='ocrx_word' id='word_1_29' title='bbox 56 297 145 324; x_wconf 83' lang='grc' dir='ltr'>ταῦτα</span> <span class='ocrx_word' id='word_1_30' title='bbox 171 289 241 335; x_wconf 79' lang='grc' dir='ltr'>εἶχεν</span> <span class='ocrx_word' id='word_1_31' title='bbox 268 296 282 324; x_wconf 83' lang='grc' dir='ltr'>ὁ</span> <span class='ocrx_word' id='word_1_32' title='bbox 309 294 392 330; x_wconf 81' lang='grc' dir='ltr'>Θεὸς,</span> <span class='ocrx_word' id='word_1_33' title='bbox 424 294 470 324; x_wconf 80' lang='grc' dir='ltr'>καὶ</span> <span class='ocrx_word' id='word_1_34' title='bbox 503 293 586 328; x_wconf 80' lang='grc' dir='ltr'>οὐδεὶς</span> <span class='ocrx_word' id='word_1_35' title='bbox 610 295 696 334; x_wconf 75' lang='grc' dir='ltr'>ἔτερος</span> <span class='ocrx_word' id='word_1_36' title='bbox 714 295 858 333; x_wconf 69' lang='grc' dir='ltr'>ἐγίνωσκε,</span> 
     </span>
    </p>
   </div>
   <div class='ocr_carea' id='block_1_7' title="bbox 56 349 151 379">
    <p class='ocr_par' dir='ltr' id='par_1_7' title="bbox 56 349 151 379">
     <span class='ocr_line' id='line_1_7' title="bbox 56 349 151 379; baseline 0 -11"><span class='ocrx_word' id='word_1_37' title='bbox 56 350 126 379; x_wconf 83' lang='grc' dir='ltr'>φησι</span> <span class='ocrx_word' id='word_1_38' title='bbox 143 349 151 356; x_wconf 85' lang='grc'><strong>“</strong></span> 
     </span>
    </p>
   </div>
   <div class='ocr_carea' id='block_1_8' title="bbox 102 384 858 425">
    <p class='ocr_par' dir='ltr' id='par_1_8' title="bbox 102 384 858 425">
     <span class='ocr_line' id='line_1_8' title="bbox 102 384 858 425; baseline -0.001 -11"><span class='ocrx_word' id='word_1_39' title='bbox 102 395 119 413; x_wconf 76' lang='grc' dir='ltr'><strong>α</strong></span> <span class='ocrx_word' id='word_1_40' title='bbox 133 384 175 415; x_wconf 85' lang='grc' dir='ltr'><strong>Τὸ</strong></span> <span class='ocrx_word' id='word_1_41' title='bbox 189 384 241 425; x_wconf 83' lang='grc' dir='ltr'><strong>γὰρ</strong></span> <span class='ocrx_word' id='word_1_42' title='bbox 256 385 370 421; x_wconf 86' lang='grc' dir='ltr'>Πνεῦμα</span> <span class='ocrx_word' id='word_1_43' title='bbox 385 384 474 414; x_wconf 77' lang='grc' dir='ltr'>πάντα</span> <span class='ocrx_word' id='word_1_44' title='bbox 489 386 599 425; x_wconf 73' lang='grc' dir='ltr'>ἐρευνᾷ,</span> <span class='ocrx_word' id='word_1_45' title='bbox 614 384 660 414; x_wconf 77' lang='grc' dir='ltr'><strong>καὶ</strong></span> <span class='ocrx_word' id='word_1_46' title='bbox 680 384 714 413; x_wconf 82' lang='grc' dir='ltr'><strong>τὰ</strong></span> <span class='ocrx_word' id='word_1_47' title='bbox 728 384 797 423; x_wconf 84' lang='grc' dir='ltr'>βάθη</span> <span class='ocrx_word' id='word_1_48' title='bbox 814 386 858 413; x_wconf 86' lang='grc' dir='ltr'><strong>τοῦ</strong></span> 
     </span>
    </p>
   </div>
   <div class='ocr_carea' id='block_1_9' title="bbox 56 428 857 470">
    <p class='ocr_par' dir='ltr' id='par_1_9' title="bbox 56 428 857 470">
     <span class='ocr_line' id='line_1_9' title="bbox 56 428 857 470; baseline -0.001 -10"><span class='ocrx_word' id='word_1_49' title='bbox 56 430 142 460; x_wconf 75' lang='grc' dir='ltr'>Θεοῦ.</span> <span class='ocrx_word' id='word_1_50' title='bbox 157 441 172 458; x_wconf 79' lang='grc' dir='ltr'>ι)</span> <span class='ocrx_word' id='word_1_51' title='bbox 193 428 324 470; x_wconf 77' lang='grc' dir='ltr'>Ἐρευνᾷν</span> <span class='ocrx_word' id='word_1_52' title='bbox 348 430 462 460; x_wconf 78' lang='grc' dir='ltr'>ἐνταῦθα</span> <span class='ocrx_word' id='word_1_53' title='bbox 489 431 537 466; x_wconf 79' lang='grc' dir='ltr'><strong>τὴν</strong></span> <span class='ocrx_word' id='word_1_54' title='bbox 562 429 781 470; x_wconf 72' lang='grc' dir='ltr'>ἀκριϐῆ¹γνῶσιν</span> <span class='ocrx_word' id='word_1_55' title='bbox 799 430 857 459; x_wconf 81' lang='grc' dir='ltr'>ὀνο-</span> 
     </span>
    </p>
   </div>
   <div class='ocr_carea' id='block_1_10' title="bbox 56 473 858 516">
    <p class='ocr_par' dir='ltr' id='par_1_10' title="bbox 56 473 858 516">
     <span class='ocr_line' id='line_1_10' title="bbox 56 473 858 516; baseline 0.001 -13"><span class='ocrx_word' id='word_1_56' title='bbox 56 474 154 512; x_wconf 73' lang='grc' dir='ltr'>μάζει,</span> <span class='ocrx_word' id='word_1_57' title='bbox 183 474 275 514; x_wconf 74' lang='grc' dir='ltr'>ὥσπερ</span> <span class='ocrx_word' id='word_1_58' title='bbox 300 475 345 504; x_wconf 83' lang='grc' dir='ltr'><strong>καὶ</strong></span> <span class='ocrx_word' id='word_1_59' title='bbox 371 474 416 504; x_wconf 78' lang='grc' dir='ltr'><strong>ἐπὶ</strong></span> <span class='ocrx_word' id='word_1_60' title='bbox 444 477 490 504; x_wconf 88' lang='grc' dir='ltr'><strong>τοῦ</strong></span> <span class='ocrx_word' id='word_1_61' title='bbox 519 475 590 505; x_wconf 78' lang='grc' dir='ltr'>Θεοῦ</span> <span class='ocrx_word' id='word_1_62' title='bbox 616 485 716 516; x_wconf 86' lang='grc' dir='ltr'>φησιν·</span> <span class='ocrx_word' id='word_1_63' title='bbox 744 486 759 502; x_wconf 79' lang='grc' dir='ltr'><strong>α</strong></span> <span class='ocrx_word' id='word_1_64' title='bbox 780 473 814 505; x_wconf 89' lang='grc' dir='ltr'>Ὁ</span> <span class='ocrx_word' id='word_1_65' title='bbox 832 474 858 504; x_wconf 88' lang='grc' dir='ltr'>δὲ</span> 
     </span>
    </p>
   </div>
   <div class='ocr_carea' id='block_1_11' title="bbox 54 518 858 559">
    <p class='ocr_par' dir='ltr' id='par_1_11' title="bbox 54 518 858 559">
     <span class='ocr_line' id='line_1_11' title="bbox 54 518 858 559; baseline 0 -11"><span class='ocrx_word' id='word_1_66' title='bbox 54 520 171 559; x_wconf 73' lang='grc' dir='ltr'>ἐρευνῶν</span> <span class='ocrx_word' id='word_1_67' title='bbox 197 519 244 553; x_wconf 82' lang='grc' dir='ltr'><strong>τὰς</strong></span> <span class='ocrx_word' id='word_1_68' title='bbox 270 518 399 559; x_wconf 75' lang='grc' dir='ltr'><strong>καρδίας,</strong></span> <span class='ocrx_word' id='word_1_69' title='bbox 425 530 440 548; x_wconf 70' lang='grc' dir='ltr'><strong>υ</strong></span> <span class='ocrx_word' id='word_1_70' title='bbox 466 520 524 549; x_wconf 76' lang='grc' dir='ltr'>ἀντὶ</span> <span class='ocrx_word' id='word_1_71' title='bbox 547 522 609 555; x_wconf 89' lang='grc' dir='ltr'>τοῦ,</span> <span class='ocrx_word' id='word_1_72' title='bbox 637 521 650 548; x_wconf 84' lang='grc' dir='ltr'><strong>δ</strong></span> <span class='ocrx_word' id='word_1_73' title='bbox 680 519 749 559; x_wconf 79' lang='grc' dir='ltr'>βάθη</span> <span class='ocrx_word' id='word_1_74' title='bbox 771 520 858 548; x_wconf 83' lang='grc' dir='ltr'>αὐτῶν</span> 
     </span>
    </p>
   </div>
   <div class='ocr_carea' id='block_1_12' title="bbox 54 563 857 602">
    <p class='ocr_par' dir='ltr' id='par_1_12' title="bbox 54 563 857 602">
     <span class='ocr_line' id='line_1_12' title="bbox 54 563 857 602; baseline 0 -9"><span class='ocrx_word' id='word_1_75' title='bbox 54 564 144 598; x_wconf 78' lang='grc' dir='ltr'>εἰδώς.</span> <span class='ocrx_word' id='word_1_76' title='bbox 172 564 257 595; x_wconf 75' lang='grc' dir='ltr'>Οὐδὲν</span> <span class='ocrx_word' id='word_1_77' title='bbox 278 564 386 602; x_wconf 81' lang='grc' dir='ltr'>καινὸν,</span> <span class='ocrx_word' id='word_1_78' title='bbox 403 565 426 593; x_wconf 80' lang='grc' dir='ltr'>εἰ</span> <span class='ocrx_word' id='word_1_79' title='bbox 441 564 484 594; x_wconf 83' lang='grc' dir='ltr'><strong>διὰ</strong></span> <span class='ocrx_word' id='word_1_80' title='bbox 506 567 552 594; x_wconf 87' lang='grc' dir='ltr'><strong>τοῦ</strong></span> <span class='ocrx_word' id='word_1_81' title='bbox 578 563 733 601; x_wconf 81' lang='grc' dir='ltr'>Πνεύματος</span> <span class='ocrx_word' id='word_1_82' title='bbox 755 566 857 594; x_wconf 75' lang='grc' dir='ltr'>ἀπεκα-</span> 
     </span>
    </p>
   </div>
   <div class='ocr_carea' id='block_1_13' title="bbox 52 608 858 649">
    <p class='ocr_par' dir='ltr' id='par_1_13' title="bbox 52 608 858 649">
     <span class='ocr_line' id='line_1_13' title="bbox 52 608 858 649; baseline 0.001 -12"><span class='ocrx_word' id='word_1_83' title='bbox 52 608 145 649; x_wconf 81' lang='grc' dir='ltr'>λύφθη</span> <span class='ocrx_word' id='word_1_84' title='bbox 161 611 226 647; x_wconf 85' lang='grc' dir='ltr'>ἡμῖν</span> <span class='ocrx_word' id='word_1_85' title='bbox 245 608 279 638; x_wconf 76' lang='grc' dir='ltr'>τὰ</span> <span class='ocrx_word' id='word_1_86' title='bbox 292 609 438 649; x_wconf 74' lang='grc' dir='ltr'>μυστήρια</span> <span class='ocrx_word' id='word_1_87' title='bbox 463 611 509 639; x_wconf 89' lang='grc' dir='ltr'><strong>τοῦ</strong></span> <span class='ocrx_word' id='word_1_88' title='bbox 524 609 604 640; x_wconf 85' lang='grc' dir='ltr'>Θεοῦ.</span> <span class='ocrx_word' id='word_1_89' title='bbox 623 609 663 639; x_wconf 84' lang='grc' dir='ltr'>Τὸ</span> <span class='ocrx_word' id='word_1_90' title='bbox 677 608 728 648; x_wconf 78' lang='grc' dir='ltr'><strong>γὰρ</strong></span> <span class='ocrx_word' id='word_1_91' title='bbox 746 609 858 646; x_wconf 85' lang='grc' dir='ltr'>Πνεῦμα</span> 
     </span>
    </p>
   </div>
   <div class='ocr_carea' id='block_1_14' title="bbox 51 648 858 694">
    <p class='ocr_par' dir='ltr' id='par_1_14' title="bbox 51 648 858 694">
     <span class='ocr_line' id='line_1_14' title="bbox 51 648 858 694; baseline 0.001 -12"><span class='ocrx_word' id='word_1_92' title='bbox 51 648 196 694; x_wconf 61' lang='grc' dir='ltr'>ὁμοοῦσιον</span> <span class='ocrx_word' id='word_1_93' title='bbox 223 654 269 683; x_wconf 82' lang='grc' dir='ltr'><strong>καὶ</strong></span> <span class='ocrx_word' id='word_1_94' title='bbox 288 648 350 683; x_wconf 73' lang='grc' dir='ltr'><strong>¹ἴσον</strong></span> <span class='ocrx_word' id='word_1_95' title='bbox 368 653 398 683; x_wconf 91' lang='grc' dir='ltr'><strong>ὂν</strong></span> <span class='ocrx_word' id='word_1_96' title='bbox 413 655 452 694; x_wconf 79' lang='grc' dir='ltr'><strong>τῷ</strong></span> <span class='ocrx_word' id='word_1_97' title='bbox 466 654 529 693; x_wconf 80' lang='grc' dir='ltr'><strong>Θεῷ</strong></span> <span class='ocrx_word' id='word_1_98' title='bbox 552 654 598 684; x_wconf 79' lang='grc' dir='ltr'>καὶ</span> <span class='ocrx_word' id='word_1_99' title='bbox 619 654 724 693; x_wconf 78' lang='grc' dir='ltr'>Πατρὶ,</span> <span class='ocrx_word' id='word_1_100' title='bbox 742 654 858 693; x_wconf 80' lang='grc' dir='ltr'>ἀκριϐῶς</span> 
     </span>
    </p>
   </div>
   <div class='ocr_carea' id='block_1_15' title="bbox 51 693 855 739">
    <p class='ocr_par' dir='ltr' id='par_1_15' title="bbox 51 693 855 739">
     <span class='ocr_line' id='line_1_15' title="bbox 51 693 855 739; baseline 0 -11"><span class='ocrx_word' id='word_1_101' title='bbox 51 693 110 728; x_wconf 77' lang='grc' dir='ltr'>οἶδε</span> <span class='ocrx_word' id='word_1_102' title='bbox 125 699 161 728; x_wconf 80' lang='grc' dir='ltr'>τά</span> <span class='ocrx_word' id='word_1_103' title='bbox 172 711 200 728; x_wconf 86' lang='grc' dir='ltr'><strong>τε</strong></span> <span class='ocrx_word' id='word_1_104' title='bbox 215 699 284 729; x_wconf 80' lang='grc' dir='ltr'>ἄλλα</span> <span class='ocrx_word' id='word_1_105' title='bbox 302 699 404 735; x_wconf 76' lang='grc' dir='ltr'>πάντα,</span> <span class='ocrx_word' id='word_1_106' title='bbox 417 693 462 728; x_wconf 78' lang='grc' dir='ltr'><strong>καὶ</strong></span> <span class='ocrx_word' id='word_1_107' title='bbox 474 698 542 729; x_wconf 77' lang='grc' dir='ltr'>αὐτὰ</span> <span class='ocrx_word' id='word_1_108' title='bbox 555 698 589 728; x_wconf 78' lang='grc' dir='ltr'><strong>τὰ</strong></span> <span class='ocrx_word' id='word_1_109' title='bbox 603 698 700 739; x_wconf 70' lang='grc' dir='ltr'>κρύφια</span> <span class='ocrx_word' id='word_1_110' title='bbox 713 701 757 728; x_wconf 86' lang='grc' dir='ltr'><strong>τοῦ</strong></span> <span class='ocrx_word' id='word_1_111' title='bbox 773 699 855 729; x_wconf 77' lang='grc' dir='ltr'>Θεοῦ.</span> 
     </span>
    </p>
   </div>
   <div class='ocr_carea' id='block_1_16' title="bbox 51 742 736 784">
    <p class='ocr_par' dir='ltr' id='par_1_16' title="bbox 51 742 736 784">
     <span class='ocr_line' id='line_1_16' title="bbox 51 742 736 784; baseline -0.003 -10"><span class='ocrx_word' id='word_1_112' title='bbox 51 746 153 774; x_wconf 85' lang='grc' dir='ltr'>Ταῦτα</span> <span class='ocrx_word' id='word_1_113' title='bbox 170 743 222 784; x_wconf 77' lang='grc' dir='ltr'><strong>γὰρ</strong></span> <span class='ocrx_word' id='word_1_114' title='bbox 235 743 360 779; x_wconf 81' lang='grc' dir='ltr'>ἐκάλεσε,</span> <span class='ocrx_word' id='word_1_115' title='bbox 378 743 448 783; x_wconf 78' lang='grc' dir='ltr'>βάθη</span> <span class='ocrx_word' id='word_1_116' title='bbox 461 742 550 784; x_wconf 73' lang='grc' dir='ltr'><strong>[ϐοά.</strong></span> <span class='ocrx_word' id='word_1_117' title='bbox 572 743 736 779; x_wconf 74' lang='grc' dir='ltr'><strong>Αναηᾶει.]</strong></span> 
     </span>
    </p>
   </div>
   <div class='ocr_carea' id='block_1_17' title="bbox 95 787 855 827">
    <p class='ocr_par' dir='ltr' id='par_1_17' title="bbox 95 787 855 827">
     <span class='ocr_line' id='line_1_17' title="bbox 95 787 855 827; baseline 0 -10"><span class='ocrx_word' id='word_1_118' title='bbox 95 799 111 817; x_wconf 82' lang='grc' dir='ltr'><strong>α</strong></span> <span class='ocrx_word' id='word_1_119' title='bbox 129 788 227 826; x_wconf 83' lang='grc' dir='ltr'>Ἡμεῖς</span> <span class='ocrx_word' id='word_1_120' title='bbox 242 788 269 818; x_wconf 65' lang='grc' dir='ltr'>δὲ</span> <span class='ocrx_word' id='word_1_121' title='bbox 291 789 320 819; x_wconf 84' lang='grc' dir='ltr'>οὗ</span> <span class='ocrx_word' id='word_1_122' title='bbox 336 788 365 818; x_wconf 69' lang='grc' dir='ltr'><strong>τὸ</strong></span> <span class='ocrx_word' id='word_1_123' title='bbox 384 791 488 827; x_wconf 86' lang='grc' dir='ltr'>πνεῦμα</span> <span class='ocrx_word' id='word_1_124' title='bbox 509 792 555 819; x_wconf 89' lang='grc' dir='ltr'><strong>τοῦ</strong></span> <span class='ocrx_word' id='word_1_125' title='bbox 580 790 681 827; x_wconf 82' lang='grc' dir='ltr'><strong>κόσμου</strong></span> <span class='ocrx_word' id='word_1_126' title='bbox 707 787 855 826; x_wconf 65' lang='grc' dir='ltr'>ὶλάὂομεν,</span> 
     </span>
    </p>
   </div>
   <div class='ocr_carea' id='block_1_18' title="bbox 53 833 855 872">
    <p class='ocr_par' dir='ltr' id='par_1_18' title="bbox 53 833 855 872">
     <span class='ocr_line' id='line_1_18' title="bbox 53 833 855 872; baseline 0 -10"><span class='ocrx_word' id='word_1_127' title='bbox 53 833 128 862; x_wconf 77' lang='grc' dir='ltr'>ἀλλὰ</span> <span class='ocrx_word' id='word_1_128' title='bbox 154 834 185 863; x_wconf 85' lang='grc' dir='ltr'>τὸ</span> <span class='ocrx_word' id='word_1_129' title='bbox 212 835 323 872; x_wconf 84' lang='grc' dir='ltr'>Πνεῦμα</span> <span class='ocrx_word' id='word_1_130' title='bbox 338 833 368 864; x_wconf 79' lang='grc' dir='ltr'><strong>τὸ</strong></span> <span class='ocrx_word' id='word_1_131' title='bbox 388 835 418 863; x_wconf 66' lang='grc' dir='ltr'>ἐκ</span> <span class='ocrx_word' id='word_1_132' title='bbox 438 835 484 863; x_wconf 90' lang='grc' dir='ltr'><strong>τοῦ</strong></span> <span class='ocrx_word' id='word_1_133' title='bbox 498 836 581 865; x_wconf 90' lang='grc' dir='ltr'>Θεοῦ.</span> <span class='ocrx_word' id='word_1_134' title='bbox 599 847 611 859; x_wconf 76' lang='grc' dir='ltr'>ι·</span> <span class='ocrx_word' id='word_1_135' title='bbox 630 835 741 872; x_wconf 84' lang='grc' dir='ltr'>Πνεῦμα</span> <span class='ocrx_word' id='word_1_136' title='bbox 755 833 855 871; x_wconf 82' lang='grc' dir='ltr'>κόσμου</span> 
     </span>
    </p>
   </div>
   <div class='ocr_carea' id='block_1_19' title="bbox 914 295 1710 333">
    <p class='ocr_par' dir='ltr' id='par_1_19' title="bbox 914 295 1710 333">
     <span class='ocr_line' id='line_1_19' title="bbox 914 295 1710 333; baseline 0.008 -10"><span class='ocrx_word' id='word_1_137' title='bbox 914 295 983 323; x_wconf 86' lang='lat' dir='ltr'><strong>dens</strong></span> <span class='ocrx_word' id='word_1_138' title='bbox 993 295 1067 332; x_wconf 92' lang='lat' dir='ltr'><strong>quod</strong></span> <span class='ocrx_word' id='word_1_139' title='bbox 1082 296 1153 324; x_wconf 84' lang='lat' dir='ltr'><strong>Deus</strong></span> <span class='ocrx_word' id='word_1_140' title='bbox 1164 296 1215 324; x_wconf 87' lang='lat' dir='ltr'><strong>ista</strong></span> <span class='ocrx_word' id='word_1_141' title='bbox 1224 296 1298 332; x_wconf 91' lang='lat' dir='ltr'><strong>apud</strong></span> <span class='ocrx_word' id='word_1_142' title='bbox 1312 298 1432 333; x_wconf 82' lang='lat' dir='ltr'><strong>seipsum</strong></span> <span class='ocrx_word' id='word_1_143' title='bbox 1446 297 1575 333; x_wconf 84' lang='lat' dir='ltr'><strong>habebat,</strong></span> <span class='ocrx_word' id='word_1_144' title='bbox 1589 304 1616 328; x_wconf 89' lang='lat' dir='ltr'><strong>et</strong></span> <span class='ocrx_word' id='word_1_145' title='bbox 1628 309 1710 328; x_wconf 89' lang='lat' dir='ltr'><strong>nemo</strong></span> 
     </span>
    </p>
   </div>
   <div class='ocr_carea' id='block_1_20' title="bbox 914 340 1265 376">
    <p class='ocr_par' dir='ltr' id='par_1_20' title="bbox 914 340 1265 376">
     <span class='ocr_line' id='line_1_20' title="bbox 914 340 1265 376; baseline 0 -8"><span class='ocrx_word' id='word_1_146' title='bbox 914 340 983 368; x_wconf 89' lang='lat' dir='ltr'><strong>alius</strong></span> <span class='ocrx_word' id='word_1_147' title='bbox 997 341 1188 376; x_wconf 72' lang='lat' dir='ltr'><strong>cognoscebat,</strong></span> <span class='ocrx_word' id='word_1_148' title='bbox 1203 341 1240 369; x_wconf 89' lang='lat' dir='ltr'><strong>ait</strong></span> <span class='ocrx_word' id='word_1_149' title='bbox 1258 350 1265 368; x_wconf 88' lang='lat'><strong>:</strong></span> 
     </span>
    </p>
   </div>
   <div class='ocr_carea' id='block_1_21' title="bbox 952 385 1709 424">
    <p class='ocr_par' dir='ltr' id='par_1_21' title="bbox 952 385 1709 424">
     <span class='ocr_line' id='line_1_21' title="bbox 952 385 1709 424; baseline 0.007 -12"><span class='ocrx_word' id='word_1_150' title='bbox 952 397 966 410; x_wconf 75' lang='grc' dir='ltr'>ι</span> <span class='ocrx_word' id='word_1_151' title='bbox 985 385 1102 421; x_wconf 76' lang='lat' dir='ltr'><strong>Spiritus</strong></span> <span class='ocrx_word' id='word_1_152' title='bbox 1116 386 1192 415; x_wconf 89' lang='lat' dir='ltr'><strong>enim</strong></span> <span class='ocrx_word' id='word_1_153' title='bbox 1210 386 1303 414; x_wconf 82' lang='lat' dir='ltr'><strong>omnia</strong></span> <span class='ocrx_word' id='word_1_154' title='bbox 1317 391 1465 421; x_wconf 84' lang='lat' dir='ltr'><strong>scrutatur,</strong></span> <span class='ocrx_word' id='word_1_155' title='bbox 1480 388 1560 416; x_wconf 85' lang='lat' dir='ltr'><strong>etiam</strong></span> <span class='ocrx_word' id='word_1_156' title='bbox 1576 389 1709 424; x_wconf 79' lang='lat' dir='ltr'><strong>profunda</strong></span> 
     </span>
    </p>
   </div>
   <div class='ocr_carea' id='block_1_22' title="bbox 915 431 1709 470">
    <p class='ocr_par' dir='ltr' id='par_1_22' title="bbox 915 431 1709 470">
     <span class='ocr_line' id='line_1_22' title="bbox 915 431 1709 470; baseline 0.005 -12"><span class='ocrx_word' id='word_1_157' title='bbox 915 431 976 458; x_wconf 87' lang='lat' dir='ltr'><strong>Dei.</strong></span> <span class='ocrx_word' id='word_1_158' title='bbox 995 442 1007 454; x_wconf 83' lang='grc' dir='ltr'><strong>ι</strong></span> <span class='ocrx_word' id='word_1_159' title='bbox 1029 432 1158 459; x_wconf 84' lang='lat' dir='ltr'><strong>Exactam</strong></span> <span class='ocrx_word' id='word_1_160' title='bbox 1179 432 1367 468; x_wconf 75' lang='lat' dir='ltr'><strong>cognitionem</strong></span> <span class='ocrx_word' id='word_1_161' title='bbox 1389 433 1586 462; x_wconf 77' lang='lat' dir='ltr'><strong>scrutationem</strong></span> <span class='ocrx_word' id='word_1_162' title='bbox 1600 434 1644 461; x_wconf 91' lang='lat' dir='ltr'><strong>hic</strong></span> <span class='ocrx_word' id='word_1_163' title='bbox 1662 442 1709 470; x_wconf 81' lang='lat' dir='ltr'><strong>ap~</strong></span> 
     </span>
    </p>
   </div>
   <div class='ocr_carea' id='block_1_23' title="bbox 913 475 1710 514">
    <p class='ocr_par' dir='ltr' id='par_1_23' title="bbox 913 475 1710 514">
     <span class='ocr_line' id='line_1_23' title="bbox 913 475 1710 514; baseline 0.005 -12"><span class='ocrx_word' id='word_1_164' title='bbox 913 475 1006 511; x_wconf 80' lang='lat' dir='ltr'><strong>pellat.</strong></span> <span class='ocrx_word' id='word_1_165' title='bbox 1027 475 1260 511; x_wconf 81' lang='lat' dir='ltr'><strong>quemadmodum</strong></span> <span class='ocrx_word' id='word_1_166' title='bbox 1280 476 1316 504; x_wconf 90' lang='lat' dir='ltr'><strong>de</strong></span> <span class='ocrx_word' id='word_1_167' title='bbox 1333 477 1392 504; x_wconf 89' lang='lat' dir='ltr'><strong>Deo</strong></span> <span class='ocrx_word' id='word_1_168' title='bbox 1412 477 1501 505; x_wconf 88' lang='lat' dir='ltr'><strong>dicit:</strong></span> <span class='ocrx_word' id='word_1_169' title='bbox 1520 490 1531 502; x_wconf 91' lang='lat'><strong>-</strong></span> <span class='ocrx_word' id='word_1_170' title='bbox 1549 478 1603 514; x_wconf 89' lang='lat' dir='ltr'><strong>Qui</strong></span> <span class='ocrx_word' id='word_1_171' title='bbox 1616 483 1710 506; x_wconf 89' lang='lat' dir='ltr'><strong>autem</strong></span> 
     </span>
    </p>
   </div>
   <div class='ocr_carea' id='block_1_24' title="bbox 912 520 1708 557">
    <p class='ocr_par' dir='ltr' id='par_1_24' title="bbox 912 520 1708 557">
     <span class='ocr_line' id='line_1_24' title="bbox 912 520 1708 557; baseline 0.005 -10"><span class='ocrx_word' id='word_1_172' title='bbox 912 524 1052 548; x_wconf 78' lang='lat' dir='ltr'><strong>scrutatur</strong></span> <span class='ocrx_word' id='word_1_173' title='bbox 1073 520 1167 554; x_wconf 87' lang='lat' dir='ltr'><strong>corda,</strong></span> <span class='ocrx_word' id='word_1_174' title='bbox 1191 531 1204 544; x_wconf 66' lang='grc' dir='ltr'>τι</span> <span class='ocrx_word' id='word_1_175' title='bbox 1228 529 1288 556; x_wconf 80' lang='lat' dir='ltr'><strong>pro,</strong></span> <span class='ocrx_word' id='word_1_176' title='bbox 1311 521 1357 556; x_wconf 89' lang='lat' dir='ltr'><strong>qui</strong></span> <span class='ocrx_word' id='word_1_177' title='bbox 1376 521 1512 557; x_wconf 77' lang='lat' dir='ltr'><strong>profunda</strong></span> <span class='ocrx_word' id='word_1_178' title='bbox 1534 523 1642 551; x_wconf 87' lang='lat' dir='ltr'><strong>illorum</strong></span> <span class='ocrx_word' id='word_1_179' title='bbox 1657 531 1708 551; x_wconf 80' lang='grc' dir='ltr'><strong>ηο-</strong></span> 
     </span>
    </p>
   </div>
   <div class='ocr_carea' id='block_1_25' title="bbox 912 564 1710 603">
    <p class='ocr_par' dir='ltr' id='par_1_25' title="bbox 912 564 1710 603">
     <span class='ocr_line' id='line_1_25' title="bbox 912 564 1710 603; baseline 0.005 -11"><span class='ocrx_word' id='word_1_180' title='bbox 912 564 960 592; x_wconf 86' lang='lat' dir='ltr'><strong>vit.</strong></span> <span class='ocrx_word' id='word_1_181' title='bbox 977 564 1021 593; x_wconf 90' lang='lat' dir='ltr'><strong>Nil</strong></span> <span class='ocrx_word' id='word_1_182' title='bbox 1035 565 1135 593; x_wconf 87' lang='lat' dir='ltr'><strong>mirum</strong></span> <span class='ocrx_word' id='word_1_183' title='bbox 1157 565 1179 593; x_wconf 92' lang='lat' dir='ltr'><strong>si</strong></span> <span class='ocrx_word' id='word_1_184' title='bbox 1197 566 1327 602; x_wconf 88' lang='lat' dir='ltr'><strong>mysteria</strong></span> <span class='ocrx_word' id='word_1_185' title='bbox 1347 566 1396 594; x_wconf 90' lang='lat' dir='ltr'><strong>Dei</strong></span> <span class='ocrx_word' id='word_1_186' title='bbox 1411 574 1458 602; x_wconf 87' lang='lat' dir='ltr'><strong>per</strong></span> <span class='ocrx_word' id='word_1_187' title='bbox 1477 567 1607 603; x_wconf 80' lang='lat' dir='ltr'><strong>Spiritum</strong></span> <span class='ocrx_word' id='word_1_188' title='bbox 1629 567 1710 596; x_wconf 83' lang='lat' dir='ltr'><strong>nobis</strong></span> 
     </span>
    </p>
   </div>
   <div class='ocr_carea' id='block_1_26' title="bbox 912 609 1709 648">
    <p class='ocr_par' dir='ltr' id='par_1_26' title="bbox 912 609 1709 648">
     <span class='ocr_line' id='line_1_26' title="bbox 912 609 1709 648; baseline 0.004 -10"><span class='ocrx_word' id='word_1_189' title='bbox 912 609 1030 638; x_wconf 86' lang='lat' dir='ltr'><strong>revelata</strong></span> <span class='ocrx_word' id='word_1_190' title='bbox 1044 614 1117 638; x_wconf 89' lang='lat' dir='ltr'><strong>sunt.</strong></span> <span class='ocrx_word' id='word_1_191' title='bbox 1143 611 1214 638; x_wconf 86' lang='lat' dir='ltr'><strong>Nam</strong></span> <span class='ocrx_word' id='word_1_192' title='bbox 1227 610 1353 646; x_wconf 87' lang='lat' dir='ltr'><strong>Spiritus,</strong></span> <span class='ocrx_word' id='word_1_193' title='bbox 1368 619 1431 639; x_wconf 89' lang='lat' dir='ltr'><strong>eum</strong></span> <span class='ocrx_word' id='word_1_194' title='bbox 1449 612 1484 640; x_wconf 90' lang='lat' dir='ltr'><strong>sit</strong></span> <span class='ocrx_word' id='word_1_195' title='bbox 1498 612 1623 648; x_wconf 75' lang='lat' dir='ltr'><strong>ejusdem</strong></span> <span class='ocrx_word' id='word_1_196' title='bbox 1642 613 1709 641; x_wconf 86' lang='lat' dir='ltr'><strong>sub-</strong></span> 
     </span>
    </p>
   </div>
   <div class='ocr_carea' id='block_1_27' title="bbox 910 654 1707 692">
    <p class='ocr_par' dir='ltr' id='par_1_27' title="bbox 910 654 1707 692">
     <span class='ocr_line' id='line_1_27' title="bbox 910 654 1707 692; baseline 0.005 -10"><span class='ocrx_word' id='word_1_197' title='bbox 910 655 1017 683; x_wconf 69' lang='lat' dir='ltr'><strong>stantia:</strong></span> <span class='ocrx_word' id='word_1_198' title='bbox 1039 659 1066 683; x_wconf 90' lang='lat' dir='ltr'><strong>et</strong></span> <span class='ocrx_word' id='word_1_199' title='bbox 1080 654 1192 691; x_wconf 61' lang='lat' dir='ltr'><strong>aqualis</strong></span> <span class='ocrx_word' id='word_1_200' title='bbox 1206 656 1265 683; x_wconf 90' lang='lat' dir='ltr'><strong>Deo</strong></span> <span class='ocrx_word' id='word_1_201' title='bbox 1289 655 1371 690; x_wconf 87' lang='lat' dir='ltr'><strong>Patri,</strong></span> <span class='ocrx_word' id='word_1_202' title='bbox 1389 664 1454 685; x_wconf 90' lang='lat' dir='ltr'><strong>cum</strong></span> <span class='ocrx_word' id='word_1_203' title='bbox 1477 661 1576 685; x_wconf 63' lang='lat' dir='ltr'><strong>cetera</strong></span> <span class='ocrx_word' id='word_1_204' title='bbox 1601 658 1707 692; x_wconf 81' lang='lat' dir='ltr'><strong>omnia,</strong></span> 
     </span>
    </p>
   </div>
   <div class='ocr_carea' id='block_1_28' title="bbox 912 699 1708 739">
    <p class='ocr_par' dir='ltr' id='par_1_28' title="bbox 912 699 1708 739">
     <span class='ocr_line' id='line_1_28' title="bbox 912 699 1708 739; baseline 0.005 -12"><span class='ocrx_word' id='word_1_205' title='bbox 912 702 972 727; x_wconf 88' lang='lat' dir='ltr'><strong>tum</strong></span> <span class='ocrx_word' id='word_1_206' title='bbox 986 699 1044 736; x_wconf 86' lang='lat' dir='ltr'><strong>ipsa</strong></span> <span class='ocrx_word' id='word_1_207' title='bbox 1065 700 1114 728; x_wconf 91' lang='lat' dir='ltr'><strong>Dei</strong></span> <span class='ocrx_word' id='word_1_208' title='bbox 1135 704 1240 728; x_wconf 82' lang='lat' dir='ltr'><strong>secreta</strong></span> <span class='ocrx_word' id='word_1_209' title='bbox 1259 704 1352 729; x_wconf 84' lang='lat' dir='ltr'><strong>exacte</strong></span> <span class='ocrx_word' id='word_1_210' title='bbox 1370 702 1454 730; x_wconf 87' lang='lat' dir='ltr'><strong>novit.</strong></span> <span class='ocrx_word' id='word_1_211' title='bbox 1478 703 1533 730; x_wconf 86' lang='lat' dir='ltr'><strong>Ista</strong></span> <span class='ocrx_word' id='word_1_212' title='bbox 1554 703 1628 730; x_wconf 87' lang='lat' dir='ltr'><strong>enim</strong></span> <span class='ocrx_word' id='word_1_213' title='bbox 1642 710 1708 739; x_wconf 88' lang='lat' dir='ltr'><strong>pro-</strong></span> 
     </span>
    </p>
   </div>
   <div class='ocr_carea' id='block_1_29' title="bbox 912 743 1132 773">
    <p class='ocr_par' dir='ltr' id='par_1_29' title="bbox 912 743 1132 773">
     <span class='ocr_line' id='line_1_29' title="bbox 912 743 1132 773; baseline 0 -1"><span class='ocrx_word' id='word_1_214' title='bbox 912 743 995 772; x_wconf 77' lang='lat' dir='ltr'><strong>funda</strong></span> <span class='ocrx_word' id='word_1_215' title='bbox 1019 744 1132 773; x_wconf 87' lang='lat' dir='ltr'><strong>vocavit.</strong></span> 
     </span>
    </p>
   </div>
   <div class='ocr_carea' id='block_1_30' title="bbox 947 789 1708 828">
    <p class='ocr_par' dir='ltr' id='par_1_30' title="bbox 947 789 1708 828">
     <span class='ocr_line' id='line_1_30' title="bbox 947 789 1708 828; baseline 0.005 -11"><span class='ocrx_word' id='word_1_216' title='bbox 947 789 1037 818; x_wconf 74' lang='lat' dir='ltr'><strong>Vens.</strong></span> <span class='ocrx_word' id='word_1_217' title='bbox 1051 792 1095 817; x_wconf 73' lang='lat'><strong>12.</strong></span> <span class='ocrx_word' id='word_1_218' title='bbox 1110 801 1124 814; x_wconf 77' lang='grc' dir='ltr'><strong><em>κ</em></strong></span> <span class='ocrx_word' id='word_1_219' title='bbox 1140 791 1197 818; x_wconf 87' lang='lat' dir='ltr'><strong>Nos</strong></span> <span class='ocrx_word' id='word_1_220' title='bbox 1214 794 1307 818; x_wconf 88' lang='lat' dir='ltr'><strong>autem</strong></span> <span class='ocrx_word' id='word_1_221' title='bbox 1329 798 1386 819; x_wconf 91' lang='lat' dir='ltr'><strong>non</strong></span> <span class='ocrx_word' id='word_1_222' title='bbox 1405 792 1562 827; x_wconf 88' lang='lat' dir='ltr'><strong>accepimus</strong></span> <span class='ocrx_word' id='word_1_223' title='bbox 1581 793 1708 828; x_wconf 81' lang='lat' dir='ltr'><strong>spiritum</strong></span> 
     </span>
    </p>
   </div>
   <div class='ocr_carea' id='block_1_31' title="bbox 912 833 1707 874">
    <p class='ocr_par' dir='ltr' id='par_1_31' title="bbox 912 833 1707 874">
     <span class='ocr_line' id='line_1_31' title="bbox 912 833 1707 874; baseline 0.005 -12"><span class='ocrx_word' id='word_1_224' title='bbox 912 833 995 871; x_wconf 91' lang='lat' dir='ltr'><strong>hujus</strong></span> <span class='ocrx_word' id='word_1_225' title='bbox 1008 834 1113 869; x_wconf 89' lang='lat' dir='ltr'><strong>mundi,</strong></span> <span class='ocrx_word' id='word_1_226' title='bbox 1128 835 1177 863; x_wconf 87' lang='lat' dir='ltr'><strong>sed</strong></span> <span class='ocrx_word' id='word_1_227' title='bbox 1189 835 1322 871; x_wconf 85' lang='lat' dir='ltr'><strong>Spiritum</strong></span> <span class='ocrx_word' id='word_1_228' title='bbox 1337 836 1385 872; x_wconf 87' lang='lat' dir='ltr'><strong>qui</strong></span> <span class='ocrx_word' id='word_1_229' title='bbox 1400 840 1441 864; x_wconf 83' lang='lat' dir='ltr'><strong>est</strong></span> <span class='ocrx_word' id='word_1_230' title='bbox 1454 845 1486 864; x_wconf 88' lang='lat' dir='ltr'><strong>ex</strong></span> <span class='ocrx_word' id='word_1_231' title='bbox 1502 838 1570 865; x_wconf 88' lang='lat' dir='ltr'><strong>Deo.</strong></span> <span class='ocrx_word' id='word_1_232' title='bbox 1592 849 1605 862; x_wconf 76' lang='grc' dir='ltr'><strong><em>ι</em></strong></span> <span class='ocrx_word' id='word_1_233' title='bbox 1622 838 1707 874; x_wconf 91' lang='lat' dir='ltr'><strong>Spiri-</strong></span> 
     </span>
    </p>
   </div>
   <div class='ocr_carea' id='block_1_32' title="bbox 53 877 912 919">
    <p class='ocr_par' dir='ltr' id='par_1_32' title="bbox 53 877 896 919">
     <span class='ocr_line' id='line_1_32' title="bbox 53 877 896 919; baseline 0 -13"><span class='ocrx_word' id='word_1_234' title='bbox 53 877 106 912; x_wconf 77' lang='grc' dir='ltr'>τὴν</span> <span class='ocrx_word' id='word_1_235' title='bbox 134 878 303 918; x_wconf 80' lang='grc' dir='ltr'><strong>ἀνθρωπίνην</strong></span> <span class='ocrx_word' id='word_1_236' title='bbox 330 878 424 919; x_wconf 77' lang='grc' dir='ltr'>σοφίαν</span> <span class='ocrx_word' id='word_1_237' title='bbox 452 878 590 916; x_wconf 76' lang='grc' dir='ltr'><strong>ὠνόμασεν</strong></span> <span class='ocrx_word' id='word_1_238' title='bbox 609 889 615 896; x_wconf 79' lang='grc'><strong><em>⁸</em></strong></span> <span class='ocrx_word' id='word_1_239' title='bbox 639 879 670 907; x_wconf 84' lang='grc' dir='ltr'>οὗ</span> <span class='ocrx_word' id='word_1_240' title='bbox 698 878 795 913; x_wconf 86' lang='grc' dir='ltr'>ταύτην</span> <span class='ocrx_word' id='word_1_241' title='bbox 824 877 856 914; x_wconf 79' lang='grc' dir='ltr'>ἣν</span> <span class='ocrx_word' id='word_1_242' title='bbox 872 879 896 911; x_wconf 85' lang='grc' dir='ltr'><strong><em>Β</em></strong></span> 
     </span>
    </p>
   </div>
   <div class='ocr_carea' id='block_1_33' title="bbox 947 877 1707 919">
    <p class='ocr_par' dir='ltr' id='par_1_33' title="bbox 947 879 1707 916">
     <span class='ocr_line' id='line_1_33' title="bbox 947 879 1707 916; baseline 0.004 -9"><span class='ocrx_word' id='word_1_243' title='bbox 947 887 970 907; x_wconf 86' lang='lat' dir='ltr'><strong>m</strong></span> <span class='ocrx_word' id='word_1_244' title='bbox 994 879 1090 908; x_wconf 90' lang='lat' dir='ltr'><strong>mundi</strong></span> <span class='ocrx_word' id='word_1_245' title='bbox 1106 879 1255 908; x_wconf 83' lang='lat' dir='ltr'><strong>humanam</strong></span> <span class='ocrx_word' id='word_1_246' title='bbox 1276 880 1439 916; x_wconf 84' lang='lat' dir='ltr'><strong>sapientiam</strong></span> <span class='ocrx_word' id='word_1_247' title='bbox 1464 882 1627 914; x_wconf 73' lang='lat' dir='ltr'><strong>nominavit.</strong></span> <span class='ocrx_word' id='word_1_248' title='bbox 1652 891 1707 910; x_wconf 89' lang='lat' dir='ltr'><strong>non</strong></span> 
     </span>
    </p>
   </div>
   <div class='ocr_carea' id='block_1_34' title="bbox 53 922 856 963">
    <p class='ocr_par' dir='ltr' id='par_1_34' title="bbox 53 922 856 963">
     <span class='ocr_line' id='line_1_34' title="bbox 53 922 856 963; baseline 0 -11"><span class='ocrx_word' id='word_1_249' title='bbox 53 923 208 961; x_wconf 75' lang='grc' dir='ltr'>ἐλάϐομεν,</span> <span class='ocrx_word' id='word_1_250' title='bbox 225 923 268 952; x_wconf 79' lang='grc' dir='ltr'><strong>ἵνα</strong></span> <span class='ocrx_word' id='word_1_251' title='bbox 289 922 327 962; x_wconf 86' lang='grc' dir='ltr'><strong>μὴ</strong></span> <span class='ocrx_word' id='word_1_252' title='bbox 342 923 416 952; x_wconf 81' lang='grc' dir='ltr'>κενὸν</span> <span class='ocrx_word' id='word_1_253' title='bbox 431 923 477 953; x_wconf 84' lang='grc' dir='ltr'><strong>καὶ</strong></span> <span class='ocrx_word' id='word_1_254' title='bbox 499 924 605 963; x_wconf 81' lang='grc' dir='ltr'>ἀχρεῖον</span> <span class='ocrx_word' id='word_1_255' title='bbox 622 922 746 962; x_wconf 80' lang='grc' dir='ltr'><strong>ἀποδείξῃ</strong></span> <span class='ocrx_word' id='word_1_256' title='bbox 761 923 791 952; x_wconf 82' lang='grc' dir='ltr'><strong>τὸ</strong></span> <span class='ocrx_word' id='word_1_257' title='bbox 806 923 856 958; x_wconf 72' lang='grc' dir='ltr'>κή-</span> 
     </span>
    </p>
   </div>
   <div class='ocr_carea' id='block_1_35' title="bbox 54 967 852 1007">
    <p class='ocr_par' dir='ltr' id='par_1_35' title="bbox 54 967 852 1007">
     <span class='ocr_line' id='line_1_35' title="bbox 54 967 852 1007; baseline 0 -10"><span class='ocrx_word' id='word_1_258' title='bbox 54 979 150 1007; x_wconf 84' lang='grc' dir='ltr'>ρυγμα</span> <span class='ocrx_word' id='word_1_259' title='bbox 167 969 255 1004; x_wconf 75' lang='grc' dir='ltr'>ἡμῶν,</span> <span class='ocrx_word' id='word_1_260' title='bbox 285 978 300 996; x_wconf 80' lang='grc' dir='ltr'>(ι</span> <span class='ocrx_word' id='word_1_261' title='bbox 315 967 396 999; x_wconf 80' lang='grc' dir='ltr'>Ἀλλὰ</span> <span class='ocrx_word' id='word_1_262' title='bbox 410 969 441 998; x_wconf 79' lang='grc' dir='ltr'><strong>τὸ</strong></span> <span class='ocrx_word' id='word_1_263' title='bbox 457 969 568 1005; x_wconf 84' lang='grc' dir='ltr'>Πνεῦμα</span> <span class='ocrx_word' id='word_1_264' title='bbox 589 967 620 997; x_wconf 81' lang='grc' dir='ltr'><strong>τὸ</strong></span> <span class='ocrx_word' id='word_1_265' title='bbox 631 969 661 997; x_wconf 81' lang='grc' dir='ltr'>ἐκ</span> <span class='ocrx_word' id='word_1_266' title='bbox 676 970 722 997; x_wconf 88' lang='grc' dir='ltr'><strong>τοῦ</strong></span> <span class='ocrx_word' id='word_1_267' title='bbox 736 969 823 1004; x_wconf 83' lang='grc' dir='ltr'>Θεοῦ,</span> <span class='ocrx_word' id='word_1_268' title='bbox 839 980 852 994; x_wconf 73' lang='grc' dir='ltr'><strong>ι</strong></span> 
     </span>
    </p>
   </div>
   <div class='ocr_carea' id='block_1_36' title="bbox 53 1012 856 1053">
    <p class='ocr_par' dir='ltr' id='par_1_36' title="bbox 53 1012 856 1053">
     <span class='ocr_line' id='line_1_36' title="bbox 53 1012 856 1053; baseline 0.001 -12"><span class='ocrx_word' id='word_1_269' title='bbox 53 1012 195 1049; x_wconf 76' lang='grc' dir='ltr'><strong>τουτέστι,</strong></span> <span class='ocrx_word' id='word_1_270' title='bbox 212 1012 242 1042; x_wconf 85' lang='grc' dir='ltr'><strong>τὸ</strong></span> <span class='ocrx_word' id='word_1_271' title='bbox 264 1013 402 1052; x_wconf 79' lang='grc' dir='ltr'>ὁμοούσιον</span> <span class='ocrx_word' id='word_1_272' title='bbox 428 1014 467 1053; x_wconf 78' lang='grc' dir='ltr'><strong>τῷ</strong></span> <span class='ocrx_word' id='word_1_273' title='bbox 490 1013 573 1052; x_wconf 80' lang='grc' dir='ltr'>Θεῷ,</span> <span class='ocrx_word' id='word_1_274' title='bbox 597 1012 628 1042; x_wconf 76' lang='grc' dir='ltr'>τὸ</span> <span class='ocrx_word' id='word_1_275' title='bbox 644 1013 674 1042; x_wconf 78' lang='grc' dir='ltr'>ἐκ</span> <span class='ocrx_word' id='word_1_276' title='bbox 695 1014 742 1048; x_wconf 82' lang='grc' dir='ltr'><strong>τῆς</strong></span> <span class='ocrx_word' id='word_1_277' title='bbox 767 1012 856 1045; x_wconf 78' lang='grc' dir='ltr'>οὐσίας</span> 
     </span>
    </p>
   </div>
   <div class='ocr_carea' id='block_1_37' title="bbox 54 1057 572 1098">
    <p class='ocr_par' dir='ltr' id='par_1_37' title="bbox 54 1057 572 1098">
     <span class='ocr_line' id='line_1_37' title="bbox 54 1057 572 1098; baseline 0 -12"><span class='ocrx_word' id='word_1_278' title='bbox 54 1058 139 1087; x_wconf 82' lang='grc' dir='ltr'>αὐτοῦ</span> <span class='ocrx_word' id='word_1_279' title='bbox 150 1080 160 1097; x_wconf 84' lang='grc'><strong>,</strong></span> <span class='ocrx_word' id='word_1_280' title='bbox 176 1060 253 1088; x_wconf 85' lang='grc' dir='ltr'>τοῦτο</span> <span class='ocrx_word' id='word_1_281' title='bbox 271 1058 385 1098; x_wconf 73' lang='grc' dir='ltr'>ἔσχομεν</span> <span class='ocrx_word' id='word_1_282' title='bbox 402 1057 572 1088; x_wconf 82' lang='grc' dir='ltr'>διδάσκαλον.</span> 
     </span>
    </p>
   </div>
   <div class='ocr_carea' id='block_1_38' title="bbox 101 1146 853 1186">
    <p class='ocr_par' dir='ltr' id='par_1_38' title="bbox 101 1146 853 1186">
     <span class='ocr_line' id='line_1_38' title="bbox 101 1146 853 1186; baseline -0.004 -8"><span class='ocrx_word' id='word_1_283' title='bbox 101 1160 116 1173; x_wconf 73' lang='grc' dir='ltr'><strong>α</strong></span> <span class='ocrx_word' id='word_1_284' title='bbox 133 1146 196 1178; x_wconf 85' lang='grc' dir='ltr'>Ἵνα</span> <span class='ocrx_word' id='word_1_285' title='bbox 217 1146 315 1185; x_wconf 80' lang='grc' dir='ltr'>ἴδωμεν</span> <span class='ocrx_word' id='word_1_286' title='bbox 335 1146 369 1177; x_wconf 74' lang='grc' dir='ltr'><strong>τὰ</strong></span> <span class='ocrx_word' id='word_1_287' title='bbox 391 1146 443 1176; x_wconf 80' lang='grc' dir='ltr'>ὑπὸ</span> <span class='ocrx_word' id='word_1_288' title='bbox 462 1147 536 1177; x_wconf 85' lang='grc' dir='ltr'>Θεοῦ</span> <span class='ocrx_word' id='word_1_289' title='bbox 558 1146 720 1186; x_wconf 82' lang='grc' dir='ltr'>χαρισθέντα</span> <span class='ocrx_word' id='word_1_290' title='bbox 737 1148 813 1184; x_wconf 80' lang='grc' dir='ltr'>ἡμῖν.</span> <span class='ocrx_word' id='word_1_291' title='bbox 838 1159 853 1175; x_wconf 70' lang='grc' dir='ltr'>ι</span> 
     </span>
    </p>
   </div>
   <div class='ocr_carea' id='block_1_39' title="bbox 55 1191 856 1233">
    <p class='ocr_par' dir='ltr' id='par_1_39' title="bbox 55 1191 856 1233">
     <span class='ocr_line' id='line_1_39' title="bbox 55 1191 856 1233; baseline -0.001 -12"><span class='ocrx_word' id='word_1_292' title='bbox 55 1193 141 1229; x_wconf 81' lang='grc' dir='ltr'>Φῶς,</span> <span class='ocrx_word' id='word_1_293' title='bbox 157 1192 236 1233; x_wconf 83' lang='grc' dir='ltr'>φησὶν</span> <span class='ocrx_word' id='word_1_294' title='bbox 247 1214 255 1228; x_wconf 94' lang='grc'><strong>,</strong></span> <span class='ocrx_word' id='word_1_295' title='bbox 271 1191 369 1221; x_wconf 79' lang='grc' dir='ltr'>ἔστιτὸ</span> <span class='ocrx_word' id='word_1_296' title='bbox 387 1193 514 1229; x_wconf 81' lang='grc' dir='ltr'>Πνεῦμα,</span> <span class='ocrx_word' id='word_1_297' title='bbox 526 1191 572 1221; x_wconf 84' lang='grc' dir='ltr'>καὶ</span> <span class='ocrx_word' id='word_1_298' title='bbox 593 1191 724 1229; x_wconf 70' lang='grc' dir='ltr'>ἐλάϐομεν</span> <span class='ocrx_word' id='word_1_299' title='bbox 739 1194 816 1221; x_wconf 87' lang='grc' dir='ltr'>τοῦτο</span> <span class='ocrx_word' id='word_1_300' title='bbox 827 1192 856 1221; x_wconf 83' lang='grc' dir='ltr'><strong>τὸ</strong></span> 
     </span>
    </p>
   </div>
   <div class='ocr_carea' id='block_1_40' title="bbox 55 1235 856 1278">
    <p class='ocr_par' dir='ltr' id='par_1_40' title="bbox 55 1235 856 1278">
     <span class='ocr_line' id='line_1_40' title="bbox 55 1235 856 1278; baseline -0.001 -12"><span class='ocrx_word' id='word_1_301' title='bbox 55 1239 128 1278; x_wconf 76' lang='grc' dir='ltr'>φῶς,</span> <span class='ocrx_word' id='word_1_302' title='bbox 152 1235 195 1266; x_wconf 72' lang='grc' dir='ltr'><strong>ἵνα</strong></span> <span class='ocrx_word' id='word_1_303' title='bbox 219 1237 253 1266; x_wconf 76' lang='grc' dir='ltr'><strong>τὰ</strong></span> <span class='ocrx_word' id='word_1_304' title='bbox 277 1236 522 1276; x_wconf 65' lang='grc' dir='ltr'>(ευ-(κεκαλυμμένα</span> <span class='ocrx_word' id='word_1_305' title='bbox 544 1235 609 1270; x_wconf 81' lang='grc' dir='ltr'>τέως</span> <span class='ocrx_word' id='word_1_306' title='bbox 632 1236 658 1256; x_wconf 70' lang='grc'><strong>⁴⁰</strong></span> <span class='ocrx_word' id='word_1_307' title='bbox 680 1236 794 1275; x_wconf 83' lang='grc' dir='ltr'>ἴδωμεν,</span> <span class='ocrx_word' id='word_1_308' title='bbox 811 1238 856 1266; x_wconf 73' lang='grc' dir='ltr'><strong>ὑπ’</strong></span> 
     </span>
    </p>
   </div>
   <div class='ocr_carea' id='block_1_41' title="bbox 55 1280 854 1322">
    <p class='ocr_par' dir='ltr' id='par_1_41' title="bbox 55 1280 854 1322">
     <span class='ocr_line' id='line_1_41' title="bbox 55 1280 854 1322; baseline -0.001 -11"><span class='ocrx_word' id='word_1_309' title='bbox 55 1283 141 1312; x_wconf 82' lang='grc' dir='ltr'>αὗτοῦ</span> <span class='ocrx_word' id='word_1_310' title='bbox 159 1281 339 1322; x_wconf 80' lang='grc' dir='ltr'>φωτιζόμενοι.</span> <span class='ocrx_word' id='word_1_311' title='bbox 357 1282 441 1318; x_wconf 87' lang='grc' dir='ltr'>Τίνα;</span> <span class='ocrx_word' id='word_1_312' title='bbox 458 1281 501 1311; x_wconf 83' lang='grc' dir='ltr'><strong>Τὰ</strong></span> <span class='ocrx_word' id='word_1_313' title='bbox 520 1281 572 1311; x_wconf 76' lang='grc' dir='ltr'>ὑπὸ</span> <span class='ocrx_word' id='word_1_314' title='bbox 586 1283 657 1312; x_wconf 76' lang='grc' dir='ltr'>Θεοῦ</span> <span class='ocrx_word' id='word_1_315' title='bbox 677 1280 854 1320; x_wconf 72' lang='grc' dir='ltr'>χαρισθέντα,</span> 
     </span>
    </p>
   </div>
   <div class='ocr_carea' id='block_1_42' title="bbox 55 1325 855 1365">
    <p class='ocr_par' dir='ltr' id='par_1_42' title="bbox 55 1325 855 1365">
     <span class='ocr_line' id='line_1_42' title="bbox 55 1325 855 1365; baseline -0.001 -9"><span class='ocrx_word' id='word_1_316' title='bbox 55 1327 195 1364; x_wconf 73' lang='grc' dir='ltr'>τουτέστι,</span> <span class='ocrx_word' id='word_1_317' title='bbox 212 1326 246 1356; x_wconf 79' lang='grc' dir='ltr'><strong>τὰ</strong></span> <span class='ocrx_word' id='word_1_318' title='bbox 261 1326 330 1356; x_wconf 74' lang='grc' dir='ltr'>κατὰ</span> <span class='ocrx_word' id='word_1_319' title='bbox 344 1326 392 1362; x_wconf 80' lang='grc' dir='ltr'><strong>τὴν</strong></span> <span class='ocrx_word' id='word_1_320' title='bbox 413 1326 564 1363; x_wconf 70' lang='grc' dir='ltr'>οἰκονομίαν</span> <span class='ocrx_word' id='word_1_321' title='bbox 586 1328 631 1355; x_wconf 88' lang='grc' dir='ltr'><strong>τοῦ</strong></span> <span class='ocrx_word' id='word_1_322' title='bbox 654 1325 781 1365; x_wconf 80' lang='grc' dir='ltr'>Χριστοῦ·</span> <span class='ocrx_word' id='word_1_323' title='bbox 799 1329 855 1360; x_wconf 79' lang='grc' dir='ltr'><strong>πῶς</strong></span> 
     </span>
    </p>
   </div>
   <div class='ocr_carea' id='block_1_43' title="bbox 55 1370 855 1412">
    <p class='ocr_par' dir='ltr' id='par_1_43' title="bbox 55 1370 855 1412">
     <span class='ocr_line' id='line_1_43' title="bbox 55 1370 855 1412; baseline 0 -12"><span class='ocrx_word' id='word_1_324' title='bbox 55 1371 191 1402; x_wconf 72' lang='grc' dir='ltr'>ἀπέθανεν</span> <span class='ocrx_word' id='word_1_325' title='bbox 207 1370 273 1412; x_wconf 69' lang='grc' dir='ltr'>ὑπὲρ</span> <span class='ocrx_word' id='word_1_326' title='bbox 289 1373 366 1410; x_wconf 76' lang='grc' dir='ltr'>ἡμῶν</span> <span class='ocrx_word' id='word_1_327' title='bbox 376 1394 385 1409; x_wconf 94' lang='grc'><strong>,</strong></span> <span class='ocrx_word' id='word_1_328' title='bbox 402 1373 458 1404; x_wconf 80' lang='grc' dir='ltr'><strong>πῶς</strong></span> <span class='ocrx_word' id='word_1_329' title='bbox 473 1370 544 1404; x_wconf 80' lang='grc' dir='ltr'>υἱοὺς</span> <span class='ocrx_word' id='word_1_330' title='bbox 563 1372 634 1401; x_wconf 86' lang='grc' dir='ltr'>Θεοῦ</span> <span class='ocrx_word' id='word_1_331' title='bbox 655 1371 763 1406; x_wconf 81' lang='grc' dir='ltr'>ἐποίησε</span> <span class='ocrx_word' id='word_1_332' title='bbox 774 1394 783 1407; x_wconf 90' lang='grc'><strong>,</strong></span> <span class='ocrx_word' id='word_1_333' title='bbox 799 1372 855 1404; x_wconf 81' lang='grc' dir='ltr'><strong>πῶς</strong></span> 
     </span>
    </p>
   </div>
   <div class='ocr_carea' id='block_1_44' title="bbox 55 1415 854 1454">
    <p class='ocr_par' dir='ltr' id='par_1_44' title="bbox 55 1415 854 1454">
     <span class='ocr_line' id='line_1_44' title="bbox 55 1415 854 1454; baseline -0.003 -8"><span class='ocrx_word' id='word_1_334' title='bbox 55 1417 227 1447; x_wconf 75' lang='grc' dir='ltr'>συνεκάθισεν</span> <span class='ocrx_word' id='word_1_335' title='bbox 260 1418 331 1454; x_wconf 73' lang='grc' dir='ltr'>ἡμᾶς</span> <span class='ocrx_word' id='word_1_336' title='bbox 353 1418 382 1446; x_wconf 69' lang='grc' dir='ltr'>ἐκ</span> <span class='ocrx_word' id='word_1_337' title='bbox 416 1415 506 1450; x_wconf 77' lang='grc' dir='ltr'>δεξιῶν</span> <span class='ocrx_word' id='word_1_338' title='bbox 536 1418 581 1445; x_wconf 85' lang='grc' dir='ltr'><strong>τοῦ</strong></span> <span class='ocrx_word' id='word_1_339' title='bbox 611 1415 716 1454; x_wconf 85' lang='grc' dir='ltr'>Πατρὸς</span> <span class='ocrx_word' id='word_1_340' title='bbox 743 1417 770 1445; x_wconf 73' lang='grc' dir='ltr'>ἐν</span> <span class='ocrx_word' id='word_1_341' title='bbox 794 1416 854 1445; x_wconf 58' lang='grc' dir='ltr'>εσυ.</span> 
     </span>
    </p>
   </div>
   <div class='ocr_carea' id='block_1_45' title="bbox 53 1459 854 1502">
    <p class='ocr_par' dir='ltr' id='par_1_45' title="bbox 53 1459 854 1502">
     <span class='ocr_line' id='line_1_45' title="bbox 53 1459 854 1502; baseline -0.004 -10"><span class='ocrx_word' id='word_1_342' title='bbox 53 1464 104 1502; x_wconf 82' lang='grc' dir='ltr'>τῷ.</span> <span class='ocrx_word' id='word_1_343' title='bbox 129 1460 218 1492; x_wconf 72' lang='grc' dir='ltr'><strong>σΩστε</strong></span> <span class='ocrx_word' id='word_1_344' title='bbox 241 1462 265 1490; x_wconf 77' lang='grc' dir='ltr'>οἱ</span> <span class='ocrx_word' id='word_1_345' title='bbox 292 1460 329 1499; x_wconf 86' lang='grc' dir='ltr'><strong>μὴ</strong></span> <span class='ocrx_word' id='word_1_346' title='bbox 352 1460 456 1501; x_wconf 78' lang='grc' dir='ltr'>ἔχοντες</span> <span class='ocrx_word' id='word_1_347' title='bbox 480 1460 510 1490; x_wconf 79' lang='grc' dir='ltr'><strong>τὸ</strong></span> <span class='ocrx_word' id='word_1_348' title='bbox 534 1461 646 1498; x_wconf 81' lang='grc' dir='ltr'>Πνεῦμα</span> <span class='ocrx_word' id='word_1_349' title='bbox 665 1461 694 1490; x_wconf 86' lang='grc' dir='ltr'>οὐ</span> <span class='ocrx_word' id='word_1_350' title='bbox 715 1460 752 1499; x_wconf 85' lang='grc' dir='ltr'><strong>μὴ</strong></span> <span class='ocrx_word' id='word_1_351' title='bbox 778 1459 854 1490; x_wconf 77' lang='grc' dir='ltr'>ἴδωσι</span> 
     </span>
    </p>
   </div>
   <div class='ocr_carea' id='block_1_46' title="bbox 55 1518 154 1536">
    <p class='ocr_par' dir='ltr' id='par_1_46' title="bbox 55 1518 154 1536">
     <span class='ocr_line' id='line_1_46' title="bbox 55 1518 154 1536; baseline -0.01 0"><span class='ocrx_word' id='word_1_352' title='bbox 55 1518 142 1536; x_wconf 84' lang='grc' dir='ltr'>ταυτα</span> <span class='ocrx_word' id='word_1_353' title='bbox 148 1531 154 1535; x_wconf 98' lang='grc'>.</span> 
     </span>
    </p>
   </div>
   <div class='ocr_carea' id='block_1_47' title="bbox 101 1550 856 1590">
    <p class='ocr_par' dir='ltr' id='par_1_47' title="bbox 101 1550 856 1590">
     <span class='ocr_line' id='line_1_47' title="bbox 101 1550 856 1590; baseline -0.001 -10"><span class='ocrx_word' id='word_1_354' title='bbox 101 1562 117 1580; x_wconf 76' lang='grc' dir='ltr'>(ι</span> <span class='ocrx_word' id='word_1_355' title='bbox 135 1551 169 1582; x_wconf 81' lang='grc' dir='ltr'><strong>Ἃ</strong></span> <span class='ocrx_word' id='word_1_356' title='bbox 190 1551 236 1580; x_wconf 87' lang='grc' dir='ltr'><strong>καὶ</strong></span> <span class='ocrx_word' id='word_1_357' title='bbox 257 1551 406 1589; x_wconf 82' lang='grc' dir='ltr'>λαλοῦμεν,</span> <span class='ocrx_word' id='word_1_358' title='bbox 422 1551 471 1580; x_wconf 79' lang='grc' dir='ltr'><strong>οὐκ</strong></span> <span class='ocrx_word' id='word_1_359' title='bbox 487 1552 513 1580; x_wconf 81' lang='grc' dir='ltr'>ἐν</span> <span class='ocrx_word' id='word_1_360' title='bbox 536 1550 667 1584; x_wconf 81' lang='grc' dir='ltr'>διδακτοῖς</span> <span class='ocrx_word' id='word_1_361' title='bbox 689 1550 856 1590; x_wconf 77' lang='grc' dir='ltr'>ἀνθρωπίνης</span> 
     </span>
    </p>
   </div>
   <div class='ocr_carea' id='block_1_48' title="bbox 51 1594 849 1637">
    <p class='ocr_par' dir='ltr' id='par_1_48' title="bbox 51 1594 849 1637">
     <span class='ocr_line' id='line_1_48' title="bbox 51 1594 849 1637; baseline -0.004 -11"><span class='ocrx_word' id='word_1_362' title='bbox 51 1596 150 1637; x_wconf 77' lang='grc' dir='ltr'>σοφίας</span> <span class='ocrx_word' id='word_1_363' title='bbox 164 1595 268 1634; x_wconf 81' lang='grc' dir='ltr'>λόγοις,</span> <span class='ocrx_word' id='word_1_364' title='bbox 286 1595 344 1626; x_wconf 73' lang='grc' dir='ltr'>ἀλλ’</span> <span class='ocrx_word' id='word_1_365' title='bbox 359 1597 386 1625; x_wconf 81' lang='grc' dir='ltr'><strong>ἐν</strong></span> <span class='ocrx_word' id='word_1_366' title='bbox 410 1595 542 1629; x_wconf 82' lang='grc' dir='ltr'>διδακτοῖς</span> <span class='ocrx_word' id='word_1_367' title='bbox 560 1594 717 1632; x_wconf 81' lang='grc' dir='ltr'>Πνεύματος</span> <span class='ocrx_word' id='word_1_368' title='bbox 732 1595 819 1634; x_wconf 78' lang='grc' dir='ltr'>ἁγίου.</span> <span class='ocrx_word' id='word_1_369' title='bbox 836 1607 849 1623; x_wconf 84' lang='grc'><strong>››</strong></span> 
     </span>
    </p>
   </div>
   <div class='ocr_carea' id='block_1_49' title="bbox 52 1639 854 1681">
    <p class='ocr_par' dir='ltr' id='par_1_49' title="bbox 52 1639 854 1681">
     <span class='ocr_line' id='line_1_49' title="bbox 52 1639 854 1681; baseline -0.004 -10"><span class='ocrx_word' id='word_1_370' title='bbox 52 1643 192 1672; x_wconf 83' lang='grc' dir='ltr'>Τοσοῦτον</span> <span class='ocrx_word' id='word_1_371' title='bbox 205 1641 296 1679; x_wconf 74' lang='grc' dir='ltr'>ἡμεῖς,</span> <span class='ocrx_word' id='word_1_372' title='bbox 316 1641 381 1681; x_wconf 76' lang='grc' dir='ltr'>φησὶ</span> <span class='ocrx_word' id='word_1_373' title='bbox 392 1663 400 1677; x_wconf 93' lang='grc'><strong>,</strong></span> <span class='ocrx_word' id='word_1_374' title='bbox 425 1640 571 1680; x_wconf 81' lang='grc' dir='ltr'>σοφώτεροι</span> <span class='ocrx_word' id='word_1_375' title='bbox 586 1642 638 1669; x_wconf 82' lang='grc' dir='ltr'><strong>τῶν</strong></span> <span class='ocrx_word' id='word_1_376' title='bbox 654 1641 716 1679; x_wconf 84' lang='grc' dir='ltr'>παρ’</span> <span class='ocrx_word' id='word_1_377' title='bbox 734 1639 854 1675; x_wconf 79' lang='grc' dir='ltr'>Ἕλλησι</span> 
     </span>
    </p>
   </div>
   <div class='ocr_carea' id='block_1_50' title="bbox 51 1685 854 1726">
    <p class='ocr_par' dir='ltr' id='par_1_50' title="bbox 51 1685 854 1726">
     <span class='ocr_line' id='line_1_50' title="bbox 51 1685 854 1726; baseline -0.002 -10"><span class='ocrx_word' id='word_1_378' title='bbox 51 1687 146 1726; x_wconf 79' lang='grc' dir='ltr'>σοφῶν</span> <span class='ocrx_word' id='word_1_379' title='bbox 161 1708 168 1722; x_wconf 85' lang='grc'><strong>,</strong></span> <span class='ocrx_word' id='word_1_380' title='bbox 184 1686 244 1715; x_wconf 75' lang='grc' dir='ltr'>ὅσον</span> <span class='ocrx_word' id='word_1_381' title='bbox 265 1686 287 1705; x_wconf 72' lang='grc'><strong><em>³⁸</em></strong></span> <span class='ocrx_word' id='word_1_382' title='bbox 308 1687 403 1715; x_wconf 69' lang='grc' dir='ltr'>ἐκεῖνοι</span> <span class='ocrx_word' id='word_1_383' title='bbox 420 1685 468 1723; x_wconf 84' lang='grc' dir='ltr'>μὲν</span> <span class='ocrx_word' id='word_1_384' title='bbox 483 1685 536 1714; x_wconf 75' lang='grc' dir='ltr'>ὕπὸ</span> <span class='ocrx_word' id='word_1_385' title='bbox 551 1685 696 1725; x_wconf 82' lang='grc' dir='ltr'>ἀνθρώπων</span> <span class='ocrx_word' id='word_1_386' title='bbox 712 1685 854 1725; x_wconf 67' lang='grc' dir='ltr'>ἐδιδάχθη-</span> 
     </span>
    </p>
   </div>
   <div class='ocr_carea' id='block_1_51' title="bbox 51 1729 853 1769">
    <p class='ocr_par' dir='ltr' id='par_1_51' title="bbox 51 1729 853 1769">
     <span class='ocr_line' id='line_1_51' title="bbox 51 1729 853 1769; baseline -0.002 -8"><span class='ocrx_word' id='word_1_387' title='bbox 51 1743 106 1762; x_wconf 85' lang='grc' dir='ltr'><strong>σαν</strong></span> <span class='ocrx_word' id='word_1_388' title='bbox 122 1743 129 1749; x_wconf 90' lang='grc'><strong>·</strong></span> <span class='ocrx_word' id='word_1_389' title='bbox 155 1731 231 1769; x_wconf 78' lang='grc' dir='ltr'>ἡμεῖς</span> <span class='ocrx_word' id='word_1_390' title='bbox 254 1731 281 1760; x_wconf 83' lang='grc' dir='ltr'>δὲ</span> <span class='ocrx_word' id='word_1_391' title='bbox 307 1730 324 1760; x_wconf 80' lang='grc' dir='ltr'>ἃ</span> <span class='ocrx_word' id='word_1_392' title='bbox 338 1731 488 1768; x_wconf 79' lang='grc' dir='ltr'>λαλοῦμεν,</span> <span class='ocrx_word' id='word_1_393' title='bbox 517 1729 568 1758; x_wconf 80' lang='grc' dir='ltr'>ὑπὸ</span> <span class='ocrx_word' id='word_1_394' title='bbox 598 1729 754 1769; x_wconf 83' lang='grc' dir='ltr'>Πνεύματος</span> <span class='ocrx_word' id='word_1_395' title='bbox 777 1730 853 1769; x_wconf 81' lang='grc' dir='ltr'>ἁγίου</span> 
     </span>
    </p>
   </div>
   <div class='ocr_carea' id='block_1_52' title="bbox 51 1775 391 1816">
    <p class='ocr_par' dir='ltr' id='par_1_52' title="bbox 51 1775 391 1816">
     <span class='ocr_line' id='line_1_52' title="bbox 51 1775 391 1816; baseline -0.003 -10"><span class='ocrx_word' id='word_1_396' title='bbox 51 1775 225 1816; x_wconf 77' lang='grc' dir='ltr'>διδαχθέντες</span> <span class='ocrx_word' id='word_1_397' title='bbox 248 1776 391 1814; x_wconf 83' lang='grc' dir='ltr'>λαλοῦμεν.</span> 
     </span>
    </p>
   </div>
   <div class='ocr_carea' id='block_1_53' title="bbox 96 1819 854 1859">
    <p class='ocr_par' dir='ltr' id='par_1_53' title="bbox 96 1819 854 1859">
     <span class='ocr_line' id='line_1_53' title="bbox 96 1819 854 1859; baseline -0.001 -10"><span class='ocrx_word' id='word_1_398' title='bbox 96 1834 109 1847; x_wconf 74' lang='grc' dir='ltr'>σι</span> <span class='ocrx_word' id='word_1_399' title='bbox 130 1822 324 1858; x_wconf 85' lang='grc' dir='ltr'>Πνευματικοῖς</span> <span class='ocrx_word' id='word_1_400' title='bbox 347 1819 514 1858; x_wconf 85' lang='grc' dir='ltr'>πνευματικὰ</span> <span class='ocrx_word' id='word_1_401' title='bbox 536 1819 727 1859; x_wconf 76' lang='grc' dir='ltr'>συγκρίνοντες.</span> <span class='ocrx_word' id='word_1_402' title='bbox 749 1833 760 1845; x_wconf 73' lang='grc' dir='ltr'>ι»</span> <span class='ocrx_word' id='word_1_403' title='bbox 783 1820 854 1849; x_wconf 88' lang='grc' dir='ltr'>Του-</span> 
     </span>
    </p>
   </div>
   <div class='ocr_carea' id='block_1_54' title="bbox 49 1863 852 1906">
    <p class='ocr_par' dir='ltr' id='par_1_54' title="bbox 49 1863 852 1906">
     <span class='ocr_line' id='line_1_54' title="bbox 49 1863 852 1906; baseline -0.006 -9"><span class='ocrx_word' id='word_1_404' title='bbox 49 1866 160 1903; x_wconf 54' lang='lat' dir='ltr'><strong>«iam,</strong></span> <span class='ocrx_word' id='word_1_405' title='bbox 179 1865 246 1896; x_wconf 71' lang='grc' dir='ltr'>Ἐὰν</span> <span class='ocrx_word' id='word_1_406' title='bbox 258 1864 414 1906; x_wconf 78' lang='grc' dir='ltr'>ἀνακύψωσί</span> <span class='ocrx_word' id='word_1_407' title='bbox 435 1876 494 1894; x_wconf 85' lang='grc' dir='ltr'>τινα</span> <span class='ocrx_word' id='word_1_408' title='bbox 515 1863 684 1902; x_wconf 76' lang='grc' dir='ltr'>πνευματικὰ</span> <span class='ocrx_word' id='word_1_409' title='bbox 699 1863 852 1902; x_wconf 81' lang='grc' dir='ltr'>ζητήματα,</span> 
     </span>
    </p>
   </div>
   <div class='ocr_carea' id='block_1_55' title="bbox 50 1908 855 1952">
    <p class='ocr_par' dir='ltr' id='par_1_55' title="bbox 50 1908 855 1952">
     <span class='ocr_line' id='line_1_55' title="bbox 50 1908 855 1952; baseline -0.006 -10"><span class='ocrx_word' id='word_1_410' title='bbox 50 1911 231 1952; x_wconf 83' lang='grc' dir='ltr'>συγκρίνομεν</span> <span class='ocrx_word' id='word_1_411' title='bbox 244 1913 339 1947; x_wconf 84' lang='grc' dir='ltr'>ταῦτα,</span> <span class='ocrx_word' id='word_1_412' title='bbox 353 1909 486 1946; x_wconf 79' lang='grc' dir='ltr'>τουτέστι,</span> <span class='ocrx_word' id='word_1_413' title='bbox 501 1908 643 1948; x_wconf 83' lang='grc' dir='ltr'>διαλύομεν</span> <span class='ocrx_word' id='word_1_414' title='bbox 657 1908 689 1938; x_wconf 84' lang='grc' dir='ltr'>δι’</span> <span class='ocrx_word' id='word_1_415' title='bbox 704 1909 800 1952; x_wconf 66' lang='grc' dir='ltr'>ἑτέρων</span> <span class='ocrx_word' id='word_1_416' title='bbox 813 1921 838 1938; x_wconf 89' lang='grc' dir='ltr'><strong>τι</strong></span> <span class='ocrx_word' id='word_1_417' title='bbox 849 1925 855 1929; x_wconf 91' lang='grc'><strong><em>-</em></strong></span> 
     </span>
    </p>
   </div>
   <div class='ocr_carea' id='block_1_56' title="bbox 49 1949 853 1994">
    <p class='ocr_par' dir='ltr' id='par_1_56' title="bbox 49 1949 853 1994">
     <span class='ocr_line' id='line_1_56' title="bbox 49 1949 853 1994; baseline -0.004 -8"><span class='ocrx_word' id='word_1_418' title='bbox 49 1959 108 1987; x_wconf 82' lang='grc' dir='ltr'><strong>νῶν</strong></span> <span class='ocrx_word' id='word_1_419' title='bbox 138 1957 324 1994; x_wconf 80' lang='grc' dir='ltr'>πνευματικῶν</span> <span class='ocrx_word' id='word_1_420' title='bbox 343 1954 484 1993; x_wconf 75' lang='grc' dir='ltr'>νοημάτων</span> <span class='ocrx_word' id='word_1_421' title='bbox 507 1954 525 1990; x_wconf 80' lang='grc' dir='ltr'>ἧ</span> <span class='ocrx_word' id='word_1_422' title='bbox 548 1955 670 1994; x_wconf 79' lang='grc' dir='ltr'>ἱστοριῶν</span> <span class='ocrx_word' id='word_1_423' title='bbox 683 1965 689 1972; x_wconf 89' lang='grc'><strong>·</strong></span> <span class='ocrx_word' id='word_1_424' title='bbox 717 1949 789 1989; x_wconf 77' lang='grc' dir='ltr'>οἶον,</span> <span class='ocrx_word' id='word_1_425' title='bbox 814 1953 853 1983; x_wconf 74' lang='grc' dir='ltr'><strong>ὅτι</strong></span> 
     </span>
    </p>
   </div>
   <div class='ocr_carea' id='block_1_57' title="bbox 50 1995 853 2040">
    <p class='ocr_par' dir='ltr' id='par_1_57' title="bbox 50 1995 853 2040">
     <span class='ocr_line' id='line_1_57' title="bbox 50 1995 853 2040; baseline -0.006 -8"><span class='ocrx_word' id='word_1_426' title='bbox 50 2001 157 2037; x_wconf 76' lang='grc' dir='ltr'>ἀνέστη</span> <span class='ocrx_word' id='word_1_427' title='bbox 171 2003 186 2031; x_wconf 80' lang='grc' dir='ltr'><strong>ὁ</strong></span> <span class='ocrx_word' id='word_1_428' title='bbox 203 2000 318 2040; x_wconf 80' lang='grc' dir='ltr'>Χριστὸς</span> <span class='ocrx_word' id='word_1_429' title='bbox 328 2023 336 2038; x_wconf 88' lang='grc'><strong>,</strong></span> <span class='ocrx_word' id='word_1_430' title='bbox 351 1999 457 2038; x_wconf 76' lang='grc' dir='ltr'>ζήτημά</span> <span class='ocrx_word' id='word_1_431' title='bbox 476 2000 543 2030; x_wconf 77' lang='grc' dir='ltr'>ἐστι.</span> <span class='ocrx_word' id='word_1_432' title='bbox 562 2001 650 2029; x_wconf 86' lang='grc' dir='ltr'>Τοῦτο</span> <span class='ocrx_word' id='word_1_433' title='bbox 664 1995 708 2029; x_wconf 72' lang='grc' dir='ltr'><strong>οὖν</strong></span> <span class='ocrx_word' id='word_1_434' title='bbox 728 2011 853 2037; x_wconf 87' lang='grc' dir='ltr'>πνευμα-</span> 
     </span>
    </p>
   </div>
   <div class='ocr_carea' id='block_1_58' title="bbox 49 2043 852 2084">
    <p class='ocr_par' dir='ltr' id='par_1_58' title="bbox 49 2043 852 2084">
     <span class='ocr_line' id='line_1_58' title="bbox 49 2043 852 2084; baseline -0.004 -8"><span class='ocrx_word' id='word_1_435' title='bbox 49 2047 128 2076; x_wconf 79' lang='grc' dir='ltr'>τικὸν</span> <span class='ocrx_word' id='word_1_436' title='bbox 148 2045 176 2076; x_wconf 83' lang='grc' dir='ltr'><strong>ὂν</strong></span> <span class='ocrx_word' id='word_1_437' title='bbox 200 2045 324 2084; x_wconf 81' lang='grc' dir='ltr'>ζήτημα,</span> <span class='ocrx_word' id='word_1_438' title='bbox 340 2044 366 2080; x_wconf 69' lang='grc' dir='ltr'><strong>ἐξ</strong></span> <span class='ocrx_word' id='word_1_439' title='bbox 387 2045 477 2083; x_wconf 74' lang='grc' dir='ltr'>ἑτέρου</span> <span class='ocrx_word' id='word_1_440' title='bbox 492 2048 689 2083; x_wconf 79' lang='grc' dir='ltr'>πνευματικοῦ,</span> <span class='ocrx_word' id='word_1_441' title='bbox 711 2043 852 2080; x_wconf 83' lang='grc' dir='ltr'>τουτέστι,</span> 
     </span>
    </p>
   </div>
   <div class='ocr_carea' id='block_1_59' title="bbox 48 2088 853 2130">
    <p class='ocr_par' dir='ltr' id='par_1_59' title="bbox 48 2088 853 2130">
     <span class='ocr_line' id='line_1_59' title="bbox 48 2088 853 2130; baseline -0.004 -9"><span class='ocrx_word' id='word_1_442' title='bbox 48 2094 101 2128; x_wconf 77' lang='grc' dir='ltr'><strong>τῆς</strong></span> <span class='ocrx_word' id='word_1_443' title='bbox 135 2090 205 2121; x_wconf 82' lang='grc' dir='ltr'>κατὰ</span> <span class='ocrx_word' id='word_1_444' title='bbox 254 2091 298 2121; x_wconf 82' lang='grc' dir='ltr'><strong>τὸν</strong></span> <span class='ocrx_word' id='word_1_445' title='bbox 326 2090 419 2120; x_wconf 82' lang='grc' dir='ltr'>Ἰωνᾶν</span> <span class='ocrx_word' id='word_1_446' title='bbox 460 2089 576 2130; x_wconf 83' lang='grc' dir='ltr'>ἱστορίας</span> <span class='ocrx_word' id='word_1_447' title='bbox 607 2089 776 2130; x_wconf 80' lang='grc' dir='ltr'>συγκρίνεται</span> <span class='ocrx_word' id='word_1_448' title='bbox 808 2088 853 2118; x_wconf 83' lang='grc' dir='ltr'>καὶ</span> 
     </span>
    </p>
   </div>
   <div class='ocr_carea' id='block_1_60' title="bbox 47 2134 851 2176">
    <p class='ocr_par' dir='ltr' id='par_1_60' title="bbox 47 2134 851 2176">
     <span class='ocr_line' id='line_1_60' title="bbox 47 2134 851 2176; baseline -0.005 -9"><span class='ocrx_word' id='word_1_449' title='bbox 47 2137 158 2167; x_wconf 77' lang='grc' dir='ltr'>λύεται.</span> <span class='ocrx_word' id='word_1_450' title='bbox 172 2135 228 2167; x_wconf 82' lang='grc' dir='ltr'>Καὶ</span> <span class='ocrx_word' id='word_1_451' title='bbox 240 2134 280 2165; x_wconf 77' lang='grc' dir='ltr'>ὅτι</span> <span class='ocrx_word' id='word_1_452' title='bbox 291 2134 417 2176; x_wconf 86' lang='grc' dir='ltr'>παρθένος</span> <span class='ocrx_word' id='word_1_453' title='bbox 425 2134 509 2171; x_wconf 78' lang='grc' dir='ltr'>ἔτεκε,</span> <span class='ocrx_word' id='word_1_454' title='bbox 518 2134 563 2164; x_wconf 75' lang='grc' dir='ltr'>καὶ</span> <span class='ocrx_word' id='word_1_455' title='bbox 576 2137 653 2165; x_wconf 89' lang='grc' dir='ltr'>τοῦτο</span> <span class='ocrx_word' id='word_1_456' title='bbox 664 2134 773 2173; x_wconf 79' lang='grc' dir='ltr'>ζήτημά</span> <span class='ocrx_word' id='word_1_457' title='bbox 784 2136 851 2170; x_wconf 77' lang='grc' dir='ltr'>ἐστι,</span> 
     </span>
    </p>
   </div>
   <div class='ocr_carea' id='block_1_61' title="bbox 910 923 1707 960">
    <p class='ocr_par' dir='ltr' id='par_1_61' title="bbox 910 923 1707 960">
     <span class='ocr_line' id='line_1_61' title="bbox 910 923 1707 960; baseline 0.005 -9"><span class='ocrx_word' id='word_1_458' title='bbox 910 923 981 952; x_wconf 81' lang='lat' dir='ltr'><strong>hanc</strong></span> <span class='ocrx_word' id='word_1_459' title='bbox 994 931 1077 960; x_wconf 89' lang='lat' dir='ltr'><strong>quam</strong></span> <span class='ocrx_word' id='word_1_460' title='bbox 1091 924 1262 960; x_wconf 84' lang='lat' dir='ltr'><strong>accepimus;</strong></span> <span class='ocrx_word' id='word_1_461' title='bbox 1275 933 1310 953; x_wconf 89' lang='lat' dir='ltr'><strong>ne</strong></span> <span class='ocrx_word' id='word_1_462' title='bbox 1324 933 1423 953; x_wconf 86' lang='lat' dir='ltr'><strong>vanam</strong></span> <span class='ocrx_word' id='word_1_463' title='bbox 1441 930 1468 954; x_wconf 90' lang='lat' dir='ltr'><strong>et</strong></span> <span class='ocrx_word' id='word_1_464' title='bbox 1479 926 1604 954; x_wconf 88' lang='lat' dir='ltr'><strong>inutilem</strong></span> <span class='ocrx_word' id='word_1_465' title='bbox 1615 931 1707 955; x_wconf 81' lang='lat' dir='ltr'><strong>osten-</strong></span> 
     </span>
    </p>
   </div>
   <div class='ocr_carea' id='block_1_62' title="bbox 910 968 1706 1008">
    <p class='ocr_par' dir='ltr' id='par_1_62' title="bbox 910 968 1706 1008">
     <span class='ocr_line' id='line_1_62' title="bbox 910 968 1706 1008; baseline 0.005 -12"><span class='ocrx_word' id='word_1_466' title='bbox 910 968 957 997; x_wconf 87' lang='lat' dir='ltr'><strong>dat</strong></span> <span class='ocrx_word' id='word_1_467' title='bbox 978 969 1200 1004; x_wconf 70' lang='lat' dir='ltr'><strong>prmdicationem</strong></span> <span class='ocrx_word' id='word_1_468' title='bbox 1224 974 1359 999; x_wconf 81' lang='lat' dir='ltr'><strong>nostram.</strong></span> <span class='ocrx_word' id='word_1_469' title='bbox 1385 981 1399 994; x_wconf 74' lang='grc' dir='ltr'>ι</span> <span class='ocrx_word' id='word_1_470' title='bbox 1425 970 1480 999; x_wconf 88' lang='lat' dir='ltr'><strong>Sed</strong></span> <span class='ocrx_word' id='word_1_471' title='bbox 1504 971 1637 1007; x_wconf 84' lang='lat' dir='ltr'><strong>Spiritum</strong></span> <span class='ocrx_word' id='word_1_472' title='bbox 1659 973 1706 1008; x_wconf 90' lang='lat' dir='ltr'><strong>qui</strong></span> 
     </span>
    </p>
   </div>
   <div class='ocr_carea' id='block_1_63' title="bbox 910 1013 1705 1050">
    <p class='ocr_par' dir='ltr' id='par_1_63' title="bbox 910 1013 1705 1050">
     <span class='ocr_line' id='line_1_63' title="bbox 910 1013 1705 1050; baseline 0.003 -8"><span class='ocrx_word' id='word_1_473' title='bbox 910 1022 941 1042; x_wconf 84' lang='lat' dir='ltr'><strong>ex</strong></span> <span class='ocrx_word' id='word_1_474' title='bbox 967 1015 1026 1042; x_wconf 90' lang='lat' dir='ltr'><strong>Deo</strong></span> <span class='ocrx_word' id='word_1_475' title='bbox 1050 1018 1100 1047; x_wconf 89' lang='lat' dir='ltr'><strong>est,</strong></span> <span class='ocrx_word' id='word_1_476' title='bbox 1126 1025 1139 1038; x_wconf 77' lang='grc' dir='ltr'>ιο</span> <span class='ocrx_word' id='word_1_477' title='bbox 1163 1013 1216 1043; x_wconf 88' lang='lat' dir='ltr'><strong>hoc</strong></span> <span class='ocrx_word' id='word_1_478' title='bbox 1240 1018 1283 1043; x_wconf 89' lang='lat' dir='ltr'><strong>est</strong></span> <span class='ocrx_word' id='word_1_479' title='bbox 1305 1015 1514 1044; x_wconf 83' lang='lat' dir='ltr'><strong>coessentialem</strong></span> <span class='ocrx_word' id='word_1_480' title='bbox 1537 1024 1602 1044; x_wconf 89' lang='lat' dir='ltr'><strong>cum</strong></span> <span class='ocrx_word' id='word_1_481' title='bbox 1630 1018 1705 1050; x_wconf 89' lang='lat' dir='ltr'><strong>Deo,</strong></span> 
     </span>
    </p>
   </div>
   <div class='ocr_carea' id='block_1_64' title="bbox 911 1058 1706 1097">
    <p class='ocr_par' dir='ltr' id='par_1_64' title="bbox 911 1058 1706 1097">
     <span class='ocr_line' id='line_1_64' title="bbox 911 1058 1706 1097; baseline 0.005 -11"><span class='ocrx_word' id='word_1_482' title='bbox 911 1058 958 1095; x_wconf 89' lang='lat' dir='ltr'><strong>qui</strong></span> <span class='ocrx_word' id='word_1_483' title='bbox 979 1062 1021 1087; x_wconf 85' lang='lat' dir='ltr'><strong>est</strong></span> <span class='ocrx_word' id='word_1_484' title='bbox 1033 1066 1067 1087; x_wconf 79' lang='lat' dir='ltr'><strong>ex</strong></span> <span class='ocrx_word' id='word_1_485' title='bbox 1087 1058 1173 1095; x_wconf 89' lang='lat' dir='ltr'><strong>ipsius</strong></span> <span class='ocrx_word' id='word_1_486' title='bbox 1190 1059 1317 1094; x_wconf 72' lang='lat' dir='ltr'><strong>essentia,</strong></span> <span class='ocrx_word' id='word_1_487' title='bbox 1338 1059 1411 1088; x_wconf 87' lang='lat' dir='ltr'><strong>hunc</strong></span> <span class='ocrx_word' id='word_1_488' title='bbox 1425 1060 1498 1088; x_wconf 84' lang='lat' dir='ltr'><strong>nacti</strong></span> <span class='ocrx_word' id='word_1_489' title='bbox 1518 1068 1615 1090; x_wconf 84' lang='lat' dir='ltr'><strong>sumus</strong></span> <span class='ocrx_word' id='word_1_490' title='bbox 1634 1069 1706 1097; x_wconf 64' lang='lat' dir='ltr'><strong>prat-</strong></span> 
     </span>
    </p>
   </div>
   <div class='ocr_carea' id='block_1_65' title="bbox 910 1107 1059 1139">
    <p class='ocr_par' dir='ltr' id='par_1_65' title="bbox 910 1107 1059 1139">
     <span class='ocr_line' id='line_1_65' title="bbox 910 1107 1059 1139; baseline 0.013 -9"><span class='ocrx_word' id='word_1_491' title='bbox 910 1107 1059 1139; x_wconf 85' lang='lat' dir='ltr'><strong>ceptorem.</strong></span> 
     </span>
    </p>
   </div>
   <div class='ocr_carea' id='block_1_66' title="bbox 948 1148 1705 1185">
    <p class='ocr_par' dir='ltr' id='par_1_66' title="bbox 948 1148 1705 1185">
     <span class='ocr_line' id='line_1_66' title="bbox 948 1148 1705 1185; baseline 0.004 -9"><span class='ocrx_word' id='word_1_492' title='bbox 948 1159 961 1171; x_wconf 81' lang='grc'><strong>‹‹</strong></span> <span class='ocrx_word' id='word_1_493' title='bbox 981 1148 1023 1176; x_wconf 92' lang='lat' dir='ltr'><strong>Ut</strong></span> <span class='ocrx_word' id='word_1_494' title='bbox 1040 1148 1162 1177; x_wconf 83' lang='lat' dir='ltr'><strong>sciamus</strong></span> <span class='ocrx_word' id='word_1_495' title='bbox 1176 1156 1239 1185; x_wconf 68' lang='lat' dir='ltr'><strong>qua</strong></span> <span class='ocrx_word' id='word_1_496' title='bbox 1257 1149 1313 1177; x_wconf 91' lang='lat' dir='ltr'><strong>sint</strong></span> <span class='ocrx_word' id='word_1_497' title='bbox 1335 1157 1350 1177; x_wconf 89' lang='lat' dir='ltr'><strong>a</strong></span> <span class='ocrx_word' id='word_1_498' title='bbox 1373 1151 1434 1178; x_wconf 89' lang='lat' dir='ltr'><strong>Deo</strong></span> <span class='ocrx_word' id='word_1_499' title='bbox 1457 1149 1557 1178; x_wconf 85' lang='lat' dir='ltr'><strong>donata</strong></span> <span class='ocrx_word' id='word_1_500' title='bbox 1578 1150 1670 1179; x_wconf 80' lang='lat' dir='ltr'><strong>nobis.</strong></span> <span class='ocrx_word' id='word_1_501' title='bbox 1693 1162 1705 1175; x_wconf 75' lang='grc' dir='ltr'><strong>ι</strong></span> 
     </span>
    </p>
   </div>
   <div class='ocr_carea' id='block_1_67' title="bbox 911 1193 1707 1230">
    <p class='ocr_par' dir='ltr' id='par_1_67' title="bbox 911 1193 1707 1230">
     <span class='ocr_line' id='line_1_67' title="bbox 911 1193 1707 1230; baseline 0.005 -10"><span class='ocrx_word' id='word_1_502' title='bbox 911 1193 1028 1226; x_wconf 86' lang='lat' dir='ltr'><strong>Lumen,</strong></span> <span class='ocrx_word' id='word_1_503' title='bbox 1055 1193 1157 1229; x_wconf 85' lang='lat' dir='ltr'><strong>inquit,</strong></span> <span class='ocrx_word' id='word_1_504' title='bbox 1179 1198 1221 1222; x_wconf 81' lang='lat' dir='ltr'><strong>est</strong></span> <span class='ocrx_word' id='word_1_505' title='bbox 1245 1193 1373 1230; x_wconf 88' lang='lat' dir='ltr'><strong>Spiritus,</strong></span> <span class='ocrx_word' id='word_1_506' title='bbox 1396 1198 1479 1230; x_wconf 88' lang='lat' dir='ltr'><strong>atque</strong></span> <span class='ocrx_word' id='word_1_507' title='bbox 1499 1195 1589 1229; x_wconf 91' lang='lat' dir='ltr'><strong>ipsum</strong></span> <span class='ocrx_word' id='word_1_508' title='bbox 1610 1195 1707 1224; x_wconf 87' lang='lat' dir='ltr'><strong>lumen</strong></span> 
     </span>
    </p>
   </div>
   <div class='ocr_carea' id='block_1_68' title="bbox 911 1237 1707 1274">
    <p class='ocr_par' dir='ltr' id='par_1_68' title="bbox 911 1237 1707 1274">
     <span class='ocr_line' id='line_1_68' title="bbox 911 1237 1707 1274; baseline 0.004 -9"><span class='ocrx_word' id='word_1_509' title='bbox 911 1237 1077 1273; x_wconf 83' lang='lat' dir='ltr'><strong>accepimus.</strong></span> <span class='ocrx_word' id='word_1_510' title='bbox 1093 1242 1122 1265; x_wconf 90' lang='lat' dir='ltr'><strong>ut</strong></span> <span class='ocrx_word' id='word_1_511' title='bbox 1129 1237 1187 1274; x_wconf 88' lang='lat' dir='ltr'><strong>jam</strong></span> <span class='ocrx_word' id='word_1_512' title='bbox 1202 1238 1266 1266; x_wconf 91' lang='lat' dir='ltr'><strong>olim</strong></span> <span class='ocrx_word' id='word_1_513' title='bbox 1287 1238 1446 1267; x_wconf 85' lang='lat' dir='ltr'><strong>abscondita</strong></span> <span class='ocrx_word' id='word_1_514' title='bbox 1461 1239 1612 1274; x_wconf 81' lang='lat' dir='ltr'><strong>videamus,</strong></span> <span class='ocrx_word' id='word_1_515' title='bbox 1625 1240 1660 1268; x_wconf 90' lang='lat' dir='ltr'><strong>ah</strong></span> <span class='ocrx_word' id='word_1_516' title='bbox 1674 1248 1707 1268; x_wconf 91' lang='lat' dir='ltr'><strong>eo</strong></span> 
     </span>
    </p>
   </div>
   <div class='ocr_carea' id='block_1_69' title="bbox 911 1281 1705 1320">
    <p class='ocr_par' dir='ltr' id='par_1_69' title="bbox 911 1281 1705 1320">
     <span class='ocr_line' id='line_1_69' title="bbox 911 1281 1705 1320; baseline 0.005 -11"><span class='ocrx_word' id='word_1_517' title='bbox 911 1281 1036 1310; x_wconf 83' lang='lat' dir='ltr'><strong>videlicet</strong></span> <span class='ocrx_word' id='word_1_518' title='bbox 1053 1282 1206 1310; x_wconf 85' lang='lat' dir='ltr'><strong>illuminati.</strong></span> <span class='ocrx_word' id='word_1_519' title='bbox 1226 1284 1378 1319; x_wconf 65' lang='lat' dir='ltr'><strong>Quasnam?</strong></span> <span class='ocrx_word' id='word_1_520' title='bbox 1393 1295 1405 1308; x_wconf 77' lang='grc' dir='ltr'><strong>ιι</strong></span> <span class='ocrx_word' id='word_1_521' title='bbox 1419 1285 1487 1320; x_wconf 64' lang='lat' dir='ltr'><strong>Quae</strong></span> <span class='ocrx_word' id='word_1_522' title='bbox 1498 1292 1514 1312; x_wconf 91' lang='lat' dir='ltr'><strong>a</strong></span> <span class='ocrx_word' id='word_1_523' title='bbox 1535 1286 1592 1312; x_wconf 88' lang='lat' dir='ltr'><strong>Deo</strong></span> <span class='ocrx_word' id='word_1_524' title='bbox 1604 1284 1705 1314; x_wconf 85' lang='lat' dir='ltr'><strong>donata</strong></span> 
     </span>
    </p>
   </div>
   <div class='ocr_carea' id='block_1_70' title="bbox 909 1326 1708 1364">
    <p class='ocr_par' dir='ltr' id='par_1_70' title="bbox 909 1326 1708 1364">
     <span class='ocr_line' id='line_1_70' title="bbox 909 1326 1708 1364; baseline 0.005 -10"><span class='ocrx_word' id='word_1_525' title='bbox 909 1326 976 1360; x_wconf 89' lang='lat' dir='ltr'><strong>sint,</strong></span> <span class='ocrx_word' id='word_1_526' title='bbox 994 1338 1006 1351; x_wconf 80' lang='grc' dir='ltr'><strong>ιι</strong></span> <span class='ocrx_word' id='word_1_527' title='bbox 1021 1327 1073 1355; x_wconf 87' lang='lat' dir='ltr'><strong>hoc</strong></span> <span class='ocrx_word' id='word_1_528' title='bbox 1089 1330 1140 1359; x_wconf 78' lang='lat' dir='ltr'><strong>est,</strong></span> <span class='ocrx_word' id='word_1_529' title='bbox 1160 1335 1222 1364; x_wconf 68' lang='lat' dir='ltr'><strong>quae</strong></span> <span class='ocrx_word' id='word_1_530' title='bbox 1241 1327 1275 1356; x_wconf 92' lang='lat' dir='ltr'><strong>ad</strong></span> <span class='ocrx_word' id='word_1_531' title='bbox 1294 1327 1393 1356; x_wconf 84' lang='lat' dir='ltr'><strong>Christi</strong></span> <span class='ocrx_word' id='word_1_532' title='bbox 1412 1328 1643 1364; x_wconf 83' lang='lat' dir='ltr'><strong>dispensationem</strong></span> <span class='ocrx_word' id='word_1_533' title='bbox 1664 1334 1708 1358; x_wconf 73' lang='grc' dir='ltr'>εισ-</span> 
     </span>
    </p>
   </div>
   <div class='ocr_carea' id='block_1_71' title="bbox 909 1371 1704 1410">
    <p class='ocr_par' dir='ltr' id='par_1_71' title="bbox 909 1371 1704 1410">
     <span class='ocr_line' id='line_1_71' title="bbox 909 1371 1704 1410; baseline 0.003 -10"><span class='ocrx_word' id='word_1_534' title='bbox 909 1371 1012 1405; x_wconf 78' lang='lat' dir='ltr'><strong>tinent;</strong></span> <span class='ocrx_word' id='word_1_535' title='bbox 1027 1371 1168 1408; x_wconf 93' lang='lat' dir='ltr'><strong>quomodo</strong></span> <span class='ocrx_word' id='word_1_536' title='bbox 1193 1380 1242 1408; x_wconf 91' lang='lat' dir='ltr'><strong>pro</strong></span> <span class='ocrx_word' id='word_1_537' title='bbox 1266 1373 1344 1400; x_wconf 82' lang='lat' dir='ltr'><strong>nobis</strong></span> <span class='ocrx_word' id='word_1_538' title='bbox 1362 1377 1481 1402; x_wconf 88' lang='lat' dir='ltr'><strong>mortem</strong></span> <span class='ocrx_word' id='word_1_539' title='bbox 1506 1373 1614 1408; x_wconf 88' lang='lat' dir='ltr'><strong>obierit,</strong></span> <span class='ocrx_word' id='word_1_540' title='bbox 1635 1382 1704 1410; x_wconf 89' lang='lat' dir='ltr'><strong>quo-</strong></span> 
     </span>
    </p>
   </div>
   <div class='ocr_carea' id='block_1_72' title="bbox 910 1416 1707 1453">
    <p class='ocr_par' dir='ltr' id='par_1_72' title="bbox 910 1416 1707 1453">
     <span class='ocr_line' id='line_1_72' title="bbox 910 1416 1707 1453; baseline 0.005 -9"><span class='ocrx_word' id='word_1_541' title='bbox 910 1417 993 1445; x_wconf 90' lang='lat' dir='ltr'><strong>modo</strong></span> <span class='ocrx_word' id='word_1_542' title='bbox 1007 1425 1058 1445; x_wconf 86' lang='lat' dir='ltr'><strong>nos</strong></span> <span class='ocrx_word' id='word_1_543' title='bbox 1079 1417 1150 1445; x_wconf 78' lang='lat' dir='ltr'><strong>ﬁlios</strong></span> <span class='ocrx_word' id='word_1_544' title='bbox 1165 1417 1216 1445; x_wconf 89' lang='lat' dir='ltr'><strong>Dei</strong></span> <span class='ocrx_word' id='word_1_545' title='bbox 1228 1416 1332 1451; x_wconf 84' lang='lat' dir='ltr'><strong>fecerit,</strong></span> <span class='ocrx_word' id='word_1_546' title='bbox 1348 1418 1492 1453; x_wconf 90' lang='lat' dir='ltr'><strong>quomodo</strong></span> <span class='ocrx_word' id='word_1_547' title='bbox 1505 1426 1557 1447; x_wconf 88' lang='lat' dir='ltr'><strong>nos</strong></span> <span class='ocrx_word' id='word_1_548' title='bbox 1570 1427 1586 1447; x_wconf 91' lang='lat' dir='ltr'><strong>a</strong></span> <span class='ocrx_word' id='word_1_549' title='bbox 1603 1419 1707 1448; x_wconf 78' lang='lat' dir='ltr'><strong>dextris</strong></span> 
     </span>
    </p>
   </div>
   <div class='ocr_carea' id='block_1_73' title="bbox 909 1461 1706 1500">
    <p class='ocr_par' dir='ltr' id='par_1_73' title="bbox 909 1461 1706 1500">
     <span class='ocr_line' id='line_1_73' title="bbox 909 1461 1706 1500; baseline 0.005 -11"><span class='ocrx_word' id='word_1_550' title='bbox 909 1461 997 1490; x_wconf 88' lang='lat' dir='ltr'><strong>Patris</strong></span> <span class='ocrx_word' id='word_1_551' title='bbox 1016 1461 1098 1498; x_wconf 61' lang='lat'><strong>134</strong></span> <span class='ocrx_word' id='word_1_552' title='bbox 1119 1462 1261 1490; x_wconf 90' lang='lat' dir='ltr'><strong>collocarit</strong></span> <span class='ocrx_word' id='word_1_553' title='bbox 1279 1462 1307 1490; x_wconf 94' lang='lat' dir='ltr'><strong>in</strong></span> <span class='ocrx_word' id='word_1_554' title='bbox 1320 1463 1419 1498; x_wconf 86' lang='lat' dir='ltr'><strong>seipso.</strong></span> <span class='ocrx_word' id='word_1_555' title='bbox 1442 1463 1496 1498; x_wconf 91' lang='lat' dir='ltr'><strong>Qui</strong></span> <span class='ocrx_word' id='word_1_556' title='bbox 1510 1463 1601 1500; x_wconf 81' lang='lat' dir='ltr'><strong>itaque</strong></span> <span class='ocrx_word' id='word_1_557' title='bbox 1618 1464 1706 1500; x_wconf 90' lang='lat' dir='ltr'><strong>Spiri-</strong></span> 
     </span>
    </p>
   </div>
   <div class='ocr_carea' id='block_1_74' title="bbox 872 1502 1416 1540">
    <p class='ocr_par' dir='ltr' id='par_1_74' title="bbox 872 1502 1416 1540">
     <span class='ocr_line' id='line_1_74' title="bbox 872 1502 1416 1540; baseline 0.002 -6"><span class='ocrx_word' id='word_1_558' title='bbox 872 1502 895 1535; x_wconf 90' lang='lat' dir='ltr'>C</span> <span class='ocrx_word' id='word_1_559' title='bbox 910 1510 968 1534; x_wconf 89' lang='lat' dir='ltr'><strong>tum</strong></span> <span class='ocrx_word' id='word_1_560' title='bbox 982 1514 1039 1534; x_wconf 90' lang='lat' dir='ltr'><strong>non</strong></span> <span class='ocrx_word' id='word_1_561' title='bbox 1051 1507 1161 1540; x_wconf 84' lang='lat' dir='ltr'><strong>habent.</strong></span> <span class='ocrx_word' id='word_1_562' title='bbox 1179 1507 1230 1535; x_wconf 86' lang='lat' dir='ltr'><strong>ista</strong></span> <span class='ocrx_word' id='word_1_563' title='bbox 1246 1515 1303 1535; x_wconf 91' lang='lat' dir='ltr'><strong>non</strong></span> <span class='ocrx_word' id='word_1_564' title='bbox 1316 1507 1416 1535; x_wconf 83' lang='lat' dir='ltr'><strong>vident.</strong></span> 
     </span>
    </p>
   </div>
   <div class='ocr_carea' id='block_1_75' title="bbox 947 1552 1708 1588">
    <p class='ocr_par' dir='ltr' id='par_1_75' title="bbox 947 1552 1708 1588">
     <span class='ocr_line' id='line_1_75' title="bbox 947 1552 1708 1588; baseline 0.004 -9"><span class='ocrx_word' id='word_1_565' title='bbox 947 1553 1035 1580; x_wconf 80' lang='lat' dir='ltr'><strong>Vsas.</strong></span> <span class='ocrx_word' id='word_1_566' title='bbox 1050 1554 1094 1580; x_wconf 76' lang='lat' dir='ltr'><strong>ta.</strong></span> <span class='ocrx_word' id='word_1_567' title='bbox 1118 1563 1130 1576; x_wconf 74' lang='grc' dir='ltr'><strong>α</strong></span> <span class='ocrx_word' id='word_1_568' title='bbox 1147 1552 1216 1587; x_wconf 70' lang='lat' dir='ltr'><strong>Quae</strong></span> <span class='ocrx_word' id='word_1_569' title='bbox 1231 1556 1259 1580; x_wconf 89' lang='lat' dir='ltr'><strong>et</strong></span> <span class='ocrx_word' id='word_1_570' title='bbox 1276 1552 1427 1588; x_wconf 85' lang='lat' dir='ltr'><strong>loquimur,</strong></span> <span class='ocrx_word' id='word_1_571' title='bbox 1440 1560 1497 1580; x_wconf 90' lang='lat' dir='ltr'><strong>non</strong></span> <span class='ocrx_word' id='word_1_572' title='bbox 1516 1553 1543 1581; x_wconf 92' lang='lat' dir='ltr'><strong>in</strong></span> <span class='ocrx_word' id='word_1_573' title='bbox 1556 1553 1646 1582; x_wconf 87' lang='lat' dir='ltr'><strong>doctis</strong></span> <span class='ocrx_word' id='word_1_574' title='bbox 1657 1553 1708 1582; x_wconf 86' lang='lat' dir='ltr'><strong>bu-</strong></span> 
     </span>
    </p>
   </div>
   <div class='ocr_carea' id='block_1_76' title="bbox 910 1598 1707 1636">
    <p class='ocr_par' dir='ltr' id='par_1_76' title="bbox 910 1598 1707 1636">
     <span class='ocr_line' id='line_1_76' title="bbox 910 1598 1707 1636; baseline 0.003 -10"><span class='ocrx_word' id='word_1_575' title='bbox 910 1606 999 1627; x_wconf 66' lang='lat' dir='ltr'><strong>manaa</strong></span> <span class='ocrx_word' id='word_1_576' title='bbox 1024 1598 1165 1634; x_wconf 64' lang='lat' dir='ltr'><strong>sapientia</strong></span> <span class='ocrx_word' id='word_1_577' title='bbox 1193 1599 1293 1633; x_wconf 86' lang='lat' dir='ltr'><strong>verbis,</strong></span> <span class='ocrx_word' id='word_1_578' title='bbox 1317 1598 1366 1627; x_wconf 89' lang='lat' dir='ltr'><strong>sed</strong></span> <span class='ocrx_word' id='word_1_579' title='bbox 1393 1599 1420 1627; x_wconf 94' lang='lat' dir='ltr'><strong>in</strong></span> <span class='ocrx_word' id='word_1_580' title='bbox 1438 1599 1562 1628; x_wconf 84' lang='lat' dir='ltr'><strong>doctrina</strong></span> <span class='ocrx_word' id='word_1_581' title='bbox 1587 1600 1707 1636; x_wconf 89' lang='lat' dir='ltr'><strong>Spiritus</strong></span> 
     </span>
    </p>
   </div>
   <div class='ocr_carea' id='block_1_77' title="bbox 908 1643 1708 1681">
    <p class='ocr_par' dir='ltr' id='par_1_77' title="bbox 908 1643 1708 1681">
     <span class='ocr_line' id='line_1_77' title="bbox 908 1643 1708 1681; baseline 0.001 -9"><span class='ocrx_word' id='word_1_582' title='bbox 908 1644 1004 1672; x_wconf 88' lang='lat' dir='ltr'><strong>sancti.</strong></span> <span class='ocrx_word' id='word_1_583' title='bbox 1024 1655 1036 1668; x_wconf 73' lang='grc' dir='ltr'><strong>ι</strong></span> <span class='ocrx_word' id='word_1_584' title='bbox 1052 1645 1150 1678; x_wconf 87' lang='lat' dir='ltr'><strong>Tanto,</strong></span> <span class='ocrx_word' id='word_1_585' title='bbox 1167 1643 1263 1680; x_wconf 76' lang='lat' dir='ltr'><strong>inquit,</strong></span> <span class='ocrx_word' id='word_1_586' title='bbox 1288 1651 1340 1672; x_wconf 90' lang='lat' dir='ltr'><strong>nos</strong></span> <span class='ocrx_word' id='word_1_587' title='bbox 1355 1644 1517 1673; x_wconf 61' lang='lat' dir='ltr'><strong>Graecorum</strong></span> <span class='ocrx_word' id='word_1_588' title='bbox 1538 1645 1708 1681; x_wconf 85' lang='lat' dir='ltr'><strong>sapientibus</strong></span> 
     </span>
    </p>
   </div>
   <div class='ocr_carea' id='block_1_78' title="bbox 908 1689 1705 1725">
    <p class='ocr_par' dir='ltr' id='par_1_78' title="bbox 908 1689 1705 1725">
     <span class='ocr_line' id='line_1_78' title="bbox 908 1689 1705 1725; baseline 0.003 -9"><span class='ocrx_word' id='word_1_589' title='bbox 908 1689 1086 1724; x_wconf 81' lang='lat' dir='ltr'><strong>sapientiores</strong></span> <span class='ocrx_word' id='word_1_590' title='bbox 1099 1696 1204 1723; x_wconf 86' lang='lat' dir='ltr'><strong>sumus,</strong></span> <span class='ocrx_word' id='word_1_591' title='bbox 1230 1693 1332 1725; x_wconf 86' lang='lat' dir='ltr'><strong>quanto</strong></span> <span class='ocrx_word' id='word_1_592' title='bbox 1347 1689 1384 1717; x_wconf 93' lang='lat' dir='ltr'><strong>illi</strong></span> <span class='ocrx_word' id='word_1_593' title='bbox 1403 1689 1516 1725; x_wconf 88' lang='lat' dir='ltr'><strong>quidem</strong></span> <span class='ocrx_word' id='word_1_594' title='bbox 1538 1689 1573 1717; x_wconf 86' lang='lat' dir='ltr'><strong>ab</strong></span> <span class='ocrx_word' id='word_1_595' title='bbox 1586 1689 1705 1718; x_wconf 85' lang='lat' dir='ltr'><strong>homini-</strong></span> 
     </span>
    </p>
   </div>
   <div class='ocr_carea' id='block_1_79' title="bbox 908 1732 1706 1770">
    <p class='ocr_par' dir='ltr' id='par_1_79' title="bbox 908 1732 1706 1770">
     <span class='ocr_line' id='line_1_79' title="bbox 908 1732 1706 1770; baseline 0.004 -10"><span class='ocrx_word' id='word_1_596' title='bbox 908 1732 960 1761; x_wconf 89' lang='lat' dir='ltr'><strong>bus</strong></span> <span class='ocrx_word' id='word_1_597' title='bbox 987 1733 1104 1761; x_wconf 85' lang='lat' dir='ltr'><strong>instituti</strong></span> <span class='ocrx_word' id='word_1_598' title='bbox 1120 1738 1185 1761; x_wconf 88' lang='lat' dir='ltr'><strong>sunt</strong></span> <span class='ocrx_word' id='word_1_599' title='bbox 1201 1742 1207 1760; x_wconf 90' lang='lat'><strong>:</strong></span> <span class='ocrx_word' id='word_1_600' title='bbox 1230 1741 1280 1762; x_wconf 85' lang='lat' dir='ltr'><strong>nos</strong></span> <span class='ocrx_word' id='word_1_601' title='bbox 1295 1742 1358 1762; x_wconf 91' lang='lat' dir='ltr'><strong>vero</strong></span> <span class='ocrx_word' id='word_1_602' title='bbox 1372 1741 1433 1770; x_wconf 62' lang='lat' dir='ltr'><strong>quae</strong></span> <span class='ocrx_word' id='word_1_603' title='bbox 1449 1734 1597 1770; x_wconf 89' lang='lat' dir='ltr'><strong>loquimur,</strong></span> <span class='ocrx_word' id='word_1_604' title='bbox 1611 1742 1627 1762; x_wconf 86' lang='lat' dir='ltr'><strong>a</strong></span> <span class='ocrx_word' id='word_1_605' title='bbox 1646 1734 1706 1770; x_wconf 91' lang='lat' dir='ltr'><strong>Spi-</strong></span> 
     </span>
    </p>
   </div>
   <div class='ocr_carea' id='block_1_80' title="bbox 907 1777 1328 1814">
    <p class='ocr_par' dir='ltr' id='par_1_80' title="bbox 907 1777 1328 1814">
     <span class='ocr_line' id='line_1_80' title="bbox 907 1777 1328 1814; baseline 0 -8"><span class='ocrx_word' id='word_1_606' title='bbox 907 1778 962 1806; x_wconf 88' lang='lat' dir='ltr'><strong>ritu</strong></span> <span class='ocrx_word' id='word_1_607' title='bbox 976 1782 1073 1806; x_wconf 88' lang='lat' dir='ltr'><strong>sancto</strong></span> <span class='ocrx_word' id='word_1_608' title='bbox 1093 1777 1167 1806; x_wconf 83' lang='lat' dir='ltr'><strong>docti</strong></span> <span class='ocrx_word' id='word_1_609' title='bbox 1182 1778 1328 1814; x_wconf 90' lang='lat' dir='ltr'><strong>loquimur.</strong></span> 
     </span>
    </p>
   </div>
   <div class='ocr_carea' id='block_1_81' title="bbox 945 1822 1707 1859">
    <p class='ocr_par' dir='ltr' id='par_1_81' title="bbox 945 1822 1707 1859">
     <span class='ocr_line' id='line_1_81' title="bbox 945 1822 1707 1859; baseline 0.001 -8"><span class='ocrx_word' id='word_1_610' title='bbox 945 1834 959 1847; x_wconf 74' lang='grc' dir='ltr'><strong>ι</strong></span> <span class='ocrx_word' id='word_1_611' title='bbox 978 1823 1166 1859; x_wconf 83' lang='lat' dir='ltr'><strong>Spiritualibus</strong></span> <span class='ocrx_word' id='word_1_612' title='bbox 1196 1822 1348 1858; x_wconf 87' lang='lat' dir='ltr'><strong>spiritualia</strong></span> <span class='ocrx_word' id='word_1_613' title='bbox 1372 1827 1574 1859; x_wconf 85' lang='lat' dir='ltr'><strong>comparantes.</strong></span> <span class='ocrx_word' id='word_1_614' title='bbox 1604 1835 1617 1848; x_wconf 72' lang='grc' dir='ltr'><strong>ι</strong></span> <span class='ocrx_word' id='word_1_615' title='bbox 1646 1825 1707 1852; x_wconf 86' lang='lat' dir='ltr'><strong>Hoc</strong></span> 
     </span>
    </p>
   </div>
   <div class='ocr_carea' id='block_1_82' title="bbox 908 1866 1706 1904">
    <p class='ocr_par' dir='ltr' id='par_1_82' title="bbox 908 1866 1706 1904">
     <span class='ocr_line' id='line_1_82' title="bbox 908 1866 1706 1904; baseline 0.001 -9"><span class='ocrx_word' id='word_1_616' title='bbox 908 1871 959 1901; x_wconf 86' lang='lat' dir='ltr'><strong>est,</strong></span> <span class='ocrx_word' id='word_1_617' title='bbox 973 1867 1000 1895; x_wconf 94' lang='lat' dir='ltr'><strong>Si</strong></span> <span class='ocrx_word' id='word_1_618' title='bbox 1019 1875 1081 1903; x_wconf 69' lang='lat' dir='ltr'><strong>quin</strong></span> <span class='ocrx_word' id='word_1_619' title='bbox 1098 1866 1255 1903; x_wconf 84' lang='lat' dir='ltr'><strong>spirituales</strong></span> <span class='ocrx_word' id='word_1_620' title='bbox 1277 1867 1443 1902; x_wconf 64' lang='lat' dir='ltr'><strong>quaestiones</strong></span> <span class='ocrx_word' id='word_1_621' title='bbox 1465 1872 1620 1904; x_wconf 75' lang='lat' dir='ltr'><strong>emergunt,</strong></span> <span class='ocrx_word' id='word_1_622' title='bbox 1636 1876 1706 1896; x_wconf 88' lang='lat' dir='ltr'><strong>con—</strong></span> 
     </span>
    </p>
   </div>
   <div class='ocr_carea' id='block_1_83' title="bbox 907 1911 1704 1948">
    <p class='ocr_par' dir='ltr' id='par_1_83' title="bbox 907 1911 1704 1948">
     <span class='ocr_line' id='line_1_83' title="bbox 907 1911 1704 1948; baseline 0.001 -8"><span class='ocrx_word' id='word_1_623' title='bbox 907 1912 1023 1941; x_wconf 84' lang='lat' dir='ltr'><strong>ferimus</strong></span> <span class='ocrx_word' id='word_1_624' title='bbox 1043 1919 1099 1943; x_wconf 83' lang='lat' dir='ltr'><strong>eas.</strong></span> <span class='ocrx_word' id='word_1_625' title='bbox 1118 1912 1171 1939; x_wconf 88' lang='lat' dir='ltr'><strong>hoc</strong></span> <span class='ocrx_word' id='word_1_626' title='bbox 1192 1916 1244 1945; x_wconf 86' lang='lat' dir='ltr'><strong>est,</strong></span> <span class='ocrx_word' id='word_1_627' title='bbox 1267 1911 1398 1940; x_wconf 88' lang='lat' dir='ltr'><strong>diluimus</strong></span> <span class='ocrx_word' id='word_1_628' title='bbox 1418 1919 1466 1947; x_wconf 84' lang='lat' dir='ltr'><strong>per</strong></span> <span class='ocrx_word' id='word_1_629' title='bbox 1489 1912 1557 1939; x_wconf 87' lang='lat' dir='ltr'><strong>alios</strong></span> <span class='ocrx_word' id='word_1_630' title='bbox 1571 1913 1704 1948; x_wconf 86' lang='lat' dir='ltr'><strong>quosdam</strong></span> 
     </span>
    </p>
   </div>
   <div class='ocr_carea' id='block_1_84' title="bbox 908 1956 1705 1994">
    <p class='ocr_par' dir='ltr' id='par_1_84' title="bbox 908 1956 1705 1994">
     <span class='ocr_line' id='line_1_84' title="bbox 908 1956 1705 1994; baseline 0 -8"><span class='ocrx_word' id='word_1_631' title='bbox 908 1957 1064 1994; x_wconf 87' lang='lat' dir='ltr'><strong>spirituales</strong></span> <span class='ocrx_word' id='word_1_632' title='bbox 1085 1960 1232 1993; x_wconf 89' lang='lat' dir='ltr'><strong>conceptus</strong></span> <span class='ocrx_word' id='word_1_633' title='bbox 1246 1957 1288 1985; x_wconf 92' lang='lat' dir='ltr'><strong>vel</strong></span> <span class='ocrx_word' id='word_1_634' title='bbox 1307 1956 1435 1985; x_wconf 85' lang='lat' dir='ltr'><strong>historias</strong></span> <span class='ocrx_word' id='word_1_635' title='bbox 1459 1966 1465 1985; x_wconf 93' lang='lat'><strong>:</strong></span> <span class='ocrx_word' id='word_1_636' title='bbox 1491 1957 1575 1986; x_wconf 88' lang='lat' dir='ltr'><strong>veluti</strong></span> <span class='ocrx_word' id='word_1_637' title='bbox 1589 1957 1705 1993; x_wconf 63' lang='lat' dir='ltr'><strong>questio</strong></span> 
     </span>
    </p>
   </div>
   <div class='ocr_carea' id='block_1_85' title="bbox 909 2001 1707 2038">
    <p class='ocr_par' dir='ltr' id='par_1_85' title="bbox 909 2001 1707 2038">
     <span class='ocr_line' id='line_1_85' title="bbox 909 2001 1707 2038; baseline 0 -8"><span class='ocrx_word' id='word_1_638' title='bbox 909 2007 961 2036; x_wconf 89' lang='lat' dir='ltr'><strong>est,</strong></span> <span class='ocrx_word' id='word_1_639' title='bbox 977 2010 1012 2030; x_wconf 89' lang='lat' dir='ltr'><strong>an</strong></span> <span class='ocrx_word' id='word_1_640' title='bbox 1029 2001 1153 2030; x_wconf 86' lang='lat' dir='ltr'><strong>Christus</strong></span> <span class='ocrx_word' id='word_1_641' title='bbox 1173 2002 1347 2030; x_wconf 84' lang='lat' dir='ltr'><strong>resurrexerit</strong></span> <span class='ocrx_word' id='word_1_642' title='bbox 1370 2011 1376 2029; x_wconf 83' lang='lat'><strong>;</strong></span> <span class='ocrx_word' id='word_1_643' title='bbox 1401 2009 1463 2038; x_wconf 63' lang='lat' dir='ltr'><strong>quae</strong></span> <span class='ocrx_word' id='word_1_644' title='bbox 1482 2009 1545 2030; x_wconf 91' lang='lat' dir='ltr'><strong>cum</strong></span> <span class='ocrx_word' id='word_1_645' title='bbox 1560 2001 1707 2038; x_wconf 82' lang='lat' dir='ltr'><strong>spiritualis</strong></span> 
     </span>
    </p>
   </div>
   <div class='ocr_carea' id='block_1_86' title="bbox 907 2046 1704 2083">
    <p class='ocr_par' dir='ltr' id='par_1_86' title="bbox 907 2046 1704 2083">
     <span class='ocr_line' id='line_1_86' title="bbox 907 2046 1704 2083; baseline -0.001 -7"><span class='ocrx_word' id='word_1_646' title='bbox 907 2048 955 2083; x_wconf 82' lang='lat' dir='ltr'><strong>sit,</strong></span> <span class='ocrx_word' id='word_1_647' title='bbox 985 2055 1017 2075; x_wconf 90' lang='lat' dir='ltr'><strong>ex</strong></span> <span class='ocrx_word' id='word_1_648' title='bbox 1044 2047 1097 2075; x_wconf 90' lang='lat' dir='ltr'><strong>alia</strong></span> <span class='ocrx_word' id='word_1_649' title='bbox 1122 2047 1268 2083; x_wconf 87' lang='lat' dir='ltr'><strong>spirituali,</strong></span> <span class='ocrx_word' id='word_1_650' title='bbox 1304 2046 1439 2075; x_wconf 87' lang='lat' dir='ltr'><strong>nimirum</strong></span> <span class='ocrx_word' id='word_1_651' title='bbox 1467 2047 1546 2075; x_wconf 70' lang='lat' dir='ltr'><strong>Iona:</strong></span> <span class='ocrx_word' id='word_1_652' title='bbox 1579 2046 1704 2083; x_wconf 84' lang='lat' dir='ltr'><strong>historia,</strong></span> 
     </span>
    </p>
   </div>
   <div class='ocr_carea' id='block_1_87' title="bbox 907 2091 1704 2128">
    <p class='ocr_par' dir='ltr' id='par_1_87' title="bbox 907 2091 1704 2128">
     <span class='ocr_line' id='line_1_87' title="bbox 907 2091 1704 2128; baseline -0.001 -7"><span class='ocrx_word' id='word_1_653' title='bbox 907 2096 1084 2128; x_wconf 84' lang='lat' dir='ltr'><strong>comparatur</strong></span> <span class='ocrx_word' id='word_1_654' title='bbox 1105 2096 1133 2120; x_wconf 88' lang='lat' dir='ltr'><strong>et</strong></span> <span class='ocrx_word' id='word_1_655' title='bbox 1153 2091 1278 2120; x_wconf 86' lang='lat' dir='ltr'><strong>diluitur.</strong></span> <span class='ocrx_word' id='word_1_656' title='bbox 1301 2092 1346 2120; x_wconf 90' lang='lat' dir='ltr'><strong>Sic</strong></span> <span class='ocrx_word' id='word_1_657' title='bbox 1367 2091 1484 2127; x_wconf 68' lang='lat' dir='ltr'><strong>qumstio</strong></span> <span class='ocrx_word' id='word_1_658' title='bbox 1498 2096 1550 2123; x_wconf 76' lang='lat' dir='ltr'><strong>est,</strong></span> <span class='ocrx_word' id='word_1_659' title='bbox 1570 2100 1606 2120; x_wconf 90' lang='lat' dir='ltr'><strong>an</strong></span> <span class='ocrx_word' id='word_1_660' title='bbox 1622 2092 1704 2128; x_wconf 78' lang='lat' dir='ltr'><strong>Virgo</strong></span> 
     </span>
    </p>
   </div>
   <div class='ocr_carea' id='block_1_88' title="bbox 907 2136 1706 2174">
    <p class='ocr_par' dir='ltr' id='par_1_88' title="bbox 907 2136 1706 2174">
     <span class='ocr_line' id='line_1_88' title="bbox 907 2136 1706 2174; baseline -0.001 -8"><span class='ocrx_word' id='word_1_661' title='bbox 907 2138 1027 2174; x_wconf 83' lang='lat' dir='ltr'><strong>peperit;</strong></span> <span class='ocrx_word' id='word_1_662' title='bbox 1043 2145 1104 2173; x_wconf 61' lang='lat' dir='ltr'><strong>qua:</strong></span> <span class='ocrx_word' id='word_1_663' title='bbox 1117 2137 1213 2165; x_wconf 88' lang='lat' dir='ltr'><strong>itidem</strong></span> <span class='ocrx_word' id='word_1_664' title='bbox 1228 2136 1341 2165; x_wconf 88' lang='lat' dir='ltr'><strong>diluitur</strong></span> <span class='ocrx_word' id='word_1_665' title='bbox 1356 2144 1403 2173; x_wconf 91' lang='lat' dir='ltr'><strong>per</strong></span> <span class='ocrx_word' id='word_1_666' title='bbox 1415 2137 1515 2170; x_wconf 67' lang='lat' dir='ltr'><strong>Sarrae,</strong></span> <span class='ocrx_word' id='word_1_667' title='bbox 1535 2137 1665 2166; x_wconf 64' lang='lat' dir='ltr'><strong>Rebeccae</strong></span> <span class='ocrx_word' id='word_1_668' title='bbox 1679 2142 1706 2165; x_wconf 89' lang='lat' dir='ltr'><strong>et</strong></span> 
     </span>
    </p>
   </div>
   <div class='ocr_carea' id='block_1_89' title="bbox 49 2178 912 2221">
    <p class='ocr_par' dir='ltr' id='par_1_89' title="bbox 49 2178 912 2221">
     <span class='ocr_line' id='line_1_89' title="bbox 49 2178 912 2221; baseline -0.002 -10"><span class='ocrx_word' id='word_1_669' title='bbox 49 2182 100 2211; x_wconf 77' lang='grc' dir='ltr'><strong>καὶ</strong></span> <span class='ocrx_word' id='word_1_670' title='bbox 123 2181 214 2211; x_wconf 76' lang='grc' dir='ltr'>λύεται</span> <span class='ocrx_word' id='word_1_671' title='bbox 236 2182 266 2210; x_wconf 76' lang='grc' dir='ltr'>ἐκ</span> <span class='ocrx_word' id='word_1_672' title='bbox 291 2182 339 2216; x_wconf 81' lang='grc' dir='ltr'><strong>τῆς</strong></span> <span class='ocrx_word' id='word_1_673' title='bbox 363 2178 525 2220; x_wconf 83' lang='grc' dir='ltr'>στειρώσεως</span> <span class='ocrx_word' id='word_1_674' title='bbox 536 2179 563 2197; x_wconf 78' lang='grc'><strong>⁴²</strong></span> <span class='ocrx_word' id='word_1_675' title='bbox 588 2182 635 2216; x_wconf 84' lang='grc' dir='ltr'><strong>τῆς</strong></span> <span class='ocrx_word' id='word_1_676' title='bbox 653 2180 778 2221; x_wconf 78' lang='grc' dir='ltr'>Σάῤῥας,</span> <span class='ocrx_word' id='word_1_677' title='bbox 803 2182 851 2216; x_wconf 75' lang='grc' dir='ltr'><strong>τῆς</strong></span> <span class='ocrx_word' id='word_1_678' title='bbox 869 2184 912 2221; x_wconf 62' lang='grc' dir='ltr'><strong>[δέ</strong></span> 
     </span>
    </p>
   </div>
   <div class='ocr_carea' id='block_1_90' title="bbox 947 2178 1705 2221">
    <p class='ocr_par' dir='ltr' id='par_1_90' title="bbox 947 2180 1705 2218">
     <span class='ocr_line' id='line_1_90' title="bbox 947 2180 1705 2218; baseline -0.001 -7"><span class='ocrx_word' id='word_1_679' title='bbox 947 2182 1072 2211; x_wconf 70' lang='lat' dir='ltr'><strong>isabethaa</strong></span> <span class='ocrx_word' id='word_1_680' title='bbox 1080 2182 1264 2216; x_wconf 81' lang='lat' dir='ltr'><strong>sterilitatem,</strong></span> <span class='ocrx_word' id='word_1_681' title='bbox 1275 2189 1338 2218; x_wconf 65' lang='lat' dir='ltr'><strong>qua:</strong></span> <span class='ocrx_word' id='word_1_682' title='bbox 1345 2180 1469 2218; x_wconf 88' lang='lat' dir='ltr'><strong>profecto</strong></span> <span class='ocrx_word' id='word_1_683' title='bbox 1480 2190 1536 2210; x_wconf 90' lang='lat' dir='ltr'><strong>non</strong></span> <span class='ocrx_word' id='word_1_684' title='bbox 1546 2190 1579 2209; x_wconf 81' lang='lat' dir='ltr'><strong>ex</strong></span> <span class='ocrx_word' id='word_1_685' title='bbox 1589 2182 1705 2210; x_wconf 87' lang='lat' dir='ltr'><strong>naturali</strong></span> 
     </span>
    </p>
   </div>
   <div class='ocr_carea' id='block_1_91' title="bbox 47 2224 849 2264">
    <p class='ocr_par' dir='ltr' id='par_1_91' title="bbox 47 2224 849 2264">
     <span class='ocr_line' id='line_1_91' title="bbox 47 2224 849 2264; baseline -0.005 -7"><span class='ocrx_word' id='word_1_686' title='bbox 47 2226 217 2263; x_wconf 77' lang='grc' dir='ltr'>Ῥεϐέκκας,</span> <span class='ocrx_word' id='word_1_687' title='bbox 239 2228 285 2262; x_wconf 81' lang='grc' dir='ltr'><strong>τῆς</strong></span> <span class='ocrx_word' id='word_1_688' title='bbox 309 2224 454 2256; x_wconf 82' lang='grc' dir='ltr'>Ἐλισάϐετ</span> <span class='ocrx_word' id='word_1_689' title='bbox 470 2237 476 2243; x_wconf 92' lang='grc'><strong>-</strong></span> <span class='ocrx_word' id='word_1_690' title='bbox 493 2224 522 2253; x_wconf 80' lang='grc' dir='ltr'><strong>αἳ</strong></span> <span class='ocrx_word' id='word_1_691' title='bbox 534 2226 563 2254; x_wconf 87' lang='grc' dir='ltr'>οὗ</span> <span class='ocrx_word' id='word_1_692' title='bbox 579 2227 677 2264; x_wconf 78' lang='grc' dir='ltr'>φυσικῆ</span> <span class='ocrx_word' id='word_1_693' title='bbox 692 2224 849 2264; x_wconf 74' lang='grc' dir='ltr'>ἀκολουθίᾳ,</span> 
     </span>
    </p>
   </div>
   <div class='ocr_carea' id='block_1_92' title="bbox 49 2270 835 2311">
    <p class='ocr_par' dir='ltr' id='par_1_92' title="bbox 49 2270 835 2311">
     <span class='ocr_line' id='line_1_92' title="bbox 49 2270 835 2311; baseline -0.003 -10"><span class='ocrx_word' id='word_1_694' title='bbox 49 2272 116 2302; x_wconf 75' lang='grc' dir='ltr'>ὅσον</span> <span class='ocrx_word' id='word_1_695' title='bbox 148 2283 177 2310; x_wconf 84' lang='grc' dir='ltr'><strong>γε</strong></span> <span class='ocrx_word' id='word_1_696' title='bbox 201 2270 265 2311; x_wconf 79' lang='grc' dir='ltr'>πρὸς</span> <span class='ocrx_word' id='word_1_697' title='bbox 296 2270 344 2306; x_wconf 82' lang='grc' dir='ltr'><strong>τὴν</strong></span> <span class='ocrx_word' id='word_1_698' title='bbox 364 2270 474 2308; x_wconf 83' lang='grc' dir='ltr'>δύναμιν</span> <span class='ocrx_word' id='word_1_699' title='bbox 500 2270 614 2305; x_wconf 77' lang='grc' dir='ltr'>ἑκάστης</span> <span class='ocrx_word' id='word_1_700' title='bbox 639 2270 761 2309; x_wconf 84' lang='grc' dir='ltr'>μήτρας,</span> <span class='ocrx_word' id='word_1_701' title='bbox 788 2281 835 2299; x_wconf 82' lang='grc' dir='ltr'><strong>συν</strong></span> 
     </span>
    </p>
   </div>
   <div class='ocr_carea' id='block_1_93' title="bbox 50 2314 853 2354">
    <p class='ocr_par' dir='ltr' id='par_1_93' title="bbox 50 2314 853 2354">
     <span class='ocr_line' id='line_1_93' title="bbox 50 2314 853 2354; baseline -0.002 -8"><span class='ocrx_word' id='word_1_702' title='bbox 50 2316 153 2347; x_wconf 78' lang='grc' dir='ltr'>έλαϐον</span> <span class='ocrx_word' id='word_1_703' title='bbox 167 2327 173 2334; x_wconf 88' lang='grc'><strong>·</strong></span> <span class='ocrx_word' id='word_1_704' title='bbox 197 2316 243 2345; x_wconf 80' lang='grc' dir='ltr'><strong>καὶ</strong></span> <span class='ocrx_word' id='word_1_705' title='bbox 253 2317 282 2345; x_wconf 81' lang='grc' dir='ltr'>ἐκ</span> <span class='ocrx_word' id='word_1_706' title='bbox 302 2318 348 2345; x_wconf 86' lang='grc' dir='ltr'><strong>τοῦ</strong></span> <span class='ocrx_word' id='word_1_707' title='bbox 362 2315 410 2351; x_wconf 86' lang='grc' dir='ltr'><strong>τὴν</strong></span> <span class='ocrx_word' id='word_1_708' title='bbox 431 2314 504 2345; x_wconf 85' lang='grc' dir='ltr'>Εὔαν</span> <span class='ocrx_word' id='word_1_709' title='bbox 519 2316 550 2344; x_wconf 69' lang='grc' dir='ltr'>ἐκ</span> <span class='ocrx_word' id='word_1_710' title='bbox 571 2318 616 2344; x_wconf 84' lang='grc' dir='ltr'><strong>τοῦ</strong></span> <span class='ocrx_word' id='word_1_711' title='bbox 631 2315 715 2354; x_wconf 81' lang='grc' dir='ltr'>Ἀδὰμ</span> <span class='ocrx_word' id='word_1_712' title='bbox 731 2315 853 2354; x_wconf 82' lang='grc' dir='ltr'>ἀσπόρως</span> 
     </span>
    </p>
   </div>
   <div class='ocr_carea' id='block_1_94' title="bbox 49 2359 854 2401">
    <p class='ocr_par' dir='ltr' id='par_1_94' title="bbox 49 2359 854 2401">
     <span class='ocr_line' id='line_1_94' title="bbox 49 2359 854 2401; baseline -0.002 -10"><span class='ocrx_word' id='word_1_713' title='bbox 49 2361 192 2401; x_wconf 79' lang='grc' dir='ltr'>γενέσθαι,</span> <span class='ocrx_word' id='word_1_714' title='bbox 212 2361 257 2391; x_wconf 85' lang='grc' dir='ltr'>καὶ</span> <span class='ocrx_word' id='word_1_715' title='bbox 276 2360 302 2395; x_wconf 76' lang='grc' dir='ltr'><strong>ἐξ</strong></span> <span class='ocrx_word' id='word_1_716' title='bbox 318 2360 406 2390; x_wconf 81' lang='grc' dir='ltr'>ἄλλων</span> <span class='ocrx_word' id='word_1_717' title='bbox 421 2362 474 2390; x_wconf 79' lang='grc' dir='ltr'><strong>τῶν</strong></span> <span class='ocrx_word' id='word_1_718' title='bbox 495 2360 565 2389; x_wconf 78' lang='grc' dir='ltr'>κατὰ</span> <span class='ocrx_word' id='word_1_719' title='bbox 579 2359 628 2396; x_wconf 72' lang='grc' dir='ltr'><strong>τὴν</strong></span> <span class='ocrx_word' id='word_1_720' title='bbox 647 2360 757 2400; x_wconf 84' lang='grc' dir='ltr'>πρώτην</span> <span class='ocrx_word' id='word_1_721' title='bbox 777 2361 813 2394; x_wconf 78' lang='grc' dir='ltr'>εἷς</span> <span class='ocrx_word' id='word_1_722' title='bbox 825 2360 854 2389; x_wconf 80' lang='grc' dir='ltr'><strong>τὸ</strong></span> 
     </span>
    </p>
   </div>
   <div class='ocr_carea' id='block_1_95' title="bbox 49 2403 853 2446">
    <p class='ocr_par' dir='ltr' id='par_1_95' title="bbox 49 2403 853 2446">
     <span class='ocr_line' id='line_1_95' title="bbox 49 2403 853 2446; baseline -0.004 -9"><span class='ocrx_word' id='word_1_723' title='bbox 49 2403 123 2437; x_wconf 79' lang='grc' dir='ltr'>εἶναι</span> <span class='ocrx_word' id='word_1_724' title='bbox 145 2404 307 2446; x_wconf 81' lang='grc' dir='ltr'>παραγωγὴν</span> <span class='ocrx_word' id='word_1_725' title='bbox 331 2405 530 2445; x_wconf 80' lang='grc' dir='ltr'>θεωρουμένων.</span> <span class='ocrx_word' id='word_1_726' title='bbox 562 2404 675 2440; x_wconf 75' lang='grc' dir='ltr'>Νοήσεις</span> <span class='ocrx_word' id='word_1_727' title='bbox 700 2404 728 2434; x_wconf 80' lang='grc' dir='ltr'>δὲ</span> <span class='ocrx_word' id='word_1_728' title='bbox 749 2405 794 2435; x_wconf 74' lang='grc' dir='ltr'>καὶ</span> <span class='ocrx_word' id='word_1_729' title='bbox 809 2404 853 2435; x_wconf 80' lang='grc' dir='ltr'>οὕ-</span> 
     </span>
    </p>
   </div>
   <div class='ocr_carea' id='block_1_96' title="bbox 49 2450 849 2490">
    <p class='ocr_par' dir='ltr' id='par_1_96' title="bbox 49 2450 849 2490">
     <span class='ocr_line' id='line_1_96' title="bbox 49 2450 849 2490; baseline -0.004 -8"><span class='ocrx_word' id='word_1_730' title='bbox 49 2465 93 2482; x_wconf 87' lang='grc' dir='ltr'>τω</span> <span class='ocrx_word' id='word_1_731' title='bbox 109 2453 156 2488; x_wconf 82' lang='grc' dir='ltr'><strong>τὸ,</strong></span> <span class='ocrx_word' id='word_1_732' title='bbox 175 2465 187 2478; x_wconf 83' lang='grc' dir='ltr'><strong>ι</strong></span> <span class='ocrx_word' id='word_1_733' title='bbox 209 2454 396 2489; x_wconf 80' lang='grc' dir='ltr'>πνευματικοῖς</span> <span class='ocrx_word' id='word_1_734' title='bbox 418 2450 585 2488; x_wconf 82' lang='grc' dir='ltr'>πνευματικὰ</span> <span class='ocrx_word' id='word_1_735' title='bbox 606 2450 809 2490; x_wconf 82' lang='grc' dir='ltr'>συγκρίνοντες,</span> <span class='ocrx_word' id='word_1_736' title='bbox 835 2461 849 2478; x_wconf 68' lang='grc' dir='ltr'>ι)</span> 
     </span>
    </p>
   </div>
   <div class='ocr_carea' id='block_1_97' title="bbox 51 2494 854 2535">
    <p class='ocr_par' dir='ltr' id='par_1_97' title="bbox 51 2494 854 2535">
     <span class='ocr_line' id='line_1_97' title="bbox 51 2494 854 2535; baseline -0.002 -9"><span class='ocrx_word' id='word_1_737' title='bbox 51 2497 114 2527; x_wconf 76' lang='grc' dir='ltr'>ἀντὶ</span> <span class='ocrx_word' id='word_1_738' title='bbox 139 2498 203 2532; x_wconf 86' lang='grc' dir='ltr'>τοῦ,</span> <span class='ocrx_word' id='word_1_739' title='bbox 234 2497 423 2534; x_wconf 81' lang='grc' dir='ltr'>πνευματικοῖς</span> <span class='ocrx_word' id='word_1_740' title='bbox 447 2495 593 2535; x_wconf 76' lang='grc' dir='ltr'>ἀνθρώποις</span> <span class='ocrx_word' id='word_1_741' title='bbox 624 2494 658 2525; x_wconf 77' lang='grc' dir='ltr'><strong>τὰ</strong></span> <span class='ocrx_word' id='word_1_742' title='bbox 687 2495 854 2534; x_wconf 78' lang='grc' dir='ltr'>πνευματικὰ</span> 
     </span>
    </p>
   </div>
   <div class='ocr_carea' id='block_1_98' title="bbox 51 2535 852 2583">
    <p class='ocr_par' dir='ltr' id='par_1_98' title="bbox 51 2535 852 2583">
     <span class='ocr_line' id='line_1_98' title="bbox 51 2535 852 2583; baseline -0.001 -13"><span class='ocrx_word' id='word_1_743' title='bbox 51 2541 238 2583; x_wconf 80' lang='grc' dir='ltr'>συγκρίνοντες</span> <span class='ocrx_word' id='word_1_744' title='bbox 261 2540 308 2570; x_wconf 72' lang='grc' dir='ltr'>καὶ</span> <span class='ocrx_word' id='word_1_745' title='bbox 335 2540 483 2574; x_wconf 86' lang='grc' dir='ltr'>διαλύοντες</span> <span class='ocrx_word' id='word_1_746' title='bbox 499 2551 506 2558; x_wconf 88' lang='grc'><strong>·</strong></span> <span class='ocrx_word' id='word_1_747' title='bbox 533 2535 605 2570; x_wconf 61' lang='grc' dir='ltr'>οὗτοι</span> <span class='ocrx_word' id='word_1_748' title='bbox 629 2539 681 2581; x_wconf 75' lang='grc' dir='ltr'><strong>γὰρ</strong></span> <span class='ocrx_word' id='word_1_749' title='bbox 704 2540 779 2579; x_wconf 78' lang='grc' dir='ltr'>μόνοι</span> <span class='ocrx_word' id='word_1_750' title='bbox 806 2539 852 2570; x_wconf 83' lang='grc' dir='ltr'><strong>δύ-</strong></span> 
     </span>
    </p>
   </div>
   <div class='ocr_carea' id='block_1_99' title="bbox 50 2585 605 2628">
    <p class='ocr_par' dir='ltr' id='par_1_99' title="bbox 50 2585 605 2628">
     <span class='ocr_line' id='line_1_99' title="bbox 50 2585 605 2628; baseline -0.007 -10"><span class='ocrx_word' id='word_1_751' title='bbox 50 2598 149 2618; x_wconf 88' lang='grc' dir='ltr'>νανται</span> <span class='ocrx_word' id='word_1_752' title='bbox 163 2590 261 2628; x_wconf 86' lang='grc' dir='ltr'>χωρεῖν</span> <span class='ocrx_word' id='word_1_753' title='bbox 278 2588 373 2617; x_wconf 87' lang='grc' dir='ltr'>ταῦτα.</span> <span class='ocrx_word' id='word_1_754' title='bbox 390 2585 505 2624; x_wconf 81' lang='grc' dir='ltr'>Ἐπάγει</span> <span class='ocrx_word' id='word_1_755' title='bbox 522 2587 583 2626; x_wconf 90' lang='grc' dir='ltr'>γοῦν</span> <span class='ocrx_word' id='word_1_756' title='bbox 598 2596 605 2605; x_wconf 72' lang='grc' dir='ltr'><strong>ι</strong></span> 
     </span>
    </p>
   </div>
   <div class='ocr_carea' id='block_1_100' title="bbox 97 2629 852 2670">
    <p class='ocr_par' dir='ltr' id='par_1_100' title="bbox 97 2629 852 2670">
     <span class='ocr_line' id='line_1_100' title="bbox 97 2629 852 2670; baseline -0.005 -7"><span class='ocrx_word' id='word_1_757' title='bbox 97 2645 111 2659; x_wconf 83' lang='lat' dir='ltr'><strong>I</strong></span> <span class='ocrx_word' id='word_1_758' title='bbox 128 2633 325 2670; x_wconf 82' lang='grc' dir='ltr'>Πνευματικοῖς</span> <span class='ocrx_word' id='word_1_759' title='bbox 349 2630 516 2670; x_wconf 77' lang='grc' dir='ltr'>πνευματικὰ</span> <span class='ocrx_word' id='word_1_760' title='bbox 532 2630 724 2670; x_wconf 82' lang='grc' dir='ltr'>συγκρίνοντες.</span> <span class='ocrx_word' id='word_1_761' title='bbox 745 2643 757 2657; x_wconf 74' lang='grc' dir='ltr'><strong><em>ι</em></strong></span> <span class='ocrx_word' id='word_1_762' title='bbox 774 2629 852 2669; x_wconf 56' lang='lat'><strong>{1&#39;06-</strong></span> 
     </span>
    </p>
   </div>
   <div class='ocr_carea' id='block_1_101' title="bbox 51 2674 852 2717">
    <p class='ocr_par' dir='ltr' id='par_1_101' title="bbox 51 2674 852 2717">
     <span class='ocr_line' id='line_1_101' title="bbox 51 2674 852 2717; baseline -0.005 -10"><span class='ocrx_word' id='word_1_763' title='bbox 51 2677 162 2714; x_wconf 83' lang='grc' dir='ltr'>τέστιν,</span> <span class='ocrx_word' id='word_1_764' title='bbox 186 2676 231 2707; x_wconf 73' lang='grc' dir='ltr'>ἐὰν</span> <span class='ocrx_word' id='word_1_765' title='bbox 248 2676 404 2717; x_wconf 80' lang='grc' dir='ltr'>ἀνακύψωσί</span> <span class='ocrx_word' id='word_1_766' title='bbox 425 2688 484 2706; x_wconf 81' lang='grc' dir='ltr'>τινα</span> <span class='ocrx_word' id='word_1_767' title='bbox 499 2674 670 2714; x_wconf 78' lang='grc' dir='ltr'>πνευματικὰ</span> <span class='ocrx_word' id='word_1_768' title='bbox 691 2674 852 2713; x_wconf 78' lang='grc' dir='ltr'>ζητήματα,</span> 
     </span>
    </p>
   </div>
   <div class='ocr_carea' id='block_1_102' title="bbox 59 2719 854 2763">
    <p class='ocr_par' dir='ltr' id='par_1_102' title="bbox 59 2719 854 2763">
     <span class='ocr_line' id='line_1_102' title="bbox 59 2719 854 2763; baseline -0.004 -11"><span class='ocrx_word' id='word_1_769' title='bbox 59 2721 235 2763; x_wconf 85' lang='grc' dir='ltr'>συγκρίνομεν</span> <span class='ocrx_word' id='word_1_770' title='bbox 262 2723 365 2758; x_wconf 83' lang='grc' dir='ltr'>ταῦτα,</span> <span class='ocrx_word' id='word_1_771' title='bbox 384 2721 520 2757; x_wconf 84' lang='grc' dir='ltr'>τουτέστι,</span> <span class='ocrx_word' id='word_1_772' title='bbox 546 2720 686 2759; x_wconf 84' lang='grc' dir='ltr'>διαλύομεν</span> <span class='ocrx_word' id='word_1_773' title='bbox 707 2719 740 2749; x_wconf 86' lang='grc' dir='ltr'>δι’</span> <span class='ocrx_word' id='word_1_774' title='bbox 758 2720 854 2760; x_wconf 79' lang='grc' dir='ltr'>ἑτέρων</span> 
     </span>
    </p>
   </div>
   <div class='ocr_carea' id='block_1_103' title="bbox 909 2226 1705 2263">
    <p class='ocr_par' dir='ltr' id='par_1_103' title="bbox 909 2226 1705 2263">
     <span class='ocr_line' id='line_1_103' title="bbox 909 2226 1705 2263; baseline -0.003 -7"><span class='ocrx_word' id='word_1_775' title='bbox 909 2228 1118 2261; x_wconf 88' lang='lat' dir='ltr'><strong>consecutione,</strong></span> <span class='ocrx_word' id='word_1_776' title='bbox 1136 2231 1272 2263; x_wconf 88' lang='lat' dir='ltr'><strong>quatenus</strong></span> <span class='ocrx_word' id='word_1_777' title='bbox 1295 2226 1329 2255; x_wconf 87' lang='lat' dir='ltr'><strong>ad</strong></span> <span class='ocrx_word' id='word_1_778' title='bbox 1349 2226 1495 2262; x_wconf 84' lang='lat' dir='ltr'><strong>cujuslibet</strong></span> <span class='ocrx_word' id='word_1_779' title='bbox 1514 2227 1636 2255; x_wconf 79' lang='lat' dir='ltr'><strong>metricis</strong></span> <span class='ocrx_word' id='word_1_780' title='bbox 1651 2227 1705 2255; x_wconf 86' lang='lat' dir='ltr'><strong>vim</strong></span> 
     </span>
    </p>
   </div>
   <div class='ocr_carea' id='block_1_104' title="bbox 907 2271 1704 2309">
    <p class='ocr_par' dir='ltr' id='par_1_104' title="bbox 907 2271 1704 2309">
     <span class='ocr_line' id='line_1_104' title="bbox 907 2271 1704 2309; baseline -0.001 -8"><span class='ocrx_word' id='word_1_781' title='bbox 907 2273 1015 2306; x_wconf 84' lang='lat' dir='ltr'><strong>attinet,</strong></span> <span class='ocrx_word' id='word_1_782' title='bbox 1029 2277 1215 2309; x_wconf 82' lang='lat' dir='ltr'><strong>conceperth</strong></span> <span class='ocrx_word' id='word_1_783' title='bbox 1232 2283 1237 2299; x_wconf 93' lang='lat'><strong>:</strong></span> <span class='ocrx_word' id='word_1_784' title='bbox 1250 2276 1310 2300; x_wconf 83' lang='lat' dir='ltr'><strong>tum</strong></span> <span class='ocrx_word' id='word_1_785' title='bbox 1322 2279 1355 2300; x_wconf 87' lang='lat' dir='ltr'><strong>ex</strong></span> <span class='ocrx_word' id='word_1_786' title='bbox 1367 2279 1400 2300; x_wconf 88' lang='lat' dir='ltr'><strong>eo</strong></span> <span class='ocrx_word' id='word_1_787' title='bbox 1415 2273 1489 2308; x_wconf 86' lang='lat' dir='ltr'><strong>quod</strong></span> <span class='ocrx_word' id='word_1_788' title='bbox 1502 2272 1558 2299; x_wconf 85' lang='lat' dir='ltr'><strong>Eva</strong></span> <span class='ocrx_word' id='word_1_789' title='bbox 1570 2279 1602 2300; x_wconf 82' lang='lat' dir='ltr'><strong>ex</strong></span> <span class='ocrx_word' id='word_1_790' title='bbox 1614 2271 1704 2300; x_wconf 83' lang='lat' dir='ltr'><strong>Adam</strong></span> 
     </span>
    </p>
   </div>
   <div class='ocr_carea' id='block_1_105' title="bbox 907 2316 1704 2354">
    <p class='ocr_par' dir='ltr' id='par_1_105' title="bbox 907 2316 1704 2354">
     <span class='ocr_line' id='line_1_105' title="bbox 907 2316 1704 2354; baseline -0.003 -8"><span class='ocrx_word' id='word_1_791' title='bbox 907 2318 964 2346; x_wconf 87' lang='lat' dir='ltr'><strong>sine</strong></span> <span class='ocrx_word' id='word_1_792' title='bbox 978 2317 1082 2346; x_wconf 87' lang='lat' dir='ltr'><strong>semine</strong></span> <span class='ocrx_word' id='word_1_793' title='bbox 1096 2317 1237 2354; x_wconf 71' lang='lat' dir='ltr'><strong>progenita</strong></span> <span class='ocrx_word' id='word_1_794' title='bbox 1248 2321 1317 2351; x_wconf 88' lang='lat' dir='ltr'><strong>erat,</strong></span> <span class='ocrx_word' id='word_1_795' title='bbox 1328 2323 1436 2345; x_wconf 90' lang='lat' dir='ltr'><strong>necnon</strong></span> <span class='ocrx_word' id='word_1_796' title='bbox 1446 2317 1480 2344; x_wconf 86' lang='lat' dir='ltr'><strong>ab</strong></span> <span class='ocrx_word' id='word_1_797' title='bbox 1496 2316 1558 2344; x_wconf 88' lang='lat' dir='ltr'><strong>aliis</strong></span> <span class='ocrx_word' id='word_1_798' title='bbox 1568 2324 1600 2344; x_wconf 84' lang='lat' dir='ltr'><strong>ex</strong></span> <span class='ocrx_word' id='word_1_799' title='bbox 1617 2316 1704 2352; x_wconf 89' lang='lat' dir='ltr'><strong>prima</strong></span> 
     </span>
    </p>
   </div>
   <div class='ocr_carea' id='block_1_106' title="bbox 907 2360 1704 2399">
    <p class='ocr_par' dir='ltr' id='par_1_106' title="bbox 907 2360 1704 2399">
     <span class='ocr_line' id='line_1_106' title="bbox 907 2360 1704 2399; baseline -0.004 -7"><span class='ocrx_word' id='word_1_800' title='bbox 907 2371 956 2392; x_wconf 87' lang='lat' dir='ltr'><strong>sua</strong></span> <span class='ocrx_word' id='word_1_801' title='bbox 972 2362 1151 2399; x_wconf 87' lang='lat' dir='ltr'><strong>productione</strong></span> <span class='ocrx_word' id='word_1_802' title='bbox 1169 2361 1205 2390; x_wconf 83' lang='lat' dir='ltr'><strong>ad</strong></span> <span class='ocrx_word' id='word_1_803' title='bbox 1220 2369 1302 2390; x_wconf 90' lang='lat' dir='ltr'><strong>suum</strong></span> <span class='ocrx_word' id='word_1_804' title='bbox 1325 2369 1385 2390; x_wconf 90' lang='lat' dir='ltr'><strong>esse</strong></span> <span class='ocrx_word' id='word_1_805' title='bbox 1407 2360 1596 2390; x_wconf 85' lang='lat' dir='ltr'><strong>consideratis.</strong></span> <span class='ocrx_word' id='word_1_806' title='bbox 1617 2361 1704 2390; x_wconf 89' lang='lat' dir='ltr'><strong>Porro</strong></span> 
     </span>
    </p>
   </div>
   <div class='ocr_carea' id='block_1_107' title="bbox 906 2406 1700 2444">
    <p class='ocr_par' dir='ltr' id='par_1_107' title="bbox 906 2406 1700 2444">
     <span class='ocr_line' id='line_1_107' title="bbox 906 2406 1700 2444; baseline -0.005 -8"><span class='ocrx_word' id='word_1_807' title='bbox 906 2407 986 2442; x_wconf 91' lang='lat' dir='ltr'><strong>illud,</strong></span> <span class='ocrx_word' id='word_1_808' title='bbox 1021 2419 1034 2432; x_wconf 72' lang='grc' dir='ltr'><strong>α</strong></span> <span class='ocrx_word' id='word_1_809' title='bbox 1063 2407 1256 2444; x_wconf 88' lang='lat' dir='ltr'><strong>Spiritualibus</strong></span> <span class='ocrx_word' id='word_1_810' title='bbox 1281 2406 1429 2443; x_wconf 83' lang='lat' dir='ltr'><strong>spiritualia</strong></span> <span class='ocrx_word' id='word_1_811' title='bbox 1459 2410 1662 2443; x_wconf 82' lang='lat' dir='ltr'><strong>comparantes,</strong></span> <span class='ocrx_word' id='word_1_812' title='bbox 1688 2419 1700 2432; x_wconf 77' lang='grc'><strong>1</strong></span> 
     </span>
    </p>
   </div>
   <div class='ocr_carea' id='block_1_108' title="bbox 907 2451 1705 2489">
    <p class='ocr_par' dir='ltr' id='par_1_108' title="bbox 907 2451 1705 2489">
     <span class='ocr_line' id='line_1_108' title="bbox 907 2451 1705 2489; baseline -0.001 -8"><span class='ocrx_word' id='word_1_813' title='bbox 907 2453 1011 2489; x_wconf 86' lang='lat' dir='ltr'><strong>poteris</strong></span> <span class='ocrx_word' id='word_1_814' title='bbox 1039 2452 1122 2481; x_wconf 84' lang='lat' dir='ltr'><strong>etiam</strong></span> <span class='ocrx_word' id='word_1_815' title='bbox 1154 2452 1194 2480; x_wconf 89' lang='lat' dir='ltr'><strong>sic</strong></span> <span class='ocrx_word' id='word_1_816' title='bbox 1223 2451 1372 2488; x_wconf 78' lang='lat' dir='ltr'><strong>intelligere</strong></span> <span class='ocrx_word' id='word_1_817' title='bbox 1407 2462 1412 2479; x_wconf 87' lang='lat'>:</span> <span class='ocrx_word' id='word_1_818' title='bbox 1448 2451 1520 2487; x_wconf 90' lang='lat' dir='ltr'><strong>apud</strong></span> <span class='ocrx_word' id='word_1_819' title='bbox 1551 2451 1705 2487; x_wconf 88' lang='lat' dir='ltr'><strong>spirituales</strong></span> 
     </span>
    </p>
   </div>
   <div class='ocr_carea' id='block_1_109' title="bbox 908 2497 1704 2533">
    <p class='ocr_par' dir='ltr' id='par_1_109' title="bbox 908 2497 1704 2533">
     <span class='ocr_line' id='line_1_109' title="bbox 908 2497 1704 2533; baseline -0.003 -7"><span class='ocrx_word' id='word_1_820' title='bbox 908 2498 1033 2527; x_wconf 89' lang='lat' dir='ltr'><strong>videlicet</strong></span> <span class='ocrx_word' id='word_1_821' title='bbox 1053 2497 1181 2526; x_wconf 87' lang='lat' dir='ltr'><strong>homines</strong></span> <span class='ocrx_word' id='word_1_822' title='bbox 1194 2497 1344 2533; x_wconf 85' lang='lat' dir='ltr'><strong>spiritualia</strong></span> <span class='ocrx_word' id='word_1_823' title='bbox 1362 2500 1554 2532; x_wconf 76' lang='lat' dir='ltr'><strong>comparantes</strong></span> <span class='ocrx_word' id='word_1_824' title='bbox 1568 2501 1595 2525; x_wconf 90' lang='lat' dir='ltr'><strong>et</strong></span> <span class='ocrx_word' id='word_1_825' title='bbox 1618 2497 1704 2532; x_wconf 83' lang='lat' dir='ltr'><strong>expli-</strong></span> 
     </span>
    </p>
   </div>
   <div class='ocr_carea' id='block_1_110' title="bbox 908 2540 1705 2578">
    <p class='ocr_par' dir='ltr' id='par_1_110' title="bbox 908 2540 1705 2578">
     <span class='ocr_line' id='line_1_110' title="bbox 908 2540 1705 2578; baseline -0.004 -6"><span class='ocrx_word' id='word_1_826' title='bbox 908 2548 1012 2572; x_wconf 84' lang='lat' dir='ltr'><strong>cantes.</strong></span> <span class='ocrx_word' id='word_1_827' title='bbox 1042 2543 1075 2572; x_wconf 83' lang='lat' dir='ltr'><strong>Hi</strong></span> <span class='ocrx_word' id='word_1_828' title='bbox 1097 2543 1173 2571; x_wconf 84' lang='lat' dir='ltr'><strong>enim</strong></span> <span class='ocrx_word' id='word_1_829' title='bbox 1203 2542 1253 2570; x_wconf 85' lang='lat' dir='ltr'><strong>soli</strong></span> <span class='ocrx_word' id='word_1_830' title='bbox 1276 2542 1328 2570; x_wconf 86' lang='lat' dir='ltr'><strong>ista</strong></span> <span class='ocrx_word' id='word_1_831' title='bbox 1351 2549 1448 2578; x_wconf 85' lang='lat' dir='ltr'><strong>capere</strong></span> <span class='ocrx_word' id='word_1_832' title='bbox 1470 2546 1586 2578; x_wconf 89' lang='lat' dir='ltr'><strong>queunt.</strong></span> <span class='ocrx_word' id='word_1_833' title='bbox 1618 2540 1705 2570; x_wconf 81' lang='lat' dir='ltr'><strong>Infert</strong></span> 
     </span>
    </p>
   </div>
   <div class='ocr_carea' id='block_1_111' title="bbox 908 2588 1013 2625">
    <p class='ocr_par' dir='ltr' id='par_1_111' title="bbox 908 2588 1013 2625">
     <span class='ocr_line' id='line_1_111' title="bbox 908 2588 1013 2625; baseline -0.01 -9"><span class='ocrx_word' id='word_1_834' title='bbox 908 2588 990 2625; x_wconf 76' lang='lat' dir='ltr'><strong>igitur</strong></span> <span class='ocrx_word' id='word_1_835' title='bbox 1007 2597 1013 2615; x_wconf 89' lang='lat'><strong>:</strong></span> 
     </span>
    </p>
   </div>
   <div class='ocr_carea' id='block_1_112' title="bbox 943 2631 1705 2668">
    <p class='ocr_par' dir='ltr' id='par_1_112' title="bbox 943 2631 1705 2668">
     <span class='ocr_line' id='line_1_112' title="bbox 943 2631 1705 2668; baseline -0.005 -8"><span class='ocrx_word' id='word_1_836' title='bbox 943 2635 1031 2661; x_wconf 73' lang='lat' dir='ltr'><strong>Vens.</strong></span> <span class='ocrx_word' id='word_1_837' title='bbox 1053 2635 1095 2660; x_wconf 81' lang='lat' dir='ltr'><strong>i4.</strong></span> <span class='ocrx_word' id='word_1_838' title='bbox 1123 2645 1133 2656; x_wconf 83' lang='grc' dir='ltr'><strong>ιι</strong></span> <span class='ocrx_word' id='word_1_839' title='bbox 1155 2632 1347 2668; x_wconf 87' lang='lat' dir='ltr'><strong>Spiritualibus</strong></span> <span class='ocrx_word' id='word_1_840' title='bbox 1368 2631 1517 2667; x_wconf 82' lang='lat' dir='ltr'><strong>spiritualia</strong></span> <span class='ocrx_word' id='word_1_841' title='bbox 1539 2637 1705 2665; x_wconf 86' lang='lat' dir='ltr'><strong>comparan-</strong></span> 
     </span>
    </p>
   </div>
   <div class='ocr_carea' id='block_1_113' title="bbox 907 2674 1705 2714">
    <p class='ocr_par' dir='ltr' id='par_1_113' title="bbox 907 2674 1705 2714">
     <span class='ocr_line' id='line_1_113' title="bbox 907 2674 1705 2714; baseline -0.006 -8"><span class='ocrx_word' id='word_1_842' title='bbox 907 2682 959 2706; x_wconf 88' lang='lat' dir='ltr'><strong>tes.</strong></span> <span class='ocrx_word' id='word_1_843' title='bbox 984 2689 996 2702; x_wconf 78' lang='grc' dir='ltr'><strong>ι</strong></span> <span class='ocrx_word' id='word_1_844' title='bbox 1012 2679 1073 2706; x_wconf 84' lang='lat' dir='ltr'><strong>Hoc</strong></span> <span class='ocrx_word' id='word_1_845' title='bbox 1094 2681 1146 2711; x_wconf 86' lang='lat' dir='ltr'><strong>est,</strong></span> <span class='ocrx_word' id='word_1_846' title='bbox 1160 2677 1245 2705; x_wconf 89' lang='lat' dir='ltr'><strong>sicubi</strong></span> <span class='ocrx_word' id='word_1_847' title='bbox 1260 2676 1426 2714; x_wconf 74' lang='lat' dir='ltr'><strong>quaestiones</strong></span> <span class='ocrx_word' id='word_1_848' title='bbox 1441 2676 1540 2712; x_wconf 70' lang='lat' dir='ltr'><strong>aliqua:</strong></span> <span class='ocrx_word' id='word_1_849' title='bbox 1551 2674 1705 2711; x_wconf 82' lang='lat' dir='ltr'><strong>spirituales</strong></span> 
     </span>
    </p>
   </div>
   <div class='ocr_carea' id='block_1_114' title="bbox 908 2720 1708 2759">
    <p class='ocr_par' dir='ltr' id='par_1_114' title="bbox 908 2720 1708 2759">
     <span class='ocr_line' id='line_1_114' title="bbox 908 2720 1708 2759; baseline -0.008 -8"><span class='ocrx_word' id='word_1_850' title='bbox 908 2727 1062 2759; x_wconf 73' lang='lat' dir='ltr'><strong>emergant,</strong></span> <span class='ocrx_word' id='word_1_851' title='bbox 1076 2722 1245 2751; x_wconf 82' lang='lat' dir='ltr'><strong>conferimus</strong></span> <span class='ocrx_word' id='word_1_852' title='bbox 1256 2729 1312 2756; x_wconf 86' lang='lat' dir='ltr'><strong>eas,</strong></span> <span class='ocrx_word' id='word_1_853' title='bbox 1329 2722 1381 2749; x_wconf 91' lang='lat' dir='ltr'><strong>hoc</strong></span> <span class='ocrx_word' id='word_1_854' title='bbox 1392 2725 1444 2756; x_wconf 81' lang='lat' dir='ltr'><strong>est,</strong></span> <span class='ocrx_word' id='word_1_855' title='bbox 1460 2720 1589 2749; x_wconf 89' lang='lat' dir='ltr'><strong>diluimus</strong></span> <span class='ocrx_word' id='word_1_856' title='bbox 1598 2726 1645 2747; x_wconf 83' lang='lat' dir='ltr'><strong>eas</strong></span> <span class='ocrx_word' id='word_1_857' title='bbox 1660 2725 1708 2753; x_wconf 86' lang='lat' dir='ltr'><strong>per</strong></span> 
     </span>
    </p>
   </div>
   <div class='ocr_carea' id='block_1_115' title="bbox 749 2809 1019 2840">
    <p class='ocr_par' dir='ltr' id='par_1_115' title="bbox 749 2809 1019 2840">
     <span class='ocr_line' id='line_1_115' title="bbox 749 2809 1019 2840; baseline 0.004 -2"><span class='ocrx_word' id='word_1_858' title='bbox 749 2810 844 2840; x_wconf 75' lang='lat' dir='ltr'><strong>Varia:</strong></span> <span class='ocrx_word' id='word_1_859' title='bbox 866 2809 1019 2840; x_wconf 85' lang='lat' dir='ltr'><strong>lectiones.</strong></span> 
     </span>
    </p>
   </div>
   <div class='ocr_carea' id='block_1_116' title="bbox 90 2855 672 2893">
    <p class='ocr_par' dir='ltr' id='par_1_116' title="bbox 90 2855 672 2893">
     <span class='ocr_line' id='line_1_116' title="bbox 90 2855 672 2893; baseline -0.007 -6"><span class='ocrx_word' id='word_1_860' title='bbox 90 2857 112 2875; x_wconf 74' lang='grc'><strong>⁴⁹</strong></span> <span class='ocrx_word' id='word_1_861' title='bbox 125 2867 177 2888; x_wconf 80' lang='grc' dir='ltr'>πως</span> <span class='ocrx_word' id='word_1_862' title='bbox 192 2865 220 2886; x_wconf 91' lang='lat'><strong>0.</strong></span> <span class='ocrx_word' id='word_1_863' title='bbox 258 2856 279 2874; x_wconf 76' lang='grc'><strong>⁸¹</strong></span> <span class='ocrx_word' id='word_1_864' title='bbox 295 2856 349 2893; x_wconf 75' lang='grc' dir='ltr'>ὅσῳ</span> <span class='ocrx_word' id='word_1_865' title='bbox 360 2863 387 2884; x_wconf 91' lang='lat'><strong>0.</strong></span> <span class='ocrx_word' id='word_1_866' title='bbox 426 2855 448 2873; x_wconf 78' lang='grc'><strong>⁸³</strong></span> <span class='ocrx_word' id='word_1_867' title='bbox 460 2857 510 2882; x_wconf 84' lang='grc' dir='ltr'><strong>τῶν</strong></span> <span class='ocrx_word' id='word_1_868' title='bbox 529 2855 631 2890; x_wconf 79' lang='grc' dir='ltr'>στείρων</span> <span class='ocrx_word' id='word_1_869' title='bbox 646 2863 672 2883; x_wconf 88' lang='grc' dir='ltr'>ο.</span> 
     </span>
    </p>
   </div>
  </div>
