1881 3081
197 176 249 203 595

699 172 957 202 THEOPHYLACTI
977 173 1156 204 BULGARIIE
1177 175 1332 204 ARCHIEP.
1785 178 1823 204 596

196 237 263 266 alios
282 236 419 274 quosdam
445 235 601 273 spiriurales
620 240 771 273 conceptus
792 237 832 265 vel
858 236 993 265 historias.

1062 239 1239 278 πνευματικῶν
1277 238 1438 277 νοημάτων,
1469 237 1487 274 ἢ
1505 237 1638 278 ἱστοριῶν.
1666 237 1752 269 ὀταν
1785 239 1823 279 γὰρ

198 282 319 320 Quando
333 282 407 310 enim
420 282 521 319 aliquis
532 281 651 316 dubitat,
669 281 810 318 quomodo
825 281 953 311 Christus
967 290 1000 310 ex

198 328 306 364 virgine
332 330 416 355 natus
436 331 489 360 est,
509 324 550 355 ad
573 326 658 355 ﬁdem
684 326 842 355 faciendam
862 327 1000 355 sterilium

199 377 295 410 partus
327 371 482 404 afferimus,
518 375 594 408 puta,
625 373 726 407 Sarrae,
756 371 890 401 Rebeccae
920 375 1002 408 atque

201 418 319 446 aliarum
337 425 410 454 quae,
431 420 566 453 quantum
588 416 623 445 ad
646 417 858 453 uniuscujusque
879 416 1003 445 matricis

200 463 364 500 potentiam,
377 461 494 490 naturali
509 461 606 490 ordine
616 470 672 490 non
682 466 876 499 conceperunt.
887 461 1001 495 Adhtec.

199 507 302 536 Adami
315 515 331 535 e
357 511 440 541 terra,
464 511 547 543 atque
564 514 597 535 ex
621 507 674 534 isto
689 507 748 535 solo
767 508 832 536 Eva!
845 507 1003 543 generatio-

199 561 273 581 nem.
290 554 324 580 Et
343 551 451 588 quando
477 551 625 588 quaeritur.
649 551 790 588 quomodo
814 551 940 580 Christus
962 559 1004 580 re-

198 598 327 631 surrexit,
348 598 447 626 Jonam
471 597 585 634 ejusque
608 597 636 624 in
661 601 721 625 ceto
735 604 842 625 moram
859 601 887 625 et
899 597 1003 625 exitum

198 643 272 671 illinc
286 642 314 670 in
336 642 462 670 medium
478 641 655 678 proferimus.
673 643 763 678 Atque
779 642 827 676 ita,
843 649 892 678 per
904 641 1004 670 istius-

199 687 277 716 modi
301 687 438 724 exempla,
459 687 587 724 ambigua
609 687 750 715 solvimus.
787 686 871 722 Apud
900 687 1005 723 priscos

199 733 273 761 enim
287 740 331 761 res
353 732 455 761 futura:
470 733 499 760 in
511 732 585 768 typis
602 736 629 760 et
644 732 751 760 umbris
764 731 1003 765 describebantur,

199 782 231 806 ut
248 785 297 814 per
322 778 366 805 illa
387 777 456 806 ﬁdes
477 777 535 805 istis
559 777 744 806 adhiberetur.
770 778 866 814 Neque
889 777 1003 813 syllogi-

200 823 270 851 smis
287 827 315 850 et
328 821 472 850 dialectica
492 823 658 851 Graecorum
672 822 911 851 demonstratione
924 822 1003 850 nobis

201 876 270 904 opus
289 871 340 896 est.
364 867 405 896 llli
428 867 501 896 enim
527 867 671 896 inﬁrmum
699 867 871 896 intellectum
895 871 1001 903 pertur—

200 913 296 941 bantes
316 913 406 949 potius
427 920 459 940 ac
480 912 602 941 tenebris
619 917 647 941 et
667 913 840 941 dubitatione
863 912 1000 949 replentes

200 957 372 986 concutiunt.
388 958 487 992 Porro,
510 957 595 991 istud,
609 960 659 985 etc.

235 1004 324 1032 Vsus.
344 1006 387 1032 15.
407 1014 419 1027 α
443 1003 578 1031 Animalis
596 1006 689 1031 autem
704 1002 787 1031 homo
809 1010 865 1031 non
887 1002 1001 1039 percipit

200 1056 263 1085 qua
277 1052 343 1078 sunt
361 1048 477 1085 Spiritus
496 1048 544 1076 Dei
560 1057 567 1077 :
588 1048 703 1077 stultitia
724 1048 800 1076 enim
819 1048 871 1084 ipsi
892 1051 966 1076 sunt.
985 1059 997 1072 ι

200 1093 334 1122 Animalis
349 1093 434 1122 homo
443 1097 495 1125 est,
509 1093 556 1130 qui
569 1094 662 1121 omnia
675 1093 775 1121 animae
785 1100 842 1121 sua:
856 1092 1001 1121 ratiocina-

201 1138 322 1167 tionibus
343 1138 446 1174 tribuit,
469 1146 560 1175 neque
578 1145 696 1174 superno
716 1137 816 1166 auxilio
831 1137 952 1173 indigere
970 1145 1000 1166 se

201 1184 348 1217 existimat,
367 1191 455 1220 neque
479 1183 532 1212 ﬁde
552 1182 703 1220 quidquam
717 1182 839 1218 accipere
858 1182 927 1215 vult,
946 1189 1000 1211 cae-

200 1233 292 1258 terum
305 1229 399 1257 omnia
418 1228 560 1258 stultitiam
575 1229 733 1263 arbitratur,
745 1235 808 1265 quat
823 1227 999 1256 demonstra-

201 1275 306 1303 tionem
325 1282 382 1302 non
403 1273 561 1302 admittunt.
576 1275 680 1302 Cuncta
695 1273 779 1310 igitur
791 1273 911 1301 naturali
927 1281 1000 1309 qua-

202 1319 267 1348 dam
288 1320 480 1348 consecutionc
499 1319 558 1347 ﬁeri
581 1319 799 1354 existimantem,
815 1326 905 1355 neque
922 1317 1003 1354 quid-

203 1373 287 1402 quam
310 1372 394 1401 supra
414 1369 542 1393 naturam
564 1364 635 1392 efﬁci
653 1364 831 1401 judicantem,
853 1363 1001 1391 animalem

204 1414 292 1445 vocat,
323 1410 377 1438 hoc
416 1413 459 1438 est
490 1410 652 1438 naturalem.
692 1409 793 1437 Anima
825 1408 899 1436 enim
928 1408 1002 1436 circa

202 1460 308 1483 naturae
334 1454 518 1484 (economiam
543 1458 676 1482 versatur.
703 1455 741 1481 Et
765 1452 1002 1490 quemadmodum

205 1501 275 1529 oculi
306 1500 442 1537 corporei,
473 1498 649 1535 pulcherrimi
678 1506 742 1526 cum
771 1498 826 1526 sint
856 1501 884 1526 et
917 1497 1004 1526 utilis-

205 1546 277 1580 simi,
301 1545 358 1573 sine
390 1544 450 1572 luce
481 1552 547 1572 vero
569 1543 660 1572 videre
689 1551 746 1572 non
766 1543 857 1571 valent

204 1591 294 1618 anima
325 1589 443 1625 Spiritus
474 1589 561 1617 sancti
592 1596 678 1625 capax
708 1588 787 1623 facta,
821 1587 923 1624 absque
956 1587 1004 1616 illo

205 1634 295 1663 divina
310 1633 489 1670 contemplari
503 1634 609 1670 nequit.

243 1691 256 1704 ι
277 1681 334 1708 Nec
353 1679 422 1707 scire
443 1683 542 1715 potest,
564 1678 639 1715 quod
661 1678 836 1714 spiritualiter
848 1677 1003 1715 dijudican-

207 1729 260 1753 tur.
278 1735 290 1748 ν
307 1725 368 1752 Hoc
386 1727 438 1758 est,
452 1731 508 1751 non
523 1723 653 1760 intelligit
672 1723 747 1760 quod
763 1723 818 1751 ﬁde
832 1726 930 1760 egeant
943 1730 1003 1758 qua:

207 1769 347 1804 dicuntur,
361 1776 410 1797 nec
419 1769 528 1796 ratione
548 1768 743 1805 comprehendi
758 1768 876 1805 possint.
888 1767 920 1796 1d
931 1768 1003 1796 enim

208 1818 260 1848 est,
283 1826 295 1838 ιι
319 1813 501 1850 spiritualiter
534 1814 726 1850 dijudicantur,
762 1825 774 1838 ν
799 1813 853 1842 hoc
877 1817 929 1848 est,
956 1821 1006 1849 per

206 1859 290 1889 ﬁdem
305 1863 332 1888 et
350 1859 480 1896 Spiritum
493 1858 762 1888 demonstrationem
779 1858 891 1887 habent.

240 1952 328 1979 Vsss.
350 1952 391 1978 15.
413 1961 426 1974 ι
442 1949 596 1986 Spiritualis
618 1957 682 1978 vero
704 1949 836 1985 dijudicat
855 1949 961 1983 omnia,
978 1953 1005 1978 et

206 1996 265 2032 ipse
295 2004 310 2023 a
337 1995 447 2023 nemine
473 1994 649 2031 dijudicatur.
674 2005 687 2018 υ
712 1993 878 2029 Spiritualis,
906 1993 1003 2030 inquit,

208 2040 300 2069 omnia
315 2040 403 2074 novit,
425 2048 490 2068 cum
505 2047 566 2076 qua
584 2039 627 2067 hic
648 2042 723 2072 sunt,
739 2038 812 2074 quod
827 2038 881 2066 sint
900 2038 1005 2067 caduca

208 2089 237 2114 et
247 2085 321 2113 ﬂuxa
341 2094 350 2112 :
363 2089 423 2113 tum
444 2092 506 2121 quae
518 2084 584 2119 illic,
605 2083 680 2120 quod
692 2083 749 2110 sint
767 2082 889 2116 stabilia;
905 2087 933 2110 et
944 2091 1005 2119 quae

208 2138 258 2159 sua
272 2134 346 2165 sunt,
363 2129 438 2166 quod
451 2130 568 2159 salutem
587 2131 779 2163 consequetur,
795 2131 823 2155 et
833 2135 895 2163 qua:
910 2127 1005 2156 inﬁde-

208 2176 286 2209 lium.
307 2175 382 2212 quod
402 2183 484 2212 poma
505 2174 669 2202 afﬁcientur.
694 2174 842 2209 Propterea
865 2177 892 2200 et
916 2181 1006 2210 repre-

209 2220 305 2249 hendit
315 2228 379 2249 eos:
395 2221 451 2256 ipse
461 2223 554 2247 tamen
567 2217 648 2254 135
659 2225 675 2245 a
686 2217 794 2245 nemine
805 2217 904 2246 horum
912 2217 1007 2254 dijudi-

211 2270 299 2301 catur,
313 2266 366 2294 hoc
386 2269 428 2293 est
445 2264 570 2301 arguitur
592 2273 598 2291 :
613 2262 847 2299 quemadmodum
860 2263 907 2300 qui
921 2263 1005 2298 videt,

210 2315 238 2339 et
248 2319 298 2340 sua
310 2311 393 2344 videt,
407 2313 434 2338 et
449 2317 480 2338 ea
494 2316 556 2345 quae
569 2312 635 2337 sunt
648 2315 744 2336 eorum
758 2308 804 2345 qui
819 2316 876 2336 non
891 2308 983 2337 vident
999 2318 1005 2336 :

208 2356 252 2384 isti
276 2363 340 2383 vero
362 2362 451 2390 neque
477 2361 538 2390 quae
560 2362 610 2382 sua
634 2357 708 2387 sunt,
732 2361 820 2390 neque
843 2361 905 2390 qua
934 2353 1008 2382 illius

209 2404 275 2429 sunt
285 2403 412 2432 cernunt,
430 2399 531 2436 quippe
543 2399 589 2436 qui
601 2399 665 2428 ιιωοί
680 2403 754 2427 sunt.

243 2446 334 2473 Vens.
357 2447 399 2473 15.
417 2456 429 2468 α
445 2444 597 2481 Spiritualis
609 2443 741 2481 dijudicat
752 2444 856 2477 omnia,
871 2447 898 2472 et
921 2444 977 2480 ipse
990 2451 1005 2471 a

209 2489 320 2518 nemine
337 2489 514 2526 dijudicatur.
531 2501 544 2514 ιι
568 2490 637 2526 Quis
655 2489 690 2517 sit
710 2489 751 2517 vir
764 2488 901 2523 animalis,
923 2496 1005 2524 supra

209 2534 320 2572 quidem
333 2534 490 2564 didicimus.
511 2534 662 2572 Spiritualis
684 2542 747 2562 vero
770 2534 793 2562 is
813 2537 865 2568 est,
882 2534 929 2570 qui
948 2533 1006 2570 Spi-

208 2581 277 2609 ritus
289 2581 375 2610 sancti
394 2580 570 2617 splendorem
592 2580 620 2608 in
633 2579 756 2608 animam
770 2586 849 2607 suam
868 2578 1003 2607 intromit-

207 2627 250 2661 tit,
264 2631 292 2656 et
304 2630 426 2656 mentem
440 2626 474 2655 ab
497 2626 543 2654 illo
562 2625 747 2654 illuminatam
762 2623 855 2653 habet.
872 2624 1005 2660 Quocirca

207 2673 254 2709 qui
273 2672 421 2708 spiritualis
433 2675 486 2707 est,
507 2670 601 2700 omnia
619 2670 802 2707 spiritualiter
823 2669 1005 2706 comprehen-

1057 284 1144 324 ἀπορῇ
1158 297 1211 322 τις,
1228 285 1283 318 πῶς
1309 285 1323 313 ὁ
1343 283 1458 323 Χριστὸς
1476 283 1506 312 ἐκ
1525 283 1654 323 παρθένου
1678 283 1824 323 γεγέννηται,

1056 329 1213 368 παράγομεν
1237 330 1273 362 εἷς
1292 327 1380 357 πίστιν
1404 327 1463 362 τοὺς
1489 327 1610 362 τοκετοὺς
1641 330 1693 358 τῶν
1719 332 1823 370 στειρῶι,

1058 373 1178 414 Σᾶῤῥας,
1193 373 1339 407 Ῥεϐέκκας
1349 397 1356 410 ,
1372 374 1418 403 καὶ
1432 374 1484 402 τῶν
1507 375 1606 403 λοιπῶν
1625 385 1632 393 ·
1654 373 1682 403 αἳ
1704 375 1732 403 οὐ
1747 377 1824 415 φυσικῇ

1059 419 1216 459 ἀκολουθίᾳ,
1237 419 1298 448 ὅσον
1321 430 1350 458 γε
1370 418 1433 458 πρὸς
1455 418 1503 454 τὴν
1523 418 1635 457 δύναμιν
1655 418 1762 454 indm:
1783 419 1824 457 μή·

1057 475 1133 504 τρας,
1162 463 1316 495 συνέλαϐον.
1346 463 1410 494 Ἔτι
1439 463 1528 493 δὲκαὶ
1552 463 1601 500 τὴν
1624 463 1677 493 ἀπὸ
1699 465 1744 502 γῆς
1765 464 1824 502 γονὴν

1058 512 1104 538 τοῦ
1116 509 1216 548 Ἀδὰμ,
1232 509 1278 539 καὶ
1293 509 1341 544 τὴν
1365 510 1394 538 ἐκ
1409 508 1501 538 τούτου
1526 508 1607 547 μόνου
1629 511 1675 545 τῆς
1690 509 1763 542 Εὔας.
1785 510 1824 540 Καὶ

1058 554 1122 585 ὅταν
1136 556 1266 591 ζητῆται,
1284 556 1340 588 πῶς
1356 556 1370 584 ὁ
1395 553 1510 593 Χριστὸς
1533 553 1646 591 ἀνέστη,
1672 553 1775 594 φέρομεν
1793 554 1825 582 τὸν

1059 598 1150 629 Ἰωνᾶν
1177 600 1213 633 εἷς
1235 599 1332 638 μέσον,
1357 600 1403 629 καὶ
1426 598 1475 634 τὴν
1499 600 1526 628 ἐν
1548 600 1587 639 τῷ
1613 598 1688 635 κήτει
1711 598 1825 638 διατριϐὴν

1059 645 1153 680 αὐτοῦ,
1179 645 1224 674 καὶ
1255 644 1302 680 τὴν
1332 645 1429 674 ἐκεῖθεν
1456 643 1629 683 ἀπαλλαγήν.
1651 643 1705 674 Kai
1733 643 1770 673 διὰ
1786 645 1825 673 τῶν

1059 689 1181 719 τοιούτων
1201 690 1299 728 λύομεν
1315 689 1362 723 τὰς
1377 688 1501 729 ἀπορίας.
1528 690 1554 719 Τ
1555 693 1592 722 οἷς
1607 688 1661 728 γὰρ
1680 689 1790 721 παλαιοῖς
1801 690 1826 721 ὥς

1058 736 1085 763 ἕν
1100 734 1192 768 τύποις
1207 734 1252 764 καὶ
1268 738 1355 768 σκιαῖς
1370 734 1526 775 διιγράφετο
1539 734 1573 763 τὰ
1597 734 1743 773 μέλλοντα,
1760 733 1796 763 ἵνα
1807 734 1826 768 ἓξ

1059 779 1165 809 ἐκείνων
1189 783 1274 810 ταῦτα
1299 779 1468 815 πιστεύηται.
1491 779 1547 810 Καὶ
1569 780 1617 809 οὖκ
1644 779 1735 819 ἔχομεν
1754 778 1824 818 χρείαν

1058 825 1243 864 συλλογισμῶν
1259 824 1304 854 καὶ
1318 827 1365 861 τῆς
1388 825 1497 864 λογικῆς
1511 823 1654 860 Ἑλλήνων
1679 823 1824 858 ἀποδείξεως.

1057 869 1171 900 Ἐκεῖνοι
1205 869 1256 910 γὰρ
1280 869 1497 910 παρασαλεύουσι
1521 868 1570 905 τὴν
1596 870 1694 904 ἀσθενῆ
1719 868 1827 905 διάνοιαν,

1055 914 1240 954 ταράττοντες,
1284 915 1384 953 μᾶλλον
1425 913 1451 943 δὲ
1492 913 1571 955 ζόφου
1613 915 1767 953 πληροῦντες
1793 913 1826 942 καὶ

1015 961 1039 993 Β
1053 960 1174 1000 ἀπορίας.
1189 959 1301 995 Νοήσεις
1310 959 1369 996 δὲ,κ
1377 958 1409 988 ai
1421 970 1437 988 τ
1445 958 1461 988 ἆ
1470 960 1486 988 λ
1494 970 1508 988 ο
1519 958 1682 998 ιττοί.[εοι1.
1690 957 1825 997 Αηινιάει.]

1099 1018 1111 1030 ι
1129 1004 1254 1045 Ψυχικὸς
1269 1004 1297 1034 δὲ
1322 1004 1459 1044 ἄνθρωπος
1474 1004 1504 1033 οὗ
1524 1003 1635 1044 δέχεται
1656 1003 1689 1033 τὰ
1705 1005 1748 1033 τοῦ
1762 1002 1826 1034 Πνιύ-

1055 1061 1136 1089 ματος
1158 1053 1204 1079 τοῦ
1220 1050 1290 1079 Θεοῦ
1306 1059 1312 1068 ·
1327 1049 1413 1088 μωρία
1435 1048 1487 1089 γὰρ
1509 1049 1581 1089 αὐτῷ
1601 1049 1668 1078 ἔστι.
1688 1059 1702 1076 ι)
1720 1047 1826 1088 Volui;

1055 1096 1124 1124 ἐστιν
1141 1094 1275 1136 ἄνθρωπος
1285 1095 1299 1124 ὁ
1311 1094 1341 1124 τὸ
1360 1098 1414 1123 πᾶν
1428 1094 1482 1127 τοῖς
1495 1095 1542 1129 τῆς
1563 1095 1653 1134 ψυχῆς
1668 1094 1693 1112 ⁴³
1717 1094 1827 1132 λογισμοῖς

1055 1139 1154 1176 διδοὺς,
1178 1140 1224 1168 καὶ
1257 1139 1294 1178 μὴ
1320 1139 1433 1178 νομίζων
1461 1139 1562 1168 δεῖσθαι
1586 1141 1635 1175 τῆς
1660 1137 1754 1168 ἄνωθεν
1779 1139 1827 1176 βοη-

1055 1184 1139 1221 θείας,
1163 1184 1230 1223 μηδὲ
1252 1184 1342 1214 πίστει
1358 1184 1440 1214 θέλων
1459 1183 1583 1224 δέχεσθαί
1604 1195 1649 1221 τι,
1677 1182 1742 1212 ἀλλὰ
1762 1182 1828 1224 πάντα

1057 1222 1318 1269 ῳρίαννῆγούμενος
1345 1228 1377 1258 τὰ
1396 1229 1433 1266 μὴ
1459 1222 1595 1263 ἀττόδειξιν
1609 1228 1718 1270 ἔχοντα.
1734 1227 1781 1258 Τὸν
1795 1222 1826 1256 οὖν

1055 1276 1153 1314 φυσικῇ
1181 1274 1324 1315 ἀκολουθίᾳ
1347 1273 1381 1303 τὰ
1405 1273 1492 1303 πάντα
1512 1273 1634 1313 γίνεσθαι
1649 1273 1775 1312 οἰόμενον,
1795 1270 1828 1300 καὶ

1057 1319 1138 1358 μηδὲν
1155 1319 1220 1359 ὑπὲρ
1231 1319 1309 1360 φύσιν
1321 1318 1439 1358 γίνεσθαι
1453 1317 1594 1354 δοξάζοντα
1606 1341 1615 1357 ,
1629 1318 1739 1360 ψυχικὸν
1751 1317 1824 1353 καλεῖ,

1056 1344 1829 1406 $.3Ién'."';.21;3;.'?ii'$93inIdi'éiiwaﬂi-
1860 1344 1861 1393 i

1057 1421 1123 1444 σεως
1148 1409 1300 1449 οἰκονομίαν
1326 1409 1478 1450 στρέφεται.
1497 1409 1550 1438 Καὶ
1571 1408 1665 1448 ὥσπερ
1688 1409 1711 1438 οἱ
1729 1410 1770 1438 τοῦ
1790 1408 1829 1436 mir

1058 1433 1122 1444 --.ης
1149 1433 1298 1449 φωνην.-.
1327 1433 1478 1450 ν,ι,-τ-.-..
1497 1433 1550 1438 .-...
1571 1433 1665 1448 _.-..-r
1689 1433 1711 1438 ,.
1792 1433 1817 1436 ._

1058 1467 1140 1494 ματος
1164 1454 1311 1497 ὀφθαλμοὶ,
1328 1454 1467 1484 κάλλιστοι
1495 1453 1542 1492 μὲν
1563 1453 1610 1483 καὶ
1633 1452 1828 1494 χρησιμώτατοι,

1056 1501 1137 1540 χωρὶς
1160 1499 1187 1529 δὲ
1211 1499 1296 1540 φωτὸς
1326 1501 1387 1540 ὁρᾷν
1417 1499 1465 1528 οὐκ
1487 1498 1626 1538 ἰσχύουσιν
1641 1510 1648 1518 ·
1675 1497 1741 1528 οὕτω
1762 1496 1829 1530 καὶὴ

884 1552 892 1570 :
914 1542 952 1571 ita
976 1546 1003 1571 et
1018 1543 1040 1576 C
1057 1545 1150 1585 ψυχὴ,
1183 1544 1290 1580 δεκτικὴ
1318 1547 1364 1574 τοῦ
1392 1543 1467 1582 ἁγίου
1498 1543 1656 1582 Πνεύματος
1682 1552 1828 1572 κατασκευα-

1060 1593 1152 1620 σθεῖσα
1162 1612 1170 1628 ,
1186 1589 1267 1630 χωρὶς
1285 1590 1365 1618 αὐτοῦ
1378 1588 1412 1619 τὰ
1428 1591 1486 1618 θεῖα
1503 1588 1613 1628 βλέπειν
1631 1589 1660 1618 οὖ
1676 1588 1786 1618 δύναται.

1098 1690 1110 1703 α
1127 1677 1181 1707 Καὶ
1203 1679 1232 1709 οὗ
1256 1675 1366 1707 δύναται
1385 1675 1497 1714 γνῶναι,
1513 1673 1555 1703 ὅτι
1578 1674 1762 1713 πνευματικῶς
1781 1673 1830 1701 ἄνα-

1059 1721 1185 1762 κρίνεται.
1198 1738 1210 1750 1
1233 1721 1377 1754 Τουτέστιν
1387 1744 1394 1757 ,
1409 1720 1455 1750 οὐκ
1477 1719 1572 1756 ἐννοεῖ,
1586 1719 1630 1749 ὅτι
1644 1719 1752 1751 πίστεως
1765 1718 1831 1746 δεῖται
1861 1739 1862 1746 .

1057 1767 1091 1796 τὰ
1114 1768 1259 1808 λεγόμενα,
1283 1766 1328 1796 καὶ
1351 1767 1488 1805 λογισμοῖς
1515 1763 1585 1794 αὖτὰ
1615 1763 1774 1794 καταλαϐεῖν
1796 1763 1831 1792 oin

1059 1812 1126 1843 ἔστι.
1152 1814 1237 1844 Τοῦτο
1258 1811 1308 1852 γάρ
1327 1813 1383 1841 ἐστι
1407 1809 1453 1845 τὸ,
1473 1820 1488 1838 ιι
1501 1811 1697 1848 Πνευματικῶς
1719 1807 1832 1847 ἀνακρίνε-

1060 1869 1104 1886 ται
1114 1881 1122 1896 ,
1138 1858 1195 1888 ἀντὶ
1213 1860 1273 1894 τοῦ,
1289 1855 1332 1886 διὰ
1354 1855 1467 1888 πίστεως
1491 1855 1536 1885 καὶ
1553 1855 1713 1894 Πνεύματος
1726 1852 1768 1887 τὰς
1781 1853 1831 1881 nixo-

1061 1902 1151 1937 δείξεις
1166 1902 1282 1943 ἔχουσιν.

1104 1959 1119 1977 α
1139 1940 1216 1978 Ὁθὲ
1230 1945 1408 1985 πνευματικὸς
1429 1945 1565 1987 ἀνακρίνει
1586 1944 1636 1983 μὲν
1652 1944 1754 1980 πάντα,
1770 1940 1831 1973 αὐτὸς

1061 1992 1087 2022 δὲ
1102 1994 1146 2022 ὑπ’
1169 1992 1272 2026 οὐδενὸς
1293 1990 1472 2031 ἀνακρίνεται.
1497 1986 1509 2017 ἰ
1532 1989 1566 2021 Ὁ
1591 1989 1642 2029 μὲν
1664 1986 1830 2031 πνευματικὸςι

1060 2038 1142 2079 φησὶ,
1164 2037 1251 2067 πάντα
1266 2032 1318 2067 οἶδε
1335 2048 1341 2055 ·
1363 2030 1410 2066 καὶ
1429 2035 1463 2065 τὰ
1476 2031 1546 2073 ὧδε,
1563 2035 1604 2065 δτι
1619 2035 1766 2076 πρόσκαιρα
1777 2045 1783 2050 ·
1801 2030 1834 2079 καὶ

1059 2075 1094 2112 τὰ
1111 2084 1180 2120 ἐκεῖ,
1204 2081 1244 2112 ὅτι
1260 2082 1360 2121 μόνιμα
1376 2093 1383 2100 ·
1404 2080 1450 2111 καὶ
1466 2080 1499 2110 τὰ
1515 2082 1594 2110 αὑτοῦ
1609 2080 1648 2118 ⁴⁴,
1665 2080 1704 2109 ὅτι
1724 2075 1833 2116 σωτηρίας

1061 2127 1178 2162 τεύξεται
1194 2139 1200 2146 ·
1224 2128 1269 2158 καὶ
1293 2127 1327 2157 τὰ
1338 2128 1392 2157 τῶν
1416 2126 1553 2162 ἀπίστων,
1572 2127 1613 2156 ὅτι
1633 2123 1830 2161 κολασθήσονται-

1062 2173 1110 2204 Διὸ
1124 2173 1170 2203 καὶ
1186 2172 1289 2213 ἐλέγχει
1307 2171 1413 2206 τούτους
1427 2183 1435 2190 ·
1460 2171 1538 2205 αὐτὸς
1558 2171 1648 2210 μέντοι
1673 2171 1716 2199 ὑπ’
1731 2166 1804 2213 οὐδενὶ
1819 2166 1834 2184 ⁸)

1062 2218 1159 2249 τούτων
1183 2217 1368 2258 ἀνακρίνεται,
1394 2216 1549 2255 τουτέστιν,
1581 2216 1719 2256 ἐλέγχεται
1734 2226 1740 2232 ·

1062 2263 1107 2293 καὶ
1122 2265 1136 2292 ὁ
1150 2265 1218 2303 ὁρῶν
1231 2286 1238 2299 ,
1255 2254 1335 2296 ἀὐτὸς
1357 2262 1404 2301 μὲν
1420 2262 1465 2291 καὶ
1487 2261 1522 2291 τὰ
1537 2254 1622 2292 οἰκεῖα
1632 2254 1744 2301 γβλέπιι,
1761 2254 1834 2303 καὶῆ

1064 2309 1115 2338 τῶν
1135 2297 1173 2347 μῆ
1194 2297 1318 2346 ὁρῶντων
1343 2297 1461 2337 δέκείνοι
1484 2305 1512 2337 δὲ
1530 2306 1624 2348 τυφλοὶ
1639 2297 1727 2342 δντις,
1747 2301 1799 2333 οὔτι
1810 2297 1834 2328 τὶ

1063 2354 1180 2390 ἑαυτῶν,
1195 2351 1254 2383 οὔτε
1269 2352 1304 2383 τὰ
1319 2352 1432 2383 ἐκείνου.

1107 2450 1122 2469 (ι
1134 2439 1170 2470 Ὁ
1187 2439 1216 2468 δὲ
1230 2437 1407 2478 πνευματικὸς
1428 2437 1564 2478 ἀνακρίνει
1585 2437 1632 2477 μὲν
1651 2436 1758 2470 πάντα,
1775 2430 1834 2462 αὐτὸς

1062 2483 1088 2514 δὲ
1113 2483 1158 2514 ὑπ’
1174 2483 1275 2518 οὐδενὸς
1298 2483 1477 2524 ἀνακρίνεται.
1498 2494 1511 2512 ι
1527 2482 1576 2516 Τίς
1595 2481 1644 2522 μέν
1658 2483 1734 2520 ﬁda-rw
1745 2480 1758 2509 ὃ
1771 2479 1834 2524 ψυχις

1062 2529 1106 2564 κὸς
1132 2529 1267 2570 ἄνθρωπος
1290 2520 1432 2568 ἐμάθομεν.
1472 2520 1660 2567 Πνευματικὸς
1686 2525 1714 2556 δέ
1742 2520 1835 2570 ἐστξνυδ

1062 2576 1094 2614 τῇ
1214 2574 1262 2610 τὴν
1283 2564 1379 2614 αέγληᾲ
1402 2576 1447 2604 τοῦ
1464 2564 1719 2614 ἁγίου-Πνιύματος
1741 2564 1834 2616 εξσδιξά·

1063 2613 1238 2659 μενος,ψκαὶ
1266 2620 1330 2660 παρ’
1370 2620 1450 2650 αὑτοῦ
1484 2618 1529 2649 τὸν
1565 2621 1624 2648 νοῦν
1655 2613 1833 2660 ,φωτιζόμεγος-

1062 2655 1096 2695 Ὅ
1126 2655 1211 2695 τοίνυν
1242 2655 1420 2704 πνευματικὸς
1455 2662 1661 2704 καταλαμϐάνῃ
1675 2655 1680 2658 ⁷
1695 2661 1742 2700 μὶν
1767 2655 1834 2687 πάντα

912 2755 1006 2786 Variae
1028 2755 1175 2785 lectiones.

247 2844 268 2862 ‘3
281 2845 395 2881 ψυχικοῖς
405 2851 436 2873 0.
477 2843 495 2860 ”
510 2846 558 2871 τῶν
570 2844 664 2871 πιστῶν
681 2851 707 2872 ο.
748 2843 768 2860 ⁵⁵
781 2841 821 2870 ὕπ’
837 2842 937 2873 οὐδενὸς
951 2849 988 2869 m.
