1881 3081
52 173 112 201 597

507 171 682 201 EXPOSITIO
700 171 734 200 ΙΝ
753 171 858 200 EPIST.
877 172 888 200 Ι
905 172 952 201 ΑΒ
971 172 1051 202 COR.
1071 187 1107 194 —
1126 173 1202 202 CAP.
1220 174 1262 202 ΙΙΙ.

1655 176 1707 205 598

49 236 267 275 πνευματικῶς,
297 236 333 268 ὥς
360 234 524 275 προιίρηται·
548 234 624 268 αὐτὸς
650 234 679 265 δι’
704 235 744 270 τίς
767 236 855 273 ἔστιν,
871 235 953 270 Adit

933 235 964 269 it,
983 239 1013 264 ut
1030 243 1114 272 supra
1137 235 1241 265 dictum
1253 240 1312 270 est;
1334 236 1392 272 ipse
1405 244 1482 272 vero,
1503 237 1616 273 quinam
1631 238 1677 273 sit,
1692 247 1708 267 a

50 281 103 310 ὕπ’
135 280 241 314 οὐδενὸς
268 281 321 310 τῶν
349 281 469 320 ψυχικῶν
499 279 739 317 καταλαμϐάνεται
754 292 761 300 ·
789 280 856 320 ὓπὶρ

50 324 153 360 αὖτοὺς
168 325 221 365 γὰρ
237 325 291 362 ὢν,
309 326 443 364 ἀγνοεῖται
465 324 576 358 τούτοις.
597 324 634 356 Ἣ
644 348 652 362 ,
667 325 856 365 καταλαμϐά-

50 382 95 401 νει
119 369 169 410 μὲν
184 370 223 404 τίς
242 371 312 401 ἐστιν
336 372 350 400 ὁ
374 370 503 410 ψυχικὸς,
526 370 573 400 καὶ
596 371 623 400 τί
638 371 759 402 πείσεται
787 371 856 410 μετὰ

50 416 189 454 θάνατον,
211 415 256 445 καὶ
280 411 333 445 οἶδε
358 415 404 445 καὶ
424 415 457 444 τὰ
480 417 576 445 ἑαυτοῦ
590 415 637 446 καὶ
659 415 693 446 τὰ
708 419 754 446 τοῦ
769 417 853 456 ψυχι-

49 463 103 490 κοῦ
120 470 128 478 ·
148 461 227 494 αὐτὸς
242 461 269 491 δὲ
285 460 330 489 ὑπ’
347 460 449 494 οὖδινὸς
463 462 578 501 ψυχικοῦ
594 461 834 499 καταλαμϐάνεται
845 483 853 498 ,

49 506 94 539 ’τίς
117 507 192 543 ἐστι,
210 505 256 536 καὶ
279 505 305 535 τί
328 505 469 536 πείσεται·
493 505 584 546 ὥσπερ
602 506 634 542 δὴ
658 506 705 536 καὶ
720 508 734 536 ὁ
749 506 853 546 βλέπων

50 553 106 592 ὁρᾷ
122 551 172 590 μὲν
192 551 237 581 τὸν
255 550 352 592 τυφλὸν
364 574 373 590 ,
388 552 439 591 οὔχ
456 552 550 591 ὁρᾶται
571 551 599 581 δὲ
611 551 663 582 ὑπὸ
682 554 727 581 τοῦ
741 552 851 592 τυφλοῦ.

50 596 137 627 Ἐπεὶ
160 596 190 626 δὲ
217 596 366 637 ἀνακρίνειν
391 595 431 626 ἔτι
445 599 545 626 νοεῖται
567 596 613 626 καὶ
633 597 664 627 τὸ
684 596 818 637 ἐλίγχιιν,
841 598 855 626 ὁ

50 641 102 680 μὶν
118 641 297 680 πνευματικὸς
313 641 416 681 ἐλέγχει
431 641 547 672 πάντοσε
573 641 617 671 τὸν
633 643 722 676 κακῶς
739 642 835 682 ἔχοντα
845 666 851 677 ,

49 686 131 720 αὐτὸς
151 686 180 716 δὲ
197 688 241 716 ὑπ’
259 686 361 720 οὐδενὸς
376 689 429 716 τῶν
453 688 542 720 κακῶς
564 687 679 726 ἐχόντων
694 687 851 728 ἐλέγχεται,

50 731 101 761 ἅτε
116 732 201 771 ὀρθῶς
217 732 289 771 βιῶν.
308 730 319 772 [
330 731 402 762 Cod.
422 731 564 762 Arundel.
580 731 591 772 ]

97 832 114 850 (ι
130 821 180 854 Τίς
197 820 248 861 γὰρ
265 822 332 860 ἔγνω
351 822 412 850 νοῦν
435 820 549 861 Κυρίου,
568 820 594 856 ὃς
617 820 781 860 συμϐιϐάσει
803 822 853 850 αὖ-

911 281 988 310 nullo
1017 281 1130 310 animali
1151 280 1403 318 comprehenditur.
1430 283 1502 310 Nam
1532 291 1616 319 supra
1646 284 1708 313 illos

911 327 1040 362 existens,
1061 326 1096 355 ab
1109 327 1144 355 iis
1159 335 1215 355 non
1235 327 1418 363 cognoscitur.
1440 326 1500 361 Vel,
1515 328 1629 364 percipit
1642 336 1708 358 sane

911 372 970 408 quis
984 373 1020 400 sit
1040 372 1124 401 homo
1137 372 1274 406 animalis,
1289 377 1317 400 et
1328 372 1393 408 quid
1407 376 1470 408 post
1483 377 1603 401 mortem
1617 373 1704 409 patie-

910 421 965 451 tur,
974 417 1103 454 novitque
1114 417 1243 454 suiipsius
1255 422 1282 446 et
1296 417 1418 446 hominis
1426 417 1552 446 animalis
1566 425 1610 446 res
1626 426 1633 445 :
1649 419 1706 454 ipse

910 470 972 490 vero
995 462 1030 491 ab
1044 463 1153 491 animali
1168 463 1243 491 nullo
1267 463 1435 499 intelligitur,
1450 463 1499 499 qui
1522 463 1568 496 sit,
1591 467 1620 491 et
1641 463 1706 499 quid

911 511 973 543 post
984 512 1103 537 mortem
1118 508 1236 544 patietur
1252 518 1258 536 :
1275 507 1512 545 quemadmodum
1524 507 1547 536 is
1558 508 1607 545 qui
1621 508 1705 542 videt.

909 560 1014 582 meum
1028 553 1140 590 quidem
1158 553 1254 587 cernit,
1275 561 1332 581 non
1352 557 1444 582 tamen
1458 561 1473 581 a
1485 561 1559 582 caeco
1573 553 1703 582 cernitur.

909 598 1049 634 Quoniam
1064 605 1138 633 vero,
1159 610 1171 623 ι
1190 598 1349 635 dijudicare,
1367 610 1379 623 ι
1395 598 1528 635 accipitur
1540 606 1601 635 pro,
1625 609 1638 623 α
1663 606 1706 627 ar-

909 651 1001 680 guere,
1019 654 1031 668 ι
1047 642 1132 672 homo
1148 643 1293 680 spiritualis
1307 643 1430 680 quidem,
1450 651 1513 672 eum
1527 644 1574 680 qui
1589 643 1663 672 male
1675 651 1705 672 se

909 688 987 725 gerit,
1011 696 1154 725 nunquam
1177 696 1234 717 non
1251 689 1351 725 arguit,
1365 689 1425 725 ipse
1447 692 1539 717 autem
1564 696 1580 717 a
1595 689 1705 717 nemine

908 741 1004 762 eorum
1026 734 1072 770 qui
1098 733 1170 762 male
1199 741 1228 762 se
1251 733 1363 768 habent,
1385 734 1518 771 arguitur,
1544 734 1607 770 quia
1632 738 1706 763 recte

909 777 982 806 vivit.

942 824 1032 852 Vua.
1050 826 1094 853 16.
1110 835 1122 848 α
1138 823 1205 860 Quis
1218 824 1291 852 enim
1306 823 1382 853 novit
1396 827 1516 853 mentem
1530 823 1644 852 Domini
1658 823 1705 860 qui

47 865 96 895 τόν
109 881 117 901 ;
129 877 145 895 n
168 866 222 896 Τὸν
239 865 418 904 πνευματικὸν
432 868 506 902 νοῦν,
521 868 580 895 νοῦν
598 866 697 906 Κυρίου
717 866 851 905 ὀνομάζει.
866 865 891 897 Β
907 876 953 897 eru

932 868 1016 897 rudiat
1034 869 1125 905 ipsum
1140 871 1172 898 1?
1196 880 1208 893 ι
1226 869 1397 904 Spiritualem
1413 873 1537 898 mentem
1560 880 1572 893 ι
1589 869 1703 897 Domini

47 911 92 942 Τὸ
108 910 153 948 Si,
172 922 187 939 ι
203 910 374 950 Συμϐιϐάσει
384 933 393 949 ,
409 910 468 940 ἀντὶ
481 913 527 940 τοῦ
537 933 545 947 ,
567 911 750 952 διορθώσεται.
774 911 853 942 Ἐπεὶ

47 956 141 986 τοίνυν
162 955 228 996 ἔφθη
256 955 353 992 εἰπὼν,
376 954 447 986 81·ιὸ
473 956 650 995 πνευματικὸς
677 956 721 987 ὕπ’
752 957 854 991 οὐδενὸς

47 1001 225 1042 ἀνακρίνεται
230 1025 240 1038 ,
256 1000 322 1041 φησὶ
333 1003 393 1038 νῦν,
405 1000 446 1030 ὅτι
460 1001 575 1035 Εἰνκότυκ
586 1004 663 1031 τοῦτο
678 996 763 1033 εἶπον.
780 1015 791 1029 κ
805 1003 854 1036 Τίς

43 1046 102 1086 γὰρ
118 1045 190 1086 ἔγνω
202 1049 261 1076 νοῦν
287 1045 406 1086 Κυρίου,
429 1046 455 1080 ὃς
475 1045 567 1084 μέλλει
582 1046 752 1086 συμϐιϐάσαι
773 1048 853 1077 αὐτὸν

46 1090 119 1130 (τὸν
133 1094 194 1121 νοῦν
209 1090 307 1131 φημι),
329 1101 345 1120 ι
369 1090 489 1121 τουτέστι
513 1091 729 1131 διορθώσασθαις
748 1093 781 1123 ΕΞ
801 1092 853 1133 γὰρ

44 1136 150 1166 εἰδέναι
165 1135 249 1170 οὐδεὶς
263 1135 373 1166 δύναται
390 1136 436 1166 τὸν
446 1139 492 1166 τοῦ
507 1137 607 1176 Κυρίου
630 1139 691 1166 νοῦν
701 1161 709 1174 ,
723 1137 752 1167 ὃν
768 1137 824 1178 ἔχει
839 1140 854 1168 ὁ

45 1181 250 1220 πνευματικὸς,
274 1182 367 1222 πολλῷ
392 1182 494 1220 μᾶλλον
515 1181 649 1212 διδάσκειν
677 1182 723 1212 καὶ
749 1182 854 1223 διορθώ-

45 1228 153 1256 σασθαι
169 1226 206 1256 η.

95 1281 113 1301 ι
127 1270 224 1309 ⁶Ημεῖς
239 1270 266 1301 δὲ
285 1273 349 1312 νοῦν
353 1311 357 1312 7
371 1270 468 1311 Κυρίου
483 1271 510 1290 ⁴⁷
524 1271 632 1311 ἔχομεν.
647 1282 662 1301 n
679 1271 727 1308 Μὴ
748 1272 852 1312 θαυμά-

44 1328 116 1355 σῃς,
145 1316 242 1357 φησὶν,
268 1315 309 1346 ὅτι
333 1311 406 1345 εἷπον
427 1318 489 1346 νοῦν
511 1316 612 1356 Κυρίου
637 1316 680 1347 τὸν
705 1329 852 1357 πνευματι-

44 1360 97 1390 κὸν
112 1361 140 1380 ⁴⁸
166 1360 213 1391 καὶ
233 1360 276 1390 τὸν
299 1363 358 1391 νοῦν
378 1361 471 1391 αὑτοῦ.
489 1360 585 1400 ἹΙμεῖς
605 1361 657 1402 γὰρ
676 1362 773 1397 πάντες
791 1366 851 1393 νοῦν

44 1407 174 1446 Χριστοῦ
189 1406 283 1446 ἔχομεν
295 1418 302 1424 ·
317 1406 454 1443 τουτέστι,
477 1406 571 1436 Πάντα
585 1406 635 1437 ὅσα
650 1407 738 1446 ἴσμεν,
753 1409 767 1437 ὃ
783 1409 853 1448 Χρι-

46 1451 115 1485 στὸς
129 1453 193 1490 ἡμῖν
204 1450 357 1491 ἄπεκάλυψε
374 1460 381 1468 “
401 1451 446 1481 καὶ
460 1451 504 1481 τὸν
519 1454 577 1481 νοῦν
592 1451 607 1481 ὃ
628 1451 670 1494 .
690 1452 739 1494 ὃν]
754 1452 850 1494 ἔχομεν

45 1496 115 1537 περὶ
134 1497 187 1526 τῶν
208 1496 284 1527 θείων
307 1496 491 1537 πραγμάτων,
516 1500 561 1527 τοῦ
587 1497 704 1538 Χριστοῦ
724 1498 822 1538 ἔχομεν
843 1511 849 1517 -

908 918 1030 943 mentem
1047 926 1061 938 ι.
1074 918 1164 943 vocat.
1184 914 1334 950 Συμειὸάσιι
1352 918 1445 943 autem
1460 918 1502 942 est
1517 921 1577 950 pro,
1591 914 1703 950 diriget,

908 959 1036 995 corriget.
1056 959 1126 996 Quia
1146 967 1212 996 ergo
1224 967 1306 996 supra
1327 959 1408 993 dixit,
1428 971 1440 982 α
1454 959 1609 995 Spiritualis
1627 967 1643 986 a
1657 967 1704 986 ne-

908 1003 984 1032 mine
1005 1003 1170 1041 dijudicatur
1194 1014 1200 1032 :
1225 1016 1237 1029 ι
1259 1003 1352 1033 subdit
1371 1012 1453 1036 nunc,
1476 1005 1539 1032 Non
1565 1003 1704 1032 immerito

907 1048 974 1077 dixi.
997 1060 1010 1073 ι
1031 1049 1099 1084 Quis
1119 1049 1195 1077 enim
1217 1049 1295 1077 novit
1315 1052 1436 1077 mentem
1458 1048 1578 1082 Domini,
1605 1049 1653 1085 qui
1671 1048 1707 1076 sit

908 1093 1091 1122 instructurus
1104 1093 1190 1130 ipsam
1204 1096 1349 1129 (mentem,
1364 1094 1498 1130 inquam),
1514 1093 1566 1122 hoc
1578 1097 1629 1128 est,
1644 1093 1706 1122 diri-

907 1143 953 1176 get
967 1139 1024 1168 sive
1039 1140 1176 1176 corriget?
1198 1140 1225 1167 Si
1241 1140 1313 1168 enim
1329 1147 1411 1167 nemo
1430 1139 1501 1168 scire
1516 1143 1606 1175 potest
1627 1147 1704 1167 men-

908 1188 963 1212 tem
986 1185 1108 1220 Domini,
1124 1192 1209 1221 quam
1228 1184 1310 1213 habet
1322 1184 1481 1221 spiritualis,
1501 1185 1589 1213 multo
1610 1184 1704 1213 minus

907 1229 1006 1258 docere
1020 1230 1093 1258 illam
1109 1230 1208 1266 poterit
1225 1234 1252 1258 et
1270 1230 1417 1266 corrigere.

942 1275 999 1303 Nos
1015 1278 1108 1303 autem
1128 1279 1250 1304 mentem
1266 1275 1380 1304 Domini
1400 1275 1545 1304 habemus.
1567 1286 1579 1300 ι
1595 1275 1636 1303 Ne
1650 1274 1704 1303 mi-

907 1320 985 1353 reris,
1000 1320 1100 1357 inquit,
1115 1320 1191 1357 quod
1210 1320 1266 1349 dixi
1281 1325 1403 1349 mentem
1417 1320 1530 1349 Domini
1545 1321 1636 1357 ipsum
1649 1319 1706 1356 spi-

906 1365 1034 1394 ritualem
1049 1370 1077 1394 et
1098 1370 1220 1394 mentem
1235 1366 1327 1402 ipsius.
1344 1367 1401 1394 Nos
1415 1366 1489 1394 enim
1509 1373 1606 1394 omnes
1624 1372 1705 1393 men—

906 1415 963 1439 tem
984 1410 1085 1439 Christi
1104 1410 1252 1446 habemus,
1275 1410 1328 1439 hoc
1347 1415 1399 1445 est,
1423 1411 1517 1439 omnia
1532 1418 1705 1448 quaecunque

903 1456 1017 1489 scimus,
1040 1455 1164 1485 Christus
1177 1455 1257 1484 nobis
1278 1456 1413 1484 revelavit.
1435 1457 1471 1485 Et
1483 1464 1566 1493 quam
1580 1460 1703 1485 mentem

904 1508 953 1530 seu
979 1501 1151 1529 intellectum
1169 1500 1303 1530 habemus
1321 1501 1356 1530 de
1376 1501 1472 1530 divinis
1491 1502 1583 1536 rebus,
1602 1501 1706 1530 Christi

44 1542 191 1578 τουτέστι,
205 1541 264 1578 Τὴν
282 1543 379 1581 γνῶσιν
393 1541 426 1578 ἢν
449 1541 545 1582 ἔχομεν
561 1543 623 1582 περὶ
645 1545 698 1573 τῶν
717 1543 787 1574 κατὰ
801 1543 848 1580 τὴν
865 1550 888 1583 c
907 1550 948 1575 est

932 1550 961 1581 it;
977 1546 1030 1575 hoc
1043 1550 1095 1581 est,
1108 1547 1235 1575 notitiam
1250 1554 1332 1583 quam
1350 1546 1484 1575 habemus
1497 1546 1533 1575 de
1546 1547 1626 1575 rebus
1639 1546 1702 1574 ﬁdei

44 1588 142 1617 πίστιν
170 1587 337 1626 πραγμάτων
363 1589 550 1626 πνευματικῶν
574 1587 609 1624 ⁸³,
638 1589 692 1619 ἀπὸ
713 1591 759 1619 τοῦ
779 1590 849 1630 Χρι-

44 1634 115 1662 στοῦ
131 1631 228 1672 ἔχομεν
245 1643 251 1650 ·
280 1631 350 1662 ὥστε
371 1631 478 1667 εἰκότως
509 1633 553 1662 ὑπ’
580 1633 682 1667 οὐδενὸς
709 1634 849 1675 ἀνακρινό-

45 1680 131 1716 μεθα.
147 1676 224 1710 Τινὲς
242 1676 270 1706 δὲ
289 1679 350 1707 νοῦν
364 1678 481 1717 Χριστοῦ
501 1677 546 1707 τὸν
569 1678 696 1719 Πατέρα,
712 1679 787 1709 ἄλλοι
804 1679 849 1709 καὶ

44 1722 77 1752 τὸ
93 1723 210 1761 Πνεῦμα
225 1721 381 1761 ὠνόμασαν.

348 1802 494 1832 ΚΕΦΑΛ.
514 1801 556 1832 [".

92 1884 109 1902 α
124 1873 179 1903 Καὶ
195 1871 264 1912 ἐγὼ,
281 1872 407 1914 ἀδελφοὶ,
427 1874 475 1903 οὐχ
489 1873 624 1910 ἠδυνήθην
638 1874 756 1909 λαλῆσαι
767 1875 828 1912 ὑμῖν
838 1897 848 1914 ,

44 1921 81 1953 ὡς
103 1921 309 1957 πνευματικοῖς,
339 1919 398 1948 ἀλλ’
423 1920 458 1952 ὡς
482 1923 628 1959 σαρκικοῖς.
645 1929 660 1948 ι)
691 1918 849 1950 Κατέϐαλεν

45 1965 140 1994 αὐτῶν
164 1963 207 1993 τὸν
229 1961 273 1992 ἐπὶ
357 1962 406 1998 ἔξω
431 1963 510 2004 σοφίᾳ
535 1965 626 2004 τῦφον.
663 1962 722 1994 Ἵνα
747 1960 791 1993 οὖν
810 1965 848 2004 μὴ

44 2010 137 2050 ἔχωσι
150 2008 237 2047 λέγειν
246 2030 254 2045 ,
266 2007 307 2037 ὅτι
319 2007 415 2046 Ἡμεῖς
433 2009 480 2038 οὔχ
494 2009 537 2038 ἐπ’
559 2008 646 2048 ἐκείνῃ
664 2009 827 2049 ἐπαιρόμιθοι
839 2033 848 2048 ,

44 2055 102 2084 ἀλλ
117 2053 171 2084 ’ἐπὶ
247 2055 415 2093 πνευματικῇ
430 2065 436 2072 ’
462 2055 506 2083 νῦν
522 2053 651 2084 δείκνυσιν
671 2053 765 2087 αὐτοὺς
790 2055 848 2084 οὐδὲ

44 2099 91 2130 ἰπὶ
157 2097 275 2138 ἡμετέρᾳ
300 2098 379 2139 σοφίᾳ
404 2099 435 2128 τὸ
448 2098 546 2128 τέλειον
570 2097 699 2138 ἔχοντας,
724 2098 784 2128 ἀλλ’
809 2099 848 2130 ἔτι

45 2144 153 2177 ἀτελεῖς
168 2142 246 2177 ὄντας
262 2155 268 2162 ·
286 2142 333 2173 καί
349 2155 440 2184 φησιν,
457 2142 497 2173 ὅτι
510 2143 596 2184 Οὔπω
610 2143 684 2173 οὐδὲν
700 2143 727 2163 ⁵ο
739 2145 792 2174 τῶν
807 2155 849 2174 τι-

43 2188 187 2230 λειστίρων
208 2182 359 2224 ἦκούσατεί
370 2189 468 2222 Καλῶς
483 2188 511 2219 δὲ
533 2182 592 2218 εἷπε
608 2188 637 2218 τὸ
648 2211 656 2225 ,
673 2200 688 2218 (ι
704 2190 763 2219 Οὐκ
782 2190 846 2225 ἠδυ-

44 2227 150 2271 νήθην,
167 2244 181 2262 ιι
199 2232 243 2263 ἵνα
259 2233 297 2272 μὴ
321 2232 381 2273 δόξῃ
396 2233 439 2263 διὰ
454 2234 546 2275 φθόνον
563 2234 652 2268 αὐτοῖς
673 2233 704 2264 τὸ
717 2234 846 2264 τελειότε-
861 2227 886 2260 D

44 2292 91 2320 ρον
109 2279 131 2298 ⁵⁴
150 2279 188 2317 μὴ
204 2279 296 2308 εἶπεῖν.
314 2278 366 2308 Διὰ
388 2278 439 2319 γὰρ
459 2278 485 2297 ⁵³
498 2278 528 2309 τὸ
540 2278 698 2320 στρέφεσθαι
720 2281 788 2318 ὑμᾶς
810 2279 849 2309 ἔτι

43 2324 110 2363 περὶ
125 2323 160 2354 τὰ
174 2323 308 2364 σαρκικὰ,
323 2324 371 2353 οὐκ
385 2323 519 2361 ἠδυνήθην
537 2324 655 2360 λαλῆσαι
670 2326 705 2359 ὥς
727 2324 846 2358 τελείοις.

44 2369 106 2401 Καὶ
127 2370 184 2403 πῶς
212 2369 333 2409 σαρκικοί
356 2368 427 2403 ὄντες
449 2369 547 2408 σημεῖα
572 2369 731 2407 ἐπετέλουνς
756 2364 848 2400 Ἦσαν

45 2414 95 2445 καὶ
113 2414 140 2434 ⁵³
160 2415 289 2450 τοιοῦτοι,
306 2413 320 2443 8
344 2414 390 2443 καὶ
414 2415 473 2444 κατ’
498 2413 584 2455 ἀρχὰς
609 2413 729 2455 εἴρηται,
748 2411 849 2448 Ἄλλως

44 2472 92 2498 τε,
106 2459 207 2489 ἔνικαὶ
232 2463 332 2497 σημεῖα
357 2463 458 2497 ποιεῖν,
483 2453 677 2500 χαῖησαρχιιιὸν
705 2453 790 2498 εἶναι,
816 2461 850 2494 ὡς

46 2506 70 2535 οἱ
95 2504 131 2534 τὰ
147 2503 271 2541 δαιμόνια
284 2503 457 2538 ἐκϐάλλοντες
476 2506 515 2545 τῷ
529 2503 639 2543 ὀνόματι
657 2507 704 2534 τοῦ
720 2505 848 2544 Χριστοῦ.

45 2549 91 2580 Τὰ
106 2548 160 2589 γὰρ
175 2549 274 2586 σημεῖα
295 2549 361 2589 πρὸς
385 2549 515 2590 ὠφέλειαν
536 2549 632 2589 ἑτέρων
651 2548 787 2589 γίνονται,
809 2550 849 2579 διὸ

49 2594 97 2624 καὶ
111 2593 156 2624 διὰ
171 2595 223 2623 τῶν
240 2593 352 2629 ἀναξίων
367 2595 533 2634 ἕνεργοῦνται
547 2593 686 2630 πολλάκις.

905 1591 1098 1628 spiritualibus,
1121 1599 1137 1620 a
1158 1591 1266 1620 Christo
1287 1591 1428 1620 habemus.
1451 1593 1546 1628 itaque
1567 1591 1640 1620 haud
1660 1591 1704 1619 in-

900 1637 975 1674 juria
990 1645 1004 1665 a
1017 1637 1128 1665 nemine
1141 1636 1338 1673 dijudicamur.
1351 1637 1484 1666 Nonnulli
1501 1644 1565 1665 vero
1580 1639 1702 1665 mentem

905 1681 1007 1710 Christi
1022 1682 1142 1716 Patrem,
1158 1681 1203 1710 alii
1215 1681 1299 1710 etiam
1311 1682 1442 1718 Spiritum
1456 1681 1646 1710 nominarunt.

1208 1808 1329 1836 CAPUT
1348 1809 1398 1835 lll.

941 1877 1033 1904 Vsns.
1050 1878 1075 1903 ι.
1092 1886 1105 1899 α
1119 1875 1154 1902 Et
1165 1882 1226 1910 ego,
1241 1874 1349 1908 fratres,
1360 1882 1414 1902 non
1427 1874 1503 1910 potui
1518 1874 1597 1902 vobis
1612 1874 1698 1910 loqui,

902 1924 1034 1957 tanquam
1055 1918 1252 1955 spiritualibus,
1272 1918 1320 1947 sed
1341 1922 1474 1955 tanquam
1496 1918 1662 1947 carnalibus.
1686 1931 1698 1944 ιι

903 1967 1015 1995 Fastum
1034 1966 1156 1999 ipsorum
1175 1971 1257 2001 quem
1273 1963 1309 1992 de
1330 1967 1443 1992 externa
1457 1963 1588 2000 sapientia
1602 1971 1702 1992 conce-

896 2014 1009 2047 perant,
1030 2009 1177 2038 demolitus
1197 2013 1248 2038 est.
1270 2010 1311 2037 Ne
1327 2009 1420 2045 itaque
1439 2008 1541 2043 dicant,
1565 2010 1624 2037 Nos
1643 2009 1701 2045 ejus

902 2055 1042 2092 sapientiae
1056 2055 1173 2083 nomine
1190 2053 1263 2082 haud
1276 2062 1341 2082 sane
1352 2058 1504 2091 turgemus,
1525 2054 1573 2082 sed
1590 2058 1702 2090 propter

902 2101 1070 2138 spiritualem
1093 2109 1099 2127 :
1116 2108 1190 2128 nunc
1203 2099 1326 2128 ostendit
1344 2107 1391 2128 eos
1403 2107 1491 2136 neque
1506 2099 1535 2127 in
1550 2101 1645 2128 nostra
1660 2107 1702 2127 sa-

903 2146 1000 2183 pientia
1018 2145 1162 2182 perfectos,
1182 2145 1229 2174 sed
1249 2144 1427 2181 imperfectos
1448 2144 1539 2172 adhuc
1562 2152 1632 2179 esse,
1656 2145 1701 2172 in—

902 2192 998 2228 quiens
1016 2201 1023 2219 :
1039 2190 1178 2228 Quoniam
1192 2190 1315 2218 nondum
1334 2189 1485 2227 quidquam
1507 2189 1701 2226 perfectiorum

902 2244 994 2265 rerum
1007 2235 1139 2264 audiistis.
1154 2235 1272 2264 Pulchre
1282 2239 1374 2264 autem
1387 2234 1462 2268 dixit,
1478 2246 1490 2259 α
1508 2236 1570 2263 Non
1583 2235 1670 2271 potui,
1687 2247 1698 2260 ν

904 2289 939 2310 ne
960 2280 1084 2309 videatur
1103 2289 1135 2309 ex
1158 2280 1261 2309 invidia
1276 2280 1340 2317 ipsis
1363 2279 1526 2317 perfectiora
1548 2280 1702 2308 communi-

903 2333 966 2355 care
987 2326 1070 2354 nolle.
1093 2326 1163 2362 Quia
1186 2325 1259 2354 enim
1283 2326 1310 2354 in
1334 2325 1416 2353 rebus
1438 2325 1594 2354 carnalibus
1609 2324 1701 2354 adhuc

903 2371 1005 2400 versati
1018 2371 1094 2404 estis,
1109 2370 1257 2408 non'potui
1280 2370 1356 2399 vobis
1370 2371 1451 2399 verba
1473 2369 1560 2399 facere
1574 2378 1624 2399 ceu
1640 2377 1702 2407 per-

905 2415 992 2445 fectis.
1017 2416 1070 2451 Qui
1093 2423 1157 2444 vero
1171 2423 1235 2444 cum
1256 2416 1379 2444 carnales
1401 2419 1504 2450 essent,
1523 2416 1598 2452 signa
1622 2415 1704 2444 iacie-

904 2461 988 2490 bant?
1003 2460 1150 2498 Ejusmodi
1174 2464 1247 2489 certe
1268 2460 1391 2496 fuerunt,
1415 2465 1447 2489 ut
1463 2461 1491 2489 in
1514 2461 1650 2497 principio
1664 2461 1703 2490 di-

904 2511 981 2536 ctum
1001 2511 1052 2536 est.
1076 2508 1223 2541 Praeterea,
1249 2510 1339 2543 potest
1361 2506 1459 2543 aliquis
1473 2506 1552 2542 signa
1568 2506 1661 2540 edere,
1677 2510 1705 2534 et

904 2557 995 2581 tamen
1009 2552 1124 2581 carnalis
1138 2560 1206 2588 esse,
1225 2551 1461 2589 quemadmodum
1475 2551 1494 2580 ii
1508 2552 1555 2588 qui
1567 2551 1703 2580 damonia

904 2598 933 2627 in
950 2597 1053 2626 Christi
1075 2597 1189 2626 nomine
1208 2597 1358 2634 ejecerunt.
1380 2596 1463 2634 Signa
1486 2597 1562 2626 enim
1576 2596 1610 2625 ad
1633 2596 1703 2625 alio-

47 2650 112 2672 rum
127 2642 357 2672 commoditatem
371 2643 504 2678 eduntur,
523 2643 640 2682 ideoque
658 2652 706 2681 per
725 2643 852 2680 indignos
864 2643 1035 2673 exhibentur.

85 2700 99 2718 ι,
113 2684 169 2712 lsa.
184 2691 235 2719 XL,
250 2686 293 2712 13.

752 2721 848 2751 Variae
869 2721 1020 2751 lectiones.

88 2769 110 2786 ⁸⁸
125 2768 285 2805 διορθοῦσθαι
308 2777 334 2798 o.
374 2769 394 2785 ”“¹
416 2770 522 2805 Χριστοῦ
545 2778 571 2799 ο.
611 2770 632 2787 ⁸⁸
653 2770 697 2797 τὸν
718 2772 762 2797 νοῦ
787 2771 954 2807 πνευματικοῦ
978 2771 1046 2796 νοῦν.
1064 2767 1152 2805 Ἣμεῗς
1175 2769 1243 2804 γὰρ,
1256 2768 1280 2795 oi
1304 2767 1464 2803 πνευματικοὶ
1486 2767 1620 2800 δηλονότι,
1645 2766 1704 2807 νοῦν

55 2809 161 2845 Χριστοῦ
174 2809 268 2846 ἔχομεν
287 2818 315 2839 ο.
354 2809 375 2828 ⁸⁸
397 2810 565 2847 πνευματικὴν
589 2811 631 2839 καὶ
654 2813 697 2838 τοῦ
721 2812 827 2848 Χριστοῦ
849 2805 942 2847 ἔχομεν
959 2819 986 2839 o.
1024 2809 1047 2827 5°
1069 2809 1125 2837 οὐδὲ
1139 2817 1166 2839 ο.
1205 2809 1225 2827 ⁸¹
1256 2809 1287 2836 τὰ
1310 2808 1462 2844 τελειότερα.
1499 2808 1522 2826 δ’
1542 2807 1582 2834 διὰ
1604 2807 1653 2844 γὰρ
1675 2805 1707 2832 th

54 2849 121 2878 εἶναι
138 2850 204 2887 imi;
221 2851 351 2887 σαρκιιοὶις
369 2859 396 2881 ο.
434 2851 457 2869 ⁵³
468 2848 532 2885 ἦσαν
545 2851 593 2888 γὰρ
610 2860 650 2880 m.
