1881 3081
24 178 75 206 θοι

502 177 676 206 EXPOSITIO
697 178 728 206 IN
750 177 854 206 EPIST.
874 178 884 206 Ι
903 178 949 206 AD
968 177 1047 207 COR.
1067 191 1103 199 —
1120 178 1196 207 CAP.
1217 179 1259 208 Ill.

1632 183 1684 211 602

25 245 143 281 συνεχεῖ
170 240 328 282 διδασκαλίᾳ
342 242 390 272 οὐκ
406 241 479 271 εἴασε
501 241 732 281 καταξηρανθῆναι
748 241 774 260 ⁵⁸
788 241 832 270 τὸν
847 245 874 275 Α

925 241 1058 270 ιιίῑιιιίοοο
1089 249 1145 270 non
1171 242 1294 278 permisit
1316 250 1409 272 semen
1431 251 1587 274 exarescere
1616 250 1685 275 aestu

25 285 133 324 σπόρον
151 287 193 327 τῷ
209 285 327 316 καύσωνι
342 288 393 316 τῶν
410 289 455 316 τοῦ
473 290 588 326 πονηροῦ
608 287 765 326 πειρασμῶν
787 286 814 304 ⁶⁰
826 295 833 303 ·

27 330 104 366 πλὴν
120 333 136 360 ὁ
152 331 223 365 Θεὸς
238 331 351 367 ηὔξησεν
367 332 390 351 ⁶¹
408 332 488 370 opis.

68 389 80 401 -
94 374 195 406 Ὠστι
212 376 270 407 οὔτε
293 378 306 406 ὃ
319 376 437 417 φυτεύων
451 377 508 406 ἐστί
524 388 548 406 τι
559 398 567 412 ,
583 376 644 406 οὔτε
666 378 680 406 ὁ
701 376 814 411 ποτίζων
827 398 834 412 ,

26 420 88 449 ἀλλ’
104 422 121 450 ὁ
147 421 268 456 αὐξάνων
291 422 369 455 Θεός.
387 435 398 447 ιι
413 421 505 461 σορα,
528 424 584 455 πῶς
608 423 745 461 ἀνεπαχθῆ
766 425 835 450 ποιεῖ

27 463 76 500 τὴν
98 465 275 499 ἐξουδένωσιν
298 468 350 495 τῶν
374 466 549 506 προεστώτων
565 467 593 495 ἄν
609 466 729 506 Κορίνθῳ
748 468 835 506 σοφῶν

27 510 74 538 καὶ
101 511 262 548 πλουσίων,
286 512 379 540 ἑαυτὸν
404 511 447 540 καὶ
463 511 584 541 Ἀπολλὼ
600 511 671 541 κατὰ
693 511 724 541 τὸ
744 510 836 551 φαινό-

29 566 109 592 μενον
137 555 333 594 ἐξουδενώσας,
358 557 404 586 καὶ
427 556 550 593 διδάξας,
568 556 609 586 ὅτι
632 557 694 596 Θεῷ
711 556 749 586 δεῖ
765 556 836 596 μόνῳ

28 600 197 640 προσέχειν,
222 601 268 631 καὶ
291 602 327 634 εἷς
349 601 427 630 αὐτὸν
439 602 591 631 ἀνατιθέναι
607 601 695 631 πάντα
710 601 743 630 τὰ
767 612 835 640 συμ-

30 644 164 676 ϐαίνοντα
181 646 279 685 ἀγαθοί,

79 704 94 721 τι
110 691 149 723 Ὁ
166 691 286 732 φυτεύων
300 690 327 720 δὲ
346 690 391 720 καὶ
409 693 422 720 ὃ
445 691 558 726 ποτίζων
578 691 605 721 ἕν
620 692 696 722 εἰσιν.
720 704 732 717 ι·
748 690 834 722 Ὅσον

31 737 97 778 πρὸς
112 737 146 767 τὸ
226 735 351 767 δύνασθαί
362 747 388 765 τι
402 736 483 776 χωρὶς
498 738 587 774 Θεοῦ,
604 736 631 766 ἓν
643 737 703 767 εἰσι.
717 737 780 770 Πῶς
790 731 835 766 οὖν

35 783 185 824 ἐπαίρεσθε
201 783 259 812 κατ’
280 780 403 816 ἀλλήλων
413 803 422 820 ,
437 781 465 810 ἓν
486 781 575 818 ὄντες

71 887 83 900 α
100 872 245 905 Ἕκαστος
261 871 288 902 δὲ
302 872 346 901 τὸν
367 871 431 901 ἴδιον
457 871 550 912 μισθὸν
567 871 681 911 λήψεται
705 872 775 902 κατὰ
792 874 836 904 τὸν
852 880 875 912 Β

32 917 97 948 ἴδιον
112 917 213 948 κόπον.
233 930 244 943 ι
260 915 372 952 Ἐπειδὴ
395 916 463 950 εἰκὸς
475 911 507 952 ἦν
522 916 583 950 τοὺς
595 916 679 946 πλείω
700 916 834 955 καμόντας

32 963 90 1002 περὶ
105 962 142 1002 5“
165 961 217 997 τὴν
243 961 348 997 πίστιν,
372 961 566 1001 ῥᾳθυμοτέρως
589 961 723 999 γίνεσθαι,
745 962 832 992 ἁκού-

32 1018 146 1043 σαντας,
166 1006 210 1036 ὅτι
227 1006 255 1035 ἔν
277 1006 327 1036 εἰσι
345 1006 455 1044 πάντες,
475 1006 569 1039 εὐθέως
584 1006 649 1035 αὐτὸ
668 1006 833 1046 διορθοῦται,

32 1052 117 1091 λέγων
129 1075 137 1089 ,
157 1052 201 1081 ὅτι
211 1065 223 1077 ιι
239 1050 292 1082 Ἕν
308 1052 372 1080 εἰσιν
384 1073 392 1087 ,
409 1050 468 1081 ὅσον
482 1051 546 1090 πρὸς
562 1053 590 1080 τὸ
603 1051 641 1090 μὴ
657 1050 785 1081 δύνασθαί
805 1064 831 1082 τι

35 1097 94 1126 ἄνευ
109 1100 159 1127 τοῦ
176 1096 332 1131 αὖξάνοντος
348 1097 418 1126 Θεοῦ
434 1108 440 1114 -
454 1096 512 1126 ἐπεὶ
532 1096 558 1115 ⁸³
579 1095 639 1126 ὅσον
657 1108 687 1135 γε
700 1096 766 1137 πρὸς
785 1096 833 1133 τὴν

34 1142 213 1172 ἀνταπόδοσιν
237 1141 347 1174 ἕκαστος
373 1141 441 1170 κατὰ
465 1141 509 1171 τὸν
531 1142 595 1171 ἴδιον
615 1141 697 1171 κόπον
720 1141 764 1170 τὸν
791 1154 832 1180 μι-

33 1188 92 1216 σθὸν
107 1186 174 1221 ἔξει.
200 1187 260 1216 Οὖκ
272 1181 330 1216 εἶπε
345 1185 372 1215 δὲ
382 1208 390 1224 ,
410 1186 488 1216 Κατὰ
507 1186 537 1215 τὸ
551 1186 616 1216 ἴδιον
638 1185 730 1226 ἔργον,
747 1187 832 1224 ἀλλὰ,

36 1245 46 1256 ιι
63 1231 143 1262 Κατὰ
159 1232 207 1261 τὸν
223 1231 304 1261 κόπον
321 1241 328 1250 ·
346 1242 360 1258 η
381 1230 407 1260 τί
421 1231 472 1270 γὰρ
489 1232 512 1260 si
528 1230 604 1271 ἔργον
620 1231 667 1269 μὲν
684 1232 731 1260 οὐκ
747 1233 833 1261 ἐτέλε-

36 1288 77 1305 σεν
84 1300 92 1314 ,
114 1276 244 1306 ἐκοπίασε
265 1275 293 1305 δέ
303 1288 311 1312 ;

78 1377 92 1394 α
117 1367 193 1397 Θεοῦ
212 1365 263 1406 γάρ
289 1366 368 1404 ἐσμεν
393 1365 522 1406 συνεργοί.
550 1379 562 1392 υ
590 1367 625 1395 Οἱ
652 1365 833 1402 διδάσκοντες,

38 1411 114 1449 φησὶ,
131 1412 207 1441 Θεοῦ
219 1411 299 1447 ἐσμεν
313 1411 449 1450 συνεργοὶ,
462 1413 499 1450 τῷ
516 1412 609 1450 σκοπῷ
620 1413 666 1440 τοῦ
681 1413 752 1441 Θιοῦ
763 1422 832 1449 συμ-

37 1456 210 1494 πράττοντες,
236 1455 327 1490 σώζειν
344 1456 478 1489 θέλοντος’
500 1456 560 1495 οὐχὶ
577 1456 651 1485 αὐτοὶ
674 1458 720 1490 τῆς
742 1467 832 1492 σωτη-

39 1500 92 1539 ρίας
106 1501 177 1534 ὄντες
195 1500 333 1541 αὐτουργοὶ
347 1501 388 1538 ⁶⁴,
413 1500 430 1536 ἢ
451 1501 570 1540 δοτῆρες.
589 1500 660 1531 Οὗτι
676 1496 721 1530 οὖν
745 1512 831 1530 κατα-

39 1547 187 1584 φρονεῖσθαι
211 1544 276 1579 ἄξιοι
301 1554 309 1562 ”
332 1546 404 1575 Θεοῦ
424 1545 476 1585 γάρ
503 1545 584 1584 ἐσμεν
610 1546 752 1585 συνεργοί·
774 1544 833 1576 οὔτε

40 1589 195 1630 ἐπαίρεσθαι
213 1602 220 1608 ·
241 1592 312 1621 Bson”
325 1590 375 1630 γὰρ
389 1590 420 1619 τὸ
435 1594 497 1620 πᾶν.

79 1691 93 1707 ι
113 1681 186 1711 Θεοῦ
202 1679 342 1719 γεώργιον,
365 1680 438 1710 Θεοῦ
464 1679 591 1718 οἰκοδομή
617 1680 688 1711 ἐστι.
705 1691 719 1709 ι)
742 1679 833 1709 Εἰπὼν

43 1724 160 1763 ἀνωτέρω
171 1749 180 1763 ,
198 1724 239 1754 ὅτι
269 1735 284 1753 (ι
303 1723 471 1765 Ἐφύττυσα,
488 1736 502 1753 ›)
533 1724 651 1765 ἐπιμένει
674 1726 707 1764 τῇ
733 1727 831 1764 τροπῇ,

41 1768 82 1797 καὶ
99 1769 227 1809 γεώργιον
251 1763 349 1803 αὐτοὺς
372 1770 458 1799 καλεῖ.
495 1770 528 1799 Εἰ
556 1763 600 1798 οὖν
623 1768 750 1809 γεώργιόν
774 1771 833 1799 ἐστε

40 1813 81 1842 καὶ
95 1814 223 1851 οἰκοδομὴ
236 1837 244 1851 ,
260 1814 313 1844 ἀπὸ
333 1817 378 1844 τοῦ
392 1813 527 1844 Δεσπότου
544 1815 684 1843 καλεῖσθαι
700 1814 830 1854 ὀφείλετε,

41 1859 83 1887 οὒκ
97 1858 149 1888 ἀπὸ
158 1860 213 1889 τῶν
230 1860 353 1899 γεωργῶν
367 1881 374 1894 ,
397 1858 414 1894 ἢ
429 1861 482 1888 τῶν
504 1859 663 1897 οἰκοδόμων.
680 1858 731 1892 “Ως
745 1859 833 1899 γεώρ-

43 1914 92 1941 γιον
108 1898 152 1933 οὖν
164 1927 174 1944 ,
198 1903 237 1933 ἑνὶ
252 1898 366 1944 φραγμῷ
380 1905 418 1944 τῷ
433 1905 479 1940 τῆς
499 1903 622 1942 ὁμονοίας
636 1903 753 1943 ὀφείλετε
776 1898 831 1933 τει-

43 1947 155 1986 χίζεσθαι
169 1960 176 1967 ·
203 1950 237 1982 ὡς
263 1947 388 1987 οἰκοδομὴ
409 1949 452 1985 δὲ,
473 1949 606 1985 ἡνῶσθαι,
632 1948 691 1977 ἀλλ’
707 1948 768 1988 οὐχὶ
793 1949 831 1978 δι-

45 1996 182 2024 εσπεσθαι.

84 2050 97 2065 κ
114 2037 194 2069 Κατὰ
208 2037 256 2073 τὴν
272 2038 351 2079 χάριν
369 2040 414 2067 τοῦ
430 2038 500 2068 Θεοῦ
520 2037 568 2074 τὴν
585 2037 704 2068 δοθεῖσάν
721 2050 781 2077 μοι,
796 2040 831 2072 ὡς

48 2082 115 2122 σοφὸς
135 2083 301 2124 ἀρχιτέκτων
320 2081 441 2121 θεμέλιον
464 2082 579 2113 τέθεικα.
598 2096 610 2108 ιι
627 2082 714 2123 Σοφὸν
739 2083 831 2113 ἑαυτὸν

46 2127 113 2156 καλεῖ
125 2128 299 2168 ἀρχιτέκτονα
309 2150 317 2165 ,
332 2129 380 2157 οὐκ
394 2127 511 2168 ἐπαίρων
525 2128 616 2158 ἑαυτὸν
630 2150 638 2166 ,
654 2127 722 2157 ἀλλὰ
741 2129 832 2168 βουλό-

48 2182 116 2208 μενος
130 2173 230 2209 δεῖξαι,
246 2172 286 2202 ὅτι
301 2172 380 2202 τοῦτό
398 2173 468 2202 ἐστιν
494 2172 676 2213 ἀρχιτέκτονος
692 2175 789 2214 σοφοῦ,
805 2173 835 2203 τὸ

47 2219 152 2247 τοιοῦτον
171 2221 255 2248 θεῖναι
270 2218 389 2255 θεμέλιον
401 2240 409 2254 ,
431 2217 552 2258 τουτέστι
576 2217 692 2258 Χριστόν
705 2229 712 2236 ·
733 2218 779 2248 καὶ
794 2218 835 2248 ὅτι

48 2261 89 2290 οὐκ
113 2263 227 2302 ἐπαίρων
257 2262 368 2300 ἑαυτὸν,
395 2262 478 2296 οὕτως
507 2257 580 2299 εἷπε,
602 2263 682 2298 δῆλον
705 2263 833 2294 ἐντεῦθεν.

48 2306 115 2341 Φησὶ
128 2307 181 2348 γάρ
193 2317 200 2324 ·
220 2319 235 2335 α
251 2306 330 2338 Κατὰ
342 2308 392 2343 τὴν
411 2307 490 2347 χάριν
501 2310 547 2337 τοῦ
563 2308 646 2337 Θεοῦ.
667 2321 679 2334 ι
693 2308 753 2338 Οὖκ
772 2308 834 2346 ἐμὸν

49 2350 270 2393 γᾶρέκατόρθωμα
285 2352 316 2382 τὸ
333 2352 454 2393 γενέσθαι
479 2351 578 2393 σοφὸν,
602 2352 672 2382 ἀλλὰ
692 2355 738 2383 τοῦ
763 2353 835 2383 Θεοῦ

49 2394 126 2435 χάρις.

89 2451 102 2469 ιι
115 2440 206 2476 Ἄλλος
219 2442 246 2472 δὲ
262 2443 432 2482 ἐποικοδομῖ
445 2454 452 2462 ο
472 2441 582 2477 ἕκαστος
596 2441 624 2472 δὲ
645 2441 765 2482 βλεπέτω
780 2445 836 2477 πῶς

51 2483 217 2526 ἐποικοδομεῖ.
234 2501 246 2514 ιι
266 2486 380 2524 Ἐπειδὴ
404 2487 466 2529 περὶ
491 2487 611 2522 ἕνώσεως
634 2488 723 2521 αὐτοῖς
749 2488 834 2518 διελέ-

52 2531 114 2568 χθη,
130 2532 220 2562 λοιπὸν
235 2532 296 2574 περὶ
311 2533 446 2567 πολιτείας
469 2533 557 2567 αὐτοῖς
577 2532 746 2572 διαλέγεται,
761 2533 836 2563 ἐποι-

54 2574 156 2614 κοδομὴν
170 2578 259 2607 καλῶν
280 2577 326 2611 τὰς
342 2578 454 2608 ἑκάστου
469 2577 586 2618 πράξεις.

91 2675 103 2692 1
117 2667 244 2706 Θεμέλιον
258 2667 311 2708 γὰρ
327 2667 407 2698 ἄλλον
421 2667 506 2703 οὐδεὶς
521 2667 632 2698 δύναται
651 2669 736 2698 θεῖναι
759 2669 835 2708 παρὰ

57 2706 93 2736 τὸν
107 2711 238 2751 κείμενον,
262 2706 381 2747 θ’ς-ἐστιν
397 2712 500 2749 Ἰησοῦς
520 2713 644 2754 Χριστός.
664 2724 678 2742 ι
700 2713 742 2743 Οὐ
755 2706 836 2743 δύνα-

889 286 997 315 Satanaa
1018 287 1199 316 tentationum
1216 297 1222 315 :
1246 291 1274 315 at
1288 295 1352 317 vero
1367 289 1444 318 Deus
1463 289 1540 318 vobis
1556 290 1632 319 dedit
1646 292 1686 320 in-

889 335 1062 360 crementum
1065 353 1072 360 .

926 378 1016 405 Vsns.
1032 379 1058 404 7.
1083 388 1096 401 α
1112 379 1207 414 Itaque
1220 385 1309 414 neque
1323 378 1369 414 qui
1390 379 1494 415 plantat
1507 382 1550 407 est
1571 379 1684 416 aliquid,

890 429 978 458 neque
992 422 1040 458 qui
1061 422 1143 458 rigat,
1157 422 1206 451 sed
1227 423 1274 459 qui
1289 423 1490 452 incrementum
1505 423 1555 453 dat
1569 426 1653 453 Deus.
1671 436 1684 450 v-

891 466 958 495 Vide
976 467 1118 503 quomodo
1136 468 1254 504 seipsum
1275 472 1303 496 et
1322 469 1420 505 Apollo
1442 469 1620 503 vililaciendo,
1640 478 1685 498 sa-

891 511 1012 547 pientum
1026 516 1053 540 et
1067 512 1180 540 divitum
1201 513 1336 541 Corinthii
1351 513 1544 549 praefectorum
1565 518 1687 543 contem-

890 559 968 592 ptum
989 556 1178 585 immolestum
1197 557 1295 590 reddit.
1309 557 1411 586 docens
1423 559 1497 594 quod
1509 558 1560 587 soli
1577 560 1632 588 Deo
1650 560 1689 588 sit

890 601 1099 635 attendendum,
1123 602 1203 638 eique
1224 603 1316 630 omnia
1340 610 1402 639 quae
1416 604 1581 640 contingunt
1603 604 1686 639 bona,

889 650 998 682 accepta
1012 645 1166 674 referenda.

929 691 1009 727 137
1020 693 1111 720 Vsus.
1128 695 1156 720 8.
1176 704 1189 717 ι
1203 692 1256 727 Qui
1272 696 1365 721 autem
1381 692 1488 729 plantat
1506 697 1533 721 et
1548 693 1594 730 qui
1605 694 1686 730 rigat,

891 743 977 764 unum
987 741 1060 764 sunt.
1069 737 1211 772 Quatenus
1219 737 1284 765 citra
1292 738 1383 765 Deum
1391 737 1457 766 nihil
1466 742 1590 774 possunt,
1601 746 1687 767 unum

890 785 965 809 sunt.
985 781 1133 817 Quomodo
1155 789 1220 818 ergo
1241 781 1389 811 elferimini
1411 783 1479 811 alius
1504 791 1567 819 erga
1591 783 1685 817 alium,

890 833 954 854 cum
970 833 1055 854 unum
1069 827 1144 854 sitis?

928 882 940 894 ιι
956 871 1152 907 Unusquisque
1171 876 1263 900 autem
1285 872 1422 909 propriam
1442 873 1596 901 mercedem
1617 874 1686 902 acci-

889 915 943 951 piet
964 915 1116 944 secundum
1144 924 1226 945 suum
1248 917 1379 946 laborem.
1404 929 1417 942 ι»
1441 918 1512 954 Quia
1539 918 1686 947 verisimile

889 963 959 994 erat,
984 967 1031 988 eos
1054 961 1100 996 qui
1124 961 1151 989 in
1174 960 1239 989 ﬁdei
1254 961 1335 990 rebus
1349 962 1468 990 multum
1486 961 1686 997 laboraverant,

888 1005 1028 1041 segniores
1041 1004 1160 1040 futuros,
1179 1014 1244 1034 cum
1264 1006 1389 1035 audirent
1400 1015 1497 1035 omnes
1509 1015 1568 1035 esse
1581 1015 1685 1042 unum;

888 1050 982 1078 statim
995 1050 1069 1079 istud
1083 1051 1204 1086 corrigit,
1219 1051 1312 1080 dicens
1329 1061 1336 1080 :
1353 1053 1449 1080 Unum
1463 1056 1539 1086 sunt,
1552 1057 1687 1089 quatenus

887 1094 946 1123 sine
959 1096 1028 1129 Deo,
1048 1095 1094 1132 qui
1110 1095 1312 1125 incrementum
1324 1096 1383 1131 dat,
1397 1097 1465 1125 nihil
1479 1097 1595 1133 possint.
1613 1099 1683 1126 Nam

887 1139 962 1176 quod
982 1139 1019 1168 ad
1042 1140 1250 1169 retributionem
1272 1141 1379 1175 attinet,
1402 1142 1517 1179 quisque
1536 1142 1612 1179 juxta
1627 1151 1688 1179 pro-

887 1184 977 1221 prium
987 1185 1109 1214 laborem
1122 1186 1281 1215 mercedem
1292 1186 1414 1216 habebit.
1427 1188 1490 1216 Non
1499 1187 1570 1216 dixit
1579 1192 1684 1223 autem,

887 1230 1040 1259 secundum
1062 1232 1204 1268 proprium
1227 1240 1306 1268 opus,
1321 1232 1381 1268 sed,
1407 1244 1420 1257 α
1437 1232 1591 1261 secundum
1605 1232 1685 1261 labo-

887 1282 958 1303 rem.
978 1286 990 1299 π
1007 1275 1080 1310 Quid
1101 1276 1174 1304 enim
1196 1276 1218 1304 si
1233 1284 1304 1313 opus
1320 1276 1434 1314 quidem
1455 1285 1510 1306 non
1531 1276 1683 1314 perfecerit,

887 1319 1024 1348 laboravit
1041 1323 1152 1349 tamen?

922 1365 1009 1394 Vens.
1029 1369 1056 1394 9.
1078 1378 1091 1391 ι
1110 1367 1162 1395 Dei
1175 1367 1251 1395 enim
1266 1374 1364 1396 sumus
1382 1372 1585 1405 cooperatores.
1602 1378 1616 1395 n
1634 1369 1688 1404 Qui

887 1409 1029 1445 docemus,
1051 1411 1146 1447 inquit,
1170 1412 1217 1440 Dei
1238 1413 1559 1449 sumus'cooperatores,
1574 1413 1609 1442 ad
1623 1420 1685 1441 soo-

886 1462 952 1490 pum
961 1459 988 1483 et
1005 1457 1180 1492 propositum
1207 1458 1269 1491 Dei,
1289 1465 1396 1485 servare
1418 1458 1537 1486 volentis
1552 1478 1560 1492 ,
1583 1465 1684 1494 coope-

887 1503 994 1534 rantes;
1018 1509 1074 1528 non
1087 1501 1139 1538 ipsi
1157 1510 1209 1530 nos
1227 1509 1325 1530 sumus
1338 1502 1436 1531 salutis
1448 1503 1490 1531 vel
1504 1507 1632 1532 auctores
1645 1503 1687 1531 vel

853 1532 876 1565 (ἶ
890 1532 1010 1574 datores.
1025 1547 1088 1574 Non
1097 1532 1192 1581 igitur
1201 1547 1412 1581 contemnendi;
1426 1548 1478 1576 Dei
1500 1548 1576 1577 enim
1589 1556 1687 1577 sumus

888 1594 1089 1626 cooperatores.
1106 1592 1201 1629 Neque
1214 1592 1276 1621 ideo
1294 1601 1345 1621 nos
1357 1593 1446 1621 attolli
1461 1597 1569 1629 oportet
1581 1602 1588 1621 :
1599 1597 1688 1622 totum

888 1635 963 1663 enim
977 1639 1019 1664 est
1035 1636 1094 1664 Dei.

925 1691 938 1704 ι
953 1681 1004 1708 Dei
1013 1681 1189 1718 agricultura,
1200 1682 1250 1710 Dei
1257 1681 1403 1711 adiﬁcatio
1409 1683 1485 1711 estis.
1500 1694 1512 1707 ν
1523 1683 1596 1712 Cum
1606 1690 1688 1720 supra

887 1724 1009 1759 dixisset,
1034 1737 1046 1750 ι
1071 1726 1205 1762 plantavi;
1225 1738 1238 1751 ιο
1258 1727 1354 1755 eodem
1375 1727 1403 1755 in
1429 1731 1509 1763 tropo
1533 1731 1689 1764 perseverat

887 1769 1080 1806 agriculturam
1103 1779 1150 1799 eos
1164 1771 1314 1807 appellans.
1333 1771 1415 1808 Quod
1429 1773 1452 1800 si
1467 1773 1550 1809 igitur
1570 1774 1687 1809 agricul-

887 1817 946 1842 tura
961 1815 1026 1843 estis
1047 1819 1074 1843 et
1087 1815 1245 1850 aediﬁcatio,
1259 1824 1274 1843 a
1287 1816 1407 1844 Domino
1418 1816 1526 1845 debetis
1540 1817 1687 1851 nominari,

887 1867 942 1887 non
958 1859 992 1887 ab
1003 1860 1130 1896 agricolis
1143 1864 1191 1888 aut
1209 1861 1436 1889 exstructoribus.
1454 1861 1542 1897 igitur
1555 1865 1687 1898 tanquam

886 1911 995 1937 arvum,
1019 1912 1074 1932 una
1101 1904 1256 1933 concordia:
1277 1912 1342 1940 sepe
1372 1905 1476 1933 muniri
1504 1905 1624 1939 debetis,
1660 1911 1688 1934 et

887 1953 1024 1986 tanquam
1054 1948 1218 1984 aedilicium,
1250 1949 1322 1978 uniri
1357 1949 1474 1985 debetis,
1497 1955 1526 1979 et
1558 1958 1617 1979 non
1643 1950 1687 1980 di-

887 1993 955 2022 velli.

921 2040 1010 2068 Vsns.
1032 2042 1074 2067 ιο.
1100 2050 1113 2063 ι
1127 2038 1286 2068 Secundum
1298 2039 1415 2076 gratiam
1431 2041 1477 2068 Dei
1489 2047 1552 2077 quae
1567 2040 1632 2069 data
1645 2045 1688 2070 est

887 2083 965 2118 mihi,
980 2088 1012 2112 ut
1027 2084 1136 2121 sapiens
1151 2083 1319 2113 architectus
1334 2084 1547 2114 fundamentum
1563 2085 1653 2122 posui.
1671 2097 1683 2110 ιι

887 2129 1042 2166 Sapientem
1066 2137 1096 2158 se
1119 2129 1298 2158 architectum
1321 2130 1448 2166 appellat,
1473 2138 1529 2158 non
1550 2130 1625 2167 quod
1646 2138 1687 2160 se-

890 2174 981 2210 ipsum
999 2174 1120 2207 extollat.
1133 2174 1182 2202 sed
1195 2174 1235 2203 uti
1251 2179 1451 2203 commonstret
1465 2183 1512 2204 eas
1523 2183 1582 2204 esse
1598 2179 1689 2212 partes

851 2230 875 2261 ι)
889 2219 1019 2254 sapientis
1042 2219 1196 2253 architecti,
1218 2219 1271 2247 tale
1290 2219 1504 2248 fundamentum
1522 2220 1626 2256 jacere,
1648 2221 1689 2248 ni-

890 2264 993 2292 mirum
1007 2263 1157 2292 Christum.
1171 2264 1250 2301 Quod
1263 2272 1326 2292 vero
1344 2273 1402 2293 non
1419 2269 1451 2293 ut
1464 2273 1524 2293 sese
1539 2265 1688 2300 attolleret,

891 2309 948 2338 haec
960 2308 1068 2342 dixerit.
1084 2309 1147 2338 inde
1166 2310 1282 2345 planum
1297 2314 1338 2338 est
1359 2310 1445 2351 :dicit
1458 2310 1544 2342 enim,
1561 2321 1573 2334 α
1590 2317 1687 2338 secun-

891 2353 957 2383 dum
970 2354 1089 2390 gratiam
1102 2354 1167 2389 Dei;
1183 2366 1195 2379 ν
1210 2362 1267 2383 non
1277 2355 1353 2383 enim
1369 2362 1464 2384 meum
1477 2359 1520 2384 est
1532 2362 1602 2392 opus
1613 2355 1689 2392 quod

890 2400 1000 2436 sapiens
1012 2407 1086 2433 sum,
1099 2399 1147 2428 sed
1161 2400 1213 2428 Dei
1228 2400 1327 2436 gratia.

928 2455 940 2468 ιι
961 2444 1039 2473 Alius
1052 2449 1146 2473 autem
1158 2444 1359 2481 supermdiﬂcat
1374 2454 1381 2473 :
1397 2445 1584 2482 unusquisque
1595 2450 1689 2475 autem

891 2489 980 2518 videat
999 2490 1140 2526 quomodo
1152 2490 1357 2527 superaediiicet.
1379 2502 1392 2515 υ
1412 2491 1565 2528 Postquam
1578 2491 1613 2519 de
1627 2491 1690 2520 uni-

891 2538 946 2563 tate
960 2535 999 2563 eis
1013 2534 1197 2569 disseruisset,
1208 2535 1235 2563 in
1248 2540 1389 2572 posterum
1399 2535 1434 2564 de
1446 2536 1502 2565 vita
1512 2535 1692 2572 moribusque

891 2579 1024 2616 disputat,
1042 2580 1335 2616 superwdiﬁcationem
1366 2588 1417 2610 sua
1449 2581 1582 2618 cujusque
1609 2588 1690 2617 opera

890 2625 1048 2656 nominans.

926 2671 1018 2699 Vitas.
1035 2673 1076 2698 11.
1100 2681 1113 2695 κ
1127 2670 1352 2699 Fundamentum
1363 2671 1439 2699 enim
1450 2669 1527 2698 aliud
1542 2676 1626 2698 nemo
1642 2678 1690 2706 po-

891 2721 945 2746 test
965 2725 1079 2754 ponere,
1096 2721 1194 2754 praeter
1206 2717 1234 2747 id
1256 2717 1332 2754 quod
1349 2717 1469 2754 positum
1490 2720 1541 2752 est,
1555 2716 1630 2753 quod
1647 2721 1690 2746 est

734 2763 830 2793 Variae
851 2763 1003 2794 lectiones.

87 2806 105 2850 ⁵ξ
129 2808 321 2847 ἀποξηρανθῆναι
341 2820 370 2840 ο.
413 2813 435 2830 ⁸ο
451 2811 528 2848 ἤγουν
552 2815 587 2849 τῷ
614 2814 656 2839 τοῦ
682 2815 788 2848 πονηροῦ
814 2815 945 2850 πειρασμῷ
968 2820 994 2841 0.

59 2843 76 2860 ⁸⁵
92 2846 187 2886 ἀρχηγοὶ
195 2843 239 2880 in.

1047 2812 1065 2829 ⁸¹
1097 2812 1200 2846 ηὔξανεν
1222 2820 1248 2840 0.
1299 2812 1321 2829 ⁵³
1343 2812 1402 2848 πρὸς
1423 2820 1450 2840 ο.
1500 2811 1523 2829 ⁸³
1551 2811 1634 2846 ἐπειδὴ
1661 2820 1688 2840 o.
