1881 3081
222 176 274 205 603

631 172 887 202 THEOPHYLACTI
907 171 1086 200 BULGARLE
1101 171 1258 200 ABCHIEP.

1802 177 1837 204 ωδ

218 241 298 269 Jesus
311 238 448 269 (ltiristus.
470 249 483 262 ι
497 238 560 266 Non
581 239 681 274 potest,
696 236 831 273 tantisper
848 235 915 264 dum
931 243 1012 264 man-

1068 247 1125 278 ¹ειιιι,
1140 234 1188 269 ἕως
1203 234 1236 264 ἂν
1338 235 1417 277 σοφὸς
1445 235 1610 277 ἀρχιτέκτων
1627 244 1635 253 ³
1661 235 1719 267 ἐπεὶ
1741 237 1796 267 ὅταν
1813 238 1838 278 μὴ

218 286 287 314 sarit
309 284 418 320 sapiens
438 282 612 312 architectus.
638 283 709 310 Nam
732 281 756 310 si
774 281 834 318 quis
850 280 935 309 fuerit
953 281 1014 309 insi-

219 331 296 368 piens
322 329 500 361 architectus,
533 331 624 364 potest
653 327 764 364 quidem
803 325 1014 356 fundamentum

214 375 317 412 jacere,
332 374 379 403 sed
403 382 437 402 ex
450 381 505 410 quo
518 373 637 402 hereses
651 372 793 408 prodeant.
812 373 847 400 At
861 380 926 400 cum
944 372 1016 400 inter

217 428 266 449 vos
290 419 450 448 Corinthios
473 418 686 447 fundamentum
711 425 798 446 unum
823 417 859 445 sit
882 417 1013 450 Christus,

217 465 322 494 debetis
340 469 369 493 et
390 464 440 500 ipsi
460 471 509 492 vos
522 471 605 500 super
628 463 701 492 hunc
715 462 861 496 aediﬁcare,
877 470 935 491 non
953 469 1014 499 qum

218 518 251 539 ex
273 509 450 538 contentione
476 513 504 537 et
532 508 711 537 aemulatione
733 512 808 543 sunt,
831 507 880 537 sed
901 507 1014 537 virtutis

219 555 311 593 potius
335 562 426 592 opera.

253 602 342 629 VBBS.
368 602 412 633 12,
431 608 445 626 ιι
469 598 514 628 Sin
531 599 594 636 quis
607 603 700 627 autem
716 597 917 635 superatdiilcat
931 605 1013 634 super

218 646 429 675 fundamentum
440 645 503 680 hoc,
517 652 628 680 aurum,
642 648 797 681 argentum,
811 643 913 680 lapides
930 644 1012 680 13s

219 691 364 728 pretiosos,
394 690 479 727 ligna,
506 689 610 723 fenum,
635 689 773 726 stipulam,
798 688 1011 725 uniuscujusque

217 743 287 773 opus
309 735 485 764 manifestum
503 735 566 763 erit.
588 744 602 761 ιι
627 734 684 764 Ubi
707 734 891 770 acceperimus
913 733 1010 762 funda-

217 785 341 810 mentum
373 780 447 815 ﬂdei,
485 780 698 817 superstruimus
731 779 928 816 unusquisque,
965 779 1010 807 alii

215 826 327 863 quidem
344 826 416 854 bona
442 833 534 862 opera,
563 832 627 861 quae
648 825 833 853 differentiam
851 823 1009 858 admittunt,

215 875 350 908 quatenus
363 871 414 899 alia
426 871 532 907 majora
546 874 610 898 sunt
628 874 656 899 et
675 869 728 898 alia
742 870 848 898 minora
864 878 871 896 :
893 869 1010 906 exempli

216 916 300 954 gratia
323 915 516 953 virginitatem,
540 923 590 944 ceu
609 923 722 950 aurum;
743 915 872 943 honestas
892 915 1012 951 nuptias,

214 961 304 991 instar
323 961 443 998 argenti;
466 964 669 997 paupertatem,
685 960 767 988 veluti
781 959 885 996 lapides
908 959 1012 996 pretio-

214 1014 274 1041 sos;
293 1006 322 1035 in
336 1006 438 1035 divitiis
452 1006 665 1043 eleemosynam,
678 1010 812 1042 tanquam
830 1004 905 1033 aliud
917 1005 1011 1033 minus

215 1052 376 1088 pretiosum.
398 1051 453 1080 Alii
477 1055 569 1080 autem
589 1051 661 1079 mala
680 1059 762 1087 opera
783 1050 1011 1087 superstruimus,

213 1105 275 1134 qua:
284 1101 312 1125 et
324 1097 382 1133 ipsa
395 1104 461 1125 suos
475 1095 576 1125 habent
589 1095 699 1133 gradus.
712 1095 796 1124 Unde
805 1099 833 1124 et
842 1095 890 1123 illa
900 1095 1011 1131 quidem

214 1149 276 1178 quae
289 1141 396 1170 facilius
417 1141 626 1176 comburuntur,
648 1140 742 1169 fenum
755 1144 783 1168 et
797 1140 896 1176 stipula
915 1139 1011 1168 dicun-

215 1192 260 1216 tur
282 1195 289 1214 :
304 1186 397 1224 qualia
412 1191 488 1221 sunt,
504 1187 660 1223 impuritas,
684 1185 848 1220 idololatria,
864 1185 978 1213 avaritia
1002 1194 1007 1212 :

215 1232 260 1261 illa
278 1240 344 1261 vero
357 1240 420 1269 qua:
432 1232 524 1261 minus
535 1235 599 1261 sunt
613 1231 762 1269 ejusmodi,
778 1231 866 1268 ligna;
879 1235 910 1259 ut
923 1230 1010 1259 ebrie-

214 1282 266 1312 tas,
286 1277 357 1306 risus
379 1281 407 1306 et
429 1277 472 1306 his
494 1277 606 1306 similia.
629 1276 752 1314 Quidam
769 1281 862 1305 autem
884 1275 1010 1305 fortassis

214 1331 229 1352 e
242 1327 351 1358 contra;
371 1322 502 1360 praedicta
523 1323 579 1358 illa,
595 1322 684 1359 ligna;
706 1322 766 1351 ilch
780 1329 845 1351 vero
863 1321 958 1350 fenum
983 1325 1011 1350 et

212 1368 342 1405 stipulam
364 1368 469 1397 dicunt.

249 1414 337 1443 Vens.
364 1416 407 1443 13.
429 1425 443 1438 α
466 1413 532 1441 Dies
555 1412 627 1441 enim
645 1411 807 1447 declarabit,
827 1412 958 1448 quoniam
980 1411 1008 1440 in

212 1459 274 1496 igne
295 1458 434 1487 revelatur
459 1467 466 1485 :
489 1462 518 1487 et
530 1457 744 1494 uniuscujusque
766 1464 836 1494 opus
859 1458 939 1494 quale
962 1457 1008 1492 sit,

212 1504 282 1541 ignis
300 1503 436 1540 probabit.
454 1514 466 1528 υ
490 1504 541 1531 Per
559 1502 635 1530 diem
653 1502 750 1539 judicii
772 1501 845 1530 diem
872 1501 1009 1538 intelligit.

213 1549 245 1577 ln
270 1549 331 1586 igne
350 1556 416 1578 vero
438 1555 520 1585 opera
543 1547 655 1576 revelari
678 1546 755 1581 dicit,
783 1547 811 1575 id
832 1550 874 1575 est
897 1546 1010 1575 manife-

211 1597 287 1622 stum
294 1593 354 1622 ﬁeri
367 1594 513 1630 cujusnam
526 1592 579 1621 sint
590 1596 707 1625 naturae,
720 1595 814 1620 utrum
826 1599 924 1620 aurum
943 1592 1008 1626 sint,

212 1645 248 1666 an
262 1637 416 1666 diversum.

250 1684 342 1712 Vnus.
368 1685 409 1717 I4,
433 1684 476 1711 15.
498 1694 510 1706 ‹‹
535 1681 565 1711 Si
589 1681 666 1718 cujus
689 1690 760 1719 opus
780 1682 912 1711 manserit
934 1682 1010 1719 quod

214 1727 452 1765 superaedificavit,
474 1727 630 1757 mercedem
649 1727 770 1764 accipiet.
786 1727 813 1756 Si
836 1727 916 1764 cujus
941 1735 1010 1764 opus

214 1773 320 1807 arserit,
354 1772 555 1802 detrimentum
579 1773 707 1810 patietur.
740 1784 753 1797 ο
784 1773 813 1802 Si
842 1780 942 1801 aurum
968 1773 1010 1801 vel

213 1822 356 1856 argentum
371 1818 509 1853 habueris,
523 1826 592 1855 opus
606 1822 685 1847 tuum
696 1818 809 1847 omnino
824 1818 1009 1854 permanebit,

213 1867 240 1893 et
253 1864 408 1893 mercedem
428 1863 509 1893 feres.
525 1863 572 1893 Sin
592 1863 687 1893 fenum
709 1867 737 1891 et
755 1863 923 1900 hujusmodi,
942 1871 1012 1900 opus

211 1914 291 1939 tuum
323 1910 395 1947 ignis
419 1909 555 1947 impetum
583 1918 639 1938 non
669 1908 740 1938 feret
768 1908 834 1943 (hoc
858 1909 934 1937 enim
957 1913 1008 1942 est,

214 1967 226 1979 ιι
246 1956 344 1984 arserit
360 1958 400 1989 u),
414 1954 463 1984 sed
476 1955 581 1983 malum
593 1963 653 1983 esse
668 1954 854 1983 convincetur.
871 1953 1010 1989 Quemad-

211 2000 326 2029 modum
338 2000 361 2028 si
375 2000 437 2037 quis
453 2000 541 2028 aureis
554 1999 667 2028 indutus
681 1999 764 2027 armis
778 1999 889 2036 igneum
904 1999 1008 2027 ﬂumen

211 2049 390 2081 pertranseat,
415 2044 546 2073 illustrior
563 2043 655 2072 evadit
678 2053 684 2071 2
703 2043 747 2071 sin
768 2050 833 2072 vero
856 2042 919 2072 feno
940 2044 1007 2071 ami.

211 2094 271 2119 ctus
281 2093 416 2126 permeet,
427 2097 483 2118 non
494 2089 584 2118 solum
596 2089 647 2116 sibi
659 2087 848 2116 emolumento
859 2095 916 2116 non
925 2087 1007 2124 foret,

210 2134 260 2164 sed
273 2135 356 2163 etiam
367 2134 450 2163 exitio
464 2144 470 2162 :
482 2134 518 2163 ita
529 2134 558 2162 in
569 2133 699 2170 operibus
707 2140 736 2161 se
748 2140 792 2161 res
802 2132 894 2161 habet.
907 2133 1010 2169 Quam-

210 2180 306 2209 obrem
329 2180 398 2209 ﬁdes
417 2180 476 2208 sine
500 2178 630 2216 operibus
651 2177 721 2206 nihil
744 2177 823 2206 valet.
846 2179 917 2207 Ecce
935 2179 1008 2207 enim

1025 850 1048 882 Β

210 2225 255 2254 hic
268 2225 481 2255 fundamentum
495 2223 608 2261 quidem
622 2227 663 2252 est
679 2223 805 2252 Christus
825 2234 831 2252 :
847 2231 930 2261 opera
943 2232 1008 2254 vero

210 2279 270 2308 qua:
291 2270 441 2300 secundum
455 2269 596 2298 Christum
614 2277 673 2298 non
685 2272 759 2303 sunt,
775 2268 893 2298 ﬂammis
904 2269 1008 2307 adjudi-

209 2320 315 2345 cantur.

246 2373 259 2386 ιι
281 2363 342 2398 Ipse
365 2364 459 2389 autem
481 2359 632 2389 servabitur
653 2368 660 2386 :
684 2359 724 2388 sic
746 2363 838 2388 tamen
861 2360 940 2397 quasi
960 2368 1008 2397 per

208 2406 310 2444 ignem.
335 2417 349 2432 ι
373 2408 437 2436 Non
465 2404 703 2444 quemadmodum
723 2413 817 2442 opera,
839 2405 879 2434 sic
901 2410 929 2434 et
949 2405 1006 2442 ipse

209 2451 317 2489 peribit,
340 2452 409 2481 adeo
428 2451 539 2486 scilicet,
559 2455 590 2480 ut
611 2451 641 2479 in
655 2450 773 2480 nihilum
795 2450 943 2488 redigatur,
957 2450 1005 2479 sed

208 2497 371 2533 servabitur,
395 2496 448 2526 hoc
470 2500 512 2526 est
536 2497 680 2526 incolumis
708 2495 887 2530 custodietur,
909 2496 947 2524 ita
974 2499 1006 2524 ut

207 2541 268 2580 igne
281 2543 468 2572 comburatur.
481 2543 538 2571 Nos
549 2543 623 2571 enim
635 2542 670 2571 de
682 2542 758 2579 ligno
768 2540 844 2578 quod
856 2548 911 2569 non
926 2540 1005 2570 facile

207 2587 388 2623 comburitur,
404 2592 451 2616 aut
471 2587 499 2616 in
513 2587 636 2616 cinerem
654 2587 836 2620 convertitur,
859 2586 896 2615 ita
911 2585 1003 2615 dicere

205 2634 334 2669 solemus,
358 2633 472 2670 quodin
486 2633 548 2670 igne
562 2637 698 2665 servatur,
721 2639 776 2668 quo
795 2631 868 2660 ustio
892 2631 1000 2661 diutur-

205 2679 268 2709 nior
295 2680 354 2709 ﬁat.
385 2681 517 2708 Peccator
539 2678 631 2715 itaque
661 2677 859 2706 detrimentum
889 2677 1000 2714 patitur,

204 2729 348 2764 propterea
370 2725 445 2763 quod
466 2725 496 2754 in
520 2722 656 2760 ejusmodi
680 2721 762 2752 rebus
787 2722 928 2759 laboravit,
953 2730 1002 2760 per

1067 275 1084 320 ᾖ
1102 293 1140 314 τις
1155 280 1234 321 σοφὸς
1253 275 1417 321 ἀρχιτέκτων
1427 305 1434 318 ,
1451 275 1560 312 δύναται
1579 283 1683 319 θεῖναι,
1699 282 1744 313 καὶ
1757 284 1783 313 ἐκ

1067 337 1113 356 του
1137 327 1165 356 αἱ
1187 325 1312 368 αἱρέσεις.
1334 326 1381 357 Ἐν
1397 328 1459 365 ὑμῖν
1480 323 1526 357 οὖν
1548 329 1602 361 τοῖς
1626 327 1781 368 Κορινθίοις,
1799 330 1838 358 (uti

1068 371 1186 410 θεμέλιος
1215 366 1252 405 εἷς
1275 373 1346 401 ἐστιν
1371 373 1386 401 ὃ
1412 372 1542 412 Χριστὸς,
1572 366 1693 413 ὀφείλετε
1715 374 1757 403 καὶ
1783 375 1838 404 αὖτοὶ

1067 415 1152 457 τούτῳ
1168 417 1367 456 ἐποικοδομεῖν,
1383 416 1421 456 μὴ
1434 417 1467 448 τὰ
1485 417 1511 452 ἐξ
1527 417 1610 458 ἔριδος
1625 418 1671 448 καὶ
1685 418 1776 455 ζήλου,
1789 419 1839 448 ἀλλὰ

1068 459 1101 490 τὰ
1115 463 1163 498 τῆς
1179 462 1276 501 ἄρεῆς
1297 461 1370 501 ἔργα.

1110 607 1124 625 ε
1141 597 1176 628 Εἴ
1189 609 1228 632 τις
1243 598 1412 637 ἐποικοδομεῖ
1426 598 1470 628 ἐπὶ
1485 599 1528 630 τὸν
1544 599 1667 638 θεμέλιον
1682 603 1782 637 τοῦτον,
1791 612 1829 641 χρυ

1067 642 1127 679 σὺν,
1138 643 1261 683 ¹ὰ¹ργυρον
1271 667 1280 680 ,
1302 644 1388 678 λίθους
1409 643 1526 681 τιμίους,
1552 644 1633 681 ξύλα,
1649 645 1758 685 χόρτον,
1771 646 1836 675 καλά-

1067 699 1119 726 μην
1130 710 1138 724 ,
1154 688 1266 719 ἑκάστου
1277 688 1307 718 τὸ
1323 688 1399 729 ἔργον
1414 690 1525 730 φανερὸν
1547 690 1703 729 γενήσεται.
1728 704 1739 717 ι
1763 690 1837 721 Μιθ¹ὅ

1065 732 1192 772 δεξόμεθα
1206 734 1251 763 τὸν
1273 734 1394 773 θεμέλιον
1409 737 1464 772 {sic
1483 734 1599 770 πίστεως
1611 758 1619 771 ,
1639 736 1837 775 ἔποαοδομρῧμιν

1065 778 1190 816 ἕκαστος,
1206 781 1230 808 οἱ
1249 779 1296 816 μὲν
1312 779 1413 821 ἀγαθὰς
1431 779 1538 820 πράξεις
1555 792 1562 799 ’
1578 779 1678 821 αἵτινες
1698 780 1809 821 διαφορὰν
1820 780 1838 799 ⁵³

1065 823 1166 863 ἔχουσι,
1192 823 1295 862 μείζους
1313 819 1390 854 οὖσαι
1413 819 1460 854 καί
1475 825 1602 859 ἐλάττους
1615 837 1622 844 ·
1641 820 1713 862 οἶον,

1065 869 1169 906 θενίαν,
1190 871 1226 903 ὡς
1241 871 1340 910 χρυσόν
1354 882 1360 888 ·
1385 869 1430 899 τὸν
1444 870 1532 909 τίμιον
1548 870 1656 910 γάμον,
1672 872 1707 905 ὣς
1727 871 1820 911 ἄργυρον
1833 883 1837 888 ·

1066 913 1114 949 τὴν
1129 915 1317 953 ἀκτημοσύνην
1329 937 1337 951 ,
1355 916 1391 949 ὡς
1402 915 1489 950 λίθους
1503 915 1609 954 τιμίους
1622 928 1630 935 ο
1649 915 1697 952 τήν
1712 917 1737 946 ἐν
1753 915 1837 956 πλούτῳ

1066 959 1263 998 ἐλεημοσύνην,
1286 961 1320 992 ὡς
1334 960 1400 990 ἄλλο
1423 972 1449 990 τι
1464 961 1517 990 τῶν
1534 956 1617 997 ἧττον
1644 960 1748 1000 τιμίων.
1769 962 1798 991 0i
1811 961 1837 996 δὲ,

1066 1003 1112 1037 τὰς
1142 1004 1258 1044 πονηρὰς
1283 1004 1390 1046 πράξεις
1417 1006 1667 1045 ἕποικοδομοῗῐμεν,
1698 1005 1784 1039 αἵτινες
1803 1005 1835 1034 ui

1066 1049 1144 1079 αὐταὶ
1158 1049 1275 1090 βαθμοὺς
1293 1051 1399 1090 ἔχουσιν
1412 1061 1420 1069 ·
1437 1052 1473 1085 ὣς
1492 1051 1587 1091 χόρτον
1614 1051 1663 1090 μὲν
1675 1052 1719 1081 καὶ
1735 1050 1836 1088 καλάμην

1065 1093 1188 1133 λέγεσθαι
1209 1095 1256 1128 τὰς
1283 1095 1460 1136 εὖκολωτέρας
1484 1096 1549 1136 πρὸς
1570 1095 1601 1126 τὸ
1626 1096 1765 1126 καίεσθαι·
1783 1091 1833 1129 οἷον,

1066 1139 1245 1180 ἀκαθαρσίαν,
1266 1140 1503 1180 εἰδωλολατρείαν,
1531 1141 1687 1177 πλεονεξίαν
1705 1154 1711 1160 ·
1734 1141 1789 1175 ξύλα
1801 1140 1835 1176 δὲ,

1065 1183 1112 1218 τὰς
1134 1179 1212 1221 ἧττον
1227 1185 1352 1219 τοιαύτας
1367 1197 1373 1204 ·
1400 1181 1472 1223 οἶον,
1498 1185 1599 1225 μέθην,
1621 1186 1741 1226 γέλωτα,
1760 1185 1798 1215 καὶ
1812 1184 1836 1214 τὰ

1066 1232 1176 1259 τοιαῦτα
1193 1241 1200 1248 ’
1215 1229 1279 1264 ἴσως
1291 1230 1320 1260 δέ
1333 1242 1400 1265 τινες
1414 1231 1565 1261 τούναντίον
1581 1244 1588 1251 ι
1613 1232 1678 1268 ξύλα
1690 1255 1698 1269 ,
1713 1231 1755 1265 τὰς
1771 1231 1835 1271 προῤ-

1065 1275 1189 1315 ῥηθείσας
1204 1287 1211 1294 ·
1226 1275 1321 1316 χόρτον
1335 1275 1362 1306 δὲ
1375 1276 1420 1306 καὶ
1435 1276 1561 1314 καλάμην
1576 1277 1678 1312 ταύτας
1691 1279 1794 1318 ἐροῦσιν.

1106 1419 1122 1438 ιι
1135 1408 1171 1439 Ἦ
1191 1409 1242 1450 γὰρ
1266 1409 1355 1450 ἡμέρα
1376 1409 1505 1447 δηλώσει,
1529 1410 1570 1440 ὅτι
1585 1411 1613 1441 ἐν
1637 1411 1701 1452 πυρὶ
1723 1410 1835 1440 ἀποκαλύ-

1063 1465 1157 1484 πτεται
1172 1466 1180 1474 ο
1204 1454 1250 1484 καὶ
1271 1455 1382 1485 ἑκάστου
1402 1455 1433 1485 τὸ
1447 1455 1524 1496 ἔργον
1538 1457 1630 1487 ὁποῖόν
1655 1458 1728 1494 ἐστι,
1752 1455 1778 1486 τὸ
1797 1457 1835 1495 πῦρ

1026 1488 1049 1520 C
1064 1499 1212 1538 δοκιμάσει.
1231 1512 1246 1528 ι)
1271 1499 1393 1541 Ἦμέραν
1410 1488 1469 1540 μὲν.
1554 1504 1602 1538 τῆς
1626 1488 1734 1543 κρίσεώς
1754 1488 1834 1542 tmen"

1063 1546 1090 1574 ἐν
1105 1545 1169 1586 πυρὶ
1181 1543 1209 1575 δὲ
1229 1546 1301 1585 λέγει
1315 1546 1348 1575 τὰ
1371 1546 1434 1586 ἔργα
1451 1546 1707 1584 ἀποκαλύπτεσθαι,
1725 1545 1834 1581 τουτέστι,

1063 1589 1163 1664 ἓανερὰ
1178 1589 1309 1629 γίνεσθαι,
1324 1593 1402 1621 ὁποῖα
1416 1591 1466 1627 τὴν
1481 1591 1558 1632 φύσιν
1572 1592 1663 1630 ἐστὶν,
1686 1588 1736 1633 ἆρα
1747 1590 1834 1632 χρυσὸς,

1084 1646 1116 1664 οα
1139 1634 1299 1664 τούναντίον.

1084 1646 1116 1675 ρα
1139 1634 1299 1666 τούναντίον.

1106 1691 1121 1707 α
1138 1680 1174 1710 Εἴ
1191 1691 1259 1714 τινος
1275 1680 1305 1710 τὸ
1319 1679 1396 1720 ἔργον
1413 1681 1486 1720 μένει
1507 1680 1521 1710 ὃ
1535 1681 1745 1721 ἐπῳκοδόμησε,
1761 1679 1834 1720 μισθὸν

1063 1723 1189 1766 λήψεται.
1218 1725 1255 1756 Εἴ
1273 1737 1341 1760 τινος
1365 1726 1395 1755 τὸ
1420 1725 1494 1766 ἔργον
1512 1727 1730 1766 κατακαήσεται,
1755 1727 1835 1763 ζημιω-

1065 1770 1186 1807 θήσεται.
1206 1782 1221 1799 n
1238 1771 1274 1801 Εἰ
1298 1770 1346 1810 μὲν
1362 1771 1491 1813 ἄργυρον,
1516 1772 1534 1808 ἢ
1559 1772 1660 1813 χρυσὸν
1682 1772 1760 1812 ἔχεις,
1780 1773 1835 1810 μενεῖ

1064 1815 1170 1850 πάντως
1183 1816 1213 1845 τὸ
1230 1815 1305 1856 ἔργον
1321 1828 1368 1846 σου
1380 1839 1388 1854 ,
1400 1817 1447 1847 καὶ
1462 1816 1534 1858 λήψῃ
1551 1817 1646 1856 μισθόν
1663 1826 1671 1835 ⁸
1686 1819 1707 1847 εἰ
1722 1817 1746 1847 δὲ
1760 1816 1834 1856 χόρτον

1065 1861 1110 1890 καὶ
1123 1861 1158 1890 τὰ
1180 1863 1291 1891 τοιαῦτα
1304 1884 1311 1898 ,
1338 1863 1384 1891 οὐκ
1399 1861 1466 1892 οἴσει
1492 1865 1539 1892 τοῦ
1554 1862 1638 1902 πυρὸς
1658 1862 1705 1898 τὴν
1725 1861 1800 1902 ῥύμην
1812 1858 1833 1888 τὸ

1065 1905 1140 1947 ἔργον
1164 1917 1211 1936 σου
1235 1907 1331 1947 (τοῦτο
1345 1906 1396 1948 γάρ
1412 1908 1470 1937 ἐστι
1484 1907 1514 1937 τὸ
1525 1930 1532 1944 ,
1551 1919 1567 1936 ιι
1583 1907 1785 1944 Κατακαήσεται
1795 1916 1807 1934 »
1818 1906 1834 1941 )ο

1065 1952 1124 1980 ἀλλ’
1145 1951 1337 1991 ἐλεγχθήσεται
1367 1951 1481 1993 πονηρὸν
1498 1952 1535 1983 ὅν.
1551 1951 1662 1994 Ὥσπερ
1688 1953 1737 1992 γὰρ
1765 1950 1786 1981 εἴ
1806 1959 1835 1980 τι(

1063 2000 1152 2036 χρυσᾶ
1163 1996 1234 2025 ὅπλα
1251 1996 1320 2036 ἔχων
1340 1998 1437 2028 διέλθοι
1451 1997 1572 2036 ποταμὸν
1600 1998 1697 2040 πυρὸς,
1719 1994 1834 2040 φαιδρότε-

1065 2052 1106 2080 ρος
1121 2041 1250 2071 διαϐαίνει
1266 2054 1272 2060 ·
1294 2043 1317 2071 εἰ
1335 2041 1362 2072 δὲ
1383 2042 1478 2083 χόρτον
1501 2042 1572 2084 ἔχων
1595 2043 1709 2082 διέλθοι,
1724 2042 1751 2072 οὖ
1772 2039 1833 2084 prim

1064 2085 1137 2115 οὐδὲν
1152 2085 1252 2122 ὤνησεν
1282 2086 1351 2117 ἀλλὰ
1368 2089 1413 2117 καὶ
1436 2082 1535 2117 ἑαυτὸν*
1553 2088 1681 2118 ἀπολλύει
1696 2099 1704 2107 ι
1719 2086 1781 2117 οὕτω
1800 2082 1833 2113 καὶ

1063 2131 1175 2161 ἐπὶτῶν
1197 2131 1280 2171 ἔργων
1301 2132 1384 2163 ἐστίν.
1405 2130 1494 2162 Ὥστε
1510 2134 1557 2162 οὖκ
1581 2134 1679 2174 ὠφελεῖ
1700 2131 1779 2164 πίστις
1790 2139 1833 2174 χιιι·

1064 2175 1102 2216 pic
1117 2176 1199 2216 ἔργων
1215 2177 1332 2216 ἀγαθῶν.
1358 2176 1427 2207 Ἰδοὺ
1451 2177 1502 2218 γὰρ
1526 2171 1641 2208 ἐνταῦθα
1665 2178 1775 2217 θεμέλιος
1797 2171 1833 2211 μὲν

1063 2222 1077 2250 ὁ
1093 2221 1206 2262 Χριστὸς
1215 2245 1223 2260 ,
1238 2221 1307 2251 ἀλλὰ
1326 2221 1359 2252 τὰ
1375 2221 1440 2263 ἔργα
1453 2222 1491 2262 μὴ
1504 2222 1573 2253 κατὰ
1587 2223 1704 2264 Χριστὸν
1715 2222 1771 2252 ὄντα
1780 2243 1788 2259 ,
1799 2219 1834 2247 τοῦ

1062 2268 1231 2303 κατακαῆναι
1246 2266 1307 2302 ἄξια
1323 2267 1457 2308 λέγονται.

1104 2369 1119 2385 α
1136 2356 1221 2391 Αὐτὸς
1236 2357 1263 2387 δὲ
1280 2357 1429 2394 σωθήσεται
1442 2369 1448 2376 ·
1462 2357 1531 2388 οὔτω
1552 2357 1602 2395 δὲ,
1623 2359 1658 2393 ὣς
1678 2356 1719 2388 διὰ
1731 2353 1808 2394 πυρός-
1822 2364 1831 2377 ³

1061 2402 1123 2443 οὐχ
1134 2402 1224 2443 ὥσπερ
1236 2402 1270 2432 τὰ
1284 2402 1350 2443 ἔργα
1362 2425 1370 2440 ,
1392 2402 1461 2434 οὕτω
1482 2403 1528 2434 καὶ
1548 2403 1627 2438 αὐτὸς
1645 2401 1791 2436 ἀπολεῖται,
1804 2397 1831 2429 εἴ(

1060 2447 1090 2477 τὸ
1107 2448 1188 2487 μηδὲν
1213 2449 1325 2489 χωρῶν,
1351 2448 1421 2478 ἀλλὰ
1441 2448 1611 2486 σωθήσεται,
1630 2447 1759 2482 τουτέστι,

1059 2485 1238 2534 τηρὴθήσεται
1248 2485 1262 2529 ,1
1282 2492 1351 2523 ὥστε
1375 2494 1402 2522 ἐν
1424 2494 1464 2534 τῷ
1489 2494 1553 2534 πυρὶ
1575 2485 1768 2524 κατακαίεσθαι.
1790 2485 1830 2518 Καὶ

1061 2540 1124 2577 ἡμῖν
1137 2538 1188 2578 γὰρ
1204 2538 1261 2572 ἔθος
1281 2537 1350 2568 οὕτω
1371 2538 1459 2579 λέγειν
1477 2538 1540 2579 περὶ
1561 2538 1638 2574 ξύλου
1652 2538 1689 2578 μὴ
1704 2543 1829 2579 κατακαιισ

1059 2576 1158 2623 μένου,
1175 2576 1243 2622 μηδὲ
1259 2576 1492 2624 ἇποτεφρουμίνου
1510 2576 1606 2626 ῥᾳδίως
1618 2609 1624 2621 ,
1643 2576 1682 2615 ότι
1697 2581 1796 2616 σώζεται
1808 2576 1828 2605 ἓν

1056 2631 1094 2670 τῷ
1119 2628 1199 2669 πυρὶ,
1225 2627 1508 2670 ὥστεῗδιαρκεστέραν
1532 2630 1653 2670 γενέσθαι
1674 2627 1720 2664 τὴν
1739 2625 1824 2670 καῦσις-

1055 2665 1203 2712 Ζῆμιοῧται
1218 2673 1266 2713 μὲν
1288 2669 1331 2704 οὖν
1353 2665 1371 2704 ὁ,
1388 2665 1564 2716 ᾇμαρτωλὸς,
1587 2673 1676 2706 καθ’8
1697 2665 1825 2716 iniam?-

1054 2710 1107 2754 τοις
1119 2719 1143 2738 ⁸⁸
1158 2710 1300 2750 ἐκοπίασεν
1310 2742 1318 2758 ,
1343 2719 1370 2755 ἐξ
1385 2710 1422 2750 ὧν
1440 2710 1583 2759 ἆπῶλετό,
1605 2720 1706 2753 πάντας
1722 2714 1775 2748 τοὺς
1786 2710 1823 2742 κδ·

901 2786 994 2817 Variae
1016 2786 1170 2818 lectiones.

245 2847 268 2866 ⁸⁵
281 2847 397 2884 διαφορὰς
416 2846 499 2880 ἔχουσι
518 2844 614 2882 μείζους
627 2844 669 2872 καὶ
681 2843 773 2874 ἐλαι...
787 2852 812 2874 ο.
852 2844 874 2862 κ
887 2844 982 2876 τούτοις
994 2853 1022 2875 o.
