1881 3081
31 173 79 200 6οὸ

475 171 650 200 EXPOSITIO
669 171 703 200 ιΝ
723 172 826 201 EPIST.
847 172 858 200 Ι
876 172 923 201 AD
941 171 1019 200 COR.
1036 186 1070 191 —
1089 171 1166 200 CAP.
1187 171 1233 200 III.

1626 176 1680 205 606

31 247 93 270 πους
107 235 202 276 μάτην
219 235 451 274 καταϐαλλόμενος
480 237 516 270 εἷς
542 235 715 267 ἀνυπόστατα
737 235 828 277 πράγ-
843 265 846 271 η

919 243 948 265 an
970 234 1059 272 periit,
1076 242 1177 264 omnes
1191 242 1257 264 suos
1281 235 1390 265 labores
1412 236 1441 264 in
1464 244 1508 267 res
1521 245 1580 267 non
1593 238 1681 268 subsi-

33 293 119 319 ματα,
134 281 184 311 καὶ
200 281 239 321 μὴ
251 280 313 312 ὄντα
328 282 421 322 (πᾶσα
436 280 488 322 γὰρ
509 281 591 311 κακία
609 281 648 321 μὴ
662 281 721 319 ὄν)·
737 280 828 322 ὥσπερ

34 326 63 355 ἂν
76 326 100 356 εί
115 338 156 360 τις
174 327 286 366 τίμημα
300 326 367 358 πολὺ
383 326 637 366 καταϐαλλόμενος,
653 327 786 363 ὦνήσεταί
803 339 829 357 τι

35 374 192 410 θνησιμαῖον
202 393 212 409 ,
226 372 260 406 ὥς
273 373 336 407 ζῶν.
354 371 474 407 Σώζεται
489 371 580 411 μέντοι
596 371 692 410 αὐτὸς,
708 373 722 401 ὁ
738 371 827 413 ἆμαρ-

34 414 111 450 τωλὸς
131 416 255 454 δηλαδὴ,
276 417 410 456 τουτέστι,
434 418 501 450 σῶος
528 421 648 457 τηρεῖται
668 417 743 451 δίκας
765 418 829 446 αἰω-

35 460 98 494 νίους
117 461 228 501 ὑπέχων
234 484 240 492 .

73 519 84 531 ι
99 506 156 535 Οὐκ
178 506 270 536 οἴδατε
285 506 326 536 ὅτι
340 506 401 540 ναὸς
423 507 496 537 Θεοῦ
517 507 593 545 ἰστε,
610 507 656 537 καὶ
670 507 700 537 τὸ
716 508 829 546 Πνεῦμα

37 551 77 579 τοῦ
93 551 162 580 Θεοῧ
177 552 245 580 οἰκεῖ
267 552 293 581 ἐν
308 553 386 588 ὗμῖν;
400 563 414 580 n
444 553 491 585 Εἰς
512 551 556 581 τὸν
579 552 639 592 περὶ
655 554 700 582 τοῦ
725 563 829 592 πεπορ-

36 595 148 630 νευκότος
172 596 254 636 λόγον
270 596 403 626 εἰσϐαλεῖν
425 596 528 634 μέλλει.
548 596 602 628 Καὶ
627 597 690 637 δρα,
714 599 770 630 πῶς
786 599 829 627 ἐν-

38 641 176 679 τρεπτικῶς
191 640 325 681 κέχρηται
347 643 385 681 τῷ
409 641 490 682 λόγῳ.
515 641 580 672 Ἀπὸ
598 642 650 682 γὰρ
675 644 723 678 τῆς
748 641 829 672 δοθεί-

38 697 79 720 σης
106 685 171 723 ἡμῖν
194 687 320 726 χάριτος,
353 686 495 727 τουτέστι,
526 688 573 723 τῆς
603 687 760 723 ἐνοικήσεως
782 689 829 716 τοῦ

38 729 203 769 Πνεύματος,
230 731 349 771 ἐντρέπει
375 731 419 761 τὸν
446 731 643 772 πορνεύσαντα,
674 733 697 761 εἰ
721 731 767 762 καὶ
791 731 829 771 μὴ

38 776 121 814 σαφῶς
135 775 165 805 τὸ
179 775 325 816 πρόσωπον
341 776 456 806 τέθεικεν
466 799 475 815 ,
498 778 557 807 ἀλλ’
570 777 596 806 ἄν
618 778 698 818 κοινῷ
715 776 759 807 τὸν
783 776 828 806 λό-

39 831 78 859 γον
92 824 218 851 ποιεῖται.
238 822 273 852 Εἰ
287 820 314 851 δὲ
335 820 396 855 ναὸς
418 823 489 853 Θεοῦ
513 822 607 860 ἶσμεν,
628 821 719 859 ἐπειδὴ
735 822 829 852 ἐνοικεῖ

38 865 61 894 ἐν
74 867 136 904 ἡμῖν
149 865 181 895 τὸ
196 867 313 905 Πνεῦμα
323 888 332 904 ,
346 866 399 903 ἄρα
411 866 441 896 τὸ
458 868 571 906 Πνεῦμα
585 867 664 900 Θεός.

77 965 92 983 a
105 955 139 985 Εἴ
147 967 186 989 τις
198 955 245 985 τὸν
260 956 321 986 ναὸν
336 959 382 987 τοῦ
395 957 465 988 Θεοῦ
487 956 586 998 φθείρει
596 978 606 994 ,
622 959 712 997 φθερεῖ
736 958 826 987 τοῦτον
845 938 870 970 Β

39 1003 52 1030 δ
64 1000 138 1034 Θεός.
157 1013 172 1029 ι
189 1002 336 1032 Τουτέστιν
349 1003 454 1032 ἀπολεῖ.
475 1003 564 1033 Τοῦτο
578 1001 605 1033 δὲ
620 1003 650 1032 οὗ
665 1002 826 1042 καταρωμέ-

37 1056 75 1074 νον
86 1068 94 1083 ,
109 1045 178 1075 ἀλλὰ
192 1045 224 1075 τὸ
242 1045 366 1086 ἐσόμενον
380 1046 566 1087 προλέγοντος.

78 1144 91 1163 ί(
103 1134 136 1166 Ὁ
151 1135 202 1176 γὰρ
222 1135 286 1170 ναὸς
310 1138 355 1166 τοῦ
367 1136 439 1167 Θεοῦ
455 1136 530 1176 ἅγιός
555 1137 643 1177 ἐστιν,
664 1136 758 1171 οἵτινές
771 1138 831 1169 ἐστι

38 1180 111 1217 ὑμεῖς.
128 1193 143 1210 ι
167 1181 319 1222 Τοιγαροῦν
334 1183 348 1211 ὁ
368 1182 463 1222 πόρνος
476 1182 506 1212 οὗ
521 1181 634 1212 δύναται
654 1177 721 1212 εἶναι
734 1181 828 1222 ἅγιος,

39 1225 119 1261 ἐπειδὴ
145 1225 175 1256 τὸ
195 1221 265 1260 ναὸς
285 1221 352 1257 εἶναι
380 1221 535 1264 ἀπώλεσεν,
566 1221 764 1262 ἐξοικισθέντοςν
781 1231 827 1258 τοῦ

38 1269 178 1308 ἇγιάζοντος
192 1271 275 1301 αὖτὸν
291 1271 457 1311 Πνεύματος.
481 1272 529 1306 Τίς
551 1271 578 1302 δὲ
599 1274 613 1302 ὁ
636 1273 714 1310 vade;
734 1272 829 1312 Ὑμεῖς

40 1315 145 1352 δηλαδὴ,
157 1317 180 1346 εἷ
193 1316 307 1356 καθαροὶ
320 1316 484 1355 διαμείνητε.

78 1370 93 1388 α
105 1361 199 1399 Μηδεὶς
209 1361 305 1391 ἑαυτὸν
321 1361 492 1396 ἐξαπατάτω.
510 1375 522 1389 ι
547 1362 676 1401 Νομίζων
687 1361 727 1392 ὅτι
742 1363 829 1397 ἄλλως

43 1402 92 1444 ἔχει
111 1405 140 1436 τὸ
157 1411 271 1447 πρᾶγμα
283 1429 291 1444 ,
308 1407 353 1436 καὶ
368 1407 419 1448 οὐχ
436 1409 471 1441 ὡς
490 1401 573 1438 εἶπον.

80 1506 93 1523 α
111 1495 143 1526 Εἴ
161 1507 198 1529 τις
227 1497 301 1526 δοκεῖ
326 1496 405 1537 σοφὸς
428 1490 496 1527 εἶναι
518 1498 546 1527 ἰν
569 1498 631 1536 ὑμῖν
647 1499 673 1526 ἐν
691 1498 730 1537 τῷ
753 1498 828 1529 αἰῶνι

43 1539 131 1581 τούτῳ,
147 1542 241 1584 ¹μωρὸς
265 1541 399 1581 γενέσθω,
421 1543 465 1571 ἵνα
483 1542 592 1582 γένηται
617 1542 706 1583 σοφός.
724 1554 739 1572 ι)
759 1544 828 1584 Περὶ

44 1586 83 1614 τοῦ
110 1582 319 1627 πεπορνευκότος
340 1587 505 1626 αἰνιξάμενος
533 1587 610 1627 ὀλίγα
633 1582 711 1625 τινὰ,
745 1582 826 1620 πάλιν

44 1629 104 1675 κατὰ
120 1632 168 1660 τῶν
192 1631 378 1672 ἐπαιρομένων
404 1632 447 1662 ἐπὶ
476 1634 509 1672 τῇ
536 1632 586 1667 ἕξω
610 1633 689 1675 σοφία
713 1638 828 1675 ⁴ποιεῖται

45 1674 81 1704 τὸν
103 1675 192 1716 λόγον,
213 1677 260 1707 καί
277 1688 372 1718 φησιν,
396 1677 437 1708 ὅτι
452 1691 464 1704 ι
480 1677 515 1708 Ὀ
526 1679 609 1708 δοκῶν
623 1678 702 1719 σοφὸς
716 1674 785 1709 εἶναι
800 1680 827 1709 ἓν

45 1719 114 1766 ίιμῖν,
135 1732 149 1751 ι(
162 1723 248 1762 μωρὸς
268 1721 397 1762 γενέσθω,
427 1723 485 1753 ἀντὶ
509 1725 573 1760 τοῦ,
592 1722 642 1760 τὴν
667 1723 717 1758 ἔξω
732 1724 827 1766 σοφίαν

45 1764 207 1805 ἆτιμησάτω,
227 1766 274 1798 ἵνα
296 1767 430 1804 κτήσηται
445 1769 493 1804 τήν
511 1768 595 1798 θείαν.
616 1766 726 1809 Ὥσπερ
740 1764 792 1809 γᾶρ
809 1771 826 1805 ἡ

44 1811 104 1838 κατὰ
116 1810 181 1841 Θεέν
196 1811 277 1842 πενία
293 1812 407 1846 πλοῦτός
421 1813 493 1849 ἐστι,
510 1812 556 1842 καὶ
577 1815 594 1848 ἡ
615 1813 706 1848 ἀδοξία
728 1813 826 1852 ὁμοίως

45 1853 99 1898 δόξα
115 1866 121 1873 ’
137 1855 202 1885 οὕτω
222 1857 276 1898 καί.
293 1859 310 1892 ἡ
337 1857 408 1887 κατὰ
435 1856 504 1887 Θεὸν
527 1857 615 1897 μωρία
641 1857 719 1898 σοφία
743 1858 824 1888 ἐστίν.

45 1895 109 1938 Ὅρα
123 1900 163 1938 δὲ,
175 1901 230 1939 ξοῦκ
250 1896 324 1932 εἶπεν
336 1925 345 1939 ,
371 1895 582 1938 Ἀποθέσθωντὴν
604 1895 713 1943 σοφίαν,
736 1904 798 1932 ἀλλ’
813 1902 827 1933 8

46 1944 125 1985 πολλῷ
139 1948 243 1986 μεῖζον,
271 1960 283 1973 α
299 1946 397 1986 Μωρὸς
411 1947 542 1986 γενέσθω,
556 1960 569 1974 ι
590 1947 727 1985 τουτέστι,
745 1948 828 1987 μηδὲν

47 1988 85 2028 ἀφ’
104 1991 192 2021 tamen"
212 1993 301 2029 νοῶν,
325 1993 363 2030 μὴ
380 1996 434 2026 τοῖς
459 1992 563 2026 οἰκείοις
594 1992 725 2023 πιστεύων
750 1994 826 2033 λογι-

46 2035 122 2072 σμοῖς,
137 2036 204 2066 ιίλλὰ
219 2039 259 2078 τῷ
276 2038 351 2078 ea;
378 2038 527 2077 κτηνωόἱῖιὶςΔ
542 2037 668 2078 ἑπόμενος
679 2061 688 2076 ,
716 2038 762 2068 καὶ
780 2050 825 2069 πι-

49 2078 134 2110 στεύων
148 2085 213 2112 «Eat
225 2083 280 2116 τοῖς
293 2086 338 2113 τοῦ
351 2083 433 2114 Θεοῦ.

82 2136 95 2152 ι
109 2124 141 2155 Ἡ
158 2126 207 2168 γὰρ
229 2126 310 2168 σοφία
324 2130 371 2158 τοῦ
393 2127 495 2166 κόσμου
517 2127 609 2158 τούτου
643 2127 732 2169 μωρία
752 2128 827 2169 παρὰ

49 2169 80 2214 τῷ
102 2171 160 2211 Θεῷ
176 2173 257 2202 ἐστιν.
278 2184 292 2201 ιι
310 2174 352 2203 Οὐ
369 2172 448 2211 μόνον
464 2172 515 2213 γὰρ
531 2173 606 2203 οὐδὲν
621 2174 738 2203 συντελεῖ
762 2174 827 2214 πρὸς

49 2212 89 2258 τὴν
109 2216 228 2254 ἀληθινὴν
241 2217 365 2258 ἓσοφίαν,
390 2217 459 2248 ἀλλὰ
485 2212 531 2248 καὶ
552 2220 654 2258 μᾶλλον
669 2212 824 2258 ἐμποδίζει,

49 2257 87 2287 ἅτε
100 2259 124 2294 ἐξ
138 2261 244 2302 οἰήσεως
270 2257 419 2298 ἀπαξιοῦσι
442 2266 551 2302 μαθεῖν,
573 2263 619 2294 καὶ
641 2257 689 2294 διὰν
707 2266 784 2295 τοῦτο
799 2266 825 2295 ἐν

53 2301 210 2350 ἆγνοίᾳγεῖναι
225 2307 268 2338 ἀεὶ
282 2309 522 2349 παρασκευάζουσα
544 2309 589 2338 τὸν
611 2309 696 2349 ταύτῃ
717 2309 826 2350 χρώμε-

50 2358 85 2396 ι[ον
101 2358 107 2365 ·
125 2349 180 2381 ὅθεν
204 2354 248 2384 καὶ
275 2354 311 2388 ὡς
336 2353 423 2395 μωροὶ
442 2353 661 2389 ὓποσκελίζονται
684 2349 758 2396 παρὰ
780 2357 826 2385 τοῦ

49 2392 118 2425 Osco".

88 2494 101 2513 ε
113 2484 262 2527 Γέγραπται
282 2487 334 2529 γάρ
350 2498 356 2506 ·
374 2487 409 2519 ⁸0
425 2487 603 2530 δρασσόμενος
617 2488 676 2523 τοὺς
691 2488 787 2530 σοφοὺς
799 2489 825 2518 ἐν

51 2528 79 2575 τῇ
92 2533 228 2574 πανουργίᾳ
246 2528 344 2565 αὐτῶν.
357 2544 372 2563 ι)
392 2528 550 2575 Μαρτυρίαν
565 2533 675 2575 ἐπάγει,
699 2528 756 2569 atrii;
771 2546 826 2573 μω-

55 2572 90 2610 Ρία
107 2577 174 2622 παρὰ
187 2572 225 2619 τῷ
238 2579 302 2620 Θεῷ
319 2580 390 2610 ἐστιν
401 2581 419 2616 ἡ
435 2572 588 2620 ἀνθρωπίνη
603 2572 699 2622 σοφία,
715 2579 759 2610 καί
772 2572 826 2621 νφη-

53 2628 102 2655 σιν,
114 2620 153 2666 ἔτι
166 2624 199 2656 ὣς
221 2624 323 2665 μωροὺς
350 2624 494 2665 δράσσεται
520 2626 534 2655 ὃ
545 2625 614 2660 Θεὸς
637 2620 696 2660 τοὺς
710 2620 804 2666 σοφοῦς
819 2638 826 2644 ·

54 2663 159 2712 Tritis-rt
169 2689 177 2703 ,
198 2671 250 2704 τοῖς
261 2663 372 2712 οἰκείοις.
387 2670 478 2706 ὅπλοις
493 2670 586 2705 αὖτοὺς
603 2663 754 2712 χειροῦται.⁷
768 2672 791 2701 Κ
796 2670 827 2700 ἂν

58 2705 100 2758 ﬁt:
110 2709 308 2758 πανοῧῃοεῶσι
328 2715 374 2746 καὶ
386 2716 479 2757 σοφοὶ,
501 2717 537 2750 ὡς
553 2705 638 2758 μωροὶ
649 2705 698 2746 ¹καὶ
722 2716 829 2752 ἀνόητοι

57 2751 279 2795 ἐλέγχονταιίοῖον
292 2772 298 2780 ⁸
313 2751 452 2801 Ἐνόμιζον
465 2751 559 2792 ἐκεῖνοί
577 2751 614 2801 μῆ
631 2761 731 2793 δεῖσθαι
747 2751 829 2801 Θεοῦ,

93 2844 179 2875 ann.
193 2857 222 2885 ν,
244 2854 285 2881 18.

885 285 987 310 stentes
999 280 1100 309 frustra
1127 280 1302 316 impendens.
1322 282 1403 315 (Nam
1417 289 1500 310 omne
1520 284 1625 312 malum
1638 289 1680 314 est

884 334 940 355 non
954 333 1011 354 ens.
1028 328 1037 360 )
1053 326 1134 354 Hanc
1150 325 1228 354 aliter
1243 333 1327 362 quam
1342 326 1435 363 siquis
1448 335 1583 363 magnum
1596 328 1679 365 depo-

884 379 955 400 nens
973 371 1104 408 pretium,
1117 370 1233 399 cadaver
1249 377 1366 406 emeret,
1385 371 1499 408 perinde
1511 380 1543 402 ac
1552 373 1576 402 si
1588 374 1679 403 vivum

885 420 965 446 esset.
987 417 1073 453 Atqui
1090 420 1213 445 servatur
1235 416 1293 452 ipse
1320 418 1460 453 (peccator
1474 417 1598 453 scilicet),
1629 418 1681 449 hoc

885 466 938 496 est,
949 462 1055 498 integer
1062 465 1188 490 servatur
1199 460 1233 489 ad
1245 465 1350 490 aeterna
1359 462 1501 499 supplicia.

923 507 1014 536 Vsas.
1030 509 1073 535 16.
1092 517 1104 530 α
1123 506 1236 535 Nescitis
1248 506 1325 542 quod
1338 507 1474 543 templum
1487 508 1536 536 Dei
1553 508 1618 538 estis
1629 530 1638 544 ,
1655 513 1683 539 et

885 551 1001 588 Spiritus
1013 551 1063 580 Dei
1078 551 1182 580 habitat
1197 551 1226 579 in
1240 551 1319 580 vobis
1332 552 1343 579 Ρ
1359 563 1372 576 ι-
1389 551 1433 581 Ad
1445 559 1508 581 cum
1523 553 1573 590 qui
1592 552 1680 582 fomi-

885 601 961 625 catus
971 601 1031 625 erat
1043 604 1201 625 sermonem
1213 596 1358 625 convertit.
1374 597 1457 633 139
1471 599 1508 627 Et
1522 597 1582 627 vide
1595 607 1681 635 quam

885 641 1033 671 efﬁcaciter
1056 641 1092 670 ad
1117 641 1252 678 pudorem
1275 641 1431 670 faciendum
1458 643 1566 671 locutus
1586 648 1636 672 est.
1655 646 1679 672 Δ

884 687 971 723 gratia
985 687 1062 715 enim
1076 694 1139 723 qua:
1154 687 1232 715 nobis
1241 686 1306 715 data
1322 691 1374 722 est,
1403 687 1457 716 hoc
1470 692 1513 716 est
1528 688 1563 716 ab
1573 689 1678 717 inhabi-

884 732 988 761 tatione
1002 731 1130 768 Spiritus,
1146 739 1212 761 eum
1230 732 1277 768 qui
1287 731 1441 761 fornicatus
1455 737 1515 761 erat
1530 733 1680 770 pudefacit,

885 776 950 806 licet
964 785 1109 813 personam
1134 777 1193 814 ejus
1207 785 1265 806 non
1293 777 1385 813 palam
1400 779 1556 814 proposuit,
1570 778 1636 815 quin
1651 779 1679 808 in

882 822 1024 851 communi
1032 830 1189 851 sermonem
1203 822 1333 850 instituit.
1343 823 1372 851 Si
1381 826 1473 851 autem
1482 824 1531 852 Dei
1545 824 1680 860 templum

883 875 989 901 sumus,
1004 875 1036 895 eo
1050 867 1125 904 quod
1148 867 1265 904 Spiritus
1283 867 1334 896 Dei
1344 867 1448 896 habitat
1463 868 1490 896 in
1506 868 1597 903 nobis,
1620 873 1679 898 tum

883 912 1001 948 Spiritus
1017 916 1060 940 est
1085 913 1176 942 Deus.

920 958 1010 986 Vsns.
1028 960 1075 986 11.
1095 968 1109 984 «
1122 957 1150 987 Si
1168 957 1232 994 quis
1241 957 1376 994 templum
1389 958 1441 986 Dei
1454 958 1682 994 corrumpit,cor-

887 1006 998 1038 rumpet
1008 1002 1086 1031 illum
1113 1004 1198 1031 Deus.
1217 1015 1229 1027 ν
1244 1002 1275 1031 ld
1288 1007 1331 1030 est
1345 1002 1449 1039 perdet.
1466 1004 1526 1032 Hoc
1549 1011 1613 1032 vero
1625 1011 1681 1032 non

886 1051 929 1076 est
953 1047 1132 1082 exsecrantis,
1151 1047 1200 1077 sed
1223 1047 1357 1084 quidnam
1373 1047 1497 1077 futurum
1523 1049 1561 1077 sit
1583 1048 1680 1078 vatici-

884 1093 990 1122 nantis.

921 1146 937 1165 α
961 1137 1110 1174 Templum
1125 1138 1199 1166 enim
1212 1138 1265 1167 Dei
1288 1142 1415 1167 sanctum
1437 1141 1488 1174 est,
1515 1137 1592 1175 quod
1618 1139 1683 1167 estis

884 1190 940 1211 vos.
961 1194 974 1208 ιο
991 1183 1113 1212 Proinde
1136 1183 1285 1212 fornicator
1298 1191 1355 1212 non
1377 1186 1470 1219 potest
1489 1187 1680 1218 essesanctus,

883 1228 1013 1265 quoniam
1041 1228 1135 1258 amisit
1164 1228 1237 1265 quod
1268 1229 1305 1257 sit
1321 1228 1455 1265 templum
1478 1229 1541 1264 Dei,
1567 1229 1681 1266 expulso

882 1273 1071 1302 sanctiﬁcante
1106 1274 1199 1310 ipsum
1221 1273 1335 1310 Spiritu.
1364 1273 1431 1309 Quis
1453 1280 1518 1302 vero
1542 1274 1680 1311 templum

882 1320 948 1347 est?
977 1319 1034 1347 Vos
1045 1319 1162 1353 scilicet,
1179 1318 1203 1346 si
1218 1319 1279 1354 puri
1291 1318 1483 1355 perseveretis.

918 1365 1002 1393 Vm.
1019 1367 1061 1393 18.
1087 1375 1100 1389 ιι
1115 1365 1206 1392 Nemo
1233 1364 1354 1400 seipsum
1379 1363 1503 1392 seducet.
1532 1375 1545 1389 ι
1577 1364 1679 1392 Existi-

881 1416 962 1438 mans
986 1409 1060 1446 quod
1074 1409 1152 1438 aliter
1177 1416 1207 1437 se
1219 1416 1264 1438 nos
1282 1408 1394 1443 habeat,
1409 1412 1436 1437 et
1449 1416 1505 1437 non
1518 1409 1591 1437 sicut
1603 1409 1680 1439 dixe-

882 1461 955 1482 ram.

918 1510 932 1524 ι
947 1499 976 1527 Si
995 1498 1056 1535 quis
1076 1498 1182 1528 videtur
1197 1498 1267 1528 inter
1291 1506 1340 1527 vos
1363 1499 1471 1535 sapiens
1499 1506 1559 1528 esse
1573 1499 1601 1528 in
1624 1499 1678 1528 hoc

881 1543 993 1578 saeculo,
1008 1544 1111 1573 stultus
1125 1544 1185 1579 ﬁat,
1194 1547 1226 1572 ut
1248 1544 1285 1572 sit
1299 1543 1417 1581 sapiens.
1436 1555 1448 1569 ιι
1462 1544 1561 1573 Paucis
1574 1543 1608 1573 de
1622 1544 1680 1573 for-

882 1589 1004 1618 nicatore
1020 1589 1101 1618 veluti
1116 1597 1166 1626 per
1179 1589 1306 1618 umbram
1320 1589 1456 1622 adductis,
1469 1597 1566 1618 rursus
1583 1589 1611 1618 in
1631 1597 1680 1618 eos

883 1634 931 1671 qui
953 1638 1063 1663 externa
1083 1635 1219 1671 sapientia
1235 1634 1378 1667 inﬂantur.
1393 1642 1553 1663 sermonem
1584 1634 1678 1663 ﬂectit.

882 1679 946 1715 Qui,
960 1679 1060 1716 inquit,
1073 1679 1180 1708 videtur
1193 1680 1304 1716 sapiens
1317 1687 1377 1709 esse
1387 1679 1459 1708 inter
1473 1687 1534 1715 vos,
1547 1691 1560 1704 ι
1576 1680 1679 1709 stultus

882 1724 940 1759 ﬁat,
963 1736 975 1750 η
992 1724 1046 1753 hoc
1064 1729 1106 1753 est
1129 1728 1274 1754 externam
1300 1725 1466 1762 sapientiam
1486 1725 1627 1762 reprobet,
1649 1729 1680 1754 ut

882 1769 1019 1805 possideat
1033 1769 1162 1798 divinam.
1182 1771 1252 1798 Nam
1271 1769 1511 1806 quemadmodum
1533 1774 1680 1807 paupertas

882 1814 1036 1843 secundum
1062 1816 1166 1849 Deum,
1182 1814 1283 1844 divitiae
1297 1820 1363 1844 sunt
1375 1819 1404 1844 et
1417 1815 1588 1844 incelebritas
1607 1815 1682 1844 simi-

883 1859 945 1888 liter
966 1859 1068 1895 gloria,
1089 1859 1128 1888 ita
1148 1859 1262 1888 stultitia
1277 1860 1431 1889 secundum
1443 1861 1534 1888 Deum
1548 1859 1679 1896 sapientia

883 1909 934 1934 est.
946 1904 1146 1933 Animadverte
1155 1908 1262 1938 autem,
1277 1912 1335 1933 non
1352 1904 1435 1940 dixit,
1450 1905 1561 1941 rejiciat
1574 1905 1681 1941 sapien-

883 1949 962 1985 tiam,
981 1949 1031 1978 sed
1050 1949 1124 1986 quod
1145 1949 1236 1978 multo
1261 1949 1352 1986 majus
1364 1952 1416 1984 est,
1440 1961 1453 1974 α
1465 1949 1567 1978 stultus
1582 1949 1640 1984 ﬂat,
1667 1961 1679 1974 ν

882 1995 934 2024 hoc
948 1999 989 2024 est
1013 1994 1080 2023 nihil
1103 2002 1118 2023 a
1131 1994 1222 2030 seipso
1241 1993 1408 2031 intelligens,
1423 2002 1482 2024 non
1505 1995 1623 2032 propriis
1637 2002 1679 2024 ar-

882 2040 1018 2077 gumentis
1030 2040 1112 2069 ﬁdem
1120 2039 1269 2076 adhibens,
1279 2040 1332 2069 sed
1343 2042 1444 2075 Deum,
1457 2044 1489 2069 ut
1500 2041 1623 2078 iumenta
1636 2048 1680 2077 pa-

882 2090 994 2118 storem,
1007 2093 1138 2122 sequens,
1152 2085 1339 2123 omnibusque
1348 2085 1448 2114 divinis
1457 2085 1540 2114 rebus
1552 2085 1678 2114 credens.

917 2132 1006 2160 Vsns.
1037 2132 1080 2159 ιο.
1104 2141 1117 2155 ι
1139 2131 1276 2167 Sapientia
1301 2130 1375 2159 enim
1408 2131 1489 2168 hujus
1510 2131 1607 2160 mundi
1637 2135 1679 2160 est

881 2176 995 2205 stultitia
1007 2175 1081 2212 apud
1100 2177 1200 2204 Deum.
1219 2187 1231 2200 ιο
1252 2177 1317 2204 Non
1329 2176 1421 2205 solum
1441 2175 1516 2205 enim
1530 2175 1601 2204 nihil
1616 2184 1678 2212 pro-

881 2221 944 2250 dest
954 2225 1003 2250 aut
1014 2220 1184 2250 conducitad
1199 2228 1291 2249 veram
1301 2221 1477 2258 sapientiam,
1489 2229 1585 2250 verum
1594 2221 1678 2250 etiam

882 2267 976 2303 potius
993 2265 1110 2302 impedit
1130 2275 1136 2294 :
1153 2266 1254 2303 quippe
1264 2273 1327 2303 quae
1349 2274 1407 2302 pra;
1419 2265 1461 2295 sui
1475 2265 1679 2295 existimatione

881 2311 983 2340 discere
1024 2310 1195 2347 dedignetur,
1231 2315 1313 2347 atque
1350 2315 1494 2348 propterea
1534 2318 1678 2348 nunquam

881 2365 939 2385 non
952 2356 1143 2393 inignorantia
1163 2363 1222 2384 esse
1236 2355 1322 2385 faciat
1344 2364 1410 2385 eum
1423 2356 1469 2393 qui
1492 2356 1553 2393 ipsa
1572 2360 1679 2386 utatur.

881 2401 965 2431 Unde
987 2405 1016 2430 et
1040 2401 1182 2430 fatuorum
1207 2401 1296 2430 instar
1316 2409 1330 2430 a
1359 2402 1416 2430 Deo
1442 2409 1554 2438 pessum
1581 2401 1677 2432 detur-

882 2447 991 2476 bantur.

918 2504 931 2518 ι
946 2492 1085 2529 Scriptum
1100 2495 1143 2521 est
1163 2491 1237 2520 enim
1253 2501 1260 2520 :
1291 2492 1343 2528 Qui
1369 2491 1553 2529 apprehendit
1572 2492 1679 2529 sapien-

881 2541 923 2567 tes
934 2538 964 2566 in
981 2537 1080 2567 astutia
1096 2545 1205 2567 eorum.
1223 2548 1236 2562 υ
1253 2537 1455 2567 Testimonium
1471 2537 1600 2575 producit
1612 2545 1680 2574 quo-

881 2583 967 2612 modo
989 2583 1105 2612 stultitia
1126 2583 1162 2612 sit
1187 2583 1260 2620 apud
1272 2585 1363 2612 Deum
1387 2583 1509 2613 humana
1531 2583 1679 2619 sapientia.

881 2629 999 2666 aitque:
1026 2630 1169 2666 Tanquam
1196 2629 1295 2658 stultos
1333 2628 1516 2666 apprehendit
1545 2627 1681 2663 sapientes

883 2675 959 2704 Deus
974 2683 982 2702 τ
995 2673 1108 2709 hocest,
1125 2674 1244 2712 propriis
1257 2674 1344 2703 armis
1361 2674 1464 2711 subigit
1478 2673 1552 2702 illos.
1565 2671 1680 2702 Etiamsi

883 2719 956 2748 enim
983 2719 1067 2749 astuti
1080 2723 1110 2748 et
1133 2719 1271 2757 sapientes
1297 2718 1411 2755 fuerint,
1434 2723 1567 2755 tanquam
1600 2717 1679 2746 stulti

884 2769 977 2796 tamen
991 2769 1020 2795 et
1042 2765 1203 2807 insipientes
1215 2769 1378 2802 arguuntur.
1402 2763 1529 2800 Exempli
1558 2763 1643 2800 gratia
1671 2771 1678 2792 :
