  <div class='ocr_page' id='page_1' title='image "/cluster/home/n/w/nwhite01/storage/ocr_20150623/124/njp.32101010942728/427.png"; bbox 0 0 1881 3081; ppageno 0'>
   <div class='ocr_carea' id='block_1_1' title="bbox 219 165 272 193">
    <p class='ocr_par' dir='ltr' id='par_1_1' title="bbox 219 165 272 193">
     <span class='ocr_line' id='line_1_1' title="bbox 219 165 272 193; baseline 0 0"><span class='ocrx_word' id='word_1_1' title='bbox 219 165 272 193; x_wconf 79' lang='lat'><strong>607</strong></span> 
     </span>
    </p>
   </div>
   <div class='ocr_carea' id='block_1_2' title="bbox 216 226 1016 264">
    <p class='ocr_par' dir='ltr' id='par_1_2' title="bbox 216 226 1016 264">
     <span class='ocr_line' id='line_1_2' title="bbox 216 226 1016 264; baseline -0.001 -8"><span class='ocrx_word' id='word_1_2' title='bbox 216 226 421 256; x_wconf 79' lang='lat' dir='ltr'><strong>arbitrabantur</strong></span> <span class='ocrx_word' id='word_1_3' title='bbox 442 227 480 255; x_wconf 82' lang='lat' dir='ltr'><strong>illi</strong></span> <span class='ocrx_word' id='word_1_4' title='bbox 502 234 532 256; x_wconf 83' lang='lat' dir='ltr'><strong>se</strong></span> <span class='ocrx_word' id='word_1_5' title='bbox 556 228 617 256; x_wconf 89' lang='lat' dir='ltr'><strong>Deo</strong></span> <span class='ocrx_word' id='word_1_6' title='bbox 632 234 689 256; x_wconf 93' lang='lat' dir='ltr'><strong>non</strong></span> <span class='ocrx_word' id='word_1_7' title='bbox 701 226 836 264; x_wconf 77' lang='lat' dir='ltr'><strong>indigere,</strong></span> <span class='ocrx_word' id='word_1_8' title='bbox 856 227 904 256; x_wconf 87' lang='lat' dir='ltr'><strong>sed</strong></span> <span class='ocrx_word' id='word_1_9' title='bbox 925 228 1016 256; x_wconf 87' lang='lat' dir='ltr'><strong>omnia</strong></span> 
     </span>
    </p>
   </div>
   <div class='ocr_carea' id='block_1_3' title="bbox 215 273 1016 311">
    <p class='ocr_par' dir='ltr' id='par_1_3' title="bbox 215 273 1016 311">
     <span class='ocr_line' id='line_1_3' title="bbox 215 273 1016 311; baseline -0.001 -8"><span class='ocrx_word' id='word_1_10' title='bbox 215 282 264 311; x_wconf 88' lang='lat' dir='ltr'><strong>per</strong></span> <span class='ocrx_word' id='word_1_11' title='bbox 277 282 307 302; x_wconf 89' lang='lat' dir='ltr'><strong>se</strong></span> <span class='ocrx_word' id='word_1_12' title='bbox 333 281 415 310; x_wconf 82' lang='lat' dir='ltr'><strong>posse</strong></span> <span class='ocrx_word' id='word_1_13' title='bbox 428 273 591 310; x_wconf 75' lang='lat' dir='ltr'><strong>intelligere.</strong></span> <span class='ocrx_word' id='word_1_14' title='bbox 613 274 651 302; x_wconf 78' lang='lat' dir='ltr'><strong>At</strong></span> <span class='ocrx_word' id='word_1_15' title='bbox 677 274 751 301; x_wconf 89' lang='lat' dir='ltr'><strong>Deus</strong></span> <span class='ocrx_word' id='word_1_16' title='bbox 773 273 939 302; x_wconf 75' lang='lat' dir='ltr'><strong>monstravit</strong></span> <span class='ocrx_word' id='word_1_17' title='bbox 958 274 1016 302; x_wconf 84' lang='lat' dir='ltr'><strong>illis</strong></span> 
     </span>
    </p>
   </div>
   <div class='ocr_carea' id='block_1_4' title="bbox 217 317 1014 356">
    <p class='ocr_par' dir='ltr' id='par_1_4' title="bbox 217 317 1014 356">
     <span class='ocr_line' id='line_1_4' title="bbox 217 317 1014 356; baseline -0.001 -8"><span class='ocrx_word' id='word_1_18' title='bbox 217 327 265 356; x_wconf 87' lang='lat' dir='ltr'><strong>per</strong></span> <span class='ocrx_word' id='word_1_19' title='bbox 278 327 323 347; x_wconf 89' lang='lat' dir='ltr'><strong>res</strong></span> <span class='ocrx_word' id='word_1_20' title='bbox 342 319 425 355; x_wconf 90' lang='lat' dir='ltr'><strong>ipsas,</strong></span> <span class='ocrx_word' id='word_1_21' title='bbox 438 318 513 355; x_wconf 89' lang='lat' dir='ltr'><strong>quod</strong></span> <span class='ocrx_word' id='word_1_22' title='bbox 533 317 642 347; x_wconf 83' lang='lat' dir='ltr'><strong>dicendi</strong></span> <span class='ocrx_word' id='word_1_23' title='bbox 666 318 838 346; x_wconf 83' lang='lat' dir='ltr'><strong>vehementia</strong></span> <span class='ocrx_word' id='word_1_24' title='bbox 864 322 892 346; x_wconf 90' lang='lat' dir='ltr'><strong>et</strong></span> <span class='ocrx_word' id='word_1_25' title='bbox 914 319 1014 347; x_wconf 79' lang='lat' dir='ltr'><strong>astutia</strong></span> 
     </span>
    </p>
   </div>
   <div class='ocr_carea' id='block_1_5' title="bbox 215 363 1015 399">
    <p class='ocr_par' dir='ltr' id='par_1_5' title="bbox 215 363 1015 399">
     <span class='ocr_line' id='line_1_5' title="bbox 215 363 1015 399; baseline 0.001 -8"><span class='ocrx_word' id='word_1_26' title='bbox 215 363 282 392; x_wconf 89' lang='lat' dir='ltr'><strong>nihil</strong></span> <span class='ocrx_word' id='word_1_27' title='bbox 305 363 360 392; x_wconf 83' lang='lat' dir='ltr'><strong>illis</strong></span> <span class='ocrx_word' id='word_1_28' title='bbox 373 363 526 399; x_wconf 84' lang='lat' dir='ltr'><strong>profuerit;</strong></span> <span class='ocrx_word' id='word_1_29' title='bbox 546 363 595 392; x_wconf 90' lang='lat' dir='ltr'><strong>sed</strong></span> <span class='ocrx_word' id='word_1_30' title='bbox 614 363 733 391; x_wconf 84' lang='lat' dir='ltr'><strong>maxime</strong></span> <span class='ocrx_word' id='word_1_31' title='bbox 755 363 850 391; x_wconf 90' lang='lat' dir='ltr'><strong>divino</strong></span> <span class='ocrx_word' id='word_1_32' title='bbox 869 363 971 392; x_wconf 85' lang='lat' dir='ltr'><strong>auxilio</strong></span> <span class='ocrx_word' id='word_1_33' title='bbox 998 363 1015 392; x_wconf 89' lang='lat' dir='ltr'><strong>ii</strong></span> 
     </span>
    </p>
   </div>
   <div class='ocr_carea' id='block_1_6' title="bbox 217 407 1016 445">
    <p class='ocr_par' dir='ltr' id='par_1_6' title="bbox 217 407 1016 445">
     <span class='ocr_line' id='line_1_6' title="bbox 217 407 1016 445; baseline 0 -9"><span class='ocrx_word' id='word_1_34' title='bbox 217 408 387 445; x_wconf 76' lang='lat' dir='ltr'><strong>indigebant,</strong></span> <span class='ocrx_word' id='word_1_35' title='bbox 409 408 456 445; x_wconf 88' lang='lat' dir='ltr'><strong>qui</strong></span> <span class='ocrx_word' id='word_1_36' title='bbox 480 408 549 436; x_wconf 87' lang='lat' dir='ltr'><strong>nihil</strong></span> <span class='ocrx_word' id='word_1_37' title='bbox 575 407 696 444; x_wconf 77' lang='lat' dir='ltr'><strong>indigere</strong></span> <span class='ocrx_word' id='word_1_38' title='bbox 718 407 886 436; x_wconf 84' lang='lat' dir='ltr'><strong>viderentur.</strong></span> <span class='ocrx_word' id='word_1_39' title='bbox 920 410 1016 445; x_wconf 85' lang='lat' dir='ltr'><strong>Itaque</strong></span> 
     </span>
    </p>
   </div>
   <div class='ocr_carea' id='block_1_7' title="bbox 219 453 1015 489">
    <p class='ocr_par' dir='ltr' id='par_1_7' title="bbox 219 453 1015 489">
     <span class='ocr_line' id='line_1_7' title="bbox 219 453 1015 489; baseline 0.001 -8"><span class='ocrx_word' id='word_1_40' title='bbox 219 453 247 481; x_wconf 92' lang='lat' dir='ltr'><strong>in</strong></span> <span class='ocrx_word' id='word_1_41' title='bbox 262 453 408 482; x_wconf 82' lang='lat' dir='ltr'><strong>calliditate</strong></span> <span class='ocrx_word' id='word_1_42' title='bbox 431 461 488 488; x_wconf 90' lang='lat' dir='ltr'><strong>sua,</strong></span> <span class='ocrx_word' id='word_1_43' title='bbox 506 461 560 489; x_wconf 91' lang='lat' dir='ltr'><strong>qua</strong></span> <span class='ocrx_word' id='word_1_44' title='bbox 575 454 708 489; x_wconf 83' lang='lat' dir='ltr'><strong>putabant</strong></span> <span class='ocrx_word' id='word_1_45' title='bbox 731 461 760 481; x_wconf 89' lang='lat' dir='ltr'><strong>se</strong></span> <span class='ocrx_word' id='word_1_46' title='bbox 777 453 868 481; x_wconf 88' lang='lat' dir='ltr'><strong>omnia</strong></span> <span class='ocrx_word' id='word_1_47' title='bbox 894 454 1015 488; x_wconf 80' lang='lat' dir='ltr'><strong>novisse,</strong></span> 
     </span>
    </p>
   </div>
   <div class='ocr_carea' id='block_1_8' title="bbox 226 497 1017 534">
    <p class='ocr_par' dir='ltr' id='par_1_8' title="bbox 226 497 1017 534">
     <span class='ocr_line' id='line_1_8' title="bbox 226 497 1017 534; baseline 0.001 -8"><span class='ocrx_word' id='word_1_48' title='bbox 226 497 308 534; x_wconf 68' lang='grc'><strong>140</strong></span> <span class='ocrx_word' id='word_1_49' title='bbox 320 498 390 527; x_wconf 86' lang='lat' dir='ltr'><strong>nihil</strong></span> <span class='ocrx_word' id='word_1_50' title='bbox 418 499 489 527; x_wconf 89' lang='lat' dir='ltr'><strong>scire</strong></span> <span class='ocrx_word' id='word_1_51' title='bbox 504 498 610 527; x_wconf 86' lang='lat' dir='ltr'><strong>inventi</strong></span> <span class='ocrx_word' id='word_1_52' title='bbox 633 502 707 532; x_wconf 87' lang='lat' dir='ltr'><strong>sunt,</strong></span> <span class='ocrx_word' id='word_1_53' title='bbox 732 498 780 527; x_wconf 90' lang='lat' dir='ltr'><strong>sed</strong></span> <span class='ocrx_word' id='word_1_54' title='bbox 795 498 976 534; x_wconf 86' lang='lat' dir='ltr'><strong>piscatoribus</strong></span> <span class='ocrx_word' id='word_1_55' title='bbox 990 501 1017 527; x_wconf 85' lang='lat' dir='ltr'><strong>et</strong></span> 
     </span>
    </p>
   </div>
   <div class='ocr_carea' id='block_1_9' title="bbox 218 543 800 572">
    <p class='ocr_par' dir='ltr' id='par_1_9' title="bbox 218 543 800 572">
     <span class='ocr_line' id='line_1_9' title="bbox 218 543 800 572; baseline -0.002 0"><span class='ocrx_word' id='word_1_56' title='bbox 218 543 327 572; x_wconf 85' lang='lat' dir='ltr'><strong>coriaiis</strong></span> <span class='ocrx_word' id='word_1_57' title='bbox 351 543 379 572; x_wconf 89' lang='lat' dir='ltr'><strong>in</strong></span> <span class='ocrx_word' id='word_1_58' title='bbox 398 543 480 572; x_wconf 81' lang='lat' dir='ltr'><strong>rebus</strong></span> <span class='ocrx_word' id='word_1_59' title='bbox 494 543 655 572; x_wconf 84' lang='lat' dir='ltr'><strong>necessariis</strong></span> <span class='ocrx_word' id='word_1_60' title='bbox 667 543 800 572; x_wconf 85' lang='lat' dir='ltr'><strong>rudiores.</strong></span> 
     </span>
    </p>
   </div>
   <div class='ocr_carea' id='block_1_10' title="bbox 258 588 1015 626">
    <p class='ocr_par' dir='ltr' id='par_1_10' title="bbox 258 588 1015 626">
     <span class='ocr_line' id='line_1_10' title="bbox 258 588 1015 626; baseline 0 -9"><span class='ocrx_word' id='word_1_61' title='bbox 258 590 349 619; x_wconf 71' lang='lat' dir='ltr'><strong>Vnus.</strong></span> <span class='ocrx_word' id='word_1_62' title='bbox 373 592 418 618; x_wconf 83' lang='lat' dir='ltr'><strong>2o.</strong></span> <span class='ocrx_word' id='word_1_63' title='bbox 437 600 449 613; x_wconf 75' lang='grc' dir='ltr'><strong>α</strong></span> <span class='ocrx_word' id='word_1_64' title='bbox 462 589 497 616; x_wconf 88' lang='lat' dir='ltr'><strong>Et</strong></span> <span class='ocrx_word' id='word_1_65' title='bbox 508 596 604 617; x_wconf 83' lang='lat' dir='ltr'><strong>rursus</strong></span> <span class='ocrx_word' id='word_1_66' title='bbox 617 597 624 616; x_wconf 88' lang='lat'><strong>:</strong></span> <span class='ocrx_word' id='word_1_67' title='bbox 647 588 654 611; x_wconf 81' lang='grc' dir='ltr'><strong>ι</strong></span> <span class='ocrx_word' id='word_1_68' title='bbox 668 589 807 617; x_wconf 89' lang='lat' dir='ltr'><strong>Dominus</strong></span> <span class='ocrx_word' id='word_1_69' title='bbox 822 589 898 617; x_wconf 90' lang='lat' dir='ltr'><strong>novit</strong></span> <span class='ocrx_word' id='word_1_70' title='bbox 910 589 1015 626; x_wconf 84' lang='lat' dir='ltr'><strong>cogita-</strong></span> 
     </span>
    </p>
   </div>
   <div class='ocr_carea' id='block_1_11' title="bbox 218 634 1015 671">
    <p class='ocr_par' dir='ltr' id='par_1_11' title="bbox 218 634 1015 671">
     <span class='ocr_line' id='line_1_11' title="bbox 218 634 1015 671; baseline -0.005 -5"><span class='ocrx_word' id='word_1_71' title='bbox 218 638 309 666; x_wconf 87' lang='lat' dir='ltr'><strong>tiones</strong></span> <span class='ocrx_word' id='word_1_72' title='bbox 330 635 501 671; x_wconf 85' lang='lat' dir='ltr'><strong>sapientum,</strong></span> <span class='ocrx_word' id='word_1_73' title='bbox 522 634 596 670; x_wconf 91' lang='lat' dir='ltr'><strong>quod</strong></span> <span class='ocrx_word' id='word_1_74' title='bbox 605 641 682 662; x_wconf 75' lang='lat' dir='ltr'><strong>vanae</strong></span> <span class='ocrx_word' id='word_1_75' title='bbox 702 634 769 662; x_wconf 87' lang='lat' dir='ltr'><strong>sint.</strong></span> <span class='ocrx_word' id='word_1_76' title='bbox 787 645 798 659; x_wconf 74' lang='grc' dir='ltr'><strong>ι</strong></span> <span class='ocrx_word' id='word_1_77' title='bbox 818 634 845 662; x_wconf 93' lang='lat' dir='ltr'><strong>Si</strong></span> <span class='ocrx_word' id='word_1_78' title='bbox 861 634 944 671; x_wconf 88' lang='lat' dir='ltr'><strong>igitur</strong></span> <span class='ocrx_word' id='word_1_79' title='bbox 958 636 1015 662; x_wconf 93' lang='lat' dir='ltr'><strong>Do-</strong></span> 
     </span>
    </p>
   </div>
   <div class='ocr_carea' id='block_1_12' title="bbox 217 678 1015 716">
    <p class='ocr_par' dir='ltr' id='par_1_12' title="bbox 217 678 1015 716">
     <span class='ocr_line' id='line_1_12' title="bbox 217 678 1015 716; baseline -0.004 -5"><span class='ocrx_word' id='word_1_80' title='bbox 217 682 312 711; x_wconf 89' lang='lat' dir='ltr'><strong>minus</strong></span> <span class='ocrx_word' id='word_1_81' title='bbox 324 680 402 708; x_wconf 88' lang='lat' dir='ltr'><strong>novit</strong></span> <span class='ocrx_word' id='word_1_82' title='bbox 424 678 500 716; x_wconf 88' lang='lat' dir='ltr'><strong>quod</strong></span> <span class='ocrx_word' id='word_1_83' title='bbox 518 687 595 708; x_wconf 67' lang='lat' dir='ltr'><strong>vana</strong></span> <span class='ocrx_word' id='word_1_84' title='bbox 622 683 687 707; x_wconf 88' lang='lat' dir='ltr'><strong>sunt</strong></span> <span class='ocrx_word' id='word_1_85' title='bbox 701 678 893 715; x_wconf 78' lang='lat' dir='ltr'><strong>cogitationes,</strong></span> <span class='ocrx_word' id='word_1_86' title='bbox 917 679 1015 716; x_wconf 87' lang='lat' dir='ltr'><strong>quippe</strong></span> 
     </span>
    </p>
   </div>
   <div class='ocr_carea' id='block_1_13' title="bbox 220 724 1014 764">
    <p class='ocr_par' dir='ltr' id='par_1_13' title="bbox 220 724 1014 764">
     <span class='ocr_line' id='line_1_13' title="bbox 220 724 1014 764; baseline -0.004 -9"><span class='ocrx_word' id='word_1_87' title='bbox 220 734 283 764; x_wconf 65' lang='lat' dir='ltr'><strong>qua</strong></span> <span class='ocrx_word' id='word_1_88' title='bbox 298 725 369 754; x_wconf 87' lang='lat' dir='ltr'><strong>nihil</strong></span> <span class='ocrx_word' id='word_1_89' title='bbox 384 724 606 753; x_wconf 84' lang='lat' dir='ltr'><strong>necessariorum</strong></span> <span class='ocrx_word' id='word_1_90' title='bbox 621 729 648 753; x_wconf 90' lang='lat' dir='ltr'><strong>et</strong></span> <span class='ocrx_word' id='word_1_91' title='bbox 661 724 823 753; x_wconf 81' lang='lat' dir='ltr'><strong>salutarium</strong></span> <span class='ocrx_word' id='word_1_92' title='bbox 834 724 992 753; x_wconf 83' lang='lat' dir='ltr'><strong>contineant</strong></span> <span class='ocrx_word' id='word_1_93' title='bbox 1008 733 1014 752; x_wconf 94' lang='lat'><strong>:</strong></span> 
     </span>
    </p>
   </div>
   <div class='ocr_carea' id='block_1_14' title="bbox 216 769 1014 809">
    <p class='ocr_par' dir='ltr' id='par_1_14' title="bbox 216 769 1014 809">
     <span class='ocr_line' id='line_1_14' title="bbox 216 769 1014 809; baseline -0.004 -9"><span class='ocrx_word' id='word_1_94' title='bbox 216 770 360 809; x_wconf 89' lang='lat' dir='ltr'><strong>quomodo</strong></span> <span class='ocrx_word' id='word_1_95' title='bbox 377 778 436 802; x_wconf 92' lang='lat' dir='ltr'><strong>vos,</strong></span> <span class='ocrx_word' id='word_1_96' title='bbox 453 769 600 802; x_wconf 84' lang='lat' dir='ltr'><strong>Corinthii,</strong></span> <span class='ocrx_word' id='word_1_97' title='bbox 627 769 767 798; x_wconf 87' lang='lat' dir='ltr'><strong>contraria</strong></span> <span class='ocrx_word' id='word_1_98' title='bbox 781 771 840 797; x_wconf 89' lang='lat' dir='ltr'><strong>Deo</strong></span> <span class='ocrx_word' id='word_1_99' title='bbox 855 769 1014 802; x_wconf 86' lang='lat' dir='ltr'><strong>decernitis,</strong></span> 
     </span>
    </p>
   </div>
   <div class='ocr_carea' id='block_1_15' title="bbox 220 814 1013 853">
    <p class='ocr_par' dir='ltr' id='par_1_15' title="bbox 220 814 1013 853">
     <span class='ocr_line' id='line_1_15' title="bbox 220 814 1013 853; baseline -0.004 -7"><span class='ocrx_word' id='word_1_100' title='bbox 220 825 253 846; x_wconf 83' lang='lat' dir='ltr'><strong>ac</strong></span> <span class='ocrx_word' id='word_1_101' title='bbox 266 821 401 853; x_wconf 86' lang='lat' dir='ltr'><strong>tanquam</strong></span> <span class='ocrx_word' id='word_1_102' title='bbox 421 814 500 843; x_wconf 86' lang='lat' dir='ltr'><strong>valde</strong></span> <span class='ocrx_word' id='word_1_103' title='bbox 515 814 596 843; x_wconf 87' lang='lat' dir='ltr'><strong>utiles</strong></span> <span class='ocrx_word' id='word_1_104' title='bbox 610 814 788 851; x_wconf 83' lang='lat' dir='ltr'><strong>cogitationes</strong></span> <span class='ocrx_word' id='word_1_105' title='bbox 803 818 907 843; x_wconf 85' lang='lat' dir='ltr'><strong>vestras</strong></span> <span class='ocrx_word' id='word_1_106' title='bbox 919 822 1013 851; x_wconf 89' lang='lat' dir='ltr'><strong>prose-</strong></span> 
     </span>
    </p>
   </div>
   <div class='ocr_carea' id='block_1_16' title="bbox 219 861 365 899">
    <p class='ocr_par' dir='ltr' id='par_1_16' title="bbox 219 861 365 899">
     <span class='ocr_line' id='line_1_16' title="bbox 219 861 365 899; baseline -0.014 -9"><span class='ocrx_word' id='word_1_107' title='bbox 219 861 337 899; x_wconf 89' lang='lat' dir='ltr'><strong>quimini</strong></span> <span class='ocrx_word' id='word_1_108' title='bbox 353 862 365 888; x_wconf 74' lang='grc' dir='ltr'><strong><em>Ρ</em></strong></span> 
     </span>
    </p>
   </div>
   <div class='ocr_carea' id='block_1_17' title="bbox 289 904 1013 941">
    <p class='ocr_par' dir='ltr' id='par_1_17' title="bbox 289 904 1013 941">
     <span class='ocr_line' id='line_1_17' title="bbox 289 904 1013 941; baseline -0.003 -7"><span class='ocrx_word' id='word_1_109' title='bbox 289 907 379 934; x_wconf 76' lang='lat' dir='ltr'><strong>VRBS.</strong></span> <span class='ocrx_word' id='word_1_110' title='bbox 389 907 434 933; x_wconf 82' lang='lat' dir='ltr'><strong>2i.</strong></span> <span class='ocrx_word' id='word_1_111' title='bbox 444 916 456 929; x_wconf 79' lang='grc' dir='ltr'><strong>ι</strong></span> <span class='ocrx_word' id='word_1_112' title='bbox 468 905 651 940; x_wconf 87' lang='lat' dir='ltr'><strong>ltaquenemo</strong></span> <span class='ocrx_word' id='word_1_113' title='bbox 661 904 793 941; x_wconf 81' lang='lat' dir='ltr'><strong>glorietur</strong></span> <span class='ocrx_word' id='word_1_114' title='bbox 800 904 829 933; x_wconf 91' lang='lat' dir='ltr'><strong>in</strong></span> <span class='ocrx_word' id='word_1_115' title='bbox 838 904 1013 933; x_wconf 87' lang='lat' dir='ltr'><strong>hominibus:</strong></span> 
     </span>
    </p>
   </div>
   <div class='ocr_carea' id='block_1_18' title="bbox 217 949 1013 986">
    <p class='ocr_par' dir='ltr' id='par_1_18' title="bbox 217 949 1013 986">
     <span class='ocr_line' id='line_1_18' title="bbox 217 949 1013 986; baseline -0.003 -6"><span class='ocrx_word' id='word_1_116' title='bbox 217 951 309 980; x_wconf 86' lang='lat' dir='ltr'><strong>omnia</strong></span> <span class='ocrx_word' id='word_1_117' title='bbox 325 950 398 978; x_wconf 93' lang='lat' dir='ltr'><strong>enim</strong></span> <span class='ocrx_word' id='word_1_118' title='bbox 426 953 516 978; x_wconf 85' lang='lat' dir='ltr'><strong>vestra</strong></span> <span class='ocrx_word' id='word_1_119' title='bbox 537 953 612 984; x_wconf 87' lang='lat' dir='ltr'><strong>sunt,</strong></span> <span class='ocrx_word' id='word_1_120' title='bbox 634 950 692 978; x_wconf 87' lang='lat' dir='ltr'><strong>sive</strong></span> <span class='ocrx_word' id='word_1_121' title='bbox 704 950 815 983; x_wconf 84' lang='lat' dir='ltr'><strong>Paulus,</strong></span> <span class='ocrx_word' id='word_1_122' title='bbox 831 949 888 978; x_wconf 87' lang='lat' dir='ltr'><strong>sive</strong></span> <span class='ocrx_word' id='word_1_123' title='bbox 902 950 1013 986; x_wconf 82' lang='lat' dir='ltr'><strong>Apollo,</strong></span> 
     </span>
    </p>
   </div>
   <div class='ocr_carea' id='block_1_19' title="bbox 218 994 1015 1031">
    <p class='ocr_par' dir='ltr' id='par_1_19' title="bbox 218 994 1015 1031">
     <span class='ocr_line' id='line_1_19' title="bbox 218 994 1015 1031; baseline -0.001 -7"><span class='ocrx_word' id='word_1_124' title='bbox 218 996 274 1024; x_wconf 88' lang='lat' dir='ltr'><strong>sive</strong></span> <span class='ocrx_word' id='word_1_125' title='bbox 293 995 408 1031; x_wconf 91' lang='lat' dir='ltr'><strong>Cephas.</strong></span> <span class='ocrx_word' id='word_1_126' title='bbox 436 1006 449 1019; x_wconf 76' lang='grc' dir='ltr'><strong>ι</strong></span> <span class='ocrx_word' id='word_1_127' title='bbox 479 995 546 1022; x_wconf 64' lang='lat' dir='ltr'><strong>Haec</strong></span> <span class='ocrx_word' id='word_1_128' title='bbox 573 994 678 1023; x_wconf 82' lang='lat' dir='ltr'><strong>videtur</strong></span> <span class='ocrx_word' id='word_1_129' title='bbox 701 995 736 1023; x_wconf 84' lang='lat' dir='ltr'><strong>ad</strong></span> <span class='ocrx_word' id='word_1_130' title='bbox 751 995 878 1023; x_wconf 88' lang='lat' dir='ltr'><strong>subditos</strong></span> <span class='ocrx_word' id='word_1_131' title='bbox 904 995 1015 1031; x_wconf 90' lang='lat' dir='ltr'><strong>quidem</strong></span> 
     </span>
    </p>
   </div>
   <div class='ocr_carea' id='block_1_20' title="bbox 219 1039 1015 1076">
    <p class='ocr_par' dir='ltr' id='par_1_20' title="bbox 219 1039 1015 1076">
     <span class='ocr_line' id='line_1_20' title="bbox 219 1039 1015 1076; baseline -0.003 -6"><span class='ocrx_word' id='word_1_132' title='bbox 219 1041 326 1076; x_wconf 82' lang='lat' dir='ltr'><strong>dicere;</strong></span> <span class='ocrx_word' id='word_1_133' title='bbox 355 1040 448 1068; x_wconf 87' lang='lat' dir='ltr'><strong>terret‘</strong></span> <span class='ocrx_word' id='word_1_134' title='bbox 465 1042 559 1068; x_wconf 86' lang='lat' dir='ltr'><strong>autem</strong></span> <span class='ocrx_word' id='word_1_135' title='bbox 587 1039 734 1076; x_wconf 85' lang='lat' dir='ltr'><strong>principes,</strong></span> <span class='ocrx_word' id='word_1_136' title='bbox 766 1040 893 1076; x_wconf 84' lang='lat' dir='ltr'><strong>inquiens</strong></span> <span class='ocrx_word' id='word_1_137' title='bbox 918 1049 924 1068; x_wconf 93' lang='lat'>:</span> <span class='ocrx_word' id='word_1_138' title='bbox 953 1041 1015 1068; x_wconf 88' lang='lat' dir='ltr'><strong>Non</strong></span> 
     </span>
    </p>
   </div>
   <div class='ocr_carea' id='block_1_21' title="bbox 219 1084 1013 1123">
    <p class='ocr_par' dir='ltr' id='par_1_21' title="bbox 219 1084 1013 1123">
     <span class='ocr_line' id='line_1_21' title="bbox 219 1084 1013 1123; baseline -0.004 -8"><span class='ocrx_word' id='word_1_139' title='bbox 219 1089 330 1123; x_wconf 87' lang='lat' dir='ltr'><strong>oportet</strong></span> <span class='ocrx_word' id='word_1_140' title='bbox 345 1093 392 1113; x_wconf 93' lang='lat' dir='ltr'><strong>vos</strong></span> <span class='ocrx_word' id='word_1_141' title='bbox 412 1084 527 1113; x_wconf 91' lang='lat' dir='ltr'><strong>omnino</strong></span> <span class='ocrx_word' id='word_1_142' title='bbox 549 1084 660 1121; x_wconf 82' lang='lat' dir='ltr'><strong>gloriari</strong></span> <span class='ocrx_word' id='word_1_143' title='bbox 687 1092 799 1121; x_wconf 90' lang='lat' dir='ltr'><strong>:neque</strong></span> <span class='ocrx_word' id='word_1_144' title='bbox 815 1085 845 1113; x_wconf 91' lang='lat' dir='ltr'><strong>in</strong></span> <span class='ocrx_word' id='word_1_145' title='bbox 870 1085 1013 1121; x_wconf 85' lang='lat' dir='ltr'><strong>sapientia,</strong></span> 
     </span>
    </p>
   </div>
   <div class='ocr_carea' id='block_1_22' title="bbox 164 1129 1014 1166">
    <p class='ocr_par' dir='ltr' id='par_1_22' title="bbox 164 1129 1014 1166">
     <span class='ocr_line' id='line_1_22' title="bbox 164 1129 1014 1166; baseline -0.002 -7"><span class='ocrx_word' id='word_1_146' title='bbox 164 1131 167 1134; x_wconf 63' lang='grc'><em>⁴</em></span> <span class='ocrx_word' id='word_1_147' title='bbox 220 1131 338 1160; x_wconf 79' lang='lat' dir='ltr'><strong>stultitia</strong></span> <span class='ocrx_word' id='word_1_148' title='bbox 353 1129 428 1159; x_wconf 85' lang='lat' dir='ltr'><strong>enim</strong></span> <span class='ocrx_word' id='word_1_149' title='bbox 443 1133 485 1158; x_wconf 85' lang='lat' dir='ltr'><strong>est</strong></span> <span class='ocrx_word' id='word_1_150' title='bbox 498 1138 506 1156; x_wconf 88' lang='lat'><strong>:</strong></span> <span class='ocrx_word' id='word_1_151' title='bbox 532 1137 621 1166; x_wconf 89' lang='lat' dir='ltr'><strong>neque</strong></span> <span class='ocrx_word' id='word_1_152' title='bbox 645 1129 682 1158; x_wconf 89' lang='lat' dir='ltr'><strong>ob</strong></span> <span class='ocrx_word' id='word_1_153' title='bbox 697 1129 848 1166; x_wconf 91' lang='lat' dir='ltr'><strong>spiritualia</strong></span> <span class='ocrx_word' id='word_1_154' title='bbox 863 1129 950 1164; x_wconf 88' lang='lat' dir='ltr'><strong>dona,</strong></span> <span class='ocrx_word' id='word_1_155' title='bbox 966 1129 1014 1158; x_wconf 89' lang='lat' dir='ltr'><strong>Dei</strong></span> 
     </span>
    </p>
   </div>
   <div class='ocr_carea' id='block_1_23' title="bbox 217 1174 1014 1211">
    <p class='ocr_par' dir='ltr' id='par_1_23' title="bbox 217 1174 1014 1211">
     <span class='ocr_line' id='line_1_23' title="bbox 217 1174 1014 1211; baseline -0.003 -6"><span class='ocrx_word' id='word_1_156' title='bbox 217 1177 293 1205; x_wconf 89' lang='lat' dir='ltr'><strong>enim</strong></span> <span class='ocrx_word' id='word_1_157' title='bbox 323 1179 402 1209; x_wconf 84' lang='lat' dir='ltr'><strong>sunt,</strong></span> <span class='ocrx_word' id='word_1_158' title='bbox 430 1183 462 1204; x_wconf 89' lang='lat' dir='ltr'><strong>ac</strong></span> <span class='ocrx_word' id='word_1_159' title='bbox 488 1178 600 1211; x_wconf 88' lang='lat' dir='ltr'><strong>propter</strong></span> <span class='ocrx_word' id='word_1_160' title='bbox 629 1174 757 1203; x_wconf 87' lang='lat' dir='ltr'><strong>subditos</strong></span> <span class='ocrx_word' id='word_1_161' title='bbox 783 1174 844 1204; x_wconf 56' lang='lat' dir='ltr'><strong>haec</strong></span> <span class='ocrx_word' id='word_1_162' title='bbox 866 1174 1014 1203; x_wconf 84' lang='lat' dir='ltr'><strong>donantur.</strong></span> 
     </span>
    </p>
   </div>
   <div class='ocr_carea' id='block_1_24' title="bbox 219 1219 1014 1258">
    <p class='ocr_par' dir='ltr' id='par_1_24' title="bbox 219 1219 1014 1258">
     <span class='ocr_line' id='line_1_24' title="bbox 219 1219 1014 1258; baseline -0.003 -9"><span class='ocrx_word' id='word_1_163' title='bbox 219 1223 309 1258; x_wconf 80' lang='lat' dir='ltr'><strong>Atque</strong></span> <span class='ocrx_word' id='word_1_164' title='bbox 318 1220 370 1249; x_wconf 91' lang='lat' dir='ltr'><strong>hoc</strong></span> <span class='ocrx_word' id='word_1_165' title='bbox 381 1219 505 1257; x_wconf 87' lang='lat' dir='ltr'><strong>estquod</strong></span> <span class='ocrx_word' id='word_1_166' title='bbox 516 1220 555 1248; x_wconf 86' lang='lat' dir='ltr'><strong>ait</strong></span> <span class='ocrx_word' id='word_1_167' title='bbox 565 1230 572 1248; x_wconf 85' lang='lat'><strong>:</strong></span> <span class='ocrx_word' id='word_1_168' title='bbox 587 1230 601 1244; x_wconf 73' lang='grc' dir='ltr'><strong>α</strong></span> <span class='ocrx_word' id='word_1_169' title='bbox 613 1219 714 1248; x_wconf 85' lang='lat' dir='ltr'><strong>Omnia</strong></span> <span class='ocrx_word' id='word_1_170' title='bbox 723 1219 799 1248; x_wconf 86' lang='lat' dir='ltr'><strong>enim</strong></span> <span class='ocrx_word' id='word_1_171' title='bbox 812 1223 903 1248; x_wconf 87' lang='lat' dir='ltr'><strong>vestra</strong></span> <span class='ocrx_word' id='word_1_172' title='bbox 916 1223 990 1252; x_wconf 85' lang='lat' dir='ltr'><strong>sunt,</strong></span> <span class='ocrx_word' id='word_1_173' title='bbox 1003 1231 1014 1244; x_wconf 75' lang='grc' dir='ltr'><strong>ι</strong></span> 
     </span>
    </p>
   </div>
   <div class='ocr_carea' id='block_1_25' title="bbox 219 1265 1016 1302">
    <p class='ocr_par' dir='ltr' id='par_1_25' title="bbox 219 1265 1016 1302">
     <span class='ocr_line' id='line_1_25' title="bbox 219 1265 1016 1302; baseline -0.004 -6"><span class='ocrx_word' id='word_1_174' title='bbox 219 1267 272 1295; x_wconf 85' lang='lat' dir='ltr'><strong>hoc</strong></span> <span class='ocrx_word' id='word_1_175' title='bbox 286 1270 337 1300; x_wconf 90' lang='lat' dir='ltr'><strong>est,</strong></span> <span class='ocrx_word' id='word_1_176' title='bbox 352 1265 425 1302; x_wconf 88' lang='lat' dir='ltr'><strong>Quid</strong></span> <span class='ocrx_word' id='word_1_177' title='bbox 434 1265 563 1294; x_wconf 91' lang='lat' dir='ltr'><strong>doctores</strong></span> <span class='ocrx_word' id='word_1_178' title='bbox 577 1265 660 1293; x_wconf 87' lang='lat' dir='ltr'><strong>vestri</strong></span> <span class='ocrx_word' id='word_1_179' title='bbox 672 1265 843 1301; x_wconf 81' lang='lat' dir='ltr'><strong>superbiunt.</strong></span> <span class='ocrx_word' id='word_1_180' title='bbox 859 1273 908 1293; x_wconf 88' lang='lat' dir='ltr'><strong>vos</strong></span> <span class='ocrx_word' id='word_1_181' title='bbox 920 1269 1016 1293; x_wconf 88' lang='lat' dir='ltr'><strong>autem</strong></span> 
     </span>
    </p>
   </div>
   <div class='ocr_carea' id='block_1_26' title="bbox 217 1309 1016 1346">
    <p class='ocr_par' dir='ltr' id='par_1_26' title="bbox 217 1309 1016 1346">
     <span class='ocr_line' id='line_1_26' title="bbox 217 1309 1016 1346; baseline -0.004 -6"><span class='ocrx_word' id='word_1_182' title='bbox 217 1311 320 1340; x_wconf 83' lang='lat' dir='ltr'><strong>inﬂatis</strong></span> <span class='ocrx_word' id='word_1_183' title='bbox 334 1319 382 1339; x_wconf 92' lang='lat' dir='ltr'><strong>eos</strong></span> <span class='ocrx_word' id='word_1_184' title='bbox 392 1315 420 1339; x_wconf 91' lang='lat' dir='ltr'><strong>et</strong></span> <span class='ocrx_word' id='word_1_185' title='bbox 431 1310 576 1338; x_wconf 77' lang='lat' dir='ltr'><strong>attollitis?</strong></span> <span class='ocrx_word' id='word_1_186' title='bbox 585 1311 647 1338; x_wconf 88' lang='lat' dir='ltr'><strong>Non</strong></span> <span class='ocrx_word' id='word_1_187' title='bbox 662 1310 736 1338; x_wconf 89' lang='lat' dir='ltr'><strong>enim</strong></span> <span class='ocrx_word' id='word_1_188' title='bbox 749 1310 892 1346; x_wconf 91' lang='lat' dir='ltr'><strong>proprium</strong></span> <span class='ocrx_word' id='word_1_189' title='bbox 915 1309 1016 1346; x_wconf 90' lang='lat' dir='ltr'><strong>aliquid</strong></span> 
     </span>
    </p>
   </div>
   <div class='ocr_carea' id='block_1_27' title="bbox 220 1354 1015 1391">
    <p class='ocr_par' dir='ltr' id='par_1_27' title="bbox 220 1354 1015 1391">
     <span class='ocr_line' id='line_1_27' title="bbox 220 1354 1015 1391; baseline -0.004 -6"><span class='ocrx_word' id='word_1_190' title='bbox 220 1356 333 1390; x_wconf 87' lang='lat' dir='ltr'><strong>habent,</strong></span> <span class='ocrx_word' id='word_1_191' title='bbox 349 1355 397 1384; x_wconf 90' lang='lat' dir='ltr'><strong>sed</strong></span> <span class='ocrx_word' id='word_1_192' title='bbox 410 1360 499 1384; x_wconf 87' lang='lat' dir='ltr'><strong>vestra</strong></span> <span class='ocrx_word' id='word_1_193' title='bbox 518 1359 583 1383; x_wconf 88' lang='lat' dir='ltr'><strong>sunt</strong></span> <span class='ocrx_word' id='word_1_194' title='bbox 597 1363 658 1391; x_wconf 64' lang='lat' dir='ltr'><strong>quae</strong></span> <span class='ocrx_word' id='word_1_195' title='bbox 670 1355 706 1382; x_wconf 95' lang='lat' dir='ltr'><strong>illi</strong></span> <span class='ocrx_word' id='word_1_196' title='bbox 721 1355 834 1388; x_wconf 88' lang='lat' dir='ltr'><strong>habent,</strong></span> <span class='ocrx_word' id='word_1_197' title='bbox 849 1354 885 1383; x_wconf 90' lang='lat' dir='ltr'><strong>ob</strong></span> <span class='ocrx_word' id='word_1_198' title='bbox 898 1359 1015 1383; x_wconf 86' lang='lat' dir='ltr'><strong>vestram</strong></span> 
     </span>
    </p>
   </div>
   <div class='ocr_carea' id='block_1_28' title="bbox 221 1399 1016 1436">
    <p class='ocr_par' dir='ltr' id='par_1_28' title="bbox 221 1399 1016 1436">
     <span class='ocr_line' id='line_1_28' title="bbox 221 1399 1016 1436; baseline -0.004 -6"><span class='ocrx_word' id='word_1_199' title='bbox 221 1401 449 1430; x_wconf 87' lang='lat' dir='ltr'><strong>commoditatem</strong></span> <span class='ocrx_word' id='word_1_200' title='bbox 471 1400 534 1428; x_wconf 85' lang='lat' dir='ltr'><strong>data</strong></span> <span class='ocrx_word' id='word_1_201' title='bbox 556 1400 630 1436; x_wconf 89' lang='lat' dir='ltr'><strong>ipsis,</strong></span> <span class='ocrx_word' id='word_1_202' title='bbox 645 1404 673 1428; x_wconf 88' lang='lat' dir='ltr'><strong>et</strong></span> <span class='ocrx_word' id='word_1_203' title='bbox 694 1399 775 1428; x_wconf 81' lang='lat' dir='ltr'><strong>vobis</strong></span> <span class='ocrx_word' id='word_1_204' title='bbox 788 1400 878 1436; x_wconf 86' lang='lat' dir='ltr'><strong>potius</strong></span> <span class='ocrx_word' id='word_1_205' title='bbox 889 1399 926 1427; x_wconf 90' lang='lat' dir='ltr'><strong>illi</strong></span> <span class='ocrx_word' id='word_1_206' title='bbox 954 1407 1016 1435; x_wconf 84' lang='lat' dir='ltr'><strong>gra-</strong></span> 
     </span>
    </p>
   </div>
   <div class='ocr_carea' id='block_1_29' title="bbox 219 1444 1018 1483">
    <p class='ocr_par' dir='ltr' id='par_1_29' title="bbox 219 1444 1018 1483">
     <span class='ocr_line' id='line_1_29' title="bbox 219 1444 1018 1483; baseline -0.004 -9"><span class='ocrx_word' id='word_1_207' title='bbox 219 1446 272 1475; x_wconf 87' lang='lat' dir='ltr'><strong>tias</strong></span> <span class='ocrx_word' id='word_1_208' title='bbox 284 1454 364 1483; x_wconf 85' lang='lat' dir='ltr'><strong>agcre</strong></span> <span class='ocrx_word' id='word_1_209' title='bbox 373 1445 483 1474; x_wconf 84' lang='lat' dir='ltr'><strong>debent.</strong></span> <span class='ocrx_word' id='word_1_210' title='bbox 500 1447 608 1473; x_wconf 83' lang='lat' dir='ltr'><strong>Rursus</strong></span> <span class='ocrx_word' id='word_1_211' title='bbox 629 1448 722 1472; x_wconf 91' lang='lat' dir='ltr'><strong>autem</strong></span> <span class='ocrx_word' id='word_1_212' title='bbox 747 1444 878 1481; x_wconf 89' lang='lat' dir='ltr'><strong>suiipsius</strong></span> <span class='ocrx_word' id='word_1_213' title='bbox 893 1444 1018 1472; x_wconf 90' lang='lat' dir='ltr'><strong>meminit</strong></span> 
     </span>
    </p>
   </div>
   <div class='ocr_carea' id='block_1_30' title="bbox 219 1489 1015 1525">
    <p class='ocr_par' dir='ltr' id='par_1_30' title="bbox 219 1489 1015 1525">
     <span class='ocr_line' id='line_1_30' title="bbox 219 1489 1015 1525; baseline -0.005 -5"><span class='ocrx_word' id='word_1_214' title='bbox 219 1495 247 1520; x_wconf 88' lang='lat' dir='ltr'><strong>et</strong></span> <span class='ocrx_word' id='word_1_215' title='bbox 260 1491 344 1524; x_wconf 86' lang='lat' dir='ltr'><strong>Petri,</strong></span> <span class='ocrx_word' id='word_1_216' title='bbox 358 1495 388 1519; x_wconf 94' lang='lat' dir='ltr'><strong>ut</strong></span> <span class='ocrx_word' id='word_1_217' title='bbox 407 1490 500 1518; x_wconf 85' lang='lat' dir='ltr'><strong>minus</strong></span> <span class='ocrx_word' id='word_1_218' title='bbox 516 1493 588 1517; x_wconf 89' lang='lat' dir='ltr'><strong>esset</strong></span> <span class='ocrx_word' id='word_1_219' title='bbox 606 1489 755 1523; x_wconf 87' lang='lat' dir='ltr'><strong>molestus,</strong></span> <span class='ocrx_word' id='word_1_220' title='bbox 772 1493 857 1525; x_wconf 87' lang='lat' dir='ltr'><strong>utque</strong></span> <span class='ocrx_word' id='word_1_221' title='bbox 879 1489 1015 1522; x_wconf 83' lang='lat' dir='ltr'><strong>ostendat,</strong></span> 
     </span>
    </p>
   </div>
   <div class='ocr_carea' id='block_1_31' title="bbox 217 1533 1016 1573">
    <p class='ocr_par' dir='ltr' id='par_1_31' title="bbox 217 1533 1016 1573">
     <span class='ocr_line' id='line_1_31' title="bbox 217 1533 1016 1573; baseline -0.005 -8"><span class='ocrx_word' id='word_1_222' title='bbox 217 1536 292 1573; x_wconf 89' lang='lat' dir='ltr'><strong>quod</strong></span> <span class='ocrx_word' id='word_1_223' title='bbox 314 1536 336 1564; x_wconf 91' lang='lat' dir='ltr'><strong>si</strong></span> <span class='ocrx_word' id='word_1_224' title='bbox 357 1543 408 1564; x_wconf 90' lang='lat' dir='ltr'><strong>nos</strong></span> <span class='ocrx_word' id='word_1_225' title='bbox 433 1534 515 1562; x_wconf 86' lang='lat' dir='ltr'><strong>vestri</strong></span> <span class='ocrx_word' id='word_1_226' title='bbox 530 1542 612 1562; x_wconf 84' lang='lat' dir='ltr'><strong>causa</strong></span> <span class='ocrx_word' id='word_1_227' title='bbox 634 1534 818 1569; x_wconf 87' lang='lat' dir='ltr'><strong>acceperimus</strong></span> <span class='ocrx_word' id='word_1_228' title='bbox 844 1533 1016 1567; x_wconf 83' lang='lat' dir='ltr'><strong>charismata,</strong></span> 
     </span>
    </p>
   </div>
   <div class='ocr_carea' id='block_1_32' title="bbox 218 1578 1017 1615">
    <p class='ocr_par' dir='ltr' id='par_1_32' title="bbox 218 1578 1017 1615">
     <span class='ocr_line' id='line_1_32' title="bbox 218 1578 1017 1615; baseline -0.004 -6"><span class='ocrx_word' id='word_1_229' title='bbox 218 1589 250 1610; x_wconf 91' lang='lat' dir='ltr'><strong>ac</strong></span> <span class='ocrx_word' id='word_1_230' title='bbox 261 1581 345 1609; x_wconf 87' lang='lat' dir='ltr'><strong>vestri</strong></span> <span class='ocrx_word' id='word_1_231' title='bbox 359 1587 441 1608; x_wconf 87' lang='lat' dir='ltr'><strong>causa</strong></span> <span class='ocrx_word' id='word_1_232' title='bbox 454 1587 506 1607; x_wconf 91' lang='lat' dir='ltr'><strong>nos</strong></span> <span class='ocrx_word' id='word_1_233' title='bbox 518 1579 645 1607; x_wconf 87' lang='lat' dir='ltr'><strong>doctores</strong></span> <span class='ocrx_word' id='word_1_234' title='bbox 653 1578 787 1615; x_wconf 87' lang='lat' dir='ltr'><strong>designati</strong></span> <span class='ocrx_word' id='word_1_235' title='bbox 797 1586 910 1613; x_wconf 88' lang='lat' dir='ltr'><strong>sumus;</strong></span> <span class='ocrx_word' id='word_1_236' title='bbox 928 1579 1017 1607; x_wconf 83' lang='lat' dir='ltr'><strong>multo</strong></span> 
     </span>
    </p>
   </div>
   <div class='ocr_carea' id='block_1_33' title="bbox 221 1623 1017 1662">
    <p class='ocr_par' dir='ltr' id='par_1_33' title="bbox 221 1623 1017 1662">
     <span class='ocr_line' id='line_1_33' title="bbox 221 1623 1017 1662; baseline -0.003 -8"><span class='ocrx_word' id='word_1_237' title='bbox 221 1626 311 1662; x_wconf 78' lang='lat' dir='ltr'><strong>magis</strong></span> <span class='ocrx_word' id='word_1_238' title='bbox 333 1625 364 1657; x_wconf 91' lang='lat' dir='ltr'><strong>ii,</strong></span> <span class='ocrx_word' id='word_1_239' title='bbox 380 1624 424 1660; x_wconf 90' lang='lat' dir='ltr'><strong>qui</strong></span> <span class='ocrx_word' id='word_1_240' title='bbox 449 1631 523 1651; x_wconf 89' lang='lat' dir='ltr'><strong>nunc</strong></span> <span class='ocrx_word' id='word_1_241' title='bbox 541 1628 606 1652; x_wconf 88' lang='lat' dir='ltr'><strong>sunt</strong></span> <span class='ocrx_word' id='word_1_242' title='bbox 619 1623 747 1651; x_wconf 86' lang='lat' dir='ltr'><strong>doctores</strong></span> <span class='ocrx_word' id='word_1_243' title='bbox 769 1623 865 1657; x_wconf 86' lang='lat' dir='ltr'><strong>vestri,</strong></span> <span class='ocrx_word' id='word_1_244' title='bbox 880 1623 915 1651; x_wconf 90' lang='lat' dir='ltr'><strong>de</strong></span> <span class='ocrx_word' id='word_1_245' title='bbox 936 1623 1017 1652; x_wconf 81' lang='lat' dir='ltr'><strong>donis</strong></span> 
     </span>
    </p>
   </div>
   <div class='ocr_carea' id='block_1_34' title="bbox 221 1667 1016 1706">
    <p class='ocr_par' dir='ltr' id='par_1_34' title="bbox 221 1667 1016 1706">
     <span class='ocr_line' id='line_1_34' title="bbox 221 1667 1016 1706; baseline -0.003 -8"><span class='ocrx_word' id='word_1_246' title='bbox 221 1668 418 1706; x_wconf 85' lang='lat' dir='ltr'><strong>spiritualibus,</strong></span> <span class='ocrx_word' id='word_1_247' title='bbox 441 1672 571 1704; x_wconf 88' lang='lat' dir='ltr'><strong>tanquam</strong></span> <span class='ocrx_word' id='word_1_248' title='bbox 583 1668 617 1696; x_wconf 89' lang='lat' dir='ltr'><strong>de</strong></span> <span class='ocrx_word' id='word_1_249' title='bbox 640 1667 757 1704; x_wconf 84' lang='lat' dir='ltr'><strong>propriis</strong></span> <span class='ocrx_word' id='word_1_250' title='bbox 771 1668 912 1704; x_wconf 81' lang='lat' dir='ltr'><strong>operibus,</strong></span> <span class='ocrx_word' id='word_1_251' title='bbox 924 1667 1016 1696; x_wconf 83' lang='lat' dir='ltr'><strong>efferri</strong></span> 
     </span>
    </p>
   </div>
   <div class='ocr_carea' id='block_1_35' title="bbox 221 1712 747 1746">
    <p class='ocr_par' dir='ltr' id='par_1_35' title="bbox 221 1712 747 1746">
     <span class='ocr_line' id='line_1_35' title="bbox 221 1712 747 1746; baseline -0.006 -3"><span class='ocrx_word' id='word_1_252' title='bbox 221 1722 277 1743; x_wconf 91' lang='lat' dir='ltr'><strong>non</strong></span> <span class='ocrx_word' id='word_1_253' title='bbox 291 1713 402 1746; x_wconf 78' lang='lat' dir='ltr'><strong>debent,</strong></span> <span class='ocrx_word' id='word_1_254' title='bbox 413 1721 477 1742; x_wconf 89' lang='lat' dir='ltr'><strong>cum</strong></span> <span class='ocrx_word' id='word_1_255' title='bbox 493 1713 580 1741; x_wconf 88' lang='lat' dir='ltr'><strong>aliena</strong></span> <span class='ocrx_word' id='word_1_256' title='bbox 590 1712 663 1741; x_wconf 88' lang='lat' dir='ltr'><strong>bona</strong></span> <span class='ocrx_word' id='word_1_257' title='bbox 682 1712 747 1741; x_wconf 86' lang='lat' dir='ltr'><strong>sint.</strong></span> 
     </span>
    </p>
   </div>
   <div class='ocr_carea' id='block_1_36' title="bbox 257 1758 1016 1792">
    <p class='ocr_par' dir='ltr' id='par_1_36' title="bbox 257 1758 1016 1792">
     <span class='ocr_line' id='line_1_36' title="bbox 257 1758 1016 1792; baseline 0 -4"><span class='ocrx_word' id='word_1_258' title='bbox 257 1761 348 1788; x_wconf 67' lang='lat' dir='ltr'><strong>Vnus.</strong></span> <span class='ocrx_word' id='word_1_259' title='bbox 367 1761 412 1786; x_wconf 80' lang='lat'><strong>22.</strong></span> <span class='ocrx_word' id='word_1_260' title='bbox 431 1770 443 1783; x_wconf 75' lang='grc' dir='ltr'><strong>α</strong></span> <span class='ocrx_word' id='word_1_261' title='bbox 457 1758 518 1786; x_wconf 91' lang='lat' dir='ltr'><strong>Sive</strong></span> <span class='ocrx_word' id='word_1_262' title='bbox 542 1758 673 1792; x_wconf 87' lang='lat' dir='ltr'><strong>mundus,</strong></span> <span class='ocrx_word' id='word_1_263' title='bbox 693 1758 755 1786; x_wconf 86' lang='lat' dir='ltr'><strong>sive</strong></span> <span class='ocrx_word' id='word_1_264' title='bbox 768 1758 834 1792; x_wconf 88' lang='lat' dir='ltr'><strong>vita,</strong></span> <span class='ocrx_word' id='word_1_265' title='bbox 861 1758 918 1786; x_wconf 90' lang='lat' dir='ltr'><strong>sive</strong></span> <span class='ocrx_word' id='word_1_266' title='bbox 932 1766 1016 1792; x_wconf 84' lang='lat' dir='ltr'><strong>mors,</strong></span> 
     </span>
    </p>
   </div>
   <div class='ocr_carea' id='block_1_37' title="bbox 220 1805 670 1843">
    <p class='ocr_par' dir='ltr' id='par_1_37' title="bbox 220 1805 670 1843">
     <span class='ocr_line' id='line_1_37' title="bbox 220 1805 670 1843; baseline -0.004 -8"><span class='ocrx_word' id='word_1_267' title='bbox 220 1807 277 1836; x_wconf 89' lang='lat' dir='ltr'><strong>sive</strong></span> <span class='ocrx_word' id='word_1_268' title='bbox 305 1806 462 1843; x_wconf 67' lang='lat' dir='ltr'><strong>praesentia,</strong></span> <span class='ocrx_word' id='word_1_269' title='bbox 486 1805 543 1834; x_wconf 87' lang='lat' dir='ltr'><strong>sive</strong></span> <span class='ocrx_word' id='word_1_270' title='bbox 568 1805 670 1834; x_wconf 79' lang='lat' dir='ltr'><strong>futura.</strong></span> 
     </span>
    </p>
   </div>
   <div class='ocr_carea' id='block_1_38' title="bbox 220 1852 1017 1890">
    <p class='ocr_par' dir='ltr' id='par_1_38' title="bbox 220 1852 1017 1890">
     <span class='ocr_line' id='line_1_38' title="bbox 220 1852 1017 1890; baseline -0.003 -7"><span class='ocrx_word' id='word_1_271' title='bbox 220 1854 369 1883; x_wconf 90' lang='lat' dir='ltr'><strong>doctorum</strong></span> <span class='ocrx_word' id='word_1_272' title='bbox 392 1857 502 1890; x_wconf 88' lang='lat' dir='ltr'><strong>propter</strong></span> <span class='ocrx_word' id='word_1_273' title='bbox 525 1860 575 1882; x_wconf 83' lang='lat' dir='ltr'><strong>vos</strong></span> <span class='ocrx_word' id='word_1_274' title='bbox 594 1857 644 1889; x_wconf 87' lang='lat' dir='ltr'><strong>est,</strong></span> <span class='ocrx_word' id='word_1_275' title='bbox 668 1856 699 1881; x_wconf 91' lang='lat' dir='ltr'><strong>ut</strong></span> <span class='ocrx_word' id='word_1_276' title='bbox 717 1852 794 1881; x_wconf 87' lang='lat' dir='ltr'><strong>vobis</strong></span> <span class='ocrx_word' id='word_1_277' title='bbox 817 1853 933 1889; x_wconf 84' lang='lat' dir='ltr'><strong>prosint,</strong></span> <span class='ocrx_word' id='word_1_278' title='bbox 949 1853 1017 1881; x_wconf 91' lang='lat' dir='ltr'><strong>dum</strong></span> 
     </span>
    </p>
   </div>
   <div class='ocr_carea' id='block_1_39' title="bbox 219 1897 1018 1934">
    <p class='ocr_par' dir='ltr' id='par_1_39' title="bbox 219 1897 1018 1934">
     <span class='ocr_line' id='line_1_39' title="bbox 219 1897 1018 1934; baseline -0.003 -6"><span class='ocrx_word' id='word_1_279' title='bbox 219 1899 394 1928; x_wconf 81' lang='lat' dir='ltr'><strong>instituimini</strong></span> <span class='ocrx_word' id='word_1_280' title='bbox 409 1899 443 1927; x_wconf 90' lang='lat' dir='ltr'><strong>ab</strong></span> <span class='ocrx_word' id='word_1_281' title='bbox 469 1897 509 1927; x_wconf 88' lang='lat' dir='ltr'><strong>eis</strong></span> <span class='ocrx_word' id='word_1_282' title='bbox 536 1907 543 1925; x_wconf 87' lang='lat'><strong>:</strong></span> <span class='ocrx_word' id='word_1_283' title='bbox 559 1906 590 1926; x_wconf 89' lang='lat' dir='ltr'><strong>ac</strong></span> <span class='ocrx_word' id='word_1_284' title='bbox 604 1906 680 1927; x_wconf 91' lang='lat' dir='ltr'><strong>mors</strong></span> <span class='ocrx_word' id='word_1_285' title='bbox 700 1898 826 1934; x_wconf 90' lang='lat' dir='ltr'><strong>ipsorum</strong></span> <span class='ocrx_word' id='word_1_286' title='bbox 851 1902 893 1926; x_wconf 91' lang='lat' dir='ltr'><strong>est</strong></span> <span class='ocrx_word' id='word_1_287' title='bbox 908 1902 1018 1934; x_wconf 85' lang='lat' dir='ltr'><strong>propter</strong></span> 
     </span>
    </p>
   </div>
   <div class='ocr_carea' id='block_1_40' title="bbox 218 1943 1017 1981">
    <p class='ocr_par' dir='ltr' id='par_1_40' title="bbox 218 1943 1017 1981">
     <span class='ocr_line' id='line_1_40' title="bbox 218 1943 1017 1981; baseline -0.004 -7"><span class='ocrx_word' id='word_1_288' title='bbox 218 1953 265 1974; x_wconf 87' lang='lat' dir='ltr'><strong>vos</strong></span> <span class='ocrx_word' id='word_1_289' title='bbox 281 1955 287 1973; x_wconf 72' lang='grc' dir='ltr'>ε</span> <span class='ocrx_word' id='word_1_290' title='bbox 304 1949 416 1981; x_wconf 86' lang='lat' dir='ltr'><strong>propter</strong></span> <span class='ocrx_word' id='word_1_291' title='bbox 430 1952 478 1972; x_wconf 89' lang='lat' dir='ltr'><strong>vos</strong></span> <span class='ocrx_word' id='word_1_292' title='bbox 489 1944 564 1972; x_wconf 88' lang='lat' dir='ltr'><strong>enim</strong></span> <span class='ocrx_word' id='word_1_293' title='bbox 574 1948 749 1979; x_wconf 85' lang='lat' dir='ltr'><strong>vestramque</strong></span> <span class='ocrx_word' id='word_1_294' title='bbox 771 1943 888 1971; x_wconf 86' lang='lat' dir='ltr'><strong>salutem</strong></span> <span class='ocrx_word' id='word_1_295' title='bbox 899 1943 1017 1980; x_wconf 86' lang='lat' dir='ltr'><strong>pericula</strong></span> 
     </span>
    </p>
   </div>
   <div class='ocr_carea' id='block_1_41' title="bbox 219 1988 1016 2023">
    <p class='ocr_par' dir='ltr' id='par_1_41' title="bbox 219 1988 1016 2023">
     <span class='ocr_line' id='line_1_41' title="bbox 219 1988 1016 2023; baseline -0.003 -5"><span class='ocrx_word' id='word_1_296' title='bbox 219 1990 345 2018; x_wconf 87' lang='lat' dir='ltr'><strong>subeunt.</strong></span> <span class='ocrx_word' id='word_1_297' title='bbox 361 1989 411 2017; x_wconf 84' lang='lat' dir='ltr'><strong>Vel</strong></span> <span class='ocrx_word' id='word_1_298' title='bbox 426 1989 503 2017; x_wconf 88' lang='lat' dir='ltr'><strong>aliter</strong></span> <span class='ocrx_word' id='word_1_299' title='bbox 517 1997 524 2016; x_wconf 89' lang='lat'><strong>:</strong></span> <span class='ocrx_word' id='word_1_300' title='bbox 538 1989 574 2016; x_wconf 90' lang='lat' dir='ltr'><strong>Et</strong></span> <span class='ocrx_word' id='word_1_301' title='bbox 585 1988 686 2016; x_wconf 82' lang='lat' dir='ltr'><strong>Adami</strong></span> <span class='ocrx_word' id='word_1_302' title='bbox 697 1991 822 2021; x_wconf 82' lang='lat' dir='ltr'><strong>morsest</strong></span> <span class='ocrx_word' id='word_1_303' title='bbox 834 1991 944 2023; x_wconf 83' lang='lat' dir='ltr'><strong>propter</strong></span> <span class='ocrx_word' id='word_1_304' title='bbox 959 1996 1016 2022; x_wconf 92' lang='lat' dir='ltr'><strong>vos,</strong></span> 
     </span>
    </p>
   </div>
   <div class='ocr_carea' id='block_1_42' title="bbox 219 2032 1014 2066">
    <p class='ocr_par' dir='ltr' id='par_1_42' title="bbox 219 2032 1014 2066">
     <span class='ocr_line' id='line_1_42' title="bbox 219 2032 1014 2066; baseline -0.004 -3"><span class='ocrx_word' id='word_1_305' title='bbox 219 2039 251 2063; x_wconf 92' lang='lat' dir='ltr'><strong>ut</strong></span> <span class='ocrx_word' id='word_1_306' title='bbox 268 2033 449 2062; x_wconf 86' lang='lat' dir='ltr'><strong>modestiores</strong></span> <span class='ocrx_word' id='word_1_307' title='bbox 470 2032 638 2066; x_wconf 87' lang='lat' dir='ltr'><strong>reddamini;</strong></span> <span class='ocrx_word' id='word_1_308' title='bbox 651 2035 678 2060; x_wconf 86' lang='lat' dir='ltr'><strong>et</strong></span> <span class='ocrx_word' id='word_1_309' title='bbox 691 2032 801 2066; x_wconf 85' lang='lat' dir='ltr'><strong>Christi,</strong></span> <span class='ocrx_word' id='word_1_310' title='bbox 812 2036 844 2060; x_wconf 87' lang='lat' dir='ltr'><strong>ut</strong></span> <span class='ocrx_word' id='word_1_311' title='bbox 859 2033 1014 2061; x_wconf 88' lang='lat' dir='ltr'><strong>servemini.</strong></span> 
     </span>
    </p>
   </div>
   <div class='ocr_carea' id='block_1_43' title="bbox 219 2076 1016 2114">
    <p class='ocr_par' dir='ltr' id='par_1_43' title="bbox 219 2076 1016 2114">
     <span class='ocr_line' id='line_1_43' title="bbox 219 2076 1016 2114; baseline -0.001 -8"><span class='ocrx_word' id='word_1_312' title='bbox 219 2079 260 2106; x_wconf 82' lang='lat' dir='ltr'><strong>Ac</strong></span> <span class='ocrx_word' id='word_1_313' title='bbox 273 2078 434 2114; x_wconf 88' lang='lat' dir='ltr'><strong>simpliciter</strong></span> <span class='ocrx_word' id='word_1_314' title='bbox 457 2077 602 2105; x_wconf 87' lang='lat' dir='ltr'><strong>universus</strong></span> <span class='ocrx_word' id='word_1_315' title='bbox 630 2076 752 2105; x_wconf 86' lang='lat' dir='ltr'><strong>mundus</strong></span> <span class='ocrx_word' id='word_1_316' title='bbox 775 2080 886 2112; x_wconf 89' lang='lat' dir='ltr'><strong>propter</strong></span> <span class='ocrx_word' id='word_1_317' title='bbox 901 2085 960 2111; x_wconf 89' lang='lat' dir='ltr'><strong>vos,</strong></span> <span class='ocrx_word' id='word_1_318' title='bbox 985 2082 1016 2105; x_wconf 91' lang='lat' dir='ltr'><strong>ut</strong></span> 
     </span>
    </p>
   </div>
   <div class='ocr_carea' id='block_1_44' title="bbox 221 2121 1015 2160">
    <p class='ocr_par' dir='ltr' id='par_1_44' title="bbox 221 2121 1015 2160">
     <span class='ocr_line' id='line_1_44' title="bbox 221 2121 1015 2160; baseline -0.003 -8"><span class='ocrx_word' id='word_1_319' title='bbox 221 2131 270 2160; x_wconf 87' lang='lat' dir='ltr'><strong>per</strong></span> <span class='ocrx_word' id='word_1_320' title='bbox 282 2123 374 2159; x_wconf 82' lang='lat' dir='ltr'><strong>ipsum</strong></span> <span class='ocrx_word' id='word_1_321' title='bbox 395 2122 430 2150; x_wconf 87' lang='lat' dir='ltr'><strong>ad</strong></span> <span class='ocrx_word' id='word_1_322' title='bbox 456 2126 599 2150; x_wconf 87' lang='lat' dir='ltr'><strong>auctorem</strong></span> <span class='ocrx_word' id='word_1_323' title='bbox 619 2126 647 2150; x_wconf 91' lang='lat' dir='ltr'><strong>et</strong></span> <span class='ocrx_word' id='word_1_324' title='bbox 669 2121 845 2150; x_wconf 89' lang='lat' dir='ltr'><strong>conditorem</strong></span> <span class='ocrx_word' id='word_1_325' title='bbox 866 2121 1015 2155; x_wconf 86' lang='lat' dir='ltr'><strong>ducamini,</strong></span> 
     </span>
    </p>
   </div>
   <div class='ocr_carea' id='block_1_45' title="bbox 219 2166 1016 2205">
    <p class='ocr_par' dir='ltr' id='par_1_45' title="bbox 219 2166 1016 2205">
     <span class='ocr_line' id='line_1_45' title="bbox 219 2166 1016 2205; baseline 0 -9"><span class='ocrx_word' id='word_1_326' title='bbox 219 2171 303 2205; x_wconf 87' lang='lat' dir='ltr'><strong>utque</strong></span> <span class='ocrx_word' id='word_1_327' title='bbox 320 2168 404 2204; x_wconf 86' lang='lat' dir='ltr'><strong>ipsius</strong></span> <span class='ocrx_word' id='word_1_328' title='bbox 417 2167 593 2203; x_wconf 85' lang='lat' dir='ltr'><strong>corruptione</strong></span> <span class='ocrx_word' id='word_1_329' title='bbox 610 2166 731 2194; x_wconf 86' lang='lat' dir='ltr'><strong>doctoris</strong></span> <span class='ocrx_word' id='word_1_330' title='bbox 744 2166 801 2195; x_wconf 89' lang='lat' dir='ltr'><strong>vice</strong></span> <span class='ocrx_word' id='word_1_331' title='bbox 823 2167 951 2201; x_wconf 83' lang='lat' dir='ltr'><strong>utamini,</strong></span> <span class='ocrx_word' id='word_1_332' title='bbox 982 2168 1016 2196; x_wconf 85' lang='lat' dir='ltr'><strong>ad</strong></span> 
     </span>
    </p>
   </div>
   <div class='ocr_carea' id='block_1_46' title="bbox 218 2211 1016 2247">
    <p class='ocr_par' dir='ltr' id='par_1_46' title="bbox 218 2211 1016 2247">
     <span class='ocr_line' id='line_1_46' title="bbox 218 2211 1016 2247; baseline -0.001 -6"><span class='ocrx_word' id='word_1_333' title='bbox 218 2212 383 2242; x_wconf 90' lang='lat' dir='ltr'><strong>desiderium</strong></span> <span class='ocrx_word' id='word_1_334' title='bbox 419 2219 513 2240; x_wconf 87' lang='lat' dir='ltr'><strong>rerum</strong></span> <span class='ocrx_word' id='word_1_335' title='bbox 549 2211 796 2247; x_wconf 87' lang='lat' dir='ltr'><strong>incorruptibilium</strong></span> <span class='ocrx_word' id='word_1_336' title='bbox 832 2212 1016 2241; x_wconf 83' lang='lat' dir='ltr'><strong>excitandum.</strong></span> 
     </span>
    </p>
   </div>
   <div class='ocr_carea' id='block_1_47' title="bbox 219 2256 1019 2293">
    <p class='ocr_par' dir='ltr' id='par_1_47' title="bbox 219 2256 1019 2293">
     <span class='ocr_line' id='line_1_47' title="bbox 219 2256 1019 2293; baseline 0 -7"><span class='ocrx_word' id='word_1_337' title='bbox 219 2258 368 2286; x_wconf 73' lang='lat' dir='ltr'><strong>Praesentia</strong></span> <span class='ocrx_word' id='word_1_338' title='bbox 392 2261 458 2286; x_wconf 88' lang='lat' dir='ltr'><strong>sunt</strong></span> <span class='ocrx_word' id='word_1_339' title='bbox 481 2257 564 2285; x_wconf 89' lang='lat' dir='ltr'><strong>etiam</strong></span> <span class='ocrx_word' id='word_1_340' title='bbox 590 2260 703 2293; x_wconf 86' lang='lat' dir='ltr'><strong>propter</strong></span> <span class='ocrx_word' id='word_1_341' title='bbox 725 2264 784 2292; x_wconf 85' lang='lat' dir='ltr'><strong>vos,</strong></span> <span class='ocrx_word' id='word_1_342' title='bbox 806 2256 858 2285; x_wconf 91' lang='lat' dir='ltr'><strong>hoc</strong></span> <span class='ocrx_word' id='word_1_343' title='bbox 877 2261 919 2286; x_wconf 87' lang='lat' dir='ltr'><strong>est</strong></span> <span class='ocrx_word' id='word_1_344' title='bbox 946 2257 1019 2286; x_wconf 91' lang='lat' dir='ltr'><strong>bona</strong></span> 
     </span>
    </p>
   </div>
   <div class='ocr_carea' id='block_1_48' title="bbox 218 2301 1017 2340">
    <p class='ocr_par' dir='ltr' id='par_1_48' title="bbox 218 2301 1017 2340">
     <span class='ocr_line' id='line_1_48' title="bbox 218 2301 1017 2340; baseline -0.001 -9"><span class='ocrx_word' id='word_1_345' title='bbox 218 2310 279 2339; x_wconf 65' lang='lat' dir='ltr'><strong>qua</strong></span> <span class='ocrx_word' id='word_1_346' title='bbox 289 2303 349 2340; x_wconf 87' lang='lat' dir='ltr'><strong>jam</strong></span> <span class='ocrx_word' id='word_1_347' title='bbox 358 2302 421 2331; x_wconf 91' lang='lat' dir='ltr'><strong>inde</strong></span> <span class='ocrx_word' id='word_1_348' title='bbox 429 2301 608 2330; x_wconf 86' lang='lat' dir='ltr'><strong>credentibus</strong></span> <span class='ocrx_word' id='word_1_349' title='bbox 618 2301 703 2330; x_wconf 89' lang='lat' dir='ltr'><strong>donat</strong></span> <span class='ocrx_word' id='word_1_350' title='bbox 716 2303 800 2330; x_wconf 83' lang='lat' dir='ltr'><strong>Deus.</strong></span> <span class='ocrx_word' id='word_1_351' title='bbox 815 2303 919 2331; x_wconf 86' lang='lat' dir='ltr'><strong>Futura</strong></span> <span class='ocrx_word' id='word_1_352' title='bbox 931 2302 1017 2331; x_wconf 88' lang='lat' dir='ltr'><strong>etiam</strong></span> 
     </span>
    </p>
   </div>
   <div class='ocr_carea' id='block_1_49' title="bbox 220 2350 600 2383">
    <p class='ocr_par' dir='ltr' id='par_1_49' title="bbox 220 2350 600 2383">
     <span class='ocr_line' id='line_1_49' title="bbox 220 2350 600 2383; baseline -0.003 -8"><span class='ocrx_word' id='word_1_353' title='bbox 220 2351 331 2383; x_wconf 84' lang='lat' dir='ltr'><strong>propter</strong></span> <span class='ocrx_word' id='word_1_354' title='bbox 345 2355 394 2376; x_wconf 87' lang='lat' dir='ltr'><strong>vos</strong></span> <span class='ocrx_word' id='word_1_355' title='bbox 417 2350 511 2383; x_wconf 77' lang='lat' dir='ltr'><strong>parata</strong></span> <span class='ocrx_word' id='word_1_356' title='bbox 526 2350 600 2375; x_wconf 87' lang='lat' dir='ltr'><strong>sunt.</strong></span> 
     </span>
    </p>
   </div>
   <div class='ocr_carea' id='block_1_50' title="bbox 256 2391 1016 2426">
    <p class='ocr_par' dir='ltr' id='par_1_50' title="bbox 256 2391 1016 2426">
     <span class='ocr_line' id='line_1_50' title="bbox 256 2391 1016 2426; baseline 0.001 -6"><span class='ocrx_word' id='word_1_357' title='bbox 256 2393 345 2421; x_wconf 75' lang='lat' dir='ltr'><strong>Vnns.</strong></span> <span class='ocrx_word' id='word_1_358' title='bbox 360 2394 406 2420; x_wconf 77' lang='lat'><strong>23.</strong></span> <span class='ocrx_word' id='word_1_359' title='bbox 422 2401 437 2419; x_wconf 72' lang='grc' dir='ltr'><strong>α</strong></span> <span class='ocrx_word' id='word_1_360' title='bbox 449 2392 551 2420; x_wconf 87' lang='lat' dir='ltr'><strong>Omnia</strong></span> <span class='ocrx_word' id='word_1_361' title='bbox 566 2395 655 2421; x_wconf 84' lang='lat' dir='ltr'><strong>vestra</strong></span> <span class='ocrx_word' id='word_1_362' title='bbox 668 2396 733 2420; x_wconf 87' lang='lat' dir='ltr'><strong>sunt</strong></span> <span class='ocrx_word' id='word_1_363' title='bbox 746 2400 754 2420; x_wconf 89' lang='lat'>:</span> <span class='ocrx_word' id='word_1_364' title='bbox 767 2399 814 2421; x_wconf 87' lang='lat' dir='ltr'><strong>vos</strong></span> <span class='ocrx_word' id='word_1_365' title='bbox 825 2391 1016 2426; x_wconf 81' lang='lat' dir='ltr'><strong>autem,Chri-</strong></span> 
     </span>
    </p>
   </div>
   <div class='ocr_carea' id='block_1_51' title="bbox 219 2437 1016 2474">
    <p class='ocr_par' dir='ltr' id='par_1_51' title="bbox 219 2437 1016 2474">
     <span class='ocr_line' id='line_1_51' title="bbox 219 2437 1016 2474; baseline 0 -9"><span class='ocrx_word' id='word_1_366' title='bbox 219 2437 255 2466; x_wconf 89' lang='lat' dir='ltr'><strong>sti</strong></span> <span class='ocrx_word' id='word_1_367' title='bbox 272 2446 278 2465; x_wconf 90' lang='lat'>:</span> <span class='ocrx_word' id='word_1_368' title='bbox 294 2437 420 2466; x_wconf 88' lang='lat' dir='ltr'><strong>Christus</strong></span> <span class='ocrx_word' id='word_1_369' title='bbox 449 2441 555 2471; x_wconf 87' lang='lat' dir='ltr'><strong>autem,</strong></span> <span class='ocrx_word' id='word_1_370' title='bbox 582 2437 644 2466; x_wconf 88' lang='lat' dir='ltr'><strong>Dei.</strong></span> <span class='ocrx_word' id='word_1_371' title='bbox 662 2449 675 2462; x_wconf 70' lang='grc' dir='ltr'><strong>ν</strong></span> <span class='ocrx_word' id='word_1_372' title='bbox 696 2439 761 2466; x_wconf 89' lang='lat' dir='ltr'><strong>Non</strong></span> <span class='ocrx_word' id='word_1_373' title='bbox 782 2437 1016 2474; x_wconf 86' lang='lat' dir='ltr'><strong>quemadmodum</strong></span> 
     </span>
    </p>
   </div>
   <div class='ocr_carea' id='block_1_52' title="bbox 221 2481 1016 2517">
    <p class='ocr_par' dir='ltr' id='par_1_52' title="bbox 221 2481 1016 2517">
     <span class='ocr_line' id='line_1_52' title="bbox 221 2481 1016 2517; baseline 0 -7"><span class='ocrx_word' id='word_1_374' title='bbox 221 2489 272 2510; x_wconf 87' lang='lat' dir='ltr'><strong>nos</strong></span> <span class='ocrx_word' id='word_1_375' title='bbox 286 2481 388 2511; x_wconf 83' lang='lat' dir='ltr'><strong>Christi</strong></span> <span class='ocrx_word' id='word_1_376' title='bbox 404 2490 501 2511; x_wconf 84' lang='lat' dir='ltr'><strong>sumus</strong></span> <span class='ocrx_word' id='word_1_377' title='bbox 511 2503 519 2517; x_wconf 95' lang='lat'><strong>,</strong></span> <span class='ocrx_word' id='word_1_378' title='bbox 540 2483 579 2511; x_wconf 88' lang='lat' dir='ltr'><strong>sic</strong></span> <span class='ocrx_word' id='word_1_379' title='bbox 595 2487 623 2511; x_wconf 90' lang='lat' dir='ltr'><strong>et</strong></span> <span class='ocrx_word' id='word_1_380' title='bbox 643 2482 769 2512; x_wconf 86' lang='lat' dir='ltr'><strong>Christus</strong></span> <span class='ocrx_word' id='word_1_381' title='bbox 781 2482 843 2510; x_wconf 89' lang='lat' dir='ltr'><strong>Dei.</strong></span> <span class='ocrx_word' id='word_1_382' title='bbox 871 2483 929 2511; x_wconf 89' lang='lat' dir='ltr'><strong>Nos</strong></span> <span class='ocrx_word' id='word_1_383' title='bbox 944 2482 1016 2510; x_wconf 90' lang='lat' dir='ltr'><strong>enim</strong></span> 
     </span>
    </p>
   </div>
   <div class='ocr_carea' id='block_1_53' title="bbox 702 1805 1017 1842">
    <p class='ocr_par' dir='ltr' id='par_1_53' title="bbox 702 1805 1017 1842">
     <span class='ocr_line' id='line_1_53' title="bbox 702 1805 1017 1842; baseline -0.003 -8"><span class='ocrx_word' id='word_1_384' title='bbox 702 1817 714 1830; x_wconf 72' lang='grc' dir='ltr'><strong>ιι</strong></span> <span class='ocrx_word' id='word_1_385' title='bbox 744 1807 806 1842; x_wconf 88' lang='lat' dir='ltr'><strong>Ipsa</strong></span> <span class='ocrx_word' id='word_1_386' title='bbox 827 1805 893 1840; x_wconf 85' lang='lat' dir='ltr'><strong>vita,</strong></span> <span class='ocrx_word' id='word_1_387' title='bbox 919 1806 1017 1842; x_wconf 89' lang='lat' dir='ltr'><strong>inquit,</strong></span> 
     </span>
    </p>
   </div>
   <div class='ocr_carea' id='block_1_54' title="bbox 219 2526 1016 2565">
    <p class='ocr_par' dir='ltr' id='par_1_54' title="bbox 219 2526 1016 2565">
     <span class='ocr_line' id='line_1_54' title="bbox 219 2526 1016 2565; baseline 0 -10"><span class='ocrx_word' id='word_1_388' title='bbox 219 2527 321 2556; x_wconf 87' lang='lat' dir='ltr'><strong>Christi</strong></span> <span class='ocrx_word' id='word_1_389' title='bbox 336 2535 441 2562; x_wconf 87' lang='lat' dir='ltr'><strong>sumus,</strong></span> <span class='ocrx_word' id='word_1_390' title='bbox 456 2528 530 2557; x_wconf 85' lang='lat' dir='ltr'><strong>velut</strong></span> <span class='ocrx_word' id='word_1_391' title='bbox 544 2535 612 2564; x_wconf 91' lang='lat' dir='ltr'><strong>opus</strong></span> <span class='ocrx_word' id='word_1_392' title='bbox 626 2528 686 2565; x_wconf 87' lang='lat' dir='ltr'><strong>&#39;ejus</strong></span> <span class='ocrx_word' id='word_1_393' title='bbox 699 2532 727 2556; x_wconf 84' lang='lat' dir='ltr'><strong>et</strong></span> <span class='ocrx_word' id='word_1_394' title='bbox 739 2528 901 2564; x_wconf 81' lang='lat' dir='ltr'><strong>ﬁgmentum</strong></span> <span class='ocrx_word' id='word_1_395' title='bbox 916 2536 922 2553; x_wconf 87' lang='lat'><strong>:</strong></span> <span class='ocrx_word' id='word_1_396' title='bbox 937 2526 1016 2555; x_wconf 91' lang='lat' dir='ltr'><strong>Chri-</strong></span> 
     </span>
    </p>
   </div>
   <div class='ocr_carea' id='block_1_55' title="bbox 219 2571 1017 2610">
    <p class='ocr_par' dir='ltr' id='par_1_55' title="bbox 219 2571 1017 2610">
     <span class='ocr_line' id='line_1_55' title="bbox 219 2571 1017 2610; baseline 0 -10"><span class='ocrx_word' id='word_1_397' title='bbox 219 2575 278 2600; x_wconf 86' lang='lat' dir='ltr'><strong>stus</strong></span> <span class='ocrx_word' id='word_1_398' title='bbox 290 2576 386 2601; x_wconf 88' lang='lat' dir='ltr'><strong>autem</strong></span> <span class='ocrx_word' id='word_1_399' title='bbox 398 2573 461 2607; x_wconf 76' lang='lat' dir='ltr'><strong>Dei,</strong></span> <span class='ocrx_word' id='word_1_400' title='bbox 471 2577 603 2610; x_wconf 87' lang='lat' dir='ltr'><strong>tanquam</strong></span> <span class='ocrx_word' id='word_1_401' title='bbox 618 2573 702 2601; x_wconf 81' lang='lat' dir='ltr'><strong>Filius</strong></span> <span class='ocrx_word' id='word_1_402' title='bbox 716 2576 781 2600; x_wconf 85' lang='lat' dir='ltr'><strong>ante</strong></span> <span class='ocrx_word' id='word_1_403' title='bbox 792 2572 891 2600; x_wconf 66' lang='lat' dir='ltr'><strong>saecula</strong></span> <span class='ocrx_word' id='word_1_404' title='bbox 906 2571 1017 2608; x_wconf 83' lang='lat' dir='ltr'><strong>genitus</strong></span> 
     </span>
    </p>
   </div>
   <div class='ocr_carea' id='block_1_56' title="bbox 220 2616 1017 2654">
    <p class='ocr_par' dir='ltr' id='par_1_56' title="bbox 220 2616 1017 2654">
     <span class='ocr_line' id='line_1_56' title="bbox 220 2616 1017 2654; baseline -0.001 -8"><span class='ocrx_word' id='word_1_405' title='bbox 220 2621 248 2646; x_wconf 87' lang='lat' dir='ltr'><strong>et</strong></span> <span class='ocrx_word' id='word_1_406' title='bbox 269 2622 402 2654; x_wconf 69' lang='lat' dir='ltr'><strong>aeternus,</strong></span> <span class='ocrx_word' id='word_1_407' title='bbox 416 2626 448 2647; x_wconf 88' lang='lat' dir='ltr'><strong>ac</strong></span> <span class='ocrx_word' id='word_1_408' title='bbox 463 2619 548 2647; x_wconf 87' lang='lat' dir='ltr'><strong>veluti</strong></span> <span class='ocrx_word' id='word_1_409' title='bbox 568 2626 682 2647; x_wconf 87' lang='lat' dir='ltr'><strong>causam</strong></span> <span class='ocrx_word' id='word_1_410' title='bbox 703 2622 731 2646; x_wconf 90' lang='lat' dir='ltr'><strong>et</strong></span> <span class='ocrx_word' id='word_1_411' title='bbox 751 2621 894 2646; x_wconf 83' lang='lat' dir='ltr'><strong>auctorem</strong></span> <span class='ocrx_word' id='word_1_412' title='bbox 913 2616 1017 2646; x_wconf 83' lang='lat' dir='ltr'><strong>habens</strong></span> 
     </span>
    </p>
   </div>
   <div class='ocr_carea' id='block_1_57' title="bbox 221 2661 1017 2700">
    <p class='ocr_par' dir='ltr' id='par_1_57' title="bbox 221 2661 1017 2700">
     <span class='ocr_line' id='line_1_57' title="bbox 221 2661 1017 2700; baseline -0.001 -8"><span class='ocrx_word' id='word_1_413' title='bbox 221 2664 341 2692; x_wconf 84' lang='lat' dir='ltr'><strong>Patrem.</strong></span> <span class='ocrx_word' id='word_1_414' title='bbox 355 2664 445 2700; x_wconf 84' lang='lat' dir='ltr'><strong>Quare</strong></span> <span class='ocrx_word' id='word_1_415' title='bbox 458 2664 524 2693; x_wconf 84' lang='lat' dir='ltr'><strong>licet</strong></span> <span class='ocrx_word' id='word_1_416' title='bbox 534 2664 620 2694; x_wconf 88' lang='lat' dir='ltr'><strong>dictio</strong></span> <span class='ocrx_word' id='word_1_417' title='bbox 635 2663 672 2692; x_wconf 90' lang='lat' dir='ltr'><strong>sit</strong></span> <span class='ocrx_word' id='word_1_418' title='bbox 693 2662 786 2698; x_wconf 86' lang='lat' dir='ltr'><strong>unica,</strong></span> <span class='ocrx_word' id='word_1_419' title='bbox 801 2661 906 2692; x_wconf 83' lang='lat' dir='ltr'><strong>diversa</strong></span> <span class='ocrx_word' id='word_1_420' title='bbox 922 2667 1017 2691; x_wconf 88' lang='lat' dir='ltr'><strong>tamen</strong></span> 
     </span>
    </p>
   </div>
   <div class='ocr_carea' id='block_1_58' title="bbox 252 2727 519 2763">
    <p class='ocr_par' dir='ltr' id='par_1_58' title="bbox 252 2727 519 2763">
     <span class='ocr_line' id='line_1_58' title="bbox 252 2727 519 2763; baseline -0.004 -7"><span class='ocrx_word' id='word_1_421' title='bbox 252 2727 260 2749; x_wconf 69' lang='grc'><strong>³</strong></span> <span class='ocrx_word' id='word_1_422' title='bbox 279 2727 352 2756; x_wconf 90' lang='lat' dir='ltr'><strong>Psal.</strong></span> <span class='ocrx_word' id='word_1_423' title='bbox 369 2735 461 2763; x_wconf 81' lang='lat' dir='ltr'><strong>xcm,</strong></span> <span class='ocrx_word' id='word_1_424' title='bbox 478 2730 519 2756; x_wconf 78' lang='lat'><strong>12.</strong></span> 
     </span>
    </p>
   </div>
   <div class='ocr_carea' id='block_1_59' title="bbox 727 163 1355 194">
    <p class='ocr_par' dir='ltr' id='par_1_59' title="bbox 727 163 1355 194">
     <span class='ocr_line' id='line_1_59' title="bbox 727 163 1355 194; baseline 0.003 -2"><span class='ocrx_word' id='word_1_425' title='bbox 727 163 983 193; x_wconf 78' lang='lat' dir='ltr'><strong>THEOPHYLACTI</strong></span> <span class='ocrx_word' id='word_1_426' title='bbox 1002 164 1180 194; x_wconf 67' lang='lat' dir='ltr'><strong>BULGARIAE</strong></span> <span class='ocrx_word' id='word_1_427' title='bbox 1199 166 1355 194; x_wconf 79' lang='lat' dir='ltr'><strong>ARCHIEP.</strong></span> 
     </span>
    </p>
   </div>
   <div class='ocr_carea' id='block_1_60' title="bbox 1802 173 1836 201">
    <p class='ocr_par' dir='ltr' id='par_1_60' title="bbox 1802 173 1836 201">
     <span class='ocr_line' id='line_1_60' title="bbox 1802 173 1836 201; baseline 0.029 -1"><span class='ocrx_word' id='word_1_428' title='bbox 1802 173 1836 201; x_wconf 76' lang='lat'><strong>608</strong></span> 
     </span>
    </p>
   </div>
   <div class='ocr_carea' id='block_1_61' title="bbox 1033 229 1836 267">
    <p class='ocr_par' dir='ltr' id='par_1_61' title="bbox 1033 229 1836 267">
     <span class='ocr_line' id='line_1_61' title="bbox 1033 229 1836 267; baseline 0.005 -9"><span class='ocrx_word' id='word_1_429' title='bbox 1033 229 1058 262; x_wconf 87' lang='lat' dir='ltr'><strong>A</strong></span> <span class='ocrx_word' id='word_1_430' title='bbox 1073 229 1141 259; x_wconf 77' lang='grc' dir='ltr'>ἀλλὰ</span> <span class='ocrx_word' id='word_1_431' title='bbox 1167 229 1256 259; x_wconf 79' lang='grc' dir='ltr'>πάντα</span> <span class='ocrx_word' id='word_1_432' title='bbox 1277 229 1377 260; x_wconf 77' lang='grc' dir='ltr'>οἴκοθεν</span> <span class='ocrx_word' id='word_1_433' title='bbox 1391 234 1459 260; x_wconf 84' lang='grc' dir='ltr'>νοεῖν</span> <span class='ocrx_word' id='word_1_434' title='bbox 1473 242 1480 249; x_wconf 88' lang='grc'><strong>·</strong></span> <span class='ocrx_word' id='word_1_435' title='bbox 1500 229 1594 265; x_wconf 78' lang='grc' dir='ltr'><strong>ἔδειξεν</strong></span> <span class='ocrx_word' id='word_1_436' title='bbox 1610 231 1699 265; x_wconf 78' lang='grc' dir='ltr'>αὐτοῖς</span> <span class='ocrx_word' id='word_1_437' title='bbox 1715 233 1728 262; x_wconf 77' lang='grc' dir='ltr'>ὁ</span> <span class='ocrx_word' id='word_1_438' title='bbox 1747 232 1836 267; x_wconf 47' lang='lat' dir='ltr'><strong>eruta</strong></span> 
     </span>
    </p>
   </div>
   <div class='ocr_carea' id='block_1_62' title="bbox 1073 275 1836 318">
    <p class='ocr_par' dir='ltr' id='par_1_62' title="bbox 1073 275 1836 318">
     <span class='ocr_line' id='line_1_62' title="bbox 1073 275 1836 318; baseline 0.007 -15"><span class='ocrx_word' id='word_1_439' title='bbox 1073 275 1157 303; x_wconf 78' lang='grc' dir='ltr'>αὐτῶν</span> <span class='ocrx_word' id='word_1_440' title='bbox 1174 277 1225 304; x_wconf 84' lang='grc' dir='ltr'><strong>τῶν</strong></span> <span class='ocrx_word' id='word_1_441' title='bbox 1240 275 1406 315; x_wconf 71' lang='grc' dir='ltr'><strong>πραγμάτων</strong></span> <span class='ocrx_word' id='word_1_442' title='bbox 1417 298 1425 312; x_wconf 88' lang='grc'><strong>,</strong></span> <span class='ocrx_word' id='word_1_443' title='bbox 1441 275 1481 305; x_wconf 72' lang='grc' dir='ltr'><strong>ὅτι</strong></span> <span class='ocrx_word' id='word_1_444' title='bbox 1493 277 1510 311; x_wconf 84' lang='grc' dir='ltr'>ἡ</span> <span class='ocrx_word' id='word_1_445' title='bbox 1526 276 1644 312; x_wconf 81' lang='grc' dir='ltr'><strong>δεινότης</strong></span> <span class='ocrx_word' id='word_1_446' title='bbox 1659 277 1705 306; x_wconf 82' lang='grc' dir='ltr'><strong>καὶ</strong></span> <span class='ocrx_word' id='word_1_447' title='bbox 1718 279 1734 312; x_wconf 81' lang='grc' dir='ltr'>ἦ</span> <span class='ocrx_word' id='word_1_448' title='bbox 1748 289 1836 318; x_wconf 68' lang='grc' dir='ltr'>πανουρ-</span> 
     </span>
    </p>
   </div>
   <div class='ocr_carea' id='block_1_63' title="bbox 1071 318 1835 360">
    <p class='ocr_par' dir='ltr' id='par_1_63' title="bbox 1071 318 1835 360">
     <span class='ocr_line' id='line_1_63' title="bbox 1071 318 1835 360; baseline 0.005 -12"><span class='ocrx_word' id='word_1_449' title='bbox 1071 318 1116 358; x_wconf 85' lang='grc' dir='ltr'><strong>γία</strong></span> <span class='ocrx_word' id='word_1_450' title='bbox 1132 319 1206 349; x_wconf 73' lang='grc' dir='ltr'>οὐδὲν</span> <span class='ocrx_word' id='word_1_451' title='bbox 1222 322 1309 354; x_wconf 81' lang='grc' dir='ltr'>αὐτοῖς</span> <span class='ocrx_word' id='word_1_452' title='bbox 1333 322 1530 357; x_wconf 77' lang='grc' dir='ltr'>ἐλυσιτέλεσεν,</span> <span class='ocrx_word' id='word_1_453' title='bbox 1552 321 1621 351; x_wconf 80' lang='grc' dir='ltr'>ἀλλὰ</span> <span class='ocrx_word' id='word_1_454' title='bbox 1645 322 1759 360; x_wconf 82' lang='grc' dir='ltr'>μάλιστα</span> <span class='ocrx_word' id='word_1_455' title='bbox 1782 324 1835 353; x_wconf 72' lang='grc' dir='ltr'>αὖτιὶ</span> 
     </span>
    </p>
   </div>
   <div class='ocr_carea' id='block_1_64' title="bbox 1071 364 1835 405">
    <p class='ocr_par' dir='ltr' id='par_1_64' title="bbox 1071 364 1835 405">
     <span class='ocr_line' id='line_1_64' title="bbox 1071 364 1835 405; baseline 0.004 -12"><span class='ocrx_word' id='word_1_456' title='bbox 1071 364 1173 394; x_wconf 78' lang='grc' dir='ltr'>δέονται</span> <span class='ocrx_word' id='word_1_457' title='bbox 1187 367 1233 395; x_wconf 82' lang='grc' dir='ltr'><strong>τοῦ</strong></span> <span class='ocrx_word' id='word_1_458' title='bbox 1251 366 1337 402; x_wconf 81' lang='grc' dir='ltr'>Θεοῦ,</span> <span class='ocrx_word' id='word_1_459' title='bbox 1353 367 1378 395; x_wconf 81' lang='grc' dir='ltr'>οἱ</span> <span class='ocrx_word' id='word_1_460' title='bbox 1398 366 1534 400; x_wconf 81' lang='grc' dir='ltr'>δοκοῦντες</span> <span class='ocrx_word' id='word_1_461' title='bbox 1548 365 1584 405; x_wconf 86' lang='grc' dir='ltr'>μὴ</span> <span class='ocrx_word' id='word_1_462' title='bbox 1605 366 1715 396; x_wconf 79' lang='grc' dir='ltr'>δεῖσθαι.</span> <span class='ocrx_word' id='word_1_463' title='bbox 1733 366 1808 397; x_wconf 77' lang='grc' dir='ltr'>Ὥστε</span> <span class='ocrx_word' id='word_1_464' title='bbox 1819 370 1835 398; x_wconf 65' lang='grc' dir='ltr'><strong>ἓν</strong></span> 
     </span>
    </p>
   </div>
   <div class='ocr_carea' id='block_1_65' title="bbox 1070 406 1835 451">
    <p class='ocr_par' dir='ltr' id='par_1_65' title="bbox 1070 406 1835 451">
     <span class='ocr_line' id='line_1_65' title="bbox 1070 406 1835 451; baseline 0.004 -13"><span class='ocrx_word' id='word_1_465' title='bbox 1070 412 1103 449; x_wconf 81' lang='grc' dir='ltr'><strong>τῇ</strong></span> <span class='ocrx_word' id='word_1_466' title='bbox 1125 410 1272 451; x_wconf 71' lang='grc' dir='ltr'>πανουργία</span> <span class='ocrx_word' id='word_1_467' title='bbox 1295 411 1397 450; x_wconf 78' lang='grc' dir='ltr'>αὐτῶν,</span> <span class='ocrx_word' id='word_1_468' title='bbox 1411 406 1471 450; x_wconf 75' lang='grc' dir='ltr'><strong>ἕνῇ</strong></span> <span class='ocrx_word' id='word_1_469' title='bbox 1490 410 1573 451; x_wconf 80' lang='grc' dir='ltr'>ᾤοντο</span> <span class='ocrx_word' id='word_1_470' title='bbox 1585 410 1622 440; x_wconf 76' lang='grc' dir='ltr'><strong>τὰ</strong></span> <span class='ocrx_word' id='word_1_471' title='bbox 1643 411 1732 441; x_wconf 81' lang='grc' dir='ltr'>πάντα</span> <span class='ocrx_word' id='word_1_472' title='bbox 1752 413 1835 448; x_wconf 71' lang='grc' dir='ltr'>εἰδέναι,</span> 
     </span>
    </p>
   </div>
   <div class='ocr_carea' id='block_1_66' title="bbox 1071 454 1834 494">
    <p class='ocr_par' dir='ltr' id='par_1_66' title="bbox 1071 454 1834 494">
     <span class='ocr_line' id='line_1_66' title="bbox 1071 454 1834 494; baseline 0.004 -10"><span class='ocrx_word' id='word_1_473' title='bbox 1071 454 1214 494; x_wconf 81' lang='grc' dir='ltr'>εὑρέθησαν</span> <span class='ocrx_word' id='word_1_474' title='bbox 1239 455 1322 494; x_wconf 79' lang='grc' dir='ltr'>μηδὲν</span> <span class='ocrx_word' id='word_1_475' title='bbox 1344 455 1458 492; x_wconf 80' lang='grc' dir='ltr'>εἰδότες,</span> <span class='ocrx_word' id='word_1_476' title='bbox 1483 457 1543 485; x_wconf 85' lang='grc' dir='ltr'>ἀλλ’</span> <span class='ocrx_word' id='word_1_477' title='bbox 1560 456 1657 486; x_wconf 77' lang='grc' dir='ltr'>ἁλιέων</span> <span class='ocrx_word' id='word_1_478' title='bbox 1683 456 1728 486; x_wconf 80' lang='grc' dir='ltr'><strong>καὶ</strong></span> <span class='ocrx_word' id='word_1_479' title='bbox 1745 458 1834 487; x_wconf 73' lang='grc' dir='ltr'>σκυτέων</span> 
     </span>
    </p>
   </div>
   <div class='ocr_carea' id='block_1_67' title="bbox 1071 500 1629 541">
    <p class='ocr_par' dir='ltr' id='par_1_67' title="bbox 1071 500 1629 541">
     <span class='ocr_line' id='line_1_67' title="bbox 1071 500 1629 541; baseline 0.005 -14"><span class='ocrx_word' id='word_1_480' title='bbox 1071 500 1252 541; x_wconf 73' lang='grc' dir='ltr'><strong>ἀγροικότεροι</strong></span> <span class='ocrx_word' id='word_1_481' title='bbox 1266 500 1337 534; x_wconf 80' lang='grc' dir='ltr'>ὄντες</span> <span class='ocrx_word' id='word_1_482' title='bbox 1354 501 1380 530; x_wconf 78' lang='grc' dir='ltr'>ἐν</span> <span class='ocrx_word' id='word_1_483' title='bbox 1397 505 1450 534; x_wconf 85' lang='grc' dir='ltr'>τοῖς</span> <span class='ocrx_word' id='word_1_484' title='bbox 1466 501 1629 541; x_wconf 79' lang='grc' dir='ltr'>ἀναγκαίοις.</span> 
     </span>
    </p>
   </div>
   <div class='ocr_carea' id='block_1_68' title="bbox 1113 590 1836 631">
    <p class='ocr_par' dir='ltr' id='par_1_68' title="bbox 1113 590 1836 631">
     <span class='ocr_line' id='line_1_68' title="bbox 1113 590 1836 631; baseline 0.003 -13"><span class='ocrx_word' id='word_1_485' title='bbox 1113 603 1127 618; x_wconf 76' lang='grc' dir='ltr'><strong>α</strong></span> <span class='ocrx_word' id='word_1_486' title='bbox 1146 590 1200 620; x_wconf 79' lang='grc' dir='ltr'><strong>Καὶ</strong></span> <span class='ocrx_word' id='word_1_487' title='bbox 1215 590 1295 620; x_wconf 86' lang='grc' dir='ltr'>πάλιν</span> <span class='ocrx_word' id='word_1_488' title='bbox 1308 603 1315 609; x_wconf 92' lang='grc'><strong>·</strong></span> <span class='ocrx_word' id='word_1_489' title='bbox 1339 591 1467 621; x_wconf 83' lang='grc' dir='ltr'>Γινώσκει</span> <span class='ocrx_word' id='word_1_490' title='bbox 1491 590 1586 631; x_wconf 80' lang='grc' dir='ltr'>Κύριος</span> <span class='ocrx_word' id='word_1_491' title='bbox 1602 590 1665 624; x_wconf 80' lang='grc' dir='ltr'>τοὺς</span> <span class='ocrx_word' id='word_1_492' title='bbox 1680 591 1836 630; x_wconf 70' lang='grc' dir='ltr'>διαλογισμὼς</span> 
     </span>
    </p>
   </div>
   <div class='ocr_carea' id='block_1_69' title="bbox 1069 635 1834 676">
    <p class='ocr_par' dir='ltr' id='par_1_69' title="bbox 1069 635 1834 676">
     <span class='ocr_line' id='line_1_69' title="bbox 1069 635 1834 676; baseline 0 -12"><span class='ocrx_word' id='word_1_493' title='bbox 1069 635 1121 664; x_wconf 83' lang='grc' dir='ltr'><strong>τῶν</strong></span> <span class='ocrx_word' id='word_1_494' title='bbox 1136 637 1223 676; x_wconf 79' lang='grc' dir='ltr'>σοφῶν</span> <span class='ocrx_word' id='word_1_495' title='bbox 1236 635 1274 671; x_wconf 70' lang='grc'><strong>⁸⁷,</strong></span> <span class='ocrx_word' id='word_1_496' title='bbox 1291 635 1331 665; x_wconf 78' lang='grc' dir='ltr'>ὅτι</span> <span class='ocrx_word' id='word_1_497' title='bbox 1345 636 1394 665; x_wconf 79' lang='grc' dir='ltr'><strong>εἶσὶ</strong></span> <span class='ocrx_word' id='word_1_498' title='bbox 1416 636 1535 675; x_wconf 79' lang='grc' dir='ltr'>μάταιοι.</span> <span class='ocrx_word' id='word_1_499' title='bbox 1556 647 1570 664; x_wconf 67' lang='grc' dir='ltr'><strong>ι</strong></span> <span class='ocrx_word' id='word_1_500' title='bbox 1588 636 1623 666; x_wconf 81' lang='grc' dir='ltr'><strong>Εἰ</strong></span> <span class='ocrx_word' id='word_1_501' title='bbox 1638 635 1724 666; x_wconf 82' lang='grc' dir='ltr'>τοίνυν</span> <span class='ocrx_word' id='word_1_502' title='bbox 1738 637 1834 676; x_wconf 75' lang='grc' dir='ltr'>γινώσκει</span> 
     </span>
    </p>
   </div>
   <div class='ocr_carea' id='block_1_70' title="bbox 1070 680 1835 720">
    <p class='ocr_par' dir='ltr' id='par_1_70' title="bbox 1070 680 1835 720">
     <span class='ocr_line' id='line_1_70' title="bbox 1070 680 1835 720; baseline 0.001 -11"><span class='ocrx_word' id='word_1_503' title='bbox 1070 680 1084 708; x_wconf 79' lang='grc' dir='ltr'><strong>ὃ</strong></span> <span class='ocrx_word' id='word_1_504' title='bbox 1110 680 1206 720; x_wconf 82' lang='grc' dir='ltr'>Κύριος</span> <span class='ocrx_word' id='word_1_505' title='bbox 1221 681 1278 714; x_wconf 84' lang='grc' dir='ltr'>τοὺς</span> <span class='ocrx_word' id='word_1_506' title='bbox 1303 680 1490 720; x_wconf 74' lang='grc' dir='ltr'>διαλογισμοὺς</span> <span class='ocrx_word' id='word_1_507' title='bbox 1512 680 1553 717; x_wconf 73' lang='grc'><strong>⁵³,</strong></span> <span class='ocrx_word' id='word_1_508' title='bbox 1584 680 1625 710; x_wconf 80' lang='grc' dir='ltr'><strong>ὅτι</strong></span> <span class='ocrx_word' id='word_1_509' title='bbox 1648 680 1753 719; x_wconf 80' lang='grc' dir='ltr'>μάταιοί</span> <span class='ocrx_word' id='word_1_510' title='bbox 1774 683 1835 717; x_wconf 79' lang='grc' dir='ltr'>εἰσιν,</span> 
     </span>
    </p>
   </div>
   <div class='ocr_carea' id='block_1_71' title="bbox 1071 724 1835 766">
    <p class='ocr_par' dir='ltr' id='par_1_71' title="bbox 1071 724 1835 766">
     <span class='ocr_line' id='line_1_71' title="bbox 1071 724 1835 766; baseline 0.001 -12"><span class='ocrx_word' id='word_1_511' title='bbox 1071 724 1116 754; x_wconf 73' lang='grc' dir='ltr'><strong>ἅτε</strong></span> <span class='ocrx_word' id='word_1_512' title='bbox 1133 725 1215 763; x_wconf 86' lang='grc' dir='ltr'>μηδὲν</span> <span class='ocrx_word' id='word_1_513' title='bbox 1232 727 1284 755; x_wconf 81' lang='grc' dir='ltr'><strong>τῶν</strong></span> <span class='ocrx_word' id='word_1_514' title='bbox 1308 725 1459 765; x_wconf 75' lang='grc' dir='ltr'>ἀναγκαίων</span> <span class='ocrx_word' id='word_1_515' title='bbox 1470 725 1516 755; x_wconf 77' lang='grc' dir='ltr'><strong>καὶ</strong></span> <span class='ocrx_word' id='word_1_516' title='bbox 1530 726 1708 766; x_wconf 80' lang='grc' dir='ltr'>σωτηριωδῶν</span> <span class='ocrx_word' id='word_1_517' title='bbox 1722 727 1835 763; x_wconf 71' lang='grc' dir='ltr'>καταλαμ-</span> 
     </span>
    </p>
   </div>
   <div class='ocr_carea' id='block_1_72' title="bbox 1071 768 1836 810">
    <p class='ocr_par' dir='ltr' id='par_1_72' title="bbox 1071 768 1836 810">
     <span class='ocr_line' id='line_1_72' title="bbox 1071 768 1836 810; baseline 0.004 -12"><span class='ocrx_word' id='word_1_518' title='bbox 1071 768 1194 803; x_wconf 75' lang='grc' dir='ltr'>ϐάνοντες</span> <span class='ocrx_word' id='word_1_519' title='bbox 1206 782 1212 789; x_wconf 88' lang='grc'><strong>·</strong></span> <span class='ocrx_word' id='word_1_520' title='bbox 1231 771 1288 804; x_wconf 74' lang='grc' dir='ltr'><strong>πῶς</strong></span> <span class='ocrx_word' id='word_1_521' title='bbox 1307 771 1399 809; x_wconf 76' lang='grc' dir='ltr'>ὓμιῖς,</span> <span class='ocrx_word' id='word_1_522' title='bbox 1425 771 1576 810; x_wconf 78' lang='grc' dir='ltr'>Κορίνθιοι,</span> <span class='ocrx_word' id='word_1_523' title='bbox 1601 771 1728 800; x_wconf 80' lang='grc' dir='ltr'>τάναντία</span> 
     </span>
    </p>
   </div>
   <div class='ocr_carea' id='block_1_73' title="bbox 1070 814 1792 857">
    <p class='ocr_par' dir='ltr' id='par_1_73' title="bbox 1070 814 1792 857">
     <span class='ocr_line' id='line_1_73' title="bbox 1070 814 1792 857; baseline 0.003 -14"><span class='ocrx_word' id='word_1_524' title='bbox 1070 814 1212 853; x_wconf 77' lang='grc' dir='ltr'><strong>γινώσκετε</strong></span> <span class='ocrx_word' id='word_1_525' title='bbox 1223 840 1229 851; x_wconf 86' lang='lat'><strong>,</strong></span> <span class='ocrx_word' id='word_1_526' title='bbox 1247 815 1292 844; x_wconf 82' lang='grc' dir='ltr'><strong>καὶ</strong></span> <span class='ocrx_word' id='word_1_527' title='bbox 1306 817 1340 849; x_wconf 81' lang='grc' dir='ltr'>ὥς</span> <span class='ocrx_word' id='word_1_528' title='bbox 1354 817 1499 857; x_wconf 63' lang='grc' dir='ltr'><strong>ἐπωφελεῖς</strong></span> <span class='ocrx_word' id='word_1_529' title='bbox 1512 815 1620 849; x_wconf 83' lang='grc' dir='ltr'>τούτους</span> <span class='ocrx_word' id='word_1_530' title='bbox 1645 815 1792 857; x_wconf 73' lang='grc' dir='ltr'>περιέπετες</span> 
     </span>
    </p>
   </div>
   <div class='ocr_carea' id='block_1_74' title="bbox 1032 887 1834 946">
    <p class='ocr_par' dir='ltr' id='par_1_74' title="bbox 1032 887 1834 946">
     <span class='ocr_line' id='line_1_74' title="bbox 1032 887 1834 946; baseline 0 -11"><span class='ocrx_word' id='word_1_531' title='bbox 1032 887 1056 918; x_wconf 80' lang='grc' dir='ltr'><strong>Β</strong></span> <span class='ocrx_word' id='word_1_532' title='bbox 1113 919 1124 932; x_wconf 83' lang='grc' dir='ltr'><strong>ιι</strong></span> <span class='ocrx_word' id='word_1_533' title='bbox 1138 903 1227 935; x_wconf 80' lang='grc' dir='ltr'>Ὥστε</span> <span class='ocrx_word' id='word_1_534' title='bbox 1252 905 1343 944; x_wconf 78' lang='grc' dir='ltr'>μηδεὶς</span> <span class='ocrx_word' id='word_1_535' title='bbox 1368 905 1514 945; x_wconf 81' lang='grc' dir='ltr'>καυχάσθω</span> <span class='ocrx_word' id='word_1_536' title='bbox 1537 907 1563 935; x_wconf 74' lang='grc' dir='ltr'>ἐν</span> <span class='ocrx_word' id='word_1_537' title='bbox 1586 904 1751 946; x_wconf 76' lang='grc' dir='ltr'>ἀνθρώποις·</span> <span class='ocrx_word' id='word_1_538' title='bbox 1769 905 1834 935; x_wconf 78' lang='grc' dir='ltr'>πάντα</span> 
     </span>
    </p>
   </div>
   <div class='ocr_carea' id='block_1_75' title="bbox 1069 949 1835 990">
    <p class='ocr_par' dir='ltr' id='par_1_75' title="bbox 1069 949 1835 990">
     <span class='ocr_line' id='line_1_75' title="bbox 1069 949 1835 990; baseline 0 -11"><span class='ocrx_word' id='word_1_539' title='bbox 1069 949 1121 990; x_wconf 78' lang='grc' dir='ltr'><strong>γὰρ</strong></span> <span class='ocrx_word' id='word_1_540' title='bbox 1141 951 1214 987; x_wconf 76' lang='grc' dir='ltr'>ὑμῶν</span> <span class='ocrx_word' id='word_1_541' title='bbox 1232 951 1321 987; x_wconf 81' lang='grc' dir='ltr'>ἐστιν,</span> <span class='ocrx_word' id='word_1_542' title='bbox 1346 950 1399 980; x_wconf 78' lang='grc' dir='ltr'>εἴτε</span> <span class='ocrx_word' id='word_1_543' title='bbox 1424 951 1550 987; x_wconf 83' lang='grc' dir='ltr'>Παῦλος,</span> <span class='ocrx_word' id='word_1_544' title='bbox 1567 950 1621 980; x_wconf 76' lang='grc' dir='ltr'>εἴτε</span> <span class='ocrx_word' id='word_1_545' title='bbox 1637 950 1780 987; x_wconf 78' lang='grc' dir='ltr'>Ἀπολλὼς,</span> <span class='ocrx_word' id='word_1_546' title='bbox 1800 950 1835 979; x_wconf 78' lang='grc' dir='ltr'>εἴτε</span> 
     </span>
    </p>
   </div>
   <div class='ocr_carea' id='block_1_76' title="bbox 1070 994 1836 1036">
    <p class='ocr_par' dir='ltr' id='par_1_76' title="bbox 1070 994 1836 1036">
     <span class='ocr_line' id='line_1_76' title="bbox 1070 994 1836 1036; baseline -0.001 -11"><span class='ocrx_word' id='word_1_547' title='bbox 1070 995 1174 1036; x_wconf 77' lang='grc' dir='ltr'><strong>Κηφᾶς.</strong></span> <span class='ocrx_word' id='word_1_548' title='bbox 1199 1009 1211 1021; x_wconf 72' lang='grc' dir='ltr'><strong>υ</strong></span> <span class='ocrx_word' id='word_1_549' title='bbox 1237 996 1330 1025; x_wconf 85' lang='grc' dir='ltr'>Ταῦτα</span> <span class='ocrx_word' id='word_1_550' title='bbox 1355 996 1426 1025; x_wconf 84' lang='grc' dir='ltr'>δοκεῖ</span> <span class='ocrx_word' id='word_1_551' title='bbox 1452 994 1501 1033; x_wconf 76' lang='grc' dir='ltr'>μὲν</span> <span class='ocrx_word' id='word_1_552' title='bbox 1522 995 1587 1036; x_wconf 79' lang='grc' dir='ltr'>πρὸς</span> <span class='ocrx_word' id='word_1_553' title='bbox 1614 995 1677 1029; x_wconf 82' lang='grc' dir='ltr'>τοὺς</span> <span class='ocrx_word' id='word_1_554' title='bbox 1704 994 1836 1035; x_wconf 76' lang='grc' dir='ltr'>ἀρχομένους</span> 
     </span>
    </p>
   </div>
   <div class='ocr_carea' id='block_1_77' title="bbox 1069 1039 1834 1080">
    <p class='ocr_par' dir='ltr' id='par_1_77' title="bbox 1069 1039 1834 1080">
     <span class='ocr_line' id='line_1_77' title="bbox 1069 1039 1834 1080; baseline 0 -12"><span class='ocrx_word' id='word_1_555' title='bbox 1069 1039 1153 1079; x_wconf 78' lang='grc' dir='ltr'>λέγειν</span> <span class='ocrx_word' id='word_1_556' title='bbox 1170 1051 1177 1059; x_wconf 92' lang='grc'><strong>·</strong></span> <span class='ocrx_word' id='word_1_557' title='bbox 1190 1039 1301 1076; x_wconf 82' lang='grc' dir='ltr'>πλήττει</span> <span class='ocrx_word' id='word_1_558' title='bbox 1314 1040 1341 1070; x_wconf 79' lang='grc' dir='ltr'>δὲ</span> <span class='ocrx_word' id='word_1_559' title='bbox 1357 1040 1415 1074; x_wconf 80' lang='grc' dir='ltr'>τοὺς</span> <span class='ocrx_word' id='word_1_560' title='bbox 1430 1040 1561 1080; x_wconf 82' lang='grc' dir='ltr'>ἄρχοντας</span> <span class='ocrx_word' id='word_1_561' title='bbox 1571 1063 1579 1077; x_wconf 83' lang='grc'><strong>,</strong></span> <span class='ocrx_word' id='word_1_562' title='bbox 1593 1040 1681 1080; x_wconf 79' lang='grc' dir='ltr'>λέγων</span> <span class='ocrx_word' id='word_1_563' title='bbox 1694 1063 1701 1077; x_wconf 90' lang='lat'><strong>,</strong></span> <span class='ocrx_word' id='word_1_564' title='bbox 1717 1041 1755 1070; x_wconf 74' lang='grc' dir='ltr'><strong>ὅτι</strong></span> <span class='ocrx_word' id='word_1_565' title='bbox 1767 1041 1792 1069; x_wconf 79' lang='grc' dir='ltr'>οὖ</span> <span class='ocrx_word' id='word_1_566' title='bbox 1805 1041 1834 1069; x_wconf 70' lang='grc' dir='ltr'><strong>δεῖ</strong></span> 
     </span>
    </p>
   </div>
   <div class='ocr_carea' id='block_1_78' title="bbox 1070 1083 1836 1126">
    <p class='ocr_par' dir='ltr' id='par_1_78' title="bbox 1070 1083 1836 1126">
     <span class='ocr_line' id='line_1_78' title="bbox 1070 1083 1836 1126; baseline 0 -13"><span class='ocrx_word' id='word_1_567' title='bbox 1070 1087 1222 1125; x_wconf 82' lang='grc' dir='ltr'>καυχᾶσθαι</span> <span class='ocrx_word' id='word_1_568' title='bbox 1243 1084 1311 1119; x_wconf 70' lang='grc' dir='ltr'>ὅλως</span> <span class='ocrx_word' id='word_1_569' title='bbox 1325 1097 1331 1104; x_wconf 94' lang='grc'><strong>·</strong></span> <span class='ocrx_word' id='word_1_570' title='bbox 1346 1085 1406 1115; x_wconf 81' lang='grc' dir='ltr'>οὔτε</span> <span class='ocrx_word' id='word_1_571' title='bbox 1421 1085 1465 1115; x_wconf 79' lang='grc' dir='ltr'><strong>ἐπὶ</strong></span> <span class='ocrx_word' id='word_1_572' title='bbox 1535 1084 1585 1120; x_wconf 77' lang='grc' dir='ltr'><strong>ἔξω</strong></span> <span class='ocrx_word' id='word_1_573' title='bbox 1597 1086 1679 1126; x_wconf 71' lang='grc' dir='ltr'>σοφία</span> <span class='ocrx_word' id='word_1_574' title='bbox 1689 1107 1697 1121; x_wconf 87' lang='grc'><strong>,</strong></span> <span class='ocrx_word' id='word_1_575' title='bbox 1712 1083 1789 1124; x_wconf 78' lang='grc' dir='ltr'>μωρία</span> <span class='ocrx_word' id='word_1_576' title='bbox 1801 1085 1836 1123; x_wconf 75' lang='grc' dir='ltr'><strong>γάρ</strong></span> 
     </span>
    </p>
   </div>
   <div class='ocr_carea' id='block_1_79' title="bbox 1069 1129 1835 1170">
    <p class='ocr_par' dir='ltr' id='par_1_79' title="bbox 1069 1129 1835 1170">
     <span class='ocr_line' id='line_1_79' title="bbox 1069 1129 1835 1170; baseline -0.003 -12"><span class='ocrx_word' id='word_1_577' title='bbox 1069 1129 1139 1159; x_wconf 68' lang='grc' dir='ltr'>ἐστιν</span> <span class='ocrx_word' id='word_1_578' title='bbox 1156 1141 1162 1148; x_wconf 73' lang='grc'><em>’</em></span> <span class='ocrx_word' id='word_1_579' title='bbox 1177 1129 1237 1159; x_wconf 79' lang='grc' dir='ltr'>οὔτε</span> <span class='ocrx_word' id='word_1_580' title='bbox 1254 1130 1297 1159; x_wconf 79' lang='grc' dir='ltr'><strong>ἐπὶ</strong></span> <span class='ocrx_word' id='word_1_581' title='bbox 1322 1131 1375 1164; x_wconf 83' lang='grc' dir='ltr'>τοῖς</span> <span class='ocrx_word' id='word_1_582' title='bbox 1399 1134 1590 1167; x_wconf 75' lang='grc' dir='ltr'><strong>πνευματικοῖς</strong></span> <span class='ocrx_word' id='word_1_583' title='bbox 1619 1130 1765 1170; x_wconf 82' lang='grc' dir='ltr'>χαρίσμασι</span> <span class='ocrx_word' id='word_1_584' title='bbox 1781 1141 1786 1148; x_wconf 90' lang='grc'><strong>·</strong></span> <span class='ocrx_word' id='word_1_585' title='bbox 1805 1132 1835 1157; x_wconf 67' lang='grc' dir='ltr'><strong>τοῦ</strong></span> 
     </span>
    </p>
   </div>
   <div class='ocr_carea' id='block_1_80' title="bbox 1070 1174 1836 1216">
    <p class='ocr_par' dir='ltr' id='par_1_80' title="bbox 1070 1174 1836 1216">
     <span class='ocr_line' id='line_1_80' title="bbox 1070 1174 1836 1216; baseline -0.001 -12"><span class='ocrx_word' id='word_1_586' title='bbox 1070 1175 1139 1204; x_wconf 80' lang='grc' dir='ltr'>Θεοῦ</span> <span class='ocrx_word' id='word_1_587' title='bbox 1155 1174 1206 1214; x_wconf 88' lang='grc' dir='ltr'><strong>γάρ</strong></span> <span class='ocrx_word' id='word_1_588' title='bbox 1220 1175 1288 1211; x_wconf 82' lang='grc' dir='ltr'>εἶσι,</span> <span class='ocrx_word' id='word_1_589' title='bbox 1304 1175 1349 1204; x_wconf 81' lang='grc' dir='ltr'><strong>καὶ</strong></span> <span class='ocrx_word' id='word_1_590' title='bbox 1365 1175 1408 1205; x_wconf 72' lang='grc' dir='ltr'>διὰ</span> <span class='ocrx_word' id='word_1_591' title='bbox 1419 1174 1480 1208; x_wconf 80' lang='grc' dir='ltr'>τοὺς</span> <span class='ocrx_word' id='word_1_592' title='bbox 1498 1175 1665 1216; x_wconf 76' lang='grc' dir='ltr'>ἀρχομένους</span> <span class='ocrx_word' id='word_1_593' title='bbox 1680 1177 1759 1204; x_wconf 82' lang='grc' dir='ltr'>ταῦτα</span> <span class='ocrx_word' id='word_1_594' title='bbox 1774 1174 1836 1203; x_wconf 74' lang='grc' dir='ltr'>δίδον-</span> 
     </span>
    </p>
   </div>
   <div class='ocr_carea' id='block_1_81' title="bbox 1070 1219 1836 1261">
    <p class='ocr_par' dir='ltr' id='par_1_81' title="bbox 1070 1219 1836 1261">
     <span class='ocr_line' id='line_1_81' title="bbox 1070 1219 1836 1261; baseline -0.003 -12"><span class='ocrx_word' id='word_1_595' title='bbox 1070 1231 1124 1250; x_wconf 87' lang='grc' dir='ltr'>ται.</span> <span class='ocrx_word' id='word_1_596' title='bbox 1146 1221 1232 1250; x_wconf 77' lang='grc' dir='ltr'>Τοῦτο</span> <span class='ocrx_word' id='word_1_597' title='bbox 1253 1219 1304 1261; x_wconf 87' lang='grc' dir='ltr'><strong>γάρ</strong></span> <span class='ocrx_word' id='word_1_598' title='bbox 1319 1221 1388 1250; x_wconf 75' lang='grc' dir='ltr'>ἐστιν</span> <span class='ocrx_word' id='word_1_599' title='bbox 1404 1219 1418 1249; x_wconf 87' lang='grc'>8</span> <span class='ocrx_word' id='word_1_600' title='bbox 1437 1220 1508 1259; x_wconf 83' lang='grc' dir='ltr'>λέγει</span> <span class='ocrx_word' id='word_1_601' title='bbox 1524 1232 1530 1238; x_wconf 95' lang='grc'><strong>·</strong></span> <span class='ocrx_word' id='word_1_602' title='bbox 1556 1232 1571 1248; x_wconf 79' lang='grc' dir='ltr'><strong>α</strong></span> <span class='ocrx_word' id='word_1_603' title='bbox 1595 1219 1693 1252; x_wconf 85' lang='grc' dir='ltr'>Πάντα</span> <span class='ocrx_word' id='word_1_604' title='bbox 1716 1219 1764 1259; x_wconf 76' lang='grc' dir='ltr'><strong>γὰρ</strong></span> <span class='ocrx_word' id='word_1_605' title='bbox 1783 1220 1836 1257; x_wconf 58' lang='grc' dir='ltr'><strong>ὑμῖν</strong></span> 
     </span>
    </p>
   </div>
   <div class='ocr_carea' id='block_1_82' title="bbox 1069 1263 1834 1304">
    <p class='ocr_par' dir='ltr' id='par_1_82' title="bbox 1069 1263 1834 1304">
     <span class='ocr_line' id='line_1_82' title="bbox 1069 1263 1834 1304; baseline -0.001 -11"><span class='ocrx_word' id='word_1_606' title='bbox 1069 1266 1148 1294; x_wconf 80' lang='grc' dir='ltr'>ἐστι’</span> <span class='ocrx_word' id='word_1_607' title='bbox 1162 1263 1296 1301; x_wconf 79' lang='grc' dir='ltr'>τουτέστι,</span> <span class='ocrx_word' id='word_1_608' title='bbox 1319 1264 1356 1294; x_wconf 85' lang='grc' dir='ltr'>Τί</span> <span class='ocrx_word' id='word_1_609' title='bbox 1376 1266 1400 1294; x_wconf 80' lang='grc' dir='ltr'>οἱ</span> <span class='ocrx_word' id='word_1_610' title='bbox 1421 1264 1576 1294; x_wconf 82' lang='grc' dir='ltr'>διδάσκαλοι</span> <span class='ocrx_word' id='word_1_611' title='bbox 1596 1267 1673 1303; x_wconf 77' lang='grc' dir='ltr'>ὑμῶν</span> <span class='ocrx_word' id='word_1_612' title='bbox 1695 1264 1834 1304; x_wconf 72' lang='grc' dir='ltr'>ἐπαίρονται,</span> 
     </span>
    </p>
   </div>
   <div class='ocr_carea' id='block_1_83' title="bbox 1071 1308 1837 1349">
    <p class='ocr_par' dir='ltr' id='par_1_83' title="bbox 1071 1308 1837 1349">
     <span class='ocr_line' id='line_1_83' title="bbox 1071 1308 1837 1349; baseline 0 -11"><span class='ocrx_word' id='word_1_613' title='bbox 1071 1309 1114 1338; x_wconf 67' lang='grc' dir='ltr'><strong>καὶ</strong></span> <span class='ocrx_word' id='word_1_614' title='bbox 1139 1310 1213 1345; x_wconf 78' lang='grc' dir='ltr'>ὑμεῖς</span> <span class='ocrx_word' id='word_1_615' title='bbox 1234 1309 1260 1338; x_wconf 80' lang='grc' dir='ltr'>δὲ</span> <span class='ocrx_word' id='word_1_616' title='bbox 1291 1310 1398 1348; x_wconf 80' lang='grc' dir='ltr'>ὁγκοῦτε</span> <span class='ocrx_word' id='word_1_617' title='bbox 1431 1310 1525 1343; x_wconf 75' lang='grc' dir='ltr'>αὐτοὺς</span> <span class='ocrx_word' id='word_1_618' title='bbox 1553 1310 1598 1339; x_wconf 81' lang='grc' dir='ltr'><strong>καὶ</strong></span> <span class='ocrx_word' id='word_1_619' title='bbox 1623 1309 1786 1349; x_wconf 75' lang='grc' dir='ltr'>ὕπεραίρετε;</span> <span class='ocrx_word' id='word_1_620' title='bbox 1807 1308 1837 1341; x_wconf 59' lang='grc' dir='ltr'><strong>Μὴ</strong></span> 
     </span>
    </p>
   </div>
   <div class='ocr_carea' id='block_1_84' title="bbox 1071 1353 1863 1394">
    <p class='ocr_par' dir='ltr' id='par_1_84' title="bbox 1071 1353 1863 1394">
     <span class='ocr_line' id='line_1_84' title="bbox 1071 1353 1863 1394; baseline -0.004 -11"><span class='ocrx_word' id='word_1_621' title='bbox 1071 1353 1122 1394; x_wconf 84' lang='grc' dir='ltr'><strong>γὰρ</strong></span> <span class='ocrx_word' id='word_1_622' title='bbox 1137 1354 1232 1384; x_wconf 77' lang='grc' dir='ltr'>οἰκεῖόν</span> <span class='ocrx_word' id='word_1_623' title='bbox 1246 1366 1272 1383; x_wconf 86' lang='grc' dir='ltr'><strong>τι</strong></span> <span class='ocrx_word' id='word_1_624' title='bbox 1287 1353 1409 1394; x_wconf 76' lang='grc' dir='ltr'>ἔχουσιν,</span> <span class='ocrx_word' id='word_1_625' title='bbox 1429 1355 1489 1384; x_wconf 78' lang='grc' dir='ltr'>ἀλλ’</span> <span class='ocrx_word' id='word_1_626' title='bbox 1502 1357 1577 1392; x_wconf 75' lang='grc' dir='ltr'>ὑμῶν</span> <span class='ocrx_word' id='word_1_627' title='bbox 1593 1356 1661 1384; x_wconf 77' lang='grc' dir='ltr'>εἰσιν</span> <span class='ocrx_word' id='word_1_628' title='bbox 1674 1355 1690 1383; x_wconf 76' lang='grc' dir='ltr'><strong>ἃ</strong></span> <span class='ocrx_word' id='word_1_629' title='bbox 1707 1353 1798 1394; x_wconf 39' lang='lat' dir='ltr'><strong>ﬁcum,</strong></span> <span class='ocrx_word' id='word_1_630' title='bbox 1810 1353 1838 1381; x_wconf 67' lang='grc' dir='ltr'>διὰ</span> <span class='ocrx_word' id='word_1_631' title='bbox 1862 1378 1863 1390; x_wconf 27' lang='grc' dir='ltr'>ξ</span> 
     </span>
    </p>
   </div>
   <div class='ocr_carea' id='block_1_85' title="bbox 1071 1398 1836 1440">
    <p class='ocr_par' dir='ltr' id='par_1_85' title="bbox 1071 1398 1836 1440">
     <span class='ocr_line' id='line_1_85' title="bbox 1071 1398 1836 1440; baseline -0.003 -12"><span class='ocrx_word' id='word_1_632' title='bbox 1071 1398 1120 1435; x_wconf 85' lang='grc' dir='ltr'><strong>τὴν</strong></span> <span class='ocrx_word' id='word_1_633' title='bbox 1149 1398 1278 1438; x_wconf 79' lang='grc' dir='ltr'>ὑμετέραν</span> <span class='ocrx_word' id='word_1_634' title='bbox 1303 1399 1432 1440; x_wconf 80' lang='grc' dir='ltr'>ὠφέλειαν</span> <span class='ocrx_word' id='word_1_635' title='bbox 1457 1399 1566 1429; x_wconf 79' lang='grc' dir='ltr'>δοθέντα</span> <span class='ocrx_word' id='word_1_636' title='bbox 1591 1400 1693 1438; x_wconf 79' lang='grc' dir='ltr'>αὐτοῖς,</span> <span class='ocrx_word' id='word_1_637' title='bbox 1720 1398 1762 1429; x_wconf 83' lang='grc' dir='ltr'><strong>καὶ</strong></span> <span class='ocrx_word' id='word_1_638' title='bbox 1781 1398 1836 1437; x_wconf 66' lang='grc' dir='ltr'>χάριν</span> 
     </span>
    </p>
   </div>
   <div class='ocr_carea' id='block_1_86' title="bbox 1072 1441 1836 1484">
    <p class='ocr_par' dir='ltr' id='par_1_86' title="bbox 1072 1441 1836 1484">
     <span class='ocr_line' id='line_1_86' title="bbox 1072 1441 1836 1484; baseline -0.004 -11"><span class='ocrx_word' id='word_1_639' title='bbox 1072 1443 1146 1473; x_wconf 75' lang='grc' dir='ltr'>αὐτοὶ</span> <span class='ocrx_word' id='word_1_640' title='bbox 1162 1444 1263 1482; x_wconf 81' lang='grc' dir='ltr'>μᾶλλον</span> <span class='ocrx_word' id='word_1_641' title='bbox 1286 1445 1348 1482; x_wconf 83' lang='grc' dir='ltr'>ὑμῖν</span> <span class='ocrx_word' id='word_1_642' title='bbox 1367 1444 1510 1484; x_wconf 77' lang='grc' dir='ltr'>ὀφείλουσι.</span> <span class='ocrx_word' id='word_1_643' title='bbox 1540 1444 1628 1474; x_wconf 86' lang='grc' dir='ltr'>Πάλιν</span> <span class='ocrx_word' id='word_1_644' title='bbox 1651 1444 1678 1474; x_wconf 79' lang='grc' dir='ltr'><strong>δὲ</strong></span> <span class='ocrx_word' id='word_1_645' title='bbox 1703 1445 1787 1473; x_wconf 74' lang='grc' dir='ltr'>ἑαυτοῦ</span> <span class='ocrx_word' id='word_1_646' title='bbox 1805 1441 1836 1471; x_wconf 71' lang='grc' dir='ltr'><strong>καὶ</strong></span> 
     </span>
    </p>
   </div>
   <div class='ocr_carea' id='block_1_87' title="bbox 1073 1487 1837 1530">
    <p class='ocr_par' dir='ltr' id='par_1_87' title="bbox 1073 1487 1837 1530">
     <span class='ocr_line' id='line_1_87' title="bbox 1073 1487 1837 1530; baseline 0 -11"><span class='ocrx_word' id='word_1_647' title='bbox 1073 1488 1177 1528; x_wconf 84' lang='grc' dir='ltr'>Πέτρου</span> <span class='ocrx_word' id='word_1_648' title='bbox 1202 1489 1321 1527; x_wconf 76' lang='grc' dir='ltr'>ἐμνήσθη</span> <span class='ocrx_word' id='word_1_649' title='bbox 1332 1513 1340 1526; x_wconf 89' lang='grc'><strong>,</strong></span> <span class='ocrx_word' id='word_1_650' title='bbox 1357 1489 1399 1518; x_wconf 78' lang='grc' dir='ltr'><strong>διὰ</strong></span> <span class='ocrx_word' id='word_1_651' title='bbox 1415 1489 1445 1519; x_wconf 82' lang='grc' dir='ltr'><strong>τὸ</strong></span> <span class='ocrx_word' id='word_1_652' title='bbox 1467 1489 1615 1530; x_wconf 78' lang='grc' dir='ltr'>ἀνεπαχθὲς</span> <span class='ocrx_word' id='word_1_653' title='bbox 1628 1512 1637 1528; x_wconf 82' lang='grc'><strong>,</strong></span> <span class='ocrx_word' id='word_1_654' title='bbox 1659 1489 1703 1519; x_wconf 82' lang='grc' dir='ltr'><strong>καὶ</strong></span> <span class='ocrx_word' id='word_1_655' title='bbox 1717 1488 1758 1518; x_wconf 76' lang='grc' dir='ltr'><strong>ἵνα</strong></span> <span class='ocrx_word' id='word_1_656' title='bbox 1772 1487 1837 1525; x_wconf 61' lang='grc' dir='ltr'>δείξῃ,</span> 
     </span>
    </p>
   </div>
   <div class='ocr_carea' id='block_1_88' title="bbox 1071 1530 1839 1575">
    <p class='ocr_par' dir='ltr' id='par_1_88' title="bbox 1071 1530 1839 1575">
     <span class='ocr_line' id='line_1_88' title="bbox 1071 1530 1839 1575; baseline -0.004 -12"><span class='ocrx_word' id='word_1_657' title='bbox 1071 1533 1111 1563; x_wconf 75' lang='grc' dir='ltr'><strong>ὅτι</strong></span> <span class='ocrx_word' id='word_1_658' title='bbox 1128 1535 1161 1564; x_wconf 75' lang='grc' dir='ltr'>Εἰ</span> <span class='ocrx_word' id='word_1_659' title='bbox 1176 1536 1254 1572; x_wconf 81' lang='grc' dir='ltr'>ἡμεῖς</span> <span class='ocrx_word' id='word_1_660' title='bbox 1268 1534 1302 1562; x_wconf 85' lang='grc' dir='ltr'>δι’</span> <span class='ocrx_word' id='word_1_661' title='bbox 1325 1536 1395 1573; x_wconf 70' lang='grc' dir='ltr'>ὑμᾶς</span> <span class='ocrx_word' id='word_1_662' title='bbox 1419 1533 1550 1574; x_wconf 76' lang='grc' dir='ltr'>ἐλάϐομεν</span> <span class='ocrx_word' id='word_1_663' title='bbox 1567 1534 1601 1564; x_wconf 85' lang='grc' dir='ltr'>τὰ</span> <span class='ocrx_word' id='word_1_664' title='bbox 1628 1534 1790 1575; x_wconf 82' lang='grc' dir='ltr'>χαρίσματα,</span> <span class='ocrx_word' id='word_1_665' title='bbox 1810 1530 1839 1560; x_wconf 69' lang='grc' dir='ltr'><strong>καὶ</strong></span> 
     </span>
    </p>
   </div>
   <div class='ocr_carea' id='block_1_89' title="bbox 1034 1565 1838 1620">
    <p class='ocr_par' dir='ltr' id='par_1_89' title="bbox 1034 1565 1838 1620">
     <span class='ocr_line' id='line_1_89' title="bbox 1034 1565 1838 1620; baseline 0 -13"><span class='ocrx_word' id='word_1_666' title='bbox 1034 1565 1057 1596; x_wconf 77' lang='lat' dir='ltr'><strong>C</strong></span> <span class='ocrx_word' id='word_1_667' title='bbox 1071 1578 1104 1608; x_wconf 85' lang='grc' dir='ltr'>δι’</span> <span class='ocrx_word' id='word_1_668' title='bbox 1119 1565 1358 1618; x_wconf 50' lang='grc' dir='ltr'>ὑμᾶςηδιδάσκαλόι</span> <span class='ocrx_word' id='word_1_669' title='bbox 1379 1565 1587 1620; x_wconf 52' lang='grc' dir='ltr'>προειϐλνίμεθα</span> <span class='ocrx_word' id='word_1_670' title='bbox 1598 1591 1605 1598; x_wconf 87' lang='grc'><strong>·</strong></span> <span class='ocrx_word' id='word_1_671' title='bbox 1622 1565 1716 1620; x_wconf 57' lang='grc' dir='ltr'>τῖολλὸξί</span> <span class='ocrx_word' id='word_1_672' title='bbox 1728 1565 1813 1617; x_wconf 74' lang='grc' dir='ltr'>μᾶλλον</span> <span class='ocrx_word' id='word_1_673' title='bbox 1824 1576 1838 1604; x_wconf 66' lang='grc' dir='ltr'>οἳ</span> 
     </span>
    </p>
   </div>
   <div class='ocr_carea' id='block_1_90' title="bbox 1070 1621 1839 1665">
    <p class='ocr_par' dir='ltr' id='par_1_90' title="bbox 1070 1621 1839 1665">
     <span class='ocr_line' id='line_1_90' title="bbox 1070 1621 1839 1665; baseline -0.003 -13"><span class='ocrx_word' id='word_1_674' title='bbox 1070 1625 1115 1652; x_wconf 82' lang='grc' dir='ltr'><strong>νῦν</strong></span> <span class='ocrx_word' id='word_1_675' title='bbox 1136 1623 1289 1654; x_wconf 81' lang='grc' dir='ltr'>διδάσκαλοι</span> <span class='ocrx_word' id='word_1_676' title='bbox 1315 1625 1388 1663; x_wconf 77' lang='grc' dir='ltr'>ὓμῶν</span> <span class='ocrx_word' id='word_1_677' title='bbox 1409 1625 1456 1654; x_wconf 68' lang='grc' dir='ltr'>οὔκ</span> <span class='ocrx_word' id='word_1_678' title='bbox 1470 1624 1619 1665; x_wconf 66' lang='grc' dir='ltr'>ὀφείλουσιν</span> <span class='ocrx_word' id='word_1_679' title='bbox 1644 1626 1681 1658; x_wconf 80' lang='grc' dir='ltr'>ὡς</span> <span class='ocrx_word' id='word_1_680' title='bbox 1699 1624 1740 1654; x_wconf 72' lang='grc' dir='ltr'><strong>ἐπὶ</strong></span> <span class='ocrx_word' id='word_1_681' title='bbox 1762 1621 1839 1652; x_wconf 63' lang='lat' dir='ltr'><strong>obuios</strong></span> 
     </span>
    </p>
   </div>
   <div class='ocr_carea' id='block_1_91' title="bbox 1071 1667 1838 1710">
    <p class='ocr_par' dir='ltr' id='par_1_91' title="bbox 1071 1667 1838 1710">
     <span class='ocr_line' id='line_1_91' title="bbox 1071 1667 1838 1710; baseline -0.001 -12"><span class='ocrx_word' id='word_1_682' title='bbox 1071 1668 1273 1710; x_wconf 59' lang='grc' dir='ltr'>καπρθρμασι,</span> <span class='ocrx_word' id='word_1_683' title='bbox 1305 1670 1359 1703; x_wconf 85' lang='grc' dir='ltr'>τοῖς</span> <span class='ocrx_word' id='word_1_684' title='bbox 1392 1672 1559 1710; x_wconf 81' lang='grc' dir='ltr'>χαρίσμασιν</span> <span class='ocrx_word' id='word_1_685' title='bbox 1583 1669 1755 1710; x_wconf 72' lang='grc' dir='ltr'>ἐπαίρεσθαι,</span> <span class='ocrx_word' id='word_1_686' title='bbox 1780 1667 1838 1697; x_wconf 74' lang='grc' dir='ltr'>ἄλλο·</span> 
     </span>
    </p>
   </div>
   <div class='ocr_carea' id='block_1_92' title="bbox 1071 1708 1366 1753">
    <p class='ocr_par' dir='ltr' id='par_1_92' title="bbox 1071 1708 1366 1753">
     <span class='ocr_line' id='line_1_92' title="bbox 1071 1708 1366 1753; baseline 0.003 -11"><span class='ocrx_word' id='word_1_687' title='bbox 1071 1712 1150 1753; x_wconf 85' lang='grc' dir='ltr'>τρίοις</span> <span class='ocrx_word' id='word_1_688' title='bbox 1164 1708 1237 1743; x_wconf 70' lang='grc' dir='ltr'>οὖσιν</span> <span class='ocrx_word' id='word_1_689' title='bbox 1251 1715 1366 1752; x_wconf 79' lang='grc' dir='ltr'>ἀγαθοῖς.</span> 
     </span>
    </p>
   </div>
   <div class='ocr_carea' id='block_1_93' title="bbox 1116 1756 1837 1797">
    <p class='ocr_par' dir='ltr' id='par_1_93' title="bbox 1116 1756 1837 1797">
     <span class='ocr_line' id='line_1_93' title="bbox 1116 1756 1837 1797; baseline -0.003 -10"><span class='ocrx_word' id='word_1_690' title='bbox 1116 1769 1131 1787; x_wconf 80' lang='grc' dir='ltr'><strong>ιι</strong></span> <span class='ocrx_word' id='word_1_691' title='bbox 1147 1758 1210 1788; x_wconf 73' lang='grc' dir='ltr'><strong>Εἴτε</strong></span> <span class='ocrx_word' id='word_1_692' title='bbox 1232 1759 1346 1797; x_wconf 85' lang='grc' dir='ltr'>κόσμος,</span> <span class='ocrx_word' id='word_1_693' title='bbox 1363 1758 1415 1789; x_wconf 66' lang='lat' dir='ltr'><strong>sit:</strong></span> <span class='ocrx_word' id='word_1_694' title='bbox 1435 1759 1506 1797; x_wconf 84' lang='grc' dir='ltr'>ζωὴ,</span> <span class='ocrx_word' id='word_1_695' title='bbox 1526 1759 1580 1789; x_wconf 79' lang='grc' dir='ltr'>εἴτε</span> <span class='ocrx_word' id='word_1_696' title='bbox 1594 1759 1722 1795; x_wconf 81' lang='grc' dir='ltr'>θάνατος,</span> <span class='ocrx_word' id='word_1_697' title='bbox 1744 1757 1789 1787; x_wconf 74' lang='grc' dir='ltr'>εἴτε</span> <span class='ocrx_word' id='word_1_698' title='bbox 1808 1756 1837 1785; x_wconf 74' lang='grc' dir='ltr'><strong>ἐν·</strong></span> 
     </span>
    </p>
   </div>
   <div class='ocr_carea' id='block_1_94' title="bbox 1072 1801 1839 1844">
    <p class='ocr_par' dir='ltr' id='par_1_94' title="bbox 1072 1801 1839 1844">
     <span class='ocr_line' id='line_1_94' title="bbox 1072 1801 1839 1844; baseline -0.003 -11"><span class='ocrx_word' id='word_1_699' title='bbox 1072 1805 1190 1840; x_wconf 80' lang='grc' dir='ltr'>εστῶτα,</span> <span class='ocrx_word' id='word_1_700' title='bbox 1204 1803 1256 1833; x_wconf 76' lang='grc' dir='ltr'><strong>εἴτε</strong></span> <span class='ocrx_word' id='word_1_701' title='bbox 1269 1804 1413 1842; x_wconf 80' lang='grc' dir='ltr'>μέλλοντα.</span> <span class='ocrx_word' id='word_1_702' title='bbox 1436 1815 1450 1833; x_wconf 81' lang='lat' dir='ltr'><strong>n</strong></span> <span class='ocrx_word' id='word_1_703' title='bbox 1472 1804 1525 1834; x_wconf 87' lang='grc' dir='ltr'>Καὶ</span> <span class='ocrx_word' id='word_1_704' title='bbox 1541 1806 1558 1840; x_wconf 86' lang='grc' dir='ltr'>ἡ</span> <span class='ocrx_word' id='word_1_705' title='bbox 1576 1804 1649 1841; x_wconf 81' lang='grc' dir='ltr'>ζωὴ,</span> <span class='ocrx_word' id='word_1_706' title='bbox 1664 1803 1743 1844; x_wconf 81' lang='grc' dir='ltr'>φησὶ,</span> <span class='ocrx_word' id='word_1_707' title='bbox 1758 1801 1839 1831; x_wconf 78' lang='grc' dir='ltr'>τῶνδι-</span> 
     </span>
    </p>
   </div>
   <div class='ocr_carea' id='block_1_95' title="bbox 1073 1845 1840 1890">
    <p class='ocr_par' dir='ltr' id='par_1_95' title="bbox 1073 1845 1840 1890">
     <span class='ocr_line' id='line_1_95' title="bbox 1073 1845 1840 1890; baseline -0.001 -13"><span class='ocrx_word' id='word_1_708' title='bbox 1073 1848 1213 1878; x_wconf 83' lang='grc' dir='ltr'>δασκάλων</span> <span class='ocrx_word' id='word_1_709' title='bbox 1234 1848 1267 1878; x_wconf 88' lang='grc' dir='ltr'>δι’</span> <span class='ocrx_word' id='word_1_710' title='bbox 1282 1850 1351 1887; x_wconf 70' lang='grc' dir='ltr'>ὑμᾶς</span> <span class='ocrx_word' id='word_1_711' title='bbox 1373 1851 1463 1886; x_wconf 82' lang='grc' dir='ltr'>ἐστιν,</span> <span class='ocrx_word' id='word_1_712' title='bbox 1485 1848 1528 1879; x_wconf 79' lang='grc' dir='ltr'><strong>ἵνα</strong></span> <span class='ocrx_word' id='word_1_713' title='bbox 1552 1850 1691 1890; x_wconf 75' lang='grc' dir='ltr'>ὠφελῆσθι</span> <span class='ocrx_word' id='word_1_714' title='bbox 1706 1845 1840 1890; x_wconf 62' lang='grc' dir='ltr'>διδασκόμ-</span> 
     </span>
    </p>
   </div>
   <div class='ocr_carea' id='block_1_96' title="bbox 1071 1889 1841 1933">
    <p class='ocr_par' dir='ltr' id='par_1_96' title="bbox 1071 1889 1841 1933">
     <span class='ocr_line' id='line_1_96' title="bbox 1071 1889 1841 1933; baseline 0 -11"><span class='ocrx_word' id='word_1_715' title='bbox 1071 1905 1111 1923; x_wconf 90' lang='grc' dir='ltr'><strong>νοι</strong></span> <span class='ocrx_word' id='word_1_716' title='bbox 1124 1905 1131 1912; x_wconf 93' lang='grc'><strong>·</strong></span> <span class='ocrx_word' id='word_1_717' title='bbox 1156 1893 1201 1923; x_wconf 81' lang='grc' dir='ltr'><strong>καὶ</strong></span> <span class='ocrx_word' id='word_1_718' title='bbox 1215 1895 1230 1923; x_wconf 80' lang='grc' dir='ltr'><strong>ὃ</strong></span> <span class='ocrx_word' id='word_1_719' title='bbox 1245 1893 1354 1928; x_wconf 83' lang='grc' dir='ltr'>θάνατος</span> <span class='ocrx_word' id='word_1_720' title='bbox 1369 1895 1455 1924; x_wconf 79' lang='grc' dir='ltr'>αὐτῶν</span> <span class='ocrx_word' id='word_1_721' title='bbox 1479 1894 1512 1924; x_wconf 82' lang='grc' dir='ltr'>δι’</span> <span class='ocrx_word' id='word_1_722' title='bbox 1533 1889 1601 1933; x_wconf 60' lang='grc' dir='ltr'><strong>ὑμᾶς</strong></span> <span class='ocrx_word' id='word_1_723' title='bbox 1618 1907 1625 1913; x_wconf 91' lang='grc'><strong>·</strong></span> <span class='ocrx_word' id='word_1_724' title='bbox 1643 1894 1709 1933; x_wconf 74' lang='grc' dir='ltr'>ὑπὲρ</span> <span class='ocrx_word' id='word_1_725' title='bbox 1729 1893 1794 1932; x_wconf 69' lang='grc' dir='ltr'><strong>ὑμῶν</strong></span> <span class='ocrx_word' id='word_1_726' title='bbox 1805 1889 1841 1929; x_wconf 70' lang='grc' dir='ltr'><strong>γὰρ</strong></span> 
     </span>
    </p>
   </div>
   <div class='ocr_carea' id='block_1_97' title="bbox 1072 1933 1840 1980">
    <p class='ocr_par' dir='ltr' id='par_1_97' title="bbox 1072 1933 1840 1980">
     <span class='ocr_line' id='line_1_97' title="bbox 1072 1933 1840 1980; baseline 0 -13"><span class='ocrx_word' id='word_1_727' title='bbox 1072 1938 1268 1976; x_wconf 75' lang='grc' dir='ltr'>κινδυνεύουσι,</span> <span class='ocrx_word' id='word_1_728' title='bbox 1301 1939 1348 1969; x_wconf 69' lang='grc' dir='ltr'>καὶ</span> <span class='ocrx_word' id='word_1_729' title='bbox 1369 1942 1418 1976; x_wconf 77' lang='grc' dir='ltr'>τῆς</span> <span class='ocrx_word' id='word_1_730' title='bbox 1443 1939 1574 1980; x_wconf 79' lang='grc' dir='ltr'>ὖμετέρας</span> <span class='ocrx_word' id='word_1_731' title='bbox 1599 1939 1740 1979; x_wconf 79' lang='grc' dir='ltr'>σωτηρίας.</span> <span class='ocrx_word' id='word_1_732' title='bbox 1757 1936 1791 1967; x_wconf 85' lang='grc' dir='ltr'><em>Ἦ</em></span> <span class='ocrx_word' id='word_1_733' title='bbox 1809 1933 1840 1964; x_wconf 72' lang='grc' dir='ltr'>καὶ</span> 
     </span>
    </p>
   </div>
   <div class='ocr_carea' id='block_1_98' title="bbox 1073 1982 1839 2023">
    <p class='ocr_par' dir='ltr' id='par_1_98' title="bbox 1073 1982 1839 2023">
     <span class='ocr_line' id='line_1_98' title="bbox 1073 1982 1839 2023; baseline 0.001 -10"><span class='ocrx_word' id='word_1_734' title='bbox 1073 1983 1159 2017; x_wconf 78' lang='grc' dir='ltr'>ἄλλως</span> <span class='ocrx_word' id='word_1_735' title='bbox 1174 1996 1181 2002; x_wconf 83' lang='grc'><strong><em>“</em></strong></span> <span class='ocrx_word' id='word_1_736' title='bbox 1194 1982 1259 2014; x_wconf 72' lang='grc' dir='ltr'><strong>Ὀτι</strong></span> <span class='ocrx_word' id='word_1_737' title='bbox 1270 1984 1316 2013; x_wconf 87' lang='grc' dir='ltr'><strong>καὶ</strong></span> <span class='ocrx_word' id='word_1_738' title='bbox 1331 1986 1344 2014; x_wconf 83' lang='grc' dir='ltr'>ὁ</span> <span class='ocrx_word' id='word_1_739' title='bbox 1358 1987 1403 2014; x_wconf 84' lang='grc' dir='ltr'><strong>τοῦ</strong></span> <span class='ocrx_word' id='word_1_740' title='bbox 1419 1984 1504 2023; x_wconf 82' lang='grc' dir='ltr'><strong>Ἀδὰμ.</strong></span> <span class='ocrx_word' id='word_1_741' title='bbox 1520 1984 1633 2018; x_wconf 82' lang='grc' dir='ltr'>θάνατος</span> <span class='ocrx_word' id='word_1_742' title='bbox 1653 1984 1685 2014; x_wconf 84' lang='grc' dir='ltr'>δι’</span> <span class='ocrx_word' id='word_1_743' title='bbox 1698 1986 1761 2022; x_wconf 79' lang='grc' dir='ltr'><strong>ὑμᾶς</strong></span> <span class='ocrx_word' id='word_1_744' title='bbox 1777 1983 1839 2014; x_wconf 61' lang='grc' dir='ltr'>ἔσται</span> 
     </span>
    </p>
   </div>
   <div class='ocr_carea' id='block_1_99' title="bbox 1071 2027 1840 2069">
    <p class='ocr_par' dir='ltr' id='par_1_99' title="bbox 1071 2027 1840 2069">
     <span class='ocr_line' id='line_1_99' title="bbox 1071 2027 1840 2069; baseline -0.001 -12"><span class='ocrx_word' id='word_1_745' title='bbox 1071 2027 1114 2057; x_wconf 79' lang='grc' dir='ltr'><strong>ἵνα</strong></span> <span class='ocrx_word' id='word_1_746' title='bbox 1137 2031 1332 2069; x_wconf 74' lang='grc' dir='ltr'>σωφρονισθῆτε</span> <span class='ocrx_word' id='word_1_747' title='bbox 1345 2041 1351 2047; x_wconf 90' lang='grc'><strong>·</strong></span> <span class='ocrx_word' id='word_1_748' title='bbox 1367 2029 1414 2059; x_wconf 75' lang='grc' dir='ltr'><strong>καὶ</strong></span> <span class='ocrx_word' id='word_1_749' title='bbox 1437 2031 1450 2059; x_wconf 80' lang='grc' dir='ltr'>ὁ</span> <span class='ocrx_word' id='word_1_750' title='bbox 1472 2032 1516 2059; x_wconf 87' lang='grc' dir='ltr'><strong>τοῦ</strong></span> <span class='ocrx_word' id='word_1_751' title='bbox 1532 2030 1652 2069; x_wconf 75' lang='grc' dir='ltr'>Χριστοῦ</span> <span class='ocrx_word' id='word_1_752' title='bbox 1665 2052 1674 2067; x_wconf 78' lang='lat'><strong>,</strong></span> <span class='ocrx_word' id='word_1_753' title='bbox 1687 2028 1728 2058; x_wconf 76' lang='grc' dir='ltr'><strong>ἵνα</strong></span> <span class='ocrx_word' id='word_1_754' title='bbox 1743 2028 1840 2061; x_wconf 55' lang='lat' dir='ltr'><strong>scibitr</strong></span> 
     </span>
    </p>
   </div>
   <div class='ocr_carea' id='block_1_100' title="bbox 1072 2070 1839 2112">
    <p class='ocr_par' dir='ltr' id='par_1_100' title="bbox 1072 2070 1839 2112">
     <span class='ocr_line' id='line_1_100' title="bbox 1072 2070 1839 2112; baseline -0.003 -10"><span class='ocrx_word' id='word_1_755' title='bbox 1072 2074 1117 2102; x_wconf 84' lang='grc' dir='ltr'><strong>καὶ</strong></span> <span class='ocrx_word' id='word_1_756' title='bbox 1137 2073 1227 2108; x_wconf 79' lang='grc' dir='ltr'>ἅπλῶς</span> <span class='ocrx_word' id='word_1_757' title='bbox 1241 2076 1255 2104; x_wconf 78' lang='grc' dir='ltr'><strong>ὃ</strong></span> <span class='ocrx_word' id='word_1_758' title='bbox 1269 2073 1368 2112; x_wconf 85' lang='grc' dir='ltr'>κόσμος</span> <span class='ocrx_word' id='word_1_759' title='bbox 1382 2074 1452 2108; x_wconf 76' lang='grc' dir='ltr'>ἅπας</span> <span class='ocrx_word' id='word_1_760' title='bbox 1468 2075 1502 2104; x_wconf 77' lang='grc' dir='ltr'>δι’</span> <span class='ocrx_word' id='word_1_761' title='bbox 1519 2076 1588 2112; x_wconf 77' lang='grc' dir='ltr'>ὑμᾶς</span> <span class='ocrx_word' id='word_1_762' title='bbox 1601 2098 1608 2111; x_wconf 88' lang='grc'><strong>,</strong></span> <span class='ocrx_word' id='word_1_763' title='bbox 1626 2075 1662 2108; x_wconf 82' lang='grc' dir='ltr'>ὥς</span> <span class='ocrx_word' id='word_1_764' title='bbox 1677 2074 1708 2103; x_wconf 80' lang='grc' dir='ltr'><strong>ἂν</strong></span> <span class='ocrx_word' id='word_1_765' title='bbox 1723 2072 1746 2091; x_wconf 73' lang='grc'><strong>⁸³</strong></span> <span class='ocrx_word' id='word_1_766' title='bbox 1763 2072 1790 2101; x_wconf 86' lang='grc' dir='ltr'>δι’</span> <span class='ocrx_word' id='word_1_767' title='bbox 1804 2070 1839 2098; x_wconf 82' lang='grc' dir='ltr'><strong>αὖ-</strong></span> 
     </span>
    </p>
   </div>
   <div class='ocr_carea' id='block_1_101' title="bbox 1071 2116 1839 2160">
    <p class='ocr_par' dir='ltr' id='par_1_101' title="bbox 1071 2116 1839 2160">
     <span class='ocr_line' id='line_1_101' title="bbox 1071 2116 1839 2160; baseline 0.001 -13"><span class='ocrx_word' id='word_1_768' title='bbox 1071 2121 1116 2148; x_wconf 83' lang='grc' dir='ltr'><strong>τοῦ</strong></span> <span class='ocrx_word' id='word_1_769' title='bbox 1133 2118 1196 2159; x_wconf 80' lang='grc' dir='ltr'>πρὸς</span> <span class='ocrx_word' id='word_1_770' title='bbox 1220 2118 1263 2148; x_wconf 80' lang='grc' dir='ltr'><strong>τὸν</strong></span> <span class='ocrx_word' id='word_1_771' title='bbox 1286 2119 1453 2160; x_wconf 81' lang='grc' dir='ltr'>Δημιουργὸν</span> <span class='ocrx_word' id='word_1_772' title='bbox 1479 2120 1643 2158; x_wconf 77' lang='grc' dir='ltr'>ὁδηγηθῆτε,</span> <span class='ocrx_word' id='word_1_773' title='bbox 1664 2118 1708 2149; x_wconf 82' lang='grc' dir='ltr'>καὶ</span> <span class='ocrx_word' id='word_1_774' title='bbox 1730 2116 1839 2158; x_wconf 70' lang='grc' dir='ltr'>χρῆσησθε</span> 
     </span>
    </p>
   </div>
   <div class='ocr_carea' id='block_1_102' title="bbox 1071 2161 1840 2205">
    <p class='ocr_par' dir='ltr' id='par_1_102' title="bbox 1071 2161 1840 2205">
     <span class='ocr_line' id='line_1_102' title="bbox 1071 2161 1840 2205; baseline -0.004 -12"><span class='ocrx_word' id='word_1_775' title='bbox 1071 2166 1103 2202; x_wconf 86' lang='grc' dir='ltr'><strong>τῇ</strong></span> <span class='ocrx_word' id='word_1_776' title='bbox 1117 2166 1201 2204; x_wconf 79' lang='grc' dir='ltr'>φθορᾷ</span> <span class='ocrx_word' id='word_1_777' title='bbox 1225 2165 1304 2193; x_wconf 81' lang='grc' dir='ltr'>αὐτοῦ</span> <span class='ocrx_word' id='word_1_778' title='bbox 1320 2163 1473 2205; x_wconf 80' lang='grc' dir='ltr'>διδασκάλῳ</span> <span class='ocrx_word' id='word_1_779' title='bbox 1497 2165 1562 2204; x_wconf 84' lang='grc' dir='ltr'>πρὸς</span> <span class='ocrx_word' id='word_1_780' title='bbox 1585 2164 1629 2194; x_wconf 85' lang='grc' dir='ltr'><strong>τὸν</strong></span> <span class='ocrx_word' id='word_1_781' title='bbox 1654 2165 1705 2194; x_wconf 76' lang='grc' dir='ltr'><strong>τῶν</strong></span> <span class='ocrx_word' id='word_1_782' title='bbox 1727 2161 1840 2202; x_wconf 76' lang='grc' dir='ltr'>ἀφθάρτων</span> 
     </span>
    </p>
   </div>
   <div class='ocr_carea' id='block_1_103' title="bbox 1035 2206 1841 2248">
    <p class='ocr_par' dir='ltr' id='par_1_103' title="bbox 1035 2206 1841 2248">
     <span class='ocr_line' id='line_1_103' title="bbox 1035 2206 1841 2248; baseline -0.004 -10"><span class='ocrx_word' id='word_1_783' title='bbox 1035 2215 1057 2247; x_wconf 87' lang='grc'><strong>[)</strong></span> <span class='ocrx_word' id='word_1_784' title='bbox 1074 2208 1165 2239; x_wconf 87' lang='grc' dir='ltr'>πόθον.</span> <span class='ocrx_word' id='word_1_785' title='bbox 1182 2209 1236 2240; x_wconf 82' lang='grc' dir='ltr'>Καὶ</span> <span class='ocrx_word' id='word_1_786' title='bbox 1249 2209 1282 2238; x_wconf 73' lang='grc' dir='ltr'><strong>τὰ</strong></span> <span class='ocrx_word' id='word_1_787' title='bbox 1297 2210 1428 2239; x_wconf 72' lang='grc' dir='ltr'>ἐνεστῶτα</span> <span class='ocrx_word' id='word_1_788' title='bbox 1449 2209 1485 2238; x_wconf 82' lang='grc' dir='ltr'>δι’</span> <span class='ocrx_word' id='word_1_789' title='bbox 1497 2211 1566 2248; x_wconf 75' lang='grc' dir='ltr'><strong>ὑμᾶς</strong></span> <span class='ocrx_word' id='word_1_790' title='bbox 1576 2231 1585 2248; x_wconf 84' lang='lat'><strong>,</strong></span> <span class='ocrx_word' id='word_1_791' title='bbox 1601 2209 1733 2244; x_wconf 69' lang='grc' dir='ltr'>τουτέστι,</span> <span class='ocrx_word' id='word_1_792' title='bbox 1747 2206 1776 2236; x_wconf 80' lang='grc' dir='ltr'><strong>τὰ</strong></span> <span class='ocrx_word' id='word_1_793' title='bbox 1793 2206 1841 2241; x_wconf 76' lang='grc' dir='ltr'>ἄγα-</span> 
     </span>
    </p>
   </div>
   <div class='ocr_carea' id='block_1_104' title="bbox 1074 2249 1840 2296">
    <p class='ocr_par' dir='ltr' id='par_1_104' title="bbox 1074 2249 1840 2296">
     <span class='ocr_line' id='line_1_104' title="bbox 1074 2249 1840 2296; baseline -0.004 -13"><span class='ocrx_word' id='word_1_794' title='bbox 1074 2253 1122 2290; x_wconf 85' lang='grc' dir='ltr'><strong>θὰ,</strong></span> <span class='ocrx_word' id='word_1_795' title='bbox 1150 2253 1167 2283; x_wconf 77' lang='grc' dir='ltr'><strong>ἃ</strong></span> <span class='ocrx_word' id='word_1_796' title='bbox 1194 2255 1310 2284; x_wconf 80' lang='grc' dir='ltr'>ἐντεῦθεν</span> <span class='ocrx_word' id='word_1_797' title='bbox 1340 2254 1392 2291; x_wconf 78' lang='grc' dir='ltr'><strong>ἤδη</strong></span> <span class='ocrx_word' id='word_1_798' title='bbox 1421 2254 1562 2296; x_wconf 81' lang='grc' dir='ltr'>χαρίζεται</span> <span class='ocrx_word' id='word_1_799' title='bbox 1589 2258 1644 2289; x_wconf 79' lang='grc' dir='ltr'>τοῖς</span> <span class='ocrx_word' id='word_1_800' title='bbox 1664 2249 1840 2283; x_wconf 73' lang='grc' dir='ltr'>πιστεύουσινδ</span> 
     </span>
    </p>
   </div>
   <div class='ocr_carea' id='block_1_105' title="bbox 1073 2298 1742 2339">
    <p class='ocr_par' dir='ltr' id='par_1_105' title="bbox 1073 2298 1742 2339">
     <span class='ocr_line' id='line_1_105' title="bbox 1073 2298 1742 2339; baseline -0.003 -10"><span class='ocrx_word' id='word_1_801' title='bbox 1073 2299 1141 2332; x_wconf 81' lang='grc' dir='ltr'><strong>θεός</strong></span> <span class='ocrx_word' id='word_1_802' title='bbox 1156 2311 1163 2318; x_wconf 85' lang='grc'>·</span> <span class='ocrx_word' id='word_1_803' title='bbox 1175 2299 1221 2329; x_wconf 81' lang='grc' dir='ltr'>καὶ</span> <span class='ocrx_word' id='word_1_804' title='bbox 1238 2299 1272 2330; x_wconf 81' lang='grc' dir='ltr'><strong>τὰ</strong></span> <span class='ocrx_word' id='word_1_805' title='bbox 1294 2298 1426 2339; x_wconf 82' lang='grc' dir='ltr'>μέλλοντα</span> <span class='ocrx_word' id='word_1_806' title='bbox 1443 2300 1476 2329; x_wconf 84' lang='grc' dir='ltr'>δι’</span> <span class='ocrx_word' id='word_1_807' title='bbox 1491 2301 1560 2339; x_wconf 75' lang='grc' dir='ltr'><strong>ὑμᾶς</strong></span> <span class='ocrx_word' id='word_1_808' title='bbox 1574 2299 1742 2338; x_wconf 80' lang='grc' dir='ltr'>ἡτοίμασται.</span> 
     </span>
    </p>
   </div>
   <div class='ocr_carea' id='block_1_106' title="bbox 1117 2382 1838 2427">
    <p class='ocr_par' dir='ltr' id='par_1_106' title="bbox 1117 2382 1838 2427">
     <span class='ocr_line' id='line_1_106' title="bbox 1117 2382 1838 2427; baseline 0.006 -10"><span class='ocrx_word' id='word_1_809' title='bbox 1117 2400 1129 2414; x_wconf 74' lang='grc' dir='ltr'><strong>α</strong></span> <span class='ocrx_word' id='word_1_810' title='bbox 1147 2387 1241 2418; x_wconf 80' lang='grc' dir='ltr'>Πάντα</span> <span class='ocrx_word' id='word_1_811' title='bbox 1266 2389 1339 2426; x_wconf 74' lang='grc' dir='ltr'>ὑμῶν</span> <span class='ocrx_word' id='word_1_812' title='bbox 1359 2389 1429 2418; x_wconf 75' lang='grc' dir='ltr'>ἐστιν</span> <span class='ocrx_word' id='word_1_813' title='bbox 1442 2399 1448 2406; x_wconf 91' lang='grc'>·</span> <span class='ocrx_word' id='word_1_814' title='bbox 1472 2389 1548 2426; x_wconf 81' lang='grc' dir='ltr'>ὓμεῖς</span> <span class='ocrx_word' id='word_1_815' title='bbox 1571 2387 1613 2424; x_wconf 82' lang='grc' dir='ltr'><strong>δὲ,</strong></span> <span class='ocrx_word' id='word_1_816' title='bbox 1637 2387 1768 2427; x_wconf 68' lang='grc' dir='ltr'>Χριστοῦ·</span> <span class='ocrx_word' id='word_1_817' title='bbox 1788 2382 1838 2427; x_wconf 66' lang='grc' dir='ltr'><strong>Χρίξ</strong></span> 
     </span>
    </p>
   </div>
   <div class='ocr_carea' id='block_1_107' title="bbox 1073 2422 1839 2473">
    <p class='ocr_par' dir='ltr' id='par_1_107' title="bbox 1073 2422 1839 2473">
     <span class='ocr_line' id='line_1_107' title="bbox 1073 2422 1839 2473; baseline -0.008 -11"><span class='ocrx_word' id='word_1_818' title='bbox 1073 2433 1133 2466; x_wconf 81' lang='grc' dir='ltr'>στὸς</span> <span class='ocrx_word' id='word_1_819' title='bbox 1157 2432 1203 2471; x_wconf 82' lang='grc' dir='ltr'><strong>δὲ,</strong></span> <span class='ocrx_word' id='word_1_820' title='bbox 1226 2422 1306 2463; x_wconf 78' lang='grc' dir='ltr'>Θεοῦ.</span> <span class='ocrx_word' id='word_1_821' title='bbox 1329 2447 1341 2459; x_wconf 76' lang='grc' dir='ltr'><strong>ιι</strong></span> <span class='ocrx_word' id='word_1_822' title='bbox 1357 2434 1420 2473; x_wconf 78' lang='grc' dir='ltr'>Οὐχ</span> <span class='ocrx_word' id='word_1_823' title='bbox 1432 2434 1466 2467; x_wconf 82' lang='grc' dir='ltr'>ὥς</span> <span class='ocrx_word' id='word_1_824' title='bbox 1484 2422 1561 2472; x_wconf 68' lang='grc' dir='ltr'>ἦμιῐς</span> <span class='ocrx_word' id='word_1_825' title='bbox 1585 2422 1716 2473; x_wconf 72' lang='grc' dir='ltr'>Χριστοῦ,</span> <span class='ocrx_word' id='word_1_826' title='bbox 1732 2429 1792 2459; x_wconf 72' lang='grc' dir='ltr'>οὕτω</span> <span class='ocrx_word' id='word_1_827' title='bbox 1807 2422 1839 2473; x_wconf 47' lang='grc' dir='ltr'><strong>διιῖ</strong></span> 
     </span>
    </p>
   </div>
   <div class='ocr_carea' id='block_1_108' title="bbox 1073 2469 1839 2519">
    <p class='ocr_par' dir='ltr' id='par_1_108' title="bbox 1073 2469 1839 2519">
     <span class='ocr_line' id='line_1_108' title="bbox 1073 2469 1839 2519; baseline -0.003 -12"><span class='ocrx_word' id='word_1_828' title='bbox 1073 2479 1086 2507; x_wconf 81' lang='grc' dir='ltr'><strong>ὁ</strong></span> <span class='ocrx_word' id='word_1_829' title='bbox 1102 2469 1216 2519; x_wconf 62' lang='grc' dir='ltr'>Χριστος</span> <span class='ocrx_word' id='word_1_830' title='bbox 1242 2480 1323 2509; x_wconf 83' lang='grc' dir='ltr'>Θεοῦ.</span> <span class='ocrx_word' id='word_1_831' title='bbox 1342 2469 1437 2516; x_wconf 61' lang='grc' dir='ltr'><strong>Ἦμτῗς</strong></span> <span class='ocrx_word' id='word_1_832' title='bbox 1456 2469 1509 2516; x_wconf 67' lang='grc' dir='ltr'><strong>μὲν</strong></span> <span class='ocrx_word' id='word_1_833' title='bbox 1528 2478 1579 2517; x_wconf 81' lang='grc' dir='ltr'><strong>γὰρ</strong></span> <span class='ocrx_word' id='word_1_834' title='bbox 1605 2469 1737 2518; x_wconf 70' lang='grc' dir='ltr'>Χριστοῦ,</span> <span class='ocrx_word' id='word_1_835' title='bbox 1756 2476 1786 2505; x_wconf 82' lang='grc' dir='ltr'><strong>ὡς</strong></span> <span class='ocrx_word' id='word_1_836' title='bbox 1806 2469 1839 2519; x_wconf 63' lang='grc' dir='ltr'><strong>ἕξ·</strong></span> 
     </span>
    </p>
   </div>
   <div class='ocr_carea' id='block_1_109' title="bbox 1072 2515 1839 2564">
    <p class='ocr_par' dir='ltr' id='par_1_109' title="bbox 1072 2515 1839 2564">
     <span class='ocr_line' id='line_1_109' title="bbox 1072 2515 1839 2564; baseline -0.007 -11"><span class='ocrx_word' id='word_1_837' title='bbox 1072 2534 1117 2562; x_wconf 89' lang='grc' dir='ltr'><strong>γον</strong></span> <span class='ocrx_word' id='word_1_838' title='bbox 1131 2515 1212 2553; x_wconf 75' lang='grc' dir='ltr'>αὐτοῦ</span> <span class='ocrx_word' id='word_1_839' title='bbox 1227 2523 1272 2553; x_wconf 87' lang='grc' dir='ltr'><strong>καὶ</strong></span> <span class='ocrx_word' id='word_1_840' title='bbox 1287 2515 1393 2561; x_wconf 80' lang='grc' dir='ltr'>ποίημα</span> <span class='ocrx_word' id='word_1_841' title='bbox 1408 2535 1415 2542; x_wconf 95' lang='grc'><strong>·</strong></span> <span class='ocrx_word' id='word_1_842' title='bbox 1438 2515 1461 2552; x_wconf 19' lang='lat'><strong>67</strong></span> <span class='ocrx_word' id='word_1_843' title='bbox 1475 2522 1502 2553; x_wconf 80' lang='grc' dir='ltr'><strong>δὲ</strong></span> <span class='ocrx_word' id='word_1_844' title='bbox 1525 2515 1644 2564; x_wconf 64' lang='grc' dir='ltr'>Χριστὸξ</span> <span class='ocrx_word' id='word_1_845' title='bbox 1664 2523 1708 2551; x_wconf 82' lang='grc' dir='ltr'><strong>τοῦ</strong></span> <span class='ocrx_word' id='word_1_846' title='bbox 1723 2519 1786 2551; x_wconf 79' lang='grc' dir='ltr'>Θεοῦ</span> <span class='ocrx_word' id='word_1_847' title='bbox 1795 2515 1839 2564; x_wconf 37' lang='grc' dir='ltr'><strong>,Ιᾶκ</strong></span> 
     </span>
    </p>
   </div>
   <div class='ocr_carea' id='block_1_110' title="bbox 1073 2559 1838 2608">
    <p class='ocr_par' dir='ltr' id='par_1_110' title="bbox 1073 2559 1838 2608">
     <span class='ocr_line' id='line_1_110' title="bbox 1073 2559 1838 2608; baseline -0.004 -10"><span class='ocrx_word' id='word_1_848' title='bbox 1073 2559 1136 2602; x_wconf 67' lang='grc' dir='ltr'><strong>Ῠὶὸς</strong></span> <span class='ocrx_word' id='word_1_849' title='bbox 1149 2567 1306 2608; x_wconf 83' lang='grc' dir='ltr'>προαιώνιος</span> <span class='ocrx_word' id='word_1_850' title='bbox 1319 2591 1326 2604; x_wconf 91' lang='grc'><strong>,</strong></span> <span class='ocrx_word' id='word_1_851' title='bbox 1348 2559 1394 2598; x_wconf 75' lang='grc' dir='ltr'><strong>καὶ</strong></span> <span class='ocrx_word' id='word_1_852' title='bbox 1417 2569 1454 2602; x_wconf 78' lang='grc' dir='ltr'><strong>ὥς</strong></span> <span class='ocrx_word' id='word_1_853' title='bbox 1477 2559 1563 2598; x_wconf 63' lang='grc' dir='ltr'>αἴτιον</span> <span class='ocrx_word' id='word_1_854' title='bbox 1576 2567 1645 2608; x_wconf 85' lang='grc' dir='ltr'>ἔχων</span> <span class='ocrx_word' id='word_1_855' title='bbox 1670 2566 1712 2596; x_wconf 77' lang='grc' dir='ltr'><strong>τὸν</strong></span> <span class='ocrx_word' id='word_1_856' title='bbox 1742 2559 1838 2608; x_wconf 74' lang='grc' dir='ltr'>Πατέρα-</span> 
     </span>
    </p>
   </div>
   <div class='ocr_carea' id='block_1_111' title="bbox 1071 2607 1838 2654">
    <p class='ocr_par' dir='ltr' id='par_1_111' title="bbox 1071 2607 1838 2654">
     <span class='ocr_line' id='line_1_111' title="bbox 1071 2607 1838 2654; baseline -0.001 -11"><span class='ocrx_word' id='word_1_857' title='bbox 1071 2611 1159 2643; x_wconf 67' lang='lat' dir='ltr'><strong>&quot;non</strong></span> <span class='ocrx_word' id='word_1_858' title='bbox 1173 2607 1197 2643; x_wconf 70' lang='lat' dir='ltr'><strong>si</strong></span> <span class='ocrx_word' id='word_1_859' title='bbox 1220 2613 1266 2644; x_wconf 84' lang='grc' dir='ltr'>καὶ</span> <span class='ocrx_word' id='word_1_860' title='bbox 1281 2613 1330 2653; x_wconf 84' lang='grc' dir='ltr'>μία</span> <span class='ocrx_word' id='word_1_861' title='bbox 1348 2615 1365 2650; x_wconf 88' lang='grc' dir='ltr'>ἡ</span> <span class='ocrx_word' id='word_1_862' title='bbox 1386 2612 1466 2650; x_wconf 77' lang='grc' dir='ltr'>λέξις,</span> <span class='ocrx_word' id='word_1_863' title='bbox 1493 2613 1563 2643; x_wconf 73' lang='grc' dir='ltr'>ἀλλὰ</span> <span class='ocrx_word' id='word_1_864' title='bbox 1584 2607 1704 2654; x_wconf 72' lang='grc' dir='ltr'>διάφορος</span> <span class='ocrx_word' id='word_1_865' title='bbox 1721 2610 1736 2646; x_wconf 82' lang='grc' dir='ltr'><strong>ἡ</strong></span> <span class='ocrx_word' id='word_1_866' title='bbox 1753 2607 1838 2654; x_wconf 38' lang='lat' dir='ltr'><strong>ait“:</strong></span> 
     </span>
    </p>
   </div>
   <div class='ocr_carea' id='block_1_112' title="bbox 1073 2647 1838 2697">
    <p class='ocr_par' dir='ltr' id='par_1_112' title="bbox 1073 2647 1838 2697">
     <span class='ocr_line' id='line_1_112' title="bbox 1073 2647 1838 2697; baseline 0.001 -10"><span class='ocrx_word' id='word_1_867' title='bbox 1073 2658 1130 2688; x_wconf 75' lang='grc' dir='ltr'>ἐπεὶ</span> <span class='ocrx_word' id='word_1_868' title='bbox 1155 2658 1214 2689; x_wconf 75' lang='grc' dir='ltr'>οὐδὲ</span> <span class='ocrx_word' id='word_1_869' title='bbox 1238 2647 1384 2690; x_wconf 39' lang='grc' dir='ltr'>τὰππάντα</span> <span class='ocrx_word' id='word_1_870' title='bbox 1410 2647 1493 2692; x_wconf 51' lang='lat' dir='ltr'><strong>obruto;</strong></span> <span class='ocrx_word' id='word_1_871' title='bbox 1523 2657 1593 2689; x_wconf 66' lang='grc' dir='ltr'>ἔστὶν</span> <span class='ocrx_word' id='word_1_872' title='bbox 1616 2647 1706 2697; x_wconf 54' lang='grc' dir='ltr'>ἠξιέόν,</span> <span class='ocrx_word' id='word_1_873' title='bbox 1732 2655 1763 2686; x_wconf 76' lang='grc' dir='ltr'><strong>ὣς</strong></span> <span class='ocrx_word' id='word_1_874' title='bbox 1781 2647 1838 2688; x_wconf 67' lang='grc' dir='ltr'><strong>ἦμίῖί</strong></span> 
     </span>
    </p>
   </div>
   <div class='ocr_carea' id='block_1_113' title="bbox 911 2767 1177 2798">
    <p class='ocr_par' dir='ltr' id='par_1_113' title="bbox 911 2767 1177 2798">
     <span class='ocr_line' id='line_1_113' title="bbox 911 2767 1177 2798; baseline 0 0"><span class='ocrx_word' id='word_1_875' title='bbox 911 2767 1006 2798; x_wconf 63' lang='lat' dir='ltr'><strong>Varie</strong></span> <span class='ocrx_word' id='word_1_876' title='bbox 1027 2767 1177 2798; x_wconf 84' lang='lat' dir='ltr'><strong>lectiones.</strong></span> 
     </span>
    </p>
   </div>
   <div class='ocr_carea' id='block_1_114' title="bbox 252 2830 948 2868">
    <p class='ocr_par' dir='ltr' id='par_1_114' title="bbox 252 2830 948 2868">
     <span class='ocr_line' id='line_1_114' title="bbox 252 2830 948 2868; baseline 0 -11"><span class='ocrx_word' id='word_1_877' title='bbox 252 2831 273 2848; x_wconf 84' lang='grc'><strong>⁸⁷</strong></span> <span class='ocrx_word' id='word_1_878' title='bbox 285 2831 422 2868; x_wconf 76' lang='grc' dir='ltr'>ἀνθρώπων</span> <span class='ocrx_word' id='word_1_879' title='bbox 435 2838 475 2859; x_wconf 89' lang='lat' dir='ltr'><strong>m.</strong></span> <span class='ocrx_word' id='word_1_880' title='bbox 513 2830 536 2848; x_wconf 76' lang='lat'><strong>“</strong></span> <span class='ocrx_word' id='word_1_881' title='bbox 552 2830 739 2867; x_wconf 69' lang='grc' dir='ltr'>συλλογισμοὺς</span> <span class='ocrx_word' id='word_1_882' title='bbox 753 2839 780 2860; x_wconf 93' lang='lat'><strong>0.</strong></span> <span class='ocrx_word' id='word_1_883' title='bbox 819 2830 841 2848; x_wconf 84' lang='grc'><strong>⁶⁹</strong></span> <span class='ocrx_word' id='word_1_884' title='bbox 852 2831 896 2858; x_wconf 79' lang='grc' dir='ltr'><strong>ἵνα</strong></span> <span class='ocrx_word' id='word_1_885' title='bbox 911 2839 948 2860; x_wconf 93' lang='lat' dir='ltr'><strong>m.</strong></span> 
     </span>
    </p>
   </div>
  </div>
