1881 3081
27 164 70 190 6i?

28 224 96 254 παντὶ
110 225 145 264 τῷ
159 224 262 263 κόσμῳ,
276 223 321 253 καὶ
334 228 413 254 πᾶσιν
433 224 580 264 ἀνθρώποις
591 236 597 244 ·
621 225 666 254 καὶ
688 227 737 265 οὐχ
752 226 798 255 ἕνα
813 230 839 261 Α

26 269 122 308 καιρὸν,
147 268 205 298 ἀλλ’
230 268 278 302 ἕως
300 269 373 307 ἄρτι.
398 267 474 308 "Ope:
499 269 526 298 δὲ
552 270 641 299 ὁποῖον
669 265 737 299 εἶναι
764 271 803 300 δεῖ

26 314 62 342 τὸν
86 312 255 352 Χριστιανὸν,
289 313 335 342 καὶ
362 313 402 343 ὅτι
428 314 516 342 ἀθλεῖν
540 314 640 354 ὀφείλει
664 315 728 354 ἄχρι
754 315 800 344 τέ-

29 360 90 392 λους.

26 447 49 471 ’ἲ
63 459 75 475 α
87 449 142 477 Οὔκ
158 447 288 486 ἐντρέπων
304 448 373 485 ὑμᾶς
397 449 481 477 ταῦτα
497 447 604 488 γράφω,
627 449 687 478 ἀλλ’
705 451 741 482 ὡς
755 449 799 478 τέ-

26 504 67 520 ιινα
83 503 128 530 μου
143 491 269 530 ἀγαπητὰ
293 492 318 510 ⁸⁷
344 494 482 522 νουθετῶν.
507 505 519 518 ι
544 494 585 523 Οὐ
615 493 800 533 καταισχύνων

24 537 96 573 ὑμᾶς,
117 536 203 575 φησὶν,
224 535 282 565 οὐδὲ
298 541 401 575 πονηρᾷ
413 537 460 566 καὶ
476 537 590 577 μισούσῃ
605 537 699 578 γνώμῃ
715 541 799 567 ταῦτα

24 581 95 618 λέγω,
109 581 164 610 ἀλλ’
178 583 214 614 ὡς
237 580 335 610 τέκναο
358 580 404 610 καὶ
428 582 478 621 οὐχ
496 581 587 616 ἅπλῶς
611 582 710 620 τέχνα,
730 583 799 612 ἀλλὰ

25 625 144 663 ἀγαπητά.
169 624 310 664 Σύγγνωτέ
333 637 379 663 μοι
404 625 428 654 εἴ
454 637 480 654 τι
506 626 551 655 καὶ
574 626 696 667 φορτικὸν
726 627 798 667 εἴρη-

25 681 61 698 ται
73 681 79 687 ·
91 669 115 704 ἐξ
130 670 235 709 ἀγάπης
254 669 305 708 γὰρ
322 672 407 699 ταῦτα
427 670 537 709 γίνεται.
559 671 612 700 Καὶ
638 672 684 700 οὐχ
707 667 797 710 εἶπεν,

24 713 157 752 Ἐπιτιμῶ,
170 714 258 750 ἀλλὰ,
277 725 292 743 ιι
304 715 428 744 Neues-rt?)
442 714 476 745 ⁸³.
491 727 506 742 ιι
525 715 574 748 Τίς
589 714 617 744 δὲ
627 716 675 744 οὐχ
687 716 718 745 ἂν
734 716 798 745 ἀνά-

24 770 101 797 σιοιτο
114 758 208 797 πατρὸς
226 761 423 796 νουθετοῦντος;

56 817 66 829 ι
80 802 139 833 Ἐὰν
150 803 200 842 γὰρ
216 803 324 843 μυρίους
340 803 619 846 παιδαγωγοὺςγέχητε
632 806 658 835 ἔν
674 806 796 846 Χριστῷ,

25 847 72 875 ἀλλ’
97 848 125 877 οὗ
147 847 259 881 πολλοὺς
282 848 411 887 πατέρας,
430 860 444 877 »
462 849 497 879 Τί
511 845 571 885 οῦν,
597 850 676 890 φασίν
701 850 744 885 ⁸⁰ς
774 852 797 879 οἱ

25 892 86 941 ξλλοι
97 893 148 941 ,οὐκ
172 893 311 941 ἆγαπῷσιν
321 937 327 941 Α
338 896 408 931 ἡμᾶς
416 904 435 941 ;Δ
450 895 512 933 Οὐχ
540 893 622 931 οὕτω,
644 894 722 935 φησὶν
732 917 740 930 ,
764 896 798 928 ὡς
814 910 837 941 Β

25 936 75 974 ἐγώ.
97 936 206 978 Ἐκεῖνοι
230 936 279 974 μὲν
300 937 351 976 γὰρ
373 938 540 977 παιδαγωγοί
559 950 565 957 ·
585 939 638 977 ἐγὼ
656 939 683 968 δὲ
699 939 798 978 πατήρ.

23 980 115 1020 Ὥσπερ
129 976 171 1011 οὖν
184 982 227 1010 ἐπὶ
253 984 305 1011 τῶν
320 981 422 1011 παίδων
432 1005 439 1019 ,
460 984 474 1011 ὁ
489 976 536 1021 μὲν
552 976 642 1022 πατὴρ
658 978 694 1017 εἷς
705 1005 713 1020 ,
730 985 754 1012 οἱ
771 976 799 1013 δὲ

23 1026 169 1065 παιδαγωγοὶ
191 1025 273 1065 τυχὸν
294 1027 388 1056 πολλοὶ
412 1027 437 1045 ⁹⁰
451 1038 458 1044 ·
484 1028 550 1067 πρὸς
573 1028 601 1057 δὲ
621 1028 651 1057 τὸ
672 1031 720 1058 τοῦ
744 1028 799 1062 ἑνὸς

23 1070 113 1109 φίλτρον
125 1093 133 1108 ,
149 1073 192 1100 τοῦ
207 1071 324 1111 πατρὸς,
339 1071 408 1111 φημὶ
421 1095 428 1108 ,
453 1073 545 1112 πολλῷ
565 1072 684 1102 λείπεται
703 1075 720 1108 ἡ
741 1073 797 1102 διά-

24 1117 81 1148 θεσις
96 1117 174 1144 αὐτῶν
191 1127 197 1133 ·
215 1115 286 1144 οὕτω
308 1116 353 1145 καὶ
378 1117 418 1156 ἐφ’
433 1118 529 1154 ἡμῶν,
557 1117 648 1157 φησίν.
665 1115 739 1157 Ὅρα
755 1117 798 1153 δὲ,

24 1161 70 1192 πῶς
89 1159 131 1188 καὶ
145 1159 192 1198 τὸ,
212 1171 228 1188 α
243 1160 291 1190 Ἐν
314 1162 437 1201 Χριστῷ,
455 1173 469 1190 ι
493 1161 654 1200 προσέθηκαν
678 1162 722 1191 ἐπὶ
745 1164 798 1191 τῶν

24 1203 180 1243 παιδαγωγῶν
193 1227 201 1240 ,
216 1203 263 1233 ἵνα
279 1205 316 1241 μὴ
336 1205 424 1241 πάντη
439 1205 527 1245 πλήξῃ
543 1206 646 1239 αὐτούς·
668 1206 738 1235 ἀλλὰ
754 1206 799 1235 χαὶ

23 1248 47 1276 τὸ
60 1248 241 1289 ἐπιπονώτερον
260 1248 308 1287 μὲν
333 1250 440 1284 ἐκείνοις
463 1250 560 1280 δέδωκε
587 1251 721 1289 (τοιοῦτον
747 1252 798 1290 γὰρ

24 1294 237 1334 ὃπαιδαγωγὸς),
256 1294 304 1329 τὴν
326 1294 353 1323 δὲ
379 1297 425 1331 τῆς
445 1295 550 1335 ἀγάπης
565 1295 712 1335 ὓπερϐολὴν
735 1298 798 1325 tau-

23 1339 54 1377 τῷ
67 1339 244 1375 ἐταμιεύσατο.

57 1393 71 1412 π
95 1383 138 1413 Ἐν
161 1384 210 1424 γὰρ
233 1385 345 1425 Χριστῷ
370 1384 461 1420 Ἰησοῦ
487 1385 531 1414 διὰ
564 1388 609 1416 τοῦ
637 1387 799 1425 Εὐαγγελίου

24 1427 67 1466 ἐγὼ
79 1429 139 1466 ὗμᾶς
160 1429 299 1468 ἐγέννησα.
323 1441 337 1458 ι)
367 1430 580 1465 Κατασχευᾶζων
593 1454 601 1469 ,
630 1433 687 1464 πῶς
709 1432 798 1470 πατήρ

25 1473 86 1508 ἐστι,
107 1473 194 1512 φησὶν,
213 1473 258 1503 ὅτι
284 1473 331 1504 Ἐν
412 1478 458 1504 τοῦ
473 1475 590 1515 Χριστοῦ
617 1476 725 1515 βοηθείᾳ
746 1476 798 1515 ἰγὼ

25 1518 81 1553 ὑμᾶς
93 1517 212 1554 ἐγέννησα
237 1518 281 1548 διὰ
303 1520 348 1547 τοῦ
365 1519 540 1558 Εὐαγγιλίου.
566 1522 606 1550 Οὐ
621 1519 689 1559 γὰρ,
705 1519 796 1559 ὥσπερ
812 1529 835 1561 C

25 1561 44 1589 οἱ
55 1562 136 1591 πολλοὶ
155 1562 216 1602 παρ’
232 1565 297 1600 ὑμῖν
306 1584 314 1598 ,
337 1563 446 1604 ἱμαοτῷ
468 1564 606 1602 λογίζομαι
620 1565 651 1594 τὸ
664 1569 776 1604 πρᾶγμα
785 1587 793 1601 ,

25 1606 81 1634 ἀλλὰ
100 1608 134 1645 τῷ
155 1608 274 1646 Χριστῷ.
300 1608 358 1636 Οὖιι
386 1603 445 1636 εἷπε
471 1607 515 1643 δὲ,
539 1608 665 1643 Ἐδίδαξα
675 1603 691 1645 ,ν
706 1609 793 1645 ἀλλὰ,

29 1660 40 1676 (ι
53 1649 198 1688 Ἐγέννησα,
215 1665 227 1677 υ
254 1653 292 1690 τῷ
307 1653 354 1687 τῆς
369 1652 471 1691 φύσεως
495 1653 608 1691 ὀνόματι
623 1653 671 1688 τὴν
688 1653 794 1691 ἀγάπην

23 1694 186 1731 ἐπιδεικνύων,
197 1695 245 1725 καὶ
261 1695 301 1724 ὅτι
320 1696 476 1726 οἰκειότατοι
494 1697 540 1726 καὶ
557 1696 733 1736 γνησιώτατοι
748 1699 795 1727 αὖ·

24 1741 61 1767 τοῦ
82 1739 190 1777 μαθηταὶ
214 1736 289 1770 οὗτοί
313 1741 400 1778 εἰσιν,
431 1743 467 1776 ὡς
492 1744 630 1781 πανταχοῦ
655 1743 701 1778 τῆς
717 1742 795 1772 Ἐπι-

24 1784 104 1819 στολῆς
120 1785 200 1820 δηλοῖ.

59 1838 72 1856 (ι
93 1830 243 1868 Παρακαλῶ
267 1825 312 1859 οὖν
336 1831 420 1868 ὑμᾶς,
437 1831 554 1869 μιμηταί
580 1842 631 1869 μου
650 1829 792 1868 γίνεσθε.»

24 1872 166 1909 Μιμήσασθε
177 1895 185 1910 ,
210 1873 293 1914 φησὶν
304 1897 313 1912 ,
331 1875 358 1904 εν
377 1879 458 1904 πᾶσιν
472 1875 520 1914 ἐμὲ
529 1897 537 1912 ,
551 1875 619 1914 μήτε
635 1876 680 1904 ἐπὶ
697 1876 776 1916 σοφίᾳ
787 1898 795 1911 ,

25 1916 80 1951 μήτε
110 1917 150 1946 ἐπὶ
182 1918 292 1959 πλούτῳ
328 1919 510 1958 ἐπαιρόμενοι,
547 1920 617 1959 μήτε
646 1919 712 1960 πρὸς
739 1919 798 1953 τοὺς

24 1960 131 2001 ἀδελφοὺς
143 1963 306 2001 διιστάμενοι
320 1975 327 1982 ·
344 1965 412 1994 ἀλλὰ
426 1964 472 1993 καὶ
486 1965 579 2005 σοφίαν
603 1964 649 1994 χαὶ
665 1965 778 1994 πλοῦτον
787 1987 795 2000 ,

23 2004 62 2049 ’ςὴν
86 2007 144 2046 πρὸς
172 2008 292 2047 Χριστὸν
329 2008 375 2038 καὶ
401 2004 528 2049 ἆδελφοὺξ
553 2010 660 2048 ἀγάπην
689 2010 794 2043 εἰδότες.

23 2046 83 2088 Ὅρα
96 2051 120 2079 δὲ
135 2046 277 2092 σπλάγχνα
292 2074 301 2091 ,
324 2055 379 2087 πῶς
395 2046 562 2093 παραλαλεῖ,
577 2046 625 2083 οὐχ
649 2053 796 2083 ἐπιτάσσει.

25 2093 134 2132 Μεγάλης
160 2096 187 2126 δὲ
214 2097 368 2137 παῤῥησίας
394 2097 439 2127 καὶ
467 2098 498 2127 τὸ
527 2098 620 2128 ἑαυτὸν
648 2098 796 2138 ἀρχέτυπον

24 2138 162 2176 προτιθέναι.

812 2173 838 2205 D

58 2285 72 2300 ι
93 2276 140 2305 Διὰ
161 2279 236 2307 τοῦτο
252 2276 359 2318 ἔπεμψα
379 2278 440 2316 ὑμῖν
467 2278 611 2316 Τιμόθεον,
635 2278 663 2312 ὃς
681 2280 738 2308 ἐστι
756 2279 798 2308 τέ-

23 2327 73 2363 κνω(
86 2330 131 2356 μου
147 2321 296 2359 ἀγαπητόν.
317 2336 329 2348 ι
345 2322 435 2359 Διότι,
448 2322 527 2363 φησὶ,
542 2323 659 2361 κήδομαι
675 2325 748 2361 ὑμῶν
762 2325 797 2357 ὡς

23 2362 126 2408 παίδων,
151 2366 258 2407 ἔπεμψα
290 2368 352 2406 ὑμῖν
387 2362 527 2406 Τιμόθεον.
556 2367 641 2400 Αὐτὸς
669 2367 717 2406 μὲν
746 2368 798 2408 γὰρ

26 2404 160 2452 ᾖβουλόμην
183 2404 288 2447 ἐλθεῖν,
308 2404 345 2445 ὧς
369 2412 399 2441 ἂν
424 2404 577 2452 παταρτίσω
596 2404 689 2450 ὑμᾶς’·
706 2404 798 2448 ἐπειδῆ

23 2448 45 2503 ιῖὲ
65 2452 90 2480 οὗ
114 2454 237 2492 δυνατὸν,
254 2456 362 2503 impia
386 2459 493 2493 τοῦτον,
515 2456 541 2490 ὃς
557 2457 614 2486 ἐστι
639 2455 732 2486 τέκνον
747 2469 798 2495 μου

24 2494 151 2541 ἀγαπητόν.
166 2501 252 2530 Τοῦτο
273 2501 301 2530 δὲ
316 2494 388 2530 εἶπεν
399 2523 408 2537 ,
425 2499 469 2529 ἵνα
484 2501 541 2540 ἅμα
556 2499 604 2539 μὲν
628 2501 697 2541 δείξῃ
716 2494 798 2532 πέσον

25 2539 103 2585 αιξντοῖές
124 2543 230 2584 ἀγαπᾷ,
257 2545 281 2574 εἴ
309 2557 340 2584 γι
362 2545 447 2575 εἵλετο
476 2547 555 2575 αὐτοῦ
577 2548 742 2585 χωρισθῆναι
769 2547 801 2575 δι’

25 2583 104 2618 αὖτοῦς
119 2598 125 2605 ·
152 2583 209 2627 ἅμα
238 2590 282 2628 δὲ,
309 2583 352 2620 ἵνα
382 2591 429 2620 καὶ
459 2583 596 2629 αἰδέσιμοξ
623 2583 724 2625 αὐτοῖς
754 2591 800 2630 γέ-

27 2638 100 2662 νηται.

442 162 616 191 EXPOSITIO
634 163 667 191 IN
687 163 789 192 EPIST.
811 165 820 192 l
839 166 885 193 AD
906 165 983 194 (ΞΟΠ.
1004 179 1039 185 -
1061 165 1136 194 CAP.
1156 165 1199 192 lV.

1599 167 1651 194 618

854 227 981 261 habendi,
995 235 1050 255 non
1056 228 1146 255 solum
1161 227 1248 260 vobis,
1266 234 1362 255 verum
1376 226 1461 254 etiam
1474 227 1526 255 toti
1548 227 1652 256 mundo

855 276 882 300 et
891 273 999 300 cunctis
1021 271 1188 300 mortalibus
1203 281 1210 298 :
1225 279 1275 299 nec
1287 279 1344 299 uno
1363 271 1496 299 duntaxat
1508 276 1650 308 tempore;

855 317 904 345 sed
917 317 951 345 ad
967 317 1036 346 hanc
1053 325 1140 352 usque
1156 316 1264 344 horam.
1277 315 1398 344 Observa
1410 315 1455 344 hic
1467 316 1574 352 qualem
1591 324 1652 345 esse

855 367 980 398 oporteat
1006 361 1205 394 Christianum,
1241 360 1369 397 quodque
1393 360 1427 389 ad
1451 361 1536 389 ﬁnem
1565 369 1653 398 usque

854 411 959 435 certare
971 407 1079 436 debeat.

890 453 981 480 Vitas.
997 454 1041 479 14.
1057 463 1070 476 α
1084 453 1147 479 Νοιι
1161 455 1192 479 ut
1211 458 1260 479 vos
1274 450 1457 487 pudefaciam,
1471 450 1530 480 haec
1544 450 1649 485 scribo;

855 496 902 524 sed
921 500 951 524 ut
969 495 1040 524 ﬁlios
1053 503 1130 524 meos
1144 496 1309 524 clarissimos
1329 503 1442 524 moneo.
1460 507 1472 520 -
1488 497 1551 524 Non
1565 494 1650 532 pude-

853 541 954 569 faciens
967 552 980 566 α
1001 548 1049 569 vos
1065 552 1078 565 α
1094 540 1195 576 inquit,
1214 548 1302 577 neque
1317 547 1400 576 prava
1415 544 1444 568 et
1457 539 1546 568 invida
1559 543 1652 568 mente

853 586 905 614 hoc
929 585 1003 618 dico.
1041 590 1172 614 caeterum
1189 597 1202 610 ι
1224 590 1255 613 ut
1268 585 1357 613 lilios:
1373 597 1385 609 ιι
1412 593 1463 613 nec
1490 585 1652 620 simpliciter

852 630 932 664 ﬁlio,
945 630 995 658 sed
1009 630 1135 658 dilectos.
1153 630 1288 666 ignoscite
1300 629 1365 657 mihi
1379 629 1400 658 si
1412 629 1481 665 quid
1502 630 1650 657 molestum

852 683 865 702 a
882 683 927 702 me
945 675 1050 703 dictum
1064 675 1108 703 sit.
1121 676 1188 703 llaec
1203 674 1279 702 enim
1291 683 1323 702 ex
1335 681 1432 702 amore
1450 673 1528 701 ﬁunt.
1542 675 1578 701 Et
1593 682 1650 702 non

851 719 930 755 dixit,
957 720 1077 756 increpo,
1097 720 1155 753 sed,
1179 731 1192 743 ι
1206 720 1314 747 Moneo.
1345 730 1357 742 ιι
1380 719 1446 753 Quis
1469 726 1533 747 vero
1552 718 1649 747 admo-

851 769 964 793 nentem
979 769 1085 800 patrem
1101 772 1157 792 non
1171 764 1327 792 sustineat?

887 811 979 837 Vsus.
1001 812 1044 837 15.
1062 821 1074 833 ιι
1094 810 1164 836 Nam
1180 809 1201 836 si
1224 808 1319 837 decem
1333 808 1416 836 millia
1433 807 1648 844 paedagogorum

852 853 976 881 habeatis
992 853 1019 880 in
1031 853 1152 887 Christo,
1167 852 1215 881 sed
1230 861 1288 881 non
1308 853 1411 880 multos
1426 856 1528 888 patres.
1548 864 1560 876 ν
1576 852 1649 888 Quid

853 898 942 933 igitur,
958 898 1088 934 inquiunt
1101 899 1112 924 Ρ
1124 905 1180 925 non
1202 897 1320 933 diligunt
1334 905 1385 925 nos
1411 897 1455 924 alii
1468 899 1480 925 Ρ
1494 898 1557 925 Non
1573 904 1647 930 eam,

854 943 955 979 inquit,
983 942 1018 970 ad
1031 942 1165 970 rationem
1177 949 1230 977 qua
1244 949 1305 977 ego.
1318 941 1361 969 Illi
1372 949 1491 977 namque
1503 940 1647 977 paedagogi

853 991 927 1020 sunt,
942 995 993 1022 ego
1003 994 1067 1014 vero
1078 985 1505 1022 pater.Quemadmodumigitur
1514 986 1543 1013 in
1555 986 1647 1022 pueris

854 1032 911 1060 ﬁeri
921 1032 1000 1065 solet,
1021 1036 1052 1059 ut
1065 1031 1099 1059 sit
1113 1035 1188 1067 pater
1214 1038 1295 1065 unus,
1322 1030 1460 1066 paedagogi
1481 1038 1547 1058 vero
1566 1030 1647 1058 multi

853 1076 969 1104 fortasse
985 1085 991 1104 :
1006 1076 1041 1104 ad
1057 1076 1138 1104 unius
1147 1080 1239 1104 autem
1249 1083 1386 1108 amorem,
1407 1075 1491 1111 patris
1503 1074 1647 1109 nimirum,

853 1122 875 1148 si
901 1120 1087 1154 conferantur,
1105 1121 1224 1148 multum
1237 1120 1323 1148 distat
1337 1127 1434 1147 eorum
1448 1119 1559 1148 affectio
1581 1129 1588 1148 :
1610 1120 1648 1147 sic

853 1169 882 1193 et
909 1165 1055 1194 nobiscum
1070 1165 1110 1192 ﬁt.
1125 1164 1325 1193 Animadverte
1344 1164 1390 1192 hic
1413 1164 1564 1200 quomodo,
1587 1175 1597 1189 ι
1617 1165 1648 1192 lu

852 1210 974 1244 Christo,
992 1221 1005 1234 ι
1029 1209 1187 1246 apposuerit
1201 1209 1235 1238 ad
1259 1218 1274 1235 ι(
1295 1208 1519 1245 paedagogorum,
1540 1216 1575 1236 ne
1600 1216 1649 1237 eos

853 1255 967 1283 omnino
982 1255 1112 1290 percellat
1128 1263 1135 1282 :
1152 1255 1253 1282 Verum
1269 1253 1344 1290 quod
1359 1254 1419 1289 plus
1437 1253 1541 1281 laboris
1553 1252 1647 1286 habet,

852 1299 890 1327 eis
909 1299 1037 1327 attribuit
1055 1299 1094 1332 (id
1105 1299 1181 1327 enim
1193 1302 1236 1326 est
1250 1298 1433 1334 paedagogum
1454 1301 1534 1333 esse),
1550 1297 1644 1326 chari-

852 1345 916 1372 tatis
929 1348 1021 1372 autem
1032 1351 1175 1372 excessum
1189 1343 1241 1372 sibi
1255 1343 1307 1378 ipsi
1322 1343 1505 1371 conservavit.

890 1399 904 1413 ι
926 1390 957 1416 1n
973 1389 1080 1417 Christo
1095 1387 1169 1416 enim
1183 1389 1247 1416 Jesu
1263 1395 1311 1424 per
1327 1387 1507 1424 Evangelium
1527 1395 1576 1416 vos
1599 1395 1648 1424 ge-

852 1433 909 1461 nui.
947 1443 961 1460 »
988 1433 1162 1462 Conﬁrmans
1187 1432 1328 1469 quomodo
1356 1437 1432 1468 pater
1455 1433 1501 1466 sit,
1535 1432 1647 1467 Christi,

852 1478 952 1514 inquit,
968 1486 1021 1514 ope
1037 1490 1050 1502 σι
1063 1485 1110 1506 vos
1119 1477 1200 1514 genui
1211 1485 1258 1513 per
1270 1477 1461 1513 Evangelium.
1473 1487 1487 1503 ι)
1502 1478 1564 1505 Non
1571 1477 1648 1505 enim

853 1522 984 1559 mihiipsi,
1005 1526 1036 1550 ut
1055 1522 1174 1558 plerique
1195 1522 1266 1550 inter
1290 1529 1348 1555 vos,
1376 1521 1482 1549 ascribo
1507 1521 1648 1557 imputove

851 1575 928 1601 rem,
944 1567 992 1595 sed
1012 1567 1135 1596 Christo.
1163 1568 1225 1595 Non
1239 1566 1309 1595 dixit
1332 1569 1440 1598 autem,
1460 1565 1558 1599 docui,
1583 1566 1645 1599 sed,

852 1623 865 1636 ι
895 1613 986 1640 Genui
1003 1623 1009 1640 :
1027 1623 1040 1637 ιι
1069 1616 1173 1640 [λειω-ω
1187 1611 1315 1640 videlicet
1329 1611 1444 1640 nomine
1468 1610 1646 1639 dilectionem

850 1656 1009 1691 ostendens,
1026 1657 1154 1693 quodque
1175 1656 1279 1692 proprii
1294 1656 1381 1690 valde,
1406 1655 1647 1691 maximequejge-

851 1701 930 1729 nuini
956 1701 1000 1729 isti
1014 1701 1141 1738 discipuli
1157 1701 1199 1729 sui
1214 1702 1280 1735 sint,
1303 1705 1333 1729 ut
1352 1701 1456 1737 ubique
1477 1700 1506 1728 in
1525 1699 1648 1736 Epistola

851 1745 1018 1774 manifestat.

887 1836 976 1864 Vitas.
994 1838 1038 1863 16.
1055 1846 1069 1860 α
1087 1835 1227 1863 Adhortor
1240 1834 1330 1870 itaque
1344 1841 1404 1868 vos,
1421 1833 1576 1862 imitatores
1588 1833 1646 1862 mei

851 1884 948 1908 estote.
972 1889 986 1906 ι)
1007 1879 1166 1912 lmitamini,
1186 1878 1287 1914 inquit,
1313 1885 1358 1906 me
1376 1879 1405 1905 in
1423 1876 1552 1905 omnibus
1569 1886 1577 1905 :
1595 1885 1648 1905 nec

851 1924 1003 1960 sapientiae,
1019 1931 1068 1952 nec
1082 1923 1242 1952 divitiarum
1254 1922 1367 1950 nomine
1378 1921 1546 1955 efferamini,
1558 1929 1648 1957 neque

851 1977 916 1997 cum
930 1969 1058 1997 fratribus
1072 1967 1225 1996 dissideatis
1238 1977 1245 1995 :
1259 1974 1354 1995 verum
1377 1974 1424 1994 eas
1438 1970 1547 1994 tantum
1571 1973 1647 2002 opes,

851 2022 914 2042 eam
938 2022 998 2042 esse
1023 2021 1115 2042 veram
1132 2012 1296 2048 sapientiam
1316 2011 1461 2045 noveritis,
1479 2010 1648 2039 charitatem

852 2059 982 2087 nimirum
1007 2066 1073 2095 erga
1087 2057 1226 2086 Christum
1247 2061 1275 2085 et
1288 2056 1396 2084 fratres.
1411 2056 1532 2084 (bserva
1552 2059 1647 2084 autem

850 2103 1006 2132 dilectionis
1031 2102 1184 2131 affectum:
1206 2101 1368 2130 adhortatur
1396 2101 1482 2134 enim,
1506 2108 1563 2129 non
1592 2101 1647 2128 im-

851 2153 936 2185 perat.
966 2150 1072 2185 Magna:
1097 2151 1189 2176 autem
1222 2146 1329 2175 ﬁducia
1360 2149 1555 2182 argumentum
1589 2149 1646 2179 est,

852 2193 927 2230 quod
959 2201 1018 2222 sese
1051 2192 1203 2228 exemplar,
1243 2191 1319 2228 quod
1350 2190 1505 2225 imitentur,
1545 2197 1647 2226 propo-

852 2242 910 2266 nat.

888 2283 976 2311 Vens.
993 2285 1035 2310 11.
1055 2292 1070 2308 ιι
1082 2281 1147 2310 Ideo
1161 2280 1224 2309 misi
1240 2279 1316 2308 vobis
1340 2279 1530 2313 Timotheum,
1545 2277 1592 2314 qui
1606 2281 1648 2306 est

854 2327 924 2356 lilius
950 2335 1028 2355 meus
1049 2326 1174 2355 dilectus.
1188 2335 1203 2352 ν
1219 2325 1355 2360 Quoniam
1373 2324 1467 2358 vestri,
1495 2322 1577 2359 146
1604 2322 1649 2350 in-

852 2372 920 2408 quit.
931 2380 1026 2400 curam
1037 2379 1113 2407 gero,
1128 2378 1184 2398 non
1198 2377 1278 2398 secus
1291 2377 1323 2397 ac
1346 2369 1480 2403 ﬁliorum,
1491 2367 1556 2396 misi
1567 2367 1648 2396 vobis

852 2416 1038 2446 Timotheum.
1054 2417 1114 2451 Ipse
1135 2413 1246 2451 quidem
1260 2413 1354 2442 venire
1368 2413 1452 2446 volui.
1463 2416 1494 2441 ut
1506 2420 1554 2441 vos
1568 2420 1645 2440 com-

853 2469 983 2497 ponerem
1000 2469 1007 2489 :
1022 2460 1086 2496 quia
1109 2467 1175 2487 vero
1188 2459 1260 2487 istuc
1278 2457 1337 2486 ﬁeri
1357 2457 1430 2486 haud
1459 2457 1557 2493 potuit,
1582 2457 1648 2484 misi

853 2507 947 2539 istum,
973 2505 1021 2542 qui
1046 2507 1088 2533 est
1109 2504 1183 2532 ﬁlius
1208 2511 1289 2531 meus
1317 2502 1445 2530 dilectus.
1470 2502 1533 2530 Hoc
1554 2505 1649 2529 autem

854 2550 934 2584 dixit,
950 2550 1050 2586 partim
1065 2554 1096 2577 ut
1109 2552 1247 2577 monstret
1260 2551 1363 2583 quanta
1377 2554 1424 2574 eos
1438 2545 1570 2574 charitate
1581 2553 1650 2581 pro-

854 2593 1139 2631 sequatur,siquidem
1159 2591 1471 2628 aTimotheosegregari
1489 2589 1652 2618 sustinuerit

855 2643 967 2676 propter
983 2639 1057 2676 ipsos
1073 2648 1080 2667 :
1096 2638 1196 2674 partim
1211 2641 1243 2666 ut
1262 2641 1292 2665 et
1306 2636 1480 2665 veneratione
1493 2634 1594 2670 dignus
1612 2633 1654 2661 eis

854 2684 989 2713 reddatur
998 2704 1002 2713 .

699 2735 793 2765 Varia
815 2735 962 2765 lectiones.

57 2791 73 2808 ⁸⁷
87 2797 221 2834 ποθούμενα
233 2808 259 2829 o.
297 2801 319 2818 ⁸⁸
336 2801 370 2830 Io.
387 2802 510 2829 νουθετῶν
524 2809 551 2830 ο.
590 2802 611 2819 ⁸⁵
626 2802 699 2838 φησιν
716 2811 755 2831 m.
793 2803 806 2820 ν

889 2801 932 2828 λοὶ
946 2801 989 2837 μέν
1003 2809 1042 2829 m.

148 2843 266 2873 Ρηιιοι..
285 2847 340 2875 Gn.
360 2847 468 2875 CXXIV.

1510 2843 1544 2869 20
