1881 3081
247 150 300 177 619

283 222 296 235 α
309 212 345 239 Et
358 210 443 240 ﬁdelis
454 211 483 238 in
502 210 634 239 Domino.
652 221 666 235 »
682 211 743 238 Hoc
766 214 823 243 est,
838 218 894 238 non
917 209 946 238 in
960 209 1041 238 rebus
1058 211 1085 242 Α

244 255 426 291 temporariis,
441 255 489 284 sed
507 255 535 283 in
559 255 592 283 iis
606 263 667 291 quae
681 254 716 283 ad
727 255 869 283 Christum
891 254 1040 290 pertinent.

244 301 341 337 Itaque
361 303 389 328 et
401 300 429 328 in
440 300 473 328 iis
487 308 550 336 quae
564 299 601 329 ad
615 308 665 328 vos
679 300 828 336 pertinent,
850 299 970 328 ﬁdeliter
990 298 1042 327 mi-

247 346 383 374 nistrabit.

283 402 296 415 α
312 391 364 426 Qui
386 390 466 419 vobis
491 391 526 419 ad
543 391 706 419 memoriam
728 390 865 418 revocabit
885 390 942 418 vias
970 397 1043 417 meas

245 443 308 471 quae
333 439 396 463 sunt
427 435 455 462 in
482 435 600 470 Christo,
625 435 859 471 quemadmodum
883 435 984 470 ubique
1014 434 1041 461 in

245 479 321 507 omni
339 480 457 508 Ecclesia
474 479 570 508 doceo.
588 491 600 504 κ
614 481 676 508 Non
689 479 768 513 dixit,
788 479 908 513 docebit,
923 487 956 507 ne
968 486 1040 515 aegre

246 525 336 553 ferant
353 524 475 558 (Juvenis
496 525 570 552 enim
593 529 652 553 erat
674 525 858 557 Timotheus),
879 524 937 557 sed,
962 536 974 548 ιι
998 523 1040 551 Ad

245 569 410 597 memoriam
428 569 583 598 revocabit:
611 581 623 594 ν
650 577 712 606 qua:
731 570 790 606 jam
811 573 890 597 antea
914 569 1040 602 novistis,

243 613 344 649 inquit,
370 613 430 642 haec
452 613 593 642 renovabit
607 614 636 642 in
659 614 746 642 vobis.
771 613 838 642 Vias
851 618 944 641 autem
964 613 1040 646 dicit,

243 657 446 693 praedicationis
472 659 548 687 verbi
570 659 817 695 dispensationem,
831 658 948 694 regulas,
972 665 1040 686 con-

243 702 411 739 suetudines,
439 702 511 739 leges
544 703 663 737 divinas;
707 711 760 739 qua
795 702 898 730 scilicet
935 702 1041 730 ratione

243 746 431 781 obambulem,
447 747 521 783 quod
535 755 592 775 non
605 747 716 775 inﬂatus
731 752 762 775 ut
775 755 833 779 vos,
848 755 936 782 neque
950 746 1039 774 hare—

242 800 285 820 ses
305 792 436 820 inducens
462 797 491 820 et
514 792 672 820 schismata.
695 794 764 829 Quae
784 796 848 820 sunt
874 792 902 819 in
930 791 1039 820 Christo

242 836 322 871 dixit,
343 836 396 865 hoc
416 841 472 870 est,
496 837 565 864 nihil
587 837 700 865 humani
724 836 865 870 habentes,
881 835 929 864 sed
948 836 1039 864 omnia

771 147 1029 176 THEOl’HYLACTI
1049 147 1227 174 BULGARIE
1246 147 1403 174 ARCHIEP.

1808 151 1838 176 620

1143 221 1158 237 ιι
1173 209 1228 239 Καὶ
1238 209 1329 238 πιστὸν
1345 210 1372 238 ἐν
1387 207 1488 248 Κυρίῳ.
1508 220 1521 236 ι
1541 208 1681 238 Τουτέστιν
1690 230 1698 243 ,
1713 209 1755 238 οὐκ
1769 211 1789 238 ἐν
1801 213 1840 248 pm.

1097 258 1195 292 τικοῑς,
1216 255 1276 283 ἀλλ’
1292 255 1320 283 ἐν
1334 257 1386 286 τοῖς
1401 253 1472 283 κατὰ
1487 253 1603 292 Χριστὸν
1617 254 1770 293 πράγμασιν.
1783 253 1841 284 Ὥστε

1097 298 1143 328 καὶ
1155 299 1182 328 ἐν
1194 302 1248 332 τοῖς
1263 299 1322 328 καθ’
1334 299 1403 337 ὑμᾶς
1418 298 1568 334 διακονήσει
1579 299 1686 331 πιστῶς.

1141 402 1153 415 ιι
1170 388 1221 422 ⁸ος
1237 390 1308 426 ὑμᾶς
1329 387 1477 428 ἀναμνήσει
1497 388 1544 421 τὰς
1559 388 1633 420 ὁδούς
1649 400 1696 426 μου
1709 387 1751 421 τὰς
1764 389 1785 417 ἓν
1796 389 1840 427 Χρι-

1098 435 1168 473 στῷ,
1183 433 1269 467 καθὼς
1280 436 1418 474 πανταχοῦ
1434 435 1460 463 ἐν
1476 432 1550 471 πάσῃ
1567 433 1712 472 Ἐκκλησία
1726 432 1839 462 διδάσκω.»

1097 479 1156 508 Οὐκ
1172 473 1228 507 εἶπε
1237 502 1244 515 ,
1260 477 1380 514 Διδάξει,
1395 477 1439 507 ἵνα
1451 478 1488 516 μὴ
1503 476 1694 518 δυσχεραίνωσι
1704 477 1769 516 (νέος
1780 474 1841 516 γὰρῆν

1097 524 1111 552 ὁ
1124 523 1283 562 Τιμόθεος),
1301 523 1371 558 ἀλλ’,
1391 534 1406 552 (ι
1420 522 1591 560 Ἀναμνήσει.
1613 536 1624 548 ι
1635 520 1665 552 Ἃ
1678 521 1773 557 οἴδατε,
1784 522 1840 561 φησι,

1096 570 1181 596 ταῦτα
1204 567 1381 598 ἀνανεώσεται
1405 568 1432 597 ἓν
1457 568 1528 606 ὑμῖν.
1560 566 1655 600 ⁶Οδοὺς
1681 567 1706 596 δὲ
1728 566 1796 605 λέγει,
1813 565 1841 598 τὶς

1095 613 1123 641 ἐν
1137 614 1175 652 τῷ
1195 612 1346 652 κηρύγματι
1365 611 1531 649 οἰκονομίας,
1553 611 1614 645 τοὺς
1628 611 1748 645 κανόνας,
1765 610 1791 639 τὶι
1801 610 1840 646 ἔθη,

1095 656 1154 690 τοὺς
1172 657 1266 694 νόμους
1279 657 1339 691 τοὺς
1359 658 1460 691 θείουςο
1477 658 1541 690 Πῶς
1557 658 1712 696 περιπατῶ,
1730 655 1764 685 ὅτι
1775 657 1797 684 οὗ

1095 701 1260 742 φυσιωμένος
1289 703 1325 736 ὣς
1348 704 1441 740 ὑμεῖς,
1469 703 1499 732 οὗ
1530 702 1668 739 διαιρέσεις
1694 700 1790 739 εἰσάγων
1811 701 1840 728 καὶ

1095 747 1245 786 σχίσματα.
1272 747 1327 780 Τὰς
1349 748 1375 776 ἐν
1397 748 1506 787 Χριστῷ
1525 747 1551 775 δὲ
1578 742 1656 780 εἷπε,
1680 745 1796 781 τουτέστι,
1813 744 1841 776 τὰς

1095 791 1177 830 μηδὲν
1193 791 1306 830 ἐχούσας
1320 792 1482 831 ἀνθρώπινον
1494 815 1501 828 ,
1528 791 1598 820 ἀλλὰ
1617 790 1701 821 πάντα
1722 790 1780 818 κατὰ
1797 790 1841 825 Χρι-

1096 836 1173 872 στὸν,
1191 834 1208 870 ἢ
1224 836 1269 864 καὶ
1291 835 1502 875 κατορθουμένας
1518 836 1544 864 ἐν
1620 838 1665 864 τοῦ
1681 835 1781 873 Χριστοῦ
1796 835 1841 871 βιη-

242 881 393 909 secundum
417 881 568 915 Christum,
585 881 624 909 vel
639 889 701 917 qua:
715 881 818 909 Christi
838 881 936 909 auxilio
955 881 1019 917 perﬁ

1096 880 1164 919 θείᾳ.
1188 879 1336 914 Ὑποδείξει
1352 880 1379 909 δὲ
1394 882 1472 918 ὑμῖν,
1493 879 1582 913 καθὼς
1605 881 1631 908 ἐν
1646 879 1715 919 πάσῃ
1731 877 1840 915 Ἐκιλητίι

241 927 361 955 ciuntur.
377 927 601 955 Submonstrabit
614 931 707 955 autem
730 927 818 961 vobis,
845 926 986 963 quomodo
1010 926 1038 954 in

241 971 317 999 omni
333 971 452 1000 Ecclesia
466 971 592 1000 doceam.
614 972 687 1000 Nihil
707 973 780 1000 enim
794 972 857 1000 novi
877 971 933 999 dixi
950 970 1037 1004 vobis,

241 1016 290 1044 sed
312 1016 428 1044 istorum
452 1024 550 1044 omnes
575 1025 686 1045 mecum
713 1021 778 1044 sunt
803 1016 917 1044 conscii.
943 1017 1038 1051 Itaque

242 1062 343 1096 pudeat
362 1069 409 1088 vos
430 1061 504 1097 quod
521 1066 620 1097 praeter
651 1066 764 1090 caeteras
787 1061 925 1089 Ecclesias
945 1069 960 1088 a
987 1060 1038 1088 viis

242 1106 312 1133 meis
326 1105 487 1133 descivistis.

279 1152 367 1179 Vens.
386 1154 429 1179 18.
448 1163 460 1175 α
485 1152 626 1187 Tanquam
641 1159 698 1179 non
715 1154 846 1178 venturus
859 1150 911 1178 sim
929 1149 965 1178 ad
976 1157 1034 1183 vos,

239 1196 278 1224 sic
310 1196 398 1224 inﬂati
421 1200 486 1224 sunt
503 1196 622 1232 quidam.
642 1207 656 1222 υ
675 1197 746 1224 Cum
767 1195 890 1229 dixisset,
907 1207 920 1220 ι(
941 1195 1003 1223 Misi
1021 1206 1033 1219 ιι

239 1240 320 1268 vobis
342 1252 354 1264 α
370 1240 544 1269 Timotheum
565 1250 573 1268 :
591 1253 603 1265 ν
627 1249 661 1268 ne
679 1241 823 1277 segniores
847 1239 1034 1273 redderentur,

238 1285 332 1314 subdit
348 1295 355 1313 :
371 1285 484 1313 Etiamsi
500 1293 572 1314 nunc
588 1292 642 1313 non
657 1285 774 1319 veniam,
797 1293 828 1312 ac
847 1285 948 1313 idcirco
962 1292 1035 1312 non-

238 1329 330 1357 nullos
343 1329 465 1357 absentia
480 1337 540 1357 mea
556 1329 668 1362 inﬂarit,
687 1329 795 1357 veniam
807 1333 913 1356 tamen.
931 1328 1035 1356 Iudicat

238 1379 329 1402 autem
345 1374 475 1409 puerilem
485 1382 584 1402 eorum
599 1378 730 1401 montem.
741 1375 811 1401 Nam
822 1373 907 1408 pueri,
921 1373 1035 1400 absente

238 1422 417 1455 praeceptore,
436 1418 619 1454 incomposite
638 1426 667 1446 se
687 1425 779 1454 gerere
801 1418 898 1445 solent.
917 1417 1034 1451 Quinam

238 1468 330 1492 autem
354 1463 403 1497 illi,
429 1463 476 1499 qui
502 1463 589 1491 inﬂati
608 1465 705 1490 erant?
730 1462 914 1490 Fornicatoris
941 1462 1033 1494 amici,

237 1509 283 1544 qui
306 1512 334 1535 et
347 1508 454 1543 sapiens
468 1511 496 1535 et
509 1507 584 1534 dives
602 1510 661 1534 erat
676 1515 682 1533 :
703 1515 735 1534 ac
748 1506 906 1542 simpliciter
922 1513 1033 1538 omnes,

237 1553 283 1588 qui
298 1552 333 1579 ob
353 1552 511 1587 hujusmodi
524 1550 711 1579 efferebantur
725 1561 731 1578 :
747 1551 806 1586 qui,
821 1555 951 1585 tanquam
966 1551 1034 1578 Pau-
1052 1563 1075 1595 ο

236 1596 279 1624 lus
294 1605 350 1623 non
362 1601 434 1624 esset
453 1595 500 1631 qui
526 1596 575 1623 ista
587 1600 724 1631 argueret,
740 1595 944 1631 superbiebant.

272 1641 362 1668 Vsus.
382 1643 425 1668 19.
443 1651 456 1664 α
471 1640 588 1668 Veniam
604 1643 698 1668 autem
711 1639 745 1668 ad
759 1647 807 1668 vos
827 1639 892 1673 cito,
905 1640 926 1667 si
940 1639 1035 1668 Domi-

237 1693 290 1714 nus
311 1684 435 1713 voluerit.
454 1696 466 1708 ιι
484 1685 552 1712 Haec
576 1684 725 1720 dejicientis
745 1684 890 1720 superbos,
913 1684 1035 1720 adeoque

237 1730 344 1758 sobrios
366 1729 506 1758 reddentis
529 1729 609 1757 verba
628 1733 703 1757 sunt.
724 1730 841 1757 Pulchre
867 1737 942 1763 vero,
969 1740 982 1754 ι
1006 1729 1034 1757 Si

236 1774 374 1802 Dominus
401 1774 525 1802 voluerit.
559 1785 572 1799 n
603 1773 699 1802 Omnia
724 1781 845 1810 namque
869 1773 939 1801 illius
966 1777 1034 1801 nutu

236 1824 364 1856 aguntur.

270 1865 421 1899 Vnns.19,
437 1867 481 1893 20.
504 1876 517 1889 α
532 1866 567 1892 Et
590 1871 765 1900 cognoscam,
791 1871 847 1892 non
873 1871 1033 1892 sermonem

234 1917 341 1944 eorum,
358 1909 405 1946 qui
417 1909 503 1937 inﬂati
517 1913 590 1944 sunt,
605 1908 656 1937 sed
672 1910 808 1937 virtutem.
825 1910 887 1937 Non
911 1909 986 1937 enim
1005 1909 1033 1936 in

234 1962 362 1982 sermone
389 1958 431 1982 est
456 1962 572 1989 regnum
600 1953 662 1986 Dei,
683 1953 732 1981 sed
755 1953 785 1981 in
813 1954 940 1981 virtutem
963 1953 1032 1987 Quia

235 1998 400 2034 elequentiae
414 1998 595 2030 conﬁdentes,
610 1998 727 2025 Paulum
740 2005 790 2025 ceu
810 1997 927 2026 idiotam
942 2002 970 2026 et
992 1998 1032 2025 iu-

234 2043 351 2071 doctum
372 2043 613 2078 aspernabantur;
635 2042 756 2075 Videbo,
775 2041 875 2077 inquit,
898 2050 954 2070 non
981 2043 1031 2070 elo-

240 2087 383 2124 quentiam
393 2092 515 2115 vestram
528 2089 605 2120 (nam
619 2094 653 2114 ea
669 2094 725 2114 non
735 2090 778 2114 est
787 2089 876 2121 opus),
890 2086 938 2114 sed
945 2087 1032 2116 virtu-

236 2136 293 2160 tem
312 2140 364 2168 qua
388 2132 463 2168 signa
489 2131 617 2159 edantur.
642 2132 706 2159 Non
726 2130 802 2158 enim
827 2139 874 2167 per
900 2132 1030 2160 orationis

235 2177 399 2213 elegantiam
415 2176 593 2212 pradicatum
612 2179 639 2204 et
652 2175 847 2203 conﬁrmatum
863 2180 905 2204 est
917 2184 1031 2213 regnum

234 2222 305 2258 Dei,
323 2221 404 2258 147
419 2221 468 2249 sed
492 2229 540 2257 per
559 2221 637 2257 signa
660 2228 722 2257 quae
741 2220 856 2255 Spiritus
877 2220 976 2249 virtute
1000 2229 1032 2250 ac

233 2267 354 2303 potentia
370 2266 498 2294 eduntur.

269 2312 358 2340 Vens.
373 2314 420 2339 21.
436 2321 447 2336 ι
461 2310 534 2346 Quid
548 2310 628 2339 vultis
641 2313 652 2339 l'
663 2310 691 2339 in
703 2310 778 2347 virga
794 2310 902 2339 veniam
914 2310 949 2340 ad
964 2319 1012 2339 vos
1022 2330 1030 2344 ,

233 2363 269 2383 an
292 2356 320 2383 in
336 2356 486 2389 charitate,
510 2360 537 2384 et
559 2355 654 2391 spiritu
677 2355 923 2384 mansuetudinis?
940 2367 953 2381 ν
981 2357 1032 2384 Per

233 2400 340 2436 virgam
357 2400 524 2436 supplicium
545 2404 572 2428 et
586 2408 696 2436 poenam
717 2400 853 2437 intelligit.
868 2401 915 2428 Ait
928 2401 1029 2437 itaque,

232 2446 320 2473 Penes
334 2453 382 2473 vos
407 2449 458 2479 est,
481 2449 511 2473 ut
532 2453 582 2480 ego
604 2445 656 2473 hoc
677 2445 717 2473 vel
741 2445 787 2473 illo
801 2445 886 2473 modo
910 2445 1028 2473 veniam.

232 2491 304 2518 Nam
318 2489 339 2518 si
356 2489 463 2518 desides
481 2489 590 2518 fueritis
614 2489 786 2525 deprehensi,
802 2490 907 2518 veniam
920 2490 955 2518 ad
969 2498 1028 2526 vos,

231 2538 259 2562 et
271 2541 350 2570 atque
364 2534 476 2570 puniam
494 2538 576 2570 atque
592 2534 729 2570 Elymam.
745 2535 792 2563 Sin
811 2534 895 2562 sobrii
910 2534 1026 2570 fueritis,

231 2578 448 2607 mansuetudinis
461 2579 558 2615 spiritu
587 2583 660 2607 utar.
686 2581 736 2607 Est
758 2579 862 2607 etenim
877 2584 903 2607 et
914 2580 1028 2615 spiritus

231 2625 398 2654 austeritatis
409 2628 437 2653 et
446 2624 581 2660 supplicii,
593 2632 687 2652 verum
702 2632 717 2652 a
733 2624 922 2653 commodiore
932 2624 1025 2653 ofﬁcio

1092 925 1219 955 διδάσκω.
1237 925 1322 954 Οὐδὲν
1339 925 1390 965 γὰρ
1406 925 1495 953 καινὸν
1515 920 1590 954 εἶπον
1606 926 1684 962 ὑμῖν,
1703 923 1762 953 ἀλλᾶ
1778 922 1841 952 πάντες

1091 969 1175 998 ταῦτά
1191 981 1236 1008 μοι
1253 969 1400 999 συνίσασιν.
1419 969 1504 999 ’Ὠστε
1527 969 1687 1009 αἰσχύνθητε
1705 969 1780 1005 ὑμεῖς,
1794 965 1840 1003 περὶ

1091 1014 1137 1047 τὰς
1151 1013 1244 1048 λοιπὰς
1256 1013 1418 1051 Ἐκκλησίας
1433 1016 1486 1043 τῶν
1498 1015 1576 1052 ἡμῶν
1664 1013 1719 1052 ἐμη]
1733 1013 1787 1041 ὁδῶν
1798 1011 1841 1039 tim-

1092 1058 1246 1098 σφαλέντες.

1133 1159 1147 1176 α
1165 1147 1217 1181 ⁴Ως
1232 1148 1268 1185 μὴ
1285 1147 1430 1187 ἐρχομένου
1453 1147 1482 1177 δέ
1506 1159 1556 1186 μου
1578 1147 1645 1188 πρὸς
1665 1149 1744 1183 ὑμᾶς,
1763 1144 1841 1184 Etiams-

1090 1192 1174 1228 Θησάν
1196 1205 1274 1226 τινες.
1298 1204 1312 1222 ι)
1331 1192 1441 1228 Ἐπειδὴ
1467 1188 1554 1229 εἶπεν,
1578 1191 1621 1222 ὅτι
1645 1204 1659 1220 α
1680 1191 1795 1230 Ἐπεμψα
1811 1190 1841 1218 Τι·

1091 1238 1183 1275 μόθεον
1197 1249 1205 1256 ο
1223 1251 1236 1263 ι
1250 1236 1294 1266 ἵνα
1316 1237 1353 1276 μὴ
1380 1237 1554 1278 ῥαθυμότεροι
1571 1238 1714 1276 γένωνται,
1733 1233 1841 1275 φησὶνγότῖ

1093 1283 1124 1311 ΙΞῖ
1139 1282 1185 1312 καὶ
1199 1284 1244 1311 νῦν
1260 1283 1308 1311 οὐκ
1331 1282 1445 1322 ἔρχομαι
1459 1282 1496 1319 9',
1514 1281 1560 1310 καὶ
1584 1282 1627 1311 διὰ
1646 1284 1719 1311 τοῦτο
1735 1283 1750 1314 ἡ
1764 1278 1841 1308 ἀπουσία

1090 1339 1141 1364 μου
1154 1327 1284 1367 ἐφυσίωσέ
1297 1338 1369 1361 τινας
1389 1327 1428 1365 ⁹²,
1446 1327 1506 1355 ἀλλ’
1520 1323 1565 1356 οὖν
1582 1326 1730 1365 ἐλεύσομαι.
1754 1324 1841 1354 Atium

1090 1371 1116 1400 δὲ
1144 1373 1229 1401 αὐτῶν
1256 1371 1383 1407 παιδικὴν
1409 1372 1457 1407 τὴν
1484 1372 1616 1402 διάνοιαν.
1640 1371 1741 1400 Παίδων
1756 1368 1797 1407 γὰρ
1813 1371 1839 1398 τὸν

1089 1416 1199 1450 ἀπόντος
1223 1419 1268 1446 τοῦ
1294 1416 1474 1453 διδασκάλου,
1500 1417 1639 1447 ἀτακτεῖν.
1656 1416 1727 1448 Τίνες
1749 1415 1772 1443 δὲ
1795 1409 1838 1447 ἦσαν

1089 1462 1112 1489 οἱ
1130 1461 1317 1500 φυσιούμενοι,
1340 1462 1376 1491 Οἱ
1401 1461 1460 1501 περὶ
1480 1461 1524 1490 τὸν
1551 1471 1760 1500 πεπορνευκοτα,
1775 1457 1796 1490 ὃς
1813 1456 1839 1484 κιί

1089 1505 1165 1545 σοφὸς
1190 1501 1223 1541 ἦν
1248 1506 1294 1535 καὶ
1313 1500 1459 1538 πλούσιος-
1482 1506 1527 1535 καὶ
1550 1505 1642 1539 ἁπλῶς
1666 1505 1753 1536 πάντες
1777 1503 1796 1531 οἱ
1814 1500 1839 1528 ἐπὶ

1087 1550 1140 1584 τοῖς
1164 1550 1288 1584 τοιούτοις
1317 1550 1487 1590 ἐπαιρόμενοι
1513 1561 1520 1568 ·
1546 1549 1570 1578 οἳ
1595 1550 1659 1586 καὶ,
1689 1551 1721 1582 ὡς
1743 1546 1774 1587 μὴ
1795 1545 1840 1574 ὄντος

1089 1594 1199 1624 Παύλου
1214 1598 1258 1624 τοῦ
1275 1594 1442 1635 ἐλέγχοντος,
1459 1595 1528 1634 μέγα
1545 1595 1679 1635 ἐφρόνουν.

1131 1653 1143 1666 ι
1160 1634 1368 1678 Ἐλεύσομαι
1389 1639 1493 1680 ταχέως
1508 1634 1571 1680 πρὸς
1588 1641 1668 1678 huic,
1693 1638 1735 1668 ἐὰν
1748 1639 1760 1666 ὁ
1773 1634 1840 1684 Κύριεξ

1087 1684 1198 1722 θελήσῃ.
1215 1697 1230 1712 ιι
1250 1683 1481 1718 Καταστέλλοντός
1499 1686 1555 1714 ἐστι
1579 1684 1609 1713 τὸ
1630 1686 1705 1724 ῥῆμα
1725 1683 1840 1724 τοῦτοιὶξιι

1086 1729 1176 1768 νήφειν
1203 1729 1458 1767 παρασκευάζοντος.
1489 1729 1586 1762 Καλῶς
1611 1722 1638 1758 δέ
1662 1726 1794 1767 προσέθηκε
1811 1722 1840 1768 τξν

1088 1787 1102 1799 «
1121 1765 1186 1803 Ἐὰν
1201 1775 1215 1802 ὁ
1231 1765 1325 1813 Κύριος
1341 1775 1470 1813 Θελήσῃ.»
1488 1773 1582 1803 Πάντα
1597 1773 1648 1814 γὰρ
1660 1765 1697 1813 τῷ
1711 1770 1795 1802 ἐκείνου
1803 1765 1839 1795 Wi-

1088 1829 1153 1856 ματι
1168 1818 1193 1836 ³³
1208 1818 1327 1857 ἄγονται.

1130 1873 1143 1891 ε
1163 1862 1217 1892 Καὶ
1233 1862 1371 1902 γνώσομαι
1393 1863 1422 1892 οὖ
1438 1863 1481 1893 τὸν
1495 1862 1573 1902 λόγον
1591 1865 1644 1893 τῶν
1658 1857 1839 1902 πεφυσιωμένων,

1087 1907 1156 1936 ἀλλὰ
1171 1907 1218 1943 τὴν
1241 1907 1364 1947 δύναμιν.
1388 1910 1428 1940 Οὖ
1443 1907 1495 1949 γὰρ
1511 1909 1538 1937 ἐν
1559 1908 1634 1948 λόγῳ
1655 1910 1672 1943 ἡ
1698 1902 1840 1949 βασιλείανῇ

1087 1954 1157 1983 Θεοῦ
1169 1952 1206 1989 9⁸,
1225 1954 1285 1982 ἀλλ’
1308 1954 1334 1982 ἐν
1355 1953 1476 1991 δυνάμει.
1503 1966 1515 1979 ν
1542 1953 1655 1988 Ἐπειδὴ
1676 1952 1716 1982 ἐπ’
1733 1950 1841 1987 εὐγλωττιῖ

1088 1998 1250 2036 θαρῤοῦντες
1272 1997 1297 2016 9⁵
1323 1997 1471 2031 ἐξουθένουν
1495 1997 1540 2027 τὸν
1566 1999 1676 2028 Παῦλον
1698 1997 1730 2028 ὡς
1751 1990 1840 2038 ἰδιώτηξῖ

1087 2034 1182 2081 φησίν,
1198 2041 1238 2070 ὅτι
1258 2041 1383 2082 Ὀψομαι
1393 2064 1401 2079 ,
1416 2043 1446 2072 οὖ
1462 2042 1509 2077 τὴν
1533 2041 1694 2080 εὖγλωττίαν
1708 2039 1773 2078 ὑμῶν
1787 2048 1793 2054 ”
1804 2034 1840 2082 {Mi
1859 2050 1860 2053 ‘

1085 2078 1136 2125 γὰρ
1150 2078 1248 2122 ταύτης
1259 2078 1352 2126 χρεία·
1365 2087 1435 2117 ἀλλὰ
1450 2078 1588 2124 δυνάμεώς
1603 2088 1649 2122 τῆς
1663 2084 1688 2103 ⁹⁶
1704 2086 1728 2113 ἐν
1742 2078 1840 2128 σημείοιξ

1086 2124 1127 2160 Οὖ
1150 2131 1201 2170 γὰρ
1220 2124 1361 2170 διὰίήλόγου
1385 2133 1488 2172 κομψοῦ
1505 2130 1641 2171 ἐκηρύχθη
1658 2132 1674 2165 ἡ
1697 2124 1802 2173 βασιλείξι
1813 2124 1841 2173 τξθί

1085 2175 1157 2205 θεοῦ
1170 2175 1194 2194 9⁷
1207 2175 1253 2204 καὶ
1266 2176 1413 2212 ἐϐεϐαιώθη
1425 2199 1432 2213 ,
1449 2176 1520 2205 ἀλλὰ
1537 2169 1581 2205 διὰ
1598 2169 1713 2214 σημείων
1722 2196 1730 2210 ,
1784 2169 1839 2197 δυνά-

1085 2231 1129 2258 μει
1143 2223 1188 2249 τοῦ
1206 2219 1362 2259 Πνεύματος
1381 2220 1538 2259 γινομένων.

1128 2308 1194 2338 (Ti
1220 2308 1325 2346 θέλετε;
1350 2309 1375 2338 ἰν
1401 2307 1492 2349 ῥάϐδῳ
1519 2308 1583 2348 πρὸς
1608 2309 1675 2346 ὑμᾶς
1698 2300 1804 2349 ἔλθω,ἢ
1824 2299 1840 2349 ἐν

1086 2353 1190 2392 ἀγάπῃ,
1205 2353 1337 2391 πνεύματί
1351 2364 1379 2382 τε
1400 2347 1563 2393 πραότητος;
1582 2364 1600 2393 ιζ
1615 2351 1727 2382 Ῥάϐδον
1743 2347 1841 2393 λέγει-τὴν

1084 2390 1209 2437 κόλασιν,
1304 2390 1446 2438 τιμωρίαν.
1463 2397 1553 2432 Φησὶν
1571 2392 1634 2434 οὖν,
1658 2396 1697 2425 ὅτι
1710 2390 1841 2440 Ὑμξξςέσξι

1083 2441 1168 2482 κύριοι
1191 2435 1238 2472 τοῦ
1260 2443 1305 2472 καὶ
1321 2435 1403 2476 eiii-dx
1425 2442 1442 2478 ἢ
1467 2442 1548 2476 οὕτως
1575 2443 1657 2471 ἐλθεῖν
1684 2450 1734 2478 με’
1761 2435 1797 2482 ἣν
1810 2435 1841 2470 μέν

1083 2479 1234 2528 βαθυμῆτα,
1258 2487 1401 2526 ἐλεύσομαι
1415 2486 1462 2516 καὶ
1475 2487 1599 2524 κολάσω,
1616 2488 1652 2519 ὣς
1670 2484 1712 2514 τὸν
1733 2479 1841 2528 ’ἑλόντ’

1082 2533 1126 2562 ἐὰν
1147 2532 1174 2561 δὲ
1199 2532 1320 2573 νήψητε,
1341 2534 1379 2572 τῷ
1404 2532 1537 2569 πνεύματι
1564 2533 1610 2566 τῆς
1635 2529 1773 2568 πραότητος
1790 2532 1840 2573 λίπ’

1082 2588 1173 2616 σομαι.
1186 2567 1252 2607 Ἐνί
1265 2567 1328 2616 νγᾶρ
1350 2567 1395 2606 καὶ
1418 2567 1524 2615 πνεθμα
1550 2567 1797 2617 αὐστηρὸτητοκς-ὶιαἱ

1081 2621 1199 2662 μωρίας,
1220 2622 1279 2651 ἀλλ’
1295 2621 1349 2650 ἀπὸ
1365 2623 1418 2650 τῶν
1432 2620 1619 2661 χρηστοτέρων
1641 2619 1702 2648 αὐτὸ
1719 2615 1786 2645 καλεῖ
1798 2623 1803 2628 “
1813 2615 1842 2648 ,⁸⁵³

923 2681 1022 2710 Varia:
1044 2681 1198 2710 lectiones.

266 2747 285 2765 ⁹¹
304 2747 411 2784 ἔρχομαι
433 2754 471 2776 tn.
510 2746 532 2764 9’
544 2746 606 2784 ὓμᾶς
638 2754 676 2775 m.
716 2747 736 2764 95
761 2746 884 2782 θελήματι
909 2755 935 2775 ρ.
974 2747 996 2765 ει

1097 2747 1208 2783 οὗρανῶν
1225 2755 1251 2777 o.
1290 2748 1312 2765 9"
1334 2749 1480 2782 φρονοῦντες
1495 2755 1521 2776 ο,
1561 2746 1582 2764 ⁹⁶
1598 2747 1631 2774 ἴα.
1649 2745 1747 2779 δύναμιν
1770 2737 1805 2770 τήν
1821 2736 1838 2760 5'

229 2789 250 2806 ⁰⁷
267 2792 314 2815 τῶν
326 2789 436 2824 οὖρανῶν
453 2796 479 2816 ο.
