1881 3081
37 178 76 204 621

441 171 616 200 EXPOSITIO
635 172 666 199 ΙΝ
687 170 789 198 EPIST.
811 170 821 197 1
839 170 885 197 AD
907 170 987 198 COR.
1007 184 1042 190 —
1062 171 1137 198 CAP.
1158 171 1189 196 V.

1606 168 1657 195 622

37 238 124 268 καὶτὸν
137 235 202 268 Θεὸν
225 236 378 274 οἰκτίρμονα
401 235 447 264 καὶ
472 234 603 273 ἓλεήμονά
625 246 728 276 φαμεν,
747 234 805 263 ἀλλ’
820 234 842 266 Α

919 242 924 261 ι
951 233 1098 261 nominat:
1122 230 1234 268 perinde
1251 238 1284 258 ac
1312 231 1402 258 Deum
1424 230 1616 258 miseratorem
1630 233 1660 258 et

37 284 60 313 οὖ
74 281 211 318 κολαστὴν,
227 280 315 310 καίτοι
329 292 359 319 γε
375 279 420 310 καὶ
438 283 515 309 τοῦτο
527 279 601 310 ὄντα.

309 396 456 426 ΚΕΦΑΛ.
473 395 518 426 Ε’.

73 468 184 502 «Ὅλως
208 467 332 498 ἀκούεται
357 469 383 497 ἐν
403 469 465 506 ὗμίν
489 466 613 507 πορνεία,
637 466 683 496 καὶ
703 466 812 502 τοιαύτη

39 514 145 554 πορνεία,
164 512 222 549 ἥτις
239 512 297 543 οὐδὲ
321 514 348 542 ἐν
362 517 416 546 τοῖς
438 511 536 542 ἔθνεσιν
558 512 730 550 ὀνομάζεται,
745 511 813 540 ὥστε

39 558 135 598 γυναῖκά
158 569 216 588 τινα
240 560 286 587 τοῦ
310 557 410 597 πατρὸς
431 556 511 597 ἔχειν.
537 570 549 583 ιι
576 555 670 586 Κοινὸν
699 559 814 585 ποιεῖται

38 604 129 634 πάντων
143 602 172 633 τὸ
188 603 325 642 ἔγκλημα,
351 601 395 631 ἵνα
415 601 453 640 μὴ
479 601 668 641 ῥαθυμήσωσιν
683 602 718 634 ὡς
735 601 814 630 ἀλλό-

39 650 150 688 τριοιτοῢ
173 647 423 686 πλημμελήματος,
446 646 515 676 ἀλλὰ
542 646 713 688 σπουδάσωξι
738 648 816 674 τοῦτο

39 685 232 732 διορθώσασθαι,
249 693 286 726 ὡς
301 691 386 721 κοινὸν
402 691 509 724 ὄνειδος.
532 690 588 721 Καὶ
611 691 659 720 οὐκ
673 685 761 726 εἶπεν,
776 690 816 719 ὅτι

39 739 181 776 Τολμᾶται,
196 736 267 772 ἀλλ’,
283 748 297 764 σ
310 735 401 770 Ὄλως
415 736 547 766 ἀκούεται.
563 748 575 761 ι
591 736 625 765 Εἰ
640 735 667 764 δὲ
682 735 711 764 τὸ
728 735 818 764 ἀκούε-

40 786 104 818 σθαι,
127 781 354 822 ἀπηγορευμένον,
382 781 458 821 πόσῳ
485 781 586 819 μᾶλλον
602 780 632 809 τὸ
651 781 816 819 τολμᾶσθαι;

40 827 108 857 Ἀλλὰ
131 827 192 864 καὶ,
214 838 230 854 ιι
253 826 300 856 Ἐν
328 827 407 863 ὑμῖν,
430 839 442 851 ιι
468 826 522 859 τοῖς
550 827 602 854 τῶν
631 827 818 864 πνευματικῶν

862 277 1068 306 misericordem
1089 276 1217 309 dicimus,
1241 283 1297 303 non
1317 273 1467 307 vindicem,
1490 275 1657 302 scelerumve

863 322 1019 358 punitorem
1032 330 1063 350 ac
1083 321 1212 354 ultorem,
1228 327 1293 348 cum
1311 323 1403 348 tamen
1426 318 1511 346 ctiam
1532 318 1593 347 talis
1610 326 1657 348 re-

866 375 929 395 vera
942 367 989 395 sit.

1179 419 1298 447 CAPUT
1313 420 1347 447 V.

902 477 990 503 Vens.
1011 478 1033 502 l.
1049 483 1063 500 α
1075 474 1197 502 Omnino
1209 473 1320 501 auditur
1328 472 1398 500 inter
1405 479 1453 499 vos
1464 471 1621 504 fornicatio,
1632 479 1663 499 ac

866 521 928 548 talis
946 519 1101 553 fornicatio,
1116 518 1204 555 qualis
1227 526 1262 546 ne
1278 517 1349 545 inter
1373 521 1468 553 gentes
1488 515 1599 552 quidem
1615 524 1664 544 no-

866 565 999 598 minatur,
1016 564 1052 592 ita
1069 567 1099 592 ut
1121 571 1235 592 uxorem
1257 562 1342 599 patris
1363 562 1405 590 sui
1428 561 1490 597 quis
1511 560 1622 589 habeat.
1649 572 1662 585 ι

867 611 1052 638 Communem
1064 609 1191 637 omnium
1202 607 1405 636 accusationem
1417 605 1492 639 facit,
1508 613 1543 634 ne
1557 604 1666 634 desides

867 655 933 688 sint,
945 654 1021 690 quasi
1036 662 1051 682 a
1065 653 1162 681 delicto
1184 652 1263 680 alieni
1279 656 1381 685 essent,
1397 651 1444 680 sed
1466 654 1600 679 conentur
1615 658 1666 686 po-

869 699 922 727 tius
936 700 1071 735 corrigere
1086 697 1159 726 istud
1170 701 1300 733 tanquam
1313 704 1460 724 commune
1473 695 1665 732 opprobrium.

869 745 905 772 Et
918 752 973 772 non
996 743 1075 777 dixit,
1089 742 1218 771 audacter
1232 741 1396 774 admittitur,
1416 740 1474 773 sed,
1505 751 1518 765 α
1542 739 1666 768 Omnino

871 789 989 817 auditur.
1018 800 1030 812 ιι
1053 787 1134 822 Quod
1155 787 1178 814 si
1203 791 1232 814 ut
1257 786 1394 818 audiatur,
1414 785 1589 813 interdictum
1614 788 1666 817 est,

870 837 973 869 quanto
978 832 1066 868 magis
1074 835 1103 859 ut
1113 835 1284 868 perpetretur
1296 832 1307 858 ἲ
1317 832 1459 864 Praeterea,
1469 841 1481 854 «ι
1494 831 1571 858 Inter
1581 836 1639 862 vos,
1652 838 1666 855 ›ι

41 871 178 911 μυστηρίων
194 872 326 906 ἀξιωθεῑσι
337 871 374 902 ⁸³⁸.
386 870 478 905 Αὔξων
495 870 568 914 δὲ-τὸ
579 870 711 909 ἔγκλημα,
730 869 818 910 φησίν·
837 879 842 910 ]

919 878 921 905 i
937 876 1122 914 spiritualibus
1139 876 1277 912 mysteriis
1289 875 1384 903 donati
1397 874 1472 903 estis.
1493 873 1670 909 Ampliﬁcans

41 916 87 947 Οἴα
99 916 154 946 οὐδὲ
169 916 225 949 τοῖς
246 916 341 946 ἔθνεσι.
370 915 424 945 Καὶ
449 915 497 944 οὐκ
513 910 586 953 εἷπε,
604 914 722 950 Γίνεται,
745 915 818 950 ἀλλ’,

43 975 53 987 ι
67 961 128 991 Οὐδὲ
151 961 324 999 ὀνομάζεται,
349 959 417 990 ὥστε
442 961 556 998 γυναῖκα
582 961 628 988 τοῦ
648 959 748 999 πατρός
761 971 820 988 τινα

40 1005 111 1045 ἔχειν.
125 1016 139 1035 ο
157 1006 218 1036 Οὐκ
233 1000 290 1034 εἶπε
302 1027 312 1042 ,
327 1004 468 1044 Μητρυιὰν
478 1027 485 1041 ,
507 1004 574 1034 ἀλλᾶ
585 1027 593 1040 ,
614 1015 628 1033 (ι
644 1005 762 1034 Γυναῖκα
776 1006 821 1033 τοῦ

39 1051 162 1090 111190;,-
185 1049 257 1080 ὥστε
280 1049 451 1090 καιριώτερον
476 1049 574 1084 πλῆξαι
604 1051 640 1088 τῷ
668 1050 818 1087 μνησθῆναι

40 1095 136 1134 πατρός.
152 1095 316 1134 Σεμνότιρον
330 1089 359 1123 δὲ
377 1089 435 1123 εἶπε
449 1095 495 1132 τὸ,
513 1108 525 1120 ιι
540 1092 646 1134 Ἔχειν.
664 1107 676 1120 ι
693 1093 824 1133 Δίσχυνό-

41 1152 107 1177 μενος
119 1140 148 1170 τὸ
162 1142 212 1177 τῆς
226 1139 348 1180 πορνείας
363 1139 459 1179 ὄνομα.

77 1241 91 1257 ι
107 1230 158 1260 Καὶ
177 1231 256 1269 ὑμεῖς
272 1228 467 1269 πεφυσιωμένοι
482 1227 552 1258 ἐστέ.
575 1238 589 1257 n
607 1227 674 1269 Ἐπὶ
694 1229 727 1266 τῇ
749 1227 827 1256 διδα-

42 1275 128 1316 σκαλίᾳ
151 1268 276 1314 τῇγπαρ’
301 1268 399 1303 ἐκείνου
416 1285 423 1292 ·
447 1273 525 1313 σοφὸς
554 1272 605 1311 γὰρ
630 1268 672 1308 ἦν.
699 1273 754 1302 Καὶ
778 1271 826 1311 ὅρα

42 1319 136 1359 σοφίαν.
165 1319 297 1355 Οὖδαμοῧ
313 1320 410 1348 ἐκεῖνον
426 1317 492 1352 ἀξιοῖ
507 1317 596 1356 λόγου,
608 1318 643 1350 ὡς
659 1317 765 1354 ἄτιμον,
782 1316 828 1345 καὶ

43 1363 95 1392 οὐδὲ
115 1364 182 1398 ἄξιον
208 1365 294 1394 ἐλθεῖν
310 1365 347 1397 εἷς
371 1363 451 1401 μέσον
465 1374 471 1381 ·
499 1364 553 1396 τοῖς
575 1362 602 1391 δὲ
625 1361 715 1394 ἄλλοις
740 1359 827 1390 διαλέ-

43 1419 110 1446 γεται
127 1410 160 1442 ὡς
173 1409 237 1448 περὶ
253 1410 340 1438 κοινοῦ
356 1408 533 1447 ἐγκλήματος.

83 1509 97 1527 ιι
114 1499 165 1528 Καὶ
192 1498 255 1539 οὐχὶ
280 1499 380 1537 μᾶλλον
407 1497 585 1534 ἐπενθήσατε,
607 1495 651 1525 ἵνα
679 1495 773 1536 ἐξαρθῇ
800 1497 830 1526 ἐκ

46 1542 118 1580 μέσον
138 1545 210 1582 ὑμῶν
241 1545 256 1573 ὁ
281 1543 311 1572 τὸ
337 1543 412 1582 ἔργον
443 1545 520 1572 ’τοῦτο
541 1541 664 1577 ποιήσας.
689 1553 703 1570 ι)
737 1540 830 1577 Ἔδει,

45 1587 116 1626 φησι,
140 1590 288 1624 πενθῆσαι,
312 1587 378 1617 διότι
403 1589 439 1621 εἷς
458 1587 488 1616 τὸ
503 1586 589 1616 κοινὸν
604 1587 651 1622 τῆς
666 1586 832 1621 Ἐκκλησίας

44 1634 59 1666 ἡ
73 1632 180 1669 διαϐολὴ
195 1631 388 1673 προεχώρησεν
402 1643 409 1650 ·
428 1632 482 1661 ἔδει
498 1631 623 1666 εὔξασθαι
639 1631 686 1660 καὶ
700 1631 829 1669 κλαῦσαι,

45 1677 75 1709 ὡς
91 1677 132 1707 ἐπὶ
143 1678 218 1708 νόσου
230 1678 277 1706 καὶ
295 1678 398 1716 λοιμοῦ.
411 1690 423 1704 ι
435 1675 496 1707 Ἵνα
511 1675 606 1715 ἐξαρθῇ
618 1675 644 1709 ἐξ
657 1677 743 1713 ὑμῶν,
752 1689 764 1701 ν
775 1687 834 1704 του-

45 1720 139 1758 τέστιν,
153 1723 297 1761 ἀποτμηθῇ
312 1723 347 1755 ὡς
365 1721 440 1758 κοινὴ
457 1721 557 1761 βλάϐη.
576 1720 631 1761 Καὶ
648 1720 707 1750 οὐδὲ
721 1721 833 1750 ἐνταῦθα

46 1767 87 1794 τοῦ
106 1759 232 1806 ὀνόματοξ
252 1759 332 1796 αὐτοῦ
359 1759 509 1806 μέμνηται,
532 1766 592 1796 ἀλλ’
606 1759 679 1795 εἶπεν
694 1776 700 1783 ·
722 1775 738 1793 α
755 1766 790 1795 ’0
805 1765 835 1795 τὸ

44 1809 113 1850 ἔργον
129 1814 205 1842 τοῦτο
221 1811 348 1847 ποιήσας.
364 1822 380 1840 ι)

81 1869 93 1882 ι
106 1855 178 1896 Ἐγὼ
201 1857 252 1896 μὲν
269 1855 319 1896 γὰρ
334 1857 370 1890 ὣς
384 1855 458 1885 ἀπὼν
483 1857 522 1896 τῷ
547 1855 670 1894 σώματι,
691 1853 783 1894 παρὼν
808 1855 836 1884 δὲ

45 1901 80 1940 τῷ
91 1901 239 1941 πνεύματι,
255 1901 307 1938 ἤδη
320 1901 431 1941 κέκρικα
445 1902 480 1934 ὡς
494 1900 595 1940 παρών.
616 1913 628 1926 ι
644 1899 720 1938 ιὈριιι
744 1899 836 1937 θυμόν·

47 1945 111 1974 Οὐδὲ
135 1948 279 1986 ἀναμεῖναι
297 1946 376 1975 αὐτοῦ
401 1947 449 1981 τὴν
465 1944 613 1986 παρουσίαν
634 1943 758 1984 ἀφίησιν,
778 1943 836 1974 οὐδὲ

47 1989 192 2025 ἐκδέξασθαι
217 1990 314 2027 αὑτὸν,
339 1989 385 2019 καὶ
411 1989 469 2020 τότε
491 1991 587 2026 δῆσαι,
610 1990 670 2019 ἀλλ’
694 1989 729 2022 ὣς
744 1988 836 2027 λοιμὸν

48 2034 174 2073 ἐπείγεται
201 2039 365 2074 κατασχεῖν,
389 2034 450 2074 πρὶν
478 2036 515 2068 εἷς
540 2034 599 2064 ὅλον
628 2034 658 2063 τὸ
684 2034 764 2071 σῶμα
790 2035 837 2069 τῆς

49 2076 202 2115 Έκκλησίας
229 2080 351 2118 διαδοθῇ.
375 2093 387 2105 ι
413 2079 513 2120 Παρὼν
541 2080 568 2108 δὲ
594 2080 632 2118 τῷ
648 2078 797 2117 πνεύματι,
817 2089 831 2107 n

49 2122 110 2162 ἔφη,
133 2124 301 2163 κατεπείγων
316 2123 411 2157 αὖτοὺς
435 2127 471 2158 εἷς
490 2123 538 2160 τὴν
560 2123 710 2164 ἀπόφασιν,
727 2122 773 2152 καὶ
793 2123 839 2152 ἐκ·

48 2168 146 2206 φοϐῶν,
161 2171 196 2202 ὡς
213 2168 290 2202 εἰδὼς
303 2168 337 2198 τὰ
352 2169 407 2198 ἐκεῖ
420 2168 597 2209 κριθησόμενοι
609 2191 618 2206 ,
644 2168 690 2197 καὶ
714 2169 763 2197 οὖκ
790 2169 842 2206 ἆγ-

47 2212 142 2248 νοήσων
165 2214 211 2244 διὰ
235 2216 284 2243 τοῦ
315 2213 487 2252 Πνεύματος,
517 2213 577 2249 ἤτοι
601 2215 648 2242 τοῦ
683 2213 840 2252 διορατικοῢ

48 2257 217 2297 χαρίσματος,
233 2258 248 2287 ὃ
265 2257 296 2287 ἂν
310 2257 440 2298 πράξωσι.
454 2258 547 2297 Λέγων
563 2258 590 2287 δὲ
604 2279 611 2293 ,
628 2256 674 2286 καὶ
684 2256 724 2286 ὅτι
741 2271 752 2282 ι
766 2255 839 2293 Ἤδη

48 2301 152 2342 κέκρικα
165 2305 201 2337 ὡς
223 2303 335 2343 παρὼν,
355 2317 368 2330 ν
394 2304 442 2332 οὐκ
462 2303 571 2344 ἀφίησιν
596 2301 686 2335 αὖτοὺς
712 2301 800 2341 ἔτερόν
817 2313 842 2330 τι

51 2347 176 2384 ἐννοῆσαι.
196 2347 273 2386 Ἐγὼ
290 2348 353 2388 γὰρ,
370 2348 450 2388 φησὶν
461 2370 470 2386 ,
488 2348 616 2386 ἔξήνεγκα
631 2346 677 2382 τὴν
694 2346 842 2386 ἀπόφασιν,

51 2391 92 2420 καὶ
104 2393 177 2423 οὐδὲν
194 2392 286 2432 ἕτερον
302 2393 340 2421 δεῖ
356 2392 485 2432 γενέσθαι.

92 2483 167 2514 ιΤὸν
180 2482 254 2513 οὕτω
271 2485 349 2512 τοῦτο
365 2483 614 2523 κατεργασάμενον,
631 2484 656 2511 ἔν
678 2483 716 2521 τῷ
736 2481 844 2519 ὀνόματι

52 2529 94 2556 τοῦ
114 2529 215 2568 Κυρίου
230 2529 309 2566 ἡμῶν
327 2527 416 2564 Ἰησοῦ
431 2529 548 2567 Χριστοῦ
564 2526 746 2566 συναχθέντων
770 2527 844 2564 ὑμῶν

53 2571 95 2600 καὶ
117 2575 163 2601 τοῦ
186 2573 254 2611 ἐμοῦ
280 2572 440 2611 πνεύματος.
461 2586 474 2598 ι
497 2571 558 2602 Ἵνα
583 2571 620 2611 μὴ
636 2571 698 2612 δόξῃ
714 2570 844 2607 αὐθάδης,

55 2616 96 2645 καὶ
111 2616 204 2650 αὖτοὺς
215 2617 420 2656 προσλαμϐάνει
435 2617 589 2652 κοινωνούς,
602 2627 617 2645 υ
633 2616 823 2655 Συναχθέντων
836 2627 848 2640 ι

55 2660 101 2700 γὰρ
119 2675 130 2687 -
142 2664 218 2700 ὑμῶν
233 2685 242 2697 ,
260 2676 272 2687 ιι
286 2661 366 2701 φησὶν
377 2685 385 2698 ,
400 2676 412 2688 ι
423 2663 450 2691 ἐν
464 2665 502 2702 τῷ
515 2663 623 2700 ὀνόματι
637 2663 682 2691 τοῦ
699 2662 849 2700 Χριστοῦ·-

57 2705 185 2736 ⁴τουτέστιν
199 2717 206 2724 ·
220 2704 285 2736 Ἵνα
305 2707 342 2744 μὴ
358 2707 427 2736 κατὰ
450 2707 616 2746 ἀνθρωπίνην
640 2706 818 2746 πρό[σ]ληψιν
833 2707 850 2739 ἡ

875 927 966 951 autem
982 922 1194 954 accusationem,
1211 932 1224 944 ι
1244 920 1340 956 qualis,
1359 932 1371 943 ›ι
1397 919 1494 955 inquit,
1519 928 1534 945 ιι
1551 927 1586 946 ne
1600 918 1671 946 inter

875 972 968 1004 gentes
990 966 1114 1004 quidem.
1138 977 1151 991 ιι
1166 968 1223 994 Nec
1251 965 1331 999 dixit,
1356 963 1533 997 Admittitur,
1561 971 1670 996 verum,

878 1024 890 1037 «ι
912 1014 952 1041 Ne
970 1013 1130 1040 nominatur
1152 1010 1280 1047 quidem,
1302 1013 1332 1037 ut
1353 1009 1499 1045 conjugcm
1524 1008 1672 1044 quisquam

878 1059 961 1094 patris
986 1058 1027 1086 sui
1057 1057 1165 1085 habeat.
1196 1068 1208 1081 ιι
1233 1057 1295 1084 Νοη
1315 1055 1393 1089 dixit,
1426 1061 1590 1087 novercam,
1613 1053 1672 1087 sed,

881 1114 894 1129 ιι
917 1104 1039 1131 Uxorem
1054 1103 1151 1138 patris,
1174 1113 1186 1126 ιι
1207 1105 1238 1128 ut
1248 1108 1280 1128 eo
1294 1100 1384 1128 acrius
1397 1098 1492 1132 feriat,
1510 1098 1578 1127 dum
1594 1110 1607 1122 ι
1624 1106 1674 1134 pa-

878 1148 954 1176 tris»
972 1147 1105 1176 meminit.
1129 1145 1276 1174 Honestius
1288 1149 1380 1173 autem
1401 1144 1477 1178 dixit,
1497 1155 1510 1168 ι
1527 1143 1645 1177 Habeat,
1659 1155 1673 1168 ι

878 1191 1063 1221 fornicationis
1078 1198 1179 1218 nomen
1192 1189 1340 1217 verecunde
1352 1188 1470 1224 fugiens.

915 1239 1001 1266 νεεδ.
1017 1240 1044 1264 2.
1063 1247 1075 1261 ι
1093 1237 1128 1263 Et
1147 1242 1194 1262 vos
1212 1234 1299 1262 inﬂati
1319 1234 1394 1262 estis.
1412 1245 1425 1257 ι
1448 1233 1492 1261 0b
1517 1233 1677 1262 doctrinam

879 1283 938 1319 ejus
947 1292 954 1316 ;
963 1282 1069 1317 sapiens
1082 1279 1155 1308 enim
1166 1283 1231 1307 erat.
1247 1279 1367 1307 Observa
1377 1282 1471 1306 autem
1485 1278 1544 1314 ejus
1557 1277 1677 1314 pruden-

880 1327 956 1354 tiam.
977 1327 1119 1362 Nusquam
1137 1325 1214 1352 illum
1235 1331 1365 1352 sermone
1383 1323 1524 1359 dignatur,
1542 1326 1679 1359 tanquam

881 1371 1092 1408 ignominiosum
1105 1373 1133 1398 et
1147 1368 1289 1405 indignum
1299 1368 1347 1404 qui
1361 1368 1390 1396 in
1404 1367 1528 1396 medium
1549 1367 1678 1404 prodeat;

882 1416 930 1445 sed
943 1424 1008 1444 cum
1023 1415 1093 1449 aliis,
1115 1422 1166 1443 ceu
1185 1413 1220 1442 de
1239 1413 1381 1442 communi
1395 1411 1496 1441 delicto
1509 1416 1538 1441 et
1551 1412 1631 1449 culpa
1641 1412 1679 1440 lo-

882 1462 986 1498 quitur.

921 1518 934 1531 α
955 1507 1012 1534 Nec
1022 1504 1128 1533 lnxistis
1138 1503 1241 1540 potius,
1252 1506 1282 1530 ut
1296 1510 1311 1530 e
1326 1502 1420 1530 medio
1433 1502 1514 1530 vestri
1527 1501 1681 1536 tolleretur,

885 1551 929 1588 qui
945 1550 999 1578 hoc
1013 1557 1084 1586 opus
1097 1548 1170 1577 fecit.
1188 1560 1200 1572 ι
1214 1547 1372 1580 Debebatis,
1387 1547 1484 1582 inquit,
1501 1547 1602 1583 lugere,
1615 1554 1684 1583 quo-

885 1597 959 1624 niam
976 1595 1003 1623 in
1023 1601 1200 1623 communem
1222 1592 1374 1620 Ecclesiam
1395 1591 1532 1620 calumnia
1550 1591 1682 1627 pervenit.

887 1639 1069 1670 Conveniebat
1085 1639 1170 1667 etiam
1185 1641 1215 1666 ut
1227 1637 1341 1665 oraretis
1355 1641 1383 1664 et
1397 1635 1538 1672 ploraretis
1552 1640 1684 1672 tanquam

887 1693 968 1721 super
982 1684 1080 1712 morbo
1092 1687 1119 1711 et
1134 1686 1218 1719 peste,
1242 1691 1256 1707 «
1268 1686 1299 1709 ut
1318 1681 1461 1709 tolleretur
1471 1689 1487 1709 e
1500 1680 1586 1715 vobis,
1603 1692 1616 1704 ι»
1632 1680 1686 1708 hoc

889 1734 930 1758 est
947 1733 1114 1758 resccaretnr
1137 1735 1186 1755 ceu
1212 1726 1317 1762 publica
1341 1733 1423 1754 noxa.
1446 1727 1541 1761 Neque
1568 1724 1613 1753 hic
1632 1732 1687 1753 no-

889 1774 972 1802 minis
986 1774 1044 1810 ejus
1056 1771 1191 1806 meminit,
1218 1779 1313 1799 vorum
1333 1769 1413 1804 dixit,
1430 1781 1444 1795 ι
1466 1770 1521 1805 Qui
1543 1777 1612 1806 opus
1633 1769 1688 1798 hoc

890 1819 962 1847 fecit.
982 1830 994 1842 ι»

925 1865 1012 1891 Vsus.
1032 1865 1057 1889 3.
1078 1872 1091 1885 (ι
1117 1862 1174 1896 Ego
1196 1867 1262 1887 sane
1280 1863 1412 1894 tanquam
1440 1857 1540 1886 absens
1561 1866 1686 1894 corpore,

890 1915 1009 1946 prmsens
1024 1911 1115 1934 autem
1128 1904 1236 1940 spiritu,
1249 1903 1308 1939 jam
1325 1902 1442 1939 judicavi
1461 1910 1509 1930 ceu
1526 1910 1658 1938 pracsens,
1673 1914 1686 1927 ι

890 1953 959 1981 Vide
976 1952 1033 1988 ejus
1047 1949 1281 1985 indignationem:
1306 1955 1395 1984 neque
1416 1947 1593 1983 praesentiam
1607 1955 1688 1975 suam

891 2001 1044 2034 exspectare
1069 1995 1141 2028 sinit,
1163 2000 1251 2029 neque
1270 1993 1360 2028 ipsum
1380 1991 1542 2027 praestolari,
1567 1995 1598 2020 ut
1627 1995 1690 2020 tum

892 2043 1000 2076 vinciat,
1013 2044 1144 2069 caeterum
1154 2042 1286 2074 tanquam
1298 2041 1401 2073 pestem
1414 2036 1600 2072 comprimere
1607 2035 1685 2064 festi~

891 2093 940 2117 nat
959 2087 1116 2124 priusquam
1131 2084 1159 2111 in
1181 2086 1271 2111 totum
1293 2081 1422 2110 Ecclesiae
1436 2089 1535 2116 corpus
1559 2081 1688 2109 dissemi-

893 2137 983 2161 netur.
1006 2141 1020 2157 ι(
1044 2131 1167 2158 Praesens
1186 2131 1276 2155 autem
1295 2126 1401 2162 spiritu,
1425 2137 1438 2150 ι
1455 2125 1535 2159 dixit,
1557 2129 1588 2154 ut
1613 2133 1689 2154 com-

895 2177 978 2214 pellat
997 2182 1045 2203 eos
1079 2173 1114 2201 ad
1137 2171 1299 2200 sententiam
1318 2170 1470 2204 ferendam,
1608 2173 1691 2206 atque

855 2235 878 2265 υ
894 2218 1104 2260 perterrefaciat,
1121 2221 1150 2244 ut
1165 2216 1210 2251 qui
1224 2216 1293 2243 sciat
1306 2223 1367 2251 quae
1387 2214 1442 2242 illic
1461 2213 1613 2265 judicaturi
1626 2214 1693 2248 sint,

894 2257 946 2295 nec
970 2264 1078 2299 ignoret
1101 2268 1148 2296 per
1169 2260 1313 2296 Spiritum,
1334 2259 1361 2286 id
1386 2263 1428 2286 est
1446 2266 1494 2294 per
1512 2257 1618 2286 donum
1631 2265 1693 2294 per-

896 2307 1069 2347 spicacitatis,
1083 2305 1216 2342 quidnam
1226 2308 1317 2340 agant.
1332 2303 1410 2337 Quod
1421 2307 1513 2331 autem
1527 2303 1567 2331 ait
1580 2311 1588 2330 :
1603 2313 1617 2328 ι
1632 2303 1695 2331 Jam

895 2353 1025 2393 judicavi,
1050 2356 1182 2386 tanquam
1198 2356 1328 2385 praesens,
1354 2360 1367 2373 ιι
1386 2355 1442 2376 non
1462 2348 1596 2385 permittit
1610 2348 1649 2376 eis
1662 2352 1695 2376 ut

899 2399 975 2429 aliud
988 2396 1141 2434 quidquam
1155 2394 1288 2430 cogitent.
1305 2395 1376 2422 Nam
1392 2400 1454 2429 ego,
1468 2392 1567 2430 inquit,
1582 2396 1696 2422 senten-

900 2445 966 2473 tiam
982 2442 1043 2474 tuli,
1059 2445 1086 2469 et
1102 2440 1137 2468 nil
1152 2439 1226 2467 aliud
1240 2441 1349 2474 oportet
1368 2437 1438 2466 ﬁeri.

936 2490 1025 2518 Vsus.
1040 2490 1067 2514 4.
1083 2498 1095 2510 α
1114 2487 1184 2513 Eum
1203 2483 1249 2520 qui
1265 2483 1304 2511 sic
1313 2482 1387 2510 istud
1401 2486 1527 2518 operatus
1540 2486 1591 2517 est,
1604 2482 1635 2511 in
1650 2491 1698 2511 no-

900 2533 973 2561 mine
986 2530 1100 2560 Domini
1114 2529 1200 2557 nostri
1215 2530 1282 2556 Jesu
1300 2527 1410 2561 Christi,
1425 2527 1598 2564 congregatis
1611 2527 1699 2559 vobis,

901 2578 928 2601 et
942 2581 1003 2601 meo
1018 2571 1126 2607 spiritu.
1141 2581 1153 2593 -
1171 2570 1210 2597 Nc
1223 2568 1348 2596 videatur
1361 2575 1503 2604 arrogans,
1522 2574 1569 2595 eos
1583 2566 1702 2595 assumit

902 2622 1054 2649 consortes,
1072 2627 1084 2640 α
1107 2614 1286 2650 Congregatis
1303 2613 1391 2646 vobis,
1409 2624 1421 2637 ιι
1443 2612 1579 2648 inquiens,
1601 2611 1628 2638 in
1649 2618 1700 2638 no-

904 2664 979 2690 minc
993 2660 1105 2693 Christi,
1132 2671 1144 2683 ιι
1168 2659 1220 2687 hoc
1237 2661 1279 2686 est
1294 2661 1324 2686 ut
1344 2661 1495 2686 conventus
1510 2664 1569 2684 non
1590 2655 1637 2683 ﬁat
1654 2654 1703 2682 liu-

905 2715 987 2735 mano
1012 2705 1143 2742 quopiam
1166 2703 1280 2737 affectu,
1297 2702 1344 2731 sed
1365 2700 1519 2731 secundum
1534 2702 1625 2729 Deum
1643 2709 1649 2726 :
1675 2701 1705 2724 ut

749 2763 841 2792 Variae
865 2763 1014 2791 lectiones.

91 2825 113 2845 ³³
125 2826 150 2854 ἐν
161 2826 225 2863 (υμῖν
237 2828 290 2859 τοῖς
304 2829 442 2864 μυστηρίων
457 2827 584 2859 ἀξιωθεῖσι
603 2828 656 2858 τοῖς
670 2826 849 2862 πνευματικοῖς
863 2832 889 2852 0.
