1881 3081
228 168 277 194 623

732 168 984 195 THEOPHYLACTI
1005 168 1182 195 BULGARHS
1202 168 1358 195 ΑΒΟΗΙΕΡ.
1795 168 1829 194 6ἓᾶ

225 228 350 256 Christus
363 229 419 264 ipse
437 236 483 256 vos
505 233 663 265 congreget,
687 237 736 265 pro
758 237 813 266 quo
826 230 906 258 etiam
926 239 1009 259 σοι]ιό

1078 230 1182 265 σύναξις
1197 229 1320 269 γένηται,
1336 229 1404 259 ἀλλὰ
1426 229 1494 258 κατὰ
1516 229 1583 259 Θεόν
1595 241 1602 247 ·
1615 229 1658 257 ἵνα
1678 228 1828 268 0.1310(0ng-

222 273 299 301 nitis.
317 271 444 300 Prazfecit
458 277 551 300 autem
565 273 630 308 ipsis
645 281 727 302 suum
739 275 821 302 etiam
835 275 973 310 spiritum.
989 283 1022 302 ne

223 318 314 353 ipsum
327 317 404 345 venia
421 317 578 353 dignentur,
592 317 641 346 sed
658 323 731 346 recte
748 318 886 355 judicent,
901 327 978 356 atque
991 328 1022 347 ac

223 362 245 390 si
260 362 317 397 ipse
331 365 432 397 praesto
448 366 532 390 esset.

259 453 350 481 Vrsas.
365 455 392 480 5.
410 463 422 476 «ι
437 453 507 480 Cum
520 453 621 481 virtute
635 453 749 482 Domini
762 454 849 482 nostri
861 455 927 482 Jesu
942 455 1022 483 Chri-

221 497 268 531 sti,
290 496 402 525 tradere
427 497 511 525 talem
535 498 660 526 Satanae.
683 510 695 523 η
712 499 773 527 Hoc
801 503 853 533 est,
882 499 924 527 vel
948 500 1022 536 quod

221 541 344 570 Christus
357 542 440 569 talem
462 542 541 570 vobis
562 542 630 570 dare
651 547 733 578 queat
747 543 872 579 gratiam,
890 552 943 580 qua
961 544 1022 572 dia-

221 585 285 614 bolo
298 586 374 614 illum
386 586 494 615 tradere
508 587 620 623 possitis
644 596 650 614 :
667 587 707 615 vel
722 588 797 624 quod
817 592 845 616 et
865 589 923 624 ipse
935 589 1024 617 vobis-

221 638 285 658 cum
310 630 444 659 adversus
472 631 555 659 istum
581 631 743 668 suffragium
766 631 846 661 ferat.
868 634 926 661 Nec
944 633 1022 667 dixit,

220 675 337 710 Dedere,
353 675 413 710 sed,
434 687 447 700 «ι
465 675 608 711 tradere,»
623 676 802 712 subaperiens
821 678 845 706 ei
859 678 1019 713 resipiscen-

219 719 266 748 tiaa
276 719 383 756 januas.
398 721 495 756 Neque
509 721 630 749 nominis
641 721 701 757 ejus
712 730 807 750 rursus
817 722 954 758 meminit,
971 722 1019 751 sed

223 764 346 800 «talem,
368 776 382 789 υ
402 764 477 793 dicit.

256 869 270 883 α
286 858 317 886 In
328 858 471 887 interitum
483 859 582 893 carnis,
599 863 630 888 ut
647 860 759 896 spiritus
777 860 867 889 salvus
882 861 917 890 sit
929 861 958 889 in
972 861 1016 890 die

218 903 331 931 Domini
343 904 418 932 Iesu.
441 915 454 928 ι)
471 905 531 932 Ηοο
554 908 606 939 est,
619 909 649 933 ut
665 905 763 933 morbo
779 906 866 941 ipsum
885 911 1014 934 maceret.
1032 920 1055 950 Β

217 948 287 976 Cum
303 948 377 976 enim
396 956 411 976 a
425 949 548 984 corporis
573 949 713 986 voluptate
734 950 895 986 cupiditates
921 951 1012 979 orian-

217 997 272 1026 tur,
287 1000 386 1029 corpus
396 993 485 1028 plmiri
496 993 563 1028 vult,
581 1005 593 1017 «ι
606 997 636 1022 ιιι
647 994 770 1030 spiritus,
785 1005 799 1020 »
814 995 843 1023 id
857 999 898 1023 est
909 996 1010 1029 anima,

214 1041 337 1066 servetur
352 1047 359 1065 :
379 1045 435 1065 non
449 1038 524 1074 quasi
542 1038 592 1066 ista
609 1039 667 1067 sola
689 1043 853 1073 servaretur,
875 1040 923 1068 sed
936 1041 1011 1076 quasi

214 1082 269 1110 hoc
285 1090 427 1116 concesso,
444 1083 519 1119 quod
532 1090 563 1111 ea
575 1087 691 1117 servata,
705 1091 803 1120 corpus
816 1084 902 1112 etiam
917 1092 1010 1112 serva—

213 1126 296 1154 bitur.
317 1126 437 1162 Quidam
455 1135 519 1155 vero
533 1127 671 1164 spiritum,
685 1127 791 1156 donum
802 1128 943 1164 spirituale
962 1137 1010 1165 ap-

213 1170 325 1206 pellant,
339 1171 470 1199 nimirum
484 1176 514 1200 ut
535 1172 643 1200 salvum
657 1172 682 1200 ei
695 1177 830 1207 servetur,
854 1181 905 1201 nec
917 1173 952 1201 ab
977 1182 1009 1202 eo

213 1223 263 1244 ceu
281 1223 314 1244 ex
334 1215 420 1252 impio
445 1215 575 1245 discedat.
599 1218 659 1245 Hoc
680 1218 755 1246 enim
775 1225 870 1246 curam
890 1219 1009 1254 gerentis

212 1260 302 1296 potius
313 1264 366 1294 est,
379 1268 462 1296 quam
475 1261 625 1296 punientis.
638 1262 756 1290 Pulchre
768 1266 862 1290 autem
872 1262 924 1291 diei
937 1263 1008 1291 illius

212 1305 346 1340 meminit,
363 1309 394 1333 ut
407 1310 435 1334 et
457 1306 495 1333 illi
509 1306 562 1334 sibi
580 1310 744 1341 metuentes,
760 1307 929 1335 medicinam
945 1307 1009 1335 affe-

209 1354 282 1384 rant,
309 1354 337 1378 et
358 1350 405 1378 ille
422 1349 517 1378 itidem
543 1350 614 1379 hanc
640 1351 758 1387 recipiat.
787 1353 890 1380 Metam
914 1356 1008 1380 autem

211 1393 320 1422 diabolo
334 1394 439 1429 statuit,
454 1402 533 1431 asque
549 1400 630 1431 atque
643 1395 672 1423 in
685 1395 768 1429 Jobo,
791 1399 822 1424 ut
839 1404 939 1432 corpus
951 1400 1009 1424 tan-

210 1442 282 1472 tum,
297 1446 354 1467 non
368 1443 460 1467 autem
472 1439 593 1467 animam
608 1439 735 1476 attingat.

246 1531 331 1557 Vens.
347 1532 374 1557 6.
392 1541 404 1554 «
431 1531 495 1558 Non
508 1530 581 1557 bona
596 1533 637 1558 est
651 1529 778 1566 gloriatio
792 1534 890 1558 vestra.
915 1542 926 1555 η
940 1531 1010 1559 Sub-
1025 1528 1047 1559 C

212 1573 324 1607 indicat,
349 1574 424 1609 quod
438 1574 490 1610 ipsi
504 1581 561 1602 non
575 1574 752 1610 permiserint
765 1582 829 1603 eum
841 1575 1010 1611 resipiscere,

210 1618 359 1654 gloriantes
373 1618 431 1654 ejus
445 1618 565 1647 nomine.
584 1620 654 1647 Nam
668 1627 742 1647 unus
756 1626 789 1647 ex
803 1619 1008 1648 Corinthiorum

210 1662 380 1698 sapientibus
394 1667 464 1691 erat.

247 1715 263 1733 at
277 1706 395 1735 Nescitis
406 1707 480 1744 quod
492 1707 633 1736 modicum
645 1708 772 1737 fermenti
786 1712 874 1738 totam
886 1717 1009 1738 massam

210 1751 375 1780 fermentat?
395 1762 410 1779 ν
445 1754 478 1781 Et
492 1754 586 1788 vestri,
602 1753 700 1790 inquit,
715 1762 772 1782 non
797 1754 869 1782 illius
882 1758 1008 1783 tantum-

209 1796 293 1825 modo
306 1804 402 1826 curam
424 1797 524 1826 habeo.
538 1799 609 1826 Nam
625 1799 729 1827 malum
753 1799 920 1835 neglectum,
941 1799 1005 1827 reli-

208 1849 294 1877 quum
310 1841 435 1871 Ecclesia
447 1850 547 1879 corpus
561 1847 670 1872 vastare
683 1847 784 1880 potest.
802 1844 843 1872 Ut
855 1844 928 1872 enim
950 1843 1006 1872 fer-

207 1890 342 1921 mentum,
349 1887 560 1916 modicumcum
567 1888 612 1922 sit,
620 1892 708 1916 totam
719 1895 839 1916 massam
846 1888 1005 1922 fermentat,

206 1939 238 1959 ac
249 1931 279 1959 in
293 1932 414 1967 seipsum
427 1933 533 1966 alterat,
552 1932 591 1961 sic
604 1936 631 1960 et
646 1932 728 1968 hujus
740 1936 883 1968 peccatum
897 1933 933 1961 ad
948 1941 1006 1961 sese

206 1975 353 2011 plerosque
367 1976 436 2004 alios
447 1976 577 2005 attrahet.

241 2021 329 2048 Vens.
357 2023 383 2048 7.
403 2032 416 2045 ι
442 2021 597 2056 Expurgate
612 2021 705 2057 itaque
727 2026 805 2050 vetns
825 2022 1003 2055 fermentum.

205 2068 235 2091 ut
247 2064 307 2092 sitis
317 2071 387 2092 nova
401 2065 575 2100 conspersio,
587 2066 826 2101 quemadmodum
843 2067 909 2094 estis
921 2066 1002 2102 149

205 2109 304 2144 ezymi.
322 2120 335 2133 ι
351 2109 411 2136 Hoc
425 2113 477 2143 est,
501 2108 700 2139 fornicatorem
720 2111 807 2139 istum
828 2111 930 2146 ejicite,
945 2111 1002 2139 imo

204 2156 231 2180 et
244 2152 313 2181 alios
328 2152 374 2189 qui
385 2153 452 2181 mali
463 2157 536 2182 sunt.
549 2154 634 2182 Vetus
644 2154 719 2182 enim
732 2154 899 2183 fermentum
912 2155 1001 2183 omnis
1027 2174 1029 2176 -

1077 275 1136 308 στὸς
1167 274 1262 314 συνάξῃ
1278 276 1359 312 ὑμᾶς,
1385 273 1451 313 ὑπὲρ
1472 269 1502 303 οἷ
1527 274 1570 302 καὶ
1596 275 1752 313 συνέρχεσθε.
1784 274 1829 302 Ἐπ-

1076 320 1171 356 έστησε
1187 319 1214 348 δὲ
1240 320 1327 352 αὐτοῖς
1340 318 1384 347 καὶ
1397 318 1427 347 τὸ
1450 320 1530 348 αὑτοῦ
1545 321 1664 356 πνεῦμα,
1677 317 1717 346 ἵνα
1740 317 1770 355 μὴ
1786 329 1830 354 συγ-

1076 365 1184 403 γνώμης
1200 364 1279 393 αὖτὸν
1305 363 1452 397 ἀξιώσωσιν
1463 387 1471 400 ,
1497 363 1557 392 ἀλλ’
1571 363 1653 402 ὀρθῶς
1675 362 1797 402 κρίνωσιν,
1808 364 1830 394 ὡς

1077 410 1122 438 καὶ
1138 410 1217 438 αὐτοῦ
1233 411 1373 449 παρόντος.
1453 444 1458 450 Ι

1117 468 1129 480 α
1142 454 1196 484 Σὺν
1211 455 1245 493 τῇ
1258 453 1367 491 δυνάμει
1378 455 1423 482 τοῦ
1439 452 1537 492 Κυρίου
1551 453 1625 490 ἡμῶν
1636 451 1721 488 Ἰησοῦ
1731 452 1828 491 Χριστοῧ,

1077 499 1240 539 παραδοῦναι
1256 498 1299 527 τὸν
1316 501 1432 527 τοιοῦτον
1456 499 1493 537 τῷ
1511 498 1633 537 Σατανᾷ.
1649 511 1661 523 ι
1679 498 1706 527 Τ
1705 496 1829 533 ουτέστιν,ἣ

1076 542 1116 572 ὅτι
1128 543 1161 573 Ὁ
1177 543 1290 582 Χριστὸς
1304 542 1412 571 δύναται
1426 542 1551 578 τοιαύτην
1566 542 1627 580 ὑμῖν
1638 541 1712 582 χάριν
1726 542 1797 570 δοῦναι
1805 542 1829 575 ³⁵,

1076 587 1145 617 ὥστε
1161 589 1286 618 δύνασθαι
1300 588 1308 606 ⁵
1327 590 1365 627 τῷ
1381 587 1497 627 διαϐόλῳ
1521 587 1693 626 παραδιδόναι
1703 598 1710 604 υ
1730 588 1746 621 ἢ
1759 586 1790 615 ὅτι
1801 586 1830 614 καὶ

1077 633 1153 666 αὐτὸς
1169 634 1225 671 μεθ’
1245 634 1318 670 ὑμῶν
1344 634 1404 662 κατ’
1426 634 1506 662 αὐτοῦ
1523 632 1595 672 φέρει
1619 630 1667 667 τὴν
1687 632 1772 671 ψῆφον.
1793 630 1830 659 Καὶ

1075 679 1122 707 οὐκ
1145 673 1216 707 εἶπεν
1226 700 1235 714 ,
1251 678 1408 712 Ἐκδοῦναι,
1436 676 1522 714 ἀλλὰ,
1542 689 1554 701 α
1582 677 1761 716 Παραδοῠναι,
1774 688 1784 702 ι
1799 677 1830 702 ὑπ-

1075 722 1185 761 ανοίγων
1213 723 1285 762 αὐτῷ
1309 721 1356 755 τὰς
1384 723 1430 756 ἧς
1455 720 1595 760 μετανοίας
1615 720 1702 760 θύρας,
1728 719 1773 750 Καὶ
1790 719 1828 748 οὐξὲ

1073 767 1153 796 πάλιν
1168 767 1295 805 ὀνόματος
1311 766 1460 805 μέμνηται,
1484 766 1552 795 ἀλλὰ
1565 787 1572 801 ,
1594 776 1609 793 α
1626 766 1678 795 Τὸν
1692 766 1805 799 τοιοῦτον,
1820 777 1826 788 ι

1071 811 1152 850 λέγει.

1115 870 1127 882 ιι
1154 857 1200 889 Εἰς
1223 856 1327 895 ὄλεθρον
1351 856 1398 891 τῆς
1427 855 1538 894 σαρκὸς,
1555 854 1598 884 ἵνα
1625 854 1654 884 τὸ
1672 856 1765 892 πνεῦμα
1779 854 1827 889 σωθῇ

1072 901 1097 929 ἐν
1113 903 1145 941 τῇ
1165 901 1253 941 ἡμέρᾳ
1277 903 1323 930 τοῦ
1354 900 1451 939 Κυρίου
1476 899 1577 935 Ἰησοῦ.
1597 913 1609 925 ι
1634 899 1777 933 Τουτέστιν,
1800 897 1828 925 in

1069 945 1137 986 νόσῳ
1163 946 1241 975 αὐτὸν
1265 945 1340 983 τήξῃ.
1368 944 1480 980 Ἐπειδὴ
1504 944 1556 983 γὰρ
1583 945 1614 973 ἐκ
1639 946 1683 980 τῆς
1705 944 1828 980 σωματικῆς

1065 990 1185 1031 τρυφῆς²
1200 991 1227 1020 αἱ
1243 989 1396 1026 ἐπιθυμίαι,
1412 990 1442 1018 τὸ
1457 990 1537 1027 σῶμα
1552 991 1711 1023 κολασθῆναι
1726 987 1828 1027 βούλεται,

1065 1034 1108 1064 ἵνα
1123 1035 1153 1064 τὸ
1167 1037 1270 1072 πνεῦμα
1283 1057 1291 1071 ,
1311 1035 1445 1064 τουτέστιν
1456 1056 1464 1070 ,
1481 1036 1498 1069 ἡ
1522 1034 1615 1074 ψυχὴ,
1641 1035 1728 1072 σωθῇ·
1750 1033 1791 1070 οὐχ
1806 1032 1828 1062 ὣς

1067 1079 1164 1116 ταύτης
1193 1079 1344 1118 σωζομένης
1374 1078 1474 1117 μόνης,
1505 1079 1566 1107 ἀλλ’
1592 1080 1628 1112 ὥς
1656 1075 1827 1116 ὡμολογημένον

1065 1124 1174 1160 τούτου,
1192 1124 1232 1153 ὅτι
1244 1124 1343 1160 ταύτης
1363 1123 1533 1161 σωζομένης,
1558 1123 1605 1152 καὶ
1626 1123 1656 1152 τὸ
1676 1124 1748 1160 σῶμα
1762 1119 1827 1154 σωθή-

1066 1181 1152 1198 σεται.
1172 1169 1247 1202 Τινὲς
1262 1167 1291 1197 δέ
1307 1180 1371 1208 φασι
1385 1171 1490 1206 πνεῦμα
1500 1191 1509 1206 ,
1526 1167 1556 1197 τὸ
1575 1168 1697 1207 χάρισμα
1707 1189 1714 1202 ,
1730 1166 1766 1194 ἵνα
1781 1165 1828 1194 σῶιγ

1066 1215 1168 1253 τηρηθῇ
1193 1214 1281 1252 αὐτῷ,
1304 1214 1349 1242 καὶ
1377 1212 1414 1251 μὴ
1439 1212 1605 1252 ἀναχωρήσῃ
1629 1213 1663 1245 ὡς
1687 1211 1711 1245 ἐξ
1726 1209 1827 1240 ἀσεϐῶν

1064 1260 1141 1287 τοῦτο
1156 1252 1192 1287 νδὲ
1217 1257 1363 1296 κηδομένου
1389 1257 1490 1296 μᾶλλον
1518 1257 1535 1292 ἢ
1570 1255 1760 1296 τιμωρουμένου
1781 1252 1827 1282 ἐστί.

1066 1303 1162 1335 Καλῶς
1185 1301 1212 1331 δὲ
1228 1304 1275 1338 τῆς
1290 1301 1392 1341 ἡμέρας
1415 1301 1516 1338 ἐκείνης
1538 1301 1689 1339 ἀνεμνήσθη
1711 1301 1732 1336 ³,
1749 1298 1784 1327 ἵνα
1797 1298 1828 1326 χιιι
1859 1299 1860 1329 l

1064 1348 1158 1376 ἐκεῖνοι
1184 1346 1333 1385 δείσαντες,
1357 1346 1405 1382 τὴν
1435 1345 1551 1386 ἰατρείαν
1584 1345 1744 1384 ἀπενέγκωσι
1765 1343 1774 1362 ⁴
1797 1342 1827 1370 καὶ
1859 1362 1860 1386 γ

1063 1392 1159 1425 ἐκεῖνος
1199 1391 1324 1424 ὡσαύτως
1364 1391 1462 1427 ταύτην
1497 1390 1616 1426 δέξηται.
1653 1388 1732 1430 Ὅρον
1759 1386 1781 1417 δὲ
1802 1386 1828 1414 τί·

1063 1438 1122 1472 θησι
1148 1438 1187 1476 τῷ
1209 1436 1341 1475 διαϐόλῳ,
1367 1436 1487 1475 καθάπερ
1513 1435 1559 1464 καὶ
1586 1434 1631 1465 ἐπὶ
1654 1438 1696 1464 τοῦ
1717 1432 1828 1470 Ἰὼὸ,τοῧ

1063 1481 1186 1519 σώματος
1201 1480 1321 1521 ἅψασθαι
1332 1503 1339 1516 ,
1356 1480 1426 1510 ἀλλὰ
1445 1480 1481 1519 μὴ
1499 1479 1545 1510 καὶ
1562 1482 1610 1516 τῆς
1626 1481 1718 1520 ψυχῆς.

1104 1539 1115 1551 α
1134 1526 1175 1555 Οὔ
1197 1525 1278 1554 καλὸν
1300 1525 1330 1554 τὸ
1351 1525 1480 1565 καύχημα
1499 1526 1574 1563 ῧμῶν
1611 1539 1623 1550 ιι
1649 1525 1787 1554 Αῖνίττεται
1800 1521 1826 1550 ὅτι

1064 1570 1138 1600 αὐτοὶ
1154 1571 1200 1599 οὖκ
1216 1569 1308 1599 εἴασαν
1327 1569 1406 1599 αὐτὸν
1431 1571 1614 1607 μετανοῆσαι,
1642 1568 1793 1608 καυχώμενοι
1805 1566 1827 1612 si:

1064 1614 1153 1644 αὐτόν.
1182 1615 1236 1645 Καὶ
1263 1614 1314 1655 γὰρ
1341 1609 1377 1648 εἶς
1403 1616 1455 1644 τῶν
1484 1616 1548 1654 παρ’
1581 1613 1699 1647 uincire”
1723 1614 1796 1652 σοφῶν
1807 1613 1827 1645 ἡ*

1063 1655 1146 1692 οὗτος.

1107 1717 1120 1731 ιι
1137 1705 1193 1735 Οὐκ
1218 1705 1305 1734 οἴδατε
1331 1703 1370 1733 ὅτι
1396 1703 1479 1744 μικρὰ
1506 1703 1578 1743 ζύμη
1609 1703 1668 1734 ὅλον
1690 1702 1718 1732 τὸ
1743 1701 1827 1742 φύραμα
1859 1738 1860 1741 η

1062 1751 1153 1788 ζυμοῖ;
1168 1762 1181 1774 ι
1205 1749 1259 1779 Καὶ
1278 1750 1352 1788 ὓμῶν
1364 1772 1373 1786 ,
1394 1749 1473 1789 φησὶν
1483 1771 1492 1787 ,
1508 1750 1556 1778 οὐκ
1574 1748 1676 1779 ἐκείνου
1697 1747 1769 1787 μόνου
1785 1745 1824 1779 κή-

1063 1795 1152 1832 δομαι.
1175 1793 1228 1823 Καὶ
1243 1793 1295 1834 γὰρ
1315 1793 1494 1832 ἀμελούμενον
1521 1793 1551 1823 τὸ
1577 1793 1661 1823 κακὸν
1683 1792 1782 1822 δύναται
1793 1789 1826 1819 καὶ

1061 1838 1091 1868 τὸ
1108 1838 1198 1868 λοιπὸν
1216 1839 1294 1876 σῶμα
1310 1840 1355 1874 τῆς
1373 1837 1534 1874 Ἐκκλησίας
1548 1839 1727 1877 λυμήνασθαι.
1742 1835 1827 1871 Ὥσπερ

1060 1882 1111 1923 γὰρ
1127 1885 1143 1918 ἡ
1156 1882 1224 1921 ζύμη
1241 1882 1324 1922 μικρὰ
1341 1878 1422 1920 οὖσα,
1447 1883 1477 1912 τὸ
1494 1883 1606 1923 φύραμα
1621 1887 1674 1912 πᾶν
1691 1883 1702 1901 θ
1715 1881 1784 1920 ζυμοῖ
1795 1878 1826 1908 καὶ

1060 1927 1125 1967 πρὸς
1139 1927 1234 1963 ἑαυτὴν
1254 1927 1416 1965 μεταϐάλλει
1429 1939 1435 1945 ·
1458 1927 1527 1956 οὕτω
1542 1927 1588 1956 καὶ
1604 1930 1621 1963 ἡ
1647 1926 1736 1957 τούτου
1757 1925 1826 1963 ἆμαρ·

1059 1971 1102 2001 τία
1117 1971 1181 2011 πρὸς
1193 1972 1290 2008 ἑαυτὴν
1305 1971 1417 2006 πολλοὺς
1432 1972 1622 2002 ἐπισπάσεται.
1793 2009 1804 2014 _

1102 2030 1114 2043 α
1131 2016 1316 2056 Ἔκκαθάρατε
1337 2012 1381 2045 οὖν
1402 2016 1451 2054 τὴν
1475 2017 1594 2047 παλαιὰν
1619 2017 1716 2055 ζύμην,
1734 2015 1772 2044 ἵνα
1792 2012 1825 2047 ἦτε

1057 2061 1114 2091 νέον
1129 2061 1253 2101 φύραμα,
1271 2060 1357 2095 καθώς
1379 2062 1437 2090 ἐστε
1464 2062 1570 2100 ἄζυμοι.
1599 2076 1612 2088 ιν
1630 2060 1768 2096 Τουτέστι,
1787 2058 1826 2087 Τὸν

1056 2106 1152 2151 πόρνον
1172 2109 1262 2136 τοῦτον
1285 2105 1426 2151 ἐκϐάλετε,
1453 2107 1554 2144 μᾶλλον
1571 2105 1599 2135 δὲ
1615 2106 1660 2135 καὶ
1680 2105 1769 2151 ἄλλους

1056 2149 1126 2184 κούς.
1144 2151 1268 2181 Παλαιὰν
1290 2150 1340 2190 γὰρ
1362 2151 1446 2189 ζύμην
1467 2154 1556 2180 πᾶσαν
1580 2150 1676 2180 κακίαν
1697 2148 1764 2190 φησί.
1785 2148 1826 2176 Καὶ

207 2197 317 2233 generis
340 2198 407 2226 vitia
415 2198 553 2226 nominat.
572 2199 608 2226 Et
630 2206 686 2226 non
704 2199 782 2233 dixit,
797 2201 925 2236 Purgate,
940 2199 998 2234 sed,

1070 2197 1102 2224 ὖκ
1117 2191 1192 2232 εἶπε,
1208 2195 1351 2235 Καθάρατε
1362 2217 1370 2231 ,
1383 2195 1468 2231 ἀλλὰ,
1488 2209 1501 2222 ι
1520 2195 1704 2235 Ἐκκαθάρατε
1720 2205 1726 2212 ·
1744 2207 1755 2219 ιο
1767 2201 1825 2221 τουτ’

205 2253 218 2266 ι
243 2244 408 2278 Expurgate,
424 2252 438 2268 »
459 2242 511 2271 hoc
524 2246 576 2276 est,
592 2251 702 2271 summa
719 2243 857 2280 diligentia
871 2248 998 2281 purgate,

203 2290 234 2314 ut
260 2287 320 2315 sitis
345 2295 416 2314 nova
441 2294 542 2321 massa,
570 2295 632 2323 quae
665 2295 720 2316 non
748 2289 783 2317 sit
807 2289 878 2317 vitiis
908 2289 996 2316 mista.

205 2342 218 2355 α
239 2330 483 2365 Quemadmodum
497 2332 572 2366 estis,
592 2344 604 2356 ι
619 2332 672 2360 hoc
686 2337 737 2367 est,
753 2334 839 2362 secuti
859 2333 938 2362 decet
951 2341 999 2361 vos

202 2383 271 2410 esse,
298 2376 358 2404 sine
383 2374 530 2411 fermento,
552 2376 580 2405 id
602 2381 644 2404 est
675 2381 765 2406 vetere
794 2378 908 2412 malitia,
938 2385 999 2414 quae

201 2423 310 2448 acetosa
324 2423 376 2454 est,
388 2424 416 2448 et
429 2420 585 2450 mordicans
599 2429 647 2457 per
659 2422 859 2457 paenitentiam.

237 2475 251 2488 α
273 2464 384 2492 Etenim
404 2465 511 2494 Pascha
527 2470 655 2494 nostrum
676 2474 726 2502 pro
741 2467 820 2494 nobis
835 2466 998 2495 immolatus

199 2512 242 2537 est
271 2508 405 2537 Christus.
432 2520 445 2533 υ
465 2510 536 2544 Quia
568 2518 731 2546 azymorum
768 2511 904 2545 meminit,
935 2519 997 2547 quae

199 2553 340 2582 Paschatis
356 2558 480 2590 tempore
495 2554 657 2588 edebantur,
677 2555 844 2591 simulatque
860 2563 910 2591 per
927 2556 994 2584 alle-

198 2599 305 2636 goriam
317 2599 383 2635 quid
397 2599 452 2627 sint
462 2607 558 2635 azyma
569 2599 725 2636 explicavit,
739 2600 870 2628 nimirum
884 2599 996 2628 affectio

196 2644 270 2672 vitiis
280 2652 338 2672 non
345 2643 548 2680 contaminata;
559 2652 632 2672 nunc
642 2644 788 2680 allegorice
798 2644 995 2681 interpretatur

1056 2239 1132 2276 ἐστι,
1149 2239 1228 2270 Μετὰ
1252 2239 1388 2279 ἀκριϐείας
1412 2239 1565 2280 χαθοίρατε,
1592 2238 1637 2268 ἵνα
1658 2239 1712 2268 νέον
1736 2237 1824 2278 populi

1055 2284 1100 2313 καὶ
1117 2285 1208 2323 ἀμιγὲς
1232 2284 1326 2318 κακίας
1345 2280 1402 2320 ἦτε.
1421 2298 1433 2310 α
1462 2284 1556 2318 Καθώς
1575 2286 1653 2323 ἐστε,
1671 2298 1682 2310 ι
1707 2282 1760 2312 ἀντὶ
1775 2282 1822 2314 τοῦ,

1055 2329 1150 2362 Καθὼς
1164 2329 1258 2368 πρέπει
1274 2324 1340 2358 εἶναι
1356 2331 1444 2368 ὑμᾶς,
1470 2329 1552 2370 χωρὶς
1578 2328 1680 2366 ζύμης,
1707 2324 1822 2370 τουτέστιν,

1052 2375 1098 2410 τῆς
1119 2374 1235 2407 παλαιᾶς
1256 2373 1349 2407 κακίας
1359 2395 1367 2410 ,
1383 2374 1428 2404 καὶ
1443 2369 1553 2408 ὀξώδους
1564 2396 1572 2411 ,
1594 2374 1639 2403 καὶ
1657 2371 1789 2404 δακνούσης

1054 2418 1227 2458 μεταμελείᾳ.

1096 2477 1108 2489 α
1125 2463 1178 2493 Καὶ
1191 2462 1242 2503 γὰρ
1256 2463 1286 2492 τὸ
1299 2462 1400 2503 Πάσχα
1414 2464 1490 2502 ἡμῶν
1504 2463 1570 2503 ὑπὲρ
1587 2463 1664 2502 ἡμῶν
1681 2459 1823 2507 ἐτύθη-Χρς

1052 2507 1121 2541 στός.
1138 2518 1153 2536 n
1178 2507 1288 2543 Ἐπειδὴ
1315 2507 1424 2546 ἀζύμων
1445 2507 1580 2546 ἐμνήσθη,
1607 2509 1692 2536 ταῦτα
1716 2504 1742 2534 δὲ
1755 2505 1777 2533 ἐν
1795 2504 1822 2539 τῷ

1052 2552 1152 2591 Πάσχα
1176 2552 1314 2590 ἠσθίοντο,
1338 2552 1525 2593 ἀλληγορήσας
1548 2552 1582 2581 τὰ
1605 2551 1694 2589 ἄζυμα
1717 2549 1741 2578 τί
1755 2549 1820 2596 εἰσινΞ

1049 2596 1090 2626 ὅτι
1104 2599 1121 2632 ἡ
1138 2596 1250 2630 διάθεσις
1266 2600 1284 2632 ἡ
1301 2596 1398 2635 ἀμιγὴς
1420 2592 1534 2641 κακίας,
1555 2599 1599 2625 ν’ῦν
1620 2592 1776 2641 ἀλληγορεῖῖ
1787 2592 1821 2641 υῒὶ

1049 2641 1078 2670 τὸ
1095 2641 1209 2681 Πάσχα,
1231 2641 1277 2671 καί
1293 2653 1388 2682 φησιν,
1412 2641 1453 2671 ὅτι
1467 2640 1503 2672 Ὁ
1518 2641 1633 2681 Χριστός
1651 2641 1704 2670 ἐστι
1719 2639 1786 2677 ἡμῶν
1800 2643 1820 2662 το

893 2709 986 2738 Variae
1010 2709 1156 2739 lectiones.

229 2774 250 2791 9°
273 2775 368 2802 διδόναι
382 2783 407 2804 ο.
448 2775 456 2792 ¹
483 2774 616 2810 βούλεσθαι
641 2783 668 2803 ο.

193 2814 276 2846 αὐτοῖς
293 2823 332 2843 ω.
372 2815 382 2833 ⁶
396 2815 454 2842 ὅλοι
472 2823 500 2844 ο.
539 2815 548 2832 ⁷
564 2816 687 2852 μαρτυρεῖ
697 2823 724 2844 0.

707 2775 717 2792 ³
746 2776 790 2802 τοῦ
818 2777 931 2810 σώματος
959 2775 1057 2809 καὶτῆς
1087 2786 1124 2811 τρ.
1148 2784 1173 2804 ο.
1213 2776 1223 2792 ³
1254 2776 1388 2812 ἀνέμνησεν
1404 2784 1429 2804 ο.
1469 2775 1641 2811 ⁴ἐπενέγκωσι
1667 2782 1704 2802 ω.
1740 2772 1749 2788 ⁵
1774 2766 1818 2801 παρ’
