1881 3081
52 174 105 200 6ἳό
495 172 667 201 EXPOSITIO
686 174 718 201 IN
738 173 843 201 EPIST.
867 174 876 200 Ι

896 173 940 201 AD
960 173 1038 202 COR.
1060 189 1095 196 —
1114 176 1189 203 CAP.
1211 177 1242 204 V.
1656 178 1707 204 626

55 233 157 274 Πάσχα
166 258 176 272 ,
191 234 276 268 τυθεὶς
289 234 355 274 ὑπὲρ
366 236 453 273 ἡμῶν.
472 235 630 275 Ὀφείλομεν
640 230 684 265 οὖν
698 235 732 265 τὰ
751 236 838 274 ἄζυμα

940 236 974 264 [id
988 236 1022 264 sit
1034 237 1150 271 Pascha,
1163 237 1299 273 Christus,
1313 238 1453 275 inquiens,
1463 239 1566 268 Pascha
1581 243 1708 268 nostrum

52 279 196 315 τουτέστι,
229 279 275 315 τὴν
300 279 353 309 ἀπὸ
375 280 462 316 πάσης
486 280 580 313 κακίας
604 280 773 321 καθαρότητα
806 292 853 310 πε-

54 323 166 361 ριέπειν.

95 379 110 396 σ
128 369 222 398 Ὥστε
246 369 428 408 ἑορτάζωμεν,
452 369 490 407 μὴ
505 370 532 398 ἐν
555 369 624 409 ζύμῃ
640 370 763 410 παλαιᾷ,
785 370 853 408 μηδὲ

56 414 82 443 ἒν
97 412 170 452 ζύμῃ
196 413 293 447 κακίας
318 413 364 443 καὶ
388 413 522 453 πονηρίας.
543 427 555 440 ι
586 414 723 444 Δείκνυσιν
739 414 780 443 ὅτι
801 419 852 448 πᾶς

56 460 70 487 ὁ
96 457 195 497 χρόνος
216 459 308 498 ἑορτῆς
329 458 386 487 ἔστι
408 458 497 498 καιρὸς
522 463 575 492 τοῖς
600 459 785 498 Χριστιανοῖς,
810 460 853 488 διὰ

53 502 101 537 τήν
124 502 282 541 ὑπερϐολὴν
306 504 359 532 τῶν
387 503 514 532 δοθέντων
538 505 625 537 αὐτοῖς
655 504 771 542 ἀγαθῶν.
801 504 853 534 Διὰ

55 551 129 578 τοῦτο
152 547 208 587 γὰρ
232 548 246 576 ὃ
266 547 328 581 Υἱὸς
356 549 402 577 τοῦ
423 549 494 578 Θεοῦ
518 548 653 588 ἄνθρωπος
673 548 781 587 γέγονε,
808 549 853 578 καὶ

54 592 146 628 ἐτύθη,
166 591 214 621 ἵνα
242 603 272 622 σε
299 592 431 632 ἑορτάζειν
456 593 556 632 ποιήσῃ
573 605 579 611 ·
598 593 645 622 οὔκ
668 595 695 622 ἐν
716 594 785 633 ζύμῃ
807 596 852 623 τοῦ

55 638 169 666 παλαιοῦ
185 637 290 675 Ἀδὰμ,
306 637 365 666 οὐδὲ
381 637 408 666 ἰν
431 637 481 678 βίῳ
504 637 599 671 κακίας
622 637 731 678 πλήρει,
750 639 852 676 μᾶλλον

54 680 108 710 δὲδ
125 681 236 721 χεῖρον,
260 681 397 721 πονηρίας.
427 682 516 715 Κακὸς
542 682 590 720 μὲν
617 682 681 721 γὰρ,
708 687 759 716 πᾶς
785 684 799 712 ὁ
822 683 852 712 τὸ

57 725 137 755 κακὸν
165 727 296 765 πράττων
312 735 320 744 ”
335 726 448 767 πονηρὸς
464 727 504 763 δὲ,
520 728 533 756 ὁ
557 727 601 756 καὶ
622 727 689 766 μετὰ
707 727 853 767 βαθυτάτου

56 771 97 800 καὶ
112 772 226 812 δολερᾶς
240 771 253 790 ⁸
267 771 387 810 γνώμης.

92 873 104 886 ι
122 861 193 890 Ἀλλ’
220 863 248 892 ἐν
274 860 382 900 ἀζύμοις
406 862 572 902 εἷλικρινείας
603 861 648 891 καὶ
676 863 812 899 ἀληθείας.
838 878 849 890 ιι

907 284 958 315 est,
975 289 1026 316 pro
1041 282 1121 309 nobis
1135 286 1281 310 mactatus.
1303 282 1444 311 Debemus
1458 283 1542 319 igitur
1553 292 1659 320 azyma,
1679 283 1707 312 id

908 329 951 353 est
965 333 1078 354 omnem
1099 325 1134 354 ab
1152 326 1280 355 omnibus
1301 326 1376 355 vitiis
1396 327 1542 363 puritatem
1565 329 1706 364 amplecti-

944 371 1029 398 Vnns.
1044 373 1071 398 8.
1087 380 1102 397 ιι
1116 371 1209 399 Ferias
1222 371 1315 408 itaque
1329 371 1509 405 celebremus,
1524 380 1579 400 non
1604 373 1632 400 in
1657 373 1704 402 l‘er.

907 418 1003 442 mento
1029 415 1124 449 veleri,
1153 423 1241 452 neque
1267 416 1296 444 in
1317 415 1454 444 fermento
1472 417 1584 444 malitiae
1602 421 1630 445 et
1650 425 1707 445 ver-

908 459 998 487 sutiae.
1017 470 1030 484 ι
1047 459 1175 488 Ostendit
1197 459 1272 496 quod
1287 468 1371 488 omne
1393 464 1504 495 tempus
1525 461 1657 489 feriarum
1672 462 1708 490 sit

908 505 1015 532 occasio
1036 508 1063 533 et
1090 505 1279 541 opportunitas
1296 505 1470 539 Christianis,
1486 510 1600 542 propter
1615 506 1706 534 excel-

907 548 1018 576 lentiam
1039 548 1206 577 traditarum
1230 549 1281 577 illis
1297 549 1446 578 bonorum.
1476 549 1519 578 0b
1547 558 1609 578 eam
1631 551 1705 580 enim

907 600 1019 621 causam
1042 593 1126 622 homo
1150 593 1238 622 factus
1252 598 1280 622 et
1307 594 1416 622 occisus
1429 598 1471 622 est
1486 594 1572 622 Filius
1597 596 1660 629 Dei,
1674 600 1704 624 ut

907 641 934 665 te
949 637 1038 666 feriari
1054 637 1157 667 faceret
1182 648 1188 666 :
1203 646 1258 666 non
1273 638 1301 666 in
1323 638 1458 667 fermento
1479 639 1578 668 veteris
1593 639 1705 674 Adami,

906 690 995 718 neque
1009 683 1038 710 in
1057 683 1113 711 vita
1127 683 1199 711 vitiis
1215 683 1305 719 plena,
1325 683 1377 719 vel,
1391 683 1467 720 quod
1481 684 1559 720 pejus
1573 688 1626 718 est,
1643 693 1707 713 ver-

906 727 983 755 sutia.
999 727 1087 756 Malus
1100 728 1175 756 enim
1189 732 1241 761 est,
1257 728 1381 764 quisquis
1392 728 1464 756 male
1482 729 1539 765 agit
1554 737 1561 756 :
1579 733 1704 757 versutus

905 776 1008 806 autem,
1032 772 1079 808 qui
1103 776 1207 801 etcum
1222 772 1407 809 profunditate
1440 781 1473 801 ac
1498 773 1593 803 dolosa
1608 776 1703 802 mente

905 817 979 845 male
998 818 1065 853 agit.

941 873 952 886 ι
976 862 1030 890 Sed
1047 862 1076 889 in
1105 863 1210 898 azymis
1223 862 1390 890 sinceritatis
1414 866 1442 890 et
1463 863 1591 892 veritatis.
1610 875 1624 889 ι»
1647 864 1704 892 Hoc

55 905 215 943 Τουτέστιν,
244 907 272 935 ἐν
300 906 350 947 βίῳ
377 907 529 954 εἰλικρινεῖ,
553 906 612 942 ἤτοι
639 907 845 954 καθαρῷ,γπρὸ‹

940 914 955 941 ;,
967 906 995 934 in
1010 906 1063 934 vita
1077 907 1182 934 sincera
1195 907 1251 935 sive
1264 915 1342 943 pura,
1358 911 1389 935 ut
1403 912 1557 943 opponatur
1569 908 1681 936 malitize
1694 918 1699 936 :

56 951 258 987 ἀντιδιαστολὴν
282 953 329 986 τῆς
351 951 445 985 κακίας
461 962 468 969 '
491 952 537 981 καὶ
561 952 672 989 ἀληθεῖ,
700 953 848 990 τουτέστιν,

55 995 234 1036 ἀνυποκρίτῳ,
265 996 370 1036 ἀδόλῳ,
394 996 459 1035 πρὸς
482 996 685 1033 ἄντιδιαστολὴν
705 999 752 1032 τῆς
767 1009 848 1034 πονη-

56 1039 117 1078 ρίας.
132 1039 172 1070 *Η
196 1041 249 1077 τὸ,
279 1054 291 1068 ι
310 1040 460 1077 Ἀληθείας,
477 1054 489 1067 ι
517 1040 628 1070 δύνασαι
653 1044 760 1077 νοῆσαι⁹
785 1043 850 1082 πρὸς

55 1084 257 1121 ἀντιδιαστολῆν
273 1086 324 1114 τῶν
344 1086 465 1115 παλαιῶν
487 1085 577 1115 τύπων
589 1107 597 1122 ,
613 1085 706 1120 οἵτινες
720 1087 767 1116 οὒκ
781 1083 848 1122 ἦσαν

57 1129 174 1163 ἀλήθεια.
199 1130 334 1160 Βούλεται
354 1130 406 1170 γὰρ
420 1129 463 1160 τὸν
491 1130 670 1170 Χριστιανὸν,
692 1132 806 1160 καὶτῶν
822 1133 848 1162 ἐν

56 1175 86 1213 τῇ
102 1175 212 1215 Παλαιᾷ
233 1174 325 1203 τύπων
351 1174 492 1214 ὑπέρτερον
515 1171 594 1206 εἶναι.
621 1174 659 1205 Ἦ
683 1176 848 1215 εἷλικρίνειαν

59 1218 116 1255 μὲν,
133 1219 181 1254 τὴν
204 1219 396 1260 καθαρότητα,
413 1220 431 1255 ἢ
454 1219 497 1248 διὰ
519 1221 566 1256 τῆς
591 1219 709 1260 πράξεως
727 1221 828 1260 γίνεται
841 1234 848 1241 ·

58 1263 176 1299 ἀλήθειαν
192 1264 219 1293 δὲ
229 1286 238 1301 ,
249 1263 298 1299 τὴν
313 1264 432 1303 θεωρίαν.

94 1321 105 1333 ι
119 1305 247 1349 Ἔγραψα
273 1310 333 1346 ὑμῖν
356 1310 382 1339 ἔν
452 1308 614 1349 Ἐπιστολῇ,
645 1310 682 1348 μὴ
697 1312 844 1349 συναναμί-

59 1355 160 1390 γνυσθαι
183 1353 326 1394 πόρνοις,ιι
353 1353 410 1396 Ἐνμ
426 1353 490 1394 ποίᾳ
513 1353 677 1395 Ἐπιστολῇ;
702 1355 750 1386 Ἐν
778 1356 846 1396 αὐτῇ

60 1396 147 1436 ταύτῃ.
172 1397 287 1434 Ἐπειδὴ
312 1397 365 1438 γὰρ
386 1393 457 1428 εἶπεν
480 1393 619 1440 ἂνωτίρω,
645 1393 686 1430 ότι
708 1412 720 1428 ι
743 1393 846 1430 Ἐκκαζ

60 1441 148 1480 θάρατε
163 1442 211 1478 τὴν
226 1443 346 1473 παλαιὰν
358 1442 443 1481 ζύμην
456 1466 465 1480 ,
487 1454 512 1485 Du
521 1443 565 1473 τὸν
579 1445 790 1485 πεπορνευκότα,
811 1447 845 1480 ὡς

62 1486 209 1524 δεδήλωται,
224 1488 418 1525 αἰνιττόμενος,
434 1488 468 1516 δι’
483 1483 513 1518 οὗ
534 1483 658 1525 ἐδηλοῦτο
672 1489 702 1518 τὸ
725 1489 762 1528 μὴ
779 1502 848 1520 συν-

61 1531 243 1570 αναμίγνυσθαι
266 1531 369 1573 πόρνοις
383 1544 390 1551 ·
405 1532 468 1566 ἴσως
493 1533 642 1569 ὑπενόησαν
667 1533 698 1563 ἂν
714 1534 754 1564 ὅτι
777 1535 845 1565 πάν-

60 1586 106 1620 ‘tuw
120 1577 170 1606 τῶν
194 1577 300 1617 πόρνων
321 1578 366 1606 καὶ
392 1578 444 1607 τῶν
459 1579 525 1617 παρ’
543 1577 663 1615 Ἕλλησι
688 1579 847 1620 χώρίζεσθαι

61 1619 103 1651 δεῖ.
119 1611 278 1661 Ἑρμηνέύει
293 1621 379 1652 τοίνυν
391 1622 454 1662 περὶ
468 1611 551 1652 πόίων
566 1611 745 1663 παρηγγεὶλιι.
764 1611 771 1614 ⁷
865 1611 887 1644 C

97 1723 108 1735 ι
122 1710 172 1740 Καὶ
187 1712 216 1741 οὖ
232 1711 340 1744 πάντως
359 1713 412 1745 τοῖς
428 1712 533 1752 πόρνοις
550 1715 596 1742 τοῦ
621 1712 724 1752 κόσμου
737 1714 847 1752 τούτου,

62 1752 77 1788 ἢ
96 1756 144 1787 τοῖς
167 1755 358 1795 πλεονέκταις,
377 1756 395 1792 ἢ
421 1756 549 1797 ἅρπαξιν,
575 1757 593 1793 ἢ
618 1758 822 1799 εἰδωλολάτραις
839 1771 846 1778 ⁸

63 1798 113 1827 ἐπεὶ
135 1800 250 1840 ὀφείλετε
277 1801 330 1841 ἄρα
353 1802 382 1831 ἐκ
410 1805 456 1831 τοῦ
486 1802 587 1840 κόσμου
615 1802 736 1837 ἐξελθεῖν.
761 1816 774 1830 ι
794 1804 847 1840 Τὸ,

63 1856 72 1867 ι
89 1844 206 1881 Πάντως,
222 1859 235 1871 -
254 1847 289 1879 ὥς
307 1845 351 1875 ἐπὶ
375 1846 581 1886 ὡμολογημένου
604 1847 704 1876 τέθεικε
720 1847 847 1888 πράγμα-

63 1899 108 1921 τος·
123 1888 156 1920 Ἡ
171 1889 290 1925 σύνταξις
313 1890 340 1920 δὲ
355 1893 401 1920 τοῦ
416 1891 495 1930 λόγου
517 1891 626 1927 τοιαύτη
643 1904 650 1911 ·
668 1892 725 1922 Καὶ
739 1893 846 1928 πάντως

64 1933 87 1960 οὗ
108 1937 157 1968 τοῖς
179 1935 286 1975 πόρνοις
308 1939 354 1965 τοῦ
380 1935 481 1975 κόσμου
506 1936 749 1976 συναναμίγνυσθαι
775 1938 844 1967 ἐκώ-

65 1976 140 2017 λυσα,
163 1980 301 2017 τουτέστι,
315 1981 369 2015 τοῖς
385 1983 437 2010 τῶν
453 1981 593 2017 Ἑλλήνων
607 1990 614 1999 ⁸
630 1981 688 2011 ἐπεὶ
701 1983 794 2022 ἑτέραν
809 1985 847 2012 οἰ-

64 2022 181 2068 κουμένην
195 2025 313 2066 ὀφείλετε
329 2027 454 2062 ζητῆσαι.
472 2027 536 2060 Πῶς
555 2026 606 2065 γὰρ
625 2026 734 2056 δυνατὸν
745 2049 754 2065 ,
770 2029 796 2056 ἓν

66 2066 123 2107 αὐτῇ
144 2069 215 2099 πόλει
230 2070 360 2100 πλειόνων
375 2070 457 2101 ὄντων
472 2072 524 2100 τῶν
547 2070 698 2109 Ἑλλήνων,
722 2072 760 2110 μὴ
780 2066 845 2102 συνέ

67 2112 246 2152 αναμίγνυσθαι
261 2119 314 2150 τοῖς
326 2115 451 2150 τοιούτοις
466 2115 492 2152 9;

103 2212 116 2227 ι
130 2203 191 2232 Νυνὶ
208 2204 237 2234 δὲ
253 2205 356 2246 ἔγραψα
377 2207 440 2244 ὑμῖν
462 2206 499 2243 μὴ
521 2206 763 2245 συναναμίγνυσθαι
774 2229 782 2243 ,
800 2207 846 2237 ἐάν

66 2254 99 2290 Et:
118 2247 220 2288 ἀδελφὸς
245 2250 434 2288 ὀνομαζόμενος
491 2249 602 2290 πόρνος,
629 2250 647 2287 ἢ
671 2251 844 2290 πλεονέκτης,

67 2286 321 2338 ἢεῖθωλολᾶτρης,ἢ
336 2286 468 2335 λοίδορος,
482 2295 500 2331 ἢ
515 2286 645 2333 μέθυσος,
661 2295 678 2331 ἢ
696 2296 794 2338 ἅρπαξ,

68 2334 164 2381 ξοιθύῖῳ
185 2338 252 2375 μηδὲ
268 2334 420 2370 συνεσθίειν,
441 2352 456 2368 »
472 2339 569 2380 Ὁρᾷς,
586 2341 625 2370 ὅτι
647 2341 697 2381 οὐχ
716 2334 754 2374 εἶς
769 2334 846 2380 μόνος

106 2371 300 2420 πόριωςίᾶλλὰ
325 2384 372 2413 καὶ
391 2384 491 2425 ἕτεροι,
509 2371 568 2414 ’κζί
590 2385 617 2414 ἐν
639 2371 774 2426 διαῖρόροις

69 2421 136 2474 finus.
163 2427 215 2474 Kent
239 2430 296 2462 πῶς
328 2421 440 2469 ἀδελφὸς
469 2428 524 2468 ὢν,
559 2421 751 2470 εἰδωλολάτρης
777 2425 844 2461 εἶναι

70 2471 184 2514 ἀρήξω,
203 2471 314 2512 Ὥσπερ
329 2473 374 2503 ἐπὶ
388 2475 441 2503 τῶν
457 2475 634 2514 Σαμαρειτῶν
651 2474 749 2512 συνέϐη
765 2477 846 2514 ποτὲ,

70 2509 90 2538 (εἳ
107 2513 140 2558 ἐξ
163 2517 283 2555 ἡμισείας
305 2517 435 2553 ηὖσέϐουν
464 2530 472 2538 ·
509 2519 578 2549 οὕτω
605 2520 651 2549 καὶ
677 2521 704 2550 ἓν
732 2520 846 2558 τούτοις,

70 2555 127 2603 τινζὲς
152 2561 201 2590 τῶν
235 2563 351 2592 εἰδώλων
384 2562 486 2603 εἴχοντο
525 2564 575 2593 εἴτι
613 2564 649 2594 ⁴⁰.
680 2563 781 2599 Ἄλλως
817 2555 846 2595 τέ

72 2599 110 2647 1‘“?-
128 2607 375 2647 j‘poxuraGﬂlsrat
392 2599 436 2637 τόν
461 2608 522 2647 περὶ
545 2610 597 2638 τῶν
622 2609 657 2638 τὰ
686 2610 845 2639 εἰδωλόθυτα

74 2643 192 2694 ἐσθιόντων
207 2652 293 2692 λόγον.
314 2653 411 2686 Καλῶς
426 2653 453 2682 δὲ
477 2643 535 2683 εἶπε
549 2654 579 2683 τὸ
589 2676 597 2690 ,
618 2664 631 2682 «
646 2654 769 2694 Ἀδελφὸς
783 2656 844 2684 ὄνο-

75 2689 212 2728 μαξάμενος.
230 2689 249 2725 »⁷
267 2695 375 2737 Ὀνομα
398 2697 449 2739 γὰρ
463 2698 552 2737 ’μόνον
572 2699 686 2740 ἀδελφοῦ
703 2689 777 2739 ἕλξει,
792 2700 846 2728 ὀὐκ

904 955 932 979 et
949 958 1023 984 vera,
1042 951 1095 979 hoc
1112 956 1164 985 est.
1184 951 1319 988 hypocrisi
1334 959 1367 980 ac
1380 951 1444 980 dolo
1462 956 1584 986 vacante,
1601 957 1631 980 ut
1645 961 1704 982 ver-

903 996 981 1024 sutia:
993 999 1158 1032 opponatur.
1173 1007 1185 1020 ι
1194 997 1242 1024 Vel
1253 996 1396 1024 veritatem
1407 1005 1421 1022 η
1437 996 1589 1032 intelligere
1601 998 1704 1033 poteris

905 1040 941 1068 ad
958 1040 1106 1069 discrimen
1120 1045 1245 1069 veterum
1259 1040 1421 1077 ﬁgurarum,
1436 1048 1498 1077 qua:
1518 1049 1577 1070 non
1590 1042 1703 1070 fuerunt

905 1085 1013 1113 veritas.
1043 1085 1108 1113 Vult
1135 1085 1211 1114 enim
1236 1085 1421 1113 Christianum
1447 1086 1584 1114 veteribus
1609 1086 1702 1122 ﬁguris

904 1130 1072 1166 superiorem
1095 1137 1165 1158 esse.
1189 1130 1238 1158 Vel
1252 1130 1436 1158 sinceritatem
1451 1131 1570 1166 accipies
1585 1138 1635 1167 pro
1648 1138 1700 1167 pu—

903 1175 982 1202 ritate
995 1182 1056 1210 quaa
1070 1182 1118 1211 per
1134 1182 1216 1211 opera
1230 1174 1260 1202 ﬁt
1276 1184 1283 1202 :
1297 1175 1440 1204 veritatem
1453 1179 1553 1210 autem,
1570 1183 1619 1212 pro
1633 1183 1700 1206 con-

903 1223 959 1247 tem
963 1219 1093 1255 platione.

940 1312 1028 1339 Vens.
1048 1314 1075 1339 9.
1099 1322 1112 1335 ι
1130 1311 1230 1347 Scripsi
1245 1311 1328 1339 vobis
1341 1311 1367 1339 in
1384 1311 1518 1348 Epistola,
1534 1319 1568 1340 ne
1582 1312 1702 1340 commi-

903 1355 1049 1383 sceremini
1063 1355 1282 1384 fornicatoribus.
1300 1367 1313 1380 ι
1330 1357 1361 1383 In
1374 1363 1427 1392 qua
1445 1356 1582 1392 Epistola?
1602 1358 1634 1385 In
1650 1357 1702 1385 hac

903 1401 973 1436 ipsa.
995 1401 1066 1429 Cum
1090 1400 1167 1428 enim
1181 1408 1262 1436 supra
1276 1401 1398 1435 dixisset,
1415 1412 1428 1426 ι
1446 1402 1602 1438 Expurgate
1621 1406 1701 1430 vetus

903 1445 1082 1478 fermentum,
1108 1456 1121 1469 ιι
1145 1445 1351 1480 fornicator-em,
1366 1450 1397 1474 ut
1422 1453 1504 1482 supra
1528 1446 1632 1475 dictum
1647 1451 1701 1481 est,

903 1490 1083 1524 subinnuens,
1106 1489 1179 1518 unde
1204 1490 1380 1526 perspicuum
1395 1489 1467 1524 fecit,
1492 1490 1566 1527 quod
1580 1490 1701 1520 fornica-

903 1534 1009 1563 toribus
1027 1535 1200 1563 commisceri
1224 1542 1282 1563 non
1305 1538 1433 1572 oportet;
1461 1535 1590 1571 suspicati
1609 1541 1702 1564 essent

904 1579 1019 1608 fortasse
1031 1579 1065 1608 ab
1079 1579 1208 1608 omnibus
1219 1579 1444 1615 fornicatoribus,
1461 1580 1495 1608 ab
1510 1580 1543 1608 iis
1556 1580 1638 1608 etiam
1654 1581 1701 1618 qui

903 1624 977 1660 apud
988 1626 1101 1653 Graecos
1111 1629 1212 1658 essent,
1223 1624 1408 1654 recedendum
1416 1632 1485 1654 esse.
1498 1626 1700 1662 Interpretatur

902 1670 984 1705 igitur
998 1669 1124 1706 qualibus
1140 1670 1279 1706 praecepit.

938 1715 1021 1743 Vens.
1041 1716 1082 1743 10.
1101 1724 1114 1741 α
1130 1715 1165 1742 Et
1179 1723 1235 1743 non
1246 1715 1361 1743 omnino
1376 1714 1591 1744 fornicatoribus
1604 1715 1700 1744 mundi

900 1758 990 1795 hujus,
1005 1763 1052 1787 aut
1071 1759 1172 1794 avaris,
1195 1763 1242 1788 aut
1253 1759 1409 1795 rapacibus,
1426 1763 1474 1787 aut
1489 1759 1628 1789 idolorum
1641 1760 1700 1789 cul-

900 1804 1007 1832 toribus
1023 1814 1029 1832 :
1044 1804 1146 1840 alioqui
1157 1803 1313 1832 debueratis
1325 1811 1357 1831 ex
1372 1803 1425 1831 hoc
1440 1803 1546 1832 mundo
1560 1805 1668 1834 exiisse.
1686 1817 1698 1830 ν

903 1859 914 1872 α
940 1849 1073 1881 Omnino,
1092 1859 1105 1872 ι
1124 1851 1256 1884 tanquam
1265 1848 1300 1876 de
1314 1855 1343 1876 re
1363 1847 1490 1876 confessa
1509 1856 1540 1876 ac
1555 1849 1701 1877 manifesta

901 1894 1001 1928 posuit.
1022 1894 1089 1921 Haec
1115 1899 1179 1921 vero
1193 1891 1277 1928 hujus
1293 1892 1427 1920 orationis
1449 1895 1491 1920 est
1506 1894 1674 1922 constructio
1691 1903 1698 1922 :

901 1941 936 1967 Et
956 1939 1070 1968 omnino
1088 1946 1145 1967 non
1163 1938 1289 1975 prohibui
1303 1946 1339 1967 ne
1353 1946 1417 1966 cum
1433 1938 1532 1967 mundi
1549 1938 1699 1968 fornicato-

900 1985 977 2013 ribus
999 1983 1240 2018 conversaremini,
1259 1983 1312 2012 hoc
1335 1987 1387 2018 est,
1414 1983 1518 2012 Graecis
1545 1993 1551 2012 :
1576 1984 1700 2021 alioquin

899 2030 985 2058 alium
996 2033 1132 2058 terrarum
1149 2029 1245 2057 orbem
1258 2035 1380 2065 quaerere
1394 2032 1541 2064 oporteret.
1557 2029 1609 2064 Qui
1624 2030 1699 2057 enim

900 2074 958 2103 fieri
974 2071 1183 2110 potest;‘15o
1194 2082 1257 2102 cum
1272 2074 1301 2102 in
1320 2081 1374 2102 una
1385 2073 1536 2110 eademque
1550 2073 1618 2102 urbe
1638 2074 1698 2109 plu-

900 2127 944 2147 res
957 2120 1011 2148 sint
1029 2120 1119 2148 Graeci
1134 2123 1160 2147 et
1173 2122 1339 2156 peccatores,
1351 2122 1381 2146 ut
1394 2125 1450 2146 non
1463 2118 1700 2148 commisceamini

900 2164 999 2193 talibus
1013 2166 1024 2192 Ρ

937 2213 1028 2240 νειιε.
1044 2215 1087 2239 ιι.
1102 2223 1114 2235 ιι
1138 2213 1217 2240 Nunc
1230 2215 1322 2239 autem
1335 2210 1431 2246 scripsi
1450 2210 1539 2244 vobis,
1554 2218 1611 2238 non
1626 2218 1700 2240 com-

902 2256 1019 2289 misceri,
1034 2257 1096 2284 siis
1115 2256 1160 2292 qui
1176 2256 1258 2284 frater
1279 2256 1448 2289 nominatur,
1471 2255 1506 2283 sit
1532 2254 1699 2284 fornicator.

900 2305 948 2329 aut
973 2308 1082 2334 avarus,
1100 2305 1148 2329 aut
1166 2301 1303 2329 idolorum
1329 2300 1429 2334 cultor,
1449 2303 1497 2327 aut
1521 2300 1699 2335 conviciator,

901 2349 949 2373 aut
961 2345 1094 2379 ebriosus,
1110 2349 1157 2373 aut
1177 2353 1272 2382 rapax,
1292 2352 1356 2373 cum
1370 2343 1528 2380 hujusmodi
1542 2352 1593 2373 nec
1608 2345 1701 2374 cibum

901 2398 1017 2418 sumere.
1042 2401 1056 2415 ι
1074 2390 1158 2419 Vides
1170 2397 1226 2418 non
1243 2390 1355 2418 unicum
1371 2389 1551 2418 solummodo
1563 2394 1701 2418 scortato-

901 2443 960 2463 rem
976 2434 1070 2469 fuisse,
1084 2435 1133 2463 sed
1151 2434 1283 2468 diversos,
1298 2434 1380 2471 idque
1394 2433 1423 2462 in
1436 2434 1517 2462 variis
1539 2435 1698 2463 sceleribus.

902 2482 939 2508 At
952 2479 1091 2516 quomodo
1105 2480 1128 2508 is
1151 2480 1198 2516 qui
1220 2479 1304 2508 frater
1317 2483 1369 2511 est,
1385 2478 1522 2507 idolorum
1538 2480 1628 2508 cultor
1643 2488 1701 2508 esse

902 2526 1012 2561 potest?
1031 2524 1270 2560 Quemadmodum
1296 2524 1324 2552 in
1350 2523 1530 2552 Samaritanis
1550 2525 1617 2553 olim
1635 2533 1701 2552 eon-

900 2570 971 2606 tigit,
993 2570 1041 2606 qui
1064 2577 1098 2598 ex
1121 2569 1236 2598 dimidia
1259 2572 1335 2606 parte
1354 2568 1389 2604 pii
1405 2572 1506 2602 essent,
1522 2569 1625 2605 Deique
1643 2569 1702 2596 cul-

900 2619 974 2642 tores
998 2614 1161 2642 videbantur
1183 2624 1190 2642 :
1222 2614 1263 2642 sic
1290 2613 1364 2650 apud
1387 2613 1456 2641 istos
1470 2612 1578 2640 accidit.
1596 2614 1634 2640 Ex
1658 2613 1700 2640 his

901 2659 976 2686 enim
991 2659 1117 2687 nonnulli
1137 2659 1216 2687 idolis
1240 2658 1433 2687 detinebantur
1446 2656 1546 2684 adhuc.
1562 2658 1700 2685 Praeterea

902 2703 972 2731 viam
996 2703 1134 2739 praestruit
1157 2703 1277 2732 sermoni
1306 2711 1388 2739 quem
1412 2704 1445 2733 de
1472 2702 1502 2729 iis
1517 2722 1524 2736 ,
1550 2702 1595 2738 qui
1622 2699 1702 2729 idolis

746 2766 844 2797 Variae
866 2766 1014 2796 lectiones.

111 2814 119 2831 ⁸
132 2817 309 2860 βαθύτητοςξκαὶ
322 2825 430 2859 πονηρᾶς
444 2834 486 2860 γν.
503 2831 530 2852 ο.
567 2824 578 2840 ⁹
590 2824 727 2861 πόρνοιςξο.
766 2825 787 2841 ¹⁰
806 2824 842 2851 ἔτι
856 2832 895 2854 m.
