1881 3081
201 180 253 206 627

723 171 1176 207 THEOPHYLACTI'BULGARHZ
1195 179 1352 206 ARCHIEP.
1785 182 1818 206 ﬂii

201 241 345 270 immolata
370 241 500 275 edebant,
527 241 670 270 habiturus
696 245 746 269 est.
769 242 886 269 Pulchre
908 246 999 270 autem

1061 242 1112 271 ἔστι
1137 241 1163 271 δὲ
1179 243 1212 280 τῇ
1228 241 1337 281 ἀληθείᾳ
1348 266 1356 278 ,
1373 245 1424 274 πᾶς
1443 242 1457 270 ὃ
1478 245 1531 275 τοῖς
1556 241 1773 281 ἃπηριθμημένοις
1791 243 1819 270 ἔγ-

200 286 278 321 dixit,
295 297 308 311 α
330 286 380 321 Qui
402 286 485 314 frater
503 286 678 314 nominatur.
700 298 713 310 ν
733 287 874 322 Siquidem
895 295 997 314 nomen

200 331 394 359 tantummodo
405 330 497 359 fratris
510 331 602 366 habet,
623 339 717 359 revera
739 336 831 358 autem
846 331 931 359 frater
944 340 998 359 non

201 379 252 408 est,
281 375 404 411 quisquis
420 376 588 403 enumeratis
609 375 679 403 vitiis
699 375 834 403 obnoxius
854 380 903 404 est.
921 376 1000 410 Quod

202 417 327 456 inquit,ﬁ
353 420 452 455 πόρνος,
477 424 569 455 potest
591 428 638 455 per
656 420 877 456 conjunctionem
895 420 1003 456 disjun-

201 464 301 492 etivam
314 464 440 500 intelligi,
459 463 573 500 perinde
593 472 626 492 ac
639 465 790 500 sequentia.
807 466 901 492 Potest
916 466 1001 492 etiam

201 512 233 537 ut
253 509 367 537 verbum
391 509 476 545 accipi
500 517 549 546 pro
576 517 608 537 eo
624 509 698 546 quod
720 514 771 544 est,
797 510 824 537 Si
844 509 904 545 quis
920 509 1003 537 frater

1053 299 1124 326 οχος.
1140 286 1180 316 Τὸ
1197 287 1238 321 δὲ,
1257 301 1267 311 ιι
1283 281 1321 328 ’ᾞ
1346 286 1456 326 πόρνος,
1473 297 1487 314 ι)
1505 285 1619 314 δύναται
1633 285 1680 323 μὲν
1692 286 1734 314 καὶ
1746 287 1820 318 ὡςδιιε

1054 332 1186 365 ζευκτικὸς
1207 331 1351 367 σύνδεσμος
1378 332 1522 368 νοηθῆναι,
1551 330 1642 363 καθὼς
1663 330 1707 359 καὶ
1726 330 1755 359 τὰ
1775 330 1821 364 {iis

1055 376 1164 404 δύναται
1178 375 1203 405 δὲ
1223 377 1269 404 καὶ
1291 377 1326 408 ὡς
1341 377 1432 416 ῥ’ἧμα,
1455 374 1514 404 ἀντὶ
1526 377 1574 403 τοῦ
1584 397 1593 411 ,
1610 374 1676 405 Ἐάν
1691 387 1726 407 τις
1738 376 1821 414 detha:

1057 420 1248 459 ὀνομαζόμενος
1270 416 1300 460 ᾗ,
1315 419 1469 456 τουτέστιν,
1491 419 1603 459 ὑπάρχῃ
1623 419 1730 459 πόρνος,
1749 419 1785 448 καὶ
1802 419 1822 447 τὲ

1058 464 1129 501 ἑξῆς,
1160 467 1198 504 τῷ
1225 465 1336 505 τοιούτῳ
1360 464 1427 502 μηδὲ
1452 463 1618 501 συνεσθίειν,
1643 464 1687 492 ἵνα
1711 462 1775 502 γνοὺς
1795 463 1823 491 δτι

1058 509 1193 548 βδέλυγμα
1208 511 1263 539 ἔστι
1279 509 1321 538 διὰ
1336 508 1383 544 τὴν
1399 508 1494 538 κακίαν
1506 530 1514 544 ,
1529 508 1688 548 ἀπόσχηται
1702 507 1794 543 ταύτης.

201 553 369 585 nominatus,
389 564 403 578 ιι
425 554 472 588 sit,
490 565 503 578 ι»
522 553 574 582 hoc
589 558 641 588 est,
657 554 767 582 exsistat
781 553 941 587 fornicator,
956 558 1012 581 etc.
1031 557 1102 585 Cum
1122 558 1169 585 tali
1184 566 1220 586 ne
1234 557 1314 585 cibus
1335 556 1447 593 quidem
1466 555 1634 591 sumendus,
1657 560 1689 584 ut
1702 563 1823 592 agnoscens

202 605 231 625 se
249 597 485 626 abominationem
499 606 557 626 esse
572 603 683 634 propter
700 599 800 633 scelus,
815 599 849 626 ab
864 606 896 626 eo
917 599 1064 629 abstineat.

238 643 332 671 Vens.
350 645 393 670 12.
406 655 419 667 «ι
432 643 505 680 Quid
521 643 594 671 enim
608 643 674 671 mihi
694 643 728 671 de
750 643 782 671 iis
794 643 840 680 qui
855 642 922 671 foris
936 647 1001 671 sunt

199 687 347 723 judicare?
370 699 383 712 ν
398 688 453 716 Eos
467 688 513 724 qui
528 686 596 716 foris
615 692 688 721 sunt,
717 688 827 716 Graecos
851 688 908 715 sive
924 689 999 716 Gen-

203 732 265 760 tiles
286 732 410 760 nominat
429 741 436 760 :
452 733 497 768 qui
511 732 593 766 intus,
615 733 795 760 Christianos.
817 733 897 760 Nulla
918 732 998 764 mihi,

1097 659 1112 675 α
1129 647 1164 678 Τί
1186 647 1237 688 γάρ
1251 649 1303 687 ¹μοι
1322 647 1368 677 καὶ
1391 646 1450 680 τοὺς
1477 647 1526 682 ἔξω
1541 646 1662 687 κρίνειν;
1680 659 1692 673 ι
1709 645 1772 680 Ἔξω
1783 646 1824 677 τοὺς

1054 690 1191 728 εΈλληνας
1205 692 1329 732 ὀνομάζει
1341 704 1348 710 ·
1363 692 1417 721 ἔσω
1435 691 1463 721 δὲ
1474 714 1482 728 ,
1496 690 1557 725 τοὺς
1573 691 1755 731 Χριστιανούς.
1770 690 1823 719 0'35-

1055 735 1090 769 είς
1106 749 1168 775 μοι,
1184 737 1265 777 φησὶ,
1280 737 1354 774 λόγος
1373 737 1439 776 πρὸς
1453 735 1513 769 τοὺς
1526 736 1580 770 ἔξω
1594 748 1601 754 ·
1622 736 1686 777 αὐτὸ
1697 735 1743 775 γὰρ
1756 737 1822 771 τοῦτο,

202 776 300 812 inquit,
312 785 379 805 cura
392 776 427 805 de
441 777 475 805 iis
498 777 545 814 qui
559 776 626 804 foris
647 782 713 804 sunt
729 787 735 805 :
750 781 857 804 tantum
870 777 942 804 enim
957 781 999 804 est

1061 780 1105 814 ἔξω
1118 783 1171 810 τῶν
1186 783 1255 816 ἐμῶν
1274 781 1361 819 νόμων
1374 775 1435 810 εἶσί.
1455 780 1586 821 Περιττὸν
1607 775 1653 810 οὖν
1666 780 1700 809 τὰ
1715 779 1824 819 προστάγ-

202 821 276 857 quod
298 821 346 855 ait,
368 823 452 849 Extra
475 829 552 849 meas
575 821 648 858 leges
666 825 740 849 sunt.
758 822 996 857 Supervacaneum

203 866 295 901 itaque
313 865 386 894 foret
397 866 485 902 legem
500 867 606 894 sancire
628 867 662 894 iis
676 867 721 902 qui
742 870 817 894 extra
837 865 939 894 Christi
955 873 998 893 re-

201 910 273 946 giam
285 914 312 938 et
325 911 418 938 aulam
434 915 527 947 agunt.
542 923 554 934 ‹‹
572 912 747 946 Quaecunque
762 911 834 939 enim
851 911 891 939 lex
908 910 999 946 loqui-

201 958 257 989 tur,
274 955 316 990 iis,
333 955 381 991 qui
395 959 460 984 sunt
471 956 499 983 in
513 956 582 992 lege,
600 956 759 991 loquitur".
777 967 790 981 κ

237 1001 385 1034 Vnas.12,
409 1003 452 1028 13.
471 1011 484 1024 α
503 1001 601 1028 Nonne
619 1000 654 1028 de
669 1000 701 1028 iis
715 1001 762 1036 qui
775 1000 847 1028 intus
863 1004 936 1034 sunt,
950 1007 999 1028 vos

199 1044 349 1081 judicatis?
366 1045 421 1073 Eos
433 1052 497 1073 vero
511 1045 558 1081 qui
575 1044 642 1072 foris
653 1049 728 1077 sunt,
742 1046 818 1073 Deus
827 1044 971 1081 judicabit.
985 1055 998 1068 ιι

202 1089 334 1118 Nonnulli
349 1089 512 1125 particulam
525 1089 593 1124 οὐχὶ,
613 1089 642 1118 id
660 1093 712 1122 est,
724 1097 826 1123 nonne,
844 1093 946 1125 puncto
961 1089 1000 1116 in-

202 1136 390 1172 terstinguunt
403 1144 412 1164 :
426 1135 523 1164 deinde
540 1136 575 1163 ab
589 1136 644 1164 alio
658 1135 790 1172 principio
804 1137 863 1164 sine
881 1136 1000 1164 interro-

202 1180 313 1216 gatione
336 1180 430 1216 legunt
451 1189 459 1208 :
477 1192 489 1205 ιι
505 1182 547 1208 De
567 1181 602 1209 iis
623 1181 669 1216 qui
684 1180 761 1208 intus
776 1184 850 1215 sunt,
868 1188 915 1208 vos
928 1179 1003 1216 judi-

203 1225 281 1253 catis.
294 1236 307 1249 ν
325 1226 394 1254 Cum
407 1225 479 1253 enim
489 1233 571 1262 supra
589 1225 718 1254 dixisset:
736 1236 748 1250 α
764 1225 836 1260 Quid
847 1225 921 1253 enim
934 1225 1001 1252 mihi

202 1269 237 1298 de
255 1269 288 1297 iis
310 1270 354 1305 qui
372 1269 437 1298 foris
454 1273 531 1305 sunt,
542 1269 684 1306 judicare?
704 1282 717 1294 υ
745 1270 902 1303 subintulit,
917 1270 979 1297 Non
997 1279 1003 1297 :

203 1314 280 1350 quasi
300 1314 384 1349 dicat,
404 1315 466 1343 Mea
481 1314 548 1342 nihil
563 1313 648 1343 refert
667 1314 870 1351 illosjudicare.
886 1314 1004 1349 Quidam

203 1367 266 1387 vero
274 1359 394 1396 junctim
404 1367 467 1387 cum
477 1359 694 1395 interrogatione
704 1360 798 1395 legunt
811 1369 818 1387 :
835 1370 848 1384 ιι
862 1359 959 1387 Nonne
970 1358 1005 1386 de

1054 837 1126 862 ματα
1141 830 1187 856 τοῦ
1208 827 1279 856 Θεοῦ
1295 826 1314 843 ¹⁴
1336 825 1436 854 τιθέναι
1457 830 1514 859 τοῖς
1528 826 1580 860 ἔξω
1600 827 1649 861 τῆς
1668 825 1775 864 Χριστοῦ
1787 824 1822 852 αὖσ

1051 871 1099 904 λῆς
1114 883 1120 890 “
1135 870 1184 900 ὅσα
1199 871 1250 911 γὰρ
1263 873 1277 900 ὃ
1291 870 1370 909 νόμος
1384 872 1480 908 λαλεῖ,
1497 874 1552 903 τοῖς
1575 871 1603 899 ἐν
1614 871 1660 910 ’τῷ
1674 869 1742 909 νόμῳ
1757 868 1822 897 λαλεῖ.

1098 1016 1113 1034 (ι
1129 1005 1200 1045 Οὐχὶ
1222 1005 1282 1038 τοὺς
1302 1005 1356 1035 ἔσω
1379 1006 1454 1044 ὑμεῖς
1478 1005 1598 1044 κρίνετε;
1622 1003 1691 1038 Τοὺς
1715 1004 1741 1033 δὲ
1761 1002 1825 1036 ἔξωὸ

1054 1050 1122 1084 Θεὸς
1136 1054 1228 1089 κρινεῖ.
1247 1062 1262 1079 »
1287 1049 1365 1084 Τινὲς
1390 1051 1425 1083 εἷς
1442 1049 1487 1086 τὸ,
1511 1063 1524 1076 ι
1548 1049 1644 1090 Οὐχὶ,
1674 1060 1689 1078 ιι
1703 1047 1825 1081 στίζουσιν·

1055 1090 1111 1123 εἶτα
1135 1095 1182 1123 ἀπ’
1203 1094 1285 1130 ἄλλης
1307 1095 1390 1134 ἀρχῆς
1407 1093 1631 1134 Ιιιῖνοιγινώσκουσι
1652 1092 1730 1133 χωρὶς
1748 1090 1825 1131 ἐρωτή-

1055 1151 1119 1172 σεως
1134 1151 1141 1157 ·
1161 1150 1175 1168 (ι
1186 1138 1254 1172 Τοὺς
1269 1139 1322 1168 ἔσω
1338 1141 1411 1178 ὑμεῖς
1433 1139 1548 1179 κρίνετε.
1563 1150 1578 1168 ι)
1601 1138 1692 1168 Εἰπὼν
1710 1137 1756 1176 γὰρ
1770 1136 1823 1167 ἄνω.

1055 1183 1094 1213 ὅτι
1107 1198 1119 1210 αι
1130 1183 1165 1214 Τί
1175 1196 1220 1222 μοι
1232 1183 1290 1217 τοὺς
1303 1184 1353 1218 ἔξω
1365 1183 1477 1224 κρίνειν;
1490 1196 1502 1209 ι
1514 1183 1664 1223 ἐπήγαγεν,
1675 1184 1712 1212 ὅτι
1721 1195 1731 1206 ι
1743 1180 1825 1224 Οὐλίίή

1057 1228 1114 1257 ἀντὶ
1125 1231 1188 1265 τοῦ,
1205 1230 1264 1259 Οὖκ
1277 1228 1334 1258 ἔστι
1349 1223 1394 1266 μοι
1415 1228 1445 1257 τὸ
1468 1228 1567 1269 κρίνειν
1591 1228 1715 1260 ἐκείνους.
1729 1226 1797 1258 Τινὲς
1808 1223 1826 1252 δὲ

1057 1274 1194 1307 συναπτῶς
1209 1273 1255 1302 καὶ
1270 1274 1476 1314 ἐρωτηματικῶς
1493 1273 1720 1311 ἀναγινώσκουσιν
1735 1283 1741 1290 '
1751 1284 1762 1298 ι
1773 1268 1826 1307 Οὖλῖ

1055 1317 1115 1351 τοὺς
1138 1317 1190 1347 ἔσω
1218 1319 1295 1356 ὑμεῖς
1316 1318 1434 1357 κρίνετες
1450 1317 1474 1357 ξ»
1491 1317 1560 1348 Ἁντὶ
1596 1321 1662 1353 τοῦ,
1692 1315 1758 1356 Οὐχὶ
1782 1313 1826 1343 τοὺς

1057 1362 1232 1402 Χριστιανοὺς
1252 1362 1371 1403 ὀφείλετε
1394 1364 1468 1401 ὑμεῖς
1491 1362 1608 1402 κρίνειν;
1633 1361 1702 1395 Τοὺς
1725 1360 1749 1390 δὲ
1769 1358 1826 1392 ἕξωδ

204 1404 237 1432 iis
254 1404 301 1440 qui
316 1404 390 1432 intus
406 1408 482 1439 sunt,
501 1411 550 1432 vos
566 1404 698 1440 judicatis
711 1405 723 1431 Ρ
737 1415 750 1428 ιι
766 1404 820 1432 hoc
835 1407 888 1438 est,
903 1405 1001 1432 Nonne

1061 1407 1117 1440 θεὸς
1141 1407 1321 1448 φοϐερώτερος
1344 1406 1469 1442 δικαστὴς
1483 1407 1687 1447 παραλήψεται.
1702 1403 1825 1448 Ὥστειᾲιῖ

203 1448 346 1477 Christiani
355 1457 370 1476 a
383 1448 461 1476 vobis
481 1448 622 1484 judicandi
635 1451 722 1476 sunt?
734 1450 787 1476 Eos
796 1456 861 1476 vero
870 1449 917 1484 qui
931 1447 1000 1476 foris

203 1497 276 1528 sunt,
302 1492 460 1521 horribilior
480 1492 566 1529 judex
601 1493 733 1529 excipiet.
749 1492 876 1527 Proinde,
891 1491 942 1520 sia
956 1500 1002 1521 ve-

203 1537 256 1572 bis,
269 1538 316 1574 qui
329 1537 403 1566 intus
421 1541 495 1571 sunt,
509 1537 680 1573 judicantur,
700 1537 750 1565 Dei
764 1536 911 1574 judicium,
927 1536 1001 1573 quod

204 1582 354 1610 terribilius
374 1586 425 1617 est,
449 1581 580 1610 evadent.

238 1637 252 1651 οι
280 1626 395 1655 Auferte
417 1626 523 1654 malum
555 1634 588 1654 ex
610 1626 686 1655 vobis
710 1626 813 1662 ipsis“.
838 1637 852 1651 »
873 1627 1002 1655 Meminit

202 1670 349 1706 Scriptura:
358 1670 411 1698 loci
423 1671 453 1698 in
459 1670 553 1699 Veteri
562 1672 748 1705 Testamento,
761 1675 791 1700 ut
802 1675 1002 1700 commonstret

203 1715 278 1751 quod
304 1715 363 1751 jam
384 1715 451 1743 olim
474 1715 622 1752 legislatori
649 1716 790 1752 placuerit.
823 1721 852 1744 ut
878 1716 1000 1744 scelerati

202 1759 438 1788 exscinderentur.
452 1760 534 1795 Quod
543 1760 590 1795 ait,
603 1772 617 1786 α
629 1762 670 1788 Ex
679 1761 755 1789 vobis
766 1761 842 1798 ipsis,
855 1772 867 1785 η
882 1761 1002 1789 ostendit

204 1804 280 1842 quod
300 1805 377 1842 impii
401 1804 519 1834 sublatio
537 1805 603 1842 ipsis
616 1805 716 1842 majori
738 1806 789 1834 erit
803 1806 998 1835 emolumento.

461 1890 540 1926 151
555 1899 676 1928 CAPUT
689 1899 734 1926 v1.

237 1955 326 1983 Vens.
347 1957 372 1982 1.
388 1965 401 1979 ι
418 1953 511 1982 Audet
525 1954 622 1990 aliquis
637 1957 772 1987 vestrum,
793 1952 898 1981 habens
918 1960 1001 1988 nego-

203 1999 274 2027 tium
286 1999 419 2027 adversus
429 1997 546 2026 fratrem
559 2005 653 2030 suum,
662 1997 781 2033 judicari
792 1997 865 2032 apud
875 1997 1001 2032 injustas,

202 2048 230 2072 et
243 2051 300 2071 non
312 2042 384 2079 apud
395 2044 525 2071 sanctos?
539 2053 552 2066 -
563 2041 688 2077 Plerique
701 2041 727 2068 in
738 2041 900 2076 pecuniariis
912 2041 1002 2069 causis

202 2088 378 2121 dissidentes,
385 2087 458 2123 apud
467 2087 581 2115 Graacos
588 2085 697 2122 judices
705 2085 917 2118 contendebant,
926 2089 1003 2121 utpo-

1110 1451 1117 1462 ι
1133 1446 1151 1463 (⁷
1169 1454 1181 1460 -
1210 1446 1214 1447 ⁷
1281 1446 1284 1448 ⁷
1372 1451 1380 1461 ι
1588 1446 1610 1462 ι⁷
1728 1450 1734 1461 ι

1054 1464 1109 1492 παρ
1131 1463 1193 1491 υμιν
1218 1454 1242 1482 οἱ
1258 1452 1310 1482 ἔσω
1336 1463 1487 1492 κρινονται,
1514 1452 1688 1492 ἐκφευξονται
1707 1462 1752 1487 την
1766 1446 1825 1489 φοϐε-

1055 1496 1171 1536 ρωτέραν
1192 1497 1279 1538 κρίσιν
1291 1499 1336 1527 τοῦ
1353 1498 1435 1527 Θεοῦ.

1099 1640 1111 1654 ‹‹
1137 1626 1192 1657 Καὶ
1207 1626 1321 1667 ἐξαρεῖτε
1336 1626 1380 1656 τὸν
1397 1627 1422 1645 ¹²
1440 1626 1553 1667 πονηρὸν
1579 1626 1607 1661 ἕξ
1632 1625 1704 1664 ὑμῶν
1718 1622 1824 1667 αὖτῦνζν

1056 1662 1260 1710 Ἐμνημόνευσεπ
1280 1670 1382 1712 ῥήσεως
1400 1672 1427 1701 ἔν
1507 1662 1622 1710 Ῐῖαλαιᾷ
1643 1662 1774 1707 κειμένης»
1794 1662 1826 1692 fw

1056 1716 1126 1756 δείξῃ
1141 1716 1181 1745 ὅτι
1195 1716 1241 1745 καὶ
1264 1716 1362 1745 ἄνωθεν
1386 1715 1469 1746 ἐδόκει
1485 1717 1523 1756 τῷ
1540 1714 1672 1753 νομοθέτῃ
1693 1712 1748 1744 τοὺς
1760 1719 1826 1756 πονη-

1057 1754 1118 1800 ροὺς
1128 1759 1310 1798 ἐκτέμνεσθαι.
1327 1760 1367 1790 Τὸ
1378 1760 1416 1797 δὲ,
1433 1774 1445 1787 ιι
1459 1754 1594 1799 ἘΞ-ὑμῶν
1608 1759 1704 1795 αὐτῶν,
1722 1768 1733 1782 ι
1747 1754 1825 1800 δείκνυς

1057 1798 1096 1836 σιν
1112 1805 1152 1834 ὅτι
1177 1806 1277 1844 μᾶλλον
1308 1805 1394 1834 αὐτῶν
1418 1798 1653 1846 ὠφέλειάνέστινὴ
1682 1801 1776 1841 ἔξαρσις
1793 1798 1826 1826 τοῦ

1056 1852 1170 1891 πονηροῦ
1175 1873 1182 1880 .

1343 1895 1492 1928 uno“;
1513 1895 1565 1933 ς’.

1099 1961 1114 1980 α
1144 1952 1240 1991 Τολμᾷ
1267 1962 1307 1984 τις
1345 1951 1418 1989 ὑμῶν
1445 1950 1511 1990 πρὸς
1548 1950 1594 1980 τὸν
1633 1943 1826 1991 ἀδελφὸν-αὗξῆ

1057 2000 1169 2036 πρᾶγμα
1193 1986 1278 2035 ἔχων,
1296 1986 1430 2035 κρίνεσθαι
1454 1986 1499 2024 ἐπὶ
1524 1997 1578 2025 τῶν
1597 1986 1708 2029 ἆδίκωνέ
1722 1989 1764 2036 καὶ
1782 1986 1826 2025 οὔθ

1057 2035 1100 2070 ἐπὶ
1114 2042 1166 2069 τῶν
1183 2040 1265 2078 ἁγίων
1278 2051 1287 2077 ;
1306 2053 1318 2066 ι
1335 2040 1435 2069 Πολλοὶ
1454 2040 1628 2080 χρηματικὰς
1643 2038 1714 2070 δίκας
1725 2035 1823 2075 ἔχοντες,

1057 2085 1189 2125 ἐκρίνοντο
1201 2085 1274 2124 παρὰ
1289 2086 1343 2118 τοῖς
1357 2083 1476 2121 Ἵῖλλησι
1493 2085 1648 2120 δικασταῖς,
1671 2081 1715 2126 ἅτε
1728 2086 1827 2126 νοιξομπζ

202 2136 230 2160 te
243 2132 334 2168 legum
347 2131 456 2167 peritos.
470 2132 532 2158 Hoc
542 2131 624 2166 igitur
633 2137 705 2157 nunc
716 2129 837 2165 corrigit,
853 2129 930 2165 quod
944 2130 999 2158 obi-

1061 2130 1119 2160 is’m.
1143 2131 1231 2160 Τοῦτο
1265 2129 1349 2158 τοίνυν
1384 2130 1532 2169 διορθοῦται
1560 2123 1827 2169 παρεμπισὸννιῖξῄτθ

204 2181 244 2204 ter
258 2176 286 2204 in
308 2175 431 2204 medium
445 2175 549 2204 incidit.
570 2177 722 2210 Postquam
739 2174 811 2201 enim
831 2173 1003 2202 mentionem

203 2220 266 2249 fecit
279 2228 437 2255 avarorum,
453 2224 576 2248 actutum
591 2218 720 2247 efferbuit
746 2226 802 2255 prae
825 2226 923 2247 eorum
938 2227 1002 2247 cura

204 2266 251 2302 qui
266 2265 328 2294 talia
345 2269 494 2302 patrarant.
510 2265 620 2292 Intuere
633 2266 726 2292 autem
739 2263 880 2300 quomodo
907 2263 1001 2292 statim

202 2310 238 2338 ab
264 2310 343 2339 initio
364 2309 581 2346 indignationem
599 2316 679 2337 suam
700 2308 839 2342 ostendat,
859 2308 1002 2336 audaciam

203 2355 342 2392 appellans
351 2363 410 2383 rem
422 2355 503 2383 istam
513 2362 545 2383 ac
558 2354 816 2391 praevaricationem.
833 2355 897 2382 Non
909 2359 1003 2382 autem

204 2399 281 2432 dixit,
294 2399 375 2436 Apud
395 2399 526 2435 inﬁdeles,
545 2399 603 2433 sed,
618 2410 631 2424 κ
649 2398 732 2434 Apud
749 2398 877 2434 injustas.
903 2410 916 2423 υ
932 2399 1001 2426 Cum

203 2444 276 2472 enim
290 2444 313 2472 is
333 2443 379 2480 qui
390 2443 488 2480 litigat,
501 2443 609 2480 justum
625 2443 733 2480 assequi
753 2443 870 2477 laborat.
885 2443 1006 2471 ostendit

202 2497 250 2517 eos
282 2488 357 2517 istud
389 2488 462 2517 haud
494 2493 668 2517 consecutos.
697 2488 794 2524 Injusti
824 2487 897 2516 enim
930 2491 1004 2522 sunt,

202 2533 303 2570 inquit,
315 2532 423 2570 judices
443 2533 534 2562 Graeci
548 2542 555 2561 :
571 2533 619 2569 qui
640 2532 724 2568 igitur
750 2532 800 2559 tibi
811 2531 885 2568 juste
896 2531 1003 2568 judica-

201 2578 290 2607 bunt?
327 2579 445 2607 Sanctos
477 2582 571 2606 autem
596 2577 690 2606 ﬁdeles
709 2577 840 2613 appellat,
873 2584 906 2605 ex
937 2577 1003 2612 ipsis

202 2623 360 2652 nominibus
378 2622 565 2651 differentiam
583 2622 795 2655 demonstrans;
818 2621 856 2649 illi
882 2629 1001 2658 namque

200 2669 298 2706 injusti
311 2671 384 2704 sunt,
408 2668 451 2696 isti
471 2676 537 2696 vero
560 2667 657 2696 sancti.

236 2715 323 2743 Vsus.
343 2717 371 2742 2.
394 2724 407 2738 α
423 2715 468 2742 An
493 2713 603 2742 nescitis
620 2712 696 2749 quod
714 2712 802 2741 sancti
817 2712 952 2741 mundum
962 2712 1005 2749 ju-

236 2759 250 2772 ιι
265 2756 349 2782 Rom.
365 2761 411 2788 In,
429 2757 473 2782 t9.
512 2760 523 2770 υ
536 2755 619 2782 Deut.
634 2760 706 2787 xm,
722 2755 748 2780 5.

1060 2174 1152 2213 μέσον.
1169 2174 1280 2210 Ἐπειδὴ
1297 2174 1348 2214 γὰρ
1365 2165 1485 2212 ἐμνήσθη
1499 2165 1681 2209 πλεονεκτιῗιν,
1696 2168 1762 2200 εὐθὺς
1772 2165 1827 2214 at“

1057 2222 1090 2259 τῇ
1117 2219 1178 2258 περὶ
1202 2220 1254 2248 τῶν
1282 2218 1488 2259 ἁμαρτανόντων
1516 2218 1551 2247 τὰ
1578 2221 1688 2248 τοιαῦτα
1716 2209 1826 2259 φροντίδι;

1058 2250 1113 2294 καὶ
1142 2250 1208 2303 ἐρα,
1234 2250 1307 2297 ὅπως
1332 2250 1412 2302 θυμὸν
1441 2262 1602 2293 ἐνδείκνυται
1630 2261 1657 2296 ἐξ
1677 2250 1772 2306 ἆρὲἥςν
1792 2250 1827 2306 ξαὶ

1055 2309 1157 2348 τόλμαν
1179 2309 1256 2338 καλεῖ
1275 2308 1305 2337 τὸ
1325 2313 1438 2347 πρᾶγμα
1454 2307 1500 2337 καὶ
1519 2306 1698 2348 παρανομίαν,
1714 2303 1766 2348 Οὑκ
1784 2303 1827 2327 εἰπε

1057 2352 1084 2382 δὲ
1095 2376 1103 2391 ,
1118 2353 1184 2383 Ἐπὶ
1200 2354 1251 2382 τῶν
1277 2353 1416 2389 ἀπίστων,
1434 2353 1505 2389 ἀλλ’,
1530 2366 1541 2380 ε
1557 2352 1623 2382 Ἐπὶ
1645 2351 1696 2380 τῶν
1715 2345 1826 2392 ἀδίκαξνς

1058 2389 1169 2433 Ἐπειδὴ
1183 2396 1234 2437 γὰρ
1256 2399 1270 2427 ὃ
1297 2397 1466 2436 δικαζόμενος
1493 2399 1539 2426 τοῦ
1554 2396 1657 2442 δικαίου
1673 2391 1756 2432 τυχιῖν
1770 2389 1826 2442 ἑοῖ

1059 2443 1133 2472 λεται
1142 2466 1150 2480 ,
1167 2443 1297 2472 δείκνυσιν
1312 2442 1406 2477 αὐτοὺς
1420 2442 1515 2472 τούτου
1532 2442 1560 2472 οὗ
1573 2440 1756 2481 τυγχάνοντας.
1770 2433 1826 2481 Ἂῗ·

1059 2498 1101 2517 κοι
1115 2487 1182 2527 γὰρ,
1200 2487 1279 2528 φησὶν
1291 2509 1299 2524 ,
1313 2486 1379 2517 εἰσὶν
1395 2488 1418 2516 οῖ
1433 2487 1565 2527 κρίνοντες
1578 2487 1602 2505 ⁸³
1618 2485 1745 2528 Ἕλληνες
1757 2489 1764 2496 ¹
1783 2482 1826 2528 πυξξ

1060 2527 1104 2561 οἷν
1120 2526 1160 2561 σοι
1175 2526 1282 2565 δικαίως
1303 2534 1435 2572 κρινοῦσιν
1446 2526 1458 2570 ;ν
1471 2531 1570 2571 Ἀγίους
1591 2531 1637 2569 δὲ,
1660 2526 1718 2559 τοὺς
1738 2526 1825 2572 πίστξνξ

1058 2588 1149 2616 φησιν,
1167 2577 1194 2611 ἐξ
1207 2577 1293 2605 αὐτῶν
1306 2579 1358 2606 τῶν
1375 2570 1510 2615 ὀνομάτων
1535 2576 1635 2609 δεικνὺς
1649 2573 1696 2609 τὴν
1711 2570 1824 2607 διαφοράν

1056 2623 1080 2651 οἱ
1095 2622 1142 2661 μὲν
1153 2621 1205 2662 γὰρ
1220 2621 1305 2651 ἄδικοί
1320 2623 1385 2651 εἰσιν
1395 2644 1403 2659 ,
1419 2623 1444 2651 οἱ
1461 2622 1488 2651 δὲ
1509 2621 1590 2661 ἅγιοι.

1101 2720 1114 2734 σι
1126 2707 1164 2738 Ἦ
1176 2708 1224 2737 οὖκ
1239 2707 1327 2737 οἴδατε
1341 2706 1423 2747 [vulg
1441 2707 1510 2738 Ὀὔκ
1522 2705 1611 2736 οἴδατε
1622 2702 1673 2742 ὅτι]
1682 2701 1703 2731 οἷ
1713 2697 1774 2737 ἅγιοι
1788 2690 1822 2719 τὸν

894 2789 984 2818 Variae
1007 2788 1153 2818 lectiones.

237 2835 256 2852 ¹¹
272 2835 377 2871 Χριστοῦ
390 2843 430 2864 m.
469 2835 491 2852 ¹²
515 2836 543 2862 τό
552 2842 581 2863 ο.
618 2835 640 2852 ¹³
653 2834 794 2865 δικάζοντες
807 2842 834 2862 ο.
