1881 3081
39 155 88 180 G29

473 152 646 180 EXPOSITIO
667 153 699 180 IN
719 152 822 180 EPIST.
845 153 852 179 l
874 153 918 180 AD
939 153 1016 180 (ΞΟΠ.
1042 167 1076 172 -
1096 153 1170 180 CAP.
1191 154 1233 181 Vl.

1641 155 1692 181 (530

44 215 142 253 κόσμον
158 216 312 255 κρινοῦσινς
334 227 347 242 ε
362 213 476 250 Ἐπειδὴ
497 215 521 244 οἷ
542 215 631 244 πιστοὶ
647 215 750 244 ἰδιῶται
768 215 840 248 ὄντες
855 231 862 249 Α

920 214 1046 243 icabunt?
1062 226 1075 239 ι
1091 215 1161 249 Quia
1186 214 1292 248 ﬁdeles,
1312 219 1407 251 utpote
1428 214 1542 249 indocti,
1566 216 1601 244 ad
1618 216 1694 245 litem

43 262 88 289 οὐκ
112 259 264 294 ἀξιόπιστοι
288 259 393 290 ἐδόκουν
419 259 483 298 πρὸς
502 259 532 289 τὸ
554 259 675 298 utubi“
704 260 839 297 ὑπόθεσιν,

43 305 208 339 ἀξιοπίστως
225 303 318 337 αὐτοὺς
339 308 410 334 ποιεῖ
432 305 468 341 ⁸⁵,
485 305 590 345 πρῶτον
612 303 661 342 μὶν
675 304 765 343 ἁγίους
791 316 840 334 κα-

41 349 132 386 λέσας,
153 345 215 379 εἶτα
237 349 333 385 εἰπὼν,
358 350 400 378 ὅτι
422 348 467 378 τὸν
491 349 591 388 κόσμον
616 352 746 388 κρινοῦσιν
761 360 768 367 ·
792 350 840 379 οὖκ

43 394 114 423 αὐτοὶ
133 393 286 432 καθήμενοι
314 394 361 423 καὶ
385 394 532 429 δικάζοντες
548 394 581 434 (ὁ
597 393 649 434 γὰρ
674 393 770 434 Κύριος
784 405 841 433 κρι-

42 439 104 479 νεῖ),
136 439 210 468 ἀλλὰ
237 442 450 478 κατακρινοῦσιν.
475 438 561 469 Ὅταν
593 438 644 478 γὰρ
672 441 841 477 ὁμοιοπαθεῖς

40 484 125 519 ὄντες,
141 485 287 523 εὑρεθῶσιν
311 485 384 514 αὐτοὶ
406 483 454 522 μὲν
479 483 683 520 πιστεύσαντες,
700 484 795 513 ἄκεῖνοι
811 484 840 513 δὲ

43 528 239 564 ἀπιστήσαντες
251 551 260 568 ,
276 529 306 558 οὗ
321 527 476 569 κατάκρισις
490 531 568 558 τοῦτο
583 529 635 557 τῶν
650 528 788 565 ἀπίστωνς

81 627 97 646 α
113 616 168 647 Καὶ
182 617 207 646 εἰ
225 617 253 646 ἓν
275 617 337 655 ὑμῖν
362 616 480 656 κρίνεται
495 618 508 646 ὃ
523 616 636 656 κόσμος,
656 616 758 650 ἀνάξιοί
780 619 839 647 ἐστι

41 661 180 701 κριτηρίων
197 661 369 701 ἐλαχίστωνς
388 673 402 689 ι
419 660 511 701 Ὅρα,
536 663 583 690 οὐκ
610 656 699 698 εἶπεν,
718 661 758 691 ὅτι
775 661 838 701 ¹Υφ¹

41 708 111 744 ὗμῶν
127 706 264 746 κρίνεται,
284 707 356 742 ἀλλ’,
383 719 396 733 ε
410 706 457 735 Ἐν
475 706 537 744 ὑμῖν
549 717 557 725 ·
570 719 583 732 ι
598 707 732 736 τουτέστιν
743 729 752 742 ,
769 705 839 737 Ὑπὸ

42 753 84 779 τοῦ
98 752 171 780 Θεοῦ
200 751 252 788 μὲν
279 751 410 790 κρίνεται,
433 753 460 780 ἐν
489 752 551 788 ὑμῖν
579 751 605 780 δὲ
632 751 836 790 κατακρίνεται,

43 795 174 832 ἄντὶτοῦ,
188 795 240 826 Ἐν
261 797 299 835 τῷ
322 796 391 833 ὑμᾶς
415 795 562 834 ὑπόδειγμα
589 791 656 825 εἶναι
683 795 839 824 πιστεύσαν-

42 851 94 873 τας.
109 839 150 870 Τὸ
161 839 190 869 δὲ
202 862 211 876 ,
235 853 250 867 α
272 840 382 874 Ἀνάξιοί
396 841 455 870 ἕστε
473 840 618 880 κριτηρίων
637 839 788 879 ἐλαχίστων
801 862 810 876 ,
827 853 839 867 ι

895 259 1079 288 dirimendam
1102 267 1159 287 non
1181 259 1344 287 videbantur
1372 259 1474 293 idonei,
1498 262 1692 289 auctoritatem

895 305 950 333 illis
961 305 1089 333 conciliat
1105 314 1112 333 :
1129 305 1251 341 primum
1269 305 1380 340 quidem
1394 309 1503 333 sanctos
1516 306 1689 342 appellando,

894 349 992 378 deinde
1005 349 1170 378 afﬁrmando
1183 349 1258 386 quod
1279 348 1416 378 mundum
1439 355 1503 378 sunt
1514 349 1666 386 judicaturi
1684 359 1691 379 :

894 402 951 422 non
966 394 1016 430 ipsi
1034 395 1146 430 quidem
1167 394 1295 422 sedentes
1313 402 1345 422 ac
1366 395 1533 423 sententiam
1553 394 1692 430 proferen-

894 443 935 468 tes
945 441 1092 473 (Dominus
1103 440 1178 468 enim
1183 439 1338 475 judicabit),
1351 447 1446 468 verum
1457 440 1691 470 condemnabunt.

895 485 962 512 Cum
977 485 1051 512 enim
1073 484 1133 520 ipsi,
1152 485 1202 520 qui
1220 484 1355 512 similibus
1374 484 1568 513 affectionibus
1581 485 1694 513 obnoxii

893 533 984 563 erant,
1007 529 1110 558 inventi
1140 529 1245 557 fuerint
1265 528 1370 563 ﬁdeles,
1395 529 1434 558 illi
1472 536 1536 557 vero
1556 529 1692 564 inﬁdeles,

893 580 984 602 nonne
999 574 1052 602 hoc
1069 573 1263 602 condemnatio
1285 577 1328 602 est
1350 573 1520 602 inﬁdelium?

930 630 942 643 ι
968 619 1049 654 Quod
1075 620 1097 647 si
1125 619 1152 647 in
1179 619 1257 647 vobis
1278 618 1421 655 judicatur
1440 619 1572 653 mundus,
1591 619 1693 656 indigni

893 665 956 692 estis
968 664 1076 699 iudiciis
1090 663 1214 692 minimis
1237 665 1250 691 Ρ
1267 675 1282 688 ι
1306 664 1430 692 Observa
1448 663 1522 700 quod
1540 672 1597 692 non
1612 664 1692 699 dixit,

896 717 911 737 a
930 708 1006 736 vobis
1019 709 1169 744 judicatur,
1187 708 1248 743 sed,
1271 720 1285 733 ι
1315 710 1347 736 In
1368 708 1466 737 vobis:
1487 720 1499 733 ι
1525 709 1578 737 hoc
1603 713 1656 742 est.
1671 718 1687 737 a

894 755 952 782 Deo
976 753 1091 789 quidem
1112 753 1263 790 judicatur,
1283 753 1313 781 in
1330 753 1410 782 vobis
1422 757 1515 782 autem
1529 753 1695 782 condemna-

896 802 952 832 tur,
970 806 1031 834 pro,
1046 806 1081 826 ex
1107 798 1159 826 hoc
1183 798 1257 834 quod
1271 806 1318 826 vos
1336 798 1478 826 credentes
1494 798 1528 826 iis
1545 799 1625 827 eratis
1645 807 1694 834 pro

897 843 1033 878 exemplo.
1060 842 1141 877 Quod
1158 847 1250 870 autem
1273 843 1324 877 ait,
1351 854 1364 867 ι
1378 841 1484 878 lndigni
1509 843 1576 871 estis
1586 843 1695 878 judiciis

42 887 152 915 τοιοῦτον
167 884 228 924 ἕχει
242 887 314 916 νοῦν.
330 885 439 920 Ἐπειδὴ
463 884 514 924 γὰρ
538 885 606 918 εἰκὸς
621 879 653 920 ἦν
672 886 765 918 αὐτοὺς
788 885 839 914 ὑπὸ
852 890 862 921 1

921 887 1024 921 inimis,
1056 899 1070 911 ι
1092 887 1253 924 hujusmodi
1276 895 1388 915 sensum
1412 886 1505 915 habet.
1528 888 1600 916 Cum
1619 887 1694 915 enim

42 930 89 970 τιῗιν
111 929 164 959 ἴσω
194 930 367 970 κρινομνους
393 929 587 969 αἰσχύνεσθαι,
615 929 764 959 τούναντίον
791 930 838 968 μὲν

43 968 82 1002 οὖν
95 973 166 1003 ἔστιν
183 968 318 1014 αἰσχύνη,
343 974 438 1014 φησὶν,
463 974 525 1003 ὅταν
539 975 590 1004 ὑπὸ
603 975 655 1004 τῶν
671 973 762 1008 ἔξωθεν
777 974 839 1014 κρί-

42 1021 122 1092 νὶσὲε.
139 1018 254 1048 Ἐκεῖνα
279 1018 330 1059 γάρ
355 1020 426 1048 ἐστιν
450 1018 579 1059 ὶλοίχιστα
604 1018 786 1060 δικαστήρια,
809 1020 838 1048 οὗ

42 1075 54 1091 τ
97 1074 144 1092 σω.

42 1074 72 1091 τα
85 1074 144 1093 εσω.

79 1168 92 1182 ι
105 1155 164 1185 Οὐκ
192 1154 286 1184 οἴδατε
311 1153 352 1183 ὅτι
382 1153 508 1193 ἅγγίλους
534 1157 690 1193 κρινοῦμενε
719 1154 840 1195 Μήτσιγε

46 1199 138 1240 [vulg.
155 1199 274 1240 μήτιγε]
293 1199 428 1240 βιωτικά;
444 1213 456 1224 -
483 1198 620 1237 Ἀγγίλους
639 1199 700 1232 τοὺς
714 1199 841 1237 δαίμονάς

47 1239 118 1284 onst.
147 1244 202 1274 Καὶ
225 1243 338 1277 τούτους
363 1239 408 1272 οὖν
433 1246 657 1283 κατακρινοῦμεν,
683 1243 746 1273 ὅταν
775 1246 798 1274 οἱ
814 1247 840 1275 ἐν

46 1289 119 1328 σαρκὶ
141 1291 220 1327 ἡμεῖς
252 1289 307 1318 τῶν
330 1287 483 1327 ἀσωμάτων
510 1288 597 1318 αὐτῶν
622 1287 703 1318 πλέον
725 1290 838 1329 εὕρεθῶ-

49 1344 92 1371 μεν
107 1333 222 1374 ἔχοντες.

80 1391 92 1404 ι
112 1373 229 1408 Βιωτικὰ
246 1377 296 1416 μὶν
309 1373 354 1407 οὖν
367 1377 491 1418 κριτήρια
506 1377 552 1407 ἐὰν
567 1377 667 1417 ιχητε,
682 1377 742 1412 τοὺς
762 1378 836 1413 ἕξου-

45 1422 192 1461 θενημίνους
233 1424 263 1453 ἰν
362 1422 531 1463 Ἐκκλησία,
560 1423 667 1456 τούτους
705 1422 835 1457 καθίζετε.

47 1467 111 1507 Πρὸς
133 1467 265 1508 ἐντροπὴν
286 1469 347 1506 ὑμῖν
371 1467 442 1507 λέγω
455 1479 462 1486 ·
492 1467 574 1500 οὕτως
598 1469 646 1497 οὐκ
673 1467 712 1497 ἔνι
731 1470 758 1498 ἐν
773 1470 836 1503 ὑμῖν

892 931 1036 960 verisimile
1051 936 1123 960 esset
1136 932 1209 968 ipsos
1232 932 1268 960 ab
1288 932 1321 960 iis
1335 932 1382 968 qui
1395 931 1470 959 intus
1481 936 1559 959 erant
1574 931 1688 967 judica-

891 982 937 1007 tos
957 976 1102 1012 pudeﬁeri;
1117 983 1132 1004 e
1151 975 1270 1010 diverso,
1288 976 1384 1012 inquit,
1402 976 1598 1004 contumeliam
1615 979 1692 1004 retu-

893 1017 991 1055 leritis,
1003 1021 1025 1049 si
1041 1021 1075 1049 ab
1088 1021 1143 1049 illis
1164 1021 1210 1057 qui
1226 1021 1293 1049 foris
1316 1024 1393 1054 sunt,
1408 1020 1462 1048 hoc
1479 1024 1531 1054 est,
1547 1020 1582 1048 ab
1595 1019 1692 1049 inﬁde-

894 1065 966 1093 libus
976 1065 1149 1101 judicemini.
1164 1065 1278 1093 Minima
1296 1064 1372 1093 enim
1384 1068 1451 1093 sunt
1467 1064 1509 1093 illa
1524 1064 1688 1098 tribunalia;

894 1119 957 1148 qua:
973 1111 1048 1139 intus
1066 1115 1131 1140 sunt
1151 1119 1207 1140 non
1221 1112 1298 1140 item.

930 1158 1019 1185 Vnns.
1037 1160 1063 1185 8.
1080 1169 1093 1181 σι
1118 1157 1234 1185 Nescitis
1250 1157 1325 1194 quod
1343 1157 1452 1193 angelos
1477 1157 1666 1194 judicabimus
1680 1159 1693 1186 Ρ

895 1205 999 1238 quanto
1025 1201 1114 1238 magis
1133 1202 1294 1230 saecularia?
1315 1213 1328 1226 ι
1344 1202 1466 1237 Angelos
1483 1201 1627 1230 damones
1649 1211 1695 1239 ap-

895 1246 987 1282 pellat,
1017 1253 1088 1282 quos
1114 1246 1370 1280 condemnabimus,
1400 1246 1510 1282 quando
1538 1254 1589 1274 nos
1611 1255 1694 1275 carne

894 1290 994 1324 vestiti,
1020 1290 1188 1326 incorporeis
1215 1291 1275 1319 istis
1301 1291 1462 1320 substantiis
1486 1291 1694 1320 excellentiores

895 1335 1030 1363 fuerimus
1043 1336 1155 1372 reperti.

928 1380 1019 1408 Vens.
1033 1382 1060 1413 4,
1076 1382 1104 1408 5.
1122 1389 1135 1406 α
1150 1379 1257 1408 Iudicia
1269 1379 1356 1416 igitur
1369 1380 1403 1409 de
1423 1380 1505 1409 rebus
1518 1381 1693 1418 temporariis

894 1424 916 1452 si
942 1424 1073 1459 habeatis,
1097 1425 1144 1461 qui
1165 1425 1196 1452 in
1223 1425 1344 1453 Ecclesia
1371 1426 1524 1462 contempti
1541 1430 1614 1460 sunt,
1643 1434 1692 1456 eos

894 1468 1060 1496 constituite.
1083 1468 1129 1496 Ad
1155 1468 1346 1496 verecundiam
1370 1473 1491 1498 vestram
1518 1469 1580 1498 dico
1613 1479 1621 1498 :
1645 1470 1692 1498 Sic

47 1512 115 1552 σοφὸς
126 1512 183 1542 οὖδλ
196 1507 251 1549 εἷς,
268 1511 295 1546 ὃς
309 1511 450 1547 δυνήσεται
469 1513 602 1551 διακρῖναι
622 1511 672 1541 ἀνὰ
688 1512 769 1550 μέσον
789 1515 836 1542 τοῦ
853 1523 862 1554 (

920 1521 951 1540 )n
976 1517 1019 1541 est
1040 1513 1112 1541 inter
1135 1520 1183 1540 vos
1202 1513 1366 1549 quisquam,
1389 1513 1435 1550 qui
1464 1514 1549 1550 possit
1567 1514 1692 1551 judicare

46 1557 150 1597 ἀδελφοῦ
172 1559 276 1593 αὓτοῧ;
301 1569 315 1583 ι
340 1556 392 1586 Ἐκ
417 1557 568 1596 περιουσίας
584 1556 741 1596 βουλόμενος
766 1558 833 1588 ἄπο-

45 1602 130 1636 στῆσαι
138 1601 231 1634 αὖτοὺς
243 1603 296 1630 τῶν
309 1601 358 1636 ἔξω
371 1600 560 1641 δικαστηρίων,
576 1601 657 1640 φησὶν
666 1623 674 1639 ,
689 1601 732 1631 ὅτι
745 1601 827 1637 Ἰσως

47 1644 106 1674 εἴποι
120 1657 156 1679 τις
175 1646 223 1684 ἂν,
244 1645 286 1676 ὅτι
302 1647 350 1675 οὐχ
367 1646 405 1675 ἔνι
423 1646 500 1687 σοφός
519 1657 557 1680 τις
571 1648 598 1675 ἂν
664 1646 832 1687 Ἐκκλησία,

46 1691 58 1718 δ
71 1690 194 1730 διακρῖναι
208 1691 364 1730 δυνάμενος.
391 1692 423 1720 Εἰ
440 1691 491 1730 γὰρ
515 1690 585 1720 κατὰ
599 1691 644 1720 τὸν
666 1693 741 1730 ὑμῶν
755 1692 835 1731 λόγον

47 1735 88 1763 οὒκ
100 1734 136 1764 ἔνι
157 1735 252 1777 σοφὸς,
278 1734 338 1768 τοὺς
352 1734 566 1773 ἐξουθενημένους
583 1736 685 1777 μᾶλλον
709 1736 835 1770 δικαστὰς

47 1779 167 1816 καθίζετε,
190 1779 208 1816 ἢ
232 1780 295 1813 τοὺς
322 1779 459 1813 ἀπίστους.
477 1781 501 1810 Τ
503 1782 564 1809 οῧτο
574 1779 601 1808 δὲ
618 1776 691 1810 εἶπον
705 1780 770 1820 πρὸς
788 1782 832 1810 ἐν-

45 1825 135 1861 τροπὴν
154 1826 240 1863 ὑμῶν,
264 1824 414 1865 συντρέχων
437 1827 471 1865 τῇ
485 1825 576 1864 ψευδεῖ
588 1825 720 1866 προφάσει
741 1827 832 1864 ὑμῶν,

48 1867 97 1896 imi
124 1868 174 1908 ἄρα
199 1868 321 1904 τοσαύτη
347 1869 442 1902 σπάνις
468 1869 524 1898 ἐστὶ
549 1871 636 1909 σοφῶν
662 1868 729 1908 παρ’
756 1871 834 1908 ὑμῖν,

48 1910 108 1941 ὥστε
120 1913 177 1947 τοὺς
202 1914 317 1946 εὐτελεῖς
343 1913 389 1942 καὶ
410 1915 627 1953 ἰδιωτικωτέρους
649 1914 760 1955 κρίνειν.
777 1915 834 1954 Τὸ,

51 1966 62 1983 ι
79 1955 196 1998 Ἀδελφοῦ
222 1957 253 1988 δὲ
281 1959 404 1994 αὓτοῢμ)
438 1958 602 1998 προσέθηκε,
631 1959 768 1997 σημαίνων
794 1959 834 1989 ὅτι

48 1998 85 2029 ὅτε
98 1999 120 2020 ⁸⁵
140 2002 202 2042 πρὸς
215 2002 262 2032 τὸν
287 2002 400 2041 ἀδελφόν
427 2002 498 2031 ἐστιν
522 2004 539 2038 ἡ
563 2002 641 2040 δίκη,
657 2003 717 2032 οὐδὲ
731 2005 834 2039 πολλῆς

49 2044 116 2082 χρεία
141 2045 274 2079 ποικιλίας
302 2046 348 2075 καὶ
374 2045 512 2084 γνώσεως,
542 2047 589 2076 ἅτε
617 2049 664 2083 τῆς
692 2048 834 2088 ἀδελφικῆς

49 2088 174 2133 διαθέσεως
206 2090 296 2122 πολλὰ
325 2090 502 2131 συνεργούσης
526 2091 591 2132 πρὸς
616 2091 691 2122 λύσιν
717 2094 765 2128 τῆς
791 2105 832 2133 φι-

50 2132 176 2169 λονιιχίας.

86 2191 97 2204 ι
115 2179 190 2210 Ἀλλὰ
204 2180 317 2221 ἁδελφὸς
332 2180 399 2219 μετὰ
413 2181 526 2222 ἀδελφοῦ
543 2181 679 2222 κρίνεται,
694 2182 739 2211 καὶ
756 2185 834 2212 τοῧτο

51 2221 88 2250 ἰπὶ
101 2224 230 2262 ditium;
249 2238 265 2253 ι
284 2226 400 2255 Διπλόῦν
415 2225 445 2254 τὸ
459 2221 552 2264 κακὸν,
564 2221 611 2256 γὸτι
629 2238 657 2256 τε
677 2226 741 2266 πρὸς
753 2228 832 2257 ἀδελ-

51 2265 115 2304 φὸνή
129 2269 210 2308 κρίσις
219 2293 230 2310 ,
248 2270 293 2300 καὶ
308 2270 349 2299 ὅτι
364 2270 407 2300 ἐπὶ
425 2270 552 2302 ἀπίστων.

87 2325 99 2338 ι
118 2311 188 2351 Ἤδη
203 2315 252 2354 μὲν
277 2311 320 2344 οὖν
343 2314 411 2348 ὅλως
433 2314 540 2354 ἥττημα
556 2318 583 2346 ἐν
597 2317 658 2354 ὗμῖν
680 2316 770 2353 ἐστιν,
789 2316 831 2346 δτι

50 2355 153 2395 κρίματα
178 2359 252 2400 ἔχετε
277 2361 335 2398 μεθ’
351 2361 463 2389 ἑαυτῶν.
485 2374 497 2386 ιι
528 2360 662 2400 Πρότερον
693 2362 780 2390 ἀνεῖλε
800 2362 831 2391 τὸ

52 2400 169 2445 κρίνεσθαι
191 2405 266 2445 παρὰ
291 2406 345 2437 τοῖς
370 2404 512 2438 ἀπίστοις·
527 2405 583 2435 νυνὶ
605 2405 634 2434 δὲ
655 2405 701 2435 καὶ
721 2405 786 2434 αὐτὸ
802 2407 832 2436 τὸ

51 2443 108 2478 ὅλως
115 2443 242 2487 κρίνεσθαι
256 2451 368 2489 ἀναιρεῖ,
379 2449 477 2488 λέγων,
489 2448 528 2479 ὅτι
541 2464 553 2475 σι
567 2448 660 2483 Ὄλως
669 2450 778 2488 ἥττημα
792 2462 799 2469 ·
815 2462 828 2479 ι

52 2490 169 2530 τουτέστι,
193 2494 370 2534 Κατάκρισις,
386 2494 509 2533 αἰσχύνη,
529 2494 570 2524 ὅτι
590 2494 657 2529 ὅλως
679 2495 754 2535 ἔχετε
770 2495 831 2535 κρί-

54 2542 132 2579 ματα,
143 2538 271 2574 τουτέστι,
289 2537 363 2570 δίκας
387 2539 445 2573 μετ’
457 2538 581 2574 ἀλλήλων
597 2551 604 2558 ·
618 2542 694 2568 τοῦτο
708 2540 759 2579 γάρ
775 2541 831 2570 ἐστι

54 2551 132 2582 ττι-ιιι,
143 2551 271 2574 τουτιστι,
289 2551 363 2570 ουιας
387 2551 437 2573 μετ
457 2551 581 2574 αΛΑηΛων
597 2551 604 2558 ·
618 2551 694 2568 τουτο
708 2551 742 2579 γα
775 2551 830 2570 εστι

52 2584 78 2621 ξο
88 2597 95 2611 ν
109 2590 121 2604 ε
138 2580 202 2610 Μεθ’
221 2582 334 2611 ἑαυτῶν.
352 2593 365 2606 ιι
380 2580 567 2621 Ἐμφαντικῶς
590 2583 617 2613 δὲ
633 2586 711 2613 τοῦτο
734 2551 807 2612 εἶπεν
823 2595 830 2601 ·

55 2618 148 2668 εαξηοξις
172 2625 222 2666 γὰρ
261 2618 580 2667 ὀφείλομενλογίζεσθαι
617 2629 641 2658 οἱ
674 2627 831 2668 Χριστιανοὶ

57 2663 105 2699 τοὺς
203 2663 340 2712 ἀδελφούς.

888 1560 959 1587 inter
970 1558 1083 1587 fratrem
1095 1560 1198 1586 suum?
1227 1569 1240 1582 ι
1255 1559 1298 1586 Ab
1311 1559 1427 1587 exoticis
1440 1559 1542 1596 judicis
1557 1567 1604 1588 eos
1615 1567 1693 1588 revo-

889 1611 950 1632 care
970 1605 1075 1638 volens,
1093 1611 1125 1632 ex
1141 1603 1292 1632 abundanti
1307 1603 1404 1641 adjicit
1426 1614 1433 1631 :
1457 1605 1564 1633 Forsan
1593 1605 1692 1634 dixerit

888 1648 1035 1684 quispiam,
1044 1647 1116 1684 quod
1127 1656 1183 1675 non
1196 1648 1231 1675 sit
1239 1648 1351 1684 sapiens
1364 1648 1445 1684 152
1454 1649 1482 1676 in
1493 1649 1624 1682 Ecclesia.
1635 1650 1682 1686 qui

888 1692 1038 1728 dijudicare
1063 1692 1156 1728 possit.
1174 1692 1202 1720 Si
1225 1692 1301 1721 enim
1323 1692 1475 1721 secundum
1492 1698 1611 1722 vestram
1632 1694 1689 1722 esi—

888 1737 1077 1765 stimationem
1099 1745 1157 1764 non
1177 1740 1219 1765 est
1245 1737 1365 1772 sapiens,
1398 1742 1572 1774 contemptos
1595 1739 1687 1774 potius

888 1781 991 1817 iudices
1019 1781 1188 1816 constituite,
1217 1789 1304 1818 quam
1329 1781 1462 1810 inﬁdeles.
1491 1783 1570 1811 Istud
1594 1787 1688 1812 autem

889 1825 955 1857 dixi.
974 1826 1008 1854 ad
1029 1825 1222 1853 verecundiam
1244 1829 1374 1859 vestram,
1400 1825 1474 1854 inani
1497 1830 1595 1854 vestra
1615 1834 1689 1862 pre-

888 1870 973 1898 textui
985 1870 1157 1898 consentiens
1177 1879 1184 1897 :
1207 1869 1435 1906 quandoquidem
1456 1874 1532 1898 tanta
1554 1874 1598 1898 est
1617 1871 1689 1899 rari-

886 1917 928 1942 tas
952 1915 1106 1950 sapientum
1119 1913 1193 1950 apud
1214 1922 1274 1949 vos,
1303 1918 1335 1942 ut
1359 1914 1426 1942 viles
1447 1920 1476 1942 et
1511 1913 1684 1943 indoctiores

885 1958 1022 1995 judicium
1051 1962 1205 1986 exerceant.
1229 1969 1243 1983 ι
1275 1958 1402 1986 Fratrem
1422 1966 1515 1992 suum.
1535 1970 1548 1984 ι
1575 1959 1685 1996 adjecit,

888 2004 1011 2032 indicans
1025 2003 1100 2040 quod
1119 2003 1142 2032 si
1163 2003 1274 2040 quando
1296 2003 1427 2031 adversus
1441 2004 1557 2032 fratrem
1570 2005 1607 2032 sit
1620 2013 1688 2033 con-

888 2048 987 2082 tentio,
1002 2048 1074 2076 varia
1089 2056 1184 2076 rerum
1207 2048 1365 2084 cognitione
1384 2055 1440 2076 non
1454 2051 1497 2076 est
1519 2055 1600 2084 opus,
1615 2049 1686 2078 affe-

887 2093 978 2121 ctione
991 2093 1126 2122 nimirum
1142 2092 1261 2122 fraterna
1275 2092 1311 2121 ad
1328 2093 1383 2121 litis
1405 2092 1575 2122 solutionem
1589 2101 1686 2129 coope-

889 2141 978 2164 rante.

925 2183 1015 2210 Vsus.
1031 2185 1057 2210 6.
1076 2193 1088 2206 ι
1112 2182 1166 2210 Sed
1178 2182 1261 2210 frater
1274 2190 1339 2210 cum
1363 2181 1558 2218 fratrejudicio
1571 2187 1686 2211 conten-

889 2226 939 2260 dit,
953 2230 981 2255 et
993 2226 1046 2255 hoc
1055 2226 1128 2262 apud
1140 2226 1282 2254 inﬁdeles?
1296 2236 1311 2253 ιι
1327 2227 1432 2262 Duplex
1445 2227 1560 2259 malum,
1572 2231 1600 2255 et
1611 2227 1686 2263 quod

886 2279 950 2307 erga
964 2270 1077 2299 fratrem
1090 2271 1278 2307 sitjudicium,
1289 2275 1317 2299 et
1329 2271 1402 2306 quod
1419 2271 1493 2307 apud
1507 2270 1641 2300 inﬁdeles.

921 2317 1012 2344 Vsas.
1031 2319 1058 2343 1.
1078 2328 1091 2340 κ
1116 2317 1179 2343 Jam
1195 2315 1308 2352 quidem
1322 2315 1438 2343 omnino
1451 2314 1586 2343 delictum
1601 2320 1643 2344 est
1656 2316 1685 2345 in

886 2360 972 2393 vobis,
991 2359 1121 2396 quoniam
1134 2360 1237 2396 judicia
1253 2359 1358 2388 habetis
1372 2360 1443 2387 inter
1457 2361 1651 2397 vosmetipsos.
1670 2373 1683 2386 υ

886 2406 974 2433 Antea
994 2405 1046 2433 hoc
1056 2405 1176 2439 sustulit,
1194 2404 1270 2441 quod
1289 2405 1476 2441 iudicarentur
1489 2405 1562 2441 apud
1585 2405 1684 2435 inﬁde-

887 2449 926 2477 les
940 2459 946 2477 :
960 2457 1034 2478 nunc
1047 2453 1139 2478 autem
1155 2449 1245 2485 ipsam
1257 2450 1375 2477 omnino
1389 2449 1618 2486 disceptationem
1633 2452 1686 2479 tol-

886 2494 927 2528 lit,
947 2494 1096 2530 inquiens:
1125 2503 1139 2520 ιι
1164 2494 1285 2531 Omnino
1297 2498 1339 2522 est
1362 2494 1506 2526 delictum.
1540 2505 1554 2519 ι
1582 2495 1611 2523 id
1632 2500 1684 2529 est,

885 2539 1081 2567 condemnatio
1106 2543 1134 2567 et
1157 2539 1256 2575 pudor.
1277 2539 1411 2575 quoniam
1437 2540 1553 2568 omnino
1574 2539 1684 2568 habetis

884 2583 999 2620 judicia,
1012 2584 1066 2612 hoc
1088 2588 1140 2618 est,
1160 2592 1261 2613 causas
1276 2583 1431 2622 judiciarias
1453 2585 1524 2612 inter
1539 2591 1588 2612 vos
1610 2584 1682 2612 invi-

886 2635 959 2662 cem,
975 2628 1029 2657 hoc
1039 2629 1114 2657 enim
1129 2632 1171 2657 est
1185 2628 1259 2665 quod
1273 2628 1322 2663 ait,
1339 2639 1352 2652 ι
1370 2629 1444 2656 Inter
1459 2627 1648 2662 vosmetipsos.
1667 2640 1680 2653 ι

887 2673 1050 2708 Emphatice
1067 2681 1132 2701 vero
1146 2673 1199 2701 hoc
1212 2672 1290 2701 dixit.
1306 2674 1363 2701 Nos
1377 2673 1452 2700 enim
1471 2671 1616 2700 Christiani
1631 2669 1686 2698 fra-

887 2721 944 2746 tres
957 2721 1068 2746 nostros
1081 2718 1263 2754 nosmetipsos
1277 2717 1434 2746 existimare
1447 2716 1588 2746 debemus.

732 2770 827 2800 Varia
847 2769 1002 2801 lectiones.

88 2802 106 2818 “
119 2806 203 2840 κρίνειν
214 2817 240 2838 o.
278 2810 300 2827 ¹⁸
315 2813 389 2837 καλεῖ
402 2818 428 2838 o.
467 2810 490 2827 ¹⁶
499 2809 553 2837 ἐπεὶ
565 2818 592 2838 o.
