1881 3081
15 170 106 197 633

483 168 658 196 EXPOSITIO
679 168 711 195 IN
729 167 831 196 EPIST.
852 167 862 196 ι
881 168 926 195 AD
946 167 1023 195 COR.
1042 181 1078 187 -—
1093 167 1169 194 CAP.
1193 167 1234 194 Vl.

1650 168 1701 196 636

16 231 95 260 ὅτι
109 231 218 265 Ἔξεστί
242 243 288 270 μοι
308 235 401 272 φαγεῖν
425 232 470 261 καὶ
486 236 570 268 πιεῖν,
596 232 655 260 ἀλλ’
672 231 702 261 οὖ
717 230 846 272 συμφέρει
862 233 888 265 Α
903 237 904 240 ‘

935 229 970 257 ibi
984 229 1064 257 edere
1085 233 1114 257 et
1129 229 1231 262 bibere,
1253 227 1300 256 sed
1314 235 1370 256 non
1386 231 1475 265 potest
1492 229 1585 258 istbmc
1599 230 1701 259 immo-

16 276 121 313 μετὰ
135 276 266 317 ἀμετρίας
279 280 363 307 ταῦτα
376 276 403 294 ²²
414 277 508 307 ποιεῖν.

94 335 106 347 ε
124 322 221 352 Πάντα
241 333 286 360 μοι
301 321 415 358 ἔξεστιν,
432 322 550 352 ἀλλὀὐκ
569 321 621 360 ἐγὼ
640 320 846 356 ἐξουσιασθήσο-

19 378 102 404 μαι
120 367 173 395 fami
185 378 269 405 τινος,
283 365 341 398 ³³..
356 366 452 407 Κύριός
467 367 534 404 εἰμι,
548 366 624 406 φησὶ,
639 369 684 396 τοῦ
696 370 789 406 φαγεῖν
802 365 848 395 καὶ

16 415 131 440 πιεῖν·
147 412 207 441 ἄλλ’
230 411 275 442 ἐὰν
291 411 392 444 τούτοις
415 411 529 449 ἐμαυτὸν
544 411 612 441 ἐκδῶ
627 410 764 450 ἀμέτρως,
786 411 846 441 δοῦ-

21 456 95 490 λος
121 457 211 485 αὐτῶν
236 456 295 486 ἀντὶ
316 456 404 495 κυρίου
421 456 597 495 εὖρεθήσομαι
619 456 657 486 3".
677 455 710 485 Ὁ
732 456 780 495 μὲν
795 454 846 495 γὰρ

20 501 85 534 εἷς
119 500 179 530 δέον
205 502 294 534 αὐτοῖς
329 501 511 540 κεχρημένος,
536 500 615 534 αὐτὸς
645 500 731 530 αὐτῶν
758 499 847 540 κύριός

19 546 120 575 ἐστιν
138 557 146 564 ·
171 547 186 574 ὃ
205 545 232 575 δὲ
247 546 282 579 είς
302 545 432 586 ἀμετρίαν
445 545 518 580 ἇξιὼν
531 568 540 584 ,
554 544 642 574 οὐκέτι
656 545 761 585 κύριος,
777 545 846 574 ἀλλὰ

23 591 145 624 δῶλος
160 591 246 620 αὐτῶν
261 589 379 628 γίνεται,
404 593 452 626 ἧς
478 590 644 630 ἀδδηφαγίας
664 591 691 619 ἐν
710 590 782 630 αὐτῷ
796 602 845 619 τυ-

24 634 210 673 ραννούσης.
233 629 308 669 Εἶδες
320 658 328 672 ,
347 637 404 668 πῶς
419 635 464 665 τὸν
479 629 619 673 νομίζοντα
641 629 846 674 ἐξουσίανέχειν

21 679 147 713 ἔδειξεν
172 679 339 717 ὓπεξούσιονς
367 679 467 710 Σκόπει
490 679 542 720 γάρ
557 691 565 698 ·
589 679 715 710 Ἐκείνων
736 679 846 713 ἕκαστος

20 725 156 763 ἔλεγξιν
179 724 287 759 Ἔξεστί
310 737 356 764 μοι
379 729 497 765 τρυφᾷν*
522 724 600 757 αὐτός
621 736 703 765 φησι,
733 724 772 753 ὅτι
795 725 845 764 οὐχ

19 769 130 803 οὕτως
146 769 210 799 αὖτὸ
223 770 306 799 ποιεῖν
331 770 358 789 ³⁵
380 771 416 803 ὡς
437 769 555 804 ἐξουσίαν
578 768 647 808 ἔχων
669 771 768 806 αὐτοῦ,
784 771 843 798 ἀλλ’

21 816 76 847 ὡς
163 814 269 855 ἐξουσία
292 814 376 854 ταύτῃ
406 815 484 848 αὐτὸς
512 814 696 852 ὖποκείμενος.
721 815 764 844 Οὗ
792 814 843 854 γὰρ

20 859 71 898 ἔκ
73 871 116 892 εις
139 859 258 894 ἐξουσίαν
276 861 323 896 τῆς
336 860 463 900 γαστρὸς,
485 858 534 893 ἕως
551 858 583 888 ἂν
607 858 707 893 ἄσωτος
721 855 767 899 ᾗς,
785 859 842 888 ἀλλ’

24 903 114 940 αὕτη
131 916 178 934 σου
190 904 238 940 τὴν
251 904 368 938 ἐξουσίαν
384 904 451 944 ἔχει.

89 962 102 975 ι
119 948 165 979 Τὰ
189 950 320 989 βρώματα
383 949 470 990 κοιλίᾳ
481 971 490 985 ,
511 949 556 979 καὶ
571 951 588 986 ἡ
604 948 692 980 κοιλία
706 953 760 983 τοῖς
774 948 844 989 βρώ-

24 1005 124 1031 μασι.
143 1005 158 1021 ι
190 993 300 1024 Κοιλίαν
324 994 372 1031 τὴν
400 993 615 1034 γαστριμαργίαν
643 994 741 1035 φησὶν,
769 995 798 1023 οὐ
813 993 843 1022 τὸ

19 1037 227 1094 μέλος
242 1039 372 1094 βρώματα
388 1039 431 1094 ξὲ,
447 1038 494 1094 τὴν
509 1039 639 1078 ἀμετρίαν
659 1040 712 1093 τςόν
728 1038 843 1093 βρωμα-

21 1095 107 1113 των.
126 1083 218 1120 Φησὶν
233 1082 278 1113 οὖν
293 1082 333 1112 ὅτι
354 1085 371 1119 ἡ
387 1083 500 1123 ἀμετρία
517 1085 568 1112 τῶν
590 1083 739 1122 βρωμάτων
752 1105 760 1119 ,
779 1084 844 1122 πρὸς

22 1126 92 1163 τὴν
106 1128 340 1168 γαστριμαργίαν,
363 1127 452 1168 φιλίαν
468 1128 513 1157 καὶ
532 1128 683 1164 οἰκειότητα
698 1127 754 1167 ἔχει
766 1150 775 1164 ,
791 1130 842 1157 κᾶ-

24 1172 120 1208 κείνη
143 1173 209 1212 πρὸς
229 1172 328 1209 ταύτην
341 1182 349 1190 ·
363 1172 408 1202 καὶ
423 1173 452 1202 οὗ
470 1172 580 1202 δύναται
595 1175 679 1202 ταῦτα
694 1171 759 1211 πρὸς
773 1173 842 1211 Χρι-

25 1217 106 1246 στὸν
125 1219 197 1254 ἡμᾶς
213 1217 340 1256 ἀγαγεῖν,
358 1216 417 1246 ἀλλ’
432 1218 538 1251 ἑαυταῖς
559 1217 770 1257 παραπέμπουσι
782 1216 842 1252 τοὺς

24 1261 213 1300 πειθομένους
227 1262 329 1298 αὐταῖς,
350 1263 366 1298 ἡ
382 1261 495 1302 ἀμετρία
561 1261 777 1302 γαστριμαργίᾳ,
793 1262 840 1291 καὶ

27 1305 134 1341 ἐκείνη
150 1305 247 1346 ταύτῃ.

85 1361 99 1379 ε
115 1349 151 1380 Ὁ
166 1350 194 1380 δὲ
213 1351 282 1385 Θεὸς
300 1351 346 1381 καὶ
362 1350 462 1387 ταύτην
478 1351 524 1381 καὶ
537 1353 622 1381 ταῦτα
637 1351 812 1391 καταργήσει.
827 1366 839 1378 ι

27 1396 82 1424 Οὖ
97 1394 147 1431 τὴν
162 1397 295 1436 γαστέρα,
307 1395 377 1425 ἀλλὰ
401 1395 448 1431 τὴν
463 1396 680 1436 γαστριμαργίαν
693 1407 700 1414 ·
715 1396 774 1426 οὐδὲ
793 1396 839 1432 τὴν

27 1439 144 1480 τροφὴν
154 1462 163 1476 ,
178 1440 247 1469 ἀλλὰ
261 1440 309 1476 τὴν
320 1441 461 1480 ἀμετρίαν.
476 1441 516 1471 Τὸ
529 1440 570 1477 δὲ,
588 1454 600 1467 α
617 1440 789 1480 Καταργήσει
801 1465 810 1480 ,
827 1454 838 1467 ι

29 1483 108 1517 τινὲς
131 1484 300 1525 μένίφασιν,
319 1484 360 1514 ὅτι
383 1485 576 1525 προαγόρευσις
596 1484 674 1515 τοῦτό
697 1486 753 1515 ἐστι
778 1486 839 1526 περὶ

903 274 996 302 derata
1010 273 1109 302 facere.

940 322 952 335 α
968 310 1068 338 Omnia
1082 309 1151 338 mihi
1166 309 1258 342 licent,
1282 308 1332 337 sed
1345 316 1396 346 ego
1410 309 1462 338 sub
1481 309 1582 338 nullius
1594 310 1701 348 redigar

902 359 1045 391 potestate.
1070 366 1083 380 η
1107 355 1246 382 Dominus
1266 361 1339 387 sum,
1367 354 1464 391 inquit,
1488 353 1587 383 edendi
1614 359 1642 384 et
1663 355 1701 384 bi-

901 400 981 428 bendi
996 409 1003 427 :
1021 407 1117 428 verum
1129 399 1151 428 si
1172 407 1217 427 me
1234 399 1293 427 istis
1316 398 1497 427 immoderate
1517 399 1629 433 dedam,
1643 407 1700 428 ser-

900 452 950 472 vus
964 452 1060 472 eorum
1082 452 1131 480 pro
1144 443 1258 472 domino
1278 443 1410 471 inveniar.
1425 445 1497 472 Nam
1521 444 1569 480 qui
1592 444 1631 472 illi
1643 445 1700 473 uti-

901 493 946 517 tur
968 489 1007 517 uti
1031 489 1118 521 decet.
1142 489 1192 517 iste
1206 489 1316 516 illorum
1338 488 1472 516 dominus
1485 493 1549 517 est:
1567 489 1615 525 qui
1635 497 1700 518 vero

899 534 927 561 in
940 533 1179 570 intemperantiam
1191 532 1333 567 dilabitur,
1347 540 1403 560 non
1423 533 1540 569 amplius
1558 533 1697 568 dominus,

899 574 947 602 sed
965 581 1059 602 servus
1087 581 1184 601 eorum
1206 573 1251 606 sit,
1281 573 1428 608 gulositate
1455 573 1585 601 nimirum
1608 573 1635 602 in
1653 574 1699 602 illo

899 622 1043 654 regnante.
1069 618 1166 646 Vidisti
1181 617 1323 654 quomodo
1344 625 1420 651 eum,
1436 618 1484 654 qui
1507 625 1536 646 se
1558 622 1692 654 potestate

900 663 1046 699 praeditum
1075 662 1227 696 existimat,
1255 662 1398 690 subditum
1428 670 1488 691 esse
1529 663 1700 692 ostenderit?

900 707 1038 744 Perpende
1063 707 1136 735 enim
1166 717 1173 735 :
1195 706 1315 742 Quilibet
1337 714 1434 735 eorum
1465 707 1595 741 dicebat;
1621 708 1700 736 Licet

899 752 967 780 mihi
990 753 1154 788 voluptuose
1175 752 1264 780 vivere
1295 761 1301 779 :
1324 751 1371 780 Ille
1392 751 1467 785 dicit,
1488 752 1562 788 quod
1591 752 1619 780 id
1641 761 1698 781 non

899 797 1011 832 perinde
1032 797 1109 831 facis,
1123 805 1154 825 ac
1167 797 1189 824 si
1206 800 1372 833 potestatem
1395 796 1494 825 habeas
1513 797 1540 824 in
1558 797 1636 832 illud,
1651 798 1698 826 sed

898 841 982 869 veluti
996 841 1059 869 huic
1081 841 1140 878 ipse
1154 841 1284 877 potestati
1297 841 1335 868 sis
1348 841 1498 877 subjectus.
1519 843 1591 870 Nam
1610 850 1696 878 quan-

858 896 882 928 B
898 885 944 914 diu
960 886 1145 922 intemperans
1167 893 1273 919 manes,
1295 893 1352 914 non
1374 885 1460 914 habes
1483 890 1646 922 potestatem
1670 887 1697 915 in

900 934 1034 964 ventrem,
1047 930 1095 958 sed
1107 930 1160 958 iste
1180 930 1210 957 in
1224 934 1251 958 te
1273 933 1440 964 potestatem
1464 934 1590 966 occupat.

936 967 1025 994 Vsns.
1041 969 1084 994 13.
1099 977 1112 990 ιι
1129 968 1206 994 Escae
1223 966 1321 998 ventri,
1345 969 1373 993 et
1387 969 1483 994 venter
1496 966 1574 994 escis.
1593 977 1606 989 -
1621 967 1695 994 Ven-

897 1013 978 1044 trem,
999 1009 1175 1046 gulositatem
1194 1009 1270 1042 dicit,
1284 1017 1342 1037 non
1367 1009 1524 1038 membrum
1545 1014 1694 1039 nostrum:

897 1065 974 1085 escas
985 1061 1090 1091 autem,
1100 1056 1314 1085 immoderatum
1325 1056 1451 1084 ciborum
1459 1063 1552 1085 usum.
1566 1057 1612 1084 Ait
1620 1065 1695 1094 ergo.

898 1101 1115 1130 immoderatum
1125 1102 1254 1130 ciborum
1267 1109 1362 1135 usum,
1374 1101 1526 1129 amicitiam
1541 1105 1569 1129 et
1583 1101 1696 1130 afﬁnita-

897 1151 953 1174 tem
967 1154 1032 1174 cum
1044 1147 1189 1183 gulositate
1200 1145 1314 1178 habere.
1330 1146 1457 1182 hancque
1478 1153 1542 1174 cum
1557 1146 1604 1174 illo
1616 1155 1624 1174 :
1638 1147 1695 1175 Nec

897 1195 1013 1226 possunt
1026 1199 1078 1220 nos
1098 1191 1158 1220 haec
1174 1191 1208 1219 ad
1229 1191 1372 1219 Christum
1399 1190 1558 1226 perducere,
1584 1190 1633 1220 sed
1660 1191 1694 1220 ad

895 1243 955 1264 sese
978 1236 1170 1264 transmittunt
1191 1236 1413 1272 obtemperantes
1437 1235 1489 1264 sibi
1524 1245 1533 1264 :
1560 1236 1694 1264 nimirum

895 1290 1020 1311 excessus
1041 1283 1075 1311 ad
1093 1282 1279 1319 gulositatem,
1303 1282 1436 1319 gulositas
1455 1290 1520 1311 vero
1539 1282 1574 1311 ad
1598 1291 1694 1312 exces-

895 1334 1053 1391 surumDeus
1066 1367 1160 1392 autem
1173 1367 1202 1391 et
1216 1363 1290 1392 hunc
1305 1367 1334 1391 et
1347 1363 1396 1391 has
1416 1362 1548 1391 destruet.
1565 1373 1580 1390 ιι
1611 1363 1693 1400 154

896 1409 958 1435 Non
973 1412 1108 1443 ventrem,
1129 1408 1178 1436 sed
1198 1408 1374 1444 gulositatem
1391 1417 1397 1436 :
1412 1415 1499 1443 neque
1517 1407 1622 1439 cibum,
1645 1409 1693 1437 sed

894 1451 1108 1480 immoderatum
1122 1460 1221 1481 eorum
1235 1460 1330 1481 usum.
1352 1464 1364 1477 -
1377 1454 1519 1486 Destruet,
1537 1464 1550 1477 ι
1566 1453 1693 1480 nonnulli

894 1505 942 1533 pro
957 1497 1152 1533 praedicatione
1166 1497 1302 1534 accipiunt
1315 1497 1384 1533 ejus,
1404 1497 1476 1533 quod
1491 1497 1519 1525 in
1534 1497 1627 1525 futuro
1641 1505 1692 1525 sae-

27 1531 86 1558 τοῧ
101 1529 245 1567 μέλλοντος
255 1530 348 1563 αἰῶνος
358 1552 366 1566 ,
386 1529 427 1559 ὅτι
442 1531 488 1560 οὐκ
505 1529 575 1560 ἔστιν
591 1531 647 1559 ἐκεῖ
660 1531 763 1570 φαγεῖν,
779 1530 838 1560 οὔτε
857 1543 879 1574 C

932 1541 956 1570 lo
967 1546 1135 1570 eventurum
1149 1546 1200 1570 est.
1214 1529 1287 1570 ﬁam
1301 1541 1356 1570 illic
1369 1549 1459 1577 neque
1470 1541 1595 1576 edemus,
1606 1549 1694 1578 neque

29 1575 120 1623 πιεῖν.
138 1574 193 1604 Καὶ
206 1575 235 1623 *εἰ
258 1574 288 1604 τὸ
310 1574 470 1623 συμμέτρως
494 1579 587 1616 φαγεῖν
601 1575 650 1604 οὔκ
673 1575 744 1623 ἔστιν
768 1576 837 1612 ἐκεῖ,
892 1586 904 1614 ι

932 1594 1029 1615 )emus.
1050 1586 1129 1623 Quod
1153 1587 1175 1614 si
1196 1586 1252 1614 illic
1266 1594 1324 1614 non
1343 1574 1436 1614 licebit
1449 1585 1557 1614 modice
1571 1574 1691 1614 mandu-

29 1619 132 1658 πολλῷ
149 1619 251 1657 μᾶλλον
268 1621 285 1655 ἡ
301 1619 415 1660 ἀμετρία
429 1619 475 1648 καὶ
491 1622 508 1656 ἡ
522 1619 722 1659 γαστριμαργία
738 1631 838 1659 καταρ-

28 1664 187 1702 γηθήσεται
202 1663 239 1694 ³⁵.
264 1663 297 1693 Ὁ
309 1663 337 1694 δὲ
354 1664 486 1703 Θεολόγος
500 1664 549 1700 τὴν
571 1665 790 1704 καταργουμένην
813 1665 836 1682 ³⁸

28 1707 137 1736 αὐτίκα
163 1707 211 1737 σὺν
238 1710 293 1742 τοῖς
325 1708 547 1748 καταργουμένοις
576 1708 714 1749 βρώμασιν
739 1709 836 1746 εἰπὼν,

29 1752 174 1788 ἐδήλωσεν
197 1752 238 1782 ὅτι
263 1753 320 1791 ἅμα
339 1755 377 1792 τῷ
393 1755 549 1793 κορεσθῆναι
574 1758 746 1794 καταργεῖται
772 1756 788 1789 ἡ
803 1755 837 1784 τὰ

29 1797 127 1827 πολλὰ
146 1797 210 1831 τέως
221 1799 347 1834 ζητοῦσα.
366 1799 392 1828 Τ
396 1797 445 1832 ινὶς
461 1798 489 1828 δέ
504 1810 583 1838 φασιν
593 1820 602 1835 ,
618 1798 659 1828 ὅτι
673 1799 721 1834 τὴν
736 1799 836 1839 παραί-

30 1853 108 1872 νεσιν
122 1843 188 1882 εὐχῇ
211 1842 420 1883 ἐπεσφράγισεν,
442 1843 618 1880 ἐπευξάμενος
633 1845 669 1877 ὡς
683 1842 714 1872 ἂν
736 1855 835 1883 καταρ-

31 1887 132 1924 γηθείη
144 1911 153 1927 ,
166 1886 248 1927 ἤγουν
271 1887 384 1925 παυθείη
400 1887 446 1917 καὶ
463 1890 479 1924 ἡ
495 1888 609 1928 ἀμετρία
624 1887 670 1917 καὶ
683 1889 700 1924 ἡ
723 1899 835 1928 γαστρι-

33 1943 74 1969 μα
80 1943 151 1971 ργια.

80 1988 95 2004 ιι
113 1976 154 2006 Τὸ
169 1976 197 2006 δὲ
211 1978 289 2015 σῶμα
305 1977 334 2006 οὗ
395 1977 516 2017 πορνείᾳ,
533 1977 602 2007 ἀλλὰ
620 1979 658 2017 τῷ
674 1977 775 2018 Κυρίῳ,
790 1977 834 2007 καὶ

32 2023 47 2050 δ
62 2021 162 2061 Κύριος
177 2023 215 2061 τῷ
231 2022 347 2059 σώματι.
362 2033 377 2051 n
396 2022 465 2053 Ἰδοὺ
483 2022 589 2058 ἔδειξεν,
603 2022 644 2052 ὅτι
659 2022 703 2052 διὰ
716 2022 760 2052 τὸν
774 2023 834 2062 περὶ

34 2068 84 2101 τῆς
116 2066 239 2106 πορνείας
263 2066 340 2105 λόγον
371 2067 432 2106 περὶ
457 2067 669 2107 γαστριμαργίας
696 2067 832 2107 προεῖπεν.

35 2110 190 2141 Ἀκόλουθον
221 2111 268 2149 μὲν
284 2112 335 2151 γὰρ
350 2111 377 2130 ²⁸
398 2108 429 2147 ἦν
454 2112 556 2142 εἰπεῖν·
573 2112 614 2142 Τὸ
637 2112 664 2142 δὶ
686 2114 780 2151 σῶμα,
803 2113 833 2141 οὗ

36 2160 91 2188 τοῖς
109 2154 258 2195 βρώμασιν,
273 2156 332 2185 οὐδὲ
399 2156 486 2196 κοιλίᾳ
497 2168 503 2175 ·
516 2158 530 2185 ὁ
542 2156 569 2186 δὲ
585 2157 635 2197 οὐχ
651 2156 734 2190 οὕτως
749 2151 832 2193 εἶπεν,

889 1639 962 1665 care,
975 1632 1064 1660 multo
1075 1632 1162 1668 magis
1171 1631 1365 1660 immoderatio
1380 1635 1409 1659 et
1422 1630 1555 1667 gulosius
1565 1631 1688 1659 tolletur.

891 1676 1046 1713 Tbeologus
1068 1681 1162 1706 autem
1183 1675 1298 1705 dicendo
1321 1680 1444 1704 ventrem
1465 1684 1518 1703 una
1545 1684 1608 1704 cum
1624 1675 1693 1703 cibis

891 1721 1069 1749 destructioni
1083 1721 1207 1750 obnoxiis
1220 1721 1332 1756 aboleri,
1350 1719 1492 1754 indicavit,
1515 1720 1589 1756 quod
1609 1720 1693 1748 simul

891 1770 972 1802 atque
993 1771 1132 1794 saturatus
1147 1766 1230 1794 fuerit
1247 1770 1351 1799 venter,
1373 1765 1533 1798 destruitur,
1551 1765 1597 1801 qui
1621 1765 1691 1793 adeo

892 1811 977 1838 multa
992 1810 1103 1839 interim
1118 1811 1247 1845 inquirat.
1260 1809 1380 1844 Quidam
1393 1813 1487 1837 autem
1497 1809 1605 1843 dicunt,
1617 1809 1690 1845 quod

891 1857 1112 1885 adhortationem
1135 1860 1200 1884 voto
1227 1855 1382 1892 signaverit,
1419 1859 1552 1891 exoptans
1579 1855 1621 1883 uti
1642 1855 1690 1883 de-

889 1906 1012 1930 struatur
1032 1901 1088 1930 sive
1103 1901 1246 1929 aboleatur
1260 1904 1321 1928 tum
1345 1899 1548 1934 immoderatio,
1561 1903 1621 1927 tum
1638 1907 1685 1935 gu-

890 1947 1062 2018 Ιοείηὲὁψυε
1085 1986 1176 2010 autem
1195 1990 1251 2010 non
1276 1981 1461 2015 fornicationi,
1486 1980 1535 2009 sed
1557 1979 1690 2015 Domino,

889 2027 1027 2056 Dominus
1045 2031 1137 2055 autem
1151 2027 1269 2063 corpori.
1288 2038 1301 2051 υ
1325 2027 1394 2054 Ecce
1407 2025 1528 2054 ostendit
1543 2024 1616 2061 quod
1630 2033 1691 2061 pro-

889 2076 949 2108 pter
973 2079 1131 2101 sermonem
1158 2071 1195 2100 de
1218 2071 1398 2099 fornicatione
1419 2070 1509 2106 primo
1529 2070 1637 2098 locutus
1655 2070 1692 2098 sit

888 2117 922 2145 de
938 2116 1094 2152 gulositate.
1116 2117 1294 2152 Consequens
1321 2116 1395 2143 enim
1411 2118 1469 2143 erat
1481 2114 1572 2143 dicere
1596 2124 1602 2142 :
1623 2115 1691 2143 Cor-

889 2169 938 2196 pus
955 2169 1010 2189 non
1028 2161 1107 2195 cibis,
1122 2168 1211 2197 neque
1231 2161 1291 2188 alvo
1307 2170 1315 2188 :
1339 2160 1385 2188 ille
1397 2166 1461 2187 vero
1475 2167 1531 2187 non
1549 2159 1592 2187 sic
1609 2158 1689 2194 dixit,

37 2199 105 2229 ἀλλὰ
116 2221 125 2235 ,
143 2210 158 2228 (ι
172 2202 214 2240 Τῇ
226 2200 336 2241 πορνείᾳ
348 2223 356 2240 ,
375 2213 387 2227 υ
403 2200 505 2233 δεικνὺς
518 2201 544 2230 τί
558 2201 588 2230 τὸ
601 2202 771 2239 ἀποτέλεσμα
787 2203 834 2236 τῆς
850 2200 874 2232 D
888 2214 904 2233 s.

932 2206 945 2239 ἱ,
970 2217 983 2230 α
998 2206 1186 2234 Fornicationi
1205 2215 1212 2234 :
1235 2217 1248 2230 ι
1264 2204 1411 2233 ostendens
1425 2204 1471 2240 qui
1495 2203 1532 2231 sit
1543 2203 1690 2239 voluptatis

36 2246 152 2285 τρυφῆς,
165 2245 205 2274 ὅτι
220 2245 343 2285 πορνεία.
361 2245 401 2276 ‘0
422 2245 450 2275 δὲ
466 2245 552 2284 λέγει,
568 2246 685 2276 τοιοῦτόν
701 2247 758 2275 ἐστι
769 2258 776 2264 ·
793 2246 833 2276 Τὸ

37 2291 114 2327 σῶμα
127 2312 136 2326 ,
163 2289 260 2330 φησὶν,
275 2291 305 2319 οὐ
329 2290 372 2319 διὰ
388 2293 466 2320 τοῦτο
487 2291 656 2326 πέπλασται,
677 2289 722 2320 ἵνα
746 2295 834 2332 τρυφᾷ

36 2334 81 2363 καὶ
100 2335 137 2368 εἰς
155 2334 278 2374 πορνείαν
293 2335 414 2375 ἐμπίπτῃ
430 2346 436 2352 ·
452 2336 512 2364 ἀλλ’
526 2334 571 2364 ἵνα
595 2337 632 2375 τῷ
647 2336 756 2375 Χριστῷ
772 2337 834 2365 ἀκο-

36 2379 115 2418 λουθῇ
130 2379 165 2413 ὥς
182 2382 287 2420 κεφαλῇ
302 2381 382 2410 αὖτοῧ
393 2403 401 2417 ,
417 2380 461 2410 καὶ
477 2375 510 2410 αὖ
525 2382 539 2410 ὁ
562 2379 656 2420 Κύριος
673 2382 709 2413 ὡς
729 2381 830 2420 κεφαλὴ

38 2424 193 2461 ἐπικάθηται
214 2426 298 2465 αὐτῷ.

76 2480 92 2498 α
107 2468 142 2498 ’0
162 2469 190 2498 δὲ
214 2469 283 2503 Θεὸς
308 2469 353 2499 καὶ
379 2470 422 2499 τὸν
444 2469 544 2510 Κύριον
568 2470 672 2509 ἤγειρε,
699 2470 744 2499 καὶ
759 2472 831 2509 ἡμᾶς

40 2513 146 2553 ἐξεγερεῖ
169 2513 214 2543 διὰ
227 2516 275 2550 τῆς
298 2514 435 2553 δυνάμεως
456 2516 548 2544 αὑτοῦ.
566 2528 579 2540 ι
606 2516 654 2550 Μὴ
684 2514 832 2555 θορυϐηθῇς

41 2558 168 2595 ἀκούσας,
197 2558 237 2588 ὅτι
254 2561 268 2588 ὁ
289 2559 357 2593 Θεὸς
380 2560 425 2589 τὸν
455 2559 553 2599 Κύριον
579 2559 682 2599 ἤγειρεν
697 2571 704 2578 ·
729 2561 764 2594 ὡς
780 2560 831 2600 γὰρ

42 2603 135 2639 νηπίοις
157 2605 245 2638 αὐτοῖς
271 2603 490 2645 συγκαταϐαίνει.
518 2605 572 2635 Καὶ
599 2604 690 2641 ἐπειδὴ
719 2605 781 2644 περὶ
805 2605 831 2623 ²⁹

887 2250 1013 2283 effectus,
1024 2258 1124 2286 nempe
1135 2250 1275 2278 scortstio.
1288 2248 1367 2285 Quod
1379 2252 1473 2277 autem
1483 2248 1534 2282 ait,
1545 2251 1587 2276 est
1596 2247 1690 2283 hujus.

888 2295 965 2323 modi
981 2305 987 2323 :
1003 2296 1119 2331 Corpus,
1136 2294 1235 2331 inquit,
1248 2302 1305 2322 non
1316 2301 1381 2322 eum
1399 2294 1425 2322 in
1436 2293 1524 2321 finem
1537 2292 1688 2321 formatum

888 2344 941 2372 est,
956 2344 986 2368 ut
997 2339 1150 2374 delicietur,
1165 2344 1192 2368 et
1206 2340 1234 2367 in
1258 2339 1468 2367 fornicationem
1488 2337 1591 2365 incidat
1606 2347 1612 2365 :
1633 2345 1689 2366 cae-

885 2389 976 2413 terum
996 2388 1027 2413 ut
1042 2384 1181 2413 Christum
1202 2391 1251 2412 ceu
1270 2389 1351 2420 caput
1378 2391 1460 2411 suum
1491 2386 1632 2418 sequatur,
1655 2389 1688 2409 ac

886 2437 981 2458 rursus
995 2430 1130 2458 Dominus
1151 2437 1201 2458 ceu
1223 2433 1306 2465 caput
1322 2428 1359 2456 illi
1376 2427 1506 2456 insideat.

920 2476 1008 2503 Vsus.
1027 2477 1068 2506 11..
1098 2486 1111 2500 ι
1131 2475 1202 2502 Deus
1216 2481 1280 2502 vero
1301 2478 1330 2502 et
1353 2473 1505 2501 Dominum
1528 2471 1686 2504 suscitavit,

887 2524 915 2548 et
931 2527 982 2548 nos
996 2519 1141 2548 suscitabit
1161 2527 1209 2555 per
1228 2519 1357 2547 virtutem
1376 2525 1468 2546 suam.
1486 2529 1498 2542 ι
1522 2516 1584 2546 Noli
1595 2517 1687 2544 animo

886 2564 1031 2598 ﬂuctuare,
1054 2563 1170 2592 audiens
1190 2563 1265 2600 quod
1282 2565 1357 2592 Deus
1379 2563 1532 2591 Dominum
1547 2561 1684 2589 excitavit.

884 2611 956 2638 Nam
982 2609 1025 2644 iis,
1059 2613 1189 2646 tanquam
1219 2609 1382 2643 infantibus,
1410 2604 1620 2636 condescendit.
1650 2605 1686 2632 Et

741 2649 836 2680 Variae
858 2651 1007 2680 lectiones.

73 2697 94 2714 ²¹
121 2699 193 2725 τοῦτο
221 2706 248 2726 ο.
297 2698 320 2715 ³³
345 2698 393 2725 ὒπό
415 2708 482 2730 τινος
503 2698 598 2725 τούτων
620 2706 659 2727 m.

712 2699 734 2716 ²¹⁵
755 2698 928 2735 εὒριθήσομαι.
953 2698 1003 2725 Ὧν
1030 2699 1089 2734 γὰρ,
1116 2699 1185 2734 φησὶ,
1209 2699 1269 2730 Θεὸς
1305 2698 1322 2732 ἢ
1345 2698 1436 2726 κοιλία.
1471 2700 1613 2734 Τοιγαροῦν
1641 2698 1685 2724 οὖκ

45 2736 255 2774 ἐξουσιασθήσομαι
267 2738 315 2766 ὑπό
329 2748 395 2770 τινος
409 2739 504 2766 τούτων
525 2747 564 2768 In.
585 2741 719 2767 Invenias.
745 2740 863 2774 Quorum
882 2747 904 2767 ι’)

932 2747 967 2770 νη,
989 2740 1096 2774 inquit,
1118 2741 1187 2767 Deus
1213 2743 1306 2768 venter
1319 2742 1380 2767 est:
1409 2739 1495 2773 igitur
1517 2739 1567 2767 sub
1581 2739 1684 2766 nullius

44 2779 142 2813 redigar
165 2781 313 2815 potestate.

45 2817 180 2854 ¹¹³παράο.

365 2780 387 2797 ³⁵
413 2780 548 2815 Chrysosl.
575 2782 653 2810 ποιεῖς
681 2787 708 2808 o.

767 2779 789 2796 ²⁶
821 2779 1027 2815 κατακριθήσεται
1052 2788 1079 2808 ο.

1131 2780 1152 2796 ³⁷
1182 2779 1216 2807 ἴσ.
1244 2779 1342 2806 κοιλίαν
1370 2788 1426 2805 κατ.
1456 2786 1483 2807 o.
1539 2779 1561 2796 ²⁸
1584 2776 1628 2805 οὖν
1655 2785 1682 2805 ο.
