1881 3081
235 190 286 216 635

232 251 363 288 quoniam
384 249 419 278 de
442 251 532 283 Patre,
552 256 604 277 ceu
621 256 714 283 causa,
736 247 909 276 concorditer
927 254 1026 275 omnes

232 303 332 332 magna
346 294 513 328 sentiebant,
526 294 587 322 ideo
601 293 835 321 resurrectionem
849 293 922 320 Patri
937 291 1030 326 refert,

234 347 341 377 nosque
354 339 389 367 ab
410 339 469 375 ipso
484 338 644 366 excitandos
663 338 736 366 dicit.
758 338 835 365 Sicut
855 337 930 365 enim
950 340 1033 372 caput

234 389 371 418 nostrum,
398 392 497 420 nempe
518 383 661 411 Christum
684 382 828 416 excitavit;
855 382 893 409 ita
915 386 943 409 ct
964 381 1032 409 reli—

234 437 319 466 quum
336 436 446 464 corpus,
462 436 513 456 nos
526 428 672 461 nimirum,
693 427 834 455 excitabit.
860 427 1032 455 Conﬁrmans

236 478 329 502 autem
352 480 513 501 sermonem
537 480 630 507 suum,
649 472 762 506 addidit,
786 481 799 497 «
825 473 877 499 Per
899 471 1032 499 virtutem

234 526 312 546 suam
325 528 330 546 :
349 530 362 542 ιι
377 517 454 554 quasi
467 517 542 545 dicat
557 526 564 544 :
582 517 672 545 Nolite
685 516 809 545 difﬁdere
824 515 857 544 iis
871 524 932 552 quae
946 515 1008 544 dico
1023 524 1030 544 :

234 571 300 591 nam
315 562 437 599 potentia
450 562 502 591 Dei
516 569 578 598 qua:
592 565 647 590 tam
660 569 760 598 magna
774 562 868 597 gessit,
885 561 937 588 hoc
950 561 1032 588 etiam

234 608 364 637 effectum
376 607 463 635 dabit.
479 607 559 642 Quod
571 614 636 634 vero
651 606 738 641 Patri,
753 614 804 634 ceu
822 606 939 640 auctori,
951 605 1031 633 Chri-

235 654 270 681 sti
286 653 479 681 excitationem
493 652 588 686 refert,
604 651 716 687 planum
730 655 771 679 est
790 659 824 679 ex
836 659 868 678 eo
888 650 961 687 quod
978 652 1033 678 Do-

234 699 326 725 minus
345 697 381 725 de
406 704 436 725 se
449 697 508 732 ipso
532 695 618 724 dicit:
648 707 660 719 ι
683 695 784 724 Solvite
806 695 942 730 templum
968 695 1030 729 hoc,

234 742 303 770 etin
318 741 407 769 tribus
426 741 525 769 diebus
553 740 677 769 excitabo
703 739 769 768 illud
796 747 824 774 Q.
848 750 860 763 ν
880 741 915 767 Et
937 747 1032 767 rursus

235 787 369 822 scriptum
389 789 454 814 est:
478 795 492 812 α
514 785 646 814 Exhibuit
673 785 796 820 seipsum
815 784 950 812 viventem
983 803 990 811 .

236 832 328 867 Quare
349 838 413 859 cum
439 831 498 866 ipse
524 831 646 866 seipsum
669 829 837 863 excitaverit,
871 828 957 863 Patri,
982 837 1033 857 ceu

235 883 335 910 causae,
348 883 392 903 res
406 875 573 903 attribuitur.

272 922 358 948 Vens.
376 922 418 947 15.
442 931 455 944 ι
480 919 597 948 Nescitis
619 918 694 955 quod
723 926 840 954 corpora
864 922 954 946 vestra
980 918 1034 946 sint

235 965 361 993 membra
372 964 494 993 Christi?
508 973 524 991 io
548 964 633 992 Redit
644 963 735 992 denuo
756 963 792 991 ad
811 964 981 1000 propositam
991 963 1037 991 ad-

235 1010 430 1043 monitionem,
448 1017 511 1046 quae
522 1013 618 1037 contra
640 1008 850 1036 fornicationem
872 1013 932 1036 erat
945 1016 1036 1036 susce-

235 1059 291 1091 pta.
322 1054 538 1083 Terribilissimo
568 1058 660 1082 autem
687 1057 852 1089 argumento
879 1060 1036 1081 sermonem

235 1099 401 1135 auspicatur.
424 1109 437 1123 ι
458 1098 568 1127 Tollens
582 1105 646 1134 ergo
670 1098 797 1125 membra
815 1097 926 1131 Christi,
938 1097 1034 1126 faciam

245 1144 372 1172 membra
386 1143 562 1172 meretricis?
588 1143 686 1172 Absit!
700 1152 715 1169 ιι
731 1143 794 1170 Non
808 1142 886 1174 dixit,
899 1142 1034 1178 copulabo

234 1190 347 1216 scorto?
370 1195 477 1221 verum,
506 1187 582 1224 quod
600 1187 779 1216 tremendum
805 1191 874 1221 erat,
891 1198 903 1211 ι
924 1187 1035 1215 Faciam

235 1233 361 1262 membra
376 1233 458 1261 scorti
471 1234 483 1261 Ρ
498 1244 512 1258 η
529 1232 598 1268 Quis
617 1232 691 1260 enim
705 1239 762 1259 non
773 1231 963 1268 perhorrescat
982 1231 1034 1260 hoc

235 1277 362 1312 audiens,
389 1285 500 1314 nempe,
524 1276 650 1305 membra
671 1276 773 1305 Christi
795 1276 921 1311 avellere,
948 1284 1034 1313 eaque

235 1325 361 1354 membra
377 1325 527 1353 meretricis
541 1325 654 1353 facere?

274 1370 355 1406 155
372 1372 462 1399 Vens.
485 1372 528 1398 16.
545 1382 559 1394 ει
576 1372 620 1397 An
633 1369 744 1398 nescitis
763 1368 837 1405 quod
852 1369 899 1405 qui
912 1368 1033 1397 adhaeret

234 1415 384 1450 meretrici,
408 1423 494 1444 unum
515 1422 616 1451 corpus
633 1415 695 1442 est?
716 1415 807 1442 Erunt
826 1414 910 1448 enim,
934 1413 1032 1450 inquit,

234 1461 290 1489 duo
307 1468 419 1488 carnem
431 1460 460 1488 in
474 1467 570 1488 unam.
588 1471 601 1484 ν
617 1459 768 1487 Conﬁrmat
786 1459 860 1495 quod
872 1458 949 1493 dixit,
965 1466 1034 1494 quo-

235 1505 320 1534 modo
339 1505 465 1534 videlicet
479 1505 563 1533 scorti
578 1504 702 1532 membra
715 1503 879 1538 efﬁciantur,
893 1511 955 1540 qua:
969 1507 1034 1531 sunt

233 1550 345 1579 Christi.
369 1551 423 1578 Per
435 1549 668 1582 commissionem,
695 1548 795 1584 inquit,
812 1548 853 1576 vir
868 1556 955 1576 unum
967 1556 1031 1576 cum

235 1599 327 1623 scorto
338 1594 455 1622 efﬁcitur
468 1604 476 1622 :
492 1601 579 1630 quare
588 1597 617 1622 et
629 1593 754 1621 membra
768 1593 838 1629 ejus,
853 1600 914 1629 qua;
926 1592 1037 1621 fuerunt

235 1639 360 1667 membra
386 1638 498 1673 Christi,
535 1638 565 1666 in
591 1637 675 1666 scorti
712 1637 837 1666 membra
878 1641 1032 1674 permutata

235 1687 306 1712 sunt.

270 1729 359 1757 Vnus.
376 1731 420 1757 17.
435 1727 488 1764 Qui
503 1731 598 1756 autem
612 1727 733 1756 adhaeret
747 1727 880 1761 Domino,
894 1735 965 1756 unus
979 1727 1032 1763 spi-

235 1773 303 1802 ritus
316 1777 365 1802 est.
384 1785 397 1799 ο
413 1773 536 1802 Observa
559 1772 698 1809 quomodo
715 1772 749 1801 ab
764 1772 830 1809 ipsis
848 1772 930 1801 nudis
944 1771 1034 1800 verbis

234 1818 319 1846 scorti
345 1822 373 1846 et
396 1818 497 1846 Christi
519 1821 681 1854 promoveat
708 1817 921 1851 accusationem,
950 1817 1034 1845 vehe-

235 1863 400 1892 mentiorem
422 1863 510 1900 ipsam
534 1863 661 1891 reddens.
683 1863 732 1890 Ait
758 1862 850 1898 itaque
873 1871 880 1890 :
903 1862 955 1898 Qui
974 1863 1032 1890 Do-

233 1908 309 1936 mino
328 1907 497 1945 adjungitur,
509 1907 576 1936 nihil
591 1907 666 1936 aliud
679 1915 762 1943 quam
777 1907 890 1943 spiritus
903 1906 1032 1939 efﬁcitur,

234 1953 299 1981 dum
313 1953 383 1982 nihil
398 1954 508 1982 carnale
520 1953 646 1989 transigit
662 1961 669 1980 :
689 1952 742 1980 hoc
765 1956 815 1986 est,
830 1952 977 1988 spiritualis
991 1951 1034 1979 ef-

233 1998 334 2026 ﬁcitur.
348 1998 468 2026 Domino
483 1998 556 2025 enim
567 1998 650 2031 uniri,
661 1996 907 2024 sanctiﬁcationem
919 1996 1033 2032 Spiritui

234 2043 284 2078 ipsi
296 2042 462 2078 suppeditat.
479 2043 530 2069 Per
539 2042 599 2070 haec
610 2045 705 2069 autem
721 2041 951 2068 commonstravit
964 2048 1033 2076 quo-

234 2094 299 2114 nam
312 2086 395 2114 modo
414 2086 507 2114 ﬁdeles
521 2085 648 2113 membra
664 2085 765 2113 Christi
781 2084 944 2112 efﬁciantur.

270 2132 360 2159 Vens.
386 2133 427 2159 18.
447 2142 459 2155 ιι
479 2130 572 2166 Fugite
595 2129 814 2157 fornicationem.
830 2140 843 2153 ν
867 2130 924 2157 Ceu
941 2137 1032 2165 perse-

234 2176 366 2204 cutricem
396 2183 457 2212 quae
481 2182 622 2211 nunquam
655 2182 712 2201 non
745 2174 906 2210 corporibus
933 2175 1033 2203 nostris

234 2221 388 2255 immineat,
405 2220 499 2256 fugere
513 2228 564 2248 nos
578 2228 639 2248 eam
660 2218 833 2254 adhortatur,
850 2224 882 2248 ut
906 2220 1034 2248 omnibus

234 2265 342 2294 viribus
356 2265 462 2293 nostris
478 2264 544 2292 abea
565 2264 764 2297 abstineamus,
788 2264 945 2292 consulens.
960 2265 1034 2292 Nihil

235 2311 310 2339 enim
324 2310 393 2338 adeo
407 2317 459 2338 nos
473 2309 656 2346 persequitur,
674 2316 708 2337 ac
725 2309 843 2338 carnalis
856 2310 910 2338 ita
931 2317 1033 2338 concu-

235 2355 376 2390 piscentia.

272 2411 286 2424 σι
316 2401 410 2428 Omne’
432 2403 573 2436 peccatum
604 2399 789 2436 quodcunque
810 2398 909 2428 fecerit
935 2399 1031 2432 homo,

234 2449 312 2473 extra
326 2452 426 2481 corpus
437 2449 499 2473 est:
516 2444 561 2480 qui
579 2452 642 2472 vero
667 2443 830 2478 fornicatur,
846 2444 874 2472 in
891 2445 1033 2480 proprium

235 2500 334 2528 corpus
355 2495 459 2528 peccat.
489 2504 500 2516 ιι
529 2492 722 2520 Fornicatione
739 2495 829 2519 totum
849 2499 961 2526 corpus,
989 2492 1033 2519 in-

233 2535 302 2572 quit,
328 2535 518 2570 coinquinatur
540 2535 635 2563 :unde
658 2540 685 2563 et
704 2534 741 2563 ad
764 2535 875 2563 balneas
890 2543 1036 2563 accurrere

232 2581 321 2609 solent
335 2580 384 2617 qui
399 2580 523 2609 fornicati
546 2584 620 2614 sunt,
639 2588 689 2608 ceu
711 2587 828 2616 corpore
844 2580 902 2616 jam
922 2580 1035 2615 polluto.

715 184 971 213 THEOPHYLACTI
990 183 1168 212 BULGARI/E
1186 183 1343 211 ARCHIEP.

1816 185 1847 209 636

1052 248 1081 281 Α
1093 249 1139 276 τοῦ
1163 246 1282 286 Πατρὸς,
1300 248 1336 279 ὥς
1359 245 1443 275 αἶτίου
1455 267 1464 281 ,
1484 243 1707 284 ὁμολογουμένως
1723 243 1804 277 πάντες
1820 257 1850 283 με·

1085 294 1156 334 γάλα
1168 292 1194 310 ⁸⁰
1208 291 1327 326 ἐδόξαζον
1344 303 1351 310 '
1367 290 1410 320 διὰ
1422 292 1499 320 τοῦτο
1512 289 1562 319 καὶ
1586 290 1639 325 τήν
1659 288 1755 329 ἔγερσιν
1767 291 1800 328 τῷ
1810 291 1850 318 Πι-

1085 339 1127 379 τρὶ
1142 336 1290 372 ἀνατίθησι,
1304 335 1350 365 καὶ
1370 338 1442 374 ἡμᾶς
1459 336 1504 363 ἀπ’
1527 336 1614 364 αὐτοῦ
1626 334 1649 352 ³⁸
1668 335 1794 373 ἐγερθῆναι
1807 335 1851 362 ἆτο-

1086 383 1215 425 εραίνεται.
1230 380 1342 420 νΩσπερ
1356 380 1407 421 γὰρ
1428 379 1476 415 τὴν
1497 379 1623 425 κεφαλὴν
1645 380 1738 425 ἡμῶν,
1759 379 1796 407 τὸν
1807 380 1850 418 Χρι-

1086 423 1147 458 στόν
1175 438 1260 467 φημι,
1290 425 1395 465 ἤγειρε,
1421 424 1466 454 καὶ
1491 423 1521 454 τὸ
1547 423 1646 454 λοιπὸν
1671 424 1761 461 σῶμα,
1783 425 1847 461 ἡμᾶς,

1086 473 1206 513 ἐξεγερεῖ.
1232 469 1474 508 Πιστοποιούμενος
1488 469 1516 498 δὲ
1534 469 1581 498 τὸν
1597 469 1678 508 λόγον
1692 492 1701 507 ,
1720 468 1850 507 προσέθηκε,

1085 532 1098 545 α
1115 512 1166 548 Atat
1177 519 1224 553 τῆς
1236 515 1372 554 δυνάμεως
1385 516 1478 553 ain-0'6,
1497 526 1510 540 ι»
1519 513 1624 543 ὡσανεὶ
1636 515 1713 542 τοῦτο
1728 512 1808 552 λέγων’
1818 513 1849 548 Μὴ

1086 563 1254 598 ἀπιστήσητε
1267 560 1294 579 ³³
1321 555 1357 593 οἷς
1382 559 1461 599 λέγω·
1486 561 1504 595 ἡ
1535 558 1653 598 δύναμις
1675 557 1725 598 γὰρ
1748 561 1786 587 τοῦ
1803 559 1851 587 Θεοῦ

1086 607 1190 647 μεγάλα
1215 607 1396 645 κατορθοῦσα,
1420 604 1466 634 καὶ
1487 606 1570 633 τοῦτο
1591 602 1710 638 ποιήσει.
1724 601 1783 631 Ὀτι
1797 602 1851 635 δὲῶς

1085 652 1160 692 αἰτίῳ
1176 653 1215 692 τῷ
1237 649 1327 690 Πατρὶ
1351 649 1398 686 τὴν
1417 649 1568 678 ἀνάστασιν
1584 652 1633 678 τοῦ
1651 649 1762 688 Χριστοῦ
1781 648 1850 677 ἀνατί-

1085 691 1294 734 θησιν³³ςδῆλον
1315 697 1343 724 ἐκ
1357 697 1404 724 τοῦ
1416 694 1460 723 τὸν
1478 695 1582 734 Κύριον
1597 693 1662 733 περὶ
1683 694 1769 722 ἑαυτοῦ
1781 691 1851 731 λέγειν

1090 754 1106 772 (ί
1120 742 1226 773 Λύσατε
1251 741 1294 770 τὸν
1309 740 1372 770 ναὸν
1396 741 1509 776 τοῦτον,
1536 739 1586 768 καὶ
1610 739 1638 767 ἐν
1667 737 1748 778 τρισὶν
1770 736 1850 775 ἡμέραις

1087 788 1168 827 ἐγερῶ
1184 786 1274 817 αὐτόν.
1292 799 1304 813 ι
1318 784 1375 816 Καὶ
1389 780 1422 814 αὖ
1436 784 1605 824 γέγραπται,
1629 782 1671 812 ὅτι
1684 796 1697 808 ι
1712 781 1849 821 Παρέστησῐι

1089 826 1181 861 ἑαύτὸν
1198 833 1293 866 ζῶντα.
1311 843 1324 857 ν
1337 829 1426 860 ςὨστε
1447 831 1528 859 αὐτοῦ
1547 828 1646 858 ἑαυτὸν
1668 826 1815 867 ἐγείραντος,
1827 827 1851 865 τῷ

1049 897 1073 928 Β
1091 877 1194 916 Πατρὶ,
1210 879 1246 910 ὡς
1264 875 1359 915 αἰτίῳ,
1374 875 1404 905 τὸ
1418 879 1532 915 πρᾶγμα
1547 872 1733 913 προστίθεται.

1159 922 1192 928 Α.
1239 921 1263 928 .,-
1325 920 1337 928 ..
1394 919 1402 928 ι
1452 919 1458 928 ι
1555 920 1564 928 ι
1597 919 1615 926 ..ο
1644 917 1669 928 υ
1711 917 1728 928 η

1129 935 1141 948 ι
1155 922 1214 951 Οὖκ
1224 921 1311 950 οἴδατε
1322 920 1363 949 ὅτι
1374 919 1408 949 τὰ
1425 919 1542 958 σώματα
1554 919 1633 956 ὓμῶν
1644 917 1670 937 ³⁴
1687 917 1749 956 μέλη
1764 916 1850 955 Χριστοῦ

1092 967 1166 1003 €611;
1190 979 1201 992 υ
1215 965 1303 996 Πάλιν
1321 965 1365 994 ἐπὶ
1381 964 1430 1000 τὴν
1442 963 1626 1004 προκειμένην
1638 958 1702 999 ἦλθε
1717 961 1850 1001 παραίνεσιν,

1089 1012 1137 1048 τὴν
1152 1011 1222 1041 κατὰ
1235 1013 1282 1046 τ’ἧς
1306 1009 1429 1049 πορνείας
1442 1020 1449 1028 ³
1478 1007 1698 1050 φρικωδέστατον
1719 1006 1745 1035 δὲ
1765 1005 1801 1034 τὸν
1820 1006 1848 1034 lal-

1087 1067 1133 1096 γον
1159 1054 1382 1095 μεταχειρίζεται.
1405 1053 1511 1093 «Ἄρας
1528 1050 1578 1082 οὖν
1602 1052 1637 1081 τὰ
1659 1051 1727 1090 μέλη
1749 1052 1788 1079 τοῦ

1089 1094 1167 1138 στοῧ,
1191 1094 1297 1135 ποιήσι.)
1324 1099 1421 1138 πόρνης
1447 1098 1532 1136 μέλη;
1567 1097 1619 1132 Μὴ
1648 1097 1760 1138 γένοιτ·οέ
1783 1108 1793 1120 ι
1812 1094 1849 1122 03:

1088 1137 1165 1181 eius,
1190 1144 1280 1178 Ζιύξω
1301 1137 1403 1183 πόρνῃ,
1420 1143 1478 1173 ἀλλ’
1491 1142 1506 1172 8
1519 1143 1653 1182 φρικῶδες
1670 1137 1718 1176 ἦν,
1739 1154 1749 1167 -
1771 1139 1850 1183 Ποιήσω

1088 1189 1186 1230 πόρνης
1207 1190 1274 1228 μέλη
1285 1201 1294 1226 ς
1306 1201 1318 1215 ιι
1338 1182 1391 1222 Ti;
1405 1187 1458 1228 γὰρ
1478 1189 1508 1217 οὖ
1523 1187 1612 1228 φρίξει
1626 1189 1704 1216 τοῦτο
1719 1185 1742 1205 ³⁵
1757 1182 1849 1220 ἀκούων,

1087 1234 1118 1264 τὸ
1140 1237 1297 1264 ἀποσπᾶσαι
1322 1232 1356 1263 τὰ
1381 1234 1451 1272 μέλη
1474 1235 1520 1262 τοῦ
1545 1233 1685 1272 Χριστοῦ,
1706 1230 1748 1260 καὶ
1771 1230 1850 1262 ποιῆσαι

1086 1282 1173 1309 ταῦτα
1189 1278 1287 1319 πόρνης
1295 1290 1303 1315 ;

1129 1383 1140 1396 ιι
1163 1369 1222 1399 Οὖκ
1245 1368 1333 1398 οἴδατε
1346 1367 1386 1397 ὅτι
1399 1368 1412 1397 ὁ
1425 1367 1596 1406 κολλώμενος
1667 1366 1746 1406 πόρνῃ
1761 1364 1784 1393 ἓν
1795 1361 1848 1399 cingi

1087 1414 1176 1450 ἰστινς
1194 1412 1323 1454 Ἔσονται
1342 1412 1404 1453 γὰρ,
1420 1413 1517 1454 φησὶν,
1530 1414 1554 1442 οῖ
1572 1412 1619 1443 δύο
1635 1413 1672 1446 εἷς
1684 1411 1764 1450 σάρκα
1778 1409 1848 1454 victm

1087 1458 1261 1488 Πιστοῧταιὸ
1277 1453 1334 1487 εἶπε
1344 1481 1352 1494 ,
1367 1452 1431 1491 πῶς
1443 1457 1563 1497 γίνονται
1582 1457 1683 1497 πόρνης
1701 1455 1732 1485 τὰ
1746 1455 1787 1483 τοῦ
1802 1452 1849 1491 Χρι-

1087 1505 1149 1532 στοῦ
1163 1502 1241 1541 μέλη.
1254 1503 1306 1533 Διὰ
1318 1505 1364 1538 τῆς
1377 1496 1568 1539 συνελεύσεως,
1583 1496 1665 1543 φησὶν
1677 1524 1686 1540 ,
1704 1501 1730 1530 ἓν
1747 1498 1828 1538 γίνεται

1088 1547 1154 1588 ἀνὴρ
1163 1539 1231 1588 πρὸς
1246 1547 1295 1584 τὴν
1307 1548 1418 1588 πόρνην.
1440 1545 1525 1577 Ὥστε
1540 1539 1596 1576 καὶγ
1610 1546 1644 1576 τὰ
1666 1539 1732 1586 μέλη
1745 1544 1826 1577 αὐτοῦ,
1839 1539 1848 1566 ἆ

1053 1582 1075 1614 C
1088 1582 1156 1628 ἦσαν
1173 1582 1291 1634 Χριστοῦ
1301 1615 1310 1630 ,
1325 1582 1428 1629 ἐκείνης
1447 1592 1516 1632 μέλη
1533 1592 1666 1633 ἐγένοντο.

1128 1742 1140 1754 α
1156 1728 1190 1759 Ὁ
1206 1727 1234 1758 δὲ
1248 1727 1414 1766 κολλώμενος
1428 1729 1466 1768 τῷ
1491 1727 1584 1768 Κυρίῳ
1600 1727 1627 1756 ἓν
1649 1723 1751 1763 πνεῦμά
1765 1723 1828 1768 Eanf-
1840 1731 1846 1741 '

1086 1772 1175 1814 Ὅρα,
1192 1775 1249 1808 πῶς
1266 1774 1311 1803 καὶ
1326 1773 1373 1803 ἀπ’
1388 1773 1475 1802 αὔτῶν
1491 1773 1517 1792 ³⁵
1540 1775 1652 1812 γυμνῶν
1673 1771 1722 1799 τῶν
1745 1765 1847 1804 ὀνομάτων

1088 1821 1134 1855 τ’ῆς
1157 1819 1254 1858 πόρνης
1278 1818 1323 1848 καὶ
1347 1820 1393 1846 τοῦ
1417 1819 1536 1858 Χριστοῦ
1560 1817 1680 1859 προάγει
1698 1813 1849 1859 τὴνᾼξιξξηῖθ·

1091 1865 1148 1904 ρίαν
1159 1887 1167 1900 ,
1183 1864 1335 1893 δεινοποιῶν
1354 1862 1450 1898 αὐτήν.
1463 1863 1554 1898 Φησὶν
1570 1858 1616 1891 οὖν
1629 1885 1639 1901 ,
1653 1861 1693 1891 ὅτι
1710 1860 1723 1888 ὁ
1739 1857 1771 1896 τῷ
1785 1855 1848 1904 Κνέίξῖ³

1089 1907 1254 1946 κολλώμενος
1280 1910 1384 1946 πνεῦμα
1399 1907 1501 1946 γίνεται
1528 1907 1625 1946 μόνον,
1642 1906 1680 1946 τῷ
1701 1899 1848 1946 μηδὲνξοιξῖν

1090 1953 1213 1992 σαρκικόν
1227 1965 1234 1971 ·
1248 1952 1388 1990 τουτέστι,
1399 1952 1579 1990 πνευματικὸς
1593 1942 1848 1995 καθίσταταιζἫῙΥᾶἒ

1090 1997 1155 2036 πρὸς
1177 1997 1220 2026 τὸν
1244 1996 1341 2036 Κύριον
1365 1996 1457 2029 ἕνωσις
1475 1995 1518 2025 τὸν
1540 1995 1674 2036 ἂγιασμὸν
1694 1994 1737 2022 τοῦ
1752 1990 1847 2036 Πνξύμξ’

1090 2032 1133 2076 τος
1154 2044 1225 2082 αὐτῷ
1250 2032 1371 2082 χορηγεῖ.
1392 2040 1497 2075 Ἔδειξε
1521 2042 1547 2070 δὲ
1565 2032 1614 2071 ’διὰ
1627 2032 1733 2069 ’τούτων
1755 2032 1794 2063 καὶ
1810 2032 1847 2059 πῶς

1090 2088 1206 2127 Χριστοῦ
1223 2087 1291 2124 μέλη
1304 2087 1422 2126 γίνονται
1437 2088 1461 2116 οἱ
1472 2086 1573 2116 πιστοί.

1130 2146 1142 2158 «ι
1159 2122 1279 2170 Φεύγετε
1293 2122 1341 2167 τίῆν
1356 2131 1489 2172 πορνείαν.
1513 2144 1525 2157 ι
1540 2130 1648 2170 Ὥσπερ
1662 2127 1719 2158 τινὰ
1740 2122 1847 2172 dicitur?!”

1090 2172 1188 2214 οὖσαν,
1204 2177 1249 2206 καὶ
1263 2176 1304 2206 ἀεὶ
1321 2179 1384 2214 ἡμῖν
1409 2176 1596 2215 ἐπικειμένην,
1613 2175 1713 2216 φεύγειν
1730 2165 1846 2216 προτρέτε-

1050 2215 1148 2257 D-rou,
1181 2206 1235 2257 ’τὴν
1263 2206 1454 2260 ἐπιτεταμένην
1487 2206 1596 2261 έποχίὴύ
1618 2206 1724 2252 Ι’ταύτης
1749 2206 1847 2261 ὗποτιθεὶξ

1090 2249 1166 2304 ita.
1183 2249 1272 2296 esse;
1291 2249 1647 2307 γιροἒὲιιῖδιώκεέᾛμες,
1664 2249 1739 2296 ὡςΠῆ
1761 2249 1844 2295 σοιρκυιὴ

1090 2311 1229 2350 ἐπιθυμία.

1794 2380 1845 2413 ἐκτὸς

1129 2409 1142 2424 α
1158 2397 1218 2426 Πᾶν
1234 2396 1384 2436 ἁμάρτημα
1409 2395 1423 2426 ὃ
1447 2396 1491 2426 ἐὰν
1518 2396 1618 2436 ποιήσῃ
1640 2395 1781 2433 ἄνθρωπος’
1794 2395 1844 2436 ίξτθί

1129 2444 1134 2451 ι
1176 2441 1183 2452 l
1254 2441 1260 2451 I
1293 2443 1300 2453 ν
1399 2443 1408 2453 ς
1425 2440 1446 2453 δι
1555 2442 1560 2448 ι
1640 2442 1661 2453 3.
1679 2437 1705 2453 Δ.
1719 2435 1776 2453 Ykmu
1788 2436 1844 2453 κωιια

1788 2439 1823 2463 θ’ωέ

1088 2443 1134 2471 τοῦ
1149 2441 1274 2480 σώματός
1289 2443 1358 2471 ἐστιν
1375 2453 1382 2459 ·
1397 2443 1410 2470 ὁ
1422 2440 1449 2470 δὲ
1465 2442 1613 2481 πορνεύων,
1627 2442 1662 2472 εἷς
1678 2437 1706 2467 τὸ
1719 2435 1776 2464 ἴδιον

1089 2479 1247 2526 ἁμαρτάνει,
1264 2499 1276 2512 ιο
1294 2486 1364 2516 Ὑπὸ
1384 2488 1430 2522 ἧς
1452 2479 1595 2526 πορνείας,
1620 2483 1713 2525 φησὶν,
1735 2479 1786 2526 όλον

1109 2517 1114 2524 ι
1150 2517 1155 2526 .
1411 2517 1429 2522 ..
1491 2517 1495 2526 ,
1570 2517 1574 2519 .
1589 2517 1595 2525 ,
1627 2517 1632 2525 ,
1651 2517 1655 2520 .

1089 2531 1196 2560 λύνεται
1209 2530 1239 2559 τὸ
1253 2532 1332 2569 σῶμα
1342 2543 1349 2549 ·
1365 2529 1423 2560 ὅθεν
1439 2532 1484 2560 καὶ
1504 2531 1548 2560 ἐπὶ
1564 2532 1687 2570 βαλανεῖα
1706 2522 1794 2572 τρέχεῗ
1805 2517 1843 2566 ge,“

1089 2580 1142 2608 τοῖς
1165 2575 1361 2615 πορνεύσασιν,
1387 2577 1422 2609 ὡς
1443 2569 1614 2615 μολυνθέντος
1637 2569 1741 2615 δηλαδὴΔ
1754 2569 1792 2615 τοῨ
1805 2570 1843 2615 σίξν

231 2626 263 2653 In
280 2607 370 2662 ipsum
385 2625 475 2661 itaque
494 2633 594 2660 corpus
613 2607 748 2661 delinquit
762 2607 1013 2660 'scortator,'conta

1092 2632 1182 2658 ματος.
1196 2621 1243 2654 Εἰς
1257 2621 1320 2650 αὐτὸ
1333 2620 1420 2650 τοίνυν
1435 2621 1465 2650 τὸ
1478 2623 1558 2661 σῶμα
1575 2616 1717 2660 ἁμαρτάνει
1731 2613 1743 2641 ὁ
1755 2607 1840 2646 πάρνοίν

285 2689 365 2718 Joan.
382 2696 418 2722 II,
435 2691 479 2716 19.
518 2690 529 2705 τ
543 2689 607 2716 Act.
629 2695 653 2723 ι,
672 2690 697 2716 3.

927 2739 1022 2770 Variae
1044 2740 1199 2771 lectiones.

267 2794 290 2812 ³ο
315 2794 408 2830 πάνταῖ
423 2795 487 2831 μέγα
511 2802 536 2823 o.

232 2835 255 2852 ⁸⁸
269 2835 320 2868 ὕπ’,
331 2836 402 2870 καὶ,
416 2835 453 2862 ἐπ’
469 2843 496 2863 ο.

581 2795 600 2812 ³¹
629 2794 670 2822 ὕπ’
692 2794 766 2822 αὖτοΰ
791 2802 830 2823 m.
869 2794 890 2812 ³³
919 2793 953 2829 μὴ
980 2793 1105 2821 ἀπιστεῖτε
1129 2801 1174 2823 m.

1213 2793 1236 2810 ³³
1261 2793 1381 2830 ὶπέγραψε
1407 2801 1435 2822 o.
1473 2794 1495 2811 "
1518 2793 1590 2830 ἡμῶν
1616 2800 1642 2822 ο.
1678 2788 1698 2806 ⁸³
1716 2782 1795 2811 τούτων
1815 2779 1834 2800 θ’
