1881 3081
21 191 61 217 ΜΠ

445 187 618 216 EXPOSITIO
637 187 671 215 IN
689 186 792 215 EPIST.
814 187 884 215 IAD
904 186 982 215 COR.
1002 203 1038 208 —
1056 187 1132 216 CAP.
1153 189 1196 216 Vl.

1603 193 1654 220 638

21 252 132 290 μολύνων
150 251 215 281 αὐτὸ
230 250 275 281 καὶ
291 250 522 291 καταῤῥυπαίνων.
539 251 572 280 Εἰ
595 249 646 290 γὰρ
661 250 707 280 καὶ
729 251 743 280 ὁ
758 249 803 290 φό-

893 250 974 278 inans
986 251 1088 286 ipsum,
1101 251 1282 287 sordibusquc
1293 260 1489 288 conspurcans.
1502 255 1655 283 Acetiamsi

21 308 56 329 νος
68 297 136 326 δοκεῖ
150 296 194 325 διὰ
209 299 253 325 τοῦ
273 295 396 333 σώματος
417 296 552 334 γίνεσθαι,
577 295 638 324 ἀλλ’
653 295 682 324 οὖ
698 299 753 324 παν
776 294 802 314 ³⁷

22 341 45 370 τὸ
58 343 132 378 σῶμα
149 341 266 380 μολύνιι.
286 340 363 373 Εἰκὸς
375 339 425 380 γὰρ
441 339 459 376 ἢ
474 340 555 380 λίθῳ,
569 340 587 376 ἢ
608 339 678 380 ξύλῳ
695 341 787 379 βαλεῖν
797 363 804 375 ,

21 385 34 420 ἢ
59 386 128 425 ἄλλῳ
151 385 204 414 τινὶ
219 385 319 424 ὀργάνῳ
331 407 340 422 ,
357 385 402 414 καὶ
426 385 463 421 μὴ
486 387 629 422 μιανθῆναι
643 384 674 414 τὸ
698 386 777 422 σῶμα
795 393 802 401 ·

21 430 134 469 πορνείαν
148 429 176 458 δὲ
192 431 348 466 τελεσθῆναι
358 429 440 469 χωρὶς
461 432 507 458 τοῦ
522 429 646 468 σώματος
660 429 800 459 ἀδύνατον·

21 475 70 503 ὅθεν
85 473 234 514 ἀναγκαίως
257 474 302 503 καὶ
321 473 473 511 μολύνεται.
492 473 606 513 Ἐξᾶραι
621 473 649 502 δὲ
664 473 803 510 ἠϐουλήθη

21 520 46 548 τὸ
59 523 183 559 πρᾶγμα,
207 518 298 554 ἐπειδὴ
318 518 379 559 περὶ
402 519 482 548 αὐτοῦ
495 518 635 557 πρόκειται
655 518 727 558 αὐτῷ
742 517 767 537 ³⁸
786 520 802 554 ἡ

21 564 171 603 παραίνεσις.
198 565 240 594 Οὖ
261 562 312 602 γὰρ
333 563 438 596 πάντως
459 563 566 592 πάντων
590 567 679 603 χεῖρον
694 566 711 599 ἡ
737 574 802 602 πορ-

21 609 77 638 νεία.
99 604 168 638 Οἶδα
182 608 230 638 καὶ
252 607 335 641 ἄλλας
357 608 393 641 εἰς
414 610 493 637 τοῦτο
508 602 595 641 λύσεις
610 617 617 625 ·
638 602 708 644 οἷον,
734 607 775 637 ὅτι
789 608 803 636 ὃ

21 653 139 692 πορνεύων
153 654 190 686 εἰς
204 652 235 682 τὸ
245 651 310 682 ἴδιον
321 654 401 690 σῶμα
421 651 568 692 ἁμαρτάνει
581 674 590 690 ,
605 652 672 682 καθὸ
694 652 724 681 οὖ
739 663 803 680 παι-

21 697 126 730 δοποιίας
155 697 302 737 ἐπιθυμία,
336 698 371 730 ὡς
390 696 415 716 ³9
443 697 509 737 πρὸς
534 697 642 736 ἔννομον
668 700 801 736 γυναῖκα,

22 741 148 779 μίγνυται,
165 741 236 770 ἀλλὰ
256 741 344 782 μάτην
358 741 422 771 αὐτὸ
435 741 535 782 φθείρει
550 744 583 782 τῇ
598 742 733 782 ἆποῤῥοῇ,
757 740 803 771 καὶ

22 786 139 824 ἆέυναμοῖ
150 786 185 816 ⁴⁰.
204 786 261 816 Καὶ
280 780 314 814 αὖ
329 780 515 821 ἄλλωςίὸτιδ
534 780 676 826 πορνεύων
694 780 731 819 εἷς
753 786 802 821 τὴν

21 832 137 868 γυναῖκα,
196 831 336 870 μίγνυται,
358 830 520 870 ἁμαρτάνει,
542 830 601 866 ἥτις
622 833 701 870 σῶμα
723 831 804 860 αὐτοῦ

21 876 67 904 ἐστι
91 875 132 904 διὰ
158 878 206 911 τῆς
221 875 398 908 συνελεύσεως
414 875 453 906 ⁴⁶.
471 875 547 906 Καθὸ
560 874 612 916 γὰρ
626 876 655 904 οὖ
677 875 802 914 μίγνυται

22 920 79 958 αὐτῇ
93 919 218 958 νομίμως,
233 919 382 958 ἁμαρτάνει
402 921 439 953 εἰς
460 919 552 956 αὖτήν.
572 914 648 956 Πλὴν
662 921 679 956 ἡ
692 923 737 950 τοῦ
749 931 800 958 με·
817 914 842 946 Β

21 964 91 1002 γάλου
105 964 227 994 Ἰωάννου
243 964 337 1001 λύσις,
355 966 450 993 πασῶν
464 964 492 984 ⁴²
515 964 641 1004 κρείττων
652 985 661 1002 ,
676 967 693 1001 ἡ
708 964 802 1005 πρώτη

21 1008 122 1045 δηλαδή.
147 1009 291 1049 Ἀποροῧσι
306 1009 334 1039 δέ
358 1020 425 1042 τινες
440 1021 447 1028 ⁸
473 1009 509 1040 Τί
524 1005 585 1046 οῧνς
610 1008 645 1040 ⁸0
670 1009 762 1050 φθόνος
775 1010 805 1039 οὔ

21 1054 84 1089 τήκει
97 1054 125 1083 τὸ
149 1056 246 1092 caiisa;
272 1054 327 1084 Καὶ
350 1053 444 1083 λύουσι
466 1054 566 1091 πάλιν,
592 1053 633 1083 ὅτι
651 1053 688 1085 ⁸0
714 1053 804 1094 φθόνος

22 1099 90 1132 πάθος
104 1098 186 1135 ἐστὶν,
209 1099 260 1128 οὐκ
281 1098 396 1138 ἐνέργεια
410 1109 417 1117 ·
440 1097 502 1139 περὶ
526 1098 656 1138 ἐνεργείας
680 1099 707 1128 δὲ
723 1101 769 1128 ν’ὗν
790 1100 804 1128 ὁ

21 1142 85 1181 λόγος
97 1144 133 1183 τῷ
147 1143 314 1182 Ἀποστόλῳ.
331 1143 407 1178 Φησὶ
421 1142 473 1183 γάρ
484 1154 491 1161 ·
518 1156 531 1169 ι
551 1144 612 1173 Πᾶν
625 1143 775 1184 ἁμάρτημα
790 1142 805 1173 ὃ

23 1186 60 1216 ἐὰν
73 1187 166 1228 ποιήσῃ
185 1189 325 1228 ἄνθρωπος
338 1199 345 1206 ι
367 1188 396 1217 οὗ
424 1188 478 1226 μὴν
495 1187 556 1227 περὶ
580 1188 687 1222 πάθους.
703 1187 738 1218 Ὁ
753 1187 805 1228 γὰρ

23 1233 100 1273 φθόνος
122 1233 150 1263 οὗ
178 1232 283 1273 γίνεται
310 1233 374 1273 παρ’
402 1234 477 1272 ἡμῶν
491 1255 501 1272 ,
526 1233 585 1263 ἀλλ’
607 1233 753 1274 ἐνεργεῖται
777 1234 804 1263 ἐν

23 1278 90 1314 ἡμῖν.

61 1422 72 1436 ι
88 1410 125 1440 “Η
135 1410 182 1440 οὔκ
197 1410 305 1446 οἴδατε,
317 1409 358 1439 ὅτι
369 1409 403 1439 τὰ
422 1409 536 1449 σώματα
553 1410 626 1449 ὑμῶν
641 1409 702 1444 ναὸς
718 1411 763 1440 τοῦ
779 1412 806 1441 ἐν

26 1454 76 1491 ὗμῖν
87 1455 157 1494 ἇγίου
169 1454 330 1494 Πνεύματός
342 1450 465 1492 ἔστινίοῦ
478 1455 554 1495 ἔχετε
567 1455 621 1485 ἀπὸ
632 1456 677 1484 τοῦ
689 1455 778 1491 Graii;
792 1469 805 1482 u

26 1497 136 1538 Ἐχφοϐεἰ
149 1499 186 1529 ἔτι
201 1500 287 1529 πλέον
301 1498 346 1528 καὶ
366 1500 405 1540 τῷ
418 1499 523 1539 μεγέθει
537 1501 585 1535 τῆς
599 1500 714 1540 δωρεᾶς,
729 1511 807 1530 τουτ-

28 1544 91 1580 έστι,
111 1546 155 1574 τοῦ
176 1544 354 1582 Πνεύματος,
374 1544 420 1574 καὶ
499 1544 560 1584 ἀξίᾳ
575 1548 621 1575 τοῦ
637 1544 804 1584 βαδωκότος,

27 1573 203 1626 τουτίστιξτοξ
211 1573 296 1620 Θεοῦ.
314 1573 401 1627 Ναὸς,
425 1573 530 1630 “civ;
637 1573 695 1619 ⁸καὶ
712 1573 805 1628 ἅγιος*ἰ
822 1573 846 1607 c

28 1632 92 1671 ἁγίου
111 1635 159 1674 γὰρ
183 1633 352 1673 Πνεύματος.
379 1633 427 1669 Μὴ
452 1632 538 1663 τοίνυν
556 1633 650 1675 μιαρὸν
674 1634 806 1670 ποιήσητε

28 1676 63 1706 τὸν
73 1677 139 1717 ἅγιον
150 1678 228 1716 ναὸν,
256 1677 324 1716 μηδὲ
349 1677 515 1718 ἆχρειώσητι
533 1678 582 1714 τὴν
604 1681 651 1708 τοῦ
666 1681 737 1710 Θεοῦ
752 1680 807 1709 δω-

29 1721 97 1759 ρεάν·
128 1723 179 1753 aut
206 1724 280 1755 Θεοῦ
307 1722 360 1764 γὰρ
387 1722 462 1763 ἔχετε
488 1722 537 1759 τὴν
570 1723 670 1764 δωρεὰν
699 1724 746 1754 καὶ
776 1723 806 1754 τὸ

29 1766 136 1800 Πνεῦμα,

61 1825 72 1837 ι
83 1813 132 1843 Καὶ
146 1813 192 1844 οὔκ
202 1813 276 1852 [ἐστὶ
296 1813 415 1850 ἰαυτῶνς
437 1811 604 1854 ἠγοράσθητε
618 1812 670 1854 γὰρ
684 1815 773 1852 τιμῆς.
793 1827 805 1841 ι

29 1855 89 1887 Ὑπὸ
103 1858 255 1896 Δεσπότην,
273 1858 365 1899 φησὶν,
382 1857 441 1888 ἐστὶ
453 1880 463 1897 ,
481 1858 528 1888 καὶ
549 1858 623 1888 οὐδὲν
635 1857 710 1899 ἔχετε
725 1858 806 1896 ἴδιον,

31 1900 78 1931 οὔτε
90 1902 116 1932 τὸ
129 1904 214 1942 σῶμα.
233 1917 246 1931 ι
262 1903 450 1942 Ἦγοράσθητε
465 1902 517 1942 γὰρ
531 1904 610 1941 τιμῆς
625 1914 632 1922 ·
648 1916 660 1929 ι
673 1903 804 1940 τουτέστι,

31 1946 72 1975 Διὰ
84 1949 124 1977 τοῦ
147 1947 261 1986 αἵματος
283 1950 329 1977 τοῦ
348 1948 476 1988 Χριστοῦ.
492 1947 578 1978 Ὥστε
592 1947 626 1977 τὰ
648 1947 717 1986 μέλη
733 1950 805 1985 ὑμῶν

32 1990 92 2031 ἄλλῳ
108 1993 224 2033 Δεσπότῃ
246 1992 416 2029 ὑπόκεινται,
442 1992 488 2022 καὶ
511 1992 576 2022 ὅπου
599 1992 668 2022 θέλει
694 1993 805 2029 ἐκεῖνος,

33 2034 124 2073 ἄγεσθαι
143 2040 226 2067 ταῦτα
242 2039 294 2068 δεῖ.
316 2038 410 2068 Ταῦτα
429 2037 456 2067 δὲ
477 2036 565 2076 λέγει,
581 2038 610 2066 οὗ
624 2036 655 2066 τὸ
679 2037 804 2072 αὐτεξού-

33 2089 78 2108 σιον
92 2081 197 2121 ἀναιρῶν
212 2083 251 2120 ⁴³,
278 2081 348 2111 ἀλλὰ
371 2081 402 2111 τὸ
425 2081 526 2111 δίκαιον
546 2081 661 2111 δείκνυσι
685 2085 731 2112 τοῦ
753 2083 806 2112 δεῖν

34 2124 90 2160 ἡμᾶς
100 2126 222 2156 δουλεύειν
235 2127 276 2167 τῷ
288 2127 352 2167 Θεῷ
361 2148 370 2165 ,
385 2126 428 2167 ὑφ’
446 2121 475 2156 οὗ
487 2126 533 2156 καὶ
548 2127 747 2166 ἠγοράσθημεν.

67 2230 76 2242 ·
88 2218 212 2254 Δοξάσατε
226 2220 254 2250 δὲ
269 2220 313 2250 τὸν
323 2220 392 2252 Θεὸν
402 2220 429 2249 ἓν
439 2221 477 2261 τῷ
488 2220 595 2259 σώματι
607 2222 689 2259 ὑμῶν.
702 2233 714 2248 ι
726 2218 806 2252 Ἐπιῖ
820 2233 845 2265 ι’)

35 2256 70 2306 οὖν
87 2265 259 2304 ἠγοράσθητε,
282 2265 361 2306 φησὶ,
386 2256 514 2299 δοξάσατε
529 2256 562 2302 δὴ
577 2256 628 2295 τὸν.
642 2265 712 2296 Θεὸν
727 2267 753 2296 ἐν
767 2267 806 2306 τῷ

35 2305 122 2344 σώματι
134 2311 205 2347 ὑμῶν
216 2334 222 2346 ,
239 2305 292 2344 τὰς
307 2309 409 2349 ἀγαθὰς
431 2310 539 2350 πράξεις
563 2309 607 2340 διὰ
622 2312 669 2340 τοῦ
684 2305 809 2349 σώματος

35 2352 175 2396 uicinas;
188 2355 233 2384 καὶ
260 2354 334 2394 ἅγιον
356 2355 420 2384 αὐτὸ
442 2357 583 2395 τηροῦντες
608 2355 654 2384 καὶ
680 2355 806 2396 καθαρόν.

36 2395 160 2430 Ᾱῦξάζεται
181 2399 231 2439 γὰρ
256 2400 270 2428 ὁ
282 2398 350 2433 Θεὸς
360 2421 370 2437 ,
386 2399 421 2429 τὰ
432 2400 502 2429 καλὰ
516 2399 582 2439 ἔργα
596 2400 671 2438 ὗμῶν
686 2400 808 2439 ὁρώντων

37 2441 78 2468 τῶν
90 2442 241 2482 ἀνθρώπων,
256 2444 303 2473 καὶ
316 2444 467 2478 ἀκολούθως
483 2443 642 2478 δοξαζόντων
658 2444 749 2475 αὖτόν.

69 2498 80 2511 ε
100 2487 149 2516 Καὶ
162 2489 188 2516 ἐν
202 2490 241 2528 τῷ
257 2488 389 2527 πνεύματι
405 2490 490 2528 ὑμῶν.
505 2502 518 2515 ι
540 2488 697 2526 Δείκνυσιν,
723 2489 766 2519 ὃτι
779 2489 809 2519 οὗ

39 2528 126 2567 σώματι
146 2532 221 2570 μόνον
247 2533 301 2573 χρὴ
323 2533 428 2574 φεύγειν
453 2533 501 2570 τὴν
515 2533 655 2574 πορνείαν,
679 2533 749 2563 ἀλλὰ
763 2534 809 2564 καὶ

40 2574 113 2613 ψυχῇ,
125 2578 160 2617 τῷ
175 2577 241 2615 μηδὲ
256 2578 282 2597 ⁴⁴
296 2577 365 2608 κατὰ
378 2578 494 2608 διάνοιαν
513 2578 669 2617 μολύνεσθαι
684 2579 807 2618 (πνεῦμα

41 2618 131 2665 me,»
145 2622 258 2652 διάνοιαν
274 2623 401 2662 ἰκάλεσε)
424 2635 431 2642 -
452 2623 499 2653 καὶ
515 2625 532 2659 ἡ
547 2625 574 2654 ιν
589 2626 622 2664 τῇ
644 2624 742 2665 καρδίᾳ
756 2624 807 2664 γὰρ

42 2663 128 2703 μοιχεία
141 2666 166 2695 ἓν
179 2668 348 2707 Εὖαγγελίοις
363 2668 556 2708 ἀπηγόρευται.

69 2720 77 2733 ¹
88 2718 176 2747 Matth.
191 2728 223 2755 ν,
238 2724 280 2749 28.

857 294 946 323 caedes
961 302 1009 331 per
1019 303 1120 331 corpus
1139 295 1198 324 ﬁeri
1215 296 1350 331 videatur,
1376 305 1431 324 non
1456 301 1552 326 tamen
1566 302 1656 327 totum

857 347 957 375 corpus
971 340 1141 376 coinquinat.
1155 342 1226 368 Nam
1238 341 1386 369 verisimile
1400 346 1441 369 est
1453 341 1541 378 lapide
1553 346 1653 378 petere,

858 385 898 412 vel
914 384 998 421 ligno,
1013 385 1054 412 vel
1069 385 1124 413 alio
1139 386 1273 421 quopiam
1290 387 1484 421 instrumento,
1500 391 1529 414 et
1543 395 1598 415 non
1613 388 1657 415 in-

858 429 962 465 quinari
977 437 1077 466 corpus
1096 438 1104 457 :
1122 430 1337 459 fornicationem
1360 435 1454 459 autem
1472 431 1542 460 citra
1556 439 1657 467 corpus

858 473 988 510 perﬁcere
1011 474 1177 511 impossibile
1203 479 1245 503 est
1266 485 1275 503 :
1297 475 1372 504 unde
1394 475 1549 504 necessario
1572 477 1658 504 etiam

857 518 1059 555 coinquinatur.
1076 521 1148 548 Rem
1162 524 1254 548 autem
1268 528 1430 557 exaggerate
1446 521 1658 557 voluerat,(quia

857 562 892 591 de
916 563 976 600 ipsa
988 571 1109 600 praesens
1121 563 1277 593 exhortatio
1298 565 1420 594 instituta
1435 569 1487 594 est.
1505 567 1570 595 Non
1582 566 1658 594 enim

857 608 972 636 omnino
985 609 1111 637 omnium
1122 609 1239 645 pessima
1253 614 1295 638 est
1307 609 1468 639 fornicatio.
1486 610 1562 639 Alias
1577 610 1659 639 etiam

858 653 991 688 quasdam
1010 654 1166 682 solutiones
1180 655 1255 682 novi.
1273 655 1401 690 Exempli
1419 655 1516 692 gratia.
1535 655 1586 690 Qui
1602 654 1659 683 for-

857 697 974 732 nicatur,
989 698 1017 726 in
1032 699 1174 735 proprium
1189 707 1289 735 corpus
1313 703 1416 735 peccat,
1441 704 1576 736 quatenus
1598 707 1657 728 non

858 743 943 778 prolis
964 743 1113 778 desiderio,
1132 743 1244 780 perinde
1265 752 1297 772 ac
1311 752 1376 772 cum
1391 745 1511 780 legitima
1531 744 1658 781 conjuge,

857 787 1000 821 miscetur,
1037 788 1087 817 sed
1110 788 1210 817 frustra
1247 789 1339 825 ipsum
1366 789 1520 825 corrumpit
1547 789 1660 818 seminis

857 831 1018 867 profusione
1038 840 1071 861 ac
1084 832 1221 862 debilitat.
1235 834 1342 862 Rursus
1354 833 1432 862 aliter
1448 843 1455 862 :
1471 833 1525 869 Qui
1540 833 1661 862 fornica-

855 879 912 911 tur,
928 877 957 905 in
979 877 1113 906 feminam
1132 878 1176 906 cui
1195 878 1339 913 miscetur,
1350 882 1454 914 peccat,
1470 886 1532 915 quae
1554 886 1656 915 corpus

859 922 945 958 ipsius
964 926 1006 951 est
1020 930 1068 959 per
1080 930 1270 959 congressum.
1286 924 1358 952 Nam
1374 927 1509 959 quatenus
1520 923 1659 960 illegitime

857 975 922 995 cum
943 974 974 995 ea
996 967 1138 1002 miscetur,
1160 972 1255 1004 peccat
1268 968 1298 996 in
1319 968 1419 1004 ipsam.
1447 968 1532 1004 Atqui
1560 969 1656 1004 magni

857 1011 973 1040 Joannis
993 1011 1094 1041 solutio
1114 1012 1220 1040 cunctis
1233 1016 1276 1041 est
1296 1013 1482 1048 praestantior,
1506 1012 1594 1050 prima
1618 1013 1659 1041 ni-

858 1057 971 1085 mirum.
993 1056 1146 1093 Ambigunt
1171 1060 1263 1085 autem
1289 1056 1335 1085 hic
1352 1057 1487 1091 nonnulli,
1513 1057 1658 1086 dicentes:

858 1101 931 1137 Quid
953 1102 1063 1138 igitur?
1083 1103 1182 1130 Nonne
1215 1105 1243 1130 et
1270 1101 1375 1130 invidia
1409 1109 1509 1138 corpus
1532 1100 1661 1131 tabefacit

857 1146 979 1183 adeoque
992 1146 1118 1175 dissolvit
1131 1149 1143 1175 ξ’
1155 1148 1259 1175 Verum
1285 1146 1396 1175 diluunt
1417 1146 1453 1175 ad
1476 1147 1550 1175 hunc
1562 1154 1660 1176 rursus

858 1191 978 1220 modum
994 1199 1001 1219 :
1017 1191 1121 1220 Invidia
1136 1195 1179 1220 est
1197 1191 1297 1228 passio,
1317 1199 1373 1220 non
1387 1191 1460 1220 actio
1474 1200 1482 1219 :
1505 1191 1540 1220 de
1553 1192 1660 1220 actione

857 1240 950 1265 autem
972 1244 1046 1264 nunc
1066 1236 1265 1265 sermocinatur
1296 1237 1457 1273 Apostolus.
1486 1237 1533 1264 Ait
1554 1236 1656 1265 enim:

860 1293 874 1306 ι
899 1281 990 1309 Omne
1016 1285 1159 1317 peccatum
1181 1281 1365 1318 quodcunque
1390 1281 1486 1310 fecerit
1517 1281 1602 1309 homo
1619 1291 1625 1309 :
1644 1293 1657 1306 ιν

859 1333 915 1355 non
930 1329 1022 1354 autem
1035 1325 1070 1354 de
1080 1326 1347 1363 passioneloquitur.
1360 1326 1445 1362 156
1460 1326 1568 1354 Invidia
1583 1325 1658 1354 enim

860 1378 917 1399 non
930 1371 966 1398 sit
976 1378 992 1399 ει
1009 1370 1099 1405 nobis,
1112 1370 1160 1399 sed
1174 1369 1296 1399 efficitur
1312 1371 1339 1399 in
1349 1371 1440 1399 nobis.

895 1417 986 1444 Vnus.
1002 1418 1047 1444 19.
1064 1427 1077 1440 ι
1097 1418 1142 1444 An
1153 1415 1265 1444 nescitis
1281 1415 1354 1452 quod
1372 1422 1487 1452 corpora
1501 1418 1591 1443 vestra
1604 1414 1660 1442 sint

860 1460 994 1496 templum
1014 1460 1131 1496 Spiritus
1154 1460 1255 1494 sancti,
1273 1460 1320 1496 qui
1339 1463 1382 1488 est
1409 1460 1438 1488 in
1461 1459 1549 1494 vobis,
1578 1466 1660 1495 quem

861 1504 967 1533 habetis
986 1513 1002 1534 a
1028 1506 1087 1533 Deo
1102 1507 1114 1534 Ρ
1130 1517 1142 1530 ι
1164 1505 1364 1534 Vehementius
1390 1512 1439 1533 eos
1469 1502 1660 1541 perterrefacit

861 1549 926 1578 doni
940 1549 1137 1586 magnitudine,
1161 1549 1214 1578 hoc
1239 1554 1283 1578 est
1296 1549 1426 1585 Spiritus,
1442 1553 1503 1577 tum
1522 1548 1658 1585 dignitate

861 1594 1000 1629 donantis,
1024 1593 1076 1622 hoc
1091 1598 1133 1622 est
1155 1593 1218 1622 Dei.
1232 1595 1394 1630 Templum,
1416 1593 1516 1629 inquit,
1540 1592 1617 1626 estis,
1631 1596 1659 1620 et

860 1644 998 1674 sanctum,
1022 1639 1139 1676 Spiritus
1159 1639 1292 1667 nimirum
1314 1638 1412 1667 sancti.
1436 1640 1478 1667 Ne
1499 1637 1582 1674 igitur
1603 1639 1661 1673 pol-

861 1685 945 1714 luatis
960 1684 1096 1721 templum
1111 1683 1269 1712 istiusmodi
1287 1687 1432 1718 sanctum,
1452 1690 1542 1719 neque
1563 1682 1661 1710 inutile

861 1730 980 1759 reddatis
998 1729 1050 1758 Dei
1069 1729 1176 1758 donum
1191 1737 1198 1756 :
1213 1736 1230 1757 a
1242 1731 1302 1757 Deo
1313 1729 1386 1757 enim
1397 1727 1502 1757 habetis
1514 1731 1543 1756 et
1552 1727 1660 1756 donum

861 1779 890 1803 et
906 1774 1051 1811 Spiritum.

896 1820 1043 1848 Vsas.2o.
1062 1830 1074 1843 ι
1101 1819 1136 1847 Et
1148 1826 1204 1846 non
1223 1818 1286 1846 estis
1305 1817 1388 1846 vestri
1406 1817 1531 1853 ipsorum
1546 1819 1559 1846 Ρ
1572 1816 1660 1853 siqui-

861 1864 924 1893 dem
945 1863 1032 1900 empti
1059 1863 1126 1891 estis
1150 1862 1250 1899 pretio.
1270 1874 1282 1886 ιι
1307 1862 1363 1890 Sub
1390 1861 1524 1895 Domino,
1557 1861 1658 1896 inquit,

860 1909 936 1943 estis,
951 1908 1073 1943 nihilque
1089 1907 1230 1943 proprium
1244 1906 1361 1941 habetis,
1376 1914 1410 1934 ne
1434 1905 1526 1942 ipsum
1548 1905 1659 1942 quidem

861 1961 969 1990 corpus.
987 1964 1000 1978 ει
1023 1952 1116 1989 Empti
1133 1963 1146 1977 ι
1175 1951 1250 1980 enim
1267 1960 1280 1978 »
1305 1951 1368 1979 estis
1393 1950 1492 1987 pretio,
1521 1960 1534 1976 ι
1562 1957 1662 1986 nempe

861 2007 910 2035 per
937 1997 1099 2034 sanguinem
1121 1996 1234 2029 Christi,
1262 1995 1381 2024 Proinde
1413 1995 1541 2023 membra
1572 1998 1660 2023 vestra

861 2044 903 2072 alii
927 2043 1049 2071 Domino
1074 2045 1141 2070 sunt
1160 2041 1294 2078 subjecta,
1320 2044 1347 2069 et
1365 2048 1420 2077 quo
1434 2040 1493 2068 vult
1513 2040 1569 2074 ille,
1594 2039 1660 2067 duci

861 2092 968 2125 oportet
991 2095 1032 2116 ea.
1048 2087 1117 2115 Haec
1131 2090 1225 2115 autem
1245 2085 1353 2120 dicens,
1366 2085 1485 2113 liberum
1509 2084 1657 2112 arbitrium

860 2142 919 2162 non
932 2133 1014 2168 tollit,
1034 2137 1164 2161 caeterum
1186 2139 1234 2167 par
1257 2135 1285 2160 et
1295 2132 1401 2167 justum
1429 2137 1490 2158 esse
1512 2133 1660 2163 monstrat,

861 2186 911 2207 nos
927 2180 986 2207 Deo
998 2178 1109 2212 servire,
1134 2185 1150 2205 a
1166 2184 1221 2212 quo
1231 2180 1259 2204 et
1272 2175 1356 2212 empti
1371 2182 1479 2204 sumus.

899 2234 912 2248 ι
928 2222 1086 2252 Gloriticate
1100 2223 1191 2250 Deum
1210 2221 1237 2249 in
1248 2228 1362 2256 corpore
1381 2225 1480 2248 vestro.
1498 2230 1512 2245 ι
1526 2219 1661 2254 Quoniam

862 2271 939 2304 empt
969 2267 1044 2301 estis,
1068 2266 1168 2302 inquit,
1191 2265 1341 2302 gloriﬁcate
1364 2267 1457 2293 Deum
1482 2264 1512 2292 in
1545 2271 1661 2299 corpore

863 2317 962 2346 vestro,
987 2311 1059 2340 bona
1082 2318 1166 2347 opera
1191 2318 1240 2346 per
1262 2317 1363 2346 corpus
1388 2308 1568 2346 perﬁcientes,
1595 2316 1660 2336 san-

862 2362 994 2394 ctumque
1007 2357 1100 2392 ipsum
1125 2358 1266 2383 servantes
1285 2358 1314 2382 et
1340 2362 1452 2390 purum.
1480 2352 1660 2382 Gloriﬂcatur

863 2402 938 2431 enim
959 2403 1046 2435 Deus,
1060 2408 1125 2429 cum
1142 2400 1213 2428 bona
1226 2407 1310 2436 opera
1333 2402 1422 2428 vestra
1445 2398 1572 2427 homines
1585 2397 1662 2426 vide-

863 2449 929 2482 rint,
944 2455 976 2475 ac
989 2445 1118 2482 deinceps
1132 2446 1222 2473 Deum
1235 2443 1422 2481 gloriﬁcarint.

900 2504 913 2517 ι
933 2494 969 2521 Et
983 2491 1080 2528 spiritu
1096 2494 1198 2519 vestro.
1215 2501 1228 2514 ι
1244 2489 1371 2518 Ostendit
1383 2488 1458 2525 quod
1471 2496 1529 2517 non
1546 2496 1663 2525 corpore

862 2541 969 2566 tantum
989 2536 1090 2565 evitare
1108 2539 1217 2572 oportet
1236 2534 1460 2569 fornicationem,
1482 2538 1614 2563 caeterum
1635 2537 1663 2561 et

862 2583 963 2617 anima,
975 2585 1007 2610 ut
1019 2589 1055 2609 ne
1068 2584 1162 2609 mente
1172 2580 1284 2616 quidem
1299 2579 1516 2616 coinquinemur.
1531 2578 1662 2615 Spiritum

860 2628 933 2657 enim
947 2630 1070 2655 mentem
1079 2625 1243 2654 nominavit.
1260 2626 1332 2654 Nam
1346 2623 1423 2661 quod
1438 2623 1522 2651 etiam
1534 2622 1564 2650 in
1576 2620 1661 2650 corde

860 2676 903 2701 est
916 2670 1111 2706 adulterium',
1127 2671 1156 2699 in
1170 2669 1318 2707 Evangelio
1331 2668 1509 2698 interdictum
1526 2669 1577 2698 est,
1592 2675 1607 2692 »

712 2758 808 2789 Variae
827 2759 980 2789 lectiones.

70 2795 187 2840 ξ’κάντως
199 2809 227 2830 ο.
263 2802 285 2819 ³⁸
307 2803 388 2830 αὖτῶν
415 2811 441 2833 o.
481 2802 505 2821 "
526 2803 555 2830 οὔ
575 2811 602 2832 ο.
640 2803 662 2820 ⁸ο
688 2803 826 2840 ἔκδυναμοῖ
848 2812 874 2833 ο,
914 2803 933 2820 ⁴¹
962 2803 1065 2829 συνόδου
1086 2810 1114 2830 ο.
1153 2802 1174 2818 ⁵³
1200 2801 1299 2828 πάντων
1313 2807 1340 2828 ο.
1379 2798 1402 2816 ⁴⁹
1429 2798 1558 2833 λέγωνμη
1585 2795 1657 2822 ἀναι-

44 2836 76 2867 ρετ
84 2845 117 2866 ω.
150 2841 170 2857 ⁴⁴
182 2842 223 2868 καὶ
237 2843 298 2878 μηδὲ
311 2851 349 2872 m.
