1881 3081
230 190 280 216 635

226 250 357 287 quoniam
379 249 414 277 de
436 251 526 282 Patre,
546 256 598 277 ceu
615 256 708 283 causa,
731 249 903 276 concorditer
921 256 1020 277 omnes

227 303 326 331 magna
340 294 507 328 sentiebant,
520 294 581 322 ideo
595 294 828 322 resurrectionem
842 294 916 321 Patri
931 293 1024 328 refert,

228 347 334 376 nosque
348 339 383 367 ab
403 339 463 375 ipso
478 338 638 366 excitandos
656 338 730 366 dicit.
752 338 829 366 Sicut
849 339 924 366 enim
943 342 1027 374 caput

228 388 364 417 nostrum,
392 391 490 420 nempe
512 383 654 412 Christum
678 383 821 416 excitavit;
848 383 886 410 ita
908 387 936 411 ct
959 383 1026 410 reli—

227 436 313 465 quum
330 435 439 464 corpus,
456 435 506 456 nos
520 428 665 461 nimirum,
687 428 828 456 excitabit.
853 428 1025 456 Confirmans

229 477 323 501 autem
346 480 506 501 sermonem
530 480 623 507 suum,
642 472 755 506 addidit,
779 482 793 498 «
818 474 870 500 Per
893 473 1024 500 virtutem

227 525 305 545 suam
318 527 324 546 :
343 529 356 542 ι›
370 517 447 553 quasi
460 517 535 545 dicat
550 526 557 544 :
575 517 665 545 Nolite
678 517 803 545 diflidere
817 516 850 545 iis
864 525 926 553 quae
940 517 1001 545 dico
1016 526 1023 545 :

227 570 293 590 nam
308 562 430 598 potentia
443 561 495 590 Dei
509 569 571 598 quae
584 565 640 590 tam
653 570 753 598 magna
768 562 861 597 gessit,
878 562 930 590 hoc
943 562 1024 590 etiam

227 607 357 635 effectum
369 606 456 634 dabit.
472 607 552 642 Quod
564 614 629 634 vero
644 607 730 642 Patri,
746 614 797 634 ceu
815 607 932 641 auctori,
944 607 1023 635 Chri-

228 653 263 680 sti
279 652 471 680 excitationem
486 651 581 686 refert,
596 651 710 687 planum
722 655 764 680 est
783 659 816 680 ex
829 659 861 679 eo
880 651 954 688 quod
971 653 1026 680 Do-

227 698 318 724 minus
338 696 374 724 de
398 704 428 724 se
442 696 501 732 ipso
524 695 610 724 dicit:
641 707 653 720 ι
675 695 776 725 Solvite
798 696 935 732 templum
960 696 1022 730 hoc,

227 745 254 768 et
268 740 295 768 in
311 740 399 768 tribus
419 740 517 769 diebus
545 740 669 768 excitabo
695 740 761 768 illud
788 748 816 775 Q.
840 751 853 765 ιο
873 742 907 768 Et
929 748 1024 769 rursus

228 786 361 821 scriptum
382 789 446 814 est:
469 794 485 812 ιι
507 785 638 814 Exhibuit
665 786 788 821 seipsum
807 785 942 813 viventem
975 805 982 812 .

228 831 320 866 Quare
341 837 405 858 cum
431 830 490 866 ipse
516 830 638 866 seipsum
661 830 829 864 excitaverit,
863 830 949 864 Patri,
973 838 1025 859 ceu

227 882 328 909 causa},
340 882 384 903 res
398 875 565 902 attribuitur.

264 921 349 948 Vens.
368 922 410 947 15.
434 931 447 943 α
472 919 589 947 Nescitis
611 919 685 955 quod
715 926 832 955 corpora
855 924 946 948 vestra
971 920 1026 948 sint

227 964 353 992 membra
364 964 485 993 Christi?
500 973 516 991 »
539 964 625 992 Redit
636 964 727 992 denuo
748 964 784 992 ad
803 965 972 1001 propositam
983 965 1028 993 ad-

227 1009 421 1043 monitionem,
440 1016 502 1045 quae
514 1013 610 1037 contra
632 1008 842 1037 fornicationem
863 1013 924 1038 erat
936 1017 1028 1038 susce-

226 1057 282 1089 pta.
314 1054 529 1082 Terribilissimo
559 1058 651 1082 autem
679 1058 843 1090 argumento
870 1062 1026 1083 sermonem

226 1098 392 1134 auspicatur.
415 1109 429 1123 ι
449 1098 560 1126 Tollens
574 1106 637 1135 ergo
662 1098 788 1126 membra
806 1098 917 1133 Christi,
929 1099 1025 1127 faciam

236 1143 363 1171 membra
377 1143 552 1171 meretricis?
579 1143 677 1172 Absit!
691 1152 706 1169 ι)
722 1143 785 1171 Νοιι
799 1143 877 1175 dixit,
890 1143 1025 1179 copulabo

225 1189 338 1216 scorto?
360 1195 467 1221 verum,
496 1188 572 1224 quod
591 1188 769 1216 tremendum
795 1191 865 1222 erat,
882 1199 894 1212 ι
915 1188 1025 1216 Faciam

226 1232 352 1261 membra
366 1233 449 1261 scorti
461 1234 474 1261 Ρ
488 1244 502 1258 γι
520 1232 588 1268 Quis
608 1232 681 1260 enim
695 1240 753 1260 non
764 1232 954 1269 perhorrescat
973 1233 1025 1261 hoc

226 1276 352 1311 audiens,
380 1285 490 1314 nempe,
514 1277 640 1306 membra
661 1277 764 1306 Christi
786 1277 911 1311 avellere,
938 1285 1024 1314 eaque

225 1324 350 1353 membra
367 1325 517 1353 meretricis
532 1325 644 1353 facere?

264 1369 345 1405 155
361 1371 452 1398 Vnns.
475 1372 518 1398 16.
536 1381 549 1394 ι
565 1371 609 1398 An
623 1370 734 1398 nescitis
753 1370 827 1406 quod
842 1370 889 1406 qui
902 1369 1023 1398 adhaeret

225 1414 374 1450 meretrici,
398 1423 484 1443 unum
505 1422 606 1451 corpus
623 1415 685 1443 est?
705 1416 797 1443 Erunt
816 1415 900 1449 enim,
924 1415 1021 1451 inquit,

225 1459 280 1488 duo
297 1467 408 1488 carnem
421 1460 450 1487 in
464 1467 560 1488 unam.
577 1471 590 1484 ιι
606 1459 757 1487 Conﬁrmat
775 1459 850 1496 quod
862 1459 938 1494 dixit,
954 1468 1024 1496 quo-

225 1504 310 1533 modo
328 1505 455 1533 videlicet
468 1505 553 1533 scorti
567 1504 692 1532 membra
704 1503 869 1539 efﬁciantur,
882 1512 945 1541 quae
958 1509 1023 1533 sunt

223 1549 335 1578 Christi.
359 1550 413 1577 Per
424 1549 657 1583 commissionem,
684 1549 784 1585 inquit,
801 1549 842 1577 vir
857 1557 944 1577 unum
956 1557 1021 1577 cum

224 1598 316 1622 scorto
327 1593 445 1622 efﬁcitur
458 1603 465 1622 :
482 1601 568 1630 quare
578 1597 605 1622 et
618 1593 742 1622 membra
757 1593 827 1630 ejus,
842 1601 903 1630 quae
915 1593 1026 1623 fuerunt

224 1638 349 1666 membra
376 1638 487 1673 Christi,
524 1638 554 1666 in
580 1637 664 1667 scorti
701 1638 826 1667 membra
866 1643 1022 1675 permutata

223 1686 295 1711 sunt.

259 1728 348 1756 Vsus.
365 1730 409 1756 17.
424 1727 477 1764 Qui
492 1731 586 1756 autem
600 1727 722 1757 adhaeret
735 1729 868 1762 Domino,
882 1736 954 1757 unus
967 1729 1021 1765 spi—

223 1772 292 1801 ritus
304 1776 353 1801 est.
372 1785 385 1798 ι
401 1773 524 1802 Observa
547 1772 687 1809 quomodo
703 1773 737 1801 ab
753 1773 818 1810 ipsis
837 1773 918 1802 nudis
932 1774 1022 1802 verbis

223 1818 307 1845 scorti
333 1821 361 1846 et
384 1817 485 1846 Christi
507 1821 670 1854 promoveat
696 1818 909 1853 accusationem,
938 1819 1022 1846 vehe-

223 1862 388 1891 mentiorem
410 1862 499 1899 ipsam
522 1863 649 1891 reddens.
671 1863 720 1890 Ait
746 1863 838 1899 itaque
861 1872 868 1891 :
891 1863 943 1899 Qui
963 1865 1020 1891 Do-

222 1907 298 1935 mino
316 1907 485 1944 adjungitur,
497 1908 564 1936 nihil
579 1907 654 1936 aliud
666 1915 750 1944 quam
765 1908 878 1944 spiritus
891 1907 1020 1941 efﬁcitur,

222 1952 287 1980 dum
302 1953 371 1981 nihil
386 1953 496 1982 carnale
508 1953 634 1989 transigit
650 1962 657 1980 :
677 1952 730 1980 hoc
753 1957 804 1987 est,
818 1953 965 1989 spiritualis
979 1952 1023 1980 ef—

221 1996 321 2025 ficitur.
336 1998 456 2025 Domino
471 1997 543 2025 enim
555 1997 638 2031 uniri,
648 1997 895 2025 sanctificationem
907 1998 1020 2033 Spiritui

221 2042 271 2077 ipsi
284 2041 450 2077 suppeditat.
467 2043 518 2070 Per
527 2042 587 2070 hac
598 2045 692 2069 autem
709 2042 939 2070 commonstravit
951 2050 1021 2078 quo-

221 2093 286 2113 nam
299 2085 383 2114 modo
401 2085 495 2114 ﬁdeles
509 2086 635 2114 membra
652 2085 753 2114 Christi
768 2085 932 2114 efﬁciantur.

257 2131 347 2158 Vnus.
373 2132 415 2159 18.
435 2141 446 2155 ιι
465 2130 560 2166 Fugite
582 2130 802 2158 fornicationem.
818 2141 830 2154 ιι
854 2131 912 2158 Ceu
929 2139 1020 2167 perse-

221 2175 354 2203 cutricem
383 2183 445 2212 quae
468 2183 609 2211 nunquam
643 2182 699 2202 non
732 2175 893 2211 corporibus
921 2177 1020 2205 nostris

222 2220 375 2255 immineat,
392 2219 486 2256 fugere
500 2227 551 2248 nos
565 2227 625 2248 eam
647 2219 820 2255 adhortatur,
837 2225 868 2249 ut
893 2222 1021 2250 omnibus

221 2264 329 2293 viribus
343 2265 448 2292 nostris
465 2264 531 2292 abea
553 2264 751 2298 abstineamus,
775 2265 932 2294 consulens.
947 2266 1021 2294 Nihil

222 2309 297 2338 enim
311 2309 380 2338 adeo
394 2317 446 2337 nos
459 2309 642 2346 persequitur,
661 2316 694 2337 ac
713 2310 830 2338 carnalis
843 2311 897 2339 ista
918 2319 1020 2340 concu-

222 2353 362 2390 piscentia.

259 2410 272 2424 α
303 2400 394 2428 Omne
419 2403 560 2435 peccatum
591 2399 776 2436 quodcunque
797 2400 895 2429 fecerit
921 2401 1017 2434 homo.

221 2448 298 2473 extra
312 2452 411 2480 corpus
424 2449 465 2472 est
479 2454 485 2473 :
503 2444 548 2480 qui
565 2452 629 2473 vero
653 2444 816 2480 fornicatur,
832 2446 860 2474 in
877 2447 1019 2482 proprium

221 2499 320 2528 corpus
341 2495 445 2528 peccat.
475 2504 487 2516 ι
515 2492 708 2521 Fornicatione
724 2496 814 2520 totum
836 2501 948 2528 corpus,
975 2494 1019 2520 in-

220 2535 288 2571 quit,
314 2535 504 2571 coinquinatur
526 2536 621 2564 :unde
643 2541 671 2565 et
690 2536 727 2564 ad
749 2536 861 2564 balneas
876 2544 1021 2565 accurrere

218 2581 308 2608 solent
321 2580 369 2617 qui
384 2580 509 2609 fornicati
531 2585 606 2615 sunt,
625 2589 675 2609 ceu
697 2589 813 2618 corpore
830 2582 888 2617 jam
908 2582 1020 2617 polluto.

217 2626 249 2652 In
265 2625 356 2661 ipsum
371 2625 461 2661 itaque
479 2633 580 2661 corpus
598 2625 734 2662 delinquit
754 2629 902 2660 scortator,
922 2630 1023 2654 conta-

270 2688 350 2717 Joan.
368 2696 403 2723 ιι,
421 2691 464 2717 19.
503 2690 514 2705 ¹¹
528 2689 592 2716 Act.
615 2695 639 2724 1,
658 2691 683 2716 3.

709 185 965 214 THEOPHYLACTI
984 185 1162 214 BULGARUE
1180 185 1337 214 ARCHIEP.

1813 190 1850 215 536

1046 250 1075 283 Α
1087 251 1133 278 τοῦ
1158 249 1276 289 Πατρὸς,
1293 250 1329 282 ὣς
1353 248 1437 278 αἰτίου
1449 270 1457 285 ,
1477 247 1695 288 ὁμολογουμένως
1711 248 1799 282 πάντες
1816 261 1852 288 με·

1079 297 1150 336 γάλα
1162 294 1188 312 ³⁰
1202 293 1321 328 ἐδόξαζον
1338 305 1344 312 ·
1360 293 1403 323 διὰ
1415 296 1493 323 τοῦτο
1507 293 1552 322 καὶ
1575 294 1624 329 τὴν
1644 293 1745 333 ἔγερσιν
1759 295 1793 334 τῷ
1805 295 1852 323 ﬂa-

1078 341 1120 381 τρὶ
1135 338 1283 375 ἀνατίθησι,
1298 338 1344 368 καὶ
1364 341 1436 377 ἡμᾶς
1452 339 1498 366 ἀπ’
1521 340 1601 367 αὐτοῦ
1611 338 1634 357 ³⁸
1654 339 1787 378 ἐγερθῆναι
1801 340 1852 368 dsu-

1079 385 1208 427 φαίνεται.
1223 383 1334 422 υΩσπερ
1348 383 1400 424 γὰρ
1422 383 1469 418 τὴν
1491 383 1608 424 κεφαλὴν
1630 384 1727 421 ἡμῶν,
1748 383 1789 413 τὸν
1800 385 1850 424 Χρι-

1079 430 1140 460 στόν
1168 440 1253 470 φημι,
1283 428 1388 468 ἤγειρε,
1414 428 1460 458 καὶ
1484 427 1514 457 τὸ
1538 428 1630 458 λοιπὸν
1656 429 1750 466 σῶμα,
1774 429 1848 466 ἡμᾶς,

1079 475 1199 515 ἐξεγερεῖ.
1225 472 1468 511 Πιστοποιούμενος
1482 473 1510 502 δὲ
1526 472 1569 502 τὸν
1585 473 1664 512 λόγον
1678 496 1687 512 ,
1707 472 1850 512 προσέθηκε,

1078 534 1090 548 ιι
1108 519 1159 550 Διὰ
1171 521 1217 555 τῆς
1229 517 1365 556 δυνάμεως
1377 519 1471 556 αὑτοῦ,
1490 530 1503 544 ιι
1513 517 1610 547 ὡσανεὶ
1621 519 1699 547 τοῦτο
1715 517 1802 557 λέγων’
1812 518 1848 553 Μὴ

1079 565 1246 600 ἀπιστήσητε
1259 563 1286 582 ³²
1313 558 1350 596 οἷς
1374 563 1454 602 λέγω
1479 564 1497 598 ἡ
1526 562 1638 601 δύναμις
1660 561 1712 602 γὰρ
1736 566 1778 592 τοῦ
1795 563 1851 592 Θεοῦ

1078 610 1183 649 μεγάλα
1207 610 1389 648 κατορθοῦσα,
1412 607 1458 637 καὶ
1480 610 1559 637 τοῦτο
1579 606 1696 643 ποιήσει.
1711 606 1774 636 Ὀτι
1788 607 1811 636 δὲ
1823 609 1850 641 ὥς

1077 654 1153 694 αἰτίῳ
1168 655 1207 694 τῷ
1230 652 1319 693 Πατρὶ
1342 652 1391 688 τὴν
1409 652 1556 682 ἀνάστασιν
1572 656 1618 682 τοῦ
1637 653 1751 692 Χριστοῦ
1772 654 1849 682 ἆνατὶο

1078 702 1139 736 θησι
1151 699 1189 735 ³³,
1207 700 1286 734 δῆλον
1307 700 1335 727 ἐκ
1349 699 1396 727 τοῦ
1408 697 1452 727 τὸν
1470 699 1569 738 Κύριον
1584 697 1646 737 περὶ
1668 699 1758 727 ἑαυτοῦ
1772 696 1849 736 λέγειν

1083 755 1098 774 α
1113 744 1218 775 Λύσατε
1243 743 1286 773 τὸν
1301 742 1364 772 ναὸν
1388 745 1500 780 τοῦτον,
1527 742 1574 772 καὶ
1596 743 1624 771 ἓν
1653 741 1736 782 τρισὶν
1759 741 1849 781 ἡμέραις

1079 791 1160 829 ἐγερῶ
1175 788 1266 819 αὐτόν.
1284 802 1296 815 ι
1310 787 1367 819 Καὶ
1381 783 1414 817 αὖ
1428 788 1591 828 γέγραπται,
1615 786 1656 816 ὅτι
1670 800 1683 813 ι
1699 786 1848 827 Παρέστησεν

1080 834 1173 863 ἑαυτὸν
1190 835 1285 868 ζῶντα.
1303 846 1316 860 ι
1329 832 1418 863 "Qa-re
1439 835 1519 862 αὐτοῦ
1536 832 1631 862 ἑαυτὸν
1654 832 1808 871 ἐγείραντος,
1820 833 1849 871 τῷ

1041 899 1065 930 Β
1083 879 1186 918 [Ian-pi,
1203 881 1242 930 ubi
1256 877 1351 930 αἰτίιὶ),
1365 878 1395 930 1‘?
1410 882 1524 930 πρᾶγμα
1537 876 1720 930 apag-rident:

1121 937 1133 950 α
1147 924 1206 954 Οὖκ
1216 923 1303 953 οἴδατε
1314 923 1354 952 ὅτι
1366 922 1400 952 τὰ
1417 923 1532 961 σώματα
1542 923 1618 960 ὑμῶν
1629 922 1656 941 ³⁴
1673 922 1737 960 μέλη
1753 922 1849 961 Χριστοῦ

1083 969 1157 1005 ἔστη
1181 981 1193 994 ι
1206 968 1294 998 Πάλιν
1312 967 1357 997 ἐπὶ
1372 966 1421 1003 τὴν
1433 966 1611 1007 προκειμένην
1625 962 1688 1003 ἦλθε
1703 966 1848 1007 παραίνεσιν,

1080 1013 1128 1050 τὴν
1143 1013 1213 1043 κατὰ
1226 1015 1273 1049 ἧς
1297 1012 1440 1052 πορνείας*
1469 1011 1685 1053 φρικωδέστατον
1707 1011 1733 1041 δὲ
1755 1011 1793 1040 τὸν
1813 1012 1846 1041 λό-

1079 1069 1124 1097 γον
1151 1057 1373 1097 μεταχειρίζεται.
1397 1056 1502 1096 ι”Ᾱρας
1519 1053 1565 1086 οὖν
1587 1055 1623 1085 τὰ
1645 1056 1714 1095 μέλη
1738 1058 1778 1085 τοῦ
1798 1057 1848 1095 Χρι-

1080 1105 1158 1140 στοῦ,
1183 1102 1288 1138 ποιήσω
1315 1101 1412 1141 πόρνης
1438 1101 1523 1139 μέλη;
1555 1101 1603 1136 Μὴ
1634 1101 1749 1140 γένοιτοῐ
1773 1113 1784 1126 ι
1805 1101 1847 1129 Οὐκ

1079 1142 1136 1177 εἶπε
1147 1169 1156 1183 ,
1181 1146 1271 1181 Ζεύξω
1291 1146 1376 1186 πόρνῃ
1386 1169 1394 1183 ,
1411 1146 1469 1176 ἀλλ’
1482 1145 1496 1175 ὃ
1510 1147 1640 1186 φρικῶδες
1656 1142 1688 1182 ἧν
1698 1168 1706 1181 ,
1726 1159 1737 1172 ι
1760 1145 1847 1180 Ποιήσω

1078 1191 1177 1232 πόρνης
1198 1192 1265 1231 μέλη
1276 1203 1284 1229 ;
1296 1204 1309 1217 ν
1332 1191 1382 1225 Τίς
1396 1190 1449 1231 γὰρ
1469 1192 1498 1220 οὖ
1513 1190 1597 1231 φρίξει
1611 1194 1691 1220 τοῦτο
1706 1191 1731 1210 ³⁵
1746 1189 1847 1227 ἀκούων,

1077 1236 1108 1266 τὸ
1131 1239 1287 1267 ἀποσπᾶσαι
1312 1235 1346 1266 τὰ
1372 1237 1441 1275 μέλη
1465 1238 1510 1266 τοῦ
1535 1236 1672 1275 Χριστοῦ,
1694 1236 1738 1265 καὶ
1760 1236 1847 1270 ποιῆσαι

1077 1283 1164 1311 ταῦτα
1179 1281 1294 1321 πόρνης;

1119 1386 1131 1398 α
1153 1372 1211 1401 Οὔκ
1235 1371 1323 1401 οἴδατε
1336 1370 1375 1400 ὅτι
1388 1371 1402 1400 6
1415 1370 1582 1410 κολλώμενος
1654 1371 1735 1411 πόρνῃ
1750 1370 1775 1399 ἓν
1786 1369 1846 1407 σῶμά

1077 1416 1166 1452 ἐστιν;
1183 1415 1313 1446 Ἔσονται
1331 1415 1394 1455 γὰρ,
1409 1416 1506 1456 φησὶν,
1520 1417 1543 1446 οἱ
1558 1415 1603 1446 δύο
1621 1418 1659 1450 εἷς
1671 1416 1753 1456 σάρκα
1768 1416 1828 1453 μίαν.
1838 1428 1846 1438 ι

1077 1461 1250 1490 Πιστοῧταιὸ
1266 1456 1323 1490 εἶπε
1333 1483 1341 1497 ,
1357 1462 1414 1494 πῶς
1432 1460 1550 1500 γίνονται
1567 1461 1671 1501 πόρνης
1688 1460 1721 1490 τὰ
1735 1462 1778 1490 τοῦ
1794 1460 1846 1498 Χρι-

1077 1508 1139 1534 στοῦ
1152 1505 1230 1543 μέλη.
1244 1505 1295 1536 Διὰ
1307 1508 1353 1541 τῆς
1366 1505 1554 1542 συνελεύσεως,
1570 1507 1652 1546 φησὶν
1665 1529 1673 1545 ,
1692 1506 1719 1536 ἓν
1737 1505 1823 1545 γίνεται
1837 1504 1846 1531 6

1078 1549 1144 1591 ᾇνὴρ
1156 1551 1221 1590 πρὸς
1235 1550 1284 1586 τὴν
1297 1551 1407 1590 πόρνην,
1430 1548 1514 1580 Ὥστε
1529 1550 1574 1580 καὶ
1595 1550 1632 1580 τὰ
1653 1550 1720 1591 μέλη
1735 1551 1805 1579 αὐτοῦ
1815 1573 1821 1585 ,
1835 1548 1846 1576 ἃ

1042 1584 1064 1616 C
1078 1584 1146 1630 ἦσαν
1162 1584 1280 1636 ριστοΰ
1291 1618 1299 1632 ,
1315 1584 1417 1632 ἐκείνης
1436 1595 1505 1634 μέλη
1521 1595 1653 1636 ἐγένοντο.

1117 1744 1129 1756 ιι
1144 1730 1179 1761 Ὁ
1195 1729 1222 1760 δὲ
1237 1729 1402 1768 κολλώμενος
1416 1732 1455 1771 τῷ
1479 1730 1570 1772 Κυρίῳ
1585 1731 1611 1760 ἓν
1637 1730 1740 1770 πνεῦμά
1755 1730 1824 1759 ἔστιν.
1837 1741 1844 1751 ι

1075 1774 1163 1816 Ὅρα,
1181 1777 1237 1810 πῶς
1254 1776 1300 1806 καὶ
1315 1776 1362 1806 ἀπ’
1377 1777 1463 1805 αὐτῶν
1479 1777 1505 1795 ³⁶
1528 1779 1639 1815 γυμνῶν
1661 1778 1711 1806 τῶν
1735 1774 1845 1813 ὀνομάτων

1076 1823 1123 1857 τῆς
1145 1821 1243 1860 πόρνης
1266 1821 1312 1850 καὶ
1335 1823 1381 1850 τοῦ
1405 1822 1524 1861 Χριστοῦ
1549 1821 1667 1861 προάγει
1686 1820 1732 1856 τὴν
1756 1828 1847 1856 κατηγο-

1079 1866 1136 1906 ρίαν
1148 1889 1155 1902 ,
1171 1866 1323 1895 δεινοποιῶν
1341 1865 1438 1902 αὐτήν.
1451 1867 1542 1901 Φησὶν
1558 1862 1602 1895 οὖν
1615 1889 1624 1906 ,
1641 1866 1681 1896 ὅτι
1698 1867 1711 1894 6
1728 1865 1762 1905 τῷ
1777 1862 1846 1901 Κυρίῳ

1076 1910 1242 1948 κολλώμενος
1268 1912 1371 1948 πνεῦμα
1387 1910 1488 1949 γίνεται
1515 1911 1610 1949 μόνον,
1627 1912 1668 1952 τῷ
1689 1910 1765 1948 μηδὲν
1782 1910 1846 1936 ποιεῖν

1077 1955 1201 1994 σαρκικόν
1215 1967 1222 1974 ·
1236 1954 1376 1993 τουτέστι,
1387 1955 1565 1993 πνευματικὸς
1579 1956 1744 1985 καθίσταται.
1767 1952 1797 1982 Ἡ
1809 1952 1845 1990 γὰρ

1077 1999 1143 2038 πρὸς
1164 2000 1208 2028 τὸν
1231 1999 1329 2039 Κύριον
1353 1999 1444 2033 ἔνωσις
1463 1998 1506 2029 τὸν
1528 2000 1662 2039 ἁγιασμὸν
1682 2002 1726 2029 τοῦ
1742 1996 1844 2033 Πνεύμα-

1078 2056 1121 2078 τος
1142 2046 1213 2084 αὐτῷ
1238 2045 1358 2084 χορηγεῖ.
1379 2043 1484 2078 Ἐδειξε
1508 2045 1534 2073 δὲ
1556 2045 1600 2074 διὰ
1624 2044 1723 2075 τούτων
1745 2042 1787 2072 καὶ
1804 2041 1844 2071 πῶς

1077 2090 1194 2129 Χριστοῦ
1210 2089 1278 2127 μέλη
1291 2089 1409 2128 γίνονται
1425 2091 1448 2119 οἱ
1459 2089 1560 2120 πιστοί.

1117 2148 1130 2160 «
1146 2135 1266 2172 Φεύγετε
1281 2134 1328 2169 τὴν
1343 2134 1477 2174 πορνείαν.
1500 2147 1512 2160 ιι
1527 2133 1635 2176 Ὥσπερ
1649 2133 1707 2164 τινὰ
1729 2131 1844 2170 διώχτριαν

1078 2174 1175 2216 οὖσαν,
1191 2179 1236 2208 καὶ
1251 2179 1291 2209 ἀεὶ
1308 2182 1371 2217 ἡμῖν
1396 2179 1582 2218 ἐπικειμένην,
1599 2180 1702 2220 φεύγειν
1719 2176 1842 2220 προτρέπε-

1037 2217 1062 2248 Ῑ)
1077 2236 1135 2260 ται,
1173 2223 1222 2260 τὴν
1250 2224 1441 2262 ἐπιτεταμένην
1473 2217 1580 2264 ἆποχὴν
1605 2217 1712 2260 ’ταῦτης
1738 2218 1844 2264 ὑποτιθεὶς

1077 2271 1152 2306 ἡμῖν.
1169 2267 1255 2298 Οὐδὲν
1278 2268 1329 2309 γὰρ
1345 2261 1414 2298 οὕτω
1431 2261 1634 2310 διιίυιειῖῖπμᾶς⁷
1652 2271 1686 2303 ὡς
1712 2270 1728 2304 ἡ
1752 2261 1842 2306 σαρκικὴ

1077 2312 1216 2352 ἐπιθυμία.

1116 2411 1128 2425 ι
1145 2399 1205 2428 Πᾶν
1220 2398 1370 2438 ἁμάρτημα
1395 2398 1410 2428 ὃ
1433 2398 1478 2429 ἐὰν
1503 2399 1604 2440 ποιήσῃ
1627 2400 1772 2440 ἄνθρωπος,
1787 2392 1842 2424 ίκτδί

1074 2445 1120 2472 τοῦ
1135 2442 1259 2482 σώματός
1275 2446 1345 2473 ἐστιν
1361 2455 1368 2462 ·
1383 2445 1396 2472 6
1408 2443 1435 2473 δὲ
1451 2445 1599 2484 πορνεύων,
1613 2447 1648 2478 εἰς
1666 2444 1694 2473 τὸ
1709 2443 1768 2472 ἴδιον
1781 2440 1841 2475 σῶμαι

1075 2488 1233 2528 ἁμαρτάνει.
1250 2502 1262 2514 ιι
1280 2488 1350 2518 Ὑπὸ
1370 2490 1416 2524 τῆς
1438 2489 1581 2529 πορνείας,
1607 2490 1701 2530 φησὶν,
1725 2488 1779 2516 ὅλον
1801 2493 1842 2530 εξο-

1075 2527 1181 2562 λύνεται
1195 2533 1225 2561 τὸ
1238 2534 1317 2571 σῶμα
1328 2545 1336 2551 ·
1351 2532 1409 2562 ὅθεν
1425 2527 1534 2563 καὶγέπὶ
1550 2527 1676 2574 βαλανεῖα
1695 2531 1787 2572 τρέχειν
1799 2527 1841 2574 ἔθος

1074 2582 1128 2610 τοῖς
1150 2570 1346 2617 πορνεύσασιν,
1372 2580 1408 2612 ὡς
1429 2570 1600 2618 μολυνθέντος
1623 2570 1721 2615 δηλαδῆ
1745 2577 1785 2604 τοῦ
1799 2570 1840 2601 σάν

1077 2634 1168 2659 ματος.
1181 2623 1229 2656 Εἷς
1241 2623 1305 2653 αὖτό
1319 2623 1406 2653 τοίνυν
1421 2623 1451 2653 τὸ
1463 2626 1543 2664 σῶμα
1561 2623 1706 2665 ἁμαρτάνει
1721 2623 1734 2650 6
1747 2618 1825 2658 πόρνος
1833 2635 1838 2649 ι

913 2741 1007 2772 Variae
1029 2742 1184 2773 lectiones.

253 2794 275 2811 ³⁰
300 2795 393 2829 πάνταῖ
408 2795 472 2830 μέγα
496 2802 522 2823 ο.
567 2794 586 2811 ³¹
615 2793 656 2821 ὕπ’
677 2793 752 2821 αὺτοῦ
776 2802 815 2823 m.
854 2794 876 2812 ³³
903 2793 938 2831 μὴ
965 2795 1090 2823 ἀπιστεῖτε
1114 2803 1158 2825 m.
1198 2795 1220 2812 ³³
1246 2795 1365 2832 ἐπέγραψε
1393 2804 1419 2826 ο.
1458 2797 1480 2814 ⁸ι
1503 2797 1575 2833 ἡμῶν
1602 2804 1628 2826 ο,
1665 2795 1686 2813 ³⁵
1705 2792 1788 2821 τούτων
1810 2793 1831 2814 0-

218 2834 240 2851 ³⁸
255 2834 387 2869 ὓπ’,κα“ι,
401 2835 439 2862 ἐπ’
454 2842 481 2862 ο.
