1881 3081
26 192 75 218 637
463 188 636 217 EXPOSITIO
655 189 689 216 IN
707 187 810 217 EPIST.
832 189 842 216 1

857 188 902 216 AD
921 188 1000 216 COR.
1019 204 1055 209 —
1074 189 1150 217 CAP.
1171 190 1214 217 Vl.
1621 194 1672 221 638

26 253 147 290 μολύνων
167 252 230 282 αὖτὸ
246 251 292 282 καὶ
309 251 540 293 καταῤῥυπαίνων.
557 253 590 281 Εἰ
614 251 664 291 γὰρ
679 251 724 281 καὶ
747 253 761 281 6
776 251 811 291 (pd

911 251 992 279 inans
1004 251 1105 287 ipsum,
1119 252 1300 288 sordilmsquc
1310 261 1507 288 conspurcans.
1519 255 1673 284 Acetiamsi

25 308 64 329 νος
78 298 153 327 δοκεῖ
167 297 210 326 διὰ
225 301 270 326 τοῦ
291 296 414 333 σώματος
435 297 570 336 γίνεσθαι,
596 296 657 325 ἀλλ’
671 297 701 326 οὖ
716 300 771 326 πᾶν
793 295 820 315 ³⁷

27 342 54 371 τὸ
68 343 148 379 σῶμα
167 341 284 381 μολύνει.
304 341 382 374 Εἰκὸς
393 341 444 381 γὰρ
459 341 477 377 ἢ
493 341 574 381 λίθῳ,
588 341 605 377 ἢ
626 340 696 381 ξύλῳ
713 342 804 380 βαλεῖν
814 363 822 377 ,

28 386 42 421 ἢ
69 386 144 426 ἄλλῳ
169 385 220 415 τινὶ
235 386 337 426 ὀργάνῳ
349 408 358 424 ,
374 386 420 415 καὶ
445 386 481 422 μὴ
505 388 648 423 μιανθῆναι
662 385 692 415 τὸ
716 387 795 424 σῶμα
812 394 819 402 “

26 431 150 470 πορνείαν
166 430 194 460 δὲ
210 432 366 466 τελεσθῆναι
376 430 458 470 χωρὶς
479 433 526 460 τοῦ
541 430 664 469 σώματος
678 430 818 460 ἀδύνατον

28 475 82 504 ὅθεν
98 474 252 514 ἀναγκαίως
274 475 320 504 καὶ
340 475 491 512 μολύνεται.
511 474 624 514 Ἐξᾶραι
640 474 668 504 δὲ
682 474 820 511 ἠϐουλήθη

28 520 55 548 τὸ
70 524 201 559 πρᾶγμα,
225 519 316 555 ἐπειδὴ
336 519 398 560 περὶ
420 521 500 548 αὐτοῦ
514 519 654 559 πρόκειται
673 519 746 559 αὖτῷ
760 518 785 538 ³⁸
803 521 820 554 ἡ

29 564 190 604 παραίνεσις.
216 566 258 594 Οὖ
279 563 330 604 γὰρ
351 565 456 597 πάντως
477 564 585 593 πάντων
609 568 698 604 χεῖρον
712 567 730 601 ἡ
755 575 819 603 πορ-

29 610 91 639 νεία.
114 605 187 638 Οἶδα
201 609 248 638 καὶ
270 608 353 642 ἄλλας
376 609 412 642 εἰς
432 610 511 639 τοῦτο
527 608 614 642 λύσεις
629 619 636 625 ·
657 604 726 644 οἷον,
752 608 793 638 ὅτι
807 609 821 637 6

29 653 157 693 πορνεύων
172 655 209 687 εἷς
223 653 253 683 τὸ
263 653 328 682 ἴδιον
340 654 419 691 σῶμα
440 652 587 693 ἁμαρτάνει
600 675 609 691 ,
624 653 690 683 καθὸ
712 653 742 682 οὗ
757 664 820 681 παι-

30 697 143 732 dumdu
174 698 320 738 ἐπιθυμίᾳ,
354 699 389 731 ὡς
408 697 434 716 ³9
462 698 527 738 πρὸς
553 698 661 736 ἔννομον
687 701 819 737 γυναῖκα,

31 742 166 780 μίγνυται,
184 742 255 772 ἀλλὰ
274 742 363 783 μάτην
376 741 441 772 αὐτὸ
454 741 554 783 φθείρει
568 744 602 782 τῇ
617 743 751 782 ἄποῤῥοῇ,
776 742 821 772 καὶ

30 787 156 825 diunge?
169 787 204 817 ⁴⁰.
224 787 279 818 Καὶ
298 782 332 815 αὖ
347 782 534 822 ἄλλωςίὸτιὸ
553 786 686 827 πορνεύων
712 788 749 820 εἷς
771 787 820 822 τὴν

31 833 155 869 γυναῖκα,
217 832 355 871 μίγνυται,
376 831 539 871 ἁμαρτάνει,
561 831 619 867 ἥτις
640 834 719 870 σῶμα
741 831 821 860 αὐτοῦ

31 877 81 905 ἐστι
105 875 149 905 διὰ
177 879 226 912 τῆς
241 876 417 909 συνελεύσεως
432 876 471 907 “.
489 876 565 907 Καθὸ
579 875 631 916 γὰρ
645 877 674 905 οὗ
696 875 820 914 μίγνυται

32 921 93 960 αὐτῇ
108 920 239 959 νομίμως,
253 921 400 960 ἁμαρτάνει
420 922 457 954 εἷς
478 920 570 957 αὐτήν.
591 915 667 957 Πλὴν
681 922 698 956 ἡ
711 923 755 950 τοῦ
768 932 817 958 με-
835 915 860 946 Β

31 965 106 1003 γάλου
121 965 248 996 Ἰωάννου
263 965 339 999 λύσις
348 988 355 1002 ,
374 967 468 994 πασῶν
482 965 510 984 ⁴²
533 964 659 1004 κρείττων
670 986 680 1002 ,
694 967 712 1002 ἡ
726 965 820 1005 πρώτη

31 1009 139 1046 δηλαδή.
165 1010 310 1050 Ἀποροῦσι
324 1010 352 1040 δέ
376 1021 443 1043 τινες
458 1022 465 1029 ·
492 1009 528 1040 Τί
543 1006 604 1047 οὗν;
628 1009 664 1041 Ὁ
689 1009 780 1050 φθόνος
793 1011 823 1040 οὗ

30 1055 99 1091 τήκει
112 1055 142 1084 τὸ
167 1057 266 1093 caput;
290 1054 345 1085 Καὶ
368 1054 462 1084 λύουσι
484 1055 584 1092 πάλιν,
611 1054 651 1084 ὅτι
669 1055 707 1086 Ὀ
733 1054 822 1095 φθόνος

30 1100 105 1133 πάθος
119 1099 206 1136 ἐστὶν,
230 1100 279 1129 οὔκ
299 1099 415 1139 ἐνέργεια
428 1110 436 1118 '
458 1098 520 1140 περὶ
544 1099 675 1139 ἐνεργείας
698 1099 726 1130 δὲ
741 1101 787 1129 νῦν
808 1101 822 1129 6

31 1144 99 1183 λόγος
112 1145 150 1185 τῷ
165 1144 332 1184 Ἀποστόλῳ.
349 1144 426 1180 Φησὶ
439 1143 492 1184 γάρ
503 1155 510 1162 ·
536 1157 549 1170 ιι
569 1145 630 1174 Πιῖν
643 1144 794 1185 ἁμάρτημα
808 1144 823 1174 6

32 1188 72 1218 ἐὰν
87 1189 184 1229 ποιήσῃ
206 1190 343 1229 ἄνθρωπος
356 1200 363 1207 ·
386 1189 415 1218 οὖ
442 1188 496 1228 μὴν
514 1188 575 1228 περὶ
599 1190 705 1224 πάθους.
721 1189 756 1219 ’0
771 1189 823 1229 γὰρ

33 1234 115 1274 φθόνος
138 1235 168 1265 οὗ
197 1233 301 1274 γίνεται
328 1234 392 1275 παρ’
420 1235 496 1273 ἡμῶν
509 1256 520 1273 ,
545 1234 604 1264 ἀλλ’
626 1234 771 1275 ἐνεργεῖται
795 1235 822 1264 ἰν

33 1279 104 1316 ἡμῖν.

74 1423 85 1438 ε
102 1411 141 1442 Ἦ
152 1411 203 1441 οὔκ
219 1411 322 1448 οἴδατε,
335 1410 376 1440 ὅτι
387 1410 422 1440 τὰ
441 1410 555 1450 σώματα
572 1411 645 1450 ὖμῶν
660 1410 721 1445 ναὸς
737 1413 782 1441 τοῦ
798 1413 824 1443 ἐν

35 1455 90 1492 ὑμῖν
101 1456 175 1495 ἁγίου
187 1455 348 1495 Πνεΰματός
360 1452 484 1494 ἐστιν,ὀῦ
496 1456 572 1496 ἔχετε
586 1456 640 1486 ἀπὸ
651 1457 696 1485 τοῦ
708 1456 796 1492 Θεοῦς
811 1470 824 1483 ι

35 1498 153 1540 Ἐκφοϐεῐ
167 1501 207 1530 ἔτι
223 1501 305 1530 πλέον
319 1500 365 1530 καὶ
385 1502 423 1541 τῷ
437 1500 541 1540 μεγέθει
556 1502 604 1537 τῆς
618 1501 733 1542 δωρεᾶς,
748 1513 826 1531 τουτ-

38 1546 105 1582 έστι,
126 1548 173 1576 τοῦ
196 1545 372 1584 Πνεύματος,
393 1545 439 1575 καὶ
518 1545 578 1586 ἀξίᾳ
594 1549 640 1576 τοῦ
656 1545 822 1585 βεδωκότος,

36 1590 219 1627 τουτίστι,τοῢ
233 1591 314 1621 Θεοῦ.
333 1590 420 1629 Ναὸς,
444 1590 539 1631 φησὶν,
565 1590 642 1628 ἐστὲ,
667 1590 714 1620 καὶ
730 1590 802 1629 ἅγιος
815 1603 824 1612 ·

38 1634 106 1673 ἁγίου
127 1636 177 1676 γὰρ
203 1634 371 1674 Πνεύματος.
397 1634 445 1671 Μὴ
470 1634 557 1665 τοίνυν
575 1635 669 1676 μιαρὸν
692 1635 825 1672 ποιήσητε

38 1678 75 1708 τὸν
86 1678 156 1719 ἅγιον
167 1679 250 1717 ναὸν,
275 1679 343 1718 μηδὲ
368 1679 533 1720 ἇχρειώσητε
552 1679 600 1715 τὴν
623 1682 670 1710 τοῦ
685 1681 756 1711 Θεοῦ
771 1681 825 1710 δω-

39 1723 92 1762 ρεάν
106 1735 112 1742 -
144 1724 198 1754 ἀπὸ
228 1725 300 1755 Θεοῦ
326 1723 379 1765 γὰρ
406 1723 481 1765 ἔχετε
507 1724 556 1761 τὴν
589 1724 689 1765 δωρεὰν
718 1725 764 1755 καὶ
794 1724 824 1755 τὸ

39 1768 152 1801 Πνεῦμα.

74 1827 85 1839 ι
97 1814 149 1844 Καὶ
163 1815 213 1844 οὐκ
223 1813 295 1852 {lori
315 1813 433 1852 ἕαυτῶνς
456 1813 622 1854 ἠγοράσθητε
636 1813 689 1855 γὰρ
702 1817 792 1853 τιμῆς.
812 1828 824 1842 ι

40 1857 104 1888 Ὑπὸ
118 1859 274 1896 Δεσπότην,
292 1858 384 1900 φησὶν,
401 1858 460 1889 ἐστὶ
472 1881 482 1898 ,
499 1859 546 1888 καὶ
568 1859 642 1890 οὐδὲν
655 1858 728 1900 ἔχετε
743 1860 824 1898 ἴδιον,

41 1902 92 1932 οὔτε
105 1903 133 1933 τὸ
146 1905 237 1943 σῶμα.
255 1917 267 1930 ι
281 1903 470 1942 Ἠγοράσθητε
484 1903 536 1943 γὰρ
549 1905 628 1942 τιμῆς
643 1915 651 1923 ο
667 1917 678 1930 ι
691 1905 822 1942 τουτέστι,

41 1947 85 1977 Διὰ
97 1950 141 1978 τοῦ
165 1948 280 1987 αἵματος
301 1951 348 1978 τοῦ
367 1949 495 1989 Χριστοῦ.
511 1948 596 1979 Ὥστε
611 1948 645 1978 τὰ
667 1949 736 1988 μέλη
751 1951 824 1987 ὑμῶν

43 1991 107 2032 ἄλλῳ
123 1994 246 2033 Δεσπότῃ
266 1993 434 2030 ὑπόκεινται,
461 1993 508 2023 καὶ
530 1992 595 2023 ὅπου
618 1993 687 2024 θέλει
713 1995 823 2031 ἐκεῖνος,

42 2036 140 2075 ἄγεσθαι
161 2040 248 2067 ταῦτα
264 2039 313 2069 δεῖ.
335 2039 429 2069 Ταῦτα
448 2038 475 2068 δὲ
496 2037 584 2076 λέγει,
600 2039 629 2067 οὖ
643 2037 673 2068 τὸ
698 2039 822 2073 αὐτεξού-

43 2092 92 2110 σιον
106 2083 218 2122 ἀναιρῶν
233 2083 271 2120 ⁴³,
297 2082 366 2112 ἀλλὰ
389 2082 421 2112 τὸ
444 2082 545 2112 δίκαιον
565 2082 680 2113 δείκνυσι
704 2086 750 2114 τοῦ
772 2085 824 2113 δεῖν

44 2126 104 2163 ἡμᾶς
115 2127 243 2157 δουλεύειν
256 2128 295 2168 τῷ
307 2128 370 2168 Θεῷ
380 2149 389 2167 ,
404 2127 447 2168 ὑφ’
465 2123 493 2157 οὗ
506 2127 552 2158 καὶ
567 2128 765 2168 ἠγοράσθημεν.

840 1574 865 1608 C

80 2232 90 2245 α
103 2220 233 2255 Δοξάσατε
247 2220 274 2251 δὲ
288 2221 332 2251 τὸν
342 2221 411 2253 Θεὸν
422 2222 448 2251 ἐν
458 2222 496 2262 τῷ
507 2222 614 2260 σώματι
626 2224 707 2261 ὗμῶν.
721 2235 733 2250 ι
745 2219 824 2253 Ἐπεὶ
838 2235 864 2267 D

45 2258 83 2292 οὖν
101 2266 278 2305 ἠγοράσθητε,
300 2266 381 2307 φησὶ,
405 2258 533 2300 δοξάσατε
548 2258 581 2303 δὴ
596 2258 647 2297 τὸν.
661 2266 730 2297 Θεὸν
745 2269 771 2297 ἐν
786 2269 825 2308 τῷ

45 2307 139 2346 σώματι
151 2312 225 2349 ὑμῶν
237 2335 243 2347 ,
259 2311 307 2345 τὰς
326 2310 429 2351 ἀγαθὰς
451 2311 558 2351 πράξεις
582 2311 626 2341 διὰ
641 2313 688 2341 τοῦ
703 2307 827 2350 σώματος

46 2354 193 2395 τελοῦντες,“
207 2355 253 2385 καὶ
279 2355 353 2395 ἅγιον
375 2356 439 2386 αὐτὸ
462 2358 602 2396 τηροῦντες
626 2356 673 2386 καὶ
698 2357 824 2397 καθαρόν.

46 2397 178 2433 Δοξάζεται
199 2400 251 2440 γὰρ
275 2401 289 2429 6
301 2400 369 2434 Θεὸς
379 2422 388 2438 ,
405 2400 439 2430 τὰ
451 2401 521 2430 καλὰ
535 2399 600 2440 ἔργα
615 2401 689 2439 ὑμῶν
705 2401 826 2440 δρώντων

47 2443 91 2470 τῶν
105 2443 260 2483 ἀνθρώπων,
275 2445 322 2474 καὶ
336 2445 485 2478 ἀκολούθως
502 2444 661 2479 δοξαζόντων
676 2445 767 2476 αὐτόν.

82 2501 94 2513 ι
115 2488 167 2517 Καὶ
180 2490 207 2518 ἐν
222 2491 260 2529 τῷ
276 2489 408 2528 πνεύματι
424 2490 510 2529 ὑμῶν.
523 2503 536 2515 ι
559 2489 696 2520 Δείκνυσιν
706 2511 715 2527 ,
742 2490 783 2520 ὅτι
796 2490 826 2520 οὗ

49 2530 143 2570 σώματι
163 2533 240 2571 μόνον
266 2533 319 2574 χρὴ
343 2534 447 2574 φεύγειν
471 2533 520 2570 τὴν
533 2534 674 2574 πορνείαν,
698 2534 767 2564 ἀλλὰ
781 2535 826 2565 καὶ

50 2577 112 2616 ψυχῇ
121 2601 128 2614 ,
141 2579 177 2618 τῷ
193 2578 259 2617 μηδὲ
274 2579 300 2598 ⁴⁴
315 2578 384 2608 κατὰ
397 2579 513 2609 διάνοιαν
531 2579 688 2618 μολύνεσθαι
703 2579 825 2619 (πνεῦμα

51 2620 93 2660 γὰρ
103 2626 147 2658 τὴν
162 2624 276 2653 διάνοιαν
293 2623 420 2662 ἐκάλεσε)
443 2636 450 2644 ο
471 2623 518 2654 καὶ
533 2627 550 2661 ἡ
566 2626 592 2655 ἐν
608 2627 641 2666 τῇ
663 2625 760 2666 καρδίᾳ
774 2625 825 2665 γὰρ

52 2666 143 2705 μοιχεία
158 2668 183 2697 ἐν
196 2669 367 2708 Εὖαγγελίοις
381 2669 573 2709 ἀπηγόρευται.

80 2723 89 2736 ¹
101 2721 194 2749 Matth.
209 2730 240 2757 ν,
255 2725 299 2750 28.

875 295 964 324 caedes
979 303 1026 332 per
1037 304 1138 332 corpus
1157 296 1216 324 ﬁeri
1232 297 1368 331 videatur,
1393 306 1449 326 non
1474 302 1569 327 tamen
1583 304 1674 328 totum

875 348 974 376 corpus
989 341 1160 377 coinquinat.
1173 343 1244 369 Nam
1255 342 1404 370 verisimile
1418 347 1459 370 est
1471 343 1559 379 lapidc
1570 347 1670 379 petere,

875 386 916 414 vel
931 385 1016 421 ligno,
1032 386 1072 413 vel
1087 386 1142 413 alio
1158 387 1291 422 quopiam
1308 388 1502 421 instrumento,
1517 393 1546 415 et
1561 396 1616 416 non
1630 389 1674 416 in-

876 430 980 466 quinari
995 438 1096 467 corpus
1114 439 1122 458 :
1140 431 1354 459 fornicationem
1377 436 1472 460 autem
1490 433 1559 460 citra
1574 440 1674 468 corpus

875 474 1006 510 perﬁcere
1029 475 1195 511 impossibile
1220 480 1263 504 est
1284 486 1292 504 :
1315 476 1389 504 unde
1412 477 1566 505 necessario
1590 477 1676 506 etiam

874 519 1078 556 coinquinatur.
1094 522 1166 549 Rem
1180 525 1272 549 autem
1286 529 1448 558 exaggerare
1464 521 1676 558 voluerat,'_quia

875 563 910 592 de
933 564 994 600 ipsa
1006 572 1128 601 praesens
1139 565 1295 594 exhortatio
1316 566 1438 594 instituta
1452 570 1505 595 est.
1523 568 1587 595 Non
1600 567 1676 595 enim

875 609 990 637 omnino
1003 610 1130 638 omnium
1141 610 1257 646 pessima
1271 615 1313 638 est
1325 610 1486 640 fornicatio.
1504 611 1580 640 Alias
1595 611 1677 639 etiam

875 653 1009 689 quasdam
1028 655 1184 683 solutiones
1198 656 1272 683 novi.
1292 655 1418 691 Exempli
1437 656 1535 692 gratia.
1552 656 1604 691 Qui
1619 656 1677 684 for-

875 698 992 733 nicatur,
1007 699 1035 727 in
1050 700 1192 736 proprium
1206 707 1307 736 corpus
1331 704 1434 736 peccat,
1459 704 1594 737 quatenus
1616 708 1675 729 non

876 743 961 778 prolis
982 743 1131 779 desiderio,
1150 744 1262 781 perinde
1282 753 1315 773 ac
1329 753 1393 773 cum
1409 745 1529 781 legitima
1549 745 1676 782 conjuge,

875 788 1019 822 miscetur,
1055 788 1105 818 sed
1128 789 1228 817 frustra
1265 789 1357 826 ipsum
1384 790 1538 826 corrumpit
1565 790 1678 818 seminis

875 831 1036 868 profusione
1056 841 1089 862 ac
1102 833 1239 862 debilitat.
1253 835 1360 862 Rursus
1372 834 1450 862 aliter
1466 844 1473 862 :
1489 834 1543 870 Qui
1558 834 1678 863 fornica-

873 879 929 912 tur,
946 877 975 906 in
997 877 1131 907 feminam
1150 879 1195 907 cui
1213 879 1357 913 miscetur,
1369 883 1473 915 peccat,
1488 887 1550 916 quae
1572 887 1674 915 corpus

876 923 963 958 ipsius
983 927 1024 952 est
1038 930 1087 960 per
1098 931 1288 960 congressum.
1305 925 1376 952 Nam
1392 928 1527 960 quatenus
1538 924 1678 960 illegitime

875 975 940 996 cum
961 975 992 996 ea
1015 968 1156 1003 miscetur,
1178 973 1273 1004 peccat
1286 969 1317 996 in
1337 969 1437 1005 ipsam.
1465 968 1550 1004 Atqui
1579 969 1674 1005 magni

875 1013 991 1041 Joannis
1012 1013 1112 1041 solutio
1132 1013 1239 1042 cunctis
1252 1017 1294 1042 est
1315 1013 1500 1049 praestantior,
1525 1012 1613 1050 prima
1636 1013 1677 1041 ni-

876 1057 989 1086 mirum.
1011 1057 1165 1094 Ambigunt
1189 1061 1281 1086 autem
1307 1058 1353 1086 hic
1370 1058 1506 1092 nonnulli,
1531 1057 1677 1087 dicentes:

877 1102 950 1138 Quid
972 1102 1081 1139 igitur?
1101 1104 1200 1131 Nonne
1233 1107 1261 1132 et
1288 1102 1394 1131 invidia
1427 1111 1528 1140 corpus
1550 1101 1679 1131 tabefacit

875 1148 997 1184 adeoque
1010 1148 1136 1176 dissolvit
1149 1150 1161 1177 P
1173 1149 1278 1176 Verum
1303 1147 1414 1176 diluunt
1436 1148 1471 1176 ad
1494 1148 1568 1176 hunc
1580 1155 1679 1176 rursus

876 1192 996 1221 modum
1012 1201 1019 1220 :
1035 1192 1139 1221 Invidia
1154 1197 1198 1221 est
1215 1193 1316 1229 passio,
1335 1201 1392 1221 non
1405 1193 1478 1221 actio
1492 1201 1500 1220 :
1523 1192 1558 1221 de
1571 1192 1678 1221 actione

875 1241 969 1266 autem
990 1245 1064 1266 nunc
1084 1237 1283 1266 sermocinatur
1315 1238 1476 1274 Apostolus.
1504 1238 1552 1266 Ait
1572 1237 1650 1266 enim
1667 1246 1674 1266 :

879 1294 892 1307 ι
917 1283 1008 1311 Omne
1035 1286 1178 1319 peccatum
1199 1282 1384 1319 quodcunque
1408 1282 1504 1311 fecerit
1535 1282 1620 1310 homo
1637 1292 1644 1310 :
1662 1294 1675 1306 ιι

877 1335 934 1356 non
948 1331 1041 1355 autem
1053 1326 1089 1355 de
1098 1327 1366 1364 passioneloquitur.
1379 1327 1463 1363 156
1479 1327 1586 1355 Invidia
1601 1326 1676 1355 enim

878 1379 935 1400 non
949 1372 985 1400 sit
995 1379 1010 1400 a
1028 1371 1117 1406 nobis,
1131 1371 1179 1401 sed
1193 1371 1314 1400 efﬁcitur
1330 1372 1358 1400 in
1367 1372 1459 1400 nobis.

914 1418 1005 1445 νεεδ.
1020 1419 1065 1445 19.
1082 1428 1095 1441 ι
1115 1419 1160 1445 An
1172 1417 1283 1445 nescitis
1299 1416 1373 1453 quod
1391 1423 1506 1452 corpora
1520 1419 1609 1444 vestra
1622 1415 1678 1444 sint

878 1462 1012 1498 templum
1033 1461 1149 1497 Spiritus
1173 1462 1273 1495 sancti,
1291 1461 1339 1498 qui
1358 1465 1401 1489 est
1428 1461 1457 1489 in
1480 1459 1567 1494 vobis,
1595 1467 1678 1496 quem

879 1505 986 1535 habetis
1004 1514 1020 1535 a
1047 1507 1132 1535 Deo?
1149 1518 1161 1531 ι
1183 1506 1382 1535 Vehementius
1408 1513 1457 1534 eos
1487 1503 1678 1542 perterrefacit

880 1551 945 1580 doni
959 1550 1156 1588 magnitudine,
1180 1551 1232 1579 hoc
1258 1555 1302 1579 est
1315 1551 1444 1586 Spiritus,
1461 1554 1521 1578 tum
1540 1549 1676 1586 dignitate

881 1596 1019 1631 donantis,
1042 1595 1095 1624 hoc
1109 1599 1152 1623 est
1174 1595 1236 1624 Dei.
1251 1596 1412 1631 Templum,
1435 1595 1534 1631 inquit,
1558 1593 1635 1627 estis,
1649 1597 1677 1621 et

879 1645 1016 1675 sanctum,
1041 1640 1158 1678 Spiritus
1178 1640 1310 1668 nimirum
1332 1639 1430 1668 sancti.
1454 1641 1496 1668 Ne
1517 1639 1601 1675 igitur
1621 1640 1679 1674 pol-

880 1686 964 1714 luatis
979 1685 1115 1721 templum
1130 1684 1287 1713 istiusmodi
1306 1688 1431 1713 sanctum
1442 1705 1450 1719 ,
1470 1691 1560 1720 neque
1581 1683 1679 1712 inutile

880 1730 999 1760 reddatis
1016 1731 1069 1759 Dei
1088 1730 1194 1759 donum
1210 1739 1217 1758 :
1232 1737 1248 1758 ε
1261 1732 1320 1758 Deo
1331 1730 1404 1758 enim
1415 1728 1520 1758 habetis
1532 1731 1560 1757 et
1570 1728 1678 1758 donum

879 1780 908 1805 et
926 1775 1070 1812 Spiritum.

914 1822 1006 1849 Vsns.
1017 1821 1062 1849 20.
1080 1831 1093 1844 ι
1119 1821 1154 1848 Et
1167 1827 1222 1848 non
1241 1820 1305 1848 estis
1323 1818 1406 1847 vestri
1425 1819 1549 1856 ipsorum
1565 1818 1677 1855 Isiqui-

879 1865 943 1895 dem
964 1865 1051 1901 empti
1078 1865 1145 1893 estis
1169 1864 1269 1901 pretio.
1289 1876 1301 1888 ιι
1325 1864 1382 1892 Sub
1408 1863 1542 1898 Domino,
1575 1863 1676 1898 inquit,

879 1911 955 1945 estis,
970 1909 1092 1945 nihilque
1107 1908 1249 1945 proprium
1263 1908 1379 1943 habetis,
1395 1916 1429 1937 ne
1452 1908 1545 1944 ipsum
1566 1907 1677 1944 quidem

880 1963 988 1992 corpus.
1005 1966 1019 1979 ι
1042 1953 1135 1990 Empti
1151 1965 1164 1978 ι
1194 1953 1269 1982 enim
1285 1962 1299 1979 ι>
1323 1954 1387 1981 estis
1411 1953 1510 1990 pretio,
1539 1963 1552 1979 ι
1580 1960 1680 1989 nempe

880 2009 929 2037 per
956 1999 1118 2035 sanguinem
1140 1998 1252 2032 Christi,
1280 1997 1399 2026 Proinde
1431 1998 1558 2026 membra
1590 2001 1678 2025 vestra

880 2045 922 2073 alii
945 2044 1068 2073 Domino
1092 2047 1159 2072 sunt
1179 2043 1313 2080 subjecta,
1339 2047 1366 2070 et
1383 2050 1438 2078 quo
1452 2043 1512 2070 vult
1532 2042 1587 2076 ille,
1612 2041 1678 2070 duci

880 2094 986 2127 oportet
1010 2097 1050 2118 ea.
1067 2089 1135 2117 Haec
1150 2092 1243 2116 autem
1264 2087 1371 2121 dicens.
1384 2087 1503 2116 liberum
1527 2087 1675 2115 arbitrium

879 2144 937 2164 non
952 2135 1032 2170 tollit,
1053 2138 1182 2163 ceterum
1205 2141 1252 2169 par
1275 2137 1304 2161 et
1313 2133 1420 2168 justum
1448 2139 1508 2160 esse
1530 2135 1678 2165 monstrat,

879 2188 930 2209 nos
946 2182 1004 2208 Deo
1016 2179 1128 2213 servire,
1152 2187 1168 2206 a
1185 2186 1240 2214 quo
1249 2182 1277 2206 et
1289 2177 1374 2213 empti
1389 2184 1497 2205 sumus.

917 2236 931 2250 α
947 2224 1104 2253 Gloriﬁcate
1117 2225 1209 2251 Deum
1228 2223 1256 2251 in
1265 2229 1381 2258 corpore
1399 2225 1498 2250 vestro.
1517 2231 1531 2246 ιι
1544 2221 1679 2256 Quoniam

881 2273 958 2306 empt
987 2269 1062 2303 estis,
1087 2268 1186 2304 inquit,
1210 2267 1359 2304 glorificate
1382 2269 1475 2295 Deum
1500 2266 1530 2293 in
1565 2273 1680 2300 corpore

881 2319 981 2347 vestro,
1006 2313 1077 2341 bona
1100 2320 1183 2349 opera
1209 2320 1258 2348 per
1280 2319 1381 2348 corpus
1406 2310 1587 2348 perﬁcientes,
1614 2317 1678 2338 san-

881 2363 1012 2395 ctumque
1026 2358 1117 2394 ipsum
1143 2361 1283 2385 servantes
1303 2360 1332 2384 et
1358 2363 1471 2392 purum.
1499 2354 1679 2384 Gloriﬁcatur

881 2404 956 2432 enim
977 2405 1064 2436 Deus,
1078 2409 1144 2430 cum
1161 2402 1231 2430 bona
1244 2409 1328 2438 opera
1351 2405 1440 2430 vestra
1463 2400 1590 2430 homines
1604 2399 1680 2428 vide-

881 2450 947 2483 rint,
963 2456 994 2476 ac
1008 2446 1136 2483 deinceps
1151 2448 1239 2474 Deum
1253 2446 1441 2482 gloriﬁcarint.

918 2505 931 2519 ι
952 2495 987 2522 Et
1001 2492 1099 2529 spiritu
1114 2495 1216 2520 vestro.
1233 2503 1246 2516 ι
1261 2490 1388 2519 Ostendit
1401 2490 1477 2527 quod
1490 2498 1548 2519 non
1564 2498 1681 2527 corpore

880 2543 987 2568 tantum
1007 2538 1108 2566 evitare
1127 2540 1235 2573 oportet
1254 2535 1478 2571 fornicationem,
1500 2540 1633 2565 caeterum
1653 2539 1681 2563 et

880 2584 980 2618 anima,
993 2587 1024 2612 ut
1037 2590 1073 2611 ne
1086 2586 1180 2610 mente
1190 2581 1302 2617 quidem
1317 2581 1534 2617 eoinquinemur.
1549 2580 1681 2616 Spiritum

878 2629 951 2658 enim
965 2631 1087 2656 mentem
1097 2626 1261 2655 nominavit.
1277 2627 1350 2654 Nam
1364 2625 1441 2662 quod
1457 2624 1540 2653 etiam
1553 2624 1582 2651 in
1595 2622 1679 2651 corde

878 2677 921 2702 est
933 2672 1098 2702 adulterium
1107 2677 1128 2707 ',
1145 2672 1174 2700 in
1188 2671 1336 2708 Evangelio
1349 2669 1527 2699 interdictum
1544 2671 1596 2700 est,
1610 2677 1625 2694 ι»

730 2759 825 2790 Variae
845 2760 997 2790 lectiones.

81 2798 204 2841 ῄπάντως
216 2810 243 2832 ο,
280 2803 302 2820 ³⁸
326 2803 407 2831 αὖτῶν
434 2812 460 2834 o.
500 2803 523 2822 "
544 2803 573 2831 οὗ
593 2811 620 2832 o.
658 2803 680 2821 ⁸⁰
705 2804 844 2841 ἔκδυναμοῖ
865 2813 892 2834 ο,
931 2804 950 2821 ⁴¹
979 2803 1083 2830 συνόδου
1104 2811 1132 2831 ο.
1171 2803 1192 2820 ⁸²
1218 2802 1317 2830 πάντων
1331 2809 1358 2830 0.
1398 2799 1420 2818 ⁵⁵
1448 2799 1576 2835 λέγωνι--α
1604 2797 1675 2824 ἀναι-

53 2839 87 2870 ρεῖ
96 2847 130 2868 m.
165 2842 186 2859 “
199 2843 240 2869 καὶ
254 2844 316 2880 μηδὲ
329 2852 367 2872 m.
