1881 3081
241 179 292 206 639

240 285 316 321 quod
342 286 370 313 in
393 289 486 313 nostra
509 287 644 320 potestate
665 291 722 311 non
742 290 849 315 sumus,
873 289 968 310 verum
982 281 1032 308 sub

241 331 358 358 Domino
381 331 441 358 Deo
462 337 617 362 censemur,
633 328 681 365 qui
695 331 723 356 et
745 327 867 355 animam
889 331 917 355 et
935 333 1035 362 corpus

239 379 369 404 nostrum
389 375 522 411 sanguine
538 373 664 402 redemit.

537 428 657 456 CAPUT
675 428 737 455 νη.

275 485 366 512 Vsus.
382 485 407 511 ι.
425 493 439 507 α
460 484 501 510 De
515 481 614 518 quibus
638 485 732 509 autem
754 480 899 516 scripsistis
923 479 1001 508 mihi.
1018 491 1031 504 ιι

242 530 337 558 Sectas
357 527 490 560 correxit,
513 526 743 560 fornicationem,
767 525 912 553 avaritiam
938 535 944 553 :
978 525 1034 560 jam

241 581 314 601 nunc
328 580 391 601 vero
404 571 440 600 de
454 571 557 608 nuptiis
570 574 598 599 et
614 570 768 606 virginitate
790 569 893 598 statuit.
914 570 1035 605 Scripse-

239 621 302 646 rant
312 617 386 646 enim
400 616 435 651 ei,
454 623 521 644 num
535 614 733 644 abstinendum
747 618 819 643 esset
842 614 876 643 ab
890 622 986 648 uxore,
1001 622 1035 642 an

241 670 328 691 secus.

277 719 290 733 α
304 709 416 736 Bonum
430 711 472 735 est
480 706 585 734 homini
594 705 738 733 mulierem
750 712 808 732 non
816 708 934 740 tangere.
948 715 961 728 ιι

239 754 359 787 Bonum,
374 752 473 787 inquit,
502 755 531 779 et
548 750 678 779 eximium
694 753 735 778 est
753 749 838 778 cuivis
864 749 1033 782 mortalium,

241 806 291 826 nec
308 797 362 826 soli
377 795 510 825 sacerdoti
532 795 655 831 (perinde
667 802 699 823 ac
710 794 823 822 nonnuli
845 793 917 822 male
933 793 1036 821 intelli-

242 846 318 879 gunt)
342 842 488 870 mulierem
512 848 625 877 prorsus
644 847 701 868 non
721 839 868 875 attingere,
891 838 938 867 sed
956 837 1035 874 virgi-

242 895 306 916 nem
313 894 482 923 permanere.
496 886 591 914 Tutior
606 887 711 919 autem,
722 888 847 912 nostram
862 883 1036 912 imbecillita-

749 173 948 202 THEOPHYLA
953 173 1006 201 CT]
1024 172 1202 200 BULGARl/E
1220 172 1375 200 ARCHIEP.
1822 174 1858 201 640

277 250 292 266 ι(
303 241 372 276 Qum
383 243 447 268 sunt
460 239 520 268 Dei.
535 250 549 264 ιν
561 238 679 267 Assidue
691 238 719 266 in
730 237 897 265 memoriam
911 240 1036 269 revocat,
1054 237 1081 269 Α

1135 249 1147 262 σι
1161 235 1253 265 "Anni
1277 236 1333 265 ἔστι
1349 237 1394 264 τοῦ
1417 236 1499 265 Θεοῦ.
1517 248 1529 260 ι
1549 236 1674 274 Συνεχῶς
1691 235 1859 273 ἀναμιμνήσκει

1087 279 1128 309 ὅτι
1149 281 1196 310 οὐκ
1217 279 1296 319 ἐσμὲν
1312 281 1412 309 ἑαυτῶν
1424 303 1433 318 ,
1450 281 1511 309 ἀλλ’
1523 280 1574 310 ὑπὸ
1596 280 1735 315 Δεσπότην
1757 281 1858 317 τελοῦμεν

1088 324 1132 354 τὸν
1147 324 1230 362 Θεὸν,
1253 324 1297 354 τὸν
1313 324 1358 355 καὶ
1384 323 1474 365 ψυχὴν
1491 324 1539 354 χαὶ
1559 325 1638 364 σῶμα
1661 325 1737 363 ἡμῶν
1762 323 1858 364 ἐξαγορά-

1088 381 1171 399 σαντα
1176 392 1182 400 ι

1379 415 1524 445 ΚΕΦΑΔ.
1542 413 1586 444 Z'.

1130 494 1142 506 ι
1157 479 1225 519 Περὶ
1254 479 1281 509 δὲ
1307 475 1344 509 ὧν
1371 479 1506 520 ἓγράψατέ
1534 491 1590 518 μοι.
1616 493 1628 506 ι
1655 479 1820 520 Διωρθώσατο
1837 479 1857 508 τὰ

1090 526 1245 564 σχίσματα,
1260 524 1308 560 τὴν
1329 524 1471 565 πορνείαν,
1494 524 1542 560 τὴν
1568 524 1726 559 πλεονεξίαν
1748 536 1755 542 ·
1770 527 1807 553 νῦν
1827 520 1857 553 οὖν

1089 569 1149 609 περὶ
1177 569 1264 609 γάμου
1290 569 1335 598 καὶ
1358 568 1500 608 παρθενίας
1523 569 1707 599 διατάττεται.
1739 568 1855 609 Ἐγραᾲιν

1089 614 1140 655 γὰρ
1153 616 1241 655 αὐτῷ,
1258 615 1281 644 εἰ
1296 614 1336 644 δεῖ
1349 613 1472 654 γυναικὸς
1488 614 1654 654 ἀπέχεσθαι,
1670 614 1688 649 ἢ
1704 612 1744 644 οὔ.

1134 718 1146 731 ι
1165 704 1255 735 Καλὸν
1283 704 1413 744 ἀνθρώπῳ
1437 703 1561 742 γυναικὸς
1589 704 1627 743 μὴ
1654 704 1789 734 ἅπτεσθαι.
1806 717 1816 729 ι
1830 704 1856 734 Τὸ

1091 751 1138 789 μὲν
1153 750 1234 779 καλὸν
1247 750 1291 779 καὶ
1305 749 1334 779 τὸ
1348 749 1475 789 ὑπερέχον
1493 749 1565 785 ἐστὶ,
1581 748 1648 789 φησὶ
1658 771 1665 784 ,
1682 748 1759 777 παντὶ
1780 748 1856 786 ἀνθρώ-

1090 807 1147 835 πῳ,
1167 794 1211 824 καὶ
1236 796 1265 824 οὖ
1293 794 1370 832 μόνον
1400 795 1464 833 ἱερεῖ
1488 793 1542 834 (ὥς
1566 805 1635 827 τινες
1662 795 1751 826 κακῶς
1771 793 1857 831 νοοῦσι),

1089 840 1119 869 τὸ
1144 839 1211 872 ὅλως
1225 837 1263 877 μὴ
1289 838 1419 868 ἅπτεσθαι
1442 839 1579 877 γυναικὸς,
1606 838 1677 868 ἀλλὰ
1696 837 1857 877 παρθενεύειν-

1090 883 1165 913 τὸδὲ
1191 883 1388 924 ἀσφαλέστερον
1412 883 1458 912 καὶ
1485 886 1594 923 βοηθοῦν
1618 884 1698 922 ἡμῶν
1764 882 1857 921 ἀσθενείᾳ

240 937 298 961 tem
313 921 463 968 plurimum
479 930 610 967 adjuvans
628 933 668 959 est
681 928 847 958 matrimonii
861 936 915 957 res.
936 928 1006 956 Subit

1101 928 1146 958 Ϊστι
1166 929 1255 959 τὸτοῦ
1269 928 1357 968 γάμου
1372 929 1476 968 χρῆμα.
1494 921 1694 969 Ἐπιφέρεινοῧν
1710 939 1718 947 ·

241 977 294 1006 fert
306 977 388 1014 igitur
402 987 408 1006 :

277 1024 364 1051 Vnus.
380 1025 408 1050 2.
432 1032 445 1045 α
461 1022 576 1057 Propter
602 1019 799 1048 fornicationes
817 1023 921 1053 autem,
949 1026 1037 1046 unus-

240 1067 358 1104 quisque
372 1066 511 1102 propriam
532 1073 648 1093 uxorem
673 1064 783 1098 habeat,
810 1068 837 1092 et
868 1070 1038 1099 unaquaeque

241 1119 322 1140 suum
343 1111 434 1139 virum
452 1110 560 1138 habeat.
577 1121 591 1134 ι
621 1111 664 1138 De
685 1113 802 1145 utraque
820 1112 896 1145 parte
919 1107 1036 1136 disserit.

241 1156 397 1185 Verisimile
418 1159 461 1184 est
484 1155 559 1183 enim
588 1155 679 1182 virum
702 1153 905 1182 continentiam
933 1159 1037 1186 amare,

241 1201 388 1230 mulierem
411 1200 491 1236 157
507 1203 601 1228 autem
620 1206 677 1228 non
694 1199 761 1226 item
789 1206 796 1226 :
816 1201 864 1226 aut
886 1205 902 1225 e
929 1196 1038 1225 diverso

243 1258 256 1271 «ι
272 1247 388 1281 Propter
409 1244 606 1273 fornicationes
620 1247 727 1277 autem,
744 1254 757 1267 ι
779 1242 883 1275 dicens,
897 1241 1039 1278 compellit

241 1299 293 1319 nos
307 1290 342 1318 ad
355 1289 566 1318 continentiam.
580 1288 609 1317 Si
629 1287 704 1316 enim
723 1291 835 1324 propter
845 1286 1038 1315 fornicationes

240 1335 350 1372 nuptiae
369 1334 580 1371 permittuntur,
594 1341 652 1361 non
662 1332 763 1361 debent
773 1331 886 1367 posthac
895 1331 1040 1360 matrimo-

239 1381 286 1409 uio
290 1380 378 1416 juncti
393 1379 618 1414 intemperanter,
631 1377 679 1406 sed
693 1377 789 1413 pudice
809 1376 949 1412 congredi.

274 1426 367 1453 Vsus.
380 1427 406 1452 3.
420 1435 433 1448 αι
449 1423 536 1451 Uxori
550 1422 668 1450 maritus
682 1421 806 1449 debitam
816 1420 1006 1449 benevolentia

1134 1435 1145 1447 ι
1217 1421 1322 1460 γυναικὶ
1336 1422 1350 1449 ὁ
1366 1420 1432 1460 ἀνὴρ
1451 1419 1498 1456 τὴν
1519 1419 1693 1460 ὀφειλομένην
1709 1419 1801 1450 εὔνοιαν
1814 1418 1857 1448 ἀπὸ·
1871 1447 1872 1462 1

240 1469 353 1503 reddat;
369 1467 494 1497 similiter
510 1470 537 1495 et
551 1474 621 1494 uxor
636 1466 747 1499 marito,
766 1477 778 1490 ιι
795 1465 924 1493 debitum
943 1465 1006 1502 (inqi

1101 1458 1205 1495 5186100"
1224 1458 1327 1504 cynico;
1350 1465 1378 1494 δὲ
1393 1458 1438 1495 καὶ
1454 1467 1471 1501 ἡ
1488 1458 1554 1503 γυνῆ
1574 1458 1615 1505 τῷγ
1637 1464 1726 1505 ἀνδρί.
1747 1475 1761 1493 ι
1784 1458 1872 1505 Χρέοςγί

241 1514 356 1548 habetis,
368 1524 381 1537 ι
391 1516 519 1541 mutuam
530 1519 594 1547 erga
602 1518 649 1538 vos
657 1509 887 1538 benevolentiam.
899 1510 1006 1545 Quaten

1101 1510 1192 1557 ρησὶν,
1216 1502 1308 1557 ἔχετε,
1325 1509 1374 1557 τὴν
1396 1509 1463 1557 πρὸς
1488 1502 1630 1557 ἀλλήλους
1644 1502 1746 1557 εὔνοιαν
1761 1520 1767 1526 ·

239 1559 323 1596 igitur
337 1557 474 1591 debitum,
486 1554 672 1584 necessarium
688 1558 739 1589 est,
753 1558 785 1582 ut
794 1554 867 1582 hanc
878 1553 957 1582 vobis
976 1562 1005 1582 m

1101 1555 1188 1595 (ρέος,
1229 1553 1373 1594 ἀναγκαῖόν
1413 1555 1485 1584 ἐστιν
1518 1555 1586 1593 ὑμᾶς
1616 1554 1768 1584 ἀποδιδόναι
1788 1552 1872 1597 enim;

241 1590 318 1631 tuam
331 1601 475 1638 praestetis.

1101 1590 1229 1636 Ξῖλλήλοις.
1287 1590 1293 1594 ⁷
1535 1590 1540 1593 1

278 1648 365 1675 Vsus.
380 1649 407 1673 4.
424 1655 439 1671 »
460 1646 542 1673 Uxor
563 1644 663 1680 proprii
687 1644 810 1680 corporis
823 1651 879 1671 non
894 1643 976 1671 habet
990 1651 1006 1679 p

1148 1655 1162 1673 ((
1177 1644 1213 1674 Ἦ
1229 1643 1295 1683 γυνὴ
1310 1646 1355 1674 τοῦ
1368 1643 1435 1673 ἰδίου
1448 1643 1579 1682 ξσώματος
1596 1644 1644 1673 οὔχ
1660 1643 1807 1678 ἐξουσιάζει,
1819 1642 1857 1670 ἀλλ’

242 1695 382 1725 testatem,
398 1689 447 1718 sed
469 1689 585 1718 maritus
602 1700 608 1718 :
624 1688 754 1717 similiter
768 1692 862 1716 autem
883 1692 910 1716 et
923 1689 1006 1716 marit

1101 1691 1108 1719 5
1126 1688 1192 1729 ἀνήρ
1208 1700 1214 1708 ·
1225 1688 1323 1728 ὁμοίως
1341 1689 1369 1718 δὲ
1388 1688 1434 1718 καὶ
1448 1689 1461 1717 ὁ
1478 1690 1545 1729 ἀνὴρ
1562 1691 1607 1718 τοῦ
1622 1688 1690 1718 ἰδίου
1707 1687 1816 1726 σώματος
1828 1687 1857 1714 θῦι

243 1735 343 1772 proprii
363 1734 484 1770 corporis
497 1737 662 1770 potestatem
682 1741 738 1761 non
750 1732 843 1767 habet,
867 1733 915 1761 sed
931 1741 1006 1761 uxor.

1101 1733 1260 1770 ἐξουσιάζει,
1279 1735 1338 1764 ἀλλ’
1363 1735 1381 1768 ἡ
1406 1733 1520 1772 γυνήξι)
1543 1732 1609 1763 Ὅτι
1632 1733 1726 1775 ὄφειλὴ
1747 1732 1789 1762 χαὶ
1808 1730 1858 1771 χρέος

243 1766 321 1816 ῥυσὰ
340 1766 467 1808 debitum
490 1766 535 1811 sit,
552 1782 580 1806 et
594 1778 680 1806 veluti
701 1785 746 1806 res
767 1766 920 1806 necessaria
945 1781 1006 1805 mut

1101 1779 1165 1808 ἔστὶν
1191 1781 1208 1814 ἡ
1234 1778 1298 1818 πρὸς
1322 1766 1585 1814 ἀλλήλους-εὔνοια,
1610 1766 1660 1807 νῖῑνΙ
1686 1766 1858 1808 δείκνυσινῖυθό

243 1823 441 1858 benevolentia,
456 1831 530 1851 nunc
553 1822 736 1851 demonstrat.
751 1823 814 1850 Non
838 1822 925 1855 enim,
941 1822 1006 1858 inqu

1101 1823 1146 1863 γὰρ
1159 1822 1350 1861 ἓξουσιάζουσι,
1366 1822 1447 1863 φησὶ,
1462 1824 1514 1852 τῶν
1530 1823 1679 1861 σωμάτων,
1698 1823 1754 1851 ἄλλ’
1773 1824 1788 1857 ἡ
1801 1819 1858 1859 γυνὴ

242 1873 406 1907 potestatem
419 1868 524 1897 habent
536 1875 693 1904 corporum,
708 1866 758 1895 sed
779 1867 854 1895 enim
869 1874 940 1895 uxor
953 1875 1006 1894 mai

1101 1862 1140 1897 ιαῖ
1155 1868 1235 1903 δούλη
1251 1867 1297 1897 καὶ
1313 1867 1437 1898 δέσποινά
1454 1868 1510 1897 ἐστι
1521 1871 1566 1898 τοῦ
1581 1868 1675 1907 ἀνδρός
1692 1879 1700 1886 ·
1719 1866 1804 1901 δούλη,
1817 1862 1857 1893 καθ’

242 1919 271 1943 et
283 1922 361 1943 serva
384 1917 425 1942 est
440 1917 468 1941 et
497 1913 629 1941 domina:
645 1920 724 1941 serva
749 1911 876 1948 quidem,
904 1914 1006 1947 quaten

1101 1912 1152 1942 ἱτὸ
1165 1913 1229 1942 ἴδιον
1245 1915 1323 1950 σῶμα
1346 1913 1392 1941 oux
1416 1911 1472 1952 ἔχει
1496 1911 1564 1948 αὐτὴ
1585 1913 1611 1941 ἔν
1632 1912 1753 1951 ἐξουσίᾳ,
1766 1910 1822 1939 ὥστε
1834 1909 1859 1936 δι-

242 1967 298 1988 non
325 1959 408 1987 habet
423 1958 528 1995 proprii
559 1957 682 1994 corporis
696 1960 876 1992 potestatem,
893 1960 924 1984 ut
949 1955 1006 1984 trad

1101 1957 1168 1987 Ξόναι
1184 1957 1248 1986 αὐτὸ
1262 1953 1299 1991 οἷς
1315 1956 1455 1997 βούλεται,
1474 1957 1533 1986 ἀλλ’
1557 1958 1570 1986 ὁ
1586 1956 1653 1996 ἀνὴρ
1670 1955 1782 1990 δεσπόζει
1794 1954 1858 1983 uim?

241 2005 333 2040 ipsum
348 2003 448 2040 quibus
462 2002 535 2036 velit,
555 2006 687 2030 caaterum
706 2002 821 2028 maritus
841 2000 998 2028 dominatur

1101 2002 1218 2031 Ξέσποινα
1241 2000 1282 2037 δὲ,
1308 2001 1374 2030 διότι
1390 2001 1470 2031 πάλιν
1485 2001 1576 2030 τὸτοῦ
1599 2002 1694 2042 ἀνδρὸς
1718 2003 1789 2038 σῶμα
1802 1999 1858 2030 uiris

241 2049 334 2084 ipsum
350 2057 356 2075 :
373 2047 484 2075 domina
498 2054 574 2081 vero,
585 2049 722 2082 quatenus
729 2053 826 2073 rursus
836 2045 927 2072 mariti
938 2053 1005 2081 corp

1101 2048 1165 2083 ἔστι,
1179 2045 1226 2075 καὶ
1248 2047 1296 2075 οὐχ
1310 2045 1366 2086 ἔχει
1381 2047 1477 2080 ἐκεῖνος
1492 2047 1572 2075 αὐτοῦ
1587 2046 1706 2080 ἐξουσίαν
1716 2069 1724 2083 ,
1740 2045 1800 2074 ὥστε
1819 2045 1857 2071 ταῖς

242 2080 327 2129 ipsius
341 2096 393 2124 est,
415 2099 468 2119 nec
479 2090 560 2119 habet
572 2080 603 2118 is
619 2090 741 2125 corporis
755 2090 798 2117 sui
819 2080 997 2125 potestatem,

1101 2091 1201 2131 πόρναις
1223 2090 1321 2119 διδόναι
1343 2090 1418 2121 αὐτό,
1441 2090 1560 2130 Ὁμοίως
1579 2085 1624 2120 οὖν
1646 2091 1693 2121 καὶ
1707 2093 1721 2120 ὁ
1737 2089 1809 2128 ἀνὴρ,
1828 2085 1857 2115 καὶ

241 2136 333 2165 tradat
343 2136 434 2172 ipsum
442 2135 550 2163 scortis.
566 2134 746 2162 Consimilem
758 2133 794 2162 ad
809 2134 944 2161 rationem
960 2135 1039 2162 mari-

242 2186 287 2210 tus
297 2185 347 2215 est,
362 2188 427 2208 cum
445 2187 541 2208 servus
554 2183 615 2207 tum
629 2178 759 2207 dominus
773 2186 830 2206 suae
841 2178 976 2215 conjugis.

276 2227 364 2254 Vsns.
389 2228 416 2253 5.
439 2236 452 2249 σι
467 2226 509 2253 Ne
522 2223 693 2252 defraudatis
708 2231 758 2251 vos
772 2227 880 2257 mutuo,
906 2224 957 2251 nisi
972 2224 1040 2260 quid
1055 2215 1080 2247 D

241 2279 273 2300 ex
289 2278 426 2300 consensu
444 2270 478 2298 ad
495 2273 613 2305 tempus.
640 2278 654 2295 »
669 2270 730 2297 Hoc
757 2272 810 2303 est,
839 2268 923 2296 invito
942 2271 1041 2300 marito

239 2324 274 2344 ne
287 2315 429 2344 contineat
444 2322 531 2348 uxor;
546 2314 587 2342 vel
603 2313 728 2347 maritus,
748 2314 855 2342 nolenti
871 2322 971 2342 uxore.
994 2316 1042 2343 Al-

241 2364 332 2389 terum
345 2360 418 2388 enim
431 2359 516 2387 altero
529 2359 613 2387 invito
626 2358 698 2387 istud
708 2358 807 2393 facere,
816 2363 858 2387 est
867 2358 1042 2395 defraudare,

239 2404 472 2441 quemadmodum
486 2408 514 2432 et
530 2403 565 2432 de
575 2404 698 2440 pecuniis
712 2403 829 2432 dicitur:
838 2403 947 2432 volente
959 2412 1023 2433 vero
1033 2425 1041 2439 ,

239 2457 298 2478 non
313 2449 392 2483 item,
406 2456 457 2477 ceu
476 2449 587 2486 quando
608 2457 642 2477 ex
665 2456 802 2476 consensu
817 2449 927 2484 utrique
947 2455 1040 2485 segre-

240 2494 365 2531 gaverint
377 2493 478 2530 aliquid
493 2494 636 2530 temporis,
661 2497 692 2521 ut
706 2494 778 2521 inter
791 2500 851 2522 sese
875 2493 1038 2522 abstineant.

1134 1033 1146 1044 σε
1164 1018 1217 1048 Διὰ
1229 1017 1257 1048 δὲ
1269 1017 1316 1052 τὰς
1331 1017 1464 1058 πορνείας,
1476 1017 1588 1051 ἕκαστος
1601 1017 1652 1053 τὴν
1669 1018 1758 1047 ἑαυτοῦ
1772 1021 1855 1056 γυναῑιπ

1092 1063 1190 1102 ἐχέτω,
1211 1063 1257 1093 καὶ
1288 1063 1390 1099 ἑκάστη
1413 1062 1458 1092 τὸν
1481 1062 1546 1092 ἴδιον
1568 1062 1655 1102 ἄνδρα
1678 1062 1791 1102 ἐχέτω.»
1811 1061 1856 1099 Περὶ

1092 1107 1216 1148 ἑκατέρου
1241 1107 1335 1147 μέρους
1360 1106 1521 1146 διαλέγεται.
1549 1106 1631 1140 Εἰκὸς
1648 1106 1700 1147 γὰρ
1715 1106 1757 1136 τὸν
1773 1105 1812 1145 μὲν
1824 1105 1857 1134 ἄν-

1093 1154 1141 1193 δρα
1155 1153 1272 1192 στέργειν
1288 1152 1313 1171 ⁴⁵
1325 1151 1374 1189 τὴν
1391 1152 1581 1192 σωφροσύνην,
1598 1151 1648 1187 τὴν
1664 1151 1692 1181 δὲ
1708 1156 1807 1191 γυναῖκα
1822 1150 1858 1180 οὔ·

1091 1196 1109 1233 ἢ
1122 1197 1209 1227 καὶτὸ
1231 1197 1357 1236 ἔμπαλιν.
1378 1208 1394 1224 α
1415 1198 1466 1227 Διὰ
1481 1197 1509 1226 δὲ
1532 1195 1578 1229 τὰς
1596 1196 1736 1236 πορνείας,
1755 1209 1767 1221 ιι
1783 1194 1857 1227 εἰπὼν,

1093 1244 1128 1275 εἷς
1153 1242 1308 1282 ἐγκράτειαν
1331 1244 1449 1272 συνωθεῖ.
1468 1242 1502 1271 Εἰ
1521 1241 1572 1281 γὰρ
1593 1241 1637 1270 διὰ
1664 1241 1712 1274 τὰς
1736 1240 1858 1280 πορνείιςὲ

1092 1287 1177 1326 γάμος
1192 1290 1386 1326 συγχωρεῖται,
1409 1286 1456 1315 οὐκ
1473 1285 1607 1326 ὀφείλουσι
1622 1285 1716 1316 λοιπὸν
1735 1287 1757 1314 οἱ
1769 1286 1792 1315 ἐν

1094 1331 1245 1365 ἀκολάστως
1259 1331 1448 1371 συνέρχεσθαι,
1468 1331 1537 1360 ἀλλὰ
1552 1330 1704 1371 σωφρόνως.

1096 2135 1186 2169 δοῦλός
1201 2136 1257 2165 ἐστι
1272 2136 1317 2165 καὶ
1332 2136 1460 2172 δεσπότης
1476 2137 1524 2171 τῆς
1543 2136 1677 2175 γυναικός.

1137 2239 1148 2251 σι
1165 2225 1212 2262 Μὴ
1230 2226 1400 2265 ἀποστερεῖτε
1421 2226 1551 2263 ἀλλήλους
1557 2248 1567 2264 ,
1590 2227 1613 2255 εἰ
1638 2225 1705 2264 μήτι
1720 2225 1749 2254 ἂν
1763 2224 1789 2253 ἔκ
1809 2232 1858 2257 συμ-

1098 2269 1185 2310 φώνου
1201 2270 1266 2309 πρὸς
1286 2270 1387 2311 καιρόν.
1404 2283 1416 2296 ιν
1432 2271 1577 2301 Τουτέστιν
1588 2293 1597 2309 ,
1619 2270 1728 2304 ἄκοντος
1740 2271 1783 2298 τοῦ
1794 2264 1858 2303 ἀνδρὸς

1152 2308 1348 2354 ἐγκρατευέσθῷ
1371 2317 1387 2350 ἡ
1412 2315 1495 2354 γυνὴ,
1517 2315 1534 2350 ἢ
1560 2318 1574 2345 ὁ
1590 2308 1680 2354 νᾶνὴρ,
1701 2317 1746 2350 τῆς
1767 2308 1856 2352 γυνααά

1097 2359 1135 2398 μὴ
1163 2359 1332 2399 βουλομένης.
1355 2359 1396 2390 Τὸ
1420 2361 1485 2400 γὰρ,
1518 2360 1624 2394 ἄκοντος
1654 2362 1700 2389 τοῦ
1730 2357 1808 2397 ἑτέρου
1828 2354 1856 2400 fit

1097 2404 1184 2444 ἕτερον
1199 2406 1276 2434 τοῦτο
1299 2406 1402 2443 ποιεῖν,
1428 2405 1583 2445 ἀποστερεῖν
1613 2406 1701 2440 ἐστιν,
1730 2403 1810 2439 ὥσπερ
1827 2397 1856 2427 καί

1096 2449 1139 2495 ἐπὶ
1153 2450 1206 2478 τῶν
1223 2449 1371 2489 χρημάτων
1391 2449 1497 2488 λέγεται
1509 2461 1516 2468 ·
1542 2450 1572 2479 τὸ
1592 2449 1619 2478 δὲ
1646 2449 1762 2486 ἑκόντος,
1777 2444 1857 2475 οὖχέτν

1095 2491 1148 2523 οἶον
1158 2516 1166 2529 ,
1181 2493 1243 2522 ὅταν
1259 2495 1289 2523 ἐκ
1303 2494 1444 2533 συμφώνου
1463 2495 1488 2524 οἱ
1508 2493 1554 2523 δύο
1568 2494 1715 2535 ἀφορίσωσι
1729 2491 1809 2531 καιρόν
1818 2496 1856 2516 τιν’

1095 2539 1130 2572 εἰς
1141 2537 1172 2567 τὸ
1187 2538 1334 2578 ἀπέχεσθαι
1349 2538 1484 2574 ἀλλήλων.

1137 2596 1151 2609 ι
1165 2581 1226 2613 Ἵνα
1241 2584 1390 2624 σχολάζητε
1404 2585 1438 2624 τῇ
1460 2582 1570 2623 νηστεία
1593 2584 1640 2613 καὶ
1714 2579 1855 2624 προσευχῇ-³

1093 2627 1337 2667 Ἑρμηνεὺει,πῶς
1360 2623 1430 2657 εἶπεν
1444 2628 1489 2665 τὸ,
1516 2642 1528 2655 αι
1554 2629 1626 2668 Πρὸς
1646 2628 1776 2667 χαιρὸν,ι
1798 2623 1854 2659 ἤγσυν

1091 2671 1153 2702 ὅταν
1177 2672 1267 2714 καιρὸς
1335 2673 1467 2712 σχολάσαι
1553 2675 1707 2713 προσευχῇ,
1737 2669 1853 2700 τουτέστινι

277 2600 290 2614 ι
314 2590 355 2618 Ut
376 2589 478 2618 vacetis
501 2588 607 2625 jejunio
631 2592 658 2616 et
677 2587 803 2616 orationi.
832 2599 845 2612 ιι
869 2588 1038 2623 Interpreta-

239 2639 285 2663 tur
312 2633 455 2671 quomodo
480 2633 598 2668 dixerit,
626 2644 638 2657 ι
668 2632 712 2661 Ad
738 2636 857 2668 tempus,
880 2643 894 2657 π
924 2632 1037 2668 quando

240 2680 343 2708 scilicet
369 2684 481 2715 tempus
510 2678 591 2707 fuerit
626 2685 723 2707 vacare
757 2678 888 2712 orationi,
927 2677 980 2705 hoc
995 2680 1036 2705 est

926 2809 929 2813 ν
945 2771 1039 2801 Variae
1060 2771 1213 2802 lectiones.

277 2819 300 2837 ⁸⁸
312 2819 422 2855 ἐνεργεῖν
437 2827 465 2847 ο.
