1881 3081
29 177 67 203 ὃΗ
421 174 596 203 EXPOSITIO
615 175 647 203 IN
668 175 773 203 EPIST.
795 177 803 203 Ι
824 177 869 204 AD
892 176 970 203 COR.
993 191 1023 195 —
1044 176 1120 204 CAP.
1140 177 1195 204 V'll.

1602 178 1654 205 642

3 251 4 254 η
29 236 203 274 ἐπιτεταμένως
228 235 362 270 εὔξασθαι.
386 237 428 266 Οὐ
450 236 502 277 γὰρ
525 233 597 267 εἶπεν
620 237 724 274 ἁπλῶς,
742 237 798 267 Ἵνα

893 244 968 267 tense
997 239 1102 267 orandi.
1129 240 1190 267 Non
1216 239 1292 267 enim
1321 239 1390 268 dixit
1418 239 1586 275 simpliciter.
1613 241 1654 269 Ut

27 280 198 320 προσεύξησθε,
215 281 285 315 ἄλλ’,
300 295 311 306 ιι
327 280 388 311 Ἵνα
400 282 548 321 σχολάζητε
565 284 598 320 τῇ
614 285 766 323 προσευχῇ.
788 296 799 309 1

30 327 57 356 Εἰ
68 326 90 345 ⁴⁸
101 325 149 364 γὰρ
162 328 206 354 τῶ
221 326 312 359 ἅπλῶς
337 325 463 364 εὔχεσθαι
488 326 608 366 ἀπείργει
621 327 680 361 τοὺς
703 327 805 356 συνιόν-

27 382 80 406 τας,
103 371 155 402 πῶς
178 370 298 411 ἀλλαχοῦ
323 381 421 410 φησιν’
447 384 459 397 ι
481 371 666 405 Ἀδιαλείπτως
692 371 804 411 προσεύο

26 417 107 454 χεσθε;
124 426 138 441 n
152 413 198 447 Ὧς
218 414 249 443 ἂν
272 410 353 452 οὖνὴ
380 414 444 454 εὐχὴ
473 416 664 456 σπουδαιοτέρα
688 410 805 455 γένηται,

26 460 157 498 ἀπέχεσθε,
173 458 260 498 φησὶν,
277 458 400 494 ἀλλήλων
410 483 418 496 ,
432 461 468 494 ὡς
484 462 530 496 τῆς
546 460 639 499 μίξεως
655 461 802 501 ἀσχολίαν,

27 505 67 532 οὐκ
80 503 254 543 ἀκαθαρσίαν,
266 503 403 539 ποιούσης.

60 562 71 573 ι
89 548 137 577 Καὶ
150 548 229 578 πάλιν
246 548 290 577 ἐπὶ
305 548 335 577 τὸ
356 548 420 577 αὐτὸ
444 549 616 590 συνέρχεσθε,
636 549 679 579 ἵνα
695 551 732 588 μὴ
747 563 804 580 πει-

28 593 81 631 ράζῃ
93 594 156 630 ὑμᾶς
168 595 182 622 ὁ
196 593 322 626 Σατανᾶς
337 592 380 622 διὰ
399 593 447 628 τὴν
470 594 600 633 ἀκρασίαν
626 596 712 633 ὒμῶν.
733 606 747 624 ι
765 595 805 625 Τὸ

27 638 93 665 πάλιν
105 639 278 676 συνέρχεσθαι
292 639 370 676 ὑμᾶς,
387 638 466 677 φησὶν
477 661 484 675 ,
501 640 530 668 οὖ
553 640 701 678 νομοθετῶν
716 639 785 679 λέγω
795 662 804 676 ,

26 680 77 710 ἀλλ’
89 694 100 708 ι
123 680 164 709 ἵνα
184 681 222 720 μὴ
238 682 350 722 πειράζῃ
374 684 444 720 ὑμᾶς
466 685 480 712 ὁ
497 684 638 719 Σατανᾶς,
662 697 673 709 ιι
691 685 727 718 εἷς
741 695 806 723 πορη

25 726 84 754 νείαν
103 726 210 762 δηλαδή,
232 726 310 756 Ἐπεὶ
340 726 367 756 δὲ
392 729 406 756 ὁ
422 727 543 762 διάϐολος
571 728 601 757 οὗ
625 730 685 757 καθ’
713 729 804 758 ἑαυτὸν

25 770 94 804 αἴτιος
115 773 158 807 τῆς
183 771 323 811 πορνείας,
350 772 418 801 ἀλλὰ
447 773 652 812 προηγουμένως
679 775 696 808 ἡ
727 775 804 811 ἡμῶν

25 815 139 854 ἀκρασία*
153 815 288 855 ἐπήγαγε·
303 829 316 842 ι
331 816 381 846 Διὰ
398 816 447 852 τὴν
459 818 590 856 ἀκρασίαν
605 819 688 856 ὑμῶν.
702 830 714 843 υ
730 817 803 853 Αὕτη

24 859 92 898 γὰρῆ
107 860 175 889 αἰτία
191 862 239 890 τοῦ
253 860 300 890 καὶ
315 860 359 890 τὸν
375 861 498 891 διάϐολον
512 861 646 902 πειράζειν
661 864 742 901 ἡμᾶς.

57 918 67 929 ιι
81 905 163 934 Τοῦτο
177 905 204 934 δὲ
229 905 300 945 λέγω
325 906 394 935 κατὰ
414 905 588 945 συγγνώμην,
615 908 644 936 οὗ
667 909 726 936 κατ’
743 908 802 936 ἐπι-

22 949 104 986 ταγήν.
120 962 132 976 ι
152 949 208 985 Τὸ,
235 963 248 976 ε
262 950 327 989 πρὸς
352 950 457 990 καιρὸν,
482 951 579 991 φησὶν,
608 952 762 991 ἀποστερεῖν
775 952 801 971 ⁴⁷

861 284 942 312 oretis
958 295 964 312 :
978 283 1036 316 sed.
1053 296 1065 308 ι
1082 284 1122 312 Ut
1133 283 1234 311 vacetis
1244 284 1373 312 orationi.
1390 295 1402 308 ι
1419 284 1445 312 Si
1461 285 1533 313 enim
1543 286 1653 321 simpli-

860 329 929 357 citer
943 329 978 357 ab
993 328 1097 357 orando
1116 336 1164 356 eos
1181 328 1227 364 qui
1247 336 1396 364 congressu
1419 332 1546 363 utuntur,
1562 330 1653 365 prohi-

861 374 947 407 beret;
965 373 1107 410 quomodo
1121 372 1185 401 alibi
1199 373 1282 401 dicit:
1295 385 1307 398 ι
1323 375 1495 401 Incessanter
1511 375 1626 402 orate'?
1637 384 1650 400 ιι

859 419 900 447 Ut
920 419 1005 455 igitur
1031 417 1119 446 oratio
1134 417 1283 446 ferventior
1304 418 1362 451 llat,
1385 416 1532 451 abstinete,
1552 418 1649 454 inquit,

859 463 929 491 alius
953 463 988 491 ab
1009 463 1084 491 alio:
1102 462 1184 491 veluti
1200 470 1362 499 congressus
1383 470 1441 490 non
1464 461 1650 498 impuritatem

859 509 952 542 faciat,
967 508 1014 536 sed
1032 508 1173 544 negotium
1188 507 1313 536 facessat.

897 565 909 578 α
934 555 969 581 Et
988 560 1082 581 rursus
1105 552 1132 580 in
1147 552 1220 580 idem
1241 552 1420 587 conveniatis,
1444 559 1478 580 ne
1499 556 1587 581 tentet
1603 561 1652 582 vos

857 599 970 626 Satanas
985 601 1095 633 propter
1108 596 1334 625 incontinentiam
1351 601 1478 625 vestram.
1492 608 1505 620 ι
1522 597 1603 629 Illud.
1620 602 1652 625 ut

859 655 871 667 «
888 650 983 670 rursus
998 641 1175 674 conveniatis,
1192 652 1205 665 ι
1229 641 1325 677 inquit,
1349 649 1405 668 non
1419 649 1469 669 ceu
1491 641 1579 678 legem
1598 642 1652 670 im-

859 695 962 723 ponens
973 686 1046 720 dico,
1062 685 1110 714 sed
1125 698 1137 710 ι
1154 694 1188 713 ne
1208 693 1256 714 vos
1268 689 1358 714 tentet
1371 686 1494 720 Satanas,
1511 697 1524 710 -
1539 686 1573 714 ad
1590 686 1651 714 for-

860 732 1027 760 nicationem
1050 730 1184 759 videlicet.
1201 730 1272 765 Quia
1289 738 1352 758 vero
1371 730 1496 758 diabolus
1522 734 1572 766 per
1594 738 1653 759 sese

859 785 917 805 non
931 781 973 805 est
991 780 1085 804 auctor
1095 775 1296 808 fornicationis,
1306 774 1354 803 sed
1362 779 1455 803 nostra
1465 775 1600 811 imprimis
1612 776 1654 804 in-

860 822 1030 851 continentia
1040 821 1215 855 ,subintulit:
1227 832 1240 845 u
1248 820 1596 856 Propterincontinentiam
1607 829 1652 849 ve-

860 871 958 896 stram.
969 878 982 890 ι
992 868 1054 902 ipsa
1061 865 1134 894 enim
1142 869 1183 893 est
1191 865 1219 892 in
1229 872 1308 893 causa
1315 873 1365 893 cur
1371 865 1484 893 Satanas
1493 872 1545 893 nos
1553 869 1651 894 tentet.

895 912 985 940 Vnns.
993 913 1020 939 6.
1031 922 1041 935 -
1051 911 1112 938 Hoc
1118 909 1277 938 autemdico
1286 909 1652 946 secundumindulgentiam,

857 964 913 984 non
933 955 1084 984 secundum
1099 954 1257 990 imperium.
1279 965 1291 978 η
1307 953 1388 988 Illud,
1405 965 1418 978 α
1442 953 1486 982 Ad
1500 957 1618 990 tempus,
1637 966 1650 979 υ

22 993 151 1030 ἀλλήλους,
168 994 240 1023 κατὰ
257 994 416 1034 συγγνώμην
432 991 505 1025 εἶπον
522 1007 529 1014 ·
545 995 682 1032 τουτέστι,
700 1008 798 1035 συγκα-

891 1001 956 1037 quit,
978 1012 991 1024 ι
1012 999 1181 1028 defraudetis
1195 1006 1245 1027 vos
1260 1003 1369 1032 mutuo,
1383 1010 1396 1023 ι
1417 998 1500 1034 158
1514 1006 1562 1034 per
1581 1007 1650 1027 con-

20 1037 139 1067 ταϐαίνων
218 1039 341 1079 ἀσθενείᾳ
364 1041 459 1080 ὑμῶν,
483 1041 513 1070 οὖ
539 1040 619 1079 νόμον
636 1041 716 1074 τιθεὶς
739 1043 798 1080 ὑμῖν

891 1047 1005 1075 ssionem
1025 1044 1097 1078 dixi,
1120 1043 1297 1072 imbecillitati
1324 1047 1422 1071 vestra;
1455 1042 1567 1077 cedens,
1595 1052 1652 1072 non

20 1081 57 1110 χαὶ
71 1083 194 1123 ἐπιταγὴν
210 1084 398 1124 ἀπαράϐατον.

891 1099 943 1127 gem
950 1089 1076 1118 sanciens
1089 1088 1176 1122 vobis,
1184 1092 1231 1116 aut
1238 1087 1400 1115 mandatum
1409 1087 1484 1124 quod
1494 1088 1648 1124 transgredi

854 1144 909 1164 non
923 1135 1010 1164 liceat.

54 1187 64 1199 ι
78 1173 153 1205 Θέλω
165 1174 218 1215 γὰρ
231 1175 333 1208 πάντας
358 1175 511 1216 ἀνθρώπους
526 1171 591 1206 εἶναι
607 1177 643 1210 ὡς
658 1175 704 1205 καὶ
717 1177 798 1215 ἐμαυ-

891 1181 984 1208 Vnns.
1000 1182 1029 1206 1.
1053 1190 1066 1204 ι
1083 1178 1153 1206 Volo
1168 1177 1241 1206 enim
1254 1185 1351 1206 omnes
1364 1176 1491 1206 homines
1505 1185 1565 1206 esse
1578 1177 1648 1206 sicut

19 1217 65 1247 τόν.
81 1231 92 1244 υ
105 1217 187 1249 Ἔνθα
209 1219 243 1249 ἂν
260 1219 383 1259 δυσχερὲς
407 1220 539 1261 ἐπιτάσσῃ
560 1225 691 1260 πρᾶγμα,
711 1222 798 1250 εἴωθεν

895 1225 1041 1261 meipsum.
1060 1235 1073 1248 ι
1102 1223 1156 1252 Ubi
1170 1230 1229 1251 rem
1254 1221 1382 1251 arduam‘
1395 1222 1525 1259 praecipit,
1552 1224 1649 1252 sesein

19 1263 98 1292 ἑαυτὸν
112 1265 195 1304 φέρειν
221 1266 258 1297 εἰς
276 1264 367 1303 μέσον.
395 1265 486 1301 Φησὶν
509 1260 570 1303 οὖν,
597 1264 637 1294 ὅτι
665 1265 798 1303 Βούλομαι

891 1260 974 1298 adium
985 1268 1108 1305 proferre
1117 1268 1196 1297 solet.
1207 1267 1253 1296 Ait
1260 1267 1355 1304 igitur:
1363 1267 1489 1304 Optarim
1500 1271 1531 1296 ut
1538 1275 1649 1305 semper

18 1305 58 1335 ἵνα
70 1308 159 1342 πάντες
169 1309 285 1339 πάντοτε
299 1308 540 1349 ἕνεγκρατιύωνται
554 1309 595 1349 [
610 1310 683 1349 ἕγκρ.

55 1367 67 1380 ι
91 1353 155 1383 Ἀλλ’
176 1353 290 1388 ἕκαστος
306 1353 370 1383 ἴδιον
391 1354 515 1394 χάρισμα
542 1355 597 1394 ἔχει
614 1355 644 1383 ἐκ
668 1355 758 1393 Θεοῦ,
774 1353 801 1387 ὃς

20 1399 60 1436 μὲν
74 1397 163 1434 οὕτως,
186 1398 214 1431 ὃς
238 1397 265 1427 δὲ
287 1397 379 1432 οὕτως.
404 1412 416 1425 ι
432 1399 472 1428 Τὸ
487 1400 596 1437 μεῖναι,
623 1398 704 1439 φησὶ,
729 1409 798 1438 παρ-

19 1443 82 1472 θένον
115 1442 237 1483 χάρισμά
261 1443 332 1472 ἐστιν
357 1443 410 1472 ἀπὸ
437 1444 516 1473 Θεοῦ.
550 1443 644 1474 Καίτοι
672 1443 719 1472 καὶ
752 1445 799 1479 τῆς

17 1487 134 1527 ἡμετέρας
152 1488 237 1517 δεῖται
263 1488 379 1524 σπουδῆς
399 1487 428 1517 τὸ
450 1492 572 1528 πρᾶγμα.
597 1489 661 1522 Πῶς
680 1483 725 1517 οὖν
749 1488 799 1527 χά-

19 1543 89 1571 ρισμα
103 1532 163 1561 αὑτὸ
186 1533 276 1572 λέγει;
302 1532 362 1562 Ἵνα
382 1532 612 1572 παραμυθήσηται
637 1533 744 1569 αὐτοὺς,
763 1534 798 1567 ὡς

16 1577 101 1610 ἱκανῶς
121 1576 222 1613 πλήξας
248 1577 275 1606 ἐν
290 1572 327 1610 οἶς
346 1572 403 1606 εἷπε
426 1577 456 1606 τὸ
468 1601 476 1615 ,
493 1591 505 1604 ι
522 1577 574 1607 Διὰ
597 1577 646 1613 τὴν
667 1577 798 1616 ἀκρασίαν

17 1622 88 1658 ὑμῶν.
105 1634 116 1647 ι
132 1621 289 1660 Σημείωσαι
311 1621 360 1658 δὲ,
382 1623 422 1650 ὅτι
437 1621 483 1651 καὶ
497 1621 541 1651 τὸν
565 1622 652 1661 γάμον
675 1621 796 1661 χάρισμα

16 1664 105 1701 τίθησιν
115 1688 122 1702 ,
137 1666 164 1694 ἐν
177 1668 216 1705 τῷ
233 1668 324 1695 εἰπεῖν·
339 1679 351 1693 ι
365 1665 501 1700 "Exacto;
514 1665 580 1696 ἴδιον
595 1667 716 1706 χάρισμα
726 1666 794 1706 ἔχει,

15 1708 37 1742 ὃς
50 1710 93 1747 μὲν
108 1709 174 1739 οὕτω
185 1722 192 1729 ·
208 1724 221 1736 ι
237 1710 364 1747 τουτέστι,
376 1710 546 1750 παρθενεύειν
557 1722 564 1729 ·
580 1724 592 1736 ι
605 1710 632 1744 ὃς
644 1710 672 1740 δὲ
687 1710 768 1740 οὕτωι·
783 1724 795 1737 ι

14 1755 134 1792 τουτέστι,
149 1759 247 1795 γαμεῖν
258 1755 294 1785 ⁴³.

855 1321 951 1343 omnes
962 1314 1148 1342 continerent.

892 1371 905 1383 ι
926 1359 978 1387 Sed
1001 1358 1188 1395 unusquisque
1206 1356 1350 1394 proprium
1376 1356 1480 1385 donum
1509 1357 1592 1386 habet
1615 1365 1646 1386 ex

855 1405 926 1440 Deo,
940 1403 1009 1432 alius
1030 1403 1143 1439 quidem
1161 1402 1214 1436 sic,
1232 1401 1300 1430 alius
1321 1409 1385 1430 vero
1400 1401 1448 1430 sic.
1466 1414 1479 1427 υ
1496 1402 1646 1438 Virginem,

853 1449 951 1485 inquit,
966 1448 1123 1485 quempiam
1136 1456 1257 1482 manere.
1271 1449 1376 1478 donum
1391 1448 1442 1476 Dei
1457 1451 1509 1476 est.
1520 1447 1605 1484 Atqui
1620 1451 1647 1475 et

854 1498 948 1522 nostro
970 1493 1062 1522 studio
1077 1501 1108 1521 ea
1124 1501 1168 1521 res
1192 1501 1261 1530 opus
1284 1493 1376 1522 habet.
1392 1492 1539 1528 Quomodo
1562 1492 1646 1528 igitur

852 1539 954 1568 donum
971 1538 1061 1574 ipsum
1069 1537 1157 1566 dicit?
1172 1542 1202 1566 ut
1211 1539 1389 1567 cousolentur
1401 1545 1448 1566 eos
1458 1545 1527 1573 quos
1536 1536 1646 1565 abunde

852 1588 1030 1620 percusserat,
1056 1591 1121 1611 cum
1140 1582 1217 1618 dixit,
1245 1595 1258 1608 αι
1282 1585 1396 1619 Propter
1418 1582 1646 1610 incontinentiam

852 1633 980 1657 vestram.
1006 1639 1019 1652 τι
1043 1628 1162 1656 Observa
1194 1632 1285 1656 autem
1319 1627 1393 1664 quod
1420 1627 1505 1655 etiam
1537 1626 1646 1662 nuptias

850 1672 955 1701 donum
977 1671 1067 1706 faciat,
1083 1672 1210 1708 inquiens
1227 1683 1232 1700 :
1256 1684 1269 1696 α
1285 1671 1482 1708 Unusquisque
1503 1671 1646 1707 proprium

849 1718 953 1746 donum
965 1717 1060 1751 habet,
1074 1717 1143 1745 alius
1157 1717 1268 1753 quidem
1284 1717 1337 1751 sic,
1353 1728 1365 1740 ιι
1381 1716 1434 1744 hoc
1448 1720 1505 1749 est,
1521 1719 1553 1744 ut
1567 1715 1646 1751 virgo

850 1766 1008 1798 permaneat
1022 1771 1029 1789 :
1050 1773 1061 1785 ι
1076 1761 1145 1789 alius
1161 1769 1226 1789 vero
1241 1761 1297 1796 sic,
1312 1772 1325 1786 ιι
1349 1760 1402 1789 hoc
1418 1763 1468 1794 est,
1491 1763 1523 1788 ut
1540 1759 1569 1788 in
1587 1767 1645 1787 ma-

849 1806 981 1834 trimonio
1000 1806 1047 1834 sit.

49 1857 62 1875 α
76 1847 150 1887 Λέγω
164 1848 191 1877 δὲ
210 1847 266 1882 τοῖς
292 1846 403 1887 ἀγάμοις
429 1847 475 1878 καὶ
490 1848 548 1880 ταῖς
573 1847 686 1887 χήραις,
711 1848 793 1878 καλὸν

891 1851 972 1879 Vsus.
988 1852 1016 1884 8,
1030 1853 1058 1878 9.
1073 1859 1088 1876 α
1101 1850 1172 1877 Dico
1184 1853 1277 1877 autem
1299 1849 1419 1885 innuptis
1430 1852 1458 1877 et
1474 1848 1576 1881 viduis,
1598 1848 1646 1876 bo-

14 1891 89 1924 αὐτοῖς
111 1893 196 1931 ἐστιν,
213 1892 260 1922 ἐὰν
283 1891 407 1930 μείνωσιν
432 1894 466 1926 ὡς
485 1891 570 1932 κάγώ.
588 1893 622 1922 Εἰ
637 1891 665 1921 δὲ
685 1892 731 1920 οὐχ
746 1893 791 1930 ἔγ-

891 1903 916 1923 m
931 1895 980 1928 eis,
997 1895 1020 1922 si
1033 1893 1244 1930 permanserint,
1259 1893 1330 1921 sicut
1354 1897 1382 1921 et
1395 1900 1454 1929 ego.
1471 1904 1484 1916 ‹ι
1499 1893 1526 1920 Si
1548 1896 1644 1920 autem

13 1935 186 1974 κρατεύονται,
209 1937 430 1976 γαμησάτωσαν·
453 1942 573 1977 κρεῖσσον
597 1936 650 1976 γάρ
669 1937 725 1966 ἔστι
745 1948 792 1976 γα-

891 1948 901 1968 i
925 1939 1075 1972 continent,
1100 1937 1341 1967 nubantzmelius
1377 1941 1419 1966 est
1443 1937 1518 1965 enim
1542 1936 1645 1965 nubere

13 1981 86 2015 μῆσαι
97 1980 131 2017 ⁴⁰,
150 1981 167 2016 ἧ
184 1983 341 2020 πυροῦσθαι.
356 1995 369 2008 ιι
386 1976 462 2015 Εἶδες
474 1976 576 2021 σοφίαν
593 1980 719 2017 Παύλου,
735 1982 792 2015 πῶς

891 1993 930 2012 im
955 1984 1008 2012 uri.
1040 1995 1053 2009 υ
1073 1983 1173 2011 Vident
1195 1982 1357 2018 sapientiam
1382 1981 1476 2016 Pauli,
1502 1981 1642 2017 quomodo

12 2023 50 2052 καὶ
73 2025 188 2064 βελτίονα
211 2026 241 2046 ⁵⁰
265 2025 380 2055 δείκνυσι
407 2026 455 2061 τὴν
474 2025 649 2066 ἐγκράτειαν,
674 2025 721 2054 καὶ
745 2026 792 2055 οὐκ

893 2030 990 2058 liorem
1014 2032 1152 2068 monstret
1166 2035 1226 2056 esse
1244 2027 1455 2060 continentiam,
1481 2033 1533 2054 nec
1546 2030 1643 2054 tamen

12 2068 174 2108 ἀναγκάζει⁵¹
197 2069 243 2100 τὸν
261 2070 299 2109 μὴ
321 2070 478 2109 δυνάμενον,
503 2070 546 2099 ἵνα
570 2069 608 2108 μὴ
631 2073 720 2110 χεῖρον
739 2082 793 2099 πα-

891 2078 927 2110 ςειι
944 2073 1067 2107 interim,
1082 2072 1104 2100 si
1119 2071 1180 2108 quis
1207 2079 1264 2100 non
1285 2071 1380 2107 possit,
1403 2078 1438 2098 ne
1461 2070 1538 2106 pejus
1560 2071 1642 2107 ﬂagi-

12 2113 130 2152 ράπτωμα
143 2115 269 2154 γένηται,
296 2114 329 2145 Εἰ
352 2114 403 2155 γὰρ
426 2114 544 2151 πολλὴν,
569 2115 661 2155 φησὶν,
689 2115 792 2153 ὑπομέο

891 2127 914 2146 m
939 2118 1127 2146 committatur
1143 2117 1193 2145 ?Si
1209 2116 1281 2145 enim
1304 2115 1433 2149 multam,
1460 2115 1560 2151 inquit,
1584 2115 1639 2143 vim

11 2167 54 2210 VIII:
70 2158 126 2198 βίαν
146 2160 193 2210 καί
209 2159 348 2210 ’πύριοσιν-
363 2159 486 2210 ςμεγάλη
504 2159 564 2210 ’γὰρ
586 2161 602 2195 ἡ
627 2161 679 2210 *τῆς
703 2161 792 2210 ἐπιθυ-

891 2163 962 2191 tines
976 2166 1004 2190 et
1024 2162 1161 2190 ustionem
1180 2163 1289 2197 (magna
1314 2160 1390 2188 enim
1413 2159 1641 2195 concupiscentiae

12 2201 65 2237 μίας
87 2204 232 2244 τυραννὶς),
266 2204 436 2244 ἀπαλλάγηθι
474 2204 562 2234 πόνων
591 2204 637 2234 καὶ
656 2203 791 2244 ἱδρώτων,

891 2207 971 2236 annis
982 2209 1047 2241 est),
1063 2206 1179 2235 abscede
1190 2213 1206 2234 a
1218 2205 1362 2234 laboribus
1376 2204 1433 2233 istis
1443 2208 1471 2232 et
1481 2203 1638 2238 sudoribus,

10 2245 101 2282 μήποτε
114 2248 159 2278 καὶ
173 2251 349 2289 περιτραπῇς-

43 2303 54 2317 α
67 2292 126 2326 Τοῖς
140 2292 167 2322 δὲ
183 2293 353 2333 γεγαμηκόσι
364 2292 545 2333 παραγγέλλω
557 2315 565 2330 ,
581 2293 630 2322 οὒκ
643 2292 712 2332 ἐγὼ,
729 2294 790 2323 ἀλλ’

8 2334 135 2376 δΚύριος.
161 2350 174 2364 ι
201 2336 317 2373 Ἐπειδὴ
338 2339 422 2378 ῥητῶς
443 2339 458 2367 ὃ
482 2337 579 2377 Κύριος
600 2337 789 2376 ἕνομοθέτησε,

8 2377 41 2414 μή
63 2380 260 2420 διαζεύγνυσθαι
286 2377 417 2421 παρεκτὸς
451 2381 530 2422 λόγου
570 2382 692 2422 πορνείας
705 2393 713 2400 ·
745 2382 789 2412 διὰ

7 2423 74 2453 τοῦτό
91 2437 167 2464 φησιν
180 2436 188 2443 ·
221 2439 233 2453 ι
247 2427 306 2467 0ρκ
333 2426 400 2466 ἐγὼ,
425 2427 484 2456 ἀλλ’
509 2427 523 2456 ὁ
539 2426 645 2466 Κύριος.
671 2426 715 2456 Τὰ
733 2427 789 2467 γὰρ

7 2470 175 2509 προειρημένα
198 2473 248 2500 οὐχ
268 2466 337 2507 ἦσαν
363 2471 414 2500 ὕπὸ
440 2473 487 2500 τοῦ
512 2471 613 2511 Κυρίου
637 2473 723 2512 ῥητῶς
745 2466 789 2501 vo-

8 2514 172 2549 μοθετηθέντα
184 2527 191 2534 ·
208 2516 231 2544 εἰ
244 2516 290 2544 καὶ
309 2515 358 2544 ὅσα
374 2517 388 2544 ὁ
407 2516 514 2549 Παῦλος
527 2515 615 2555 λέγει,
630 2519 676 2546 τοῦ
690 2516 790 2556 Κυρίου

7 2557 62 2593 εἰσὶ,
83 2560 126 2588 καὶ
148 2561 196 2589 οὐχ
223 2560 386 2600 ἀνθρώπινα.
414 2560 596 2600 Παρακατιὼν
625 2561 676 2600 γὰρ
704 2572 788 2601 φησι“

9 2612 18 2625 ι
34 2604 104 2632 Δωιῶ
119 2604 170 2645 γὰρ
193 2605 269 2643 κάγὼ
285 2606 397 2644 Πνεῦμα
412 2607 484 2636 Θεοῦ
497 2606 580 2646 ἔχειν.
597 2619 609 2632 ι

845 2251 994 2288 nequando
1008 2251 1184 2280 subvertaris.

880 2298 968 2325 Vsus.
985 2299 1027 2324 10.
1046 2307 1059 2321 ιι
1072 2295 1108 2324 lis
1122 2299 1213 2324 autem
1226 2295 1273 2332 qui
1287 2294 1558 2330 matrimoniojuncti
1577 2298 1642 2322 sunt

845 2341 984 2378 praecipio,
999 2348 1056 2369 non
1076 2348 1139 2376 ego,
1154 2339 1202 2368 sed
1227 2340 1374 2368 Dominus.
1393 2351 1406 2364 ι-
1421 2339 1489 2374 Quia
1505 2338 1641 2372 Dominus

842 2387 931 2422 legem
945 2385 1053 2414 disertis
1072 2384 1163 2413 verbis
1181 2384 1308 2419 sancivit,
1322 2392 1379 2412 non
1393 2384 1493 2412 debere
1511 2383 1570 2411 ﬁeri
1593 2383 1639 2411 di-

842 2430 962 2459 vortium
975 2429 1027 2458 nisi
1041 2429 1231 2458 fornicationis
1239 2437 1320 2458 causa
1331 2433 1344 2448 υ
1358 2449 1366 2462 ,
1379 2431 1535 2465 propterea,
1548 2439 1561 2452 α
1577 2429 1640 2456 Non

843 2483 903 2512 ego,
920 2474 1017 2511 inquit,
1035 2474 1082 2503 sed
1102 2474 1248 2502 Dominus.
1265 2485 1278 2498 ν
1306 2476 1378 2502 Ante
1392 2473 1444 2502 hac
1462 2473 1535 2501 enim
1559 2481 1640 2501 com-

844 2523 1008 2554 memorata,
1021 2527 1079 2547 non
1093 2518 1207 2547 fuerunt
1216 2526 1342 2554 expresse
1355 2526 1370 2546 a
1382 2518 1501 2546 Domino
1516 2517 1574 2553 lege
1586 2518 1640 2545 lata

844 2565 966 2593 instituta
983 2573 990 2591 :
1005 2564 1113 2592 etiamsi
1127 2571 1296 2600 quaecunque
1311 2563 1412 2591 Paulus
1425 2563 1510 2596 dicat,
1526 2561 1640 2590 Domini

843 2614 917 2644 sunt,
946 2613 974 2637 et
999 2617 1055 2637 non
1080 2611 1211 2636 humana.
1235 2609 1306 2636 Nam
1328 2608 1355 2635 in
1377 2614 1526 2644 progressu
1553 2606 1639 2634 dicit:

845 2666 857 2679 α
874 2655 944 2682 Puto
956 2653 1030 2682 enim
1040 2653 1114 2689 quod
1128 2657 1156 2682 et
1163 2661 1214 2689 ego
1228 2653 1358 2689 Spiritum
1372 2652 1421 2680 Dei
1441 2651 1558 2680 habeam
1571 2654 1583 2668 '
1603 2672 1608 2677 .
1625 2661 1637 2673 ν

38 2702 178 2733 ‘iThess.
194 2712 227 2739 ν,
243 2708 286 2734 i6.
323 2710 336 2722 ιι
352 2704 449 2733 Matth.
467 2713 496 2738 ν,
513 2707 558 2732 32.
594 2709 606 2721 '
625 2705 635 2732 Ι
650 2705 712 2733 Cor.
731 2711 790 2738 vn,
803 2706 848 2731 4o.

703 2744 796 2773 Varia
818 2744 969 2773 lectiones.

36 2786 55 2803 “
79 2788 120 2815 καί
145 2796 173 2817 o.
212 2789 233 2806 ⁸⁷
263 2790 297 2826 μὴ
327 2789 487 2826 ἀποστερεῖτε
511 2797 539 2818 o.
579 2789 600 2806 "
626 2789 672 2816 ὕπὸ
705 2789 798 2824 γάμονζ

911 2795 937 2816 0.
977 2786 998 2804 ”
1026 2787 1161 2823 γαμεῖσθαι
1183 2794 1210 2815 ο.
1250 2786 1272 2804 ⁵⁸
1297 2786 1393 2821 βέλτιον
1418 2794 1444 2815 ο,
1484 2786 1503 2803 ⁶¹
1531 2785 1638 2821 obju-

7 2829 144 2862 ταναγχάζιι
159 2837 187 2857 ο.
