1881 3081
28 159 72 186 ὓνό
443 153 616 182 EXPOSITIO
636 153 670 180 IN
690 150 795 179 EPIST.
816 149 826 178 Ι
845 149 890 177 ΑΙ)
910 149 988 177 COR.
1008 163 1043 168 —
1062 148 1137 176 CAP.
1157 149 1213 176 Vll.

1601 151 1654 179 646

28 223 60 259 τῷ
73 218 242 257 εἰδωλολάτρῃ
264 216 432 255 κολλωμίνη,
449 217 477 246 ἓν
492 216 571 254 σῶμά
598 217 654 246 ἐστι
667 226 674 234 ’
688 215 745 246 πῶς
759 207 803 259 οὖν

901 210 1034 244 mundus;
1054 211 1229 246 perspicuum
1244 213 1337 238 autem
1351 215 1402 245 est,
1422 211 1504 240 etiam
1518 220 1580 241 eam
1595 221 1656 249 quae

27 257 52 293 οὗ
75 264 169 303 γίνεται
191 262 354 303 ἆκάθαρτοςς
385 261 450 292 Ὅτι
474 261 516 291 ἐπὶ
536 260 584 298 μὲν
608 262 656 295 τ’ἦς
681 257 804 303 πορνείας

27 301 84 338 auito
100 309 199 345 διιείνο,
222 307 248 336 ἕν
275 301 297 346 ᾧ
323 309 491 336 κοινωνοῦσιν
522 304 663 340 ἀλλήλοις,
679 306 696 339 ἡ
722 302 804 341 μίξις,

27 353 99 392 φημὶ,
121 352 168 388 τὴν
189 351 354 391 ἀκαθαρσίαν
379 351 450 390 ἔχει,
476 349 522 379 καὶ
548 349 591 380 διὰ
614 351 692 378 τοῦτο
719 347 764 377 καὶ
779 347 803 377 οἱ

27 397 65 427 δύο
88 397 237 437 ἀκάθαρτοι.
264 395 326 425 Ἐπὶ
344 395 371 425 δὲ
396 398 442 424 τοῦ
467 397 561 424 πιστοῦ
577 393 672 434 μέρους
693 392 738 422 καὶ
757 393 804 437 τοῦ

27 442 127 471 ἀπίστου
156 435 242 474 ἄλλως
266 439 321 480 ἔχει
350 439 380 469 τὸ
413 444 538 480 πρᾶγμα.
566 438 727 478 Ἀκάθαρτος
756 435 804 474 μὲν

25 487 70 525 γάρ
83 487 150 515 ἐστιν
175 488 190 515 6
209 485 335 523 ἄπιστος,
362 484 432 514 κατὰ
455 484 503 520 τὴν
528 483 653 512 ἀπιστίαν
670 493 677 500 ·
693 483 722 511 οὖ
746 493 804 510 κοι-

26 535 91 560 νωνεῖ
103 531 129 560 δὲ
145 530 214 560 κατὰ
228 530 327 565 ταύτην
343 530 414 569 αὐτῷ
432 531 449 565 ἡ
466 528 548 569 γυνὴ,
564 527 683 557 κοινωνεῖ
697 526 724 556 δὲ
737 526 805 555 κατὰ

26 575 66 611 τὴν
80 575 163 614 μίξιν,
186 575 248 604 καθ’
267 575 299 610 ἣν
316 574 426 613 οὐδεμία
451 573 602 613 ἀκαθαρσία
626 571 782 612 ἐμφαίνεται
797 582 805 589 ·

25 622 98 660 γάμος
112 620 161 660 γάρ
177 621 242 648 ἐστι.
261 619 312 650 Διὰ
327 621 405 648 τοῦτο
429 614 473 648 οὖν
501 619 550 647 οὐκ
569 617 640 647 ἔστιν
657 617 805 655 ἀκάθαρτον

26 666 51 694 τὸ
66 665 152 694 πιστὸν
168 664 259 705 μέρος.

59 759 155 789 κἚπεὶ
176 759 230 799 ἄρα
251 758 285 788 τὰ
308 758 388 788 τέκνα
415 758 489 795 ὑμῶν
515 756 655 796 ἀκάθαρτά
677 756 759 786 ἐστιν.
787 766 801 784 n

27 805 56 834 Εἰ
68 805 116 844 γὰρ
137 803 173 841 μὴ
189 809 297 833 νικᾶται
311 806 344 843 τῇ
361 802 523 842 καθαρότητι
541 804 588 831 τοῦ
603 804 699 831 πιστοῦ
715 801 807 840 μέρους

857 264 922 284 cum
936 255 1081 284 idololatra
1092 255 1229 291 jungitur,
1241 262 1328 282 unum
1341 262 1405 282 cum
1420 255 1467 283 illo
1481 264 1580 292 corpus
1595 265 1656 286 sor-

857 300 902 328 tiri
917 309 924 328 :
942 308 992 328 cur
1005 300 1087 335 igitur
1101 307 1133 327 ex
1147 307 1179 328 ea
1194 307 1250 327 non
1266 299 1410 327 immunda
1425 299 1566 329 redditur?
1579 302 1656 336 Qun-

857 345 931 372 niam
941 345 969 372 iu
977 344 1155 372 fornicatione
1164 343 1230 371 illud
1240 343 1330 379 ipsum
1339 343 1368 371 in
1377 351 1432 380 quo
1441 345 1655 379 communicant,

858 389 1080 418 commistionem
1099 388 1173 421 dico,
1195 388 1385 424 impuritatem
1408 388 1499 422 habet,
1514 397 1601 425 eoque
1616 391 1657 418 vel

859 438 989 470 utrosque
1003 433 1172 469 coinquinari
1189 442 1196 461 :
1213 441 1309 460 verum
1324 432 1397 468 quod
1415 433 1449 461 ad
1469 433 1577 461 ﬁdelem
1593 442 1658 469 spe-

858 482 915 506 ctat
929 482 957 506 et
972 478 1123 511 inﬁdelem,
1132 478 1211 513 longe
1224 485 1254 505 se
1268 478 1346 505 aliter
1358 485 1403 505 res
1415 477 1657 514 habet.Siquidem

859 523 895 551 ob
904 531 984 551 suam
993 522 1211 550 incredulitatem
1223 522 1385 550 immundus
1397 522 1518 550 efﬁcitur
1528 523 1655 558 inﬁdelis,

858 567 885 595 in
899 567 951 596 hac
964 572 1056 595 autem
1066 567 1166 595 mulier
1177 575 1240 594 cum
1253 567 1312 603 ipso
1326 575 1381 594 non
1393 567 1591 600 communicat.
1607 567 1654 596 sed

859 611 886 640 in
909 612 1046 646 mistione,
1068 612 1096 639 in
1111 619 1164 647 qua
1186 611 1260 639 nulla
1283 614 1396 647 apparet
1410 611 1554 648 impuritas
1573 615 1657 645 (con-

855 657 956 693 jugalis
977 656 1050 684 enim
1077 658 1135 689 est)
1163 656 1361 684 communicat.
1385 657 1532 692 Propterea
1553 656 1655 685 nullam

860 701 947 729 ﬁdelis
966 709 999 729 ex
1019 709 1052 729 eo
1065 701 1153 729 labem
1168 701 1299 729 admittit.

898 764 913 782 α
933 755 1062 791 Alioquin
1077 754 1126 782 ﬁlii
1141 755 1224 783 vestri
1241 754 1378 783 immundi
1396 758 1496 783 essent.
1515 767 1527 780 ι
1542 756 1612 784 Nam
1630 757 1654 784 si

862 799 981 827 inﬁdelis
1003 798 1141 827 credentis
1162 799 1280 835 puritate
1308 807 1365 827 non
1390 800 1473 835 160
1496 799 1660 835 vinceretur,

26 850 51 877 τὸ
72 849 196 885 ἄπιστον,
223 848 315 879 λοιπὸν
334 847 368 877 τὰ
388 846 531 886 τικτόμενα
553 845 693 886 ἀκάθαρτά
721 847 806 883 ἐστιν,

901 848 953 872 rent
969 852 1044 878 sane,
1064 852 1135 880 quos
1152 848 1289 880 parerent,
1309 844 1388 872 liberi
1413 845 1549 873 immundi
1571 845 1611 873 vel
1627 853 1660 874 ex

26 894 76 929 ἤτοι
89 893 113 928 ἐξ
131 894 252 932 ἡμισείας
272 893 386 933 καθαρά.

63 968 76 986 ιι
92 959 143 988 Νῦν
163 957 191 986 δὲ
212 956 277 996 ἅγιά
298 958 364 987 ἐστι.
384 969 396 983 ι
418 955 579 993 Τουτέστιν,
595 955 643 984 οὐκ
661 954 808 993 ἀκάθαρτα·

24 1004 52 1040 τῇ
75 1001 122 1042 γὰρ
148 1001 286 1042 περιουσίᾳ
318 1003 365 1037 τῆς
388 1003 432 1031 τοῦ
459 1001 536 1040 ἁγίου
561 999 656 1034 λέξεως
684 999 810 1029 ἐκϐάλλει

25 1046 50 1075 τὸ
64 1047 115 1080 δέος
133 1049 179 1084 τῆς
196 1046 322 1082 τοιαύτης
343 1046 468 1086 ὓποψίας.

59 1124 70 1136 ι
85 1111 117 1140 Εἰ
131 1109 157 1140 δὲ
171 1111 185 1138 6
202 1110 313 1143 ἄπιστος
331 1108 490 1149 χωρίζεται,
515 1108 683 1149 χωριζέσθω.
702 1119 714 1133 ι
729 1102 809 1143 Οἶον,

26 1156 44 1184 εἰ
59 1155 152 1184 κελεύει
170 1166 212 1184 σοι
237 1154 255 1190 ἢ
279 1157 439 1189 κοινωνῆσαι
459 1156 508 1190 τῆς
531 1152 655 1186 ἀπιστίας
680 1153 767 1192 αὐτῷ,
793 1151 810 1187 ἢ

27 1201 160 1240 ἀναχωρεῖν
168 1200 193 1219 ⁵⁸
200 1201 248 1230 τοῦ
261 1200 363 1239 γάμου,
379 1199 561 1238 ἀναχωρείτω.
578 1198 687 1228 Βέλτιον
699 1196 750 1237 γὰρ
766 1195 810 1226 τὸν

26 1245 121 1282 γάμον,
137 1244 154 1280 ἢ
169 1245 219 1281 τὴν
236 1244 370 1275 εὐσέϐειαν
385 1245 506 1280 λυθῆναι.

63 1318 75 1335 ε
95 1308 134 1338 Οὐ
158 1307 319 1337 δεδούλωται
341 1309 356 1336 6
382 1307 494 1347 ἀδελφὸς
516 1304 534 1341 ἢ
554 1307 571 1341 ἡ
596 1304 696 1345 ἀδελφὴ
717 1306 745 1335 ἐν
758 1308 812 1338 τοῖς

26 1352 141 1386 τοιούτοις
155 1362 162 1370 ⁸
177 1355 204 1383 ἐν
222 1352 250 1382 δὲ
271 1351 362 1392 εἰρήνῃ
386 1351 517 1388 κέκληκεν
533 1352 603 1389 ὖμᾶς
617 1352 631 1380 6
648 1350 727 1384 Θεός.
746 1363 759 1375 I
778 1349 811 1379 Εί

29 1397 134 1436 μάχεταί
149 1409 206 1433 σοι,
223 1397 304 1437 φησὶ,
320 1397 387 1426 διότι
406 1395 444 1435 μὴ
457 1397 589 1429 κοινωνεῖς
601 1397 649 1431 τῆς
664 1394 788 1427 ἀπιστίας
801 1415 809 1432 ,

29 1442 162 1480 διαζῦγηθι.
177 1443 220 1472 Οὖ
241 1442 291 1481 γὰρ
306 1441 468 1471 δεδούλωσαι
483 1441 518 1474 είς
534 1440 569 1469 τὰ
583 1442 694 1469 τοιαῦτα
709 1450 717 1458 ·
733 1450 810 1469 τουτ-

28 1486 106 1525 έστιν,
121 1487 149 1517 οὖ
168 1486 366 1525 καταναγκάζει
387 1486 526 1526 βαστάζειν
553 1484 633 1514 αὐτὸν
649 1484 695 1514 καὶ
715 1484 742 1513 ἐν
757 1486 810 1516 τοῖς

28 1531 152 1565 τοιούτοις.
182 1532 294 1562 Βελτιον
317 1531 369 1571 γὰρ
395 1531 584 1567 ἀπαλλαγῆναι
611 1528 629 1565 ἣ
665 1529 810 1568 μάχεσθαι,

28 1576 77 1605 ἐπεὶ
90 1577 146 1607 οὐδὲ
161 1578 175 1606 6
193 1576 264 1610 Θεὸς
289 1576 422 1615 βούλεταιξ
435 1577 526 1605 τοῦτο.
550 1588 561 1601 ι
584 1573 630 1605 Ἐν
645 1574 697 1613 γὰρ
719 1573 809 1612 εἰρήνη

27 1621 145 1657 κέκληκεν
158 1623 238 1660 ὑμᾶς.
251 1634 263 1647 υ
278 1620 362 1650 Ὤστε
377 1622 404 1659 ,εἰ
420 1620 557 1660 μάχεται,
575 1619 671 1652 ἐκεῖνος
690 1617 811 1658 παρέσχε

28 1665 69 1701 τὴν
84 1667 166 1696 αἰτίαν
182 1668 232 1696 τοῦ
247 1665 390 1705 διαζυγίου.

62 1742 72 1755 ι
87 1729 122 1760 Τί
145 1729 196 1770 γὰρ
220 1723 310 1766 οἶδας,
334 1727 428 1767 γύναι,
455 1728 478 1757 εἰ
492 1727 536 1757 τὸν
562 1727 646 1766 ἄνδρα
671 1725 782 1763 σώσεις;
799 1738 811 1752 ι

28 1774 106 1804 Πάλιν
119 1774 183 1814 πρὸς
202 1774 252 1812 τὸ,
274 1785 289 1803 (ι
310 1773 358 1808 Μὴ
374 1772 487 1813 ἀφιέτω,
509 1786 521 1799 ιι
545 1771 720 1812 ἀναδραμὼν,
735 1774 812 1800 τοῦτο

27 1819 90 1858 λίγιι
101 1830 108 1837 ·
124 1820 159 1849 Εἰ
172 1819 225 1859 γὰρ
241 1818 279 1858 μὴ
293 1817 409 1858 μάχεταί
424 1829 482 1856 σοι,
498 1816 578 1856 μένε,
604 1817 684 1856 φησὶ,
700 1816 746 1846 καὶ
760 1827 812 1845 πα-

13 1863 112 1902 ραίνει,
134 1863 197 1897 ἴσως
214 1863 327 1897 ἀνύσεις.
352 1861 400 1893 Ἐν
422 1862 565 1902 ἀμοιϐόλῳ
591 1861 618 1890 δὲ
646 1863 723 1891 τοῦτο
740 1860 812 1896 τίθη-

28 1919 77 1946 σιν,
92 1908 148 1947 ἅμα
168 1908 218 1948 μὲν
240 1907 284 1937 ἵνα
307 1906 345 1946 μὴ
363 1907 424 1947 δόξῃ
449 1907 566 1946 ἀνάγκην
582 1906 690 1945 ἐπάγειν
766 1917 811 1945 γυ-

29 1953 90 1982 ναικὶ
112 1954 156 1983 τοῦ
182 1953 290 1987 πάντως
316 1957 407 1982 πεῖσαι
430 1952 475 1981 τὸν
504 1952 586 1991 ἄνδρα
602 1963 609 1970 -
637 1952 695 1990 ἅμα
719 1949 746 1980 δὲ
767 1949 812 1979 καὶ

29 1997 148 2038 μετέωρον
174 1997 260 2035 αὐτὴν
283 1998 366 2028 ποιῶν
391 1998 429 2038 τῷ
451 1996 494 2026 ἀεὶ
515 1996 648 2035 ἐλπίζειν,
675 1995 746 2026 ὥστε
773 1994 811 2034 μὴ

30 2043 222 2082 ἀπογινώσκειν.

65 2118 76 2132 ι
91 2105 144 2135 Καὶ
157 2106 183 2136 τί
201 2099 288 2142 οἶδας,
310 2104 388 2145 ἄνερ,
412 2104 436 2134 εἰ
456 2103 506 2140 τὴν
525 2108 641 2144 γυναῖκα
655 2101 764 2140 σώσεις;
780 2102 812 2132 Εἰ

31 2149 63 2187 μὴ
83 2151 183 2191 ἑκάστῳ
205 2151 243 2184 ὣς
265 2148 385 2188 ἐμέρισεν
409 2150 424 2178 6
446 2149 529 2185 Θεὸς,
545 2148 658 2178 ἕκαστον
673 2149 700 2168 ⁵⁵
721 2149 757 2182 ὡς
770 2147 812 2176 κέ-

30 2200 116 2230 κληκεν
127 2197 141 2224 6
157 2195 256 2236 Κύριος
268 2195 387 2236 “Lahm
401 2193 592 2233 περιπατείτω.
610 2207 622 2219 ι
642 2192 720 2226 Τινὲς
734 2191 815 2225 οὕτως

30 2238 168 2277 ἀνέγνωσαν
181 2252 189 2259 ο
202 2234 206 2236 Ἴ
217 2253 229 2266 ι
244 2238 281 2270 Τί
296 2234 385 2278 οἶδας,
410 2239 490 2278 ἄνερ,
507 2240 529 2268 εἶ
551 2238 601 2274 τὴν
623 2241 736 2276 γυναῖκα
761 2236 814 2266 σώ-

31 2295 90 2320 σεις,
103 2284 120 2320 ἢ
142 2285 180 2323 μή
192 2295 202 2324 ;
215 2299 229 2311 ν
245 2279 302 2314 εἶτα
320 2285 368 2313 ἀπ’
384 2284 467 2320 ἄλλης
481 2285 567 2324 ἀρχῆς
577 2295 585 2302 ο
604 2282 763 2324 αξΕκάστῳ
781 2283 816 2314 ὡς

30 2322 147 2367 ἰμέρισενγ
160 2331 174 2358 6
195 2322 266 2363 Θεός
279 2339 289 2348 ο
312 2342 324 2355 ι
339 2327 478 2365 τουτέστι,
501 2322 587 2358 Πόθεν
612 2322 698 2365 οἶδας,
717 2326 767 2355 κᾶν
786 2336 815 2354 τε

29 2372 125 2413 σώσῃς,
149 2374 200 2404 κᾶν
214 2385 245 2404 τε
264 2373 310 2404 καὶ
334 2372 389 2412 tui;
406 2371 518 2409 Ἄδηλον
530 2372 645 2406 πάντως.
663 2371 772 2407 ’Ᾱδήλου
788 2369 816 2399 δὲ

29 2416 105 2455 ὄντος,
120 2419 148 2448 οὗ
164 2420 203 2448 δεῖ
215 2418 288 2448 λύειν
298 2417 341 2447 τὸν
352 2417 448 2456 γάμον.
466 2417 513 2453 Μὴ
527 2417 617 2452 σώζων
632 2417 680 2456 μὲν
697 2417 758 2456 γὰρ,
769 2415 817 2444 οὔκ

29 2460 155 2499 ἐϐλάϐης·
178 2462 271 2497 σώζων
286 2463 329 2500 δὲ,
352 2462 493 2502 ὠφέλησας
506 2461 553 2491 καὶ
575 2461 721 2502 ὠφελήθης.
746 2458 816 2491 Ἀλλ’

30 2506 73 2545 οὔχ
85 2507 165 2540 οὕτως
179 2509 194 2536 6
219 2509 246 2537 ἕν
268 2507 352 2546 ἁγίοις
366 2505 494 2542 Ἰωάννης
513 2505 630 2546 ἀνέγνω,
646 2504 731 2542 ἀλλὰ,
753 2519 766 2532 ι
782 2507 816 2537 Ei

31 2550 63 2587 μὴ
90 2552 193 2591 ἑκάστῳ
218 2553 253 2585 ὥς
278 2552 399 2591 ἐμέρισεν
419 2552 434 2580 6
460 2551 546 2585 Θεόςυ
569 2564 581 2578 ι
604 2550 619 2580 ὃ
641 2550 687 2580 καὶ
714 2550 816 2590 βέλτιον

31 2594 126 2629 πάντως
139 2607 146 2615 ·
159 2596 258 2626 ὡσανεὶ
271 2595 323 2636 γὰρ
339 2591 413 2625 εἶπεν
428 2597 443 2624 6
462 2594 617 2629 Ἇπόστολος
629 2607 635 2614 ·
653 2596 695 2626 οὗ
714 2595 817 2634 γίνεται

31 2640 184 2680 ὁχωρισμὸς
200 2641 243 2670 διὰ
254 2641 300 2676 τὴν
319 2641 446 2670 ἀπιστίαν
457 2663 465 2679 ,
483 2654 495 2666 α
509 2642 530 2670 εἰ
547 2640 584 2679 μὴ
600 2640 714 2680 ἑκάστῳ,
731 2654 742 2666 ι
759 2640 816 2670 ἀντὶ

34 2686 88 2722 τοῦ,
121 2685 202 2716 Ἀλλὰ
225 2686 333 2720 ἕκαστος
364 2685 446 2719 οὕτως
475 2685 576 2725 ίχέτω,
609 2686 644 2719 ὣς
671 2684 816 2722 ηὐδόκησεν

864 893 941 924 parte
954 888 1071 917 dimidia
1090 888 1197 917 mundi.

902 969 914 982 α
935 959 1015 986 Nunc
1029 962 1122 986 autem
1135 958 1222 986 sancti
1238 961 1313 986 sunt.
1340 969 1353 982 ιι
1376 959 1437 986 Hoc
1460 962 1512 993 est,
1535 967 1592 986 non
1607 959 1661 987 im-

865 1002 969 1031 mundi.
982 1003 1054 1030 Nam
1063 1011 1112 1039 per
1123 1001 1330 1030 exuberantiam
1339 1002 1465 1031 dictionis
1475 1003 1558 1039 hujus
1573 1005 1661 1032 sancti

864 1047 1025 1084 hujusmodi
1038 1047 1203 1083 suspicionis
1216 1051 1320 1075 metum
1336 1047 1434 1083 rejicit.

900 1116 989 1143 Vens.
1008 1117 1051 1143 15.
1067 1127 1080 1139 σι
1097 1114 1177 1150 Quod
1190 1114 1214 1142 si
1230 1114 1346 1143 inﬁdelis
1359 1113 1484 1149 discedit,
1500 1115 1630 1143 discedat.
1647 1128 1660 1140 .

865 1159 954 1188 Veluti
968 1159 990 1187 si
1006 1159 1054 1187 tibi
1069 1160 1196 1195 imperet,
1211 1163 1242 1187 ut
1261 1167 1320 1188 sua:
1342 1160 1479 1196 particeps
1495 1159 1543 1188 ﬁas
1563 1160 1660 1188 inﬁde-

865 1203 958 1238 litatis,
984 1208 1031 1231 aut
1043 1203 1167 1232 discedas
1189 1212 1205 1232 a
1220 1204 1410 1238 matrimonio,
1429 1203 1553 1232 discede.
1569 1205 1661 1233 Satius

864 1249 941 1277 enim
955 1253 996 1277 est
1010 1248 1181 1277 connubium
1195 1249 1300 1276 solvere
1314 1256 1399 1285 quam
1413 1249 1551 1285 pietatem.

902 1323 915 1336 ι
935 1313 997 1340 Non
1023 1312 1097 1340 enim
1123 1311 1247 1340 servituti
1272 1311 1409 1348 subjectus
1430 1316 1474 1340 est
1505 1311 1589 1340 frater
1615 1316 1662 1340 aut

865 1364 944 1384 soror
967 1357 995 1384 in
1017 1356 1176 1393 hujusmodi
1201 1365 1208 1384 :
1235 1356 1263 1384 in
1288 1364 1353 1391 pace
1372 1360 1465 1384 autem
1486 1357 1594 1384 vocavit
1615 1364 1663 1384 vos

866 1403 951 1429 Deus.
975 1413 988 1425 ιι
1007 1401 1033 1429 Si
1055 1405 1159 1434 tecum,
1173 1401 1272 1437 inquit,
1286 1401 1383 1436 litiget,
1398 1409 1430 1429 eo
1444 1401 1518 1437 quod
1536 1409 1600 1429 cum
1615 1401 1663 1429 illo

866 1454 920 1474 non
936 1445 1126 1474 communicas
1143 1446 1170 1472 in
1188 1445 1358 1478 infidelitate,
1369 1445 1541 1481 disjungitor.
1559 1446 1662 1481 Hujus-

866 1490 942 1518 modi
966 1490 1040 1518 enim
1054 1490 1179 1518 servituti
1203 1498 1259 1517 non
1282 1493 1323 1517 est
1345 1490 1482 1525 subjecta;
1499 1490 1551 1517 hoc
1565 1494 1618 1524 est,
1634 1490 1663 1518 in

865 1534 1021 1571 liujusmodi
1037 1533 1119 1561 rebus
1141 1534 1230 1561 virum
1249 1533 1321 1562 ferre
1344 1541 1401 1561 non
1424 1533 1540 1570 cogeris.
1564 1534 1664 1562 Melius

865 1580 938 1607 enim
959 1582 1002 1606 est
1014 1578 1140 1606 secedere
1154 1586 1237 1614 quam
1251 1578 1387 1606 altercari.
1408 1579 1501 1614 Neque
1516 1585 1582 1606 vero
1596 1578 1662 1606 illud

864 1623 964 1651 divinae
974 1627 1017 1651 est
1029 1623 1198 1657 voluntatis;
1214 1634 1227 1647 α
1244 1625 1276 1651 In
1290 1630 1354 1659 pace
1369 1623 1443 1650 enim
1458 1630 1506 1651 vos
1519 1622 1634 1651 vocavit.
1648 1632 1663 1649 π

866 1669 961 1703 Itaque
974 1668 998 1696 si
1012 1667 1106 1703 litiget,
1119 1667 1229 1696 divortii
1244 1675 1355 1696 causam
1368 1667 1412 1695 ille
1428 1667 1555 1703 praebuit.

902 1733 989 1760 Vens.
1000 1735 1040 1760 16.
1052 1743 1064 1756 α
1072 1731 1330 1767 Quidenimnostri,
1337 1732 1447 1767 mulier,
1456 1740 1524 1760 num
1533 1733 1664 1760 maritum

865 1776 972 1804 salvum
988 1775 1088 1804 facies?
1111 1788 1124 1801 ι
1139 1778 1248 1804 Rursus
1261 1776 1296 1805 ad
1314 1776 1381 1805 illud
1395 1776 1515 1810 rediens,
1532 1777 1664 1810 videlicet,

869 1833 881 1845 ι
904 1822 945 1849 Ne
968 1821 1103 1855 dimittat,
1120 1833 1133 1845 ιι
1156 1820 1210 1849 hoc
1232 1821 1311 1848 dicit.
1333 1821 1362 1849 Si
1377 1820 1426 1848 tibi
1445 1821 1518 1848 enim
1532 1821 1665 1849 molestus

867 1873 924 1893 non
935 1867 979 1898 sit,
995 1869 1118 1898 maneto,
1133 1865 1234 1900 inquit,
1246 1872 1311 1892 cum
1323 1873 1366 1898 eo,
1382 1868 1409 1892 et
1419 1865 1664 1899 commonefacito,

868 1909 973 1946 aliquid
996 1908 1122 1937 fortassis
1143 1909 1256 1937 efﬁcies.
1283 1911 1355 1937 Rem
1377 1913 1470 1936 autem
1494 1909 1523 1936 in
1536 1909 1666 1944 ambiguo

867 1954 976 1987 statuit;
992 1953 1102 1990 partim,
1118 1962 1152 1982 ue
1168 1953 1277 1981 mulieri
1291 1953 1484 1981 necessitatem
1499 1953 1586 1981 virum
1601 1961 1665 1981 om-

867 1999 935 2027 nino
964 1998 1141 2034 persuadendi
1167 1997 1291 2026 videatur
1317 1998 1476 2033 imponere;
1501 1998 1611 2033 partim,
1636 2002 1667 2026 ut

865 2044 993 2072 animum
1014 2043 1073 2079 ejus
1086 2042 1121 2071 ad
1139 2050 1216 2079 spem
1239 2042 1339 2079 erigat,
1359 2050 1394 2070 ne
1408 2041 1442 2070 de
1465 2042 1513 2070 illo
1528 2042 1665 2078 desperet.

903 2113 995 2140 Vens.
1012 2113 1055 2144 16,
1077 2113 1120 2138 l7.
1140 2119 1154 2137 ι(
1168 2112 1225 2138 Aut
1237 2109 1302 2146 quid
1318 2109 1400 2143 nosti,
1415 2109 1468 2143 vir,
1483 2109 1506 2137 si
1519 2109 1666 2145 conjugem

869 2159 946 2184 tuam
964 2156 1068 2184 salvam
1092 2155 1193 2183 facies?
1217 2154 1278 2182 Nisi
1298 2154 1398 2190 cuique
1418 2158 1449 2182 ut
1467 2154 1558 2182 divisit
1580 2155 1666 2188 Deus,

870 2207 1099 2236 unumquemque
1113 2203 1144 2227 ut
1157 2199 1264 2227 vocavit
1279 2199 1427 2232 Dominus,
1445 2199 1483 2226 ita
1503 2198 1635 2226 ambulet.
1653 2211 1665 2223 -

869 2244 996 2273 Nonnulli
1012 2244 1053 2272 sic
1069 2244 1165 2280 legunt
1181 2254 1186 2271 :
1204 2255 1217 2268 ι
1235 2243 1309 2278 Quid
1324 2244 1407 2277 nosti,
1421 2243 1470 2276 vir,
1485 2243 1506 2270 si
1521 2243 1668 2271 mulierem

869 2289 972 2318 salvam
996 2287 1087 2322 facies,
1109 2290 1212 2316 necne?
1229 2299 1241 2312 ι
1265 2288 1368 2316 Deinde
1389 2288 1424 2315 ab
1442 2288 1495 2316 alio
1518 2288 1633 2316 exordio
1660 2299 1666 2316 :

871 2345 883 2357 ι
904 2333 1059 2368 Unicuique
1071 2337 1102 2360 ut
1118 2332 1212 2360 divisit
1225 2334 1314 2365 Deus;
1331 2344 1344 2356 ι»
1366 2332 1418 2360 hoc
1432 2336 1482 2366 est,
1496 2332 1579 2361 Unde
1591 2340 1668 2360 com-

870 2381 978 2413 pertum
996 2377 1091 2410 habes,
1112 2377 1135 2405 si
1158 2377 1228 2404 hanc
1247 2377 1350 2405 salvam
1373 2376 1495 2404 facturus
1513 2376 1550 2405 sis
1565 2379 1670 2406 necne?

871 2422 897 2450 id
911 2422 1024 2458 quidem
1039 2425 1081 2450 est
1096 2429 1206 2457 prorsus
1219 2421 1364 2450 incertum.
1376 2422 1446 2449 Cum
1461 2425 1555 2450 autem
1568 2422 1596 2449 in
1611 2429 1670 2450 am-

870 2466 953 2503 biguo
974 2466 1021 2500 sit,
1040 2466 1211 2494 connubium
1233 2474 1291 2493 non
1311 2470 1352 2493 est
1366 2465 1565 2494 dirimendum.
1588 2467 1669 2501 Quod

870 2511 892 2538 si
906 2511 1010 2538 salvam
1030 2518 1086 2538 non
1108 2509 1215 2545 feceris,
1237 2510 1273 2538 nil
1289 2509 1339 2538 tibi
1358 2509 1470 2537 ofﬁciet.
1486 2511 1595 2538 Salvam
1617 2519 1668 2538 au-

870 2559 930 2583 tem
942 2555 1012 2583 hanc
1027 2555 1051 2583 si
1069 2554 1233 2589 reddideris,
1249 2558 1277 2582 et
1290 2554 1350 2582 aliis
1371 2554 1496 2590 profuisti
1516 2559 1544 2582 et
1558 2554 1615 2581 tibi.
1633 2558 1671 2582 At

871 2607 927 2628 non
942 2599 979 2628 ita
998 2599 1064 2636 legit
1079 2603 1191 2627 sanctus
1205 2599 1422 2635 Chrysostomus
1440 2608 1446 2626 :
1462 2598 1521 2631 sed,
1539 2610 1551 2622 ι
1566 2598 1624 2626 Nisi
1640 2603 1670 2626 ut

871 2644 1018 2681 unicuique
1037 2644 1130 2672 divisit
1157 2646 1233 2672 Deus
1258 2653 1265 2671 :
1293 2656 1305 2668 ι
1330 2644 1375 2679 qui
1405 2651 1503 2671 sensus
1525 2646 1566 2670 est
1589 2643 1669 2679 longe

871 2690 985 2726 potior:
1006 2688 1117 2726 perinde
1131 2696 1163 2717 ac
1182 2689 1206 2717 si
1220 2688 1319 2717 dixerit
1336 2687 1494 2724 Apostolus,
1517 2687 1668 2724 Haudqua-

716 2740 811 2770 ναι-ἰῶ
831 2740 978 2771 lectiones.
1024 2763 1026 2766 μ

65 2788 83 2805 ιδ
97 2788 135 2816 ἶσ.
148 2789 283 2824 ἆναχώρει.
299 2798 326 2818 o.
379 2790 401 2807 “
413 2789 516 2820 ἕκαστος
528 2797 555 2818 ο,
594 2789 616 2807 ⁵⁸
643 2789 704 2820 Θεός
717 2797 742 2818 o.
