1881 3081
231 146 283 173 647

734 141 993 170 THEOPHYLACTI
1013 141 1192 168 BULGARIAS
1210 139 1367 168 ARCHIEP.
1816 139 1856 166 648

229 215 313 244 quam
325 209 436 243 propter
449 204 639 234 inﬁdelitatem
653 204 685 232 ﬁt
694 204 855 238 divortium,
873 215 884 229 ιι
901 203 953 232 nisi
967 203 1015 231 uni

1082 203 1160 232 αὐτὸν
1176 204 1189 231 ὁ
1207 202 1285 235 Θεός.
1304 203 1422 232 Γυναῖκα
1434 201 1511 240 ’ἔχων
1525 200 1634 229 ἄπιστον
1652 200 1781 236 ἐκλήθηςς
1800 201 1855 230 Min

228 252 337 288 cuique,
360 263 374 275 ν
389 251 442 278 hoc
465 254 518 284 est,
540 249 593 278 Sed
607 250 795 286 unusquisque
809 249 848 277 sic
869 257 898 277 se
915 248 1025 283 habeat,

1080 247 1149 287 ἔχων
1160 269 1168 283 ,
1182 246 1228 276 καὶ
1244 246 1282 285 μὴ
1296 247 1340 275 διὰ
1353 245 1401 282 τὴν
1417 245 1543 275 ἀπιστίαν
1557 245 1684 284 ἐκϐάλῃς.

229 297 273 332 ut]
284 298 344 325 Deo
370 295 405 324 de
432 295 476 323 illo
498 294 645 331 disponere
666 295 775 330 placuit.
800 294 922 322 Uxorem
937 293 1041 322 habens
1055 294 1196 324 inﬁdelem
1210 298 1323 323 vocatus
1337 295 1384 323 es?
1403 301 1466 322 eam
1482 293 1622 329 retinetof,
1638 301 1691 321 nec
1706 293 1742 321 ob
1763 293 1856 322 inﬁdeli-

228 346 313 371 tatem
330 341 432 378 ejicias.

266 397 279 411 ιι
300 387 335 414 Et
341 386 381 414 sic
391 385 420 413 in
429 384 558 413 omnibus
569 384 697 413 Ecclesiis
704 384 832 420 dispono.
847 395 859 408 ιι
870 385 931 412 Hoc
944 383 1022 419 dixit,

228 435 259 460 ut
272 439 305 459 ex
319 438 352 459 eo
362 429 436 466 quod
448 430 518 458 alios
526 429 646 458 habeant
658 429 812 466 participes.
825 429 859 457 ad
872 428 1023 465 obsequen-

229 475 296 504 dum
311 475 366 503 sint
381 474 541 510 paratiores.

262 521 354 548 Vens.
372 523 416 548 18.
434 530 446 543 α
458 518 641 548 Circumcisus
654 518 753 556 aliquis
763 522 876 547 vocatus
889 520 947 546 est?
960 519 1021 546 Non

226 564 346 593 adducat
360 564 535 600 praeputium.
558 576 570 588 ι
589 563 742 592 Verisimile
763 567 823 591 erat
837 563 940 592 multos
954 571 1022 599 quos

225 608 440 638 circumcisionis
454 608 583 645 pudebat,
599 608 799 636 medicamento
810 607 928 644 quodam
947 616 1020 636 men-

225 653 305 682 brum
319 654 514 682 circumcisum
534 653 569 681 ad
590 653 738 689 pristinum
759 657 863 681 statum
884 652 1020 688 redigere,

225 699 372 727 cuticulam
388 698 520 726 nimirum
534 697 788 734 superinducentes.

263 743 342 779 161
370 754 384 769 ι(
405 744 439 771 ιη
463 742 595 778 praeputio
618 742 719 778 aliquis
747 746 861 770 vocatus
884 744 944 770 est?
964 749 1019 769 non

1119 398 1131 412 α
1151 385 1205 416 Καὶ
1220 385 1302 419 οὕτως
1323 387 1350 415 ἐν
1368 384 1467 418 πάσαις
1485 388 1543 418 ταῖς
1563 382 1740 420 Ἐκκλησίαις
1762 383 1853 412 διατάτ-

1077 441 1168 469 τομαι.
1182 443 1194 456 ι
1220 430 1309 460 Τοῦτο
1326 425 1410 468 εἶπεν,
1433 429 1476 458 ἵνα
1492 431 1530 469 τῷ
1545 428 1616 468 ἔχειν
1632 428 1680 458 καὶ
1704 428 1794 460 ἄλλους
1807 438 1852 456 κοι-

1077 475 1183 509 νωνοὺς,
1205 474 1398 515 προθυμότεροι
1409 475 1471 515 περὶ
1481 474 1529 510 τὴν
1543 473 1664 508 ὑπακοὴν
1684 473 1812 502 διατεθῶσι
1823 472 1850 501 ⁸⁷.

1117 534 1129 546 ι
1153 519 1384 558 “spiratis-quive;
1405 531 1444 552 τις
1468 518 1588 557 ἐκλήθη,
1605 518 1652 553 Μὴ
1671 517 1825 547 ἐπισπάσθω.
1837 527 1847 543 I

1078 564 1154 598 Εἰκὸς
1179 560 1210 600 ἦν
1230 565 1341 596 πολλοὺς
1361 562 1569 603 αἰσχυνομένους
1594 565 1627 598 1:11"
1652 563 1799 602 περιτομῇ,
1817 562 1849 589 διά

1076 620 1144 642 τινος
1166 609 1296 648 ἰατρείας,
1319 608 1364 637 ἐπὶ
1383 607 1413 637 τὸ
1428 609 1538 648 ἀρχαῖον
1563 607 1707 645 ἐπανάγειν
1731 609 1761 635 τὸ
1781 608 1848 644 ἐμπι-

1077 653 1180 693 ρίτομον
1197 654 1299 694 μόριον,
1313 652 1516 692 ἐπισπωμένους
1530 651 1560 682 τὸ
1578 651 1677 692 δέρμα.

1115 756 1127 769 α
1143 742 1190 773 Ἐν
1206 742 1366 783 ἀκροϐυστίᾳ
1382 755 1422 776 τις
1435 741 1550 778 ἐκλήθη,
1571 741 1608 779 μὴ
1627 739 1821 780 περιτεμνέσθω.
1831 751 1841 767 ε

224 787 446 816 circumcidatur.
464 799 477 811 -
492 788 595 816 Contra
610 787 750 820 nonnulli,
764 786 840 822 quod
852 786 879 814 in
898 787 1015 814 circum-

1073 787 1158 817 Πάλιν
1184 787 1251 820 τινὲς
1276 787 1320 816 διὰ
1337 787 1369 817 τὸ
1394 787 1486 816 δοκοῦν
1507 785 1610 820 ἔνδοξον
1636 788 1685 821 τῆς
1711 786 1844 824 περιτομῆς.

223 832 327 861 cisione
339 832 502 869 praclarum
523 831 591 868 quid
611 839 670 860 esse
694 831 841 865 videretur,
859 835 922 867 post
934 830 1017 859 ﬁdem

222 877 499 906 circumcidebantur.
525 876 573 904 Ait
592 876 684 912 igitur,
706 876 779 912 quod
801 876 853 904 ista
881 876 915 904 ad
935 876 1017 904 ﬁdem

223 922 292 950 nihil
312 921 464 950 conferant.

257 968 342 995 Vens.
369 969 412 995 19.
429 978 440 990 α
459 966 638 994 Circumcisio
652 965 718 993 nihil
740 969 792 999 est,
807 969 835 994 et
849 965 1014 1002 prmputium

221 1011 291 1039 nihil
306 1015 357 1045 est,
372 1011 419 1039 sed
435 1011 587 1039 observatio
602 1011 794 1038 mandatorum
805 1010 868 1038 Dei.
881 1020 894 1036 η
904 1010 1016 1046 Ubique

221 1065 274 1084 una
283 1064 348 1084 cum
361 1055 416 1084 ﬁde
425 1056 535 1084 virtutis
550 1056 669 1092 exigitur
677 1055 811 1091 operatio.
823 1056 927 1083 Caetera
940 1063 1013 1088 vero,

221 1100 263 1129 vel
278 1101 381 1135 minus,
392 1101 434 1128 vel
448 1108 504 1128 non
514 1101 638 1128 omnino.

256 1147 342 1173 Vens.
351 1149 397 1181 20,
406 1148 450 1173 2|.
461 1157 474 1169 ιι
485 1144 679 1181 Unusquisque
686 1145 712 1172 in
723 1152 776 1181 qua
787 1144 928 1172 vocatione
940 1152 1014 1172 voca-

221 1194 266 1218 tus
281 1194 333 1223 est,
346 1190 373 1218 in
384 1198 416 1218 ea
429 1194 601 1226 permaneat.
616 1190 715 1218 Servus
725 1193 839 1218 vocatus
849 1191 896 1217 es?
910 1197 967 1217 non
979 1189 1015 1217 sit

220 1235 270 1263 tibi
283 1243 357 1263 cura:
373 1244 380 1263 :
393 1234 442 1263 sed
455 1239 485 1263 et
496 1235 519 1263 si
533 1239 609 1270 potes
624 1234 681 1262 ﬁeri
697 1234 777 1268 liber,
793 1234 882 1270 magis
895 1238 980 1262 utere.
999 1245 1011 1257 ιι

218 1281 250 1308 In
264 1280 408 1308 vocatione
431 1288 484 1316 qua
502 1283 617 1308 vocatus
631 1283 684 1313 est,
706 1279 759 1307 hoc
775 1283 828 1312 est,
850 1286 1013 1315 quocunque

217 1325 246 1353 in
260 1333 368 1361 genere,
391 1326 430 1353 vel
450 1324 545 1353 ordine
567 1324 606 1352 vel
628 1324 786 1352 conditione
810 1323 907 1352 Christi
929 1323 1011 1351 ﬁdem

218 1370 369 1405 susceperit
379 1369 527 1405 quispiam,
543 1369 569 1396 in
584 1368 638 1396 hoc
653 1372 815 1404 perseveret.
830 1368 1011 1397 Vocationem

217 1414 291 1442 enim
305 1414 372 1442 dicit
385 1413 576 1442 inductionem
592 1414 626 1441 ad
639 1412 732 1441 ﬁdem.
746 1414 844 1440 Servus
862 1421 926 1440 cum
939 1420 1011 1440 esses

1073 831 1140 870 μετὰ
1166 831 1196 861 τὸ
1221 834 1362 861 πιστεῦσαι
1385 831 1596 871 περιετέμνοντο.
1624 830 1717 866 Φησὶν
1741 824 1794 865 οίῖν¹
1815 828 1843 857 ὅτι

1072 880 1154 906 ταῦτα
1170 877 1243 905 οὐδὲν
1257 878 1292 910 εἷς
1308 877 1354 911 τὴν
1369 875 1458 906 πίστιν
1475 877 1604 905 συντελεῖ.

1111 979 1123 992 ι
1139 965 1173 995 Ἣ
1197 965 1328 1006 περιτομὴ
1348 964 1421 995 οὐδέν
1438 965 1512 1002 ἐστι,
1537 964 1582 993 καὶ
1597 966 1613 1000 ἡ
1636 963 1791 1005 ἀκροϐυστία
1807 964 1839 992 οὗ·

1071 1010 1112 1039 δέν
1129 1012 1200 1040 ἐστιν
1211 1034 1219 1049 ,
1237 1009 1306 1039 ἀλλὰ
1327 1009 1437 1048 τήρησις
1459 1010 1572 1038 ἐντολῶν
1594 1010 1679 1040 Θεοῦ.
1696 1023 1708 1035 ι
1724 1009 1841 1046 “una”?

1069 1057 1145 1084 τοῦτο
1170 1057 1304 1093 ζητεῖται,
1327 1055 1396 1093 μετὰ
1422 1057 1469 1090 ἧς
1493 1054 1608 1088 πίστεως
1635 1057 1653 1089 ἡ
1683 1054 1785 1094 ἐργασία
1806 1054 1840 1086 τῆς

1070 1100 1164 1139 ἀρετῆς
1179 1100 1221 1118 ⁵⁸·
1237 1095 1324 1128 τᾶλλα
1347 1099 1390 1137 δὲ,
1407 1099 1425 1134 ἢ
1440 1095 1530 1136 ἧττον,
1549 1099 1566 1135 ἢ
1581 1099 1707 1132 οὖδόλως.

1109 1157 1122 1171 α
1139 1143 1274 1177 Ἕκαστος
1300 1145 1327 1172 ἐν
1407 1144 1520 1183 κλήσει,
1585 1143 1705 1179 ἐκλήθη,
1730 1143 1754 1171 ἐν
1776 1141 1838 1178 ταύτῃ

1069 1188 1170 1226 μενέτω
1184 1189 1221 1218 “-
1239 1190 1338 1222 Δοῦλος
1357 1189 1489 1225 ἐ»ιλήθηςς
1516 1187 1554 1227 μή
1571 1200 1612 1217 σοι
1630 1188 1748 1226 μελέτω·
1824 1187 1839 1213 ti

1067 1233 1111 1262 καὶ
1126 1232 1236 1262 δύνασαι
1251 1232 1386 1272 ἐλεύθερος
1401 1233 1522 1272 γενέσθαι
1532 1256 1542 1270 ,
1558 1234 1662 1271 μᾶλλον
1677 1234 1779 1272 χρῆσαι.
1790 1244 1799 1255 ι
1810 1246 1838 1252 -

1068 1291 1080 1303 ιι
1095 1277 1143 1307 Ἐν
1200 1277 1307 1316 κλήσει,
1351 1277 1462 1313 ἐκλήθη,
1474 1291 1486 1304 υ
1496 1278 1642 1314 τουτέστιν,
1655 1278 1682 1307 ἐν
1694 1276 1739 1317 οἵῳ
1748 1276 1798 1315 βίῳ,
1806 1274 1837 1303 καὶ

1067 1322 1094 1351 ἐν
1109 1321 1155 1361 οἵῳ
1180 1321 1298 1360 τάγματι
1322 1321 1368 1351 καὶ
1391 1321 1568 1360 πολιτεύματι
1591 1321 1629 1352 ὢν
1652 1319 1832 1357 ἐπίστευσεν,ἒν

1066 1365 1151 1406 τούτῳ
1170 1366 1280 1404 μενέτω.
1300 1367 1403 1401 Κλῆσιν
1419 1365 1472 1406 γὰρ
1494 1365 1541 1402 τὴν
1563 1368 1599 1400 εἰς
1613 1366 1662 1402 τὴν
1678 1365 1761 1395 πίστιν
1775 1375 1835 1402 προσι

1067 1410 1173 1450 αγωγήν
1199 1422 1274 1450 φησι.
1315 1411 1416 1442 Δοῦλος
1442 1409 1478 1439 ὢν
1510 1411 1689 1449 ἐπίστευσας,
1718 1409 1752 1448 μὴ
1776 1408 1833 1448 φρόν-

217 1458 374 1487 credidisti?
393 1458 489 1486 anxius
503 1465 538 1485 ne
549 1457 598 1490 sis,
620 1465 710 1492 neque
725 1457 902 1493 perturberis.
917 1458 1012 1492 Usque

1073 1437 1235 1493 ειὶεζιμηὲἐ
1263 1454 1387 1494 θορυὸοῧ.
1415 1456 1546 1486 Τοσοῦτον
1561 1455 1613 1495 γὰρ
1631 1437 1670 1484 οιῖιν
1680 1437 1832 1495 bimarem
1858 1437 1859 1487 ί

216 1503 286 1531 adeo
297 1503 371 1532 enim
391 1510 450 1531 non
468 1502 547 1530 obest
567 1501 699 1534 servitus.
715 1506 747 1529 ut
768 1501 869 1537 potius,
890 1501 913 1529 si
934 1505 1012 1536 potes

216 1547 286 1575 liber
306 1547 377 1581 ﬁeri,
393 1550 470 1575 utere
486 1555 493 1574 :
514 1545 567 1574 hoc
585 1550 627 1574 est
641 1546 753 1578 servito,
774 1549 858 1581 atque
878 1545 907 1573 in
929 1553 1011 1573 usum

216 1595 245 1619 te
268 1591 403 1619 conferto.

251 1637 340 1664 Vens.
350 1638 395 1663 22.
407 1646 419 1660 ι
428 1635 482 1670 Qui
489 1635 565 1663 enim
573 1634 601 1663 in
610 1634 732 1663 Domino
739 1638 850 1664 vocatus
858 1639 900 1663 est
907 1643 1011 1670 servus,

215 1679 329 1708 libertus
342 1683 386 1707 est
398 1679 514 1708 Domini
528 1689 534 1708 :
552 1679 678 1707 similiter
692 1679 740 1715 qui
753 1679 820 1707 liber
835 1683 946 1708 vocatus
958 1683 1010 1713 est,

214 1731 308 1752 servus
321 1728 363 1752 est
376 1724 484 1753 Christi.
506 1735 520 1748 ι
541 1723 669 1752 Libertus
692 1724 801 1756 dicitur,
816 1724 863 1760 qui
881 1724 1012 1752 servitute

214 1768 352 1797 liberatur.
377 1769 469 1805 Inquit
487 1769 571 1805 igitur
590 1779 595 1797 :
614 1770 657 1797 Tu
679 1768 737 1805 qui,
759 1777 823 1797 cum
838 1769 867 1796 in
881 1769 1011 1797 servitute

214 1821 350 1848 maneres,
374 1813 513 1842 credidisti
534 1813 564 1841 in
588 1813 739 1848 Christum,
759 1813 873 1842 libertus
893 1813 1011 1842 effectus

213 1866 242 1887 es
261 1858 360 1887 Christi
383 1867 390 1887 :
407 1858 532 1887 liberavit
552 1858 626 1887 enim
646 1858 691 1898 hic
711 1862 740 1886 te
765 1862 825 1886 tum
847 1866 863 1886 ει
884 1863 1009 1894 peccato,

212 1903 321 1932 tum‘ab
343 1903 394 1932 ista
408 1904 541 1932 servitute
557 1903 700 1937 exteriore,
724 1904 834 1931 tametsi
853 1911 948 1932 servus
961 1903 1007 1931 sis.

210 1949 280 1976 Cum
294 1948 368 1976 enim
385 1947 449 1984 quis
461 1948 496 1976 ab
511 1947 654 1976 affectibus
670 1947 812 1982 liberatur,
827 1952 854 1975 et
869 1947 953 1976 animi
967 1947 1007 1975 in-

211 1992 350 2028 genuitate
372 1993 492 2028 potitur',
515 2000 570 2020 non
594 1996 636 2020 est
658 1999 761 2024 servus,
792 1992 843 2020 etsi
871 1992 1006 2020 videatur.

212 2038 332 2068 Rursus,
352 2036 423 2064 alius
445 2036 593 2072 quispiam,
613 2035 681 2064 liber
699 2044 763 2063 cum
778 2040 860 2070 esset,
876 2036 910 2064 ad
925 2036 1008 2064 ﬁdem

214 2085 337 2114 vocatus,
357 2079 456 2108 Christi
471 2088 565 2108 servus
579 2080 707 2108 efﬁcitur.
724 2081 818 2116 Itaque
831 2080 853 2108 si
872 2080 1008 2108 servitutis
1023 2089 1048 2120 ῃ

214 2133 318 2153 nomen
340 2132 449 2152 servum
470 2124 610 2159 obturbat,
643 2124 775 2161 intelligat
797 2132 826 2152 se
849 2125 876 2152 in
899 2125 1008 2154 Christo

212 2169 360 2198 liberatum
379 2176 438 2197 esse
459 2178 466 2196 :
488 2169 563 2205 quod
585 2169 666 2205 longe
685 2173 727 2197 est
747 2169 866 2197 humana
883 2170 1008 2198 libertate

212 2215 396 2250 praestantius.
426 2215 523 2248 Porro,
551 2214 573 2242 si
601 2213 733 2242 libertatis
758 2222 861 2242 nomen
890 2213 1007 2243 liberum

211 2259 320 2293 attollit,
345 2258 477 2295 intelligat
491 2258 565 2286 idem
585 2267 615 2286 ο
634 2258 735 2287 Christi
757 2266 868 2287 servum
889 2267 959 2293 esse,
979 2263 1008 2288 et

211 2304 421 2340 comprimatur,
435 2307 531 2339 utpote
545 2304 591 2339 qui
605 2303 672 2332 tanti
688 2304 800 2332 Domini
812 2303 908 2340 iugum
920 2304 1006 2332 subic-

211 2349 258 2383 rit,
273 2348 376 2384 ipsique
390 2348 494 2384 placere
502 2347 635 2377 debuerit.
652 2349 749 2377 Viden’
761 2357 844 2385 quam
857 2348 1007 2386 prudenter

209 2393 369 2429 Apostolus,
381 2401 444 2429 quae
458 2396 606 2429 utramque
625 2393 741 2422 deceant
753 2398 869 2429 partem,
881 2402 1006 2422 commo-

210 2437 344 2466 nefaciat?

245 2484 388 2516 Vens.23,
399 2486 441 2511 24.
459 2495 471 2508 σι
486 2484 578 2512 Pretio
591 2483 758 2519 emptiestis,
770 2483 857 2511 nolite
868 2483 1005 2511 ﬁeriservi

209 2527 366 2556 hominum.
378 2528 575 2565 Unusquisque
590 2529 617 2556 in
631 2536 686 2564 quo
701 2533 814 2556 vocatus
828 2532 879 2563 est,
895 2528 1003 2562 fratres,

208 2573 236 2601 in
251 2580 284 2602 eo
298 2577 457 2608 permaneat
469 2573 542 2609 apud
554 2574 655 2601 Deum.
673 2584 685 2596 ι
701 2574 765 2601 Non
780 2573 873 2600 solum
888 2573 923 2601 ad
942 2581 1002 2602 ser-

209 2626 258 2646 vos
272 2617 325 2646 hoc
338 2617 416 2652 dicit,
431 2617 480 2646 sed
492 2617 575 2646 etiam
587 2617 621 2646 ad
633 2617 732 2646 liberos
747 2626 754 2645 :
766 2621 794 2646 et
807 2618 947 2646 universos
959 2618 1004 2646 in-

207 2662 296 2690 stituit
318 2662 498 2697 Christianos,
518 2665 549 2690 ut
569 2661 637 2690 nihil
660 2662 694 2690 ad
718 2661 862 2690 hominum
885 2662 1003 2699 gratiam

1067 1499 1171 1528 ὂουλεία
1182 1522 1189 1535 ,
1206 1498 1275 1528 ὥστε
1303 1500 1406 1537 μᾶλλον
1417 1521 1425 1536 ,
1448 1499 1495 1529 καὶ
1517 1501 1541 1529 εἰ
1558 1499 1672 1529 δύνασαι
1685 1498 1832 1538 ,ἐλευθερωθῆ

1066 1555 1127 1580 ναι,
1144 1545 1245 1584 χρῆσαι
1262 1555 1269 1562 ·
1286 1543 1423 1581 τουτέστι,
1440 1544 1570 1581 Δούλευε,
1584 1545 1620 1578 εἷς
1642 1546 1735 1585 χρῆσιν
1749 1540 1832 1571 σεαυτὸν
1857 1567 1858 1585 γ

1067 1599 1150 1622 εκοος.

1108 1646 1120 1659 ι
1141 1631 1176 1664 ¢0
1197 1632 1249 1672 γὰρ
1271 1634 1297 1663 ἐν
1324 1632 1414 1674 Κυρίῳ
1438 1633 1541 1670 κληθεὶς
1573 1634 1665 1667 δοῦλος
1691 1630 1830 1669 ἀπελεύθερος

1069 1677 1168 1717 Κυρίου
1190 1678 1260 1707 ἐστίν
1277 1690 1284 1697 ο
1297 1678 1393 1717 ὁμοίως
1415 1679 1462 1708 καὶ
1483 1681 1498 1708 ὁ
1519 1678 1656 1718 ἐλεύθερος
1675 1677 1769 1713 κληθεὶς
1787 1676 1829 1703 δοδ⁶

1065 1723 1109 1755 λος
1133 1723 1248 1761 Χριστοῦ
1275 1725 1357 1753 ἐστιν.
1383 1735 1396 1749 δ
1421 1717 1734 1763 Ἀπελεύθεροςνλέγεται
1760 1717 1828 1749 ὃιὶπό

1066 1766 1183 1800 δουλείας
1199 1767 1392 1808 ἐλευθέρωθείς.
1418 1768 1510 1804 Φησὶν
1527 1763 1593 1808 οὖν,
1615 1768 1656 1798 ὅτι
1679 1767 1716 1797 Σὺ
1729 1768 1742 1795 ὁ
1754 1767 1776 1794 ἐν
1787 1764 1828 1792 5W-

1065 1811 1124 1851 λεία
1143 1811 1301 1849 πιστεύσας,
1325 1812 1501 1852 ἀπελεύθερος
1515 1807 1539 1841 εἷ
1561 1815 1608 1841 τοῦ
1624 1813 1736 1853 Χριστοῦ
1749 1821 1755 1827 ·
1768 1810 1839 1853 ἧλεξθκ

1065 1855 1164 1895 Θέρωσε
1178 1856 1229 1896 γάρ
1247 1868 1276 1886 σε
1299 1856 1344 1885 καὶ
1359 1856 1413 1886 ἀπὸ
1433 1858 1480 1892 τῆς
1502 1856 1653 1897 ἁμαρτίας,
1676 1853 1782 1897 utine
1795 1852 1827 1885 τῆς

1064 1899 1157 1933 ἔξωθεν
1173 1899 1200 1930 δὲ
1214 1894 1314 1937 ταύτης
1330 1901 1465 1940 δουλείας,
1489 1894 1580 1931 εἰήκαὶ
1602 1894 1693 1934 δοῖέλος
1710 1894 1742 1929 εἶ.
1762 1896 1824 1926 Ὅταν

1064 1945 1115 1984 γάρ
1129 1956 1167 1978 τις
1179 1946 1270 1974 παθῶν
1294 1939 1488 1982 ἀπήλλακται,
1503 1945 1549 1975 καὶ
1571 1947 1665 1985 εὐγενῆ
1683 1946 1728 1983 ἔχῃ
1747 1939 1824 1982 ψνχῆνι

1064 1989 1111 2018 οὐκ
1133 1989 1190 2019 ἔστι
1206 1991 1314 2027 δοῦλος,
1328 1990 1379 2019 κᾶν
1403 1992 1479 2030 δοκῇ,
1504 1991 1610 2027 Πάλιν,
1631 1991 1708 2023 ἄλλος
1723 1986 1823 2022 ἐλεύθερος

1064 2033 1118 2070 ὧν,
1134 2034 1233 2071 ἐκλήθη
1258 2036 1295 2068 εἰς
1313 2034 1362 2070 τὴν
1385 2035 1475 2065 πίστιν
1487 2057 1494 2070 ,
1521 2036 1613 2068 δοῦλος
1641 2035 1749 2075 Χριστοῦ
1762 2032 1821 2059 ἐστιν·

1063 2079 1151 2109 Ὥστε
1165 2080 1188 2108 εἰ
1203 2079 1233 2109 τὸ
1249 2079 1333 2118 ὄνομα
1355 2081 1402 2115 ἧς
1420 2080 1539 2113 δουλείας
1560 2080 1668 2120 θορυϐεῖ
1683 2079 1722 2108 τὸν
1742 2075 1821 2120 δοῦλογν

1063 2123 1182 2153 ἐννοείτω
1196 2123 1237 2153 ὅτι
1249 2125 1275 2154 ἐν
1287 2125 1402 2164 Χριστῷ
1412 2117 1598 2165 ἠλευθέρωταιπ
1661 2123 1743 2160 πολλῷ
1755 2117 1820 2167 uti“?

1062 2169 1117 2198 ἐστι
1146 2171 1193 2204 τῆς
1217 2168 1380 2208 ἀνθρωπίνης
1405 2164 1565 2210 ἐλευθερίας.
1596 2165 1676 2202 Αὖθις
1703 2166 1739 2202 δὲ,
1762 2164 1819 2210 εἶγτθ

1061 2212 1145 2250 ὄνομα
1172 2215 1219 2248 τῆς
1245 2206 1392 2253 ἐλευθερίας
1426 2206 1530 2254 ἐπαίρει
1564 2213 1608 2243 τὸν
1634 2213 1768 2250 ἐλεύθερον,
1787 2206 1818 2254 ἔν’

1060 2257 1170 2294 νοείτω,
1185 2257 1226 2287 ὅτι
1241 2257 1330 2290 δοῦλός
1352 2257 1409 2286 ἐστι
1437 2253 1573 2298 Χριστοῦ,
1595 2258 1641 2288 καὶ
1660 2253 1817 2298 συστελλίσθωι

1060 2302 1095 2335 ὼς
1108 2301 1159 2330 ὑπὸ
1175 2302 1313 2339 Δεσπότην
1330 2302 1486 2337 τηλικοῦτον
1505 2302 1542 2333 ὢν
1556 2327 1565 2342 ,
1581 2303 1626 2332 καὶ
1643 2302 1710 2340 αὐτῷ
1727 2296 1816 2337 ἀρέσκω

1059 2346 1182 2386 ὀφείλων.
1203 2346 1287 2388 Ὁρᾷς
1309 2345 1418 2386 σοφίαν,
1441 2349 1497 2382 πῶς
1518 2340 1677 2389 ἀμφοτέροις
1689 2345 1736 2377 τοῖς
1750 2340 1815 2380 μέρίθ¹

1059 2390 1092 2419 τὰ
1108 2390 1277 2431 προσήκοντα
1292 2396 1431 2431 παραινεῑ;

1099 2494 1111 2506 ι
1126 2482 1213 2518 Τιμῆς
1237 2481 1420 2521 ἠγοράσθητε,
1449 2481 1487 2521 μὴ
1513 2481 1617 2522 γίνεσθε
1642 2481 1720 2511 δοῦλοι
1742 2468 1813 2510 ἀνθρώ

1058 2538 1124 2555 πων.
1136 2525 1271 2559 Ἕκαστος
1286 2528 1312 2556 ἐν
1327 2522 1349 2567 ᾧ
1370 2526 1468 2562 ἐκλήθη
1480 2549 1488 2564 ,
1509 2527 1638 2567 ἀδελφοὶ,
1656 2529 1679 2556 ἓν
1692 2521 1764 2558 τούτῳ
1778 2526 1811 2568 ξεῖ

1056 2570 1123 2600 νέτω
1145 2570 1220 2609 παρὰ
1243 2572 1317 2611 θεῷ·
1338 2585 1349 2598 ⁵
1365 2572 1406 2601 Οὖ
1430 2571 1496 2611 πρὸς
1521 2571 1624 2605 οἰκέτας
1651 2570 1734 2610 μόνους
1758 2568 1811 2610 WE”

1057 2627 1136 2655 φησιν
1144 2638 1152 2650 ,
1169 2615 1239 2645 ἀλλὰ
1253 2616 1299 2645 καὶ
1309 2615 1374 2656 πρὸς
1386 2616 1536 2656 ἐλευθέρους
1544 2639 1552 2653 ,
1567 2616 1697 2656 παραινῶν
1709 2614 1764 2640 πᾶσι
1776 2612 1811 2652 ﬂ.“

1056 2647 1240 2699 Χριπιανοῖς,
1252 2660 1277 2679 ⁶⁰
1292 2647 1338 2699 μὴΙ
1354 2660 1419 2701 πρὸς
1441 2647 1580 2700 ἇρέσκείαν
1606 2647 1737 2701 ἐνθρώπων
1749 2647 1808 2681 “mh

903 2699 997 2729 Variae
1019 2699 1170 2731 lectiones.

243 2743 264 2760 ⁵⁷
290 2744 410 2779 γένωνται
437 2752 464 2772 ο.
512 2744 533 2761 ⁵⁸
569 2746 618 2770 τῶν
643 2743 751 2770 ἐντολῶν
778 2751 804 2772 0.

208 2783 345 2819 ἀνθρώποις
358 2792 385 2812 ο.

863 2743 886 2760 ⁵³
909 2743 934 2770 ἐν
967 2742 982 2780 ᾖ
1007 2743 1101 2779 ἐτάχθη
1144 2745 1248 2780 μενέτω.
1278 2745 1348 2772 Ἄλλ.
1380 2745 1404 2772 ἐν
1438 2745 1519 2782 ἐκείνῃ
1548 2746 1640 2781 μενέτω
1663 2751 1687 2772 0.

1720 2738 1738 2756 σο
1757 2735 1806 2763 πᾶσιν
