1881 3081
51 166 96 194 M9
485 164 660 193 EXPOSITIO
681 165 713 193 IN
733 165 837 195 EPIST.
858 167 867 195 1

48 239 84 264 τι,
111 225 175 265 μηδὲ
207 225 324 256 ὑπείκειν
361 227 447 262 αὐτοῖς
472 226 616 267 παράνομα
645 227 828 260 ἕπιτάττουσι.
845 233 872 264 Α

50 272 130 302 Τοῦτο
148 270 198 310 γάρ
223 272 281 301 ἐστι
309 270 440 301 δουλεύειν
467 271 613 311 ἀνθρώποις
629 281 636 289 ⁸
664 271 709 301 χαὶ
730 275 834 311 ταῦτα,

48 315 94 346 ὕπὸ
105 315 174 346 Θεοῦ
195 315 401 355 ἆγορασθέντας.
418 316 460 346 06
474 315 525 356 γὰρ
546 316 577 352 δὴ
598 319 676 346 τοῦτο
689 322 812 356 παραινεῖ
824 341 832 355 ,

49 360 76 390 τὸ
89 360 247 400 ἀφίστασθαι
269 359 322 390 ἐπὸ
345 361 396 389 τῶν
419 361 555 402 δεσποτῶν
572 371 579 378 ·
597 361 702 399 ἄπαγει
728 361 768 391 ὅτι
783 362 835 402 γὰρ

49 406 74 434 οὖ
87 407 161 434 τοῦτο
177 404 248 444 λέγει
261 425 270 441 ,
285 405 364 441 δῆλον
378 405 404 439 ἕξ
417 400 454 434 ὧν
469 404 562 444 ἐπάγει
577 414 585 422 ·
610 419 622 432 ι
647 400 794 440 Ἕκαστος.
807 400 834 436 ἐν

50 444 69 490 ᾧ
83 449 176 486 ἐκλήθη
186 471 195 486 ,
208 459 224 478 ι
238 448 284 478 καὶ
299 449 332 478 τὰ
348 449 407 484 ἑξῆς
418 461 424 468 ·
447 450 583 486 τουτέστι,
604 450 653 480 κᾶν
667 451 693 480 ἐν
711 450 816 491 δουλείᾳ
826 473 834 488 ,

48 496 72 524 ἐν
84 493 165 533 ταύτῃ
179 493 279 532 μενέτω
293 503 300 511 ·
322 494 353 523 τὸ
368 494 410 530 δὲ,
437 505 452 521 ι
468 494 550 534 Παρὰ
572 495 635 534 Θεῷ
645 516 653 531 ,
669 505 684 524 ι
703 495 835 535 προσέθη-

48 549 102 577 κεν,
123 537 166 567 ἵνα
182 537 219 577 μὴ
241 538 320 568 πάλιν
342 540 388 567 τοῦ
412 541 483 569 Θεοῦ
510 539 699 578 ἀφιστώμεθα,
720 540 764 569 διὰ
787 539 835 576 τὴν

48 583 105 623 πρὸς
127 581 186 617 τοὺς
215 582 387 623 παρανόμους
412 583 543 617 δεσπότας
567 584 714 623 ὓποταγήν.
734 584 835 625 Ἀμφο-

48 627 123 667 τίρων
151 627 203 668 γὰρ
233 631 397 667 προνοεῖται,
420 629 468 657 τοῦ
498 629 566 666 μήτε
590 630 643 658 τῶν
673 631 834 667 σωματικῶν

46 672 173 702 δεσποτῶν
191 671 352 713 ἀφίστασθαι
372 672 504 713 προφάσει
518 676 564 703 τοῦ
584 673 655 703 Θεοῦ
671 685 678 692 ο
696 673 765 712 μήτε
780 673 837 703 πά·

47 718 84 745 λιν
106 719 151 746 τοῦ
173 717 246 747 Θεοῦ
270 717 448 754 ἀποστατεῖν,
464 716 620 751 δπιίχοντας
644 717 711 758 ὗπὲρ
726 718 756 748 τὸ
779 718 835 748 δέον

47 761 94 794 τοῖς
111 761 262 794 δεσπόταις.

87 817 101 834 α
127 805 198 846 Περὶ
223 805 251 835 δὲ
275 807 328 835 τῶν
348 805 484 846 παροίνων
510 806 638 846 ἐπιταγὴν
668 806 767 847 Κυρίου
790 807 837 836 οὐκ

48 850 97 890 ἔχω
112 861 119 869 ·
134 850 245 890 γνώμην
267 849 293 880 δὲ
309 850 420 888 δίδωμι,
446 852 481 885 ὡς
497 851 644 889 ἠλεημένος
663 852 714 880 ὑπὸ
738 851 835 890 Κυρίου
850 856 874 888 Β

48 895 134 928 πιστὸς
148 890 229 925 εἶναι.
246 906 262 925 ›
276 895 388 931 Ἐπειδὴ
407 900 460 929 τοῖς
475 895 536 935 περὶ
562 896 731 936 σωφροσύνης
752 895 838 935 λόγοις

49 939 220 979 ἕνεγύμνασεν
251 941 339 978 ἡμᾶς,
368 939 412 968 ἐπὶ
439 940 469 969 τὸ
494 942 581 978 μεῖζον
607 940 766 980 ἀνατρέχει,
790 941 837 975 τὴν

48 984 202 1024 παρθενίαν,
219 983 263 1013 καί
278 995 374 1024 φησιν,
388 983 429 1013 ὅτι
443 983 478 1014 ¢0
497 985 594 1024 Κύριος
615 984 662 1023 μὲν
679 985 726 1014 οὐκ
742 986 840 1022 ἐνομο-

48 1027 150 1065 θέτησεν
161 1051 170 1065 ,
194 1028 253 1058 οὐδὲ
275 1027 385 1063 ἔπέταξί
406 1040 431 1057 τι
447 1030 508 1069 περὶ
527 1029 626 1065 ταύτης
642 1038 648 1045 ·
665 1029 724 1058 ἀλλ’
741 1024 812 1058 εἶπεν
827 1038 834 1045 ·

51 1086 63 1100 α
78 1073 109 1103 ’0
138 1073 283 1111 δυνάμενος
309 1074 419 1113 χωρεῖν,
449 1073 582 1113 χωρείτω.
605 1085 619 1103 ι)
652 1076 753 1103 Οὐκοῦν
781 1073 840 1103 οὐδὲ

48 1117 96 1157 ἐγὼ
118 1119 212 1157 τολμῶ
240 1117 380 1152 ἐπιτάξαι·
399 1118 467 1156 μέγα
492 1117 545 1158 γὰρ
565 1118 610 1147 καὶ
632 1118 794 1148 ἐπικίνδυνον
811 1118 840 1148 τὸ

49 1167 155 1202 πρᾶγμα
171 1172 179 1179 ·
197 1162 267 1198 πλὴν
283 1162 353 1192 ἀλλὰ
364 1162 474 1202 γνώμην
488 1162 585 1202 δίδωμι
598 1185 606 1198 ,
624 1162 754 1199 τουτέστι,
773 1174 840 1201 συμ-

49 1206 156 1244 ϐουλὴν,
184 1207 252 1237 καθὸ
273 1208 318 1237 καὶ
343 1207 421 1241 αὐτὸς
440 1206 555 1244 ἠξιώθην
581 1207 625 1237 διὰ
648 1207 679 1237 τὸ
699 1207 770 1241 ἔλεος
795 1209 840 1236 τοῦ

48 1252 112 1282 Θεῶ
135 1251 230 1287 πιστὸς
245 1247 328 1288 εἶναι,
344 1251 494 1290 τουτέστιν,
509 1253 602 1286 οἰκεῖος
618 1251 644 1270 ⁸⁸
659 1251 671 1263 ¹
689 1253 778 1290 αὐτοῦ,
795 1252 841 1282 καὶ

49 1296 160 1335 μυστικᾶ
174 1296 247 1332 ἄξιος
260 1296 441 1328 πιστεύεσθαι.

88 1445 100 1459 ι
118 1432 231 1472 Νομίζω
250 1426 295 1462 οὖν
318 1434 397 1462 τοῦτο
415 1431 496 1461 καλὸν
515 1431 644 1472 ὑπάρχειν
666 1431 710 1461 διὰ
731 1432 779 1468 τὴν
803 1433 844 1462 ἰν·

51 1478 164 1506 εστῶσαν
187 1476 326 1516 ἀνάγκην,
341 1476 381 1506 ὅτι
403 1476 485 1506 καλὸν
506 1476 638 1516 ἀνθρώπῳ
653 1476 682 1505 τὸ
701 1476 782 1510 οὕτως
803 1472 844 1506 εἶ-

52 1533 100 1552 ναι.
118 1533 132 1550 s
149 1521 238 1552 Ὀσον
252 1521 310 1550 κατ’
327 1521 393 1560 ἐμὴν
417 1521 527 1560 γνώμην
538 1542 547 1557 ,
566 1521 647 1561 φησὶ,
663 1521 805 1550 κάλλιστόν
817 1521 839 1539 ⁶¹

52 1565 116 1595 ἔστιν
141 1566 275 1606 ἀνθρώπῳ
295 1566 382 1606 γάμου
400 1565 567 1605 ἀπέχεσθαι,
594 1564 638 1595 διὰ
653 1566 700 1599 τὰς
725 1568 751 1595 ἐν
774 1566 846 1606 αὖτῷ

54 1609 190 1645 δυσκολίας
200 1633 209 1647 ,
230 1610 276 1640 καὶ
290 1610 325 1641 τὰ
348 1613 394 1641 τοῦ
413 1610 500 1649 γάμου
516 1609 619 1650 ὀχληρὰ
631 1631 639 1646 ,
664 1610 694 1639 οὗ
710 1609 758 1646 τὴν
774 1611 827 1640 diu
838 1627 846 1633 -

54 1655 160 1686 θαοσίαν
166 1678 173 1686 .

86 1666 236 1729 εἰσῗέδεεπαι
255 1699 373 1739 γυναιχίς
390 1700 440 1736 Μή
455 1699 528 1735 ζήτει
549 1699 636 1730 λύσιν.
659 1698 776 1730 Λίλυσαι
794 1698 847 1728 ἀπὸ

56 1744 193 1782 γυναικόςς
219 1744 265 1779 Μὴ
293 1743 365 1779 ζήτει
391 1748 513 1784 γυναῖκα.
531 1744 596 1774 Ἐὰν
621 1743 648 1773 δὲ
675 1743 720 1773 χαὶ
741 1743 846 1783 γήμῃς,

55 1788 104 1829 οὔχ
123 1788 255 1829 ἥμαρτὲς.
274 1800 288 1817 ι
306 1788 353 1819 Ἐν
369 1790 406 1829 τῷ
421 1790 519 1827 εἰπεῖν,
540 1799 555 1818 α
569 1788 700 1826 Δέδεσαι;
720 1800 734 1817 ι
753 1787 847 1821 ἔδειξεν

53 1831 91 1862 δτι
114 1834 235 1863 κάκωσιν
251 1833 367 1872 ίπιφέρει
382 1835 396 1862 δ
412 1833 514 1871 γάμος,
530 1834 565 1866 ὣς
581 1832 687 1870 δεσμός.
710 1833 792 1863 Λύσιν
806 1833 848 1867 δὲ,

52 1878 80 1906 οὗ
96 1877 144 1914 τὴν
161 1878 194 1907 ἐκ
208 1877 362 1918 συμφωνίας
376 1877 481 1918 ἐποχὴν
496 1889 575 1917 φησιν
588 1899 596 1914 ,
615 1877 683 1907 ἀλλὰ
694 1876 742 1912 τὴν
757 1877 847 1917 παρά-

52 1922 126 1961 λογον
150 1922 281 1957 διάζευξιν
297 1933 304 1940 ·
320 1923 355 1955 ὡς
378 1923 423 1952 ἐάν
439 1933 468 1960 γε
483 1921 553 1951 κατὰ
569 1921 725 1961 συμφωνίαν
748 1922 847 1961 ἕγιιρα-

53 1960 182 2004 τεύοιντο,
209 1969 288 1997 τοῦτο
311 1967 358 1996 οὐχ
385 1966 442 1995 ἔστι
469 1966 555 2000 λύσις.
584 1960 696 2001 Ἐπειδὴ
721 1964 749 1995 δὲ
772 1960 848 2003 εἷπε,

56 2022 70 2040 ι
86 2012 131 2046 Μὴ
143 2012 220 2048 ζήτει
236 2016 365 2049 γυναῖκα,
383 2025 395 2037 ι
419 2010 464 2040 ἵνα
483 2010 522 2048 μὴ
539 2010 599 2050 δόξῃ
614 2009 655 2040 ὅτι
670 2010 788 2049 ἀγαμίαν
805 2021 848 2039 νο-

55 2059 156 2093 μοθετεῖ
167 2079 176 2092 ,
193 2056 305 2095 ἐπάγει¹
324 2069 337 2082 ι
361 2055 427 2086 Ἐὰν
445 2055 474 2085 δὲ
492 2056 597 2095 γήμῃς,
614 2055 665 2094 οὖχ
690 2055 819 2095 ἥμαρτες·
837 2068 849 2081 ιι

54 2099 125 2141 Ὀρα
145 2101 172 2131 δὲ
181 2124 190 2138 ,
202 2103 259 2135 πῶς
272 2099 420 2136 λεληθότως
433 2101 469 2133 εἰς
478 2099 526 2136 τὴν
542 2100 686 2140 παρθενίαν
698 2100 802 2129 εἶσωθεῖ
811 2099 849 2135 ⁵³,

55 2145 96 2174 τὸν
120 2146 168 2184 μὲν
198 2145 285 2185 γάμον
312 2144 409 2184 δεσμὸν
432 2145 538 2184 λέγων,
562 2144 610 2181 τὴν
635 2143 662 2174 δὲ
690 2143 850 2185 παρθενίαν,

54 2189 126 2220 λύσιν
142 2191 191 2221 καὶ
207 2189 367 2230 ἐλευθερίαν.

861 1524 884 1556 C

866 2215 891 2247 Ι)

96 2293 110 2307 α
128 2280 184 2311 Καὶ
202 2279 247 2310 ἐὰν
261 2281 365 2320 γήμῃὴ
382 2279 524 2320 παρθένος,
545 2280 596 2319 οὐχ
609 2279 725 2319 ἥμαρτε.
743 2289 758 2308 n
777 2280 852 2318 Παρ-

57 2324 126 2355 θένον
155 2325 271 2355 ἐνταῦθά
293 2336 392 2365 φησιν,
409 2325 438 2354 οὖ
462 2324 509 2360 τὴν
533 2327 725 2364 ἄφιερωθεῐσαν
748 2323 773 2342 ⁸³
789 2324 852 2363 Θεῷ

55 2369 139 2409 (αὕτη
154 2369 208 2410 γὰρ
233 2370 276 2399 ἐὰν
305 2370 399 2409 γήμῃ,
420 2368 526 2409 ἥμαρτε
549 2369 674 2405 πάντως,
699 2370 734 2402 ὥς
758 2367 852 2407 μοιχὸν

55 2414 247 2454 ἐπεισφέρουσα
286 2416 324 2455 τῷ
366 2413 472 2454 νυμφίῳ
504 2414 583 2449 αὐτῆς
611 2413 751 2453 Χριστῷ),
784 2412 853 2441 ἀλλὰ

56 2457 102 2494 τὴν
120 2458 160 2488 ἔτι
190 2458 294 2498 ἄγαμον
319 2458 412 2498 κόρην.
437 2458 512 2494 Αὕτη
533 2460 595 2497 γοῦν
619 2457 665 2487 ἐὰν
688 2456 781 2497 γήμῃ,
803 2457 854 2497 οὐχ

57 2502 178 2543 ἥμαρτεν
194 2513 200 2520 ·
216 2504 246 2532 οὗ
261 2503 311 2543 γὰρ
327 2503 473 2542 ἀκάθαρτος
487 2504 501 2532 ὁ
515 2502 608 2542 γάμος.

101 2558 116 2577 α
128 2549 230 2587 Θλῖψιν
253 2548 279 2577 ἐν
344 2548 424 2587 σαρκὶ
438 2546 538 2581 ἕξουσιν
554 2547 578 2576 οἱ
594 2547 717 2576 τοιοῦτοι.
734 2545 809 2586 Ἐγὼ
825 2544 853 2575 δὶ

59 2592 133 2629 ὑμῶν
159 2592 294 2634 φείδομαι.
312 2605 324 2619 ι
348 2592 406 2626 Τὰς
427 2592 454 2621 ἐν
478 2593 515 2632 τῷ
541 2591 620 2632 γάμῳ
645 2591 783 2632 φροντίδας
808 2590 854 2620 καὶ

58 2636 155 2674 λύπας,
170 2637 260 2678 θλῖψίν
275 2648 364 2678 φησιν.
385 2648 400 2667 α
410 2636 484 2677 Ἐγὼ
499 2637 540 2675 δὲ,
555 2649 567 2664 ι
579 2637 671 2677 φησὶν,
684 2649 695 2662 ε
709 2636 784 2674 ὕμῶν
798 2634 854 2676 φεί-

95 2708 148 2735 2¹⁸
164 2708 264 2737 Matth.
282 2715 347 2743 nx,
364 2710 408 2737 12.

887 167 933 196 AD
951 166 1032 195 COR.
1047 180 1083 187 —
1102 167 1177 194 CAP.
1198 167 1254 194 Vll.
1629 169 1682 197 650

887 229 1019 263 tactitent,
1033 237 1123 265 neque
1138 228 1250 256 illorum
1256 227 1332 264 jussa
1346 227 1391 264 qui
1404 236 1487 264 prava
1500 229 1681 266 injunxerint,

887 277 1080 310 exsequantur.
1103 274 1164 301 Hoc
1184 272 1260 300 enim
1282 276 1324 300 est
1336 272 1494 300 hominibus
1511 274 1622 309 servire,
1634 283 1682 304 eos

889 319 1041 354 prasertim
1056 318 1102 354 qui
1118 326 1133 346 a
1148 319 1207 345 Deo
1219 316 1353 352 redempti
1367 316 1432 344 sint.
1448 318 1543 352 Neque
1559 318 1682 354 profecto

888 362 1023 396 hortatur,
1036 367 1069 390 ut
1080 370 1096 390 a
1108 361 1229 390 dominis
1246 361 1413 394 desciscant;
1425 361 1509 390 absit!
1524 363 1593 390 Nam
1606 363 1683 392 illum

888 415 944 436 non
954 407 989 435 ita
996 406 1089 435 dicere
1100 406 1204 443 liquide
1213 410 1324 442 patetex
1335 413 1368 434 eo
1377 405 1535 442 quodaddit
1548 415 1556 435 ε
1569 419 1581 431 ιι
1593 408 1685 436 Unus-

888 452 1002 488 quisque
1011 452 1041 479 in
1055 459 1110 488 quo
1124 454 1238 479 vocatus
1251 455 1304 484 est,
1322 462 1335 475 ν
1348 455 1414 485 etc.,
1430 450 1483 479 hoc
1494 455 1545 485 est,
1562 451 1585 479 si
1600 451 1685 480 fuerit

889 496 917 524 in
928 496 1058 524 servitute
1072 500 1193 529 vocatus,
1207 495 1234 523 in
1248 503 1278 523 ea
1293 500 1404 532 perstet.
1420 506 1434 520 σ
1455 496 1537 532 Apud
1551 497 1652 530 Deum,
1669 508 1682 523 1

888 545 982 569 autem
994 541 1102 577 adjecit,
1117 548 1151 568 ne
1166 539 1237 568 forte
1249 539 1384 576 improbis
1399 540 1522 568 dominis
1533 540 1685 577 obsequen-

889 586 937 619 do,
949 585 1109 614 deﬁciamus
1120 593 1135 613 a
1145 586 1214 613 Deo.
1228 585 1362 621 Utrisque
1376 585 1451 613 enim
1467 585 1599 621 providet,
1612 586 1684 614 vide-

889 630 951 658 licet
971 638 1004 658 ne
1024 629 1075 658 sub
1100 630 1148 658 Dei
1172 634 1298 666 pretextu
1324 630 1406 666 162
1428 629 1571 658 discedant
1595 639 1610 659 a
1631 630 1684 659 do-

889 675 983 708 minis,
997 682 1115 710 quorum
1136 674 1165 702 in
1187 678 1323 710 potestate
1344 682 1442 702 eorum
1461 679 1526 702 sunt
1544 683 1662 711 corpora
1678 685 1685 703 :

889 723 916 748 et
934 727 1044 748 rursum
1062 727 1096 747 ne
1111 727 1127 747 a
1141 720 1197 747 Deo
1211 718 1349 753 deﬁciant,
1364 718 1486 747 dominis
1498 727 1583 755 supra
1602 728 1686 756 quam

890 772 941 800 par
956 767 997 792 est
1015 763 1204 800 obsequendo.

927 810 1014 837 Vsus.
1029 812 1072 837 25.
1089 820 1101 833 ι
1117 810 1159 837 De
1172 808 1323 845 virginibus
1334 812 1427 837 autem
1441 813 1608 845 praeceptum
1624 811 1687 838 Do-

891 854 961 882 mini
985 862 1042 882 non
1065 853 1162 885 habeo,
1191 853 1336 882 consilium
1364 858 1456 882 autem
1480 853 1527 888 do,
1553 859 1687 891 tanquam

891 898 1110 927 misericordiam
1118 903 1281 926 consecutus
1291 906 1306 926 a
1315 899 1448 933 Domino,
1460 902 1490 926 ut
1497 899 1550 926 sim
1565 899 1660 927 ﬁdelis.
1672 911 1685 924 ι

893 944 1039 979 Postquam
1059 951 1110 971 nos
1124 943 1152 971 in
1172 943 1345 971 sermonibus
1366 942 1400 970 de
1424 943 1590 971 continentia
1607 952 1687 972 exer-

892 988 1002 1021 cuisset,
1024 987 1058 1016 ad
1072 987 1098 1016 id
1113 987 1187 1024 quod
1205 987 1295 1023 majus
1309 991 1361 1021 est,
1379 987 1561 1023 virginitatem
1572 988 1688 1023 scilicet,

893 1032 1029 1066 ascendit;
1048 1032 1139 1068 aitque
1151 1032 1254 1060 nullam
1275 1031 1426 1060 Dominum
1446 1032 1540 1060 tulisse
1554 1032 1587 1060 de
1604 1033 1688 1069 virgi-

895 1077 979 1105 nitate
993 1077 1091 1113 legem,
1104 1084 1194 1113 neque
1206 1076 1241 1104 de
1256 1076 1308 1104 hac
1321 1076 1472 1112 quidquam
1486 1077 1625 1112 statuisse,
1639 1077 1689 1106 sed

894 1129 981 1150 unum
994 1121 1059 1150 illud
1071 1121 1170 1150 dixisse
1184 1131 1190 1148 :
1205 1133 1217 1145 ι
1234 1121 1287 1158 Qui
1303 1125 1393 1157 potest
1404 1129 1510 1158 capere,
1523 1122 1614 1158 capiat
1627 1125 1661 1140 ι··
1674 1134 1687 1146 ι.

894 1166 1029 1201 Quocirca
1055 1173 1145 1202 neque
1165 1166 1221 1202 ipse
1248 1166 1336 1194 ausim
1357 1165 1509 1202 quidquam
1531 1166 1566 1195 de
1594 1167 1637 1194 illa
1661 1175 1691 1195 re

894 1215 1015 1239 statuere
1031 1221 1036 1238 :
1051 1218 1182 1246 magnum
1194 1210 1269 1239 enim
1282 1209 1334 1238 hoc
1348 1214 1375 1238 et
1390 1211 1574 1247 periculosum
1590 1221 1596 1239 :
1609 1216 1691 1240 caete-

895 1263 959 1284 rum
981 1254 1019 1284 do
1034 1255 1210 1289 sententiam,
1235 1254 1287 1283 hoc
1306 1259 1358 1289 est,
1377 1255 1535 1290 consilium,
1557 1261 1692 1292 quatenus

895 1299 954 1336 ipse
962 1307 1010 1336 per
1020 1299 1238 1328 misericordiam
1245 1299 1293 1327 Dei
1302 1307 1358 1327 non
1368 1299 1497 1335 indignus
1503 1307 1564 1328 sum
1573 1300 1691 1334 habitus,

896 1349 927 1372 ut
945 1344 996 1372 sim
1011 1344 1109 1378 ﬁdelis,
1125 1344 1178 1372 hoc
1189 1348 1239 1378 est,
1255 1343 1397 1372 familiaris
1412 1344 1481 1380 ejus,
1495 1348 1525 1373 et
1533 1344 1634 1382 dignus
1647 1345 1693 1373 cui

896 1389 1026 1425 mysteria
1036 1388 1245 1417 concredantur.

935 1435 1021 1462 Vnus.
1037 1436 1081 1461 26.
1100 1445 1112 1458 α
1135 1433 1268 1462 Existimo
1289 1441 1354 1470 ergo
1369 1433 1423 1462 hoc
1441 1433 1545 1462 bonum
1560 1442 1619 1463 esse
1632 1442 1694 1471 pro-

900 1483 960 1514 pter
981 1479 1129 1506 instautem
1150 1478 1349 1512 necessitatem,
1371 1478 1502 1514 quoniam
1526 1479 1631 1507 bonum
1653 1483 1696 1508 est

901 1523 1004 1551 homini
1020 1523 1058 1551 sic
1075 1531 1144 1551 esse.
1170 1534 1182 1547 ι
1204 1524 1264 1551 Mea
1283 1522 1405 1558 quidem,
1427 1523 1524 1559 inquit,
1546 1524 1695 1559 sententia,

901 1567 1044 1596 hominem
1055 1567 1230 1596 matrimonio
1239 1567 1375 1596 abstinere
1387 1567 1522 1603 optimum
1532 1572 1574 1596 est
1584 1572 1697 1604 propter

900 1613 958 1648 ejus
984 1612 1169 1647 dilficultates,
1198 1612 1373 1649 conjugiique
1400 1613 1550 1648 molestias,
1579 1621 1634 1641 non
1660 1613 1696 1641 ob

900 1657 1115 1686 immunditiam.

937 1703 1026 1731 Vsus.
1043 1705 1087 1730 27.
1104 1714 1117 1726 ι
1135 1702 1268 1738 Alligatus
1283 1709 1312 1730 es
1325 1702 1422 1730 uxori?
1435 1702 1496 1731 Noli
1511 1710 1634 1738 quarere
1649 1710 1696 1730 so-

901 1747 1045 1775 lutionem.
1065 1748 1177 1775 Solutus
1195 1755 1225 1774 es
1240 1747 1274 1774 ab
1291 1748 1395 1775 uxore?
1411 1747 1474 1775 Noli
1487 1755 1607 1783 quarere
1627 1755 1697 1775 uxo-

901 1799 972 1819 rem.
994 1791 1023 1820 Si
1045 1794 1137 1819 autem
1153 1791 1292 1826 acceperis
1307 1799 1434 1824 uxorem,
1455 1799 1509 1818 non
1532 1792 1657 1827 peccasti.
1683 1803 1696 1816 ι

903 1835 1026 1863 Dicendo
1040 1846 1053 1859 α
1065 1835 1178 1871 [.igatus
1191 1837 1238 1862 es?
1252 1846 1264 1859 ι
1282 1835 1403 1863 ostendit
1415 1835 1488 1870 quod
1499 1836 1603 1870 nuptiae
1614 1835 1699 1864 veluti

901 1880 1019 1913 vincula,
1047 1879 1223 1907 afﬂictionem
1247 1878 1374 1906 afferant.
1400 1879 1571 1906 Solutiouem
1595 1884 1697 1914 autem,

902 1932 958 1952 non
981 1931 1043 1952 eam
1064 1931 1126 1959 quae
1145 1923 1176 1950 lit
1199 1931 1232 1951 es
1242 1930 1377 1951 consensu
1400 1922 1596 1951 continentiam
1621 1923 1698 1958 dicit,

902 1968 952 1996 sed
975 1969 1089 1997 divortia
1110 1967 1213 1996 rationi
1236 1975 1291 1995 non
1313 1971 1498 1995 consentanea
1523 1975 1610 1996 :nam
1629 1968 1653 1996 si
1667 1976 1701 1996 ex

903 2020 1037 2041 consensu
1057 2013 1228 2046 contineant,
1250 2020 1280 2040 ea
1295 2019 1352 2040 non
1367 2015 1409 2040 est
1421 2011 1531 2040 solutio.
1550 2013 1622 2048 Quia
1637 2020 1701 2041 vero

903 2057 983 2090 dixit,
995 2069 1008 2082 αι
1021 2059 1059 2086 Ne
1073 2065 1180 2094 quaeras
1192 2065 1318 2090 uxorem,
1336 2068 1349 2081 ι»
1364 2065 1398 2085 ne
1411 2057 1565 2086 ctelibatum
1581 2062 1701 2086 statuere

904 2102 971 2131 velle
983 2102 1104 2130 videatur
1118 2102 1211 2130 subdit
1225 2111 1232 2129 :
1247 2114 1259 2126 ι
1269 2102 1298 2130 Si
1309 2106 1399 2130 autem
1410 2106 1438 2130 et
1451 2102 1564 2130 duxeris
1573 2110 1700 2137 uxorem,

903 2155 960 2175 non
980 2147 1105 2182 peccasti.
1123 2156 1136 2173 ιι
1155 2146 1349 2175 Animadverte
1366 2151 1469 2180 autem,
1485 2155 1569 2182 quam
1585 2147 1704 2175 latenter

905 2191 939 2219 ad
952 2191 1136 2228 virginitatem
1151 2191 1274 2227 impellat
1284 2191 1394 2227 nuptias
1404 2190 1540 2219 vinculum
1552 2191 1703 2227 appellant,

907 2235 1091 2273 virginitatem
1104 2240 1196 2264 autem
1209 2236 1374 2264 solutionem
1389 2240 1416 2264 et
1430 2235 1593 2264 libertatem.

942 2281 1032 2309 Vsus.
1047 2283 1090 2308 28.
1110 2292 1122 2304 ι
1139 2282 1174 2308 Et
1190 2280 1213 2308 si
1229 2281 1353 2316 nupserit
1365 2281 1452 2316 virgo,
1468 2288 1523 2307 non
1539 2280 1670 2316 peccavit.
1687 2291 1700 2305 ι

906 2325 1047 2362 Virginem
1059 2324 1104 2352 hic
1115 2324 1191 2358 dicit,
1202 2332 1258 2353 non
1272 2332 1334 2353 eam
1346 2332 1409 2360 qua;
1424 2326 1480 2353 Deo
1493 2329 1653 2353 consecrata
1667 2325 1706 2352 sit

909 2371 953 2406 (ea
972 2370 1046 2398 enim
1068 2369 1090 2397 si
1103 2369 1236 2405 nupserit,
1250 2370 1372 2405 peccavit
1393 2370 1517 2403 omnino,
1533 2373 1627 2406 utpote
1643 2377 1706 2406 quae

909 2414 1048 2443 moechum
1067 2413 1290 2450 superinduxerit
1307 2422 1408 2450 sponso
1429 2422 1480 2442 suo
1501 2414 1642 2448 Christo),
1658 2414 1707 2443 sed

908 2461 1053 2495 innuptam
1074 2458 1201 2495 puellam.
1219 2460 1255 2486 Ea
1268 2458 1342 2486 enim
1357 2459 1379 2486 si
1392 2459 1524 2494 nupserit,
1540 2467 1596 2487 non
1608 2466 1707 2494 pecca-

907 2505 945 2532 vit
958 2514 966 2532 :
983 2503 1192 2532 matrimonium
1206 2504 1282 2531 enim
1296 2511 1350 2531 non
1372 2506 1414 2531 est
1427 2503 1579 2539 impurum.

944 2561 957 2574 ι
965 2549 1184 2578 Tribulationem
1194 2553 1287 2577 tamen
1301 2548 1390 2576 carnis
1402 2547 1542 2576 habebunt
1556 2547 1705 2584 ejusmodi.

909 2595 968 2630 Ego
980 2599 1075 2622 autem
1087 2593 1163 2622 vobis
1176 2601 1267 2630 parco.
1284 2605 1296 2617 ι-
1309 2592 1513 2621 Sollicitudines
1522 2593 1548 2620 in
1560 2592 1708 2620 matrimo-

909 2639 956 2667 nio
978 2642 1006 2666 et
1028 2646 1162 2667 maerores
1180 2637 1363 2671 obvenientes,
1392 2636 1598 2665 tribulationem
1621 2638 1707 2663 vocat.

757 2743 851 2774 Varia
873 2743 1026 2774 lectiones.

101 2814 137 2832 ⁶⁹¹
152 2814 232 2842 οἰκεῖν
247 2823 274 2844 o.
311 2815 332 2833 ⁶¹
344 2814 422 2842 καλόν
437 2823 474 2843 m.
513 2814 535 2832 θ’
550 2815 660 2842 συνωθεῖ
668 2822 694 2843 ο.
732 2815 754 2832 ⁸⁸
768 2814 943 2851 ἆφορισθεῖσαν
955 2822 982 2843 o.

210 2860 324 2888 Ρλτιιοι.
344 2861 395 2889 Gs.
417 2860 522 2888 CXXIV.

1536 2858 1567 2886 2i
