1881 3081
47 184 94 212 653
466 182 642 212 EXPOSITIO
663 183 695 211 IN
715 183 820 212 EPIST.
838 183 847 211 l
866 183 912 211 AD
931 183 1011 212 COR.
1027 199 1062 206 —
1079 185 1155 213 CAP.
1176 185 1233 213 VII.

1630 187 1681 215 65L

48 247 173 275 ωθοῢνται
185 245 209 276 oi
231 245 339 276 ἐλεεινοί
351 245 442 287 ἄνδρες
462 245 508 276 καὶ
528 245 708 287 ψυχοόλαϐεῑς
726 245 818 283 διοική-

914 247 977 281 Lum,
992 247 1130 283 praecipue
1144 246 1350 283 mmejusmodi
1365 246 1411 280 sit,
1426 253 1489 284 quae
1503 251 1603 278 ornatu
1613 248 1682 278 dele-

49 303 98 325 σεις
113 290 288 332 πραγμάτων.

81 435 94 453 ε
111 424 281 465 Μιμέριοται
294 426 312 461 ἡ
327 423 393 464 γυνὴ
403 424 449 455 καὶ
467 426 484 461 ἡ
498 424 637 466 παρθένος.
656 436 671 455 ι
687 425 825 463 Τουτέστι,

45 468 204 510 διαφέρωσιν
218 470 341 506 ἀλλήλων
350 492 359 507 ,
370 469 416 499 καὶ
435 470 464 499 οὗ
477 469 525 506 τὴν
539 469 623 506 αὐτὴν
638 471 729 510 έχουσι
750 481 832 511 φρον-

44 514 113 554 τίδα,
129 514 199 544 ἀλλὰ
214 515 409 556 μεμερισμέναι
433 514 484 545 εἶσὶ
509 519 566 548 ταῖς
582 516 709 549 σπουδαῖς
724 524 731 532 ·
746 517 793 546 καὶ
813 516 830 552 ἡ

44 559 87 598 μὲν
103 559 162 599 περὶ
181 559 252 590 ἄλλα
273 559 436 600 σπουδάζει,
463 561 478 596 ἡ
502 559 530 590 δὲ
546 559 608 600 περὶ
626 560 695 590 ἄλλα
713 571 720 579 ο
736 559 831 600 διαφέ-

45 615 111 644 ρουσι
125 604 153 634 δὲ
168 604 197 633 αἱ
218 604 352 644 φροντίδες
367 605 475 643 αὐταῖς,
498 605 545 635 καὶ
569 605 608 634 δεῖ
623 604 777 644 ἐκλέγεσθαι
797 603 831 634 τὰ

43 648 147 689 κρείτ-τω
160 648 207 679 καὶ
222 650 377 690 ἄπονώτερα
393 649 430 680 ⁸⁷.

83 749 96 767 ιι
109 737 143 770 Ἦ
158 739 262 779 ἄγαμος
281 743 398 780 μεριμνᾷ
412 740 446 770 τὰ
462 742 510 770 τοῦ
526 739 626 780 Κυρίου
638 762 647 779 ,
670 742 726 774 πῶς
742 739 830 781 ἂρέσει

44 785 76 824 τῷ
91 785 180 824 Κυρίῳ
190 808 198 822 ,
214 784 259 814 ἵνα
309 784 374 824 ἆγία
393 785 439 814 καὶ
452 784 557 824 σώματι
577 785 623 815 καὶ
643 784 776 825 πνεύματι
791 797 798 804 ·
813 787 830 822 ἡ

44 829 68 858 δὲ
79 829 240 868 γαμήσασα,
254 834 371 871 μεριμνᾷ
382 829 417 859 τὰ
431 833 476 860 τοῦ
487 830 601 869 κόσμου,
615 832 672 864 πῶς
688 831 777 871 ἀρίσει
793 832 832 871 τῷ

45 874 120 913 ἀνδρί.
140 886 154 903 ι
181 875 243 905 Οὔκ
266 875 342 915 ἀρκεῖ
366 874 472 913 σώματι
497 871 565 905 εἶναι
585 875 680 915 ἁγίαν,
700 875 769 906 ἀλλὰ
792 875 831 905 δεῖ

885 299 986 327 ctatur,
1010 297 1038 321 et
1051 300 1164 326 aurum,
1189 291 1362 328 margaritas,
1385 291 1523 328 aliamque
1537 293 1681 323 mollitiem

885 339 988 377 expetit
1002 338 1099 366 PEinc
1112 336 1206 365 miseri
1219 335 1310 364 mariti
1323 336 1359 365 ad
1369 335 1550 372 iniquitatem,
1566 337 1681 368 anima:-

887 393 942 423 que
952 383 1047 412 noxias
1067 389 1161 411 rerum
1173 380 1423 410 administrationes
1435 381 1625 418 impelluntur.

923 431 1014 458 Vsus.
1028 430 1074 456 34.
1096 439 1109 452 ι
1118 425 1220 455 Divisae
1232 429 1296 454 sunt
1309 434 1379 454 uxor
1393 430 1421 454 et
1434 425 1518 462 virgo.
1529 438 1541 450 ι
1556 427 1618 455 Hoc
1628 430 1680 463 est,

889 474 971 511 164
985 473 1118 502 differunt
1127 472 1201 500 inter
1214 479 1244 500 se
1256 475 1363 505 mutuo,
1378 479 1429 499 nec
1441 470 1540 500 habent
1552 471 1682 501 sollicitu-

885 519 990 553 dinem,
1011 517 1060 547 sed
1080 517 1178 545 divisae
1190 515 1296 545 suntin
1319 515 1417 544 studiis
1439 516 1496 544 suis
1512 526 1518 544 :
1535 520 1618 553 atque
1630 517 1681 546 ista

886 563 999 601 quidem
1029 562 1063 592 de
1085 561 1144 590 aliis
1167 566 1209 590 est
1230 560 1358 595 sollicita,
1384 560 1429 589 illa
1458 569 1523 590 vero
1547 561 1582 590 de
1596 561 1680 591 aliis:

884 608 999 638 diversae
1013 612 1106 637 autem
1117 610 1182 635 sunt
1195 605 1337 643 utriusque
1349 613 1422 634 curre
1435 615 1442 633 :
1459 613 1490 634 ea
1513 605 1603 642 itaque
1617 614 1680 643 quae

885 653 1078 691 praestantiora
1092 655 1168 688 sunt,
1180 655 1208 680 et
1222 650 1313 680 minus
1326 650 1431 680 habent
1454 650 1565 687 laboris,
1578 651 1682 689 eligeu.

885 698 920 728 da
939 703 1013 727 sunt.

923 755 936 769 α
954 745 1071 779 lunupta
1084 742 1186 778 cogitat
1195 749 1258 778 quae
1269 744 1334 769 sunt
1344 740 1467 775 Domini,
1478 741 1618 778 quomodo
1628 743 1683 780 pla-

886 792 946 817 ceat
959 788 1093 822 Domino,
1103 791 1133 815 ut
1142 787 1178 815 sit
1185 790 1280 814 sancta
1292 790 1319 814 et
1328 794 1444 823 corpore
1457 786 1597 823 etspiritu.
1612 788 1681 824 Quae

885 841 951 862 vero
965 832 1068 869 nupsit,
1082 831 1186 868 cogitat
1196 839 1257 868 quae
1272 835 1339 860 sunt
1348 831 1458 865 mundi,
1470 831 1611 868 quomodo
1623 833 1681 868 pla-

883 882 942 907 ceat
956 878 1023 906 viro.
1039 889 1053 902 ι
1064 878 1128 906 Νοιι
1142 877 1207 905 satis
1220 879 1265 905 est
1273 880 1305 904 ut
1316 876 1393 912 virgo
1403 880 1495 904 sancta
1507 877 1545 905 sit
1555 885 1682 913 corpore,

44 918 86 948 καὶ
98 918 242 958 πνεύματι.
260 919 349 950 Τοῦτο
363 919 414 960 γὰρ
428 922 446 957 ἡ
466 920 566 957 ἀληθὴς
588 920 717 961 παρθενία
730 943 738 957 ,
751 923 769 956 ἡ
785 922 818 956 τῆ

914 931 979 951 arum
993 922 1077 951 etiam
1097 922 1204 958 spiritu.
1219 922 1280 950 Hoc
1291 921 1364 949 enim
1390 925 1431 950 est
1443 929 1506 950 vera
1525 921 1680 958 virginitas,

45 965 123 1004 ψυχῆς
148 964 300 1004 καθαρότης
314 974 321 982 ·
339 964 397 994 επεὶ
421 965 520 994 πολλαὶ
541 964 572 994 τὸ
588 967 668 1003 σῶμα
690 965 769 1005 ἁγναὶ
784 965 830 995 καὶ

44 1008 178 1045 ἄμόλυντοι
199 1005 298 1047 οὖσαι,
327 1010 561 1049 κατεσπιλωμέναι
587 1009 639 1040 εἶσὶ
661 1009 707 1046 τὴν
727 1010 828 1050 ψυχήν.

46 1051 118 1082 Ἀλλὰ
133 1054 178 1083 καὶ
192 1056 272 1084 τοῦτο
287 1054 380 1084 σκόπει
390 1077 399 1092 ,
422 1054 462 1084 ὅτι
487 1056 534 1085 οὒκ
552 1055 608 1085 ἔστι
623 1054 751 1096 παρθένος
766 1057 782 1091 ἠ
798 1054 831 1084 τὰ

44 1100 85 1127 τοῦ
114 1098 216 1138 κόσμου
250 1101 417 1139 μεριμνιῗιοα.
451 1099 578 1130 Ἐπειδὰν
615 1097 660 1130 οὖν
685 1100 741 1140 ἴδῃς
773 1099 831 1129 τινὰ

45 1144 179 1183 παρθενίαν
206 1145 457 1184 ἕπαγγελλομένην,
482 1147 652 1186 μεριμνῶσαν
676 1145 704 1175 δὲ
728 1145 763 1175 τὰ
786 1147 831 1174 τοῦ

45 1187 154 1228 κόσμου,
176 1189 292 1228 γίνωσκε
305 1188 330 1207 ⁸⁸
349 1189 390 1219 ὅτι
404 1189 478 1219 οὐδὲν
498 1189 617 1231 διαφέρει
635 1192 682 1226 τ’ῆς
697 1191 724 1220 ἓν
739 1190 829 1231 γάμῳ.

46 1230 76 1262 Ὀ
98 1234 147 1273 γὰρ
168 1235 276 1268 Παῦλος
304 1233 379 1274 ὅρους
411 1230 569 1276 ἀμφοτέροις
591 1234 722 1273 τέθεικεν,
747 1234 774 1269 ἐξ
795 1230 831 1264 ὗν

47 1276 270 1317 διαγινώσκονται,
296 1280 325 1309 οὗ
363 1279 450 1319 γάμον
488 1279 534 1310 καὶ
561 1280 733 1320 ἐγκράτειαν,
762 1278 832 1309 ἀλλὰ

46 1323 296 1363 πολυπραγμοσύνην
320 1323 372 1362 ξκαὶ
399 1324 608 1365 ἀπραγμοσύνην
633 1324 671 1356 θ’.
696 1324 786 1355 Ὥστε
815 1326 832 1361 ἡ

47 1367 259 1408 πολυπράγμων,
292 1370 322 1399 οὗ
348 1369 484 1409 παρθένος.
516 1372 642 1410 Μεριμνᾷ
668 1369 696 1399 δὲ
726 1369 773 1399 καὶ
814 1371 831 1406 ἡ

47 1417 204 1451 γεγαμηιιυῖα
229 1414 287 1447 πῶς
313 1414 403 1454 ἄρέσει
428 1416 467 1454 τῷ
493 1414 589 1455 ἀνδρί·
615 1413 696 1454 τυχὸν
716 1414 764 1452 μὲν
786 1413 832 1444 καὶ

48 1456 149 1492 κάλλους
160 1458 358 1500 ἕπιμελουμένη
373 1468 381 1476 ·
393 1459 472 1500 τυχὸν
488 1459 532 1498 δὲ,
548 1459 594 1489 καὶ
606 1460 650 1489 διὰ
668 1459 698 1490 τὸ
713 1458 832 1500 οἰκουρὸν

48 1501 124 1547 δοκεῖν
161 1498 231 1534 εἶναι
274 1502 394 1543 ἀγαθὴν,
425 1498 588 1544 ’ἀνελεήμων
630 1505 676 1535 καὶ
706 1498 833 1547 φειδωλὸς

48 1546 205 1587 δεικνυμένη.

84 1603 98 1621 ε
112 1593 198 1624 Τοῦτο
213 1593 244 1623 δι
265 1593 328 1633 πρὸς
352 1593 382 1623 τὸ
403 1595 477 1633 ὗμῶν
493 1596 577 1625 αὐτῶν
593 1595 727 1637 συμφέρον
741 1595 812 1635 λέγω
822 1617 831 1634 ,

48 1636 91 1678 οὐχ
102 1636 142 1668 ἶνα
157 1639 255 1679 βρόχον
271 1638 333 1678 ὑμῖν
347 1638 476 1669 ἐπιϐάλω.
492 1653 504 1666 ι
519 1639 590 1674 Τοὺς
604 1636 665 1680 περὶ
679 1639 832 1680 παρθενίας,

47 1682 122 1722 φησὶ,
150 1683 245 1724 λόγους
273 1683 400 1721 έκίνησα,
440 1683 515 1718 εἰδὼς
543 1685 675 1727 συμφέρον
710 1686 773 1724 ὑμῖν
802 1684 833 1715 τὸ

46 1731 148 1771 πρᾶγμα
157 1751 165 1765 ,
181 1729 226 1758 διὰ
241 1728 272 1759 τὸ
286 1729 385 1759 ἄλυπον
396 1751 404 1766 ,
419 1729 465 1760 καὶ
481 1729 643 1770 ἀμέριμνον,
654 1730 700 1760 καὶ
711 1732 834 1771 ψυχωφε-

47 1770 158 1813 λέστερον
168 1785 176 1793 ·
195 1775 249 1814 οὐχ
267 1773 310 1803 ἵνα
327 1775 472 1814 ἀναγκάσω
490 1777 573 1815 ὑμᾶς,
588 1775 634 1806 καὶ
648 1775 686 1815 μὴ
699 1770 832 1812 θέλοντας,

46 1818 203 1857 παρθενεύειν
219 1828 228 1836 ⁹
253 1819 349 1860 βρόχον
360 1819 412 1860 γὰρ
424 1819 474 1856 τὴν
489 1820 608 1860 ἀνάγκην
623 1820 772 1859 ὠνόμασεν.

87 1862 191 1894 «Ἀλλὰ
217 1863 284 1904 πρὸς
309 1864 339 1894 τὸ
365 1863 501 1905 εὔσχημον
529 1865 575 1895 καὶ
605 1865 767 1906 εὐπάρεδρον
795 1867 834 1906 τῷ

48 1906 130 1948 Κυρίῳ
154 1908 372 1949 ἀπερισπάστιικ.
391 1922 406 1937 »
430 1909 509 1946 Ἵνα,
526 1910 620 1950 φησὶν,
643 1909 834 1950 εὖσχημόνως,

46 1951 87 1980 καὶ
101 1954 133 1996 ,ἐν
155 1953 317 1993 καθαρότητι
340 1956 402 1990 ζ’ἧτε
427 1955 468 1995 (τί
489 1955 542 1996 γὰρ
564 1955 704 1996 παρθενίας
729 1956 834 1996 εὔσχη-

47 1995 194 2040 μονέστερον
226 1998 272 2028 καὶ
297 1998 519 2039 καθαρώτερον;)
558 1995 610 2030 καὶν
631 1999 675 2030 ἵνα
704 1999 833 2040 ἐλεύθεροι

47 2039 111 2075 ὄντες
134 2043 185 2071 τῶν
212 2045 258 2072 τοῦ
275 2043 362 2083 γάμου
376 2043 515 2084 ὀχλήσεων
528 2067 536 2083 ,
567 2045 774 2085 ἀπερισπάστως
795 2039 834 2085 τῷ

47 2085 129 2127 Κυρίῳ
143 2087 286 2125 δουλεύητε
306 2088 352 2118 καὶ
367 2089 439 2128 αὖτῷ
464 2089 646 2129 παρεδρεύητε
658 2089 694 2128 ⁷⁰,
703 2089 769 2127 ὅλην
783 2089 832 2126 τὴν

49 2129 168 2170 μέριμναν
183 2133 227 2162 ἐπ’
243 2132 322 2163 αὐτὸν
339 2133 521 2172 μετατιθέντες
533 2134 571 2165 ⁷⁸.

84 2185 101 2220 «ἢ
114 2176 146 2206 El
176 2176 204 2207 δέ
223 2189 263 2220 1:5
281 2178 442 2218 ἀσχημονεῖν
469 2178 513 2208 ἐπὶ
538 2178 586 2215 τὴν
601 2179 730 2220 παρθένον
755 2180 834 2210 αὑτοῦ

48 2218 156 2264 νομίζει,
180 2222 228 2250 ἐὰν
277 2217 447 2262 ὖπέρακμος,
472 2222 535 2261 (καὶ
550 2222 632 2258 οὕτως
644 2217 744 2264 δφείλει
757 2223 830 2263 γίνε-

885 968 986 997 animm
1000 967 1133 995 nimirum
1142 966 1254 1003 puritas.
1264 967 1338 994 Nam
1346 966 1441 995 multa:
1448 973 1562 1003 corpore
1569 966 1682 1003 quidem

884 1016 968 1041 casta:
981 1016 1008 1040 et
1027 1011 1189 1047 impollutze,
1205 1011 1296 1039 anima
1309 1011 1503 1039 contaminatae
1519 1015 1594 1039 sunt.
1610 1012 1683 1041 Prae-

884 1062 968 1092 terea,
991 1060 1020 1085 et
1041 1056 1113 1085 istud
1128 1055 1276 1093 perpende,
1297 1055 1372 1092 quod
1395 1055 1439 1084 illa
1453 1064 1510 1084 non
1524 1061 1566 1085 est
1591 1056 1682 1094 virgo,

886 1109 949 1139 quae
960 1109 1004 1130 res
1017 1105 1094 1130 curat
1121 1100 1290 1130 mundanas.
1314 1101 1385 1129 Cum
1414 1101 1497 1137 igitur
1510 1101 1683 1137 conspexeris

885 1146 1053 1183 quampiam,
1066 1153 1128 1183 qua:
1150 1145 1307 1174 castitatem
1322 1146 1396 1174 vavit
1408 1167 1416 1181 ,
1441 1145 1557 1174 sollicite
1571 1146 1683 1175 incum-

886 1191 997 1220 bentem
1007 1191 1089 1219 rebus
1104 1191 1211 1224 mundi,
1233 1189 1342 1219 noveris
1355 1198 1418 1219 eam
1429 1198 1444 1218 a
1460 1190 1602 1227 conjugala
1613 1191 1682 1219 nihil

887 1235 1051 1273 dicrepare.
1066 1236 1138 1264 Nam
1154 1235 1254 1264 Paulus
1268 1235 1337 1263 ﬁnes
1349 1236 1474 1272 utrisque
1503 1235 1605 1272 posuit,
1621 1236 1684 1272 qui-

886 1282 938 1312 bus
951 1282 1161 1319 dignoscantur,
1177 1290 1231 1310 non
1245 1286 1318 1310 certe
1329 1282 1537 1311 matrimonium
1550 1286 1578 1311 et
1596 1283 1685 1311 conti-

887 1329 1023 1364 nentiam,
1033 1329 1082 1358 sed
1093 1328 1281 1357 curiositatem
1294 1332 1321 1357 et
1330 1329 1565 1365 tranquillitatem.
1582 1331 1686 1366 Quare,

887 1384 949 1413 quae
960 1375 1042 1405 variis
1053 1376 1170 1413 negotiis
1182 1383 1211 1404 se
1232 1376 1366 1412 implicat,
1383 1376 1461 1412 virgo
1481 1384 1537 1405 non
1549 1381 1600 1405 est.
1616 1378 1685 1413 Qua

887 1424 980 1449 autem
994 1425 1079 1457 nupta
1098 1424 1151 1454 est,
1175 1420 1291 1448 sollicita
1305 1424 1346 1448 est
1358 1420 1498 1457 quomodo
1511 1421 1611 1449 marito
1626 1421 1685 1458 pla-

887 1469 961 1500 ceat;
985 1464 1106 1493 formam
1122 1463 1237 1493 fortasse
1254 1473 1365 1500 curans,
1387 1465 1427 1493 vel
1444 1464 1542 1494 forsan
1567 1470 1598 1494 ut
1612 1465 1685 1495 bona

890 1509 1099 1538 materfamilias
1109 1509 1243 1545 videatur,
1254 1517 1284 1538 se
1291 1509 1567 1539 immisericordemet
1577 1518 1685 1547 parcam

850 1546 873 1579 ο
887 1554 1046 1583 ostendens.

923 1600 1015 1628 Vsus.
1033 1603 1075 1628 35.
1088 1612 1101 1625 ι
1111 1601 1197 1629 Porro
1210 1599 1262 1628 hoc
1273 1598 1307 1628 ad
1321 1599 1468 1628 utilitatem
1480 1603 1601 1629 vestram
1611 1599 1686 1636 dico,

887 1651 942 1673 non
954 1649 986 1673 ut
999 1644 1129 1682 laqueum
1143 1644 1222 1673 vobis
1232 1643 1361 1681 injiciam.
1376 1655 1390 1670 ι)
1406 1645 1447 1673 De
1460 1643 1616 1682 virginitate
1630 1653 1687 1674 ser-

888 1697 998 1718 monem
1021 1690 1106 1725 movi,
1132 1697 1193 1718 rem
1218 1689 1299 1717 istam
1318 1689 1394 1718 vobis
1413 1689 1568 1719 conducere
1582 1690 1683 1726 sciens,

888 1735 964 1772 quod
977 1743 1102 1765 marore
1115 1735 1356 1773 sollicitudineque
1368 1740 1470 1770 careat,
1481 1737 1635 1774 animaque
1645 1737 1682 1766 sit

888 1780 982 1809 utilior
998 1791 1005 1810 ι
1024 1789 1082 1810 non
1101 1785 1132 1809 ut
1143 1789 1241 1817 cogam
1257 1788 1304 1809 vos
1315 1780 1416 1809 invitos
1426 1781 1453 1809 in
1473 1782 1599 1810 calibatu
1617 1790 1681 1819 per-

888 1835 1002 1856 manere
1016 1837 1023 1856 :
1038 1835 1103 1856 nam
1122 1827 1312 1856 necessitatem
1321 1827 1451 1864 laqueum
1468 1827 1634 1856 nominavit.

926 1885 939 1898 ι
955 1874 1008 1903 Sed
1015 1874 1049 1903 ad
1057 1874 1085 1902 id
1095 1874 1169 1910 quod
1177 1873 1329 1902 honestum
1338 1877 1392 1907 est,
1405 1877 1433 1902 et
1444 1877 1475 1902 ut
1488 1874 1609 1903 Domino
1620 1875 1688 1904 assio

887 1918 986 1952 deatis,
1002 1918 1040 1947 ita
1051 1922 1083 1947 ut
1094 1918 1165 1946 abeo
1173 1918 1252 1947 avelli
1267 1918 1422 1954 nequeatis.
1441 1927 1455 1945 ι)
1467 1919 1517 1953 Ut,
1528 1919 1628 1955 inquit,
1639 1919 1688 1948 ho-

886 1967 962 1992 neste
973 1967 1001 1992 et
1016 1962 1044 1991 in
1062 1962 1180 1999 puritate
1195 1963 1316 1997 vivatis(
1336 1962 1403 1999 quid
1426 1963 1504 1991 enim
1529 1963 1686 2000 virginitate

888 2007 1032 2036 honestius
1043 2011 1071 2036 et
1079 2008 1173 2044 purius
1187 2007 1229 2041 ἲ).
1241 2012 1269 2036 et
1282 2012 1338 2036 uta
1356 2008 1651 2044 nuptiarummolestiis
1660 2009 1687 2037 li-

887 2052 958 2086 beri,
970 2054 1090 2082 Domino
1102 2052 1160 2081 sine
1172 2052 1227 2081 ulla
1239 2052 1420 2081 distractione
1433 2052 1557 2081 servietis
1578 2053 1686 2090 ipsique

887 2097 1038 2133 assideau's,
1055 2101 1143 2126 totam
1162 2104 1258 2126 curam
1280 2101 1401 2126 vestram
1416 2097 1444 2125 in
1463 2097 1556 2134 ipsum
1568 2098 1685 2127 transfe-

887 2147 988 2172 rentes.

923 2189 1015 2216 Vsus.
1033 2190 1078 2216 36.
1096 2198 1109 2212 σι
1122 2186 1170 2216 Sin
1180 2186 1243 2224 quis
1258 2190 1337 2223 turpe
1349 2194 1409 2215 esse
1423 2190 1500 2223 putet
1509 2195 1594 2224 super
1603 2187 1686 2225 virgi-

886 2239 922 2260 ne
936 2240 998 2267 sua,
1023 2232 1047 2260 si
1063 2231 1148 2260 fuerit
1161 2230 1348 2268 superadulta,
1375 2235 1403 2260 et
1426 2232 1464 2260 sic
1482 2236 1594 2268 oportet
1614 2232 1684 2267 ﬁeri,

49 2263 130 2320 iam),
146 2264 160 2294 δ
171 2265 255 2320 θέλει,
266 2267 386 2320 ποιείτιυ,
398 2268 447 2320 ςῦχ
460 2267 619 2320 ἁμαρτάνεν
633 2263 814 2320 γαμείτωσαν.

914 2276 968 2305 uod
982 2263 1051 2311 vult,
1066 2277 1158 2312 faciat,
1172 2263 1228 2304 non
1244 2263 1347 2313 peccat,
1365 2263 1531 2305 contrahant
1545 2263 1686 2307 matrima;

49 2307 82 2353 Εί
92 2320 143 2346 τις,
156 2312 248 2351 φησὶν,
265 2311 375 2353 ἀσθενὴς
394 2311 431 2342 ὢν
498 2313 553 2343 ὄντι
569 2313 618 2350 τὴν
639 2307 773 2351 διάνοιαν,
788 2325 832 2344 νο-

50 2352 112 2399 μίζει
136 2355 261 2395 ἄσχημον
286 2351 354 2387 εἶναι
377 2356 407 2387 τὸ
431 2351 561 2399 παρθένον
587 2358 657 2399 ἔχειν
685 2358 833 2399 θυγατέρα,

49 2397 89 2444 καὶ
104 2402 185 2430 ταῦτα
199 2400 236 2438 ⁷³,
250 2400 404 2442 ὓπέρακμον
423 2397 504 2433 οὖσαν
517 2412 524 2420 ·
542 2397 656 2443 γενέσθω
666 2427 673 2441 ,
697 2403 775 2444 φησὶ,
785 2397 835 2434 ’καὶ

50 2440 120 2486 οὕτω.
136 2445 220 2483 Πῶς;
250 2459 262 2472 ιι
275 2440 314 2477 ⁸0
327 2448 412 2484 θέλει,
434 2440 565 2478 ποιείτωγο
581 2460 595 2478 ι
618 2440 770 2486 τουτέστιν,
790 2449 835 2478 ἰὰν

117 2489 206 2519 δοῦναι
223 2490 305 2527 αὐτὴν
321 2492 411 2532 ἀνδρὶ,
433 2492 501 2522 δότω
511 2505 517 2512 ·
537 2494 587 2533 οὐχ
601 2493 750 2534 ἁμαρτάνει
762 2485 832 2534 νγάρ.

51 2530 120 2568 Πλὴν
134 2539 253 2574 κρεῖττον
267 2535 297 2565 τὸ
311 2530 441 2577 παρθένον
455 2542 544 2579 τηρεῖν
555 2530 688 2578 ,ὧς-ἐΰς
702 2530 786 2579 λέγει,

92 2621 167 2671 ξίὊς
182 2625 210 2656 δὲ
231 2626 343 2664 ἕστηκεν
362 2628 463 2668 ἑδραῖος
479 2630 505 2659 έν
579 2629 694 2671 καρδίᾳ,
713 2629 751 2668 μὴ
765 2629 836 2670 ἔχων

54 2665 163 2714 ἀνᾴγλην
173 2692 182 2707 ,
203 2671 320 2706 ἕξουσίαν
335 2672 362 2703 δὲ
379 2665 435 2713 ἔχει
450 2673 511 2714 περὶ
528 2665 574 2704 τοῢ
595 2665 838 2714 ἰδίουθελήματος,

887 2322 978 2350 nium.
1000 2322 1050 2350 nSi
1065 2322 1138 2358 quis.
1147 2321 1246 2358 inquit,
1262 2328 1358 2350 revera
1373 2321 1519 2349 imbecillis
1529 2321 1687 2359 intelligen-

890 2367 948 2401 tize,
965 2369 1044 2402 turpe
1056 2373 1116 2395 esse
1132 2370 1253 2400 censeat,
1274 2365 1361 2394 ﬁliam
1378 2374 1457 2395 suam
1469 2366 1604 2403 virginem
1618 2368 1688 2395 reti-

890 2418 965 2445 nere,
976 2411 1131 2447 pmsertim
1142 2417 1204 2446 quae
1214 2411 1303 2439 aetatis
1308 2410 1405 2439 ﬂorem
1413 2411 1553 2447 prmteriit,
1567 2412 1638 2446 Fiat,
1647 2412 1688 2441 in-

890 2455 957 2492 quit,
972 2455 1020 2484 sic.
1036 2454 1182 2492 Quomodo
1197 2457 1209 2484 Ρ
1225 2467 1238 2479 «ι
1254 2455 1335 2490 Quod
1350 2455 1408 2484 vult
1425 2454 1505 2484 faciat
1519 2464 1526 2483 :
1540 2467 1553 2481 ι
1565 2455 1618 2484 hoc
1632 2461 1684 2491 est,

889 2500 912 2529 si
922 2500 987 2529 velit
998 2508 1059 2529 eam
1068 2499 1178 2529 tradere
1186 2500 1296 2534 marito,
1304 2499 1411 2534 tradat;
1425 2508 1483 2529 non
1491 2500 1565 2529 enim
1575 2505 1684 2537 peccat.

889 2546 1086 2574 Verumtamen
1101 2545 1200 2573 melius
1214 2549 1255 2573 est
1268 2545 1398 2582 virginem
1427 2553 1545 2582 servare,
1557 2546 1688 2582 quemad¢

889 2590 1006 2618 modum
1020 2590 1149 2626 deinceps
1160 2589 1235 2618 dicit.

925 2636 1014 2664 Vnus.
1041 2637 1140 2663 37-38.
1161 2645 1174 2659 ιι
1192 2635 1243 2671 Qui
1258 2637 1349 2663 autem
1365 2638 1421 2663 stat
1432 2635 1529 2664 ﬁrmus
1553 2634 1582 2663 in
1602 2635 1687 2665 corde

892 2687 955 2714 suo,
968 2687 1024 2708 non
1037 2680 1141 2708 habens
1161 2680 1365 2713 necessitatem,
1381 2684 1516 2716 potestate
1530 2684 1623 2708 autem
1639 2681 1689 2709 ha:

55 2710 190 2745 καὶτοῦτο
217 2717 336 2758 κέκρικεν
365 2719 392 2748 έν
419 2720 452 2759 τῇ
492 2718 588 2760 καρδία
623 2720 720 2757 αὑτοῦ,
748 2724 818 2759 τηρεῖ

755 2760 818 2790 Var:

914 2710 960 2767 ens
972 2725 1089 2761 propria:
1101 2724 1258 2757 voluntatis,
1269 2710 1410 2760 atque
1426 2725 1559 2762 judicavit
1571 2725 1599 2753 in
1608 2725 1690 2753 corde

914 2767 1025 2790 mones.

86 2792 170 2837 “ﬁt;
194 2797 297 2832 κρείττω
322 2798 363 2825 καὶ
381 2798 549 2836 ἂπονωτέραν,
587 2799 609 2818 ⁸⁸
638 2798 698 2828 ἴσθι.
724 2767 1025 2837 οινῗξιῖκέξιῖῗὲἀῗξῗ.
1040 2809 1066 2830 ο.
1105 2800 1128 2819 7°
1151 2800 1330 2837 προσεδρεῦητι
1357 2808 1383 2830 0.
1434 2800 1455 2820 ⁷³
1481 2800 1634 2834 ἀνατιθέντες
1662 2808 1690 2830 o.

57 2829 75 2848 τ’
87 2834 170 2870 ταύτην
188 2829 216 2866 οξ
