1881 3081
197 171 249 199 655

704 169 961 199 THEOPHYLACTI
981 169 1161 199 BULGARI/E
1180 168 1335 197 ARCHIEP.
1779 168 1817 194 656

195 240 258 268 suo,
276 240 384 262 servare
405 240 485 261 suam
509 232 658 269 virginem,
680 232 750 262 bene
778 233 852 263 facit.
868 234 954 271 Igitur
966 238 988 262 el

1056 233 1094 269 ῖῆν
1116 233 1212 262 ἑαυτοῦ
1235 230 1380 272 παρθένον,
1409 230 1498 264 καλῶς
1518 231 1601 260 ποιεῖ.
1629 227 1717 259 Ὦστι
1745 229 1784 258 καὶ
1806 231 1816 257 ὁ

195 277 242 310 qui
260 276 438 306 matrimonio
457 277 537 313 165
548 277 642 314 jungit
669 277 801 314 virginem
813 286 903 314 suam,
922 279 992 307 bene

196 321 278 351 facit:
297 321 346 358 qui
364 329 428 350 vero
443 329 499 350 non
509 322 611 358 jungit,
632 322 732 351 melius
745 322 818 352 facit.
835 335 848 348 ι
863 323 993 358 Observa,

197 365 340 403 quomodo
354 366 448 394 statim
458 366 493 394 ab
507 366 588 395 initio
601 366 751 395 admiretur
763 375 828 396 eum
843 367 891 404 qui
905 371 995 396 servet

197 418 277 440 suam
295 411 440 448 virginem,
453 411 582 439 stabilem
603 411 694 448 ipsum
708 416 736 440 et
758 412 870 441 ﬁrmum
881 420 993 448 vocans,

200 460 228 485 et
240 463 304 484 cum
312 455 416 492 judicio
429 460 554 492 agentem
563 463 624 492 qua
634 456 700 492 agit.
711 468 723 482 ι
736 457 872 485 Judicavit
881 468 893 482 ν
908 457 994 491 enim,

199 500 297 537 inquit,
311 512 325 525 ι
341 501 368 528 in
382 500 465 529 corde
476 509 541 529 suo.
571 502 689 538 ultaque
710 501 758 538 qui
771 502 905 538 virginem
918 509 996 530 suam

200 545 299 582 nuptui
320 546 411 580 tradit,
420 553 476 574 non
488 549 543 574 stat
559 545 667 574 ﬁrmus.
683 546 760 575 Istud
773 551 866 575 autem
882 555 889 574 :
907 558 919 571 α
932 548 995 575 Νοιι

202 590 308 619 habens
327 590 529 625 necessitatem,
544 602 556 614 ι
577 590 713 627 signiﬁcat
735 590 811 627 quod
833 595 996 627 postetatem

202 635 300 663 habeat
310 639 341 663 ut
352 634 398 663 det
409 634 503 671 virgini
524 642 580 663 sua:
595 635 737 669 maritum,
748 643 839 672 neque
849 636 996 672 quisquam

201 679 238 708 sit
251 679 296 716 qui
313 683 391 716 cogat
401 687 465 707 eum
485 687 520 708 ne
531 679 587 708 det.
602 680 702 708 Honor
714 680 806 716 itaque
815 680 873 716 ejus
885 684 926 708 est
942 688 998 708 ser-

203 731 267 752 vare
295 723 380 752 tiliam
404 724 546 759 virginem,
558 731 674 760 eamque
697 724 734 752 ob
761 732 821 752 rem
847 724 996 753 laudatur:

203 776 282 801 nam.
296 778 311 796 α
334 770 407 797 Bene
431 769 504 803 facit,
528 781 540 793 ιι
562 769 659 806 inquit.
683 769 737 798 Sed
756 774 784 798 et
798 770 853 804 ille,
868 770 917 806 qui
934 777 998 798 eam

202 814 304 850 nuptiis
328 814 428 848 elocat,
451 814 521 842 bene
543 813 619 842 facit.
645 816 716 842 Nam
740 814 848 843 elocare
874 822 932 843 non
956 818 999 843 est

203 863 354 895 peccatum.
379 860 469 887 Omne
495 863 589 887 autem
608 859 684 896 quod
708 867 766 887 non
783 863 825 888 est
839 864 995 896 peccatum,

202 902 272 931 bene
287 903 327 931 ﬁt.
351 903 449 932 Melius
469 911 532 932 vero
554 907 596 932 est
616 911 672 932 non
681 903 805 933 elocare:
821 904 907 932 virtus
925 904 998 932 enim
1013 901 1036 933 Β

203 952 254 976 est.

243 994 336 1022 Vsus.
353 996 398 1027 39,
424 995 468 1022 4ο.
502 1005 513 1018 ι
530 993 625 1022 Mulier
639 993 748 1030 alligata
768 998 811 1022 est
822 994 876 1031 legi
890 998 997 1030 quanto

201 1041 326 1074 tempore
351 1038 417 1066 vivit
444 1038 561 1066 maritus
584 1038 642 1074 ejus
662 1049 668 1066 :
687 1038 709 1066 si
735 1043 828 1067 autem
852 1038 999 1067 dormierit

202 1083 320 1111 maritus
335 1082 404 1118 ejus,
421 1082 504 1111 libera
519 1087 560 1111 est
576 1087 607 1111 ut
619 1083 662 1111 cui
676 1083 733 1111 vult
745 1083 845 1118 nubat;
869 1083 953 1111 modo
970 1083 998 1111 in

206 1126 335 1155 Domino.
356 1126 466 1155 Beatior
496 1131 588 1156 autem
616 1131 658 1156 est
668 1127 691 1155 si
712 1127 750 1156 sic
764 1127 900 1156 manserit
920 1127 999 1164 juxta

203 1179 299 1200 meum
315 1171 469 1200 consilium.
483 1173 552 1200 Puto
567 1176 660 1201 autem
675 1172 750 1209 quod
762 1176 789 1200 et
797 1180 848 1208 ego
861 1172 999 1208 Spiritum

205 1216 254 1244 Dei
270 1215 392 1244 habeam.
407 1227 420 1241 ι
435 1217 477 1244 De
489 1216 618 1244 secundis
636 1216 738 1252 nuptiis
751 1216 811 1245 haec
819 1216 923 1251 tradit,
938 1224 999 1253 per-

204 1261 318 1289 mittens
333 1260 444 1297 quidem
468 1268 531 1290 eas:
551 1265 673 1289 attamen
685 1261 836 1290 beatiorem
847 1269 910 1290 eam
919 1261 1000 1298 judi-

203 1310 258 1340 cat,
270 1313 332 1342 quae
343 1306 462 1334 alterum
476 1306 609 1334 maritum
619 1314 675 1334 non
695 1306 842 1342 acceperit.
861 1305 1000 1341 Quemad-

204 1350 322 1379 modum
336 1350 408 1379 enim
433 1351 579 1387 virginitas
594 1350 692 1388 primis
719 1351 822 1387 nuptiis
832 1355 878 1379 est
891 1351 1000 1385 melior,

203 1395 244 1423 sic
258 1400 286 1424 et
298 1395 373 1432 prius
385 1396 596 1424 matrimonium
621 1395 766 1432 posteriori
781 1399 904 1431 praestat.
917 1406 930 1419 «
952 1395 1000 1423 Al-

205 1439 287 1477 ligata
315 1444 356 1468 est
376 1440 460 1477 igitur
480 1439 531 1476 legi
557 1440 666 1473 mulier,
692 1450 706 1467 »
736 1440 789 1469 hoc
813 1444 864 1475 est,
892 1440 952 1476 lege
967 1439 1002 1468 de

204 1485 337 1522 adulterio
358 1488 471 1513 cavente
498 1488 618 1518 tenetur,
639 1492 674 1513 ne
690 1484 813 1513 adultera
828 1484 886 1518 ﬁat,
911 1483 944 1519 si,
960 1484 1001 1512 vi-

204 1533 282 1558 vente
314 1529 428 1563 marito,
461 1529 540 1557 alteri
569 1528 714 1564 copuletur

206 1574 299 1608 fuerit,
315 1574 427 1602 liberata
443 1577 484 1601 est
509 1581 525 1602 a
540 1573 631 1609 primo
654 1581 728 1601 nexu
754 1577 781 1602 et
793 1574 863 1610 lege,
877 1573 1000 1609 adeoque

205 1618 296 1647 soluta
310 1622 362 1646 est.
380 1629 394 1643 u
407 1617 492 1646 Modo
508 1617 535 1646 in
550 1617 667 1646 Domino
680 1627 686 1645 :
703 1629 715 1642 ν
730 1617 782 1646 hoc
792 1622 844 1652 est,
857 1626 922 1646 cum
933 1622 1002 1646 tem-

207 1662 328 1699 petentia
351 1666 380 1690 et
402 1661 513 1697 decoro,
532 1662 562 1690 in
588 1661 737 1690 liberorum
764 1663 952 1699 procreatione
975 1667 1004 1692 et

208 1706 394 1744 praesidentia,
410 1714 466 1735 non
485 1707 511 1735 in
539 1706 664 1735 libidinis
686 1706 840 1736 affectione.
859 1719 871 1731 ι-
897 1709 1001 1736 Secun-

207 1752 300 1780 dum:
319 1759 387 1780 vero
408 1761 423 1778 «
444 1759 538 1780 meum
563 1751 720 1787 consilium,
736 1761 750 1778 ν
779 1752 858 1788 dicit,
882 1760 918 1781 ne
941 1760 1002 1781 rem

206 1797 288 1826 istam
307 1796 498 1825 necessitatem
517 1796 668 1832 arbitreris,
682 1796 733 1825 sed
751 1797 895 1826 consilium
920 1797 1003 1834 idque

206 1841 337 1871 divinum.
351 1853 364 1866 σι
380 1842 461 1877 Puto,
476 1853 489 1866 ι
500 1842 585 1877 enim,
597 1841 698 1878 inquit,
713 1854 726 1867 α
738 1840 814 1878 quod
826 1846 854 1870 et
862 1849 912 1879 ego
924 1842 1003 1878 Spiri-

206 1890 266 1915 tum
276 1886 326 1915 Dei
341 1886 466 1915 habeam.
486 1898 498 1910 ν
513 1887 621 1923 Magnae
636 1890 729 1915 autem
741 1886 906 1915 humilitatis
919 1895 1002 1924 argu-

206 1935 331 1960 mentum
358 1935 401 1960 est
419 1931 484 1959 hoc.
510 1932 572 1959 Non
587 1931 663 1959 enim
686 1931 755 1959 dixit
785 1940 793 1959 :
819 1931 926 1966 Habeo,
943 1931 1001 1966 sed,

209 1987 222 2001 ι
246 1978 315 2004 Puto
329 1983 373 2004 me
387 1975 506 2004 habere:
523 1987 536 1999 ι
553 1974 605 2003 hoc
617 1979 668 2009 est,
678 1974 815 2010 Arbitror,
829 1975 966 2004 existimo.

499 2028 620 2057 CAPUT
636 2029 712 2057 VIII.

244 2083 334 2110 Vnus.
346 2084 370 2109 1.
395 2093 407 2105 ιι
424 2083 465 2109 De
475 2080 508 2109 iis
518 2085 611 2109 autem
625 2089 688 2117 qua:
709 2081 792 2109 idolis
807 2081 1001 2116 immolantur,

207 2124 345 2159 novimus,
384 2125 517 2161 quoniam
554 2132 651 2153 omnes
678 2125 821 2153 scientiam
857 2125 1003 2156 habemus.

208 2171 327 2199 Scientia
339 2169 425 2204 inﬂat,
439 2169 557 2198 charitas
570 2169 697 2198 aediﬁcat.
725 2182 738 2194 ι»
752 2170 875 2199 Fuerunt
893 2170 1002 2207 quidam

208 2215 281 2252 apud
299 2214 456 2244 Corinthios
474 2213 598 2250 perfecti,
624 2215 672 2250 qui
690 2214 819 2249 scientes,
843 2216 916 2252 quod
942 2223 1003 2252 quae

209 2260 398 2298 ingrediantur
421 2259 448 2287 iu
464 2258 616 2294 hominem,
629 2259 719 2295 ipsum
740 2268 798 2288 non
812 2260 1003 2297 coinquinent,

210 2305 336 2341 quodque
351 2304 425 2332 idola
446 2303 503 2332 sint
517 2303 619 2340 lapides
637 2308 665 2332 et
680 2304 764 2341 ligna,
775 2313 827 2334 nec
837 2305 941 2341 possint
952 2313 1002 2334 no-

209 2357 282 2384 cere;
297 2348 535 2377 indiscriminatim
550 2349 715 2377 introierunt
729 2349 869 2378 idolorum
878 2350 1002 2386 delubra,

208 2401 294 2430 eaque
337 2393 519 2422 comederunt
554 2401 616 2429 quae
658 2394 737 2422 idolis
776 2395 1001 2424 immolabantur.

207 2439 299 2467 Hosce
313 2442 406 2466 autem
429 2438 474 2466 alii
500 2437 713 2474 imperfectiores
739 2439 873 2474 videntes,
889 2440 1003 2476 ingressi

207 2487 272 2511 sunt
296 2487 324 2512 et
349 2483 401 2519 ipsi
423 2483 549 2518 delubra,
573 2482 709 2520 idolisque
734 2483 932 2518 sacriﬁcabant,
947 2493 1003 2513 non

207 2528 303 2558 eadem
317 2528 467 2563 sententia,
478 2535 573 2556 verum
583 2536 634 2556 ceu
644 2528 716 2557 idola
728 2527 892 2558 honoranda
901 2533 1001 2564 essent,

208 2581 259 2602 nec
274 2581 330 2602 non
353 2571 436 2609 digna
452 2580 514 2609 qua:
541 2572 674 2601 sacriﬁcia
694 2572 860 2608 acciperent.
879 2574 941 2602 Hoc
967 2573 1002 2603 ad

206 2618 298 2647 zelum
311 2617 470 2654 provocavit
484 2617 612 2652 Paulum,
623 2617 724 2654 quippe
735 2617 817 2654 166
830 2617 906 2654 quod
921 2618 1002 2648 utris-

206 2671 258 2700 que
271 2664 400 2692 obesset:
426 2662 566 2699 perfectis,
581 2667 715 2698 tanquam
744 2663 778 2691 iis
792 2663 838 2700 qui
851 2663 1000 2693 daemonia-

204 2708 244 2737 cis
255 2708 358 2738 mensis
377 2707 533 2737 fruerentur
559 2718 565 2736 :
582 2707 759 2744 imperfectis,
775 2712 907 2745 tanquam
932 2708 949 2737 ii
964 2709 1000 2739 ad

1047 278 1215 318 ίκγαμίζων,
1229 278 1316 310 καλῶς
1330 275 1400 306 ποιιῖ
1415 286 1422 294 ·
1438 276 1452 304 ὁ
1468 274 1495 304 δὲ
1517 275 1554 314 μὴ
1569 273 1729 314 ὶκγαμίζων,
1744 277 1816 313 ιιριῖτε

1047 335 1091 353 τον
1117 322 1196 353 ποιεῖ.
1219 332 1234 351 n
1263 321 1337 362 Ὅρα
1356 322 1412 354 πῶς
1435 320 1466 349 lx
1481 318 1630 360 προοιμίων
1652 318 1770 356 θαυμάζει
1786 318 1818 362 τὸν

1048 370 1178 407 τηροῦντα
1193 365 1276 402 αὖτὴν
1299 365 1429 405 παρθένον
1439 386 1448 401 ,
1464 364 1568 404 ἑδραῖον
1595 362 1675 393 αὐτὸν
1695 362 1737 392 καὶ
1752 361 1818 402 βεϐη-

1048 413 1113 442 κότα
1137 412 1239 448 καλῶν,
1254 410 1300 440 καὶ
1322 411 1348 439 ἐν
1363 409 1454 449 ¹κρίσει
1470 408 1488 438 ἃ
1502 412 1571 438 ποιεῖ
1586 411 1721 438 ποιοῦντα.
1745 418 1759 435 ι
1776 407 1819 437 Κί-

1048 468 1122 497 χρικε
1138 467 1153 486 n
1182 457 1242 496 γὰρ,
1271 454 1369 495 φησὶν,
1397 465 1411 482 u
1437 454 1464 483 ἐν
1550 452 1662 493 καρδίᾳ.
1685 462 1699 481 n
1715 451 1788 497 Ὥστε
1809 452 1819 480 6

1049 495 1280 541 ἐκγαμίζων,νοῦχ
1294 499 1406 535 ἔστηκεν
1422 499 1534 538 ἑδραῖος.
1550 497 1592 528 Τὸ
1614 497 1642 526 δὲ
1653 520 1661 534 ,
1679 510 1691 523 ι
1711 496 1753 532 Μὴ
1767 495 1819 535 ἔχων

1051 546 1184 585 ἀνάγκην,
1198 556 1213 574 ))
1229 548 1306 574 τοῦτο
1319 545 1412 582 δηλοῖ,
1435 543 1474 572 ὅτι
1489 542 1611 576 ἐξουσίαν
1626 541 1682 582 ἔχιι
1692 543 1734 571 τοῦ
1750 541 1820 570 δοῦναι

1050 591 1118 631 αὐτῇ
1140 590 1239 630 ἄνδρα,
1262 588 1308 618 καὶ
1329 589 1413 621 οὐδεὶς
1435 589 1450 617 ὃ
1473 586 1632 626 ἀναγκάζων
1654 586 1679 610 7³
1696 585 1732 624 μὴ
1751 586 1821 631 δουναι

1051 629 1130 675 mhi.
1147 634 1232 664 Ὧστι
1257 633 1395 674 φιλοτιμία
1410 633 1483 672 αὖτῷ
1497 633 1554 661 ἐστι
1567 631 1599 660 τὸ
1614 634 1703 670 τηρεῖν
1715 629 1820 669 παρθένον

1051 679 1099 716 τὴν
1115 679 1262 719 θυγατέρα,
1279 677 1326 707 καὶ
1350 678 1393 707 διὰ
1415 680 1491 707 τοῦτο
1512 677 1671 705 ἐπαινεῖται.
1686 688 1698 702 α
1717 675 1797 706 Καλῶς
1809 686 1818 700 ι

1051 723 1119 764 γὰρ,
1133 723 1197 765 φησὶ
1207 745 1216 762 ,
1236 734 1251 753 α
1266 722 1345 753 ποιεῖ.
1364 734 1377 750 n
1404 721 1500 752 Καίτοι
1514 720 1561 750 καὶ
1576 722 1591 750 6
1610 720 1770 760 ἐκγαμίζων,
1783 719 1822 747 ιά-

1052 771 1135 802 κεῖνος
1149 770 1236 802 καλῶς
1249 772 1330 798 ποιεῖ.
1353 767 1395 798 Οὖ
1410 767 1462 806 γὰρ
1477 765 1600 806 ἁμαρτία
1622 765 1654 795 τὸ
1673 764 1822 803 ἐκγαμίζιιν·

1052 817 1105 843 πᾶν
1127 813 1155 842 δὲ
1169 812 1183 842 ὃ
1195 813 1244 852 οὐχ
1259 811 1393 852 ἁμαρτία,
1407 812 1495 844 καλῶς
1508 810 1624 850 γίνεται.
1642 808 1752 840 Κιίλλιον
1768 807 1790 837 δὲ
1802 806 1823 836 τὸ

1052 857 1091 898 μὴ
1107 857 1256 897 ἐκγαμίζειν
1269 868 1276 875 ·
1288 856 1448 897 κατόρθωμα
1462 855 1513 896 γάρ
1528 855 1612 887 ἔστιν.

1095 1004 1111 1020 ι
1135 992 1171 1022 Ἣ
1193 991 1258 1031 γυνὴ
1273 991 1376 1022 δέδεται
1401 990 1491 1031 νόμῳ,
1515 991 1555 1031 ἐφ’
1577 990 1640 1020 ὅσον
1660 989 1746 1029 χρόνον
1813 988 1822 1016 6

1054 1036 1120 1078 ἀνὴρ
1136 1037 1217 1078 αγῦτῆς
1233 1045 1240 1053 ·
1263 1036 1308 1065 ἐὰν
1324 1036 1350 1066 δὲ
1369 1038 1484 1076 κοιμηθῇ
1505 1037 1519 1065 ὃ
1535 1034 1604 1076 ἀνὴρ
1618 1035 1708 1073 αὐτῆς,
1725 1032 1822 1078 ἐλευθέρα

1054 1076 1124 1111 ἐστιν
1136 1077 1158 1122 ᾧ
1173 1080 1235 1121 θέλῃ
1248 1080 1424 1122 [υυιθρλει]
1436 1082 1601 1120 γαμηθῆναι·
1614 1079 1691 1118 μόνον
1706 1080 1730 1107 ἐν
1744 1076 1822 1122 Κυρίῳ.

1054 1121 1251 1167 Μακαριωτέροι
1276 1125 1304 1155 δέ
1322 1121 1399 1155 νέστιν
1424 1124 1470 1154 ἐὰν
1500 1124 1569 1154 οὕτω
1597 1124 1689 1164 μιίνῃ,
1712 1122 1772 1152 κατὰ
1789 1121 1822 1155 τήν

1055 1169 1121 1209 ἐμὴν
1136 1169 1257 1209 γνώμην.
1282 1171 1360 1201 Δοκῶ
1381 1169 1410 1199 δὲ
1424 1168 1501 1209 κάγὼ
1519 1170 1638 1208 Πνεῦμα
1661 1169 1727 1199 Θεοῦ
1740 1167 1803 1206 ἔχειν.
1815 1179 1823 1191 ι

1056 1214 1124 1254 Περὶ
1149 1215 1355 1255 δευτερογαμίας
1391 1215 1504 1244 ἐνταῦθα
1533 1213 1673 1252 διδάσκει,
1705 1211 1822 1251 συγχωρᾶν

1056 1259 1104 1298 μὲν
1119 1259 1200 1295 αὐτήν
1217 1271 1223 1278 ·
1237 1259 1308 1295 πλὴν
1324 1258 1529 1299 μακαριωτέραν
1545 1258 1626 1292 τιθεὶς
1649 1257 1695 1292 τὴν
1714 1255 1748 1296 μὴ
1767 1257 1823 1293 διγα-

1056 1307 1168 1344 μοῦσαν.
1198 1303 1249 1338 ¹Ως
1273 1303 1325 1344 γὰρ
1351 1306 1369 1339 ἡ
1401 1303 1531 1343 παροινία
1556 1306 1604 1333 τοῦ
1632 1301 1733 1342 πρώτου
1758 1299 1823 1340 γάμον

1055 1349 1171 1378 καλλίων
1187 1359 1193 1367 ·
1215 1348 1286 1379 οὕτω
1310 1347 1357 1378 καὶ
1377 1350 1391 1378 ὁ
1406 1350 1509 1389 πρῶτος
1533 1347 1622 1387 γάμος
1645 1349 1688 1377 τοῦ
1715 1345 1823 1384 δευτέρον.

1058 1405 1073 1421 ι
1097 1393 1209 1424 Δέδεται
1223 1389 1268 1423 οὖν
1290 1393 1365 1433 νόμῳ
1385 1392 1500 1432 ἡγυνὴ,
1519 1407 1531 1420 υ
1558 1393 1694 1430 τουτέστι,
1708 1389 1824 1433 κατέχετοι

1055 1439 1129 1478 νόμῳ
1149 1439 1187 1478 τῷ
1203 1438 1262 1478 περὶ
1287 1439 1340 1467 τῶν
1352 1432 1493 1477 μοιχειῶν
1516 1436 1739 1474 διαλαμϐάνοντι,
1760 1432 1823 1466 ὡςὶν

1056 1481 1094 1521 μὴ
1122 1483 1244 1523 μοιχαλὶς
1258 1481 1360 1522 γίνοιτο
1379 1481 1461 1522 ἑτέρῳ
1485 1483 1675 1521 συζευχθείσα,
1692 1478 1825 1523 ζῶντοςξτῶ

744 1538 751 1557 :
778 1529 822 1557 sin
850 1528 988 1557 defunctu.

1057 1527 1149 1567 ἀνδρός
1163 1522 1171 1545 έ
1182 1522 1361 1561 αποθανόντος
1376 1527 1403 1556 δὲ
1415 1548 1423 1563 ,
1437 1527 1620 1567 ἠλευθέρωται
1634 1527 1663 1556 ἐκ
1677 1527 1719 1556 τοῦ
1740 1522 1824 1562 πρώτου

1056 1572 1153 1610 δεσμοῦ
1167 1572 1213 1601 καὶ
1228 1571 1326 1610 νόμον,
1348 1571 1394 1602 καὶ
1412 1571 1531 1602 λέλυται.
1551 1585 1561 1597 ¹
1578 1571 1670 1602 Μόνον
1681 1570 1706 1600 ἐν
1721 1567 1806 1608 Κυρίῳ·
1816 1578 1824 1591 ³

1054 1616 1189 1654 τουτέστι,
1204 1616 1272 1655 μετὰ
1295 1616 1480 1657 σωφροσύνης,
1498 1615 1567 1655 μετὰ
1592 1614 1774 1654 κοσμιότητος,
1792 1610 1825 1641 ἔτι

1055 1662 1211 1703 παιδοποιία
1222 1661 1267 1691 καὶ
1281 1660 1442 1702 προστασίᾳ,
1458 1661 1497 1699 μὴ
1513 1660 1647 1701 ἐμπαθεία
1658 1660 1682 1680 ⁷⁴
1697 1656 1823 1703 intepuit“:

1056 1706 1097 1737 Τὸ
1110 1705 1138 1735 δὲ
1150 1728 1158 1743 ,
1179 1699 1293 1737 α’Κατὰ
1305 1699 1358 1742 ’τὴν
1372 1699 1440 1746 ξμῆν
1463 1699 1573 1746 γνώμην
1584 1727 1594 1743 ,
1613 1719 1624 1732 ι
1638 1699 1715 1745 φησὶν
1728 1726 1735 1741 ,
1748 1699 1824 1746 ἵνα,μῆ

1057 1750 1174 1790 ἀνάγκην
1186 1750 1217 1780 τὸ
1234 1755 1347 1790 πρᾶγμα
1364 1745 1432 1780 εἶναι
1447 1750 1575 1790 νομίσῃς,
1592 1749 1662 1780 ἀλλὰ
1677 1745 1822 1790 συμϐουλὴν,

1057 1788 1118 1825 καὶ.
1131 1788 1284 1834 ωμϐουλῆν
1297 1788 1388 1826 Ἲθιίαν.
1408 1806 1422 1825 (ι
1440 1788 1518 1826 Δοκῶ
1531 1788 1545 1821 ᾧ
1567 1795 1621 1835 γὰρ
1630 1817 1638 1832 ,
1652 1794 1730 1836 φησὶ,
1744 1806 1755 1818 ι

1059 1841 1170 1879 Πνεῦμα
1190 1841 1261 1871 Θεοῦ
1278 1840 1360 1880 ἔχειν.
1389 1851 1405 1870 ι
1427 1840 1535 1876 Πολλῆς
1557 1839 1584 1870 δὲ
1608 1834 1824 1879 ταπεινοφροσύνης

1056 1887 1143 1916 τοῦτο.
1161 1885 1201 1915 Οὗ
1239 1883 1291 1925 γὰρ
1310 1880 1381 1914 εἶπεν
1392 1896 1399 1904 ·
1413 1884 1508 1925 Ἐχω,
1524 1884 1611 1925 ἀλλὰ,
1625 1898 1638 1912 ι
1652 1884 1724 1915 Δοκῶ
1744 1881 1825 1921 ἔχειν’»

1057 1929 1189 1959 τουτέστιν
1198 1951 1206 1966 ,
1222 1928 1358 1969 ἹΙγοῢμαι
1368 1953 1377 1970 ,
1387 1929 1500 1960 ὑπονοῶ.

1347 2025 1491 2056 ΚΕΦΑΛ.
1516 2024 1562 2056 II'.

1098 2091 1112 2110 ι
1131 2080 1198 2120 Περὶ
1213 2079 1241 2110 δὲ
1263 2081 1317 2110 τῶν
1339 2081 1517 2111 εἰδωλοθύτων
1544 2080 1671 2120 οῐδαμιν,
1695 2079 1731 2108 ὅτι
1747 2075 1822 2106 πάντες

1057 2126 1152 2164 γνῶσιν
1178 2125 1274 2167 ἔχομιν
1288 2137 1295 2144 ·
1310 2127 1327 2162 ἡ
1350 2127 1446 2165 γνῶσις
1470 2126 1559 2167 φυσιοῖ
1569 2149 1578 2165 ,
1594 2127 1612 2162 ἠ
1634 2125 1660 2155 δὲ
1676 2120 1823 2167 ἀγάπηᾷοἰιιο-

1058 2171 1145 2210 δομιῖ.
1162 2183 1175 2196 υ
1196 2165 1286 2200 Ἷίισάν
1306 2182 1374 2204 τινες
1396 2165 1481 2211 παρὰ.
1493 2172 1547 2205 τοῖς
1569 2169 1714 2210 Κορινθίοις
1733 2165 1824 2211 τέλειοι»

1056 2215 1102 2245 καὶ
1116 2215 1229 2252 εἰδότες,
1244 2214 1285 2244 ὅτι
1299 2214 1333 2244 τὰ
1348 2210 1522 2256 εἷσερχόμινα
1541 2216 1570 2246 οὗ
1581 2218 1664 2245 κοινοῖ
1682 2213 1723 2243 τὸν
1738 2210 1823 2260 ἄνθραξ

1057 2270 1121 2296 πον,
1136 2259 1181 2289 καὶ
1197 2258 1237 2289 ὅτι
1251 2260 1285 2289 τὰ
1300 2253 1497 2296 εἴδωλαξτξύλα
1518 2259 1565 2289 καὶ
1586 2260 1655 2290 λίθοι
1673 2257 1735 2292 εἰσὶ,
1753 2253 1790 2284 καὶ
1801 2253 1823 2280 θ’)

1058 2303 1182 2334 δύνανται
1197 2304 1301 2344 βλάψαι
1317 2316 1324 2323 ⁸
1349 2305 1497 2346 ἀδιαφόρως
1521 2304 1643 2344 εἷο-ᾔεσαν
1666 2303 1700 2336 εἷς
1717 2299 1747 2346 τὰ
1760 2297 1819 2346 εξδυν

1057 2349 1132 2385 λεῖα,
1161 2349 1205 2378 καὶ
1230 2350 1282 2378 τῶν
1306 2344 1483 2379 εἷδωλοθῦτων
1517 2350 1692 2390 ἐνεφιροῧντο.
1719 2344 1825 2391 Ὡρὸγτιξ

1058 2393 1086 2422 δὲ
1109 2393 1216 2427 τούτους
1243 2393 1327 2434 ἕτεροι
1352 2393 1536 2434 ἂτελέστεροι,
1563 2385 1687 2437 έῖσῄεσαν
1705 2388 1747 2437 καὶ
1767 2385 1823 2437 αξδτξῖ

1058 2439 1094 2472 εἰς
1105 2437 1138 2468 τὰ
1154 2430 1294 2475 εἷδωλεῖα,
1304 2438 1350 2468 καὶ
1366 2430 1552 2469 εἷδωλοθῦτουν
1560 2461 1569 2476 ,
1583 2430 1614 2468 οὗ
1631 2435 1695 2477 μετὰ
1709 2430 1824 2480 τῆξ-αὐτῆξ

1057 2482 1179 2522 γνώμης,
1196 2483 1254 2512 ἀλλ’
1276 2484 1311 2515 ὥς
1331 2484 1384 2512 τῶν
1399 2482 1514 2513 εἰδώλων
1532 2483 1627 2523 τιμίων
1648 2481 1724 2512 ὄντων
1740 2477 1823 2523 τδεκαί

1057 2519 1135 2562 ἀξίων
1163 2527 1254 2562 θυσίας
1289 2527 1422 2568 δέχεσθαι.
1459 2529 1545 2558 Τοῦτο
1560 2519 1611 2562 ἐἷς
1639 2526 1713 2562 ζῆλον
1740 2519 1822 2568 ἕιίνησί

1055 2571 1100 2602 τὸν
1125 2573 1232 2603 Παῦλον
1244 2594 1253 2609 ,
1269 2563 1379 2602 ἄτθ’-καὶ
1401 2572 1565 2614 ἀμφοτέρους
1580 2572 1696 2613 βλάπτον
1710 2579 1717 2587 '
1739 2563 1788 2616 ﬂii

1055 2616 1188 2655 τελείους,
1224 2618 1259 2650 ὡς
1287 2612 1452 2656 δαιμονικῶν
1472 2612 1653 2650 ἀπολαύοντας
1680 2612 1821 2656 mulli?"

1055 2661 1101 2691 καὶ
1125 2654 1184 2696 τοὺς
1213 2654 1338 2699 ἀτελεῖς,
1351 2663 1386 2696 ὡς
1415 2662 1458 2692 ἐπὶ
1482 2660 1687 2701 ιίδωλολατρίαν
1715 2654 1821 2701 συνωθθνξ

1055 2705 1158 2745 μένους.
1177 2692 1410 2738 ,Σπιύδιιητοίνυν
1445 2692 1638 2748 διορθώσασθαί
1665 2705 1736 2734 τοῦτο
1757 2710 1763 2718 ·
1786 2692 1821 2724 κει

902 2765 996 2796 Variae
1017 2766 1170 2798 lectiones.

239 2814 261 2831 ⁷⁸
276 2814 423 2850 ἀναγκάζων
439 2813 511 2842 αὐτόν
524 2821 562 2842 m.
600 2813 622 2832 7"
637 2815 661 2841 iv
676 2815 747 2842 πάθει
761 2823 788 2844 ο.
826 2814 848 2832 ⁷⁵
863 2814 928 2842 εἶναι
939 2815 1077 2842 δοκούντων
1090 2824 1116 2845 ο.
