1881 3081
65 171 117 198 657

492 169 669 198 EXPOSITIO
688 170 721 198 IN
740 169 848 199 EPIST.
868 170 1012 207 AD_COR.
1033 186 1068 194 —
1087 172 1163 201 CAP.
1184 173 1250 202 Vili.

1654 179 1707 208 658

62 233 125 274 πρὸς
139 233 200 267 τοὺς
212 233 326 267 τελείους
348 233 513 273 διαλέγεται,
532 233 606 274 ἀφεὶς
627 233 687 267 τοὺς
710 234 850 264 ἀτιλιστέ-
865 235 890 268 Α
908 239 932 271 id

952 239 1047 268 .lorum
1066 236 1206 266 culturam
1218 236 1431 273 impellerentur.
1452 238 1496 268 Ad
1519 239 1593 268 istud
1612 241 1706 278 itaque

63 290 137 319 ρους,
170 277 235 319 ὅπερ
261 277 318 311 ιθος
344 279 428 319 αὐτῷ.
467 278 520 309 Καὶ
551 280 657 318 πρῶτον
680 279 855 309 καταστέλλει

62 323 146 352 αὐτῶν
171 322 216 352 τὸν
231 322 275 352 ἐπὶ
288 321 314 340 ⁷⁵
387 322 483 361 γνώσει
506 326 602 362 τῦφον,
630 323 676 352 χαί
699 335 793 363 φησιν,
814 322 856 353 ὅτι

62 367 101 398 Οὔ
113 367 189 406 μόνοι
202 368 278 405 ὑμεῖς
287 366 386 403 ταύτην
397 367 484 407 ἔχετε,
500 366 569 397 ἀλλὰ
582 366 678 401 πάντες
689 367 800 406 οἴδαμεν
815 369 854 405 ⁷⁷,

61 412 99 441 ὅτι
113 410 188 442 οὐδέν
214 412 283 441 ἔστιν
310 411 417 442 εἴδωλον
432 413 459 441 ἐν
474 412 568 452 κόσμῳ
584 424 590 431 ·
614 412 687 448 πλὴν
697 435 704 449 ,
728 415 745 448 ἦ
760 414 855 452 γνῶσις

62 458 89 487 οὗ
106 456 185 495 μόνον
208 456 281 486 οὐδὲν
307 456 422 497 ὠφελεῖ,
439 456 509 486 ἀλλὰ
532 458 633 495 μᾶλλον
655 457 700 486 καὶ
724 456 854 497 βλάπτει,

63 503 188 541 φυσιοῧσα
211 500 258 530 καὶ
281 501 397 539 ὀγκοῧσα
423 501 468 531 τὸν
500 501 609 541 ἔχοντα,
634 501 679 531 καὶ
706 501 749 531 διὰ
778 504 856 532 τοῦτο

63 544 241 585 ἄποσχίζουσα
263 545 340 575 αὐτὸν
364 548 411 575 τοῦ
429 545 542 582 πλησίον
566 546 677 584 μέλους,
695 545 740 576 ἐὰν
757 546 794 585 μὴ
810 546 856 576 καὶ

61 589 105 626 τὴν
120 590 229 629 ἀγάπην
245 589 294 630 ἔχῃ
310 591 368 628 μεθ’
384 591 479 620 ἑαυτοῦ
498 590 534 627 ⁷⁸,
558 590 616 627 ἥτις
638 590 729 628 ἀγάπη
745 591 855 621 τούναν-

60 634 111 663 τίον
123 635 271 672 οἰκοδομεῖν
297 634 418 666 δύναται.
434 634 511 665 Ὅσα
528 635 581 675 γὰρ
600 637 617 671 ἡ
641 636 724 676 χωρὶς
749 635 855 676 ἀγάπης

61 680 151 718 γνῶσις
176 679 313 718 καθαιρεῖ,
345 682 429 709 ταῦτα
468 682 485 715 ἡ
524 680 616 718 ἀγάπη
643 680 771 720 ἀνεγείρει
808 679 853 710 καὶ

60 724 202 762 οἰκοδομεῖ,
220 723 309 753 πάντα
323 723 389 765 ὑπὲρ
405 725 452 754 τοῦ
466 724 579 761 πλησίον
605 727 730 755 ποιοῦσα.

100 869 114 888 (ι
130 859 163 889 Εἰ
179 858 208 888 δέ
222 871 263 893 τις
278 859 348 888 δοκεῖ
367 858 465 889 εἰδέναι
487 871 529 897 τι,
543 859 648 889 οὐδέπω
663 860 737 890 οὐδὲν
754 860 852 899 ἔγνωκε

59 904 139 937 καθὼς
161 904 202 933 δεῖ
227 903 325 933 εἰδέναι
341 903 379 934 ⁷⁹,
405 917 418 931 ι
444 904 485 935 Τὸ
502 906 590 943 μεῖζον
615 905 687 948 λέγει
722 906 850 942 ἐνταῦθα,
866 915 890 948 Β

59 947 96 979 ὅτι
119 948 168 978 κᾶν
195 948 267 987 μετᾶ
293 950 341 985 τῆς
357 948 464 989 ἀγάπης
486 951 504 986 ἡ
524 950 618 988 γνῶσις
632 945 664 989 ᾖ,
688 948 748 979 οὐδὲ
771 949 853 984 οὕτως

59 993 110 1024 ἐστὶ
126 993 211 1023 τελεία
229 1003 236 1010 ·
260 993 343 1027 οὖδεὶς
356 993 407 1033 γὰρ
431 988 485 1023 οἷδί
512 1006 537 1023 τι
564 988 650 1027 καθὼς
676 994 716 1023 δεῖ
738 995 851 1034 γνῶναι,

60 1038 104 1068 κᾶν
130 1038 232 1079 Πέτρος
248 1034 279 1078 ᾖ,
298 1038 348 1067 κᾶν
365 1039 480 1072 Παῦλος.
495 1037 581 1068 Ὥστε
598 1038 625 1068 τί
647 1041 722 1075 ὑμεῖς
744 1039 852 1080 indips-

59 1084 150 1120 «05,01
163 1082 212 1119 τὴν
233 1084 331 1123 γνῶσιν
354 1082 458 1123 ἔχοντες
481 1083 563 1123 χωρὶς
586 1082 710 1122 ἀγάπης,
728 1083 796 1114 ὅπου
820 1096 851 1125 γι

60 1127 104 1158 xiv
130 1128 197 1166 μετὰ
223 1130 273 1164 τῆς
298 1127 403 1166 ἀγάπης
439 1128 522 1165 αὐτὴν
556 1127 660 1168 εἴχετε,
688 1128 748 1158 οὐδὲ
781 1129 852 1159 οὕτω

60 1172 150 1204 τέλειόν
163 1185 188 1203 τι
201 1172 372 1213 ἐγινώσχετι;

96 1321 107 1334 σι
123 1309 155 1339 Εἰ
171 1307 199 1338 δέ
213 1319 255 1342 τις
274 1308 368 1348 ἀγαπᾷ
387 1306 433 1336 τὸν
452 1306 537 1344 Θεὸν,
559 1303 633 1340 οὗτος
652 1305 782 1348 ἔγνωσται
806 1309 852 1338 ὑπ’

61 1353 144 1383 αὐτοῦ.
162 1367 175 1379 ι
195 1352 236 1384 ‘0
259 1352 352 1393 λέγει,
375 1351 494 1382 τοιοῦτόν
521 1353 591 1382 ἔστιν
607 1361 614 1370 ⁸
635 1351 671 1383 Εἴ
695 1363 734 1386 τις
758 1352 851 1394 ἀγαπᾷ

61 1397 101 1428 τὸν
112 1397 237 1435 πλησίον,
263 1399 357 1437 ἀγαπᾷ
379 1396 423 1426 καὶ
438 1396 483 1426 τὸν
504 1396 574 1427 Θεὸν
592 1396 711 1430 πάντως.
729 1396 851 1436 Ἇγαπῶν

61 1441 85 1472 δὲ
98 1441 140 1472 τὸν
153 1428 242 1479 beov;
265 1428 314 1472 eilia.
332 1428 423 1479 εἴπεν,
449 1440 489 1471 ὅτι
512 1440 581 1481 ἔγνω
604 1441 648 1471 τὸν
669 1428 850 1479 όεὸν,¹ἆλλ’,

60 1500 71 1513 ι
83 1485 231 1527 Ἔγνωσται
247 1486 300 1516 ὕπὸ
312 1487 384 1517 Θεοῦ
398 1498 405 1505 ·
422 1500 435 1512 ιι
451 1486 586 1523 τουτέστι,
602 1487 720 1526 γνωστὸς
733 1486 807 1527 αὐτῷ
824 1487 850 1506 ⁸ο

61 1531 216 1580 ιιαὶὴοῖχιῖος
246 1530 422 1580 mommsen:
442 1532 564 1580 Γνωςτὸς
588 1530 616 1561 δᾶ
646 1531 798 1580 geniusve;-
812 1533 850 1573 τῷ
866 1547 889 1580 c

61 1577 117 1616 Θεῷ
128 1599 137 1616 ,
151 1577 250 1616 γνῶσιν
261 1577 324 1616 παρ’
341 1576 422 1605 αὐτοῦ
442 1575 594 1614 λαμϐάνει,
613 1576 659 1605 καὶ
676 1575 734 1606 οὖδὶ
748 1575 850 1613 ταύτην

61 1620 110 1661 εχει
132 1620 347 1662 ἀπηρτισμένην.
383 1619 470 1651 Ὥστε
497 1620 548 1650 κᾶν
568 1622 670 1660 γνῶσιν
699 1620 781 1660 ιχῃς,
811 1622 848 1660 μὴ

60 1665 161 1705 Enipeu
175 1678 183 1685 ο
196 1665 260 1696 οὔτε
273 1665 325 1705 γὰρ
336 1664 424 1695 τελεία
441 1665 524 1700 ἐστὶν,
536 1664 596 1695 οὔτε
611 1665 656 1695 σὸν
671 1665 846 1705 κατόρθωμα,

62 1711 123 1740 ἀλλὰ
144 1713 188 1741 τοῦ
211 1711 286 1740 Θεοῦ
313 1710 336 1730 ⁸⁸
360 1711 416 1740 ἐστι
441 1712 576 1750 χάρισμα.
612 1709 687 1751 Ὀρα
711 1712 784 1750 γοῦν,
807 1710 850 1740 διὰ

63 1754 142 1785 πόσων
155 1754 332 1785 καταστέλλει
347 1755 392 1785 τὸν
406 1757 485 1794 τῦφον
504 1756 602 1786 αὐτῶν.

98 1813 108 1826 ι
121 1799 187 1841 Περὶ
197 1802 249 1836 si:
264 1799 389 1839 βρώσεως
404 1794 448 1829 οὖν
464 1800 516 1828 τῶν
532 1798 724 1836 εἰδωλοθύτων,
742 1798 852 1838 οῐδαμιν

60 1843 97 1874 ὅτι
118 1845 189 1875 οῦδὲν
214 1844 324 1874 εἴδωλον
351 1845 379 1874 ἐν
399 1843 508 1884 κόσμῳ,
534 1844 580 1873 καὶ
605 1843 646 1873 ὅτι
674 1844 758 1877 οὐδεὶς
783 1843 852 1877 Θεὸς

61 1888 152 1930 ἕτερος,
175 1891 197 1920 si
226 1888 265 1925 μὴ
288 1884 334 1922 εἷς.
351 1901 363 1915 ι
389 1888 477 1919 Πάλιν
501 1892 644 1919 κοινοποιιῖ
662 1887 710 1924 τὴν
733 1890 850 1928 γνῶσιν,

62 1934 238 1964 καταστίλλων
263 1933 368 1967 αὐτούς.
398 1933 503 1968 Πάντες
529 1933 594 1974 γὰρ,
619 1933 716 1974 φησὶν,
741 1933 851 1971 οἴδαμεν

63 1977 99 2008 ὅτι
118 1978 188 2009 οὐδὲν
204 1979 316 2010 εἴδωλον
338 1979 365 2008 ἐν
381 1978 488 2019 κόσμῳ.
506 1972 573 2009 Οὐκ.
586 1972 657 2008 ἔστιν
672 1972 717 2007 οὖν
739 1977 850 2015 εἷδωλας

64 2024 105 2052 eiut
126 2024 180 2054 ἔστι
202 2023 304 2060 ξόανα;
323 2021 404 2054 Ἔστι
427 2023 490 2060 μὲν,
508 2023 568 2052 ἀλλ’
582 2022 656 2053 οὐδέν
672 2024 728 2052 ἐστι
748 2031 755 2039 '
770 2034 854 2052 τουτ-

66 2067 131 2097 ἐστιν
143 2090 151 2105 ,
179 2068 310 2107 οὐδεμίαν
330 2067 408 2108 ἰσχὺν
433 2067 490 2108 ἔχει
506 2079 513 2086 ·
537 2067 596 2097 οὐδὲ
611 2067 665 2097 θεοί
682 2068 746 2097 εἰσιν
760 2090 769 2105 ,
785 2067 853 2097 ἀλλὰ

64 2112 125 2142 λίθοι
137 2113 180 2143 καὶ
202 2113 336 2152 δαίμονες.
353 2112 466 2148 Ἐπειδὴ
485 2111 537 2153 γὰρ
561 2108 629 2148 ἦσαν
652 2114 717 2152 παρ’
731 2111 851 2149 Ἕλλησι

66 2157 104 2185 καὶ
128 2159 248 2194 ἰδιῶται,
265 2157 312 2187 καὶ
336 2156 411 2198 σοφοί
436 2157 506 2186 ’καὶ
531 2157 618 2194 οἱμὲν
647 2157 750 2187 ἰδιῶται
778 2157 850 2187 οὐδὲν
865 2167 890 2198 D

66 2201 154 2240 ᾔδεσαν
168 2202 193 2222 ⁸²
211 2202 294 2232 πλέον
316 2203 368 2232 τῶν
393 2201 491 2231 λίθων·
507 2203 532 2231 οἱ
558 2200 586 2231 δὲ
608 2201 745 2242 φιλόσοφοι
768 2202 850 2232 δυνά-

67 2257 117 2283 μιις
134 2247 203 2281 θείας
218 2247 330 2277 ἐνοικεῖν
351 2247 438 2280 αὐτοῖς
463 2245 582 2280 ἐδόξαζον
595 2271 602 2282 ,
621 2246 665 2280 οὓς
681 2246 707 2266 ⁸³
721 2246 767 2277 καὶ
780 2246 852 2280 Osci):

67 2291 166 2321 ἐκάλουν
180 2303 187 2309 ·
202 2291 268 2332 πρὸς
291 2291 340 2330 μὲν
363 2291 424 2324 τοὺς
447 2290 550 2324 ἰδιώτας
576 2287 636 2321 εἷπε
661 2291 708 2328 τὸ,
736 2304 748 2317 α
766 2290 851 2322 Οὐδέν

66 2336 129 2365 ἐστιν
143 2337 249 2367 εἴδωλον
275 2337 302 2366 ἐν
323 2338 360 2377 τῷ
376 2336 469 2377 κόσμῳ
491 2347 498 2355 ·
513 2336 578 2375 πρὸς
604 2336 632 2366 δὲ
658 2336 718 2377 scis:
743 2336 851 2376 φιλοσό-

67 2392 139 2419 φους,
152 2381 193 2411 ὅτι
209 2395 221 2409 ι
238 2382 300 2412 Οὔκ
315 2376 386 2412 ἔστιν
399 2376 486 2421 ἕτερος
497 2382 576 2418 Θεὸς,
587 2382 610 2410 εἶ
622 2380 659 2420 μὴ
674 2376 721 2413 εἷς.
735 2395 747 2407 ιι
763 2379 852 2421 Ὥστε

68 2425 118 2454 οὐδὲ
144 2426 266 2464 δυνάμεις
294 2429 361 2456 θεῖαι
387 2420 517 2456 ἐνοιέιοῦσι
556 2427 610 2460 τοῖς
638 2425 755 2460 εἰδώλοις
786 2437 793 2444 -
818 2420 853 2459 εἶς

67 2469 112 2510 γάρ
127 2471 180 2500 ἐστι
197 2472 284 2508 Θεὸς,
305 2470 351 2500 καὶ
366 2471 395 2500 οὖ
410 2471 513 2500 πολλοί.

107 2570 120 2587 (ι
135 2560 187 2590 Καὶ
201 2559 253 2600 γὰρ
277 2559 350 2601 εἴπερ
372 2561 423 2590 εἰσὶ
447 2560 585 2600 λεγόμενοι
608 2559 679 2597 θεοὶ,
698 2559 751 2590 εἴτε
765 2560 791 2589 ἐν
808 2560 854 2590 οὖ-

70 2604 150 2643 ρινῷ,
178 2604 231 2634 εἴτε
257 2605 302 2634 επὶ
324 2607 373 2644 γῆς
388 2604 494 2645 (ὥσπερ
517 2605 569 2634 εἰσὶ
595 2604 649 2635 θεοὶ
674 2605 790 2642 πολλοὶ,
807 2603 853 2645 καὶ

69 2647 145 2687 κύριοι
157 2649 284 2690 πολλοὶ),
301 2650 359 2679 ἀλλ’
384 2651 450 2687 ἡμῖν
473 2645 510 2683 εἶς
532 2649 601 2683 Θεὸς
616 2651 630 2679 ὃ
644 2649 754 2689 Πατὴρ,
776 2648 802 2690 ἐξ
824 2644 853 2678 οἷ

70 2690 99 2720 τὰ
122 2693 206 2723 πάντα
220 2716 229 2731 ,
253 2689 300 2724 διαὶ
323 2697 401 2733 ἡμεῖς
422 2695 458 2729 εἰς
481 2694 568 2725 αὐτόν·
585 2705 601 2724 n
628 2694 740 2730 Ἐπειδὴ
765 2689 854 2731 εἶπεν,

909 282 1105 321 corrigendum
1119 282 1241 316 festinat,
1256 290 1289 310 ac
1302 281 1337 310 ad
1354 283 1500 319 perfectos,
1516 285 1706 321 imperfectio—

910 331 998 364 ribus,
1010 328 1048 357 uti
1063 327 1141 361 solet,
1158 326 1279 361 omissis,
1293 326 1412 355 disserit.
1429 328 1469 356 Ac
1481 329 1604 364 primum
1631 330 1704 367 ipso-

909 383 971 404 rum
983 374 1088 402 factum
1111 371 1147 400 ob
1162 371 1308 400 scientiam
1329 376 1494 409 conceptum
1509 373 1643 409 reprimit,
1660 375 1702 403 in-

909 421 1004 457 quiens
1020 429 1026 447 :
1041 419 1104 446 Non
1119 424 1166 445 vos
1179 416 1229 445 soli
1243 415 1315 444 hanc
1329 416 1446 451 habetis,
1466 417 1514 446 sed
1537 426 1589 446 nos
1607 426 1705 448 omnes

908 471 1030 500 exaequo
1042 467 1180 497 tenemus,
1198 461 1271 498 quod
1284 460 1351 489 nihil
1367 462 1404 490 sit
1426 461 1532 491 idolum
1544 463 1571 491 in
1586 464 1703 494 mundo.

908 511 1011 538 Verum
1031 507 1145 536 scientia
1169 506 1239 535 adeo
1260 513 1317 534 non
1347 506 1437 535 solum
1462 514 1519 535 non
1538 507 1660 544 prodest,
1672 513 1704 538 ut

908 554 1001 591 potius
1020 552 1106 581 etiam
1130 551 1213 583 obsit,
1238 550 1339 579 inﬂans
1351 555 1378 579 et
1402 551 1585 581 intumescere
1599 552 1705 582 faciens

908 598 1064 632 habentem;
1076 605 1108 625 ac
1121 600 1263 633 propterea
1278 595 1441 624 abscindens
1455 604 1472 624 a
1483 597 1600 633 proximi
1612 605 1703 627 mem-

907 644 969 679 bro,
983 642 1034 671 nisi
1046 641 1209 670 charitatem
1219 648 1273 669 una
1287 648 1380 668 secum
1396 640 1530 669 habuerit.
1541 642 1609 677 Quae
1616 644 1703 672 nimi-

907 696 970 717 rum
991 687 1110 716 charitas
1123 694 1138 714 e
1153 689 1249 714 contra
1261 684 1397 714 tediﬁcare
1413 690 1512 722 potest.
1527 687 1704 725 Quaecunque

907 733 981 761 enim
995 732 1109 760 scientia
1125 731 1184 759 sine
1206 729 1340 758 charitate
1361 729 1489 762 destruit,
1510 730 1570 760 haec
1584 731 1702 761 charitas

907 777 990 814 erigit
1025 775 1209 812 aediﬁcatque,
1251 775 1347 803 omnia
1382 774 1410 803 in
1438 775 1556 812 proximi
1585 777 1702 813 gratiam

906 821 1007 850 faciens
1013 842 1021 850 .

977 868 1068 895 Vens.
1088 869 1115 894 2.
1132 876 1145 890 ι
1161 864 1258 902 Siquis
1272 868 1366 893 autem
1381 872 1410 893 se
1423 866 1567 894 existimat
1578 867 1646 895 scire
1657 867 1703 895 ali-

905 911 980 948 quid,
994 910 1121 939 nondum
1136 909 1287 946 quidquam
1299 910 1384 944 novit,
1399 910 1634 946 quemadmodum
1649 919 1703 940 no-

907 957 977 984 visse
996 959 1113 992 oportet.
1136 967 1149 979 »
1163 954 1252 990 Majus
1265 953 1396 991 quiddam
1410 954 1453 982 hic
1473 954 1550 989 dicit,
1572 963 1672 992 nempe
1695 966 1701 986 :

908 1000 1022 1029 Etiamsi
1049 999 1177 1028 charitati
1191 999 1304 1027 scientia
1328 999 1475 1035 conjuncta
1498 999 1702 1037 fuerit;neque

907 1045 946 1074 sic
958 1049 1000 1073 est
1013 1044 1143 1080 perfecta.
1162 1044 1250 1071 Nemo
1265 1043 1342 1071 enim
1356 1042 1507 1079 quidquam
1521 1044 1597 1072 novit
1608 1052 1704 1080 quem-

906 1089 1059 1119 admodum
1083 1089 1153 1117 scire
1174 1091 1293 1124 oportet,
1322 1088 1378 1117 sive
1398 1089 1498 1117 Petrus
1522 1088 1616 1123 fuerit,
1646 1090 1703 1118 sive

907 1135 1018 1164 Paulus.
1033 1134 1107 1170 Quid
1123 1133 1205 1170 igitur
1217 1140 1266 1161 vos
1277 1132 1436 1164 efferimini.
1454 1133 1502 1170 qui
1513 1133 1626 1162 scientia
1643 1134 1703 1162 sine

907 1178 1051 1208 dilectione
1065 1177 1164 1206 imbuti
1187 1177 1269 1206 estis?
1284 1176 1503 1213 quandoquidem
1514 1177 1536 1205 si
1557 1178 1703 1207 scientiam

906 1223 989 1252 etiam
1010 1230 1073 1251 cum
1096 1221 1240 1251 dilectione
1265 1221 1416 1256 haberetis,
1439 1229 1529 1258 neque
1544 1222 1585 1251 sic
1609 1226 1703 1251 tamen

908 1269 1027 1304 perfecte
1042 1266 1146 1304 aliquid
1161 1265 1276 1295 sciretis.

941 1313 1033 1341 Vns.
1050 1315 1076 1340 s.
1100 1322 1114 1338 α
1128 1311 1177 1339 Sin
1191 1311 1253 1347 quis
1270 1314 1363 1339 autem
1377 1310 1464 1348 diligit
1486 1312 1587 1347 Deum,
1607 1313 1632 1341 is
1654 1320 1703 1341 co-

906 1357 1000 1394 gnitus
1015 1360 1059 1385 est
1078 1356 1113 1384 ab
1126 1363 1168 1384 eo.
1195 1365 1210 1382 ι
1238 1355 1320 1392 Quod
1344 1355 1393 1390 ait,
1408 1359 1451 1383 est
1470 1355 1653 1392 hujusmodi':
1673 1358 1701 1386 Si

907 1402 968 1438 quis
976 1401 1107 1430 charitate
1115 1400 1274 1438 proximum
1284 1408 1365 1429 suum
1378 1401 1562 1437 prosequitur,
1574 1401 1599 1429 is
1610 1403 1703 1431 Deum

906 1446 988 1475 etiam
1004 1453 1116 1482 prorsus
1132 1445 1231 1481 diligit.
1248 1445 1302 1480 Qui
1314 1448 1408 1473 autem
1421 1446 1511 1474 Deum
1529 1445 1632 1482 diligit,
1646 1454 1703 1475 non

905 1491 987 1525 dixit,
997 1491 1157 1527 cognoverit
1167 1491 1267 1523 Deum,
1276 1489 1335 1524 sed,
1349 1501 1362 1514 ι
1377 1491 1401 1518 Α
1411 1491 1470 1518 Deo
1483 1490 1609 1526 cognitus
1622 1495 1662 1519 est
1672 1500 1701 1520 :-

905 1536 958 1564 hoc
973 1539 1026 1570 est,
1041 1539 1122 1563 notus
1135 1535 1186 1571 ipsi
1200 1539 1227 1563 et
1243 1533 1390 1563 familiaris
1410 1535 1599 1564 constituitur.
1613 1537 1703 1564 Notus

905 1585 1000 1610 autem
1021 1582 1092 1615 Deo,
1106 1579 1250 1609 scientiam
1265 1579 1299 1608 ab
1314 1587 1346 1608 eo
1361 1579 1460 1616 accipit
1485 1589 1492 1607 :
1526 1587 1616 1617 neque
1631 1580 1704 1609 hanc

904 1630 997 1654 tamen
1025 1625 1176 1662 perfectam
1197 1624 1289 1653 habet.
1317 1623 1447 1658 Proinde,
1476 1628 1503 1652 et
1516 1625 1538 1653 si
1560 1625 1703 1653 scientiam

904 1670 1015 1705 habeas,
1028 1670 1085 1698 noli
1099 1669 1200 1698 efferri.
1223 1671 1295 1698 Nam
1308 1676 1398 1705 neque
1411 1668 1528 1705 perfecta
1537 1673 1589 1705 est,
1615 1677 1704 1706 neque

904 1719 983 1743 tuum
1000 1723 1079 1751 opus,
1102 1714 1150 1743 sed
1171 1714 1221 1742 Dei
1236 1713 1350 1742 donum.
1378 1713 1448 1742 Vide
1478 1713 1561 1750 igitur
1592 1714 1703 1750 quantis

905 1759 1072 1796 argumentis
1084 1767 1180 1788 eorum
1193 1759 1347 1794 superbiam
1365 1758 1486 1787 cohibet.

942 1807 1026 1833 Vsus.
1044 1807 1070 1833 4.
1090 1815 1103 1828 ι
1129 1805 1170 1832 De
1195 1803 1407 1831 manducatione
1426 1810 1490 1831 vero
1505 1811 1612 1838 eorum,
1641 1811 1702 1841 quas

906 1849 986 1878 idolis
1003 1853 1068 1877 sunt
1088 1848 1191 1880 oblata,
1205 1847 1307 1876 scimus
1323 1847 1398 1883 quod
1413 1847 1519 1875 idolum
1533 1847 1599 1876 nihil
1617 1851 1658 1876 est
1672 1849 1702 1876 in

906 1891 1024 1927 mundo,
1039 1896 1067 1920 et
1079 1891 1155 1927 quod
1168 1890 1260 1919 nullus
1273 1894 1315 1919 est
1330 1892 1402 1919 Deus
1409 1890 1462 1918 nisi
1477 1898 1559 1919 unus.
1573 1902 1585 1915 ι-
1597 1893 1704 1920 Rursus

906 1937 1278 1974 cognitionemcommunem
1291 1935 1366 1969 facit,
1379 1934 1535 1971 deprimens
1555 1943 1613 1964 eos.
1632 1937 1702 1964 Nam

907 1989 1014 2014 omnes.
1041 1981 1139 2017 inquit,
1165 1980 1267 2008 scimus
1294 1979 1370 2016 quod
1398 1979 1503 2008 idolum
1521 1979 1590 2008 nihil
1613 1980 1648 2008 sit
1674 1980 1702 2009 in

906 2026 1019 2055 mundo.
1036 2027 1135 2054 Nonne
1147 2024 1231 2061 igitur
1245 2023 1392 2053 suntidola
1407 2025 1418 2052 ἒ
1433 2031 1524 2052 nonne
1543 2024 1703 2061 sculptilia?

904 2072 974 2100 Sunt
985 2071 1105 2107 quidem,
1116 2069 1165 2098 sed
1181 2069 1246 2098 nihil
1262 2073 1328 2097 sunt
1348 2078 1355 2097 :
1375 2068 1404 2098 id
1417 2073 1471 2103 est,
1496 2069 1605 2097 nullum
1618 2069 1703 2098 robur

904 2116 1017 2145 habent.
1041 2116 1137 2151 Neque
1159 2113 1197 2142 dii
1217 2117 1292 2147 sunt,
1306 2113 1356 2142 sed
1386 2113 1489 2149 lapides
1501 2121 1533 2142 ac
1547 2113 1700 2142 daemones.

905 2160 974 2196 Quia
988 2167 1052 2188 vero
1064 2158 1138 2195 apud
1153 2159 1267 2187 Graecos
1293 2157 1370 2186 fuere
1389 2162 1417 2186 et
1431 2157 1534 2186 indocti
1549 2162 1578 2186 et
1590 2159 1703 2194 sapien-

904 2209 945 2234 tes
971 2213 978 2232 :
1007 2204 1110 2232 indocti
1124 2203 1237 2240 quidem
1267 2202 1333 2231 nihil
1363 2202 1424 2239 plus
1447 2202 1518 2231 idola
1547 2210 1702 2239 essequam

904 2249 1010 2286 lapides
1032 2252 1132 2277 norant
1163 2257 1170 2276 :
1198 2247 1352 2284 philosophi
1381 2255 1444 2276 vero
1459 2247 1566 2276 divinas
1591 2247 1618 2275 in
1636 2247 1704 2284 ipsis

907 2294 1031 2323 habitare
1048 2293 1163 2321 virtutes
1191 2292 1408 2325 arbitrabantur.
1423 2300 1490 2328 quas
1503 2296 1530 2320 et
1540 2291 1607 2320 deos
1620 2300 1704 2320 voca-

906 2339 982 2374 bant;
994 2338 1029 2367 ad
1037 2338 1138 2366 idiotas
1144 2337 1213 2366 dixit
1223 2346 1230 2365 z
1242 2349 1254 2361 ι
1264 2336 1374 2365 idolum
1382 2337 1449 2365 nihil
1462 2341 1504 2365 est
1513 2336 1540 2365 in
1558 2336 1680 2365 mundo:
1689 2349 1702 2362 ιι

906 2384 940 2413 ad
953 2383 1129 2420 philosophos
1143 2390 1218 2416 vero.
1237 2382 1328 2418 ulNon
1349 2385 1392 2410 est
1404 2382 1474 2410 alius
1487 2382 1573 2416 Deus,
1593 2385 1706 2417 praeter-

907 2437 991 2465 quam
1006 2435 1086 2456 unus.
1103 2439 1116 2452 »
1131 2427 1216 2464 Igitur
1244 2435 1332 2463 neque
1353 2427 1465 2455 virtutes
1487 2427 1589 2455 divinae
1614 2427 1706 2455 simu-

907 2474 980 2502 lacra
1008 2474 1059 2501 ista
1083 2472 1240 2500 inhabitant
1264 2481 1271 2499 :
1292 2479 1365 2500 unus
1385 2471 1459 2500 enim
1485 2473 1560 2500 Deus
1574 2475 1625 2506 est,
1650 2479 1705 2500 non

909 2518 997 2547 multi.

948 2563 1028 2599 167
1044 2563 1133 2591 Vnus.
1149 2565 1176 2595 5,
1197 2565 1223 2590 6.
1246 2573 1259 2586 α
1274 2563 1345 2590 Nam
1355 2566 1382 2590 et
1393 2562 1416 2590 si
1431 2566 1498 2590 sunt
1519 2561 1564 2598 qui
1578 2561 1706 2590 dicantur

908 2607 956 2641 dii.
972 2609 1028 2636 sive
1041 2607 1067 2635 in
1090 2607 1174 2642 cmlo,
1189 2607 1245 2636 sive
1274 2607 1302 2635 in
1318 2610 1390 2635 terra
1406 2605 1654 2643 (quemadmodum
1666 2605 1706 2634 dii

908 2652 986 2681 multi
1011 2655 1086 2687 sunt,
1111 2656 1139 2680 et
1164 2651 1269 2680 domini
1296 2651 1399 2686 multi),
1421 2651 1502 2679 nobis
1526 2654 1619 2678 tamen
1633 2657 1706 2678 unus

911 2699 986 2725 Deus
1007 2698 1087 2725 Pater
1100 2700 1151 2731 est,
1174 2704 1207 2725 ex
1233 2703 1287 2732 quo
1302 2696 1406 2728 omnia,
1421 2699 1449 2723 et
1460 2702 1512 2723 nos
1529 2694 1558 2722 in
1573 2693 1672 2730 ipsum.
1691 2705 1705 2718 ν

762 2754 856 2785 Variae
877 2754 1028 2783 lectiones.

101 2806 121 2823 ⁷⁸
144 2806 168 2834 Iv
192 2815 216 2836 ο.

75 2844 94 2862 ⁸³
111 2845 144 2875 ἴσ.
158 2849 191 2879 ἃς.

291 2808 311 2825 ’Π
334 2808 419 2836 οἴδατε
445 2816 474 2838 o.
525 2809 546 2826 ⁷⁸
572 2808 659 2842 ἑαυτῆς
690 2817 718 2837 o.

791 2808 813 2825 τ’
838 2810 933 2844 γνῶναι
958 2815 985 2836 ο.

1023 2807 1044 2825 ³ο
1066 2807 1141 2834 αὺτοῦ
1167 2815 1193 2835 ο.
1258 2805 1276 2823 ⁸⁸
1310 2806 1415 2841 Χριστοῦ
1454 2814 1479 2834 ο.
1545 2805 1567 2822 ⁸³
1590 2802 1653 2839 ἦσαν
1680 2811 1707 2832 ο.
