1881 3081
174 162 226 191 859

685 160 943 190 THEOPHYLACTI
961 160 1140 190 BULGARIJE
1159 160 1315 190 ARCHIEP.
1776 162 1823 189 660

174 226 245 255 Cum
256 224 364 254 nullum
379 231 440 253 esse
450 224 536 253 alium
551 225 643 253 Deum
651 224 823 259 asseruisset,
844 232 876 253 ac
897 231 947 260 apu

1080 238 1092 251 ι
1100 225 1195 258 οὐδεὶς
1205 224 1273 258 Θεὸς
1284 224 1383 265 ἕτερος,
1397 237 1409 251 ι
1419 223 1540 263 ἐλέγοντό
1550 223 1578 254 δὲ
1587 223 1682 254 πολλοὶ
1692 224 1751 254 θεοὶ
1760 226 1822 264 παρ’

175 271 290 300 Graecos
302 269 340 298 dii
362 269 444 298 multi
472 269 658 298 dicebantur:
680 277 716 298 ne
736 269 876 297 videretur
889 269 973 298 rebus

174 314 328 344 manifestis
354 322 518 351 repugnare,
534 314 644 343 etiamsi
668 314 739 349 sint,
752 313 853 351 inquit,
868 313 914 350 qui
932 313 973 343 di-

175 364 272 389 cantur
288 359 335 395 dii,
354 359 407 388 hoc
431 363 484 395 est,
508 359 555 396 qui
581 367 676 388 revera
700 366 758 388 non
780 358 847 393 sint,
861 359 907 387 sed
923 367 974 388 no-

175 405 252 434 mine
265 408 345 432 tenus
362 413 368 432 :
384 404 440 433 sive
461 404 491 432 in
516 404 598 437 coelo,
612 408 644 432 ut
655 404 696 433 sol
721 407 750 432 et
762 403 837 438 luna,
857 403 972 440 aliaeque

174 449 262 479 stella:
277 453 304 477 et
312 449 414 482 sidera,
429 449 530 486 quibus
542 449 630 478 Graeci
644 448 760 477 numina
771 448 972 477 attribuerunt:

175 494 233 524 sive
247 501 329 530 super
342 497 457 528 terram,
469 497 501 522 ut
518 494 564 531 qui
581 502 618 523 ex
631 494 790 525 hominibus
812 493 841 523 in
855 494 973 525 deorum

175 537 301 567 ordinem
316 538 350 566 ab
363 537 395 566 iis
418 539 544 567 translati
556 543 620 567 sunt
635 546 644 567 :
673 544 703 568 at
720 548 785 569 vero
803 551 817 566 ι
830 541 911 570 nobis
927 543 974 569 est

176 591 248 612 unus
265 585 340 612 Deus
352 585 442 618 Pater,
461 592 495 612 ex
509 592 564 620 quo
578 584 673 613 omnia
687 595 694 614 :
721 597 734 611 ν
750 586 825 622 quod
837 586 974 623 signiﬁcat

177 637 242 657 eum
268 636 328 657 esse
350 628 526 657 Conditorem
549 633 579 657 et
605 629 772 659 Creatorem.
811 631 890 666 Quod
908 638 971 659 vero

175 673 279 711 adjicit,
293 685 306 698 σι
325 675 359 701 Et
369 681 421 702 nos
436 673 464 702 in
477 673 565 710 ipsum
582 684 588 702 :
615 686 628 698 ιι
649 674 712 703 ﬁdei
729 679 758 704 et
766 675 971 712 appropriatio-

175 719 217 748 nis
232 718 367 747 rationem
382 718 486 747 indicat
514 727 520 746 :
545 719 658 755 perinde
678 728 710 748 ac
725 720 748 749 si
766 720 852 756 dicat,
873 722 910 749 Et
922 728 974 749 nos

177 763 212 793 ad
227 763 317 800 ipsum
331 763 457 792 conversi
471 771 578 799 sumus,
594 772 681 801 exque
693 773 726 794 eo
737 765 900 802 pendemus.

215 819 228 834 α
244 809 278 837 Et
296 816 367 837 unus
390 809 530 837 Dominus
555 810 635 838 Jesus
649 810 786 845 Christus,
815 818 864 847 per
889 818 973 848 quem

176 854 278 888 omnia,
291 858 319 882 et
329 861 381 882 nos
390 861 438 889 per
447 854 548 889 ipsum.
565 865 578 879 ι
596 856 648 883 Per
660 855 759 883 Filium
773 856 868 884 omnia
878 855 973 884 adesse

177 898 308 936 perducta
326 902 400 933 sunt,
419 902 447 927 et
461 906 513 927 nos
528 906 576 935 per
587 899 677 936 ipsum
691 900 816 936 perducti
833 908 930 929 sumus
942 905 974 929 ut

176 951 311 979 essemus,
337 947 370 972 ut
388 944 459 972 bene
479 951 602 973 essemus
639 955 645 973 :
672 945 725 974 hoc
747 950 798 980 est,
822 950 854 974 ut
878 945 973 975 ﬁdeles

179 989 365 1024 efficeremnr,
383 993 466 1026 atque
483 996 515 1017 ex
529 997 621 1018 errore
632 990 669 1018 ad
683 991 829 1019 veritatem
847 990 975 1020 traduce-

176 1042 281 1063 remur.
293 1035 431 1064 Caeterum
438 1042 503 1063 cum
512 1035 600 1070 audis,
610 1044 625 1062 α
634 1036 715 1064 Unus
723 1040 765 1064 est
770 1037 844 1065 Deus
855 1037 949 1071 Pater,
958 1047 972 1061 ι

176 1083 204 1108 et
219 1090 234 1105 «
256 1080 340 1108 Unus
357 1079 491 1107 Dominus
515 1080 594 1108 Jesus
608 1079 731 1108 Christus
758 1089 765 1107 :
784 1092 797 1106 ιι
825 1081 867 1109 Ne
895 1079 970 1109 Patri

177 1124 228 1153 soli
248 1124 410 1152 attributum
424 1131 538 1152 censeas
551 1124 601 1152 Dei
626 1124 802 1160 vocabulum,
816 1124 884 1153 Filio
896 1133 972 1159 vero,

177 1168 302 1197 Domini.
326 1168 572 1198 lndiscriminatim
590 1177 710 1206 namque
731 1174 759 1198 et
788 1169 873 1198 Filius
897 1171 973 1198 Deus

177 1217 229 1248 est,
244 1213 283 1242 uti
293 1214 323 1242 in
337 1213 390 1242 hoc
402 1214 462 1243 loco
477 1224 484 1242 :
497 1225 510 1239 σι
522 1215 561 1242 Ex
570 1215 669 1251 quibus
679 1215 803 1244 Christus
817 1214 974 1244 secundum

177 1267 301 1294 carnem,
320 1259 368 1295 qui
385 1263 426 1287 est
438 1267 520 1296 super
533 1260 626 1288 omnia
650 1261 725 1288 Deus
743 1261 757 1278 ι’
771 1268 778 1287 :
791 1271 804 1285 ι
825 1262 852 1288 et
866 1267 974 1293 rursus.

177 1305 259 1332 Pater
286 1307 327 1332 est
343 1304 489 1339 Dominus,
516 1308 547 1332 ut
572 1304 600 1332 in
628 1312 661 1333 eo
688 1304 786 1341 psalmi
809 1310 842 1333 c:
871 1316 885 1330 α
899 1304 975 1332 Dixit

178 1349 316 1378 Dominus
336 1349 459 1378 Domino
474 1356 546 1378 meo.
565 1360 579 1374 ν
594 1349 648 1378 Sed
662 1349 794 1386 quoniam
813 1348 849 1378 ad
863 1349 975 1378 Graecos

178 1394 218 1422 illi
241 1400 336 1422 sermo
350 1398 420 1427 erat,
444 1394 548 1422 multos
577 1393 644 1422 deos
671 1394 801 1426 colentes,
817 1394 975 1430 multosque

176 1438 307 1467 dominos
323 1448 330 1466 :
346 1442 490 1475 propterea
501 1446 591 1475 neque
614 1439 714 1467 Filium
736 1440 827 1467 Deum
840 1438 885 1466 hic
898 1438 975 1472 dixit,

176 1491 212 1512 ne
225 1483 296 1512 duos
305 1483 371 1512 deos
385 1483 584 1518 existimarent,
599 1487 631 1511 ut
644 1483 708 1519 quis
717 1483 812 1512 multis
821 1483 873 1511 diis
882 1490 974 1512 assue-

177 1529 279 1557 vissent
304 1538 312 1556 :
333 1536 423 1565 neque
436 1530 549 1556 Patrem
570 1528 723 1556 Dominum
749 1528 906 1564 appellavit,
936 1536 972 1556 ne

178 1573 281 1601 multos
301 1573 386 1601 etiam
413 1573 544 1602 dominos
570 1572 644 1609 apud
669 1580 722 1601 nos
735 1580 796 1601 esse
814 1576 969 1601 censerent.

177 1618 259 1646 Hanc
280 1617 364 1646 etiam
393 1617 429 1645 ob
445 1625 559 1646 causam
582 1625 672 1654 neque
690 1617 806 1654 Spiritus
821 1617 867 1645 hic
885 1617 971 1646 ullam

176 1662 242 1691 fecit
264 1662 445 1697 mentionem,
465 1662 623 1691 auditorum
639 1661 820 1691 imbecillitati
831 1670 945 1698 parcens
965 1672 972 1691 :

176 1706 415 1743 quemadmodum
427 1714 515 1743 neque
530 1707 674 1743 prophetae
688 1707 752 1736 Filii
766 1712 859 1743 aperte
872 1707 973 1735 memi-

177 1755 288 1785 nerunt,
315 1751 478 1781 Iudaeorum
502 1759 593 1786 causa,
615 1759 651 1780 ne
687 1752 741 1788 ipsi
764 1752 975 1788 generationem

176 1795 321 1825 affectibus
334 1796 481 1825 obnoxiam
493 1797 659 1834 intelligant.
673 1796 755 1826 Unde
769 1801 808 1831 et,
824 1809 838 1822 α
853 1798 946 1832 Unus,
956 1806 972 1824 ιι

176 1841 314 1870 continuo
324 1841 417 1878 ponit;
435 1853 448 1868 ι
462 1843 526 1871 Non
547 1846 600 1877 est,
623 1853 637 1867 ιι
652 1842 789 1879 inquiens,
802 1854 815 1867 «ι
826 1842 913 1876 Deus,
923 1841 974 1871 nisi

176 1895 264 1923 unus;
279 1899 293 1912 ι
304 1891 342 1922 et,
360 1898 373 1912 ι
389 1888 470 1916 Unus
478 1888 553 1916 Deus
570 1897 576 1915 :
593 1898 606 1912 ιι
623 1891 667 1922 et,
684 1898 697 1911 α
713 1894 783 1916 unus
796 1887 972 1915 Dominus.»

178 1933 256 1962 Dixit
275 1932 368 1969 itaque
382 1934 494 1961 Patrem
506 1940 593 1960 unum
606 1933 705 1966 Deum,
722 1932 758 1960 ad
772 1931 974 1968 oppositionem

177 1977 294 2006 deorum
313 1976 384 2006 falso
409 1977 559 2011 dictorum,
571 1980 599 2004 et
611 1984 668 2004 non
686 1976 744 2004 Filii
767 1986 775 2005 :
790 1981 818 2005 et
839 1976 875 2005 ad
890 1975 974 2005 diffe-

176 2023 294 2051 rentiam
313 2021 449 2050 falsorum
468 2021 659 2055 dominorum,
686 2029 744 2049 non
758 2016 850 2050 autem
870 2021 973 2056 Patris,

177 2067 248 2096 dixit
266 2074 355 2094 unum
377 2066 530 2094 Dominum
540 2066 631 2101 ipsum
645 2065 757 2093 Filium.

212 2111 264 2139 Sed
279 2110 377 2138 nonin
392 2110 523 2138 omnibus
548 2113 590 2137 est
603 2109 727 2138 scientia.
742 2120 755 2134 ι
780 2110 842 2138 Non
866 2117 973 2146 omnes,

179 2155 278 2192 inquit,
294 2155 386 2184 sciunt
413 2162 501 2183 unum
534 2161 595 2182 esse
608 2156 712 2188 Deum,
727 2158 755 2182 et
781 2161 838 2182 non
860 2155 974 2190 multos,

179 2201 300 2237 nihilque
311 2207 369 2229 esse
393 2199 476 2228 idola.

214 2247 303 2275 Vsus.
315 2248 342 2273 7.
360 2255 374 2269 ι
396 2244 518 2280 Quidam
529 2247 623 2272 autem
637 2251 702 2272 cum
721 2243 890 2272 conscientia
910 2243 974 2273 idoli

178 2299 264 2327 usque
278 2298 362 2325 nunc,
381 2289 461 2326 quasi
472 2288 658 2325 idolothytum
679 2288 854 2324 manducent,
870 2293 898 2317 et
911 2297 965 2318 con

180 2335 293 2364 scientia
320 2334 445 2371 ipsorum
479 2341 542 2362 cum
576 2334 613 2362 sit
638 2333 750 2362 inﬁma
780 2334 922 2370 polluitur.
961 2345 974 2359 υ

181 2392 194 2405 ιι
209 2379 336 2416 Quidam,
364 2391 377 2403 ιι
397 2378 496 2415 inquit,
516 2378 668 2414 indeﬁnite,
695 2379 793 2407 nolens
820 2387 868 2408 eos
887 2379 976 2415 palam

177 2424 309 2462 proferre.
326 2425 452 2460 Namque
469 2424 553 2459 168
568 2423 677 2460 plurimi
691 2424 726 2452 ab
739 2424 875 2452 idolorum
898 2424 974 2452 cultu

177 2470 212 2499 ad
232 2468 372 2498 Christum
391 2473 574 2502 accesserant,
594 2469 641 2504 qui
653 2477 740 2505 usque
758 2477 843 2503 nunc,
872 2468 901 2497 id
923 2473 973 2504 est,

175 2518 322 2551 postquam
335 2514 419 2542 etiam
433 2514 607 2542 crediderant
618 2514 646 2542 in
662 2514 812 2549 Christum,
823 2513 975 2550 idolothyta

176 2564 308 2596 tanquam
336 2558 488 2596 idolothyta
520 2558 695 2586 manducant.
715 2569 728 2582 α
745 2559 814 2586 Cum
833 2558 973 2587 conscien-

175 2604 213 2633 tia
236 2616 249 2629 ι
272 2604 357 2639 enim,
378 2603 476 2640 inquit,
507 2615 519 2628 α
550 2602 617 2631 idoli
641 2612 679 2631 ε»
699 2603 752 2631 hoc
778 2607 832 2639 est,
846 2602 972 2632 eamdem

175 2650 344 2678 sententiam
369 2648 503 2677 habentes
517 2647 553 2676 de
565 2647 657 2683 idolis,
672 2652 700 2677 et
714 2651 841 2685 putantes
855 2648 900 2677 illa
912 2655 971 2677 esse

211 2719 224 2736 υ
239 2719 322 2746 Rom.
340 2724 385 2751 ix,
400 2719 426 2745 5.
468 2718 479 2733 ο
494 2716 567 2745 Psal.
582 2724 646 2751 cxx,
665 2719 690 2745 1.

1024 268 1170 306 Ἕλλησιν·
1185 268 1230 298 ἵνα
1245 268 1282 307 μὴ
1296 269 1357 308 δόξῃ
1369 272 1423 302 τοῖς
1437 270 1558 310 φανεροῖς
1573 268 1721 309 μάχεσθαι,
1732 268 1824 308 φησὶν,

1026 312 1067 343 ὅτι
1082 327 1094 340 σι
1109 315 1144 345 Εἰ
1165 314 1211 344 καὶ
1231 313 1284 343 εἶσὶ
1297 313 1435 352 λεγόμενοι
1449 314 1501 344 θεοὶ
1511 336 1520 351 ,
1535 326 1548 340 ι
1561 313 1718 352 τουτέστιν,
1735 314 1786 343 οὐκ
1802 315 1827 343 ἐν

1027 359 1138 399 ἀληθείᾳ
1150 357 1233 394 ὄντες,
1249 358 1308 388 ἀλλ’
1324 359 1351 388 ἐν
1366 358 1438 399 λόγῳ
1459 369 1467 377 σ
1487 372 1500 385 σ
1516 357 1570 389 ιῖτι
1585 359 1612 388 ἰν
1626 359 1749 399 οὐρανῷ,
1762 369 1778 387 )
1795 359 1829 391 ὥς

1025 403 1099 439 ἥλιος
1119 403 1166 433 καὶ
1187 402 1303 440 σελήνη,
1317 403 1365 433 καὶ
1378 404 1403 433 οἱ
1426 403 1514 433 λοιποὶ
1536 402 1662 442 ἀστέρες,
1685 403 1732 437 οὓς
1755 404 1829 433 Ebur

1025 448 1139 484 ποίησαν
1149 448 1279 484 Ἕλληνις
1295 458 1301 464 ³
1314 462 1326 475 ι
1335 447 1388 478 εἴτε
1401 448 1444 478 ἰπὶ
1459 450 1519 488 γῆς,
1529 461 1542 474 ι
1550 449 1585 481 ὥς
1595 449 1620 477 οἳ
1633 447 1660 482 ἐξ
1674 447 1827 487 ἀνθρώπων

1025 494 1115 527 αὐτοῖς
1128 492 1339 529 θιοποιηθέντες’
1356 506 1368 520 ι
1385 492 1446 522 ἄλλ’
1467 493 1531 531 ἡμῖν
1546 488 1582 526 εἶς
1600 493 1669 526 Θεὸς
1683 494 1698 522 6
1711 491 1824 531 Πατὴρ,

1025 537 1052 573 ἐξ
1066 533 1095 568 οὗ
1109 538 1143 568 τὰ
1157 537 1246 567 πάντα
1265 547 1272 555 ·
1289 548 1303 567 η
1322 537 1390 578 ὅπερ
1404 537 1482 573 δηλοῖ
1493 537 1571 567 αὐτὸν
1583 537 1771 577 Δημιουργόν.
1787 537 1824 566 Τὸ

1025 583 1069 619 δὲ,
1094 596 1108 610 ι
1135 582 1195 614 Καὶ
1210 584 1288 621 ἡμεῖς
1305 583 1342 616 εἰς
1357 582 1454 621 αὐτὸν,
1473 594 1487 612 ι
1509 581 1554 612 τὸν
1575 584 1622 618 τῆς
1638 582 1759 615 πίστεως
1782 582 1825 611 καὶ

1025 629 1072 663 τῆς
1095 628 1160 668 πρὸς
1187 627 1265 657 αὖτὸν
1291 627 1449 662 οἰκειώσεως
1486 627 1564 667 λόγον
1593 627 1670 663 δηλοῖ
1684 636 1693 645 ⁸
1724 627 1823 657 ὡσανεὶ

1027 668 1083 703 εἷπε
1101 681 1109 689 '
1133 672 1188 703 Καὶ
1214 672 1291 710 ἡμεῖς
1317 673 1352 706 εἷς
1377 672 1456 702 αὐτὸν
1471 672 1497 693 ⁸⁵
1522 672 1732 713 ἐπιστράμμιθα
1745 695 1755 711 ,
1781 671 1824 702 καὶ

1027 718 1063 751 εἰς
1077 716 1154 747 αὐτόν
1170 719 1249 757 ἐσμεν
1263 716 1418 758 ἠρτημένοι.

1068 820 1080 834 α
1100 807 1153 837 Καὶ
1168 802 1205 841 εἷς
1222 806 1319 847 Κύριος
1333 806 1436 843 Ἰησοῧς
1445 806 1572 845 Χριστὸς,
1588 807 1622 836 δι’
1635 801 1664 836 οὗ
1675 805 1710 836 τὰ
1721 806 1821 846 πάντα,

1025 851 1073 882 καὶ
1089 853 1166 891 ἡμεῖς
1187 853 1220 882 δι’
1238 853 1330 882 αὐτοῦ,
1350 862 1365 880 ι)
1386 851 1439 882 Διὰ
1462 853 1509 882 τοῦ
1534 852 1600 882 Υἳοῢ
1627 851 1662 881 τὰ
1678 851 1769 881 πάντα
1789 853 1823 885 εἷς

1027 896 1057 926 τὸ
1067 891 1135 926 εἶναι
1149 896 1276 937 παρήχθῃ
1285 920 1294 933 ,
1308 896 1355 926 καὶ
1372 899 1449 935 ἡμεῖς
1465 897 1493 926 δὲ
1508 895 1541 926 δι’
1557 898 1638 926 αὐτοῦ
1663 897 1701 931 εἷς
1715 896 1748 927 τὸ
1759 892 1823 926 εἶναι

1027 936 1295 982 παρήχθημινξκαὶ
1311 943 1348 975 εἰς
1367 941 1397 971 τὸ
1419 937 1448 972 ὦ
1473 936 1555 979 εἶναι,
1570 940 1708 979 τουτέστι,
1734 941 1824 971 πιστοὶ

1026 986 1148 1025 γενέσθαι
1160 1008 1169 1024 ,
1193 986 1239 1016 καὶ
1266 987 1297 1016 ἐκ
1313 986 1415 1022 πλάνης
1429 985 1494 1026 πρὸς
1515 985 1563 1023 τὴν
1585 986 1713 1022 ἀλήθειαν
1732 987 1824 1024 μιτιλ·

1028 1033 1092 1061 θεῖν.
1110 1031 1224 1061 Ἀκοῦων
1240 1031 1285 1068 δὲ,
1309 1042 1323 1061 (ι
1337 1026 1386 1065 Εἷς
1402 1031 1469 1065 Θεὸς
1480 1034 1494 1061 6
1504 1031 1619 1072 Πατὴρ,
1638 1044 1651 1058 ι
1669 1032 1717 1061 καὶ
1728 1053 1737 1069 ,
1755 1042 1769 1059 ii
1781 1026 1826 1064 Εἷς

1028 1075 1124 1116 Κύριος
1150 1076 1253 1113 Ἰησοῦς
1283 1075 1397 1116 Χριστός
1422 1088 1431 1096 ε
1465 1087 1481 1105 ι)
1513 1076 1551 1114 μὴ
1580 1077 1821 1116 ἆποκειληρῶσθαι

1027 1120 1155 1160 νομίσῃς,
1170 1122 1208 1161 τῷ
1233 1121 1281 1159 μὲν
1304 1121 1392 1161 Πατρὶ
1410 1121 1458 1159 τὸ,
1477 1132 1493 1151 (
1508 1121 1577 1156 Θεός
1592 1133 1599 1140 ·
1615 1133 1631 1150 ι
1654 1122 1694 1161 τῷ
1713 1121 1742 1150 δὲ
1767 1121 1823 1161 Υἱῷ

1027 1165 1057 1195 τὸ
1069 1187 1077 1203 ,
1096 1179 1107 1191 ιι
1129 1164 1233 1207 Κύριος.
1249 1177 1263 1195 ι)
1285 1166 1444 1207 Ἀδιαφόρως
1459 1166 1512 1206 γὰρ
1526 1166 1573 1196 καὶ
1587 1168 1601 1196 ὃ
1615 1165 1679 1200 Υἱὸς
1694 1165 1775 1199 Θεός·
1790 1167 1823 1198 ὣς

1028 1209 1073 1247 τὸ,
1094 1222 1109 1238 α
1131 1209 1179 1244 Ἐξ
1194 1205 1231 1240 ὧν
1251 1212 1265 1240 6
1290 1205 1409 1251 Χριστδς
1434 1205 1549 1240 τὸνχατὰ
1574 1210 1676 1250 σάρκα,
1700 1213 1715 1241 6
1729 1209 1767 1239 ὢν
1782 1210 1825 1239 ἐπὶ

1027 1254 1135 1296 πάντων
1150 1255 1218 1289 Θεός
1231 1267 1237 1274 ·
1253 1266 1268 1285 ι)
1287 1255 1334 1285 καὶ
1356 1250 1407 1292 αὖ,
1423 1257 1437 1285 6
1453 1255 1550 1296 Πατὴρ
1561 1278 1569 1293 ,
1587 1255 1685 1295 Κύριος
1695 1277 1704 1292 ,
1728 1256 1765 1288 ὥς
1776 1255 1824 1291 τὸ,

1032 1312 1045 1326 α
1073 1295 1157 1330 Εἶπεν
1182 1301 1196 1329 6
1213 1299 1310 1341 Κύριος
1332 1301 1370 1340 τῷ
1399 1299 1492 1341 Κυρίῳ
1513 1295 1573 1338 μου.
1596 1311 1611 1330 υ
1630 1300 1703 1330 Ἀλλ’
1732 1299 1824 1336 ἐπειδὴ

1027 1344 1092 1384 πρὸς
1115 1343 1255 1381 Ἕλληνας
1277 1340 1307 1380 ἦν
1334 1346 1348 1374 6
1372 1340 1450 1385 λόγος
1476 1346 1567 1385 αὐτῷ,
1593 1342 1735 1375 πολυθεΐαν
1761 1356 1828 1385 πρε-

1028 1388 1171 1424 σϐεύοντας
1186 1389 1232 1419 καὶ
1253 1389 1467 1430 πολυκυριότητα
1485 1397 1493 1406 ⁶
1517 1389 1561 1419 διὰ
1588 1393 1682 1428 τοῦτο,
1705 1389 1769 1420 οὔτε
1782 1389 1829 1419 καὶ

1027 1433 1073 1463 τὸν
1097 1435 1161 1464 Υἱὸν
1189 1433 1260 1464 Θεὸν
1291 1429 1362 1464 εἶπεν
1375 1456 1383 1471 ,
1399 1434 1443 1464 ἵνα
1472 1433 1510 1474 μὴ
1537 1435 1582 1465 δύο
1609 1434 1682 1468 θιοὺς
1709 1434 1829 1473 νομίσω-

1031 1489 1087 1516 σιν,
1106 1478 1153 1508 ἅτε
1168 1475 1295 1519 πολυθείᾳ
1314 1479 1486 1518 ἐνιιϐισμίνοι
1497 1491 1504 1499 ·
1524 1478 1584 1510 οὔτε
1598 1479 1701 1509 καὶτὸν
1714 1479 1828 1519 Πατέρα

1030 1523 1150 1564 Ιςύριον,
1173 1522 1217 1553 ἵνα
1250 1523 1289 1562 μὴ
1324 1523 1439 1558 πολλοὺς
1463 1523 1568 1564 κυρίους
1593 1524 1639 1554 καὶ
1666 1525 1733 1564 παρ’
1761 1526 1829 1563 ἡμῖν

1029 1562 1095 1596 εἶναι
1121 1567 1225 1602 δόξωσι.
1251 1567 1303 1599 Διὰ
1326 1568 1426 1604 ταύτην
1448 1568 1476 1598 δὶ
1499 1562 1547 1604 τὴν
1574 1568 1680 1605 αἰτίαν,
1703 1562 1764 1598 όῦδι

1029 1612 1187 1651 Πνεύματος
1208 1613 1326 1652 ἐμνήσθη
1348 1614 1479 1650 ενταῦθα,
1504 1613 1656 1654 φειδόμινος
1681 1615 1730 1649 τῆς
1745 1615 1831 1644 ἀσθε-

1028 1656 1099 1691 νείας
1120 1658 1173 1686 τῶν
1198 1658 1345 1688 ἀκουόντων
1362 1669 1370 1676 ·
1395 1656 1485 1698 ὥσπερ
1507 1658 1554 1688 καὶ
1573 1659 1597 1688 οἱ
1618 1659 1756 1698 προφῆται
1780 1661 1832 1688 τοῦ

1029 1702 1095 1732 me
1118 1705 1210 1742 σαφῶς
1223 1703 1253 1733 οὒ
1269 1703 1420 1741 μέμνηνται
1431 1726 1439 1740 ,
1464 1702 1508 1732 διὰ
1521 1703 1582 1736 τοὺς
1597 1703 1760 1740 Ἰουδαίους,
1781 1703 1830 1734 ἵνα

1030 1746 1067 1785 μὴ
1079 1748 1187 1786 ἐμπαθῆ
1195 1748 1325 1787 νομίσωσι
1337 1747 1385 1784 τὴν
1401 1747 1532 1787 γέννησιν·
1544 1748 1584 1778 διὸ
1594 1747 1662 1779 ⁸⁵.⁸⁶
1672 1747 1712 1784 τὸ,
1725 1761 1737 1775 α
1752 1743 1810 1786 Εἷς,
1818 1763 1831 1776 υ

1029 1794 1148 1833 συνεχῶς
1162 1792 1266 1829 τίθησι,
1293 1793 1394 1833 λέγων,
1411 1792 1451 1822 ὅτι
1467 1806 1479 1820 α
1503 1794 1562 1823 Οὐκ
1584 1792 1642 1823 ἔστι
1661 1793 1729 1827 Θεὸς
1751 1794 1775 1824 εἰ
1789 1794 1830 1833 μὴ

1029 1832 1065 1870 εἶς
1081 1849 1089 1856 ο
1104 1848 1118 1866 )›
1135 1837 1198 1874 καὶ,
1217 1849 1233 1867 σ
1249 1833 1294 1871 Εἷς
1308 1837 1378 1871 Θιός
1392 1850 1400 1858 ι
1418 1850 1430 1864 ι
1444 1837 1505 1875 καὶ,
1523 1848 1536 1866 u
1548 1832 1596 1871 Εἷς
1611 1837 1721 1878 Κύριος.
1741 1851 1756 1864 ι
1773 1839 1831 1870 Καὶ

1028 1881 1093 1921 πρὸς
1121 1882 1324 1923 ἂντιδιαστολὴν
1350 1882 1437 1912 τοίνυν
1461 1884 1515 1912 τῶν
1539 1883 1719 1923 ψευδωνύμων
1743 1884 1830 1921 θεῶν,

1028 1926 1089 1966 οὐχὶ
1103 1929 1149 1956 τοῦ
1166 1928 1232 1957 Υἱοῦ
1241 1950 1250 1964 ,
1266 1921 1339 1957 εἶπεν
1350 1927 1396 1957 ἕνα
1408 1928 1477 1957 Θιὸν
1490 1927 1534 1957 τὸν
1547 1921 1661 1965 Πατέρα
1677 1938 1686 1946 ⁸
1702 1927 1748 1957 καὶ
1764 1929 1832 1968 πρὸς

1030 1971 1230 2012 ἀντιδιαστολὴν
1245 1973 1297 2001 τῶν
1320 1971 1501 2012 ψευδωνύμων
1524 1971 1623 2010 κυρίων
1633 1994 1642 2010 ,
1659 1971 1720 2002 ἀλλ’
1735 1973 1767 2002 οὖ
1782 1975 1832 2003 τοῦ

1030 2016 1152 2056 Πατρὸς,
1167 2011 1238 2046 εἶπεν
1250 2015 1298 2047 ἕνα
1317 2011 1416 2057 Κύριον
1430 2017 1475 2047 τὸν
1492 2017 1568 2048 Υἱόν.

1075 2115 1089 2135 (ι
1109 2106 1180 2137 Ἀλλ’
1206 2108 1254 2136 οὔκ
1277 2107 1304 2137 ἐν
1327 2110 1408 2136 πᾶσιν
1423 2108 1440 2143 ἡ
1471 2108 1577 2147 γνῶσις.
1593 2117 1608 2136 »
1639 2106 1680 2138 Οὖ
1710 2105 1829 2144 πάντες,

1030 2151 1127 2192 φησὶν,
1152 2151 1241 2181 ἴσασιν
1262 2151 1302 2181 ὅτι
1322 2152 1358 2185 sfc
1377 2151 1466 2191 Θεὸς,
1482 2150 1529 2181 καὶ
1553 2153 1582 2181 οὖ
1606 2150 1721 2190 πολλοὶ,
1743 2151 1762 2188 ἢ
1789 2151 1831 2182 ὅτι

1030 2196 1101 2226 οὐδέν
1117 2197 1167 2226 εἶσι
1187 2195 1221 2225 τὰ
1243 2196 1349 2227 εἴδωλα.

1073 2252 1089 2270 α
1103 2240 1180 2275 Τινὲς
1196 2240 1225 2270 δὲ
1296 2240 1443 2277 συνειδήσει
1457 2242 1503 2270 τοῦ
1517 2239 1628 2270 εἰδώλου
1644 2239 1693 2274 ἕως
1707 2240 1782 2281 ἄρτι,
1798 2243 1833 2276 ὡς

1030 2285 1202 2316 εἰδωλόθυτον
1223 2286 1355 2323 ἐσθίουσι,
1371 2285 1417 2316 καὶ
1437 2287 1455 2322 ἡ
1475 2285 1624 2322 συνείδησις
1638 2286 1727 2315 αὐτῶν
1747 2287 1832 2316 ἀσθε-

1029 2330 1075 2366 νὴς
1090 2326 1157 2361 οὖσα
1172 2330 1325 2369 μολύνεται,
1341 2344 1353 2358 ι
1363 2344 1418 2357 -σι
1433 2330 1526 2367 Τινὲς,
1544 2344 1556 2356 ι
1573 2324 1657 2367 εἶπεν,
1675 2330 1810 2370 ἀορίστως
1820 2355 1828 2369 ,

1031 2376 1068 2414 μὴ
1093 2377 1175 2405 θέλων
1198 2374 1293 2410 αὐτοὺς
1314 2376 1511 2414 ὶχπομπιῦσαι.
1541 2370 1634 2406 ’Ἦσαν
1657 2375 1710 2415 γὰρ
1731 2377 1829 2406 πολλοὶ

1031 2420 1057 2455 ἐξ
1081 2420 1283 2460 εἰδωλολατρίας
1368 2419 1458 2450 πίστει
1489 2419 1693 2460 προσελθόντες,
1721 2419 1749 2450 οἳ
1779 2420 1828 2454 ἕως

1031 2465 1090 2505 ἄρτι
1101 2487 1110 2502 ,
1122 2465 1257 2502 τουτέστι,
1275 2465 1322 2495 καὶ
1344 2465 1412 2504 μετὰ
1431 2465 1461 2494 τὸ
1475 2467 1619 2495 πιστεῦσαι
1630 2487 1639 2502 ,
1662 2465 1697 2495 τὰ
1716 2466 1828 2496 εἰδωλό-

1029 2513 1094 2540 θυτα
1118 2509 1262 2546 ἐσθίουσιν,
1285 2512 1319 2543 ὡς
1343 2510 1514 2540 εἰδωλόθυτα.
1542 2521 1558 2538 α
1643 2510 1824 2546 συνειδήσιιυ

1029 2554 1188 2595 γὰρ,φησὶ,
1207 2565 1221 2583 (ι
1241 2557 1288 2585 τοῦ
1312 2554 1421 2585 εἰδώλου
1433 2567 1440 2574 ·
1470 2567 1486 2583 ι
1505 2554 1645 2592 τουτέστι,
1673 2553 1724 2590 τὴν
1748 2555 1828 2590 αὖτὴν

1027 2600 1136 2639 γνώμην
1169 2599 1273 2640 ἔχοντες
1307 2599 1368 2640 περὶ
1397 2600 1431 2630 τὰ
1457 2599 1571 2636 εἴδωλα,
1607 2599 1653 2629 καὶ
1680 2599 1829 2638 νομίζοντες

1027 2644 1094 2674 αὐτὰ
1117 2640 1182 2675 εἷναί
1204 2657 1245 2685 τι,
1261 2644 1307 2675 καὶ
1330 2645 1473 2678 δεδοικότες
1494 2646 1530 2679 ὥς
1556 2643 1659 2685 βλάψαι
1675 2644 1823 2684 δυνάμενα.

869 2756 962 2787 Variae
983 2757 1132 2787 lectiones.

211 2817 232 2835 ⁸⁴
247 2816 281 2849 εἷς
291 2816 366 2844 αὖτὶιν
379 2819 423 2851 τῆς
437 2817 540 2848 πίστεως
551 2815 665 2852 ἀρχηγόν
677 2823 714 2844 In.
753 2814 809 2832 3"“
820 2815 877 2842 ὅθεν
890 2822 916 2843 0.
