1881 3081
55 159 101 186 66f

483 157 656 187 EXPOSITIO
674 158 708 187 ΙΝ
727 158 833 187 Εειετ.
853 159 864 186 1
883 159 929 187 ΔΙ)
948 158 1031 187 COR.
1049 174 1084 180 —
1103 160 1178 188 CAP.
1198 161 1265 189 VIll.

55 219 102 251 Διὸ
116 221 165 250 οὔκ
189 215 262 250 εἶπεν
276 242 285 258 ,
310 220 351 250 δτι
373 220 460 251 ἕκεῖνα
482 220 656 261 μολύνουσιν,
679 219 765 251 ἀλλᾶο
782 231 796 250 (ι
815 220 846 252 Ἦ

946 221 1020 258 quid,
1033 229 1119 258 eaque
1133 226 1285 252 metuentes
1299 223 1378 260 quasi
1392 231 1454 261 quas
1468 225 1576 261 possint
1583 225 1698 256 laaderer

55 265 204 300 συνείδησις
227 266 311 295 αὐτῶν
342 265 506 304 μολύνεται,
536 276 552 295 σ
575 267 611 300 ὡς
635 265 746 302 ἀσθενὴς
772 261 853 301 οὖσα,

54 309 99 339 καὶ
115 308 153 347 μὴ
169 309 306 347 δυναμένη
322 312 428 346 νοῆσαι,
443 310 485 340 δτι
497 310 571 341 οὐδέν
588 312 655 340 εἰσιν
672 319 680 327 ·
693 310 751 341 ιπεὶ
765 312 852 340 ἐκεῖνα

56 354 120 384 αὐτὰ
135 356 198 383 καθ’
225 354 291 384 αὗτὰ
312 355 341 384 οὗ
359 354 483 384 δύνανται
511 355 622 393 μολῦναι(
651 367 720 385 τινα.
747 355 852 391 Νόησον

56 394 98 429 οὖν
120 401 241 428 τοιοῦτον
262 398 377 440 πάσχειν
401 400 533 436 ἐκείνους,
558 399 649 440 ὥσπερ
673 399 698 429 εἴ
718 412 757 434 τις
781 399 852 430 κατὰ

56 443 102 480 τὴν
137 443 291 480 Ἰουδαῖκὴν
318 445 475 481 συνήθειαν,
512 445 648 483 μολυσμὸν
677 444 793 483 νομίζων
819 444 850 474 τὸ

57 487 185 518 ἅπτεσθαι
197 491 302 527 νεκροῦ,
323 485 380 518 εἶτα
401 489 502 529 ἑτέρους
515 491 583 529 ὁρῶν
599 489 765 528 ἁπτομένους
783 488 853 528 μετὰ

57 535 171 572 καθαροῦ
191 534 359 571 συνειδότος,
379 533 490 564 ἅπτοιτο
514 533 561 572 μὲν
584 534 630 564 καὶ
657 534 748 571 αὐτὸς,
763 534 854 564 αἰδού-

58 589 131 615 μενος
164 578 274 613 τούτους
289 590 296 598 ’
322 579 460 618 μολύνοιτο
498 578 526 609 δὲ
552 578 602 614 τὴν
625 579 788 617 συνείδησιν,
817 581 853 613 ὡς

61 622 270 663 διακρινόμενος.

99 723 114 742 σ
130 713 235 752 Βρῶμα
257 713 284 742 δὲ
299 716 370 751 ἡμᾶς
385 713 415 743 οὺ
438 713 586 753 παρίστησι
609 714 647 753 τῷ
669 714 743 753 Θεῷ.
758 727 770 738 -
792 711 852 744 Ἵνα

60 757 95 796 μὴ
109 757 236 794 εἴπωσιν,
257 757 298 788 ὅτι
313 757 387 797 Ἐγὼ
402 761 506 798 καθαρᾷ
524 757 604 788 ἐσθίω
619 757 784 794 συνειδήσει,
807 757 853 788 καὶ

59 802 82 831 τί
108 814 151 840 μοι
177 803 256 841 μέλει
281 802 306 832 εἴ
331 815 371 836 τις
394 803 438 832 διὰ
464 802 600 833 ἀσθένειαν
629 803 850 838 σκανδαλίζεται,

60 848 194 878 Δείκνυσιν
212 847 255 877 ὅτι
269 848 314 877 καὶ
329 848 394 878 αὐτὸ
415 847 445 877 τὸ
461 853 552 888 φαγεῖν
568 849 635 882 ὅλως
655 848 698 877 ἐπὶ
718 859 854 888 καταφρο-

61 892 130 928 νήσει
151 894 204 922 τῶν
232 893 365 929 εἰδώλων,
379 892 453 922 οὐδέν
475 895 543 924 ἐστι,
563 893 620 923 Κᾶν
644 893 696 932 γὰρ
710 894 724 922 ὁ
740 893 852 932 ἀδελφὸς

62 936 96 974 μὴ
115 937 282 975 ἐϐλάπτετο,
307 938 367 968 οὐδὲ
382 937 463 971 οὕτως
481 937 618 967 ἐπαινετόν
641 949 666 967 τι
687 938 783 971 ἐποίεις
807 937 853 967 καὶ

61 982 205 1023 θιάρεστον.
225 983 329 1022 Βρῶμα
345 982 397 1023 γὰρ
411 983 458 1012 οὐκ
476 983 567 1012 οἷκειοῐ
583 984 654 1021 ἡμᾶς
668 984 706 1023 τῷ
723 983 800 1022 Θεῷ.

101 1083 116 1101 σ
135 1072 205 1103 Οὔτε
234 1070 287 1111 γὰρ
309 1071 352 1101 ἰὰν
379 1071 523 1111 φάγωμεν,
549 1071 739 1111 περισσεύομεν
761 1080 769 1088 ¹
795 1071 854 1102 οὔτε

62 1116 103 1146 ἐὰν
122 1116 159 1155 μὴ
173 1116 320 1156 φάγωμεν,
344 1117 534 1155 ὑστερούμεθα.
562 1129 575 1142 ι
599 1115 762 1154 Τουτέστιν,
783 1116 854 1146 Οὔτε

63 1162 103 1191 ἐὰν
117 1162 262 1203 φάγωμεν,
278 1161 403 1202 περισσόν
423 1173 448 1191 τι
464 1160 561 1201 ἔχομεν
571 1184 579 1199 ,
602 1160 648 1190 καὶ
665 1161 854 1200 εὖδοκιμοὶἶμεν

63 1207 131 1246 παρὰ
146 1209 183 1247 τῷ
194 1208 261 1247 Θεῷ
274 1215 282 1224 ⁸
309 1206 368 1236 οὔτε
392 1205 437 1236 ἐὰν
467 1205 505 1244 μὴ
524 1206 671 1247 φάγωμεν,
695 1207 854 1246 ὑστεροῦμεν

65 1251 106 1281 καὶ
118 1251 225 1282 ἐλαι-’τού
230 1253 310 1291 μεθα,

103 1310 114 1323 ι
130 1297 250 1327 Βλέπετε
266 1297 295 1326 δὲ
307 1319 315 1333 ,
335 1295 431 1335 μήπως
446 1298 463 1331 ἡ
475 1295 579 1330 ἐξουσία
596 1297 672 1334 ὓμῶν
689 1295 756 1332 αὕτη
772 1296 855 1336 πρόσ-

65 1353 149 1380 κομμα
163 1341 272 1380 γένηται
284 1341 336 1374 τοῖς
352 1342 490 1370 ἀσθενοῦσι
511 1343 565 1370 τῶν
584 1341 716 1381 ἀδελφῶν.
735 1353 747 1366 ι»
761 1339 857 1381 Ἐκφο-

66 1385 104 1415 ϐεῖ
122 1385 211 1419 αὖτοὺς
239 1385 282 1414 διὰ
306 1385 406 1415 τούτου.
438 1386 490 1415 Καὶ
515 1387 562 1415 οὐκ
586 1381 677 1424 εἶπεν,
702 1384 739 1415 Ἱὶ
761 1387 856 1424 γνῶσις

67 1432 153 1468 ὓμῶν,
171 1430 243 1468 ἀλλ’,
264 1445 276 1457 ι
290 1429 327 1459 Ἦ
348 1430 461 1464 ἐξουσία.
487 1444 499 1456 ι
522 1430 687 1466 Τουτέστιν,
702 1431 730 1465 ’ἡ
756 1430 858 1470 προπέ-

68 1487 135 1513 τεια,
171 1475 216 1506 καὶ
254 1477 271 1511 ἡ
297 1474 437 1510 ἀλαζονεία
464 1474 627 1514 πρόσκομμα
668 1474 776 1513 γένηται
805 1477 859 1508 τοῖς

905 267 1080 303 Quapropter
1093 275 1152 295 non
1177 267 1246 296 dixit
1262 278 1268 296 :
1284 268 1335 297 llla
1356 268 1493 304 polluunt,
1507 270 1556 298 sed
1571 280 1580 298 :
1597 282 1610 295 -
1626 271 1698 300 Con-

905 311 1014 340 scientia
1030 320 1127 340 eorum
1141 312 1272 348 polluitur
1286 325 1294 347 ς
1312 325 1325 338 ιι
1344 314 1446 350 quippe
1463 321 1526 350 qua:
1540 314 1692 344 imbecillia

905 355 950 388 sit.
966 364 1051 392 quam
1076 361 1106 385 ut
1118 358 1205 393 possit
1218 357 1369 394 intelligere
1399 358 1506 386 idolum
1532 359 1603 387 nihil
1630 368 1700 396 esse;

906 408 970 428 cum
984 401 1029 429 illa
1044 402 1101 437 ipsa
1116 409 1164 438 per
1179 410 1239 431 sese
1264 411 1320 431 non
1332 403 1439 439 possint
1455 403 1577 439 polluere
1604 411 1702 440 quem-

905 453 1000 482 quam.
1015 447 1138 482 lntellige
1152 447 1235 484 igitur
1249 448 1302 475 tale
1315 447 1460 484 quidpiam
1475 448 1529 484 pati
1542 455 1601 482 eos,
1617 449 1702 478 veluti

907 490 931 519 si
956 491 1017 527 quis
1054 491 1168 519 Iudaica
1195 492 1405 527 consuetudine,
1438 493 1703 522 contaminationem

906 535 1069 564 existimans
1091 537 1224 572 attingere
1237 541 1391 572 mortuum,
1417 536 1519 566 deinde
1533 538 1600 566 alios
1614 538 1706 568 videat

907 587 975 616 pura
1000 580 1167 609 conscientia
1194 585 1350 617 tangentes,
1375 582 1434 618 ipse
1460 589 1569 618 quoque
1598 586 1704 619 tangat,

905 623 966 652 illos
993 625 1140 659 reveritus;
1177 625 1280 654 interea
1316 630 1411 654 tamen
1443 626 1501 662 ejus
1535 627 1702 656 conscientia

907 668 1113 704 coinquinetur,
1136 673 1167 697 ut
1194 669 1240 706 qui
1266 670 1388 706 ambigat
1401 677 1509 698 secum.

942 713 1031 741 Vsus.
1060 715 1086 741 8.
1116 724 1130 738 ι
1162 714 1228 742 Esca
1254 718 1349 742 autem
1371 722 1424 742 nos
1446 722 1503 743 non
1517 714 1702 744 commendat.

906 758 976 785 Deo.
994 769 1006 782 π
1023 758 1064 786 Ne
1077 758 1209 794 objicient
1223 767 1231 786 :
1247 760 1305 795 Ego
1320 767 1388 795 pura
1414 759 1581 788 conscientia
1597 768 1705 795 vescor,

908 802 1004 838 ecquid
1033 802 1102 831 mihi
1117 811 1190 832 cura:
1217 808 1270 837 est,
1295 804 1318 832 si
1337 804 1398 840 quis
1425 812 1473 840 per
1488 805 1705 834 imbecillitatem

909 846 1083 875 offenditur?
1096 847 1219 876 ostendit
1238 849 1311 885 quod
1325 849 1414 884 ipsum
1435 848 1515 877 edere
1544 850 1628 878 etiam
1642 858 1706 879 eum

908 896 1068 928 contemptu
1091 892 1242 926 idolorum.
1255 893 1320 920 nihil
1335 894 1380 921 sit.
1396 894 1512 922 Etiamsi
1532 895 1606 922 enim
1619 894 1705 923 frater

907 941 970 964 tuus
993 945 1050 964 non
1075 937 1231 972 laederetur,
1266 945 1352 974 neque
1379 938 1419 965 sic
1442 942 1537 966 tamen
1566 938 1704 968 laudabile

908 984 1058 1020 quidquam
1071 982 1185 1015 faceres.
1202 985 1316 1020 Deoque
1330 989 1452 1020 gratum.
1467 985 1552 1013 Cibus
1561 985 1635 1014 enim
1648 993 1700 1014 nos

908 1032 967 1059 Deo
988 1039 1045 1058 non
1059 1030 1188 1059 associat.

946 1087 958 1099 «ι
969 1076 1065 1111 Neque
1079 1076 1152 1103 enim
1171 1075 1193 1103 si
1205 1075 1329 1110 edamus,
1343 1075 1517 1105 abundamus
1547 1086 1554 1105 :
1569 1085 1659 1114 neque
1679 1078 1702 1107 si

908 1128 963 1148 non
974 1120 1257 1153 edamus,deiicimus.
1275 1132 1287 1145 η
1300 1121 1360 1148 Hoc
1371 1125 1423 1156 est,
1437 1122 1531 1158 Neque
1543 1121 1564 1150 si
1578 1122 1704 1157 edamus,

909 1164 1012 1193 idcirco
1027 1166 1154 1193 meliores
1167 1173 1273 1200 sumus,
1295 1173 1327 1193 ac
1352 1167 1409 1194 Deo
1437 1167 1570 1203 gratiores
1587 1177 1593 1195 ε
1610 1175 1704 1204 neque

907 1206 929 1233 si
944 1214 1001 1233 non
1014 1205 1138 1240 edamus,
1152 1205 1254 1233 idcirco
1277 1205 1384 1242 pejores
1398 1214 1496 1235 sumus
1509 1211 1537 1235 et
1551 1207 1704 1236 delicimus.

944 1297 1036 1324 Vsus.
1052 1297 1079 1323 9.
1096 1307 1109 1320 ι
1122 1295 1220 1324 Videte
1229 1300 1322 1324 autem
1338 1304 1372 1325 ne
1387 1298 1529 1333 quomodo
1548 1298 1607 1327 haec
1620 1299 1706 1328 licen-

909 1340 948 1368 tia
975 1346 1064 1368 vestra
1091 1339 1290 1369 offendiculum
1317 1341 1365 1369 ﬁat
1386 1342 1508 1371 inﬁrmis
1532 1342 1702 1372 fratribus.-

910 1385 1102 1413 Perterrefacit
1128 1393 1175 1413 eos
1189 1393 1238 1421 per
1251 1385 1311 1414 hoc.
1337 1387 1395 1414 Nec
1418 1387 1488 1415 dixit
1503 1398 1510 1415 ι
1527 1388 1647 1416 Scientia
1663 1397 1707 1417 ve-

911 1432 978 1462 stra,
993 1429 1053 1463 sed,
1071 1439 1085 1455 ι(
1098 1429 1231 1464 Licentia,
1253 1441 1266 1454 ιι
1281 1430 1334 1458 hoc
1354 1435 1406 1465 est,
1422 1431 1571 1466 petulantia
1584 1436 1612 1460 et
1626 1441 1706 1461 arro-

912 1474 1004 1510 gantia
1017 1473 1065 1502 ﬂat
1077 1473 1273 1502 offendiculum
1288 1474 1414 1504 inﬁrmis.
1428 1479 1520 1512 Atque
1536 1477 1596 1505 haec
1620 1478 1708 1514 major

69 1521 209 1550 ἀσθενοῦσιν
226 1529 234 1537 ·
262 1519 277 1549 δ
299 1519 394 1557 μείζων
423 1520 510 1563 of)th
538 1519 702 1559 κατηγορία,
730 1518 770 1548 ὅτι
799 1520 843 1550 οὐδ

946 1526 1008 1546 rum
1018 1523 1059 1546 est
1071 1519 1221 1549 accusatio.
1244 1519 1319 1555 quod
1340 1528 1374 1548 ne
1396 1520 1512 1549 inﬁrmis
1527 1521 1639 1557 quidem
1661 1530 1708 1550 vo-

69 1565 241 1594 ἆσθενούντων
255 1565 406 1604 φείδονται,
422 1559 459 1598 οἷς
473 1564 526 1593 ἔδει
541 1563 584 1593 καὶ
597 1564 675 1604 χεῖρα
690 1563 801 1604 ὀρέγειν.

103 1623 114 1635 ι
127 1609 190 1640 Ἐὰν
207 1609 261 1649 γάρ
282 1621 321 1642 τις
347 1609 390 1649 ἴδῃ
404 1609 433 1638 σὲ
448 1609 492 1638 τὸν
514 1608 610 1648 ἔχοντα
625 1611 720 1648 γνῶσιν
739 1610 765 1638 ἐν
781 1609 856 1638 εἰδω-

67 1653 124 1694 λείῳ
139 1655 350 1693 κατακείμενον,
375 1653 435 1694 οὐχὶ
456 1655 471 1689 ἦ
492 1653 639 1689 συνείδησις
664 1654 759 1689 αὐτοῦ,
774 1655 854 1683 ἀσθε-

69 1701 120 1732 νοῦς
143 1700 231 1737 ὄντος,
260 1699 497 1737 οἰκοδομηθήσεται
523 1698 558 1731 εἷς
582 1698 612 1727 τὸ
637 1697 671 1728 τὰ
696 1698 856 1728 εἰδωλόθυτα

70 1743 172 1782 ἕσθίειντ,
188 1758 200 1770 ιι
225 1743 369 1774 Τουτέστι.
397 1743 433 1773 Σὲ
460 1743 525 1782 τὸν,
552 1744 586 1775 ὡς
623 1742 724 1781 λέγεις,
755 1743 856 1772 τέλειον

70 1787 125 1816 ὄντα
136 1810 144 1825 ,
160 1789 203 1818 ἐὰν
218 1789 264 1827 ἴδῃ
280 1787 391 1823 ἀσθενής
406 1800 445 1822 τις
460 1789 514 1816 τῶν
540 1788 718 1816 εἰδωλοθύτων
741 1788 856 1827 γευόμε-

70 1843 123 1868 νον,
143 1829 193 1873 ἔρα
208 1834 241 1863 οὖ
267 1833 304 1870 μὴ
334 1832 406 1872 λάϐῃ
434 1831 556 1872 ἀφορμὴν
585 1831 668 1861 πλείω
697 1832 732 1865 εἰς
759 1832 789 1861 τὸ
812 1832 858 1861 κα)⁵

71 1876 140 1911 αὐτὸς
161 1877 193 1906 τὰ
216 1878 378 1907 εἰδωλόθυτα
402 1876 515 1913 ἐσθίειν,
541 1876 586 1906 καὶ
606 1877 706 1913 μᾶλλον
722 1877 858 1915 παγιωθή-

71 1932 136 1950 σεται
151 1922 255 1962 (τοῦτο
279 1922 331 1961 γὰρ
353 1921 401 1958 τὸ,
423 1933 437 1950 α
453 1921 702 1959 Οἰκοδομηθήσεται
718 1922 753 1960 ιι)
772 1922 808 1954 εἷς
827 1920 857 1951 τὸ

73 1961 168 1996 οἴεσθαι
189 1961 259 1996 εἷναί
283 1979 308 1996 τι
333 1966 366 1996 τὰ
392 1966 507 2002 ridiclei;
523 1964 645 2005 Ἀγνοῶν
670 1965 721 2005 γὰρ
745 1966 790 1995 τὸν
813 1966 856 1996 σὸν

71 2010 203 2051 λογισμὸν,
236 2012 293 2050 μεθ’
320 2007 348 2041 οὗ
376 2013 454 2041 τοῦτο
484 2015 567 2044 ποιεῖς
594 2010 747 2052 προτροπὴν
781 2014 858 2041 τοῦτο

72 2056 194 2095 λογίσεται
207 2056 325 2089 πάντως.

110 2114 121 2127 ι
139 2100 191 2131 Καὶ
215 2102 356 2130 ἀπολεῖται
378 2102 392 2130 ὃ
416 2101 533 2130 ἀσθενῶν
558 2099 668 2141 ἀδελφὸς
691 2099 735 2130 ἐπὶ
822 2101 856 2140 σῇ

74 2145 178 2183 γνώσει,
201 2146 234 2176 δι’
256 2144 285 2175 δν
310 2146 422 2185 Χριστὸς
444 2145 583 2175 ἀπέθανεν.
602 2157 617 2174 n
636 2145 691 2175 Καὶ
717 2145 857 2184 γενήσεται

911 1563 1013 1591 luerint
1028 1571 1149 1599 parcere,
1162 1563 1264 1600 quibus
1289 1564 1374 1592 etiam
1397 1565 1529 1601 opitulari
1549 1566 1706 1602 oportebat.

944 1610 1033 1637 Vens.
1051 1612 1093 1637 ιο.
1112 1620 1124 1633 ι
1140 1610 1212 1637 Nam
1232 1609 1253 1636 si
1266 1609 1416 1646 quisquam
1431 1612 1603 1647 conspexerit
1617 1616 1642 1640 te
1662 1611 1709 1640 ha-

909 1653 1021 1681 bentem
1048 1654 1201 1688 scientiam,
1233 1654 1259 1681 in
1272 1654 1356 1682 idolio
1378 1655 1596 1690 accumbentem,
1617 1664 1709 1685 nonne

910 1698 1076 1726 conscientia
1095 1699 1153 1734 ejus
1180 1699 1225 1735 qui
1240 1699 1367 1728 infirmus
1397 1705 1448 1735 est,
1469 1701 1650 1729 aediﬁcabitur
1679 1705 1710 1730 ut

911 1747 1035 1770 vescatur
1047 1742 1226 1779 idolothytis?
1244 1756 1256 1769 ι
1275 1745 1336 1772 Hoc
1349 1749 1401 1778 est,
1417 1745 1484 1779 sine,
1500 1746 1559 1782 qui,
1574 1746 1612 1774 uti
1628 1746 1707 1781 dicis,

911 1787 1047 1823 perfectus
1061 1795 1101 1821 es,
1114 1787 1238 1816 infirmus
1250 1788 1348 1825 aliquis
1373 1789 1452 1817 idolis
1466 1790 1606 1818 immolata
1624 1791 1709 1818 eden-

910 1835 966 1859 tem
980 1833 1164 1868 conspexerit,
1188 1841 1278 1860 nonne
1305 1833 1439 1869 majorem
1455 1835 1568 1870 arripiet
1581 1835 1709 1863 occasio-

909 1883 986 1910 nem,
1007 1880 1037 1904 ut
1051 1877 1107 1912 ipse
1129 1877 1213 1904 etiam
1230 1877 1390 1913 idolothytis
1409 1883 1543 1912 vescatur,
1560 1879 1706 1915 magisque

911 1920 1088 1954 stabilietur(
1112 1921 1164 1949 hoc
1185 1922 1261 1949 enim
1288 1926 1339 1956 est,
1365 1934 1378 1946 ι
1406 1922 1592 1951 Ediﬁcabitur
1614 1926 1652 1957 ι)
1676 1927 1708 1952 ut

911 1965 1049 1994 existimet
1062 1966 1135 1994 idola
1156 1966 1257 2003 aliquid
1268 1969 1350 1995 esse?
1367 1967 1415 1995 llle
1429 1968 1503 1996 enim
1518 1968 1629 2002 inscius,
1649 1976 1705 2004 qua

911 2014 942 2038 tu
956 2010 1026 2079 rati:
1051 2011 1150 2040 ductus
1173 2010 1226 2039 hoc
1242 2011 1320 2046 facis,
1343 2011 1414 2041 istud
1438 2020 1488 2048 pro
1514 2012 1707 2042 exhortatione

911 2056 1005 2079 renuta
1024 2051 1053 2079 it.

909 2055 1053 2088 reputabit.

948 2097 1037 2125 Vsas.
1052 2099 1094 2126 ιι.
1113 2107 1127 2122 ι
1150 2098 1191 2125 Ac
1214 2097 1312 2134 peribit
1326 2097 1453 2126 inﬁrmus
1468 2097 1555 2126 frater
1573 2097 1609 2126 ob
1631 2103 1709 2127 tuam

912 2142 1066 2176 scientiam,
1095 2146 1206 2178 propter
1223 2150 1306 2178 quem
1321 2142 1445 2170 Christus
1460 2146 1502 2170 est
1523 2147 1663 2171 mortuus.
1693 2154 1709 2169 ρ

75 2189 192 2230 πρόφασις
212 2190 347 2223 ἀπωλείας
362 2190 444 2230 ἑτέρῳ
459 2192 475 2226 ἡ
493 2189 526 2226 σὴ
541 2190 673 2226 τελειότης
683 2212 691 2225 ,
713 2189 758 2219 καὶ
774 2192 846 2219 ταῦτ-ι

946 2196 950 2214 ;
963 2192 1014 2216 tua
1036 2186 1168 2223 perfectio
1182 2187 1261 2215 alteri
1276 2187 1323 2215 [iet
1339 2187 1448 2215 occasio
1474 2187 1610 2221 interitus,
1627 2187 1711 2224 idque

76 2234 231 2274 ἀσθενοῦντι,
248 2235 295 2265 καὶ
319 2238 403 2265 ταῦτα
420 2235 454 2264 δι’
475 2234 503 2264 ὃν
525 2235 638 2274 Χριστὸς
660 2234 787 2264 ἀπέθανε.
806 2235 859 2265 Καὶ

76 2278 88 2306 ὁ
110 2279 154 2317 μὲν
179 2281 292 2320 Χριστὸς
329 2280 388 2309 οὐδὲ
417 2279 555 2309 ἀποθανεῖν
586 2279 763 2318 παρητήσατο
794 2279 860 2319 ὑπὲρ

77 2324 146 2354 αὐτοῦ
162 2336 168 2344 ·
183 2325 213 2355 σὺ
227 2325 254 2355 δὲ
275 2325 331 2355 οὖδὲ
349 2325 497 2365 βρωμάτων
521 2324 609 2365 ἀπέχῃ
622 2346 630 2359 ,
654 2323 698 2352 ἵνα
719 2323 756 2362 μὴ
779 2335 860 2353 σκαν-

77 2367 222 2407 δαλίζηται;
250 2370 286 2401 Ὀ
301 2370 328 2400 δὲ
351 2370 555 2411 Χρυσόστομος,
583 2379 596 2397 (ι
611 2368 678 2399 Ἐπὶ
742 2370 776 2408 σῇ
792 2368 861 2408 βρώο

78 2424 126 2449 σει,
140 2427 152 2440 ν
166 2415 245 2454 λέγει.

117 2471 127 2484 α
145 2461 223 2489 Οὓτω
243 2460 272 2490 δὲ
287 2459 485 2500 ἁμαρτάνοντες
509 2459 546 2492 εἷς
572 2458 631 2492 τοὺς
658 2456 802 2498 ἂδελφοὺς,
816 2457 862 2487 καὶ

79 2501 205 2538 τύπτοντες
245 2506 330 2535 αὐτῶν
361 2503 409 2540 τὴν
437 2504 586 2539 συνείδησιν
621 2504 798 2540 ἀσθενοῦσαν,
827 2504 863 2537 εἰς

80 2546 184 2586 Χριστὸν
207 2549 385 2591 ἁμαρτάνετε.
402 2563 414 2575 I
438 2551 497 2579 Οὖκ
521 2544 596 2586 εἶπε,
621 2548 863 2586 Σκανδαλίζοντες,

83 2591 161 2630 ἀλλὰ,
180 2608 192 2620 ι
202 2596 362 2628 Τύπτοντες*
377 2608 389 2620 ι
404 2593 473 2623 ὥστε
489 2594 538 2627 τὴν
554 2593 683 2632 ὠμότητα
696 2592 863 2627 ἐνδείξασθαι

84 2634 139 2666 ὅταν
153 2639 197 2668 καὶ
220 2640 267 2676 τὴν
288 2641 451 2670 ἀσθενοῦσαν
470 2640 618 2675 συνείδησιν
641 2639 789 2668 τύπτωσιν.
819 2638 865 2671 Εἷς

85 2680 156 2716 αὐτὴν
171 2682 196 2712 δὲ
210 2684 257 2720 τὴν
272 2683 389 2725 κορυφὴν
416 2685 464 2719 τ’ῆς
478 2682 648 2724 παρανομίας
667 2682 697 2712 τὸ
714 2682 863 2723 ἁμάρτημα

87 2725 203 2766 ἀνήγαγεν
218 2729 254 2766 ⁸⁷,
274 2741 289 2759 ιι
311 2731 359 2764 Εἷς
383 2728 500 2769 Χριστὸν
526 2728 710 2769 ἁμαρτάνετε,
734 2740 748 2754 ιι
775 2726 866 2760 εἰπών.

914 2232 1033 2265 inﬁrmo.
1046 2237 1075 2260 et
1093 2237 1205 2268 propter
1217 2240 1300 2268 quem
1314 2232 1440 2260 Christus
1466 2237 1508 2260 est
1523 2237 1658 2261 mortuus.
1675 2233 1711 2261 Et

915 2277 1038 2306 Christus
1054 2276 1165 2313 quidem
1188 2285 1238 2313 pro
1253 2277 1313 2313 ipso
1326 2285 1383 2305 non
1403 2277 1563 2306 detrectavit
1576 2277 1662 2311 mori;
1679 2281 1710 2306 tu

916 2329 981 2350 vero
1007 2329 1041 2350 ne
1053 2329 1068 2350 a
1079 2321 1146 2350 cibis
1160 2321 1270 2357 quidem
1290 2321 1421 2356 abstines,
1438 2326 1468 2350 ut
1495 2321 1578 2358 169
1592 2321 1636 2350 ille
1651 2329 1710 2350 non

916 2367 1078 2397 offendatur
1092 2368 1103 2394 Ρ
1126 2366 1340 2403 Chrysostomus
1351 2370 1456 2401 autem,
1472 2378 1484 2391 ι
1501 2367 1544 2395 0b
1560 2365 1710 2395 manduca-

917 2413 1022 2442 tionem
1036 2416 1126 2445 tuam,
1138 2423 1151 2436 ν
1168 2411 1245 2440 dicit.

953 2459 1044 2487 Vsus.
1062 2459 1106 2485 12.
1131 2467 1144 2481 ιι
1161 2456 1204 2485 Sic
1218 2460 1313 2484 autem
1332 2460 1473 2492 peccantes
1488 2456 1517 2485 in
1542 2456 1651 2493 fratres,
1684 2461 1713 2486 et

918 2503 1104 2540 percutientes
1141 2501 1340 2529 conscientiam
1376 2509 1472 2530 eorum
1506 2501 1658 2537 infirmam,
1683 2502 1711 2530 in

918 2549 1058 2578 Christum
1083 2547 1210 2583 peccatis.
1231 2558 1244 2570 ιι
1266 2547 1328 2574 Non
1355 2546 1434 2582 dixit,
1449 2546 1638 2581 Offendentes,
1665 2546 1713 2575 sed

921 2603 936 2620 «
950 2593 1150 2626 Percutientes;
1166 2604 1179 2617 ι
1205 2595 1235 2619 ut
1248 2591 1437 2620 crudelitatem
1461 2591 1607 2624 indicaret;
1623 2599 1713 2627 quan-

919 2637 1069 2674 doquidem
1097 2641 1126 2665 et
1148 2637 1325 2673 languentem
1336 2637 1534 2664 conscientiam
1559 2636 1666 2664 feriant.
1683 2636 1716 2663 In

920 2683 1012 2720 ipsum
1035 2685 1128 2711 autem
1142 2681 1365 2718 transgressionis
1388 2681 1546 2717 fastigium,
1571 2683 1715 2716 peccatum

920 2727 1023 2762 retulit;
1049 2738 1063 2752 α
1078 2728 1111 2755 In
1132 2726 1274 2755 Christum
1289 2726 1418 2762 peccatis,
1446 2738 1459 2751 ιο
1481 2725 1620 2762 inquiens.
1638 2725 1714 2760 Quo-

767 2777 861 2807 Variaa
881 2776 1033 2807 lectiones.

117 2814 136 2831 "
150 2815 275 2855 εισήγαγεν
289 2827 316 2848 o.
