1881 3081
16 173 64 200 665

454 169 630 199 EXPOSITIO
650 170 683 198 IN
703 170 807 198 EPIST.
828 170 838 198 l
857 169 903 198 AD
921 168 1001 197 COR.
1018 184 1051 189 —
1071 168 1147 197 CAP.
1168 169 1210 197 IX.

1604 169 1657 196 666

15 234 158 268 ἀπόστολος
171 229 219 271 ἧν,
233 234 279 264 καὶ
293 234 337 264 τὸν
350 234 448 274 Κύριον
464 233 576 274 ἑώρακε.
595 234 646 265 Διὰ
661 237 738 264 τοῦτο
758 229 803 264 οὖν

894 232 998 261 ostolus
1008 236 1077 264 erat.
1089 236 1117 260 et
1137 231 1289 260 Dominum
1306 231 1457 268 conspexit.
1471 232 1550 260 Hanc
1565 231 1657 269 itaque

15 291 76 319 φησι
93 291 99 299 ·
123 293 134 305 ι
150 280 192 310 Τὸ
211 279 285 319 ἔργον
300 291 351 317 μου
366 281 440 319 ὗμιῖς
464 280 534 310 ἔστε.
554 291 569 307 is
584 277 668 310 ’Ὥστε
691 280 808 309 ἀποστο-

15 323 87 360 λικὴν
112 324 250 354 διακονίαν
280 324 434 364 ἐπλήρωσα.
470 324 549 354 Ἐπεὶ
575 324 601 354 δὲ
633 323 702 363 μέγα
729 319 807 360 εἷπε,

16 368 177 408 προσέθηκεν
194 379 202 386 ·
224 383 236 395 ι
253 368 301 399 Ἐν
325 370 434 409 Κυρίῳ·
457 383 469 395 ν
485 369 636 406 τουτέστιν,
657 369 716 399 Οὔκ
731 370 758 398 ἐν

18 414 64 452 ἐμῇ
79 413 207 450 δυνάμει,
229 413 299 444 ἀλλὰ
364 418 410 444 τοῦ
428 413 536 454 Κυρίου.

55 471 66 484 ε
81 459 114 488 Εἰ
138 457 230 491 ἄλλοις
256 459 303 488 οὐκ
327 459 382 497 εἰμὶ
409 459 574 497 ἀπόστολος,
599 459 669 488 ἀλλά
692 470 721 497 γε
745 459 807 496 ὖμῖν

20 504 77 540 εἶμι.
91 513 106 531 ιδ
125 503 167 532 Οὖ
196 502 282 541 λέγω,
301 501 341 532 ὅτι
360 505 416 539 Τῆς
442 503 597 541 οἰκουμένης
627 503 735 539 ἀπάσης
752 503 807 541 εἰμὶ

19 547 183 583 διδάσκαλος,
204 548 275 583 ἀλλ’,
294 547 386 585 Ὑμῶν
411 549 458 577 οὐκ
473 549 529 585 εἰμὶ
544 548 718 584 διδάσκαλοςς
741 549 804 581 Πῶς

19 588 57 621 οὖν
76 593 122 622 οὐκ
145 591 244 621 ἔλαϐον
266 593 329 631 παρ’
354 593 444 630 ὑμῶν,
461 594 525 630 παρ’
537 588 573 622 ὗν
588 593 703 630 μάλιστα
725 594 806 633 ἐχρῆν

19 648 47 675 με
59 636 162 673 λαϐεῖν;
180 637 258 666 Κατὰ
269 636 438 676 συγχώρησιν
452 637 479 666 δὲ
494 636 582 674 τίθησι
596 637 640 667 τὸν
654 637 743 677 λόγον.

55 739 65 752 ι
79 725 112 756 Ἣ
133 725 187 766 γὰρ
207 726 320 766 σφραγὶς
335 728 381 762 τῆς
397 727 462 764 ἐμῆς
477 727 626 763 ἀποστολῆς
636 749 644 762 ,
659 728 733 765 ὑμεῖς
748 727 807 757 ἔστε

23 772 45 799 ἐν
61 770 157 811 Κυρίῳ.
175 785 187 797 ι
211 770 371 807 Τουτέστιν,
392 775 409 808 ἡ
430 770 570 806 ἀπόδειξις.
598 772 658 802 Κᾶν
680 771 808 811 βούληταί

21 827 54 848 τις
67 817 155 852 μαθεῖν
171 814 249 853 εἴπερ
263 816 316 853 εἰμὶ
331 816 477 849 ἀπόστολος
488 838 496 851 ,
517 818 586 853 ὗμᾶς
601 816 719 854 δείκνυμι
733 828 740 836 ο
762 817 807 846 καὶ

862 277 898 306 ob
910 285 979 310 rem.
992 277 1091 313 inquit,
1106 288 1118 301 α
1135 277 1212 312 Opus
1221 283 1316 304 meum
1330 284 1380 304 vos
1400 276 1474 304 estis.
1492 288 1504 301 ι
1514 277 1656 313 Apostoli-

861 329 927 350 cum
940 322 1030 358 itaque
1049 320 1230 349 ministerium
1246 320 1368 356 implevi.
1383 320 1453 356 Quia
1464 328 1527 348 vero
1546 329 1605 349 rem
1617 329 1657 350 ar-

861 366 946 395 duam
960 366 1042 400 dixit,
1057 365 1165 402 adjecit.
1184 374 1198 391 α
1210 366 1242 393 In
1264 364 1387 393 Domino
1401 374 1410 400 ς
1426 376 1439 390 ι
1453 364 1507 394 hoc
1520 369 1572 400 est,
1593 366 1657 395 Non

862 419 923 440 mea
943 411 1052 445 virtute,
1073 410 1123 438 sed
1144 409 1263 438 Domini.

897 457 988 485 Vsas.
1005 458 1030 484 2.
1049 467 1061 480 ε
1076 455 1104 484 Si
1121 455 1184 483 aliis
1197 463 1254 483 non
1263 462 1326 483 sum
1339 454 1480 491 apostolus
1490 475 1498 489 ,
1511 455 1590 484 vobis
1612 459 1657 484 ts-

862 508 926 529 men
943 508 1016 529 sum.
1030 511 1043 525 ι
1058 501 1121 529 Non
1135 499 1197 529 dico
1206 507 1251 528 me
1264 499 1353 528 totius
1366 503 1502 528 terrarum
1515 500 1658 530 orbisesse

861 545 1015 578 doctorem.
1027 545 1084 579 sed,
1099 547 1200 573 Annon
1206 549 1296 573 vester
1307 552 1370 573 sum
1383 549 1535 581 praeceptor
1546 546 1657 582 PQuat‘e

859 590 941 626 igitur
954 598 969 618 a
980 589 1057 618 vobis
1071 597 1126 617 non
1140 590 1244 626 accepi,
1257 597 1272 617 a
1287 589 1388 626 quibus
1412 589 1532 618 maxime
1547 598 1592 618 me
1605 597 1655 618 ac-

860 635 951 670 cipere
961 635 1106 670 oportuit?
1120 636 1172 663 Per
1185 635 1392 663 concessionem
1405 639 1496 663 autem
1511 642 1657 672 argumen-

862 684 921 708 tum
935 680 1017 708 texit.

899 736 910 748 -
926 724 1051 761 Sigillum
1068 724 1140 752 enim
1155 724 1325 760 apostolatus
1340 724 1393 752 mei
1408 731 1457 752 vos
1475 724 1540 752 estis
1554 725 1581 753 in
1603 726 1658 754 Do-

860 770 948 798 mino.
965 782 978 794 ιι
992 771 1051 798 Hoc
1065 774 1118 803 est,
1132 769 1344 797 demonstratio.
1361 769 1447 797 Porro
1459 769 1483 797 si
1503 770 1567 806 quis
1580 771 1653 799 seire

860 815 935 849 velit.
955 823 1023 843 num
1044 815 1096 842 sim
1109 814 1259 850 apostolus,
1277 821 1325 842 vos
1345 814 1473 843 ostendo.
1500 815 1556 844 Vos
1580 816 1656 845 enim

23 860 87 897 ὑμεῖς
106 861 164 889 ἔστι
191 860 427 915 οἱΙσφραγίζοντ-ες
447 859 495 890 καὶ
519 860 733 894 ἐπιϐεϐαιοῢντις
759 862 807 897 τὴν

894 860 926 888 tis
965 859 1012 896 qui
1048 859 1218 895 consignatis
1253 863 1281 887 et
1317 859 1444 887 stabilitis
1473 861 1655 895 apostolatum

894 913 950 915 ωμ
971 913 976 915 _
994 908 1084 915 -..μμ
1098 911 1215 915 _____.-
1227 903 1342 915 -.υ--.-ιι
1358 911 1436 915 μη-
1452 904 1564 915 _-__-1,-_

23 904 80 939 ἐμὴν
95 904 258 940 ἀποστολήν,
287 905 382 935 Πάντα
401 905 469 945 γὰρ,
496 905 545 935 ὃσα
567 905 715 940 ἀπόστολος
742 906 806 946 ἔργα

24 948 57 987 [Ῑ.
71 948 116 978 ὅσα
131 949 281 979 ἀποστόλου
294 951 375 989 ἔργα,
393 950 404 989 ]
420 951 446 979 ἐν
459 952 521 988 ὑμῖν
539 949 716 988 ἰνιδειξάμην.

55 1007 65 1019 ι
96 993 128 1024 Ἦ
149 993 202 1032 ἐμὴ
221 994 352 1033 ἀπολογία
375 998 430 1028 τοῖς
453 994 499 1032 ἐμὲ
526 995 708 1034 ἀνακρίνουσιν
737 994 805 1032 αὕτη

24 1037 81 1069 ἐστί,
94 1051 105 1065 ι
118 1039 182 1071 Τοῖς
204 1040 313 1073 ζητοῦσι
326 1041 429 1077 μαθεῖν,
445 1040 524 1068 πόθεν
539 1040 619 1074 δῆλον
634 1040 675 1069 ὅτι
690 1039 807 1070 ἀπόστο-

21 1082 58 1115 λός
71 1084 137 1122 εἰμι,
152 1082 256 1118 ταύτην
268 1083 411 1122 ἀπολογίαν
427 1083 616 1123 προϐάλλομαι
634 1093 641 1100 ⁸
658 1083 805 1124 τουτέστιν,

21 1125 106 1165 Ὺμῖς.
121 1127 255 1158 Δειιινόων
274 1127 325 1167 γὰρ
343 1129 412 1166 ὑμᾶς
433 1128 522 1158 πάντα
548 1128 612 1168 παρ’
632 1130 697 1168 ἐμοῦ
721 1131 807 1168 μαθη-

21 1171 159 1209 τιυθὲντας,
173 1173 360 1212 ἆποκρούομαι
373 1173 432 1206 τοὺς
445 1172 643 1213 ἀνακρίνοντας.

58 1227 70 1244 ι
84 1216 129 1253 Μὴ
145 1218 192 1246 οὐκ
207 1217 232 1235 ⁹¹
251 1217 347 1258 ἔχομιν
369 1217 487 1252 ἐξουσίαν
513 1223 605 1258 φαγεῖν
625 1218 670 1247 καὶ
687 1220 774 1258 πιεῖν;
792 1232 804 1245 υ

22 1261 155 1299 Τουτέστι,
181 1262 258 1301 παρὰ
283 1264 336 1291 τῶν
359 1264 485 1300 μαθητῶν
508 1262 644 1296 λαϐόντας.
672 1263 727 1294 Καὶ
751 1264 805 1302 μὴν

23 1304 105 1345 ἔχομεν
118 1306 239 1340 ἐξουσίαν
250 1328 259 1343 ,
276 1307 335 1336 ἀλλ’
351 1308 381 1336 οὐ
394 1307 520 1346 χρώμεθα
533 1308 630 1346 ταύτῃ.

56 1408 66 1420 α
81 1395 124 1430 Μὴ
144 1398 189 1426 οὖκ
206 1396 313 1439 ἔχομεν
338 1395 455 1430 ἐξουσίαν
479 1396 595 1437 ἀδελφὴν
618 1398 729 1437 γυναῖκα
755 1409 805 1427 πε-

24 1439 120 1478 ριάγειν,
133 1442 166 1474 ὡς
178 1443 228 1472 καὶ
244 1441 331 1471 λοιποὶ
348 1441 506 1478 ἀπόστολοι,
528 1441 573 1471 καὶ
590 1443 614 1471 οἱ
636 1442 743 1483 ἀδελφοὶ
759 1445 805 1472 τοῦ

22 1484 109 1523 Κυρίου
120 1507 128 1521 ,
150 1487 194 1516 καὶ
218 1488 335 1527 Κηφᾶςῖ
354 1500 364 1512 υ
381 1487 419 1516 Αἱ
430 1485 538 1526 εὔποροι
552 1491 671 1525 γυναῖκες
695 1488 805 1522 ἠκολού-

862 913 952 933 meum
971 913 977 932 :
990 908 1087 932 cuncta
1098 911 1216 940 namque
1227 903 1342 939 apostoli
1356 911 1437 940 opera
1452 904 1482 932 in
1489 904 1565 933 vobis
1580 913 1656 934 com-

862 949 1022 978 monstravi.

897 996 987 1023 Vsas.
1005 997 1029 1022 3.
1055 1005 1067 1018 ι
1080 995 1141 1022 Mea
1156 993 1278 1022 defensio
1293 1001 1356 1030 erga
1368 1001 1415 1022 eos
1425 994 1473 1029 qui
1484 1002 1527 1022 me
1537 995 1654 1024 interro-

861 1043 936 1076 gant,
960 1039 1020 1068 huc
1057 1043 1107 1067 est.
1131 1050 1144 1063 ι
1177 1038 1372 1073 Quaerentibus
1386 1039 1490 1068 discere
1518 1039 1591 1068 unde
1619 1040 1655 1068 sit

861 1084 1036 1121 perspicuum
1047 1091 1091 1112 me
1112 1083 1266 1120 apostolum
1294 1091 1363 1119 esse,
1388 1083 1458 1112 hanc
1498 1084 1654 1122 apologiam

859 1129 970 1166 objicio,
985 1130 1042 1158 Vos
1056 1129 1198 1158 nimirum.
1211 1129 1365 1158 Ostendens
1376 1130 1450 1158 enim
1465 1137 1513 1158 vos
1529 1130 1556 1158 in
1567 1130 1656 1159 omni-

860 1174 912 1202 bus
923 1182 938 1202 a
951 1182 996 1202 me
1006 1174 1144 1202 institutos
1151 1182 1184 1202 ac
1196 1173 1304 1208 doctos.
1320 1175 1521 1211 interrogantes
1534 1175 1651 1211 repello.

899 1221 990 1248 Vens.
1007 1222 1033 1247 4.
1065 1230 1077 1244 ι
1093 1219 1224 1255 Nunquid
1245 1227 1304 1247 non
1332 1219 1466 1248 habemus
1487 1224 1651 1256 potestatem

859 1263 957 1292 edendi
973 1272 1005 1293 ac
1016 1263 1148 1293 bibendi?
1165 1264 1321 1292 nVidelicet
1345 1272 1360 1292 a
1377 1263 1519 1301 discipulis
1533 1264 1583 1293 ista
1607 1273 1655 1293 ac-

859 1309 998 1345 cipientes.
1024 1309 1109 1346 Atqui
1135 1309 1271 1338 habemus
1296 1313 1470 1346 potestatem.
1487 1317 1584 1338 verum
1620 1317 1652 1339 ea

859 1363 915 1383 non
928 1355 1044 1383 utimur.

895 1400 986 1428 Vsns.
1000 1403 1025 1428 5.
1052 1411 1064 1425 ιι
1076 1401 1176 1428 Nonne
1196 1403 1359 1436 potestatem
1381 1399 1513 1428 habemus
1527 1407 1654 1428 sororem

860 1445 1007 1473 mulierem
1017 1445 1250 1479 circumducendi,
1263 1445 1335 1473 sicut
1361 1449 1388 1474 et
1410 1445 1502 1473 ceteri
1517 1445 1653 1481 apostoli,

859 1494 887 1518 et
900 1489 998 1518 fratres
1009 1489 1135 1524 Domini,
1149 1494 1175 1518 et
1191 1489 1319 1526 Cephas?
1334 1501 1346 1514 »
1362 1490 1465 1518 Divites
1481 1489 1590 1518 feminae
1604 1497 1652 1518 co-

24 1530 74 1558 θουν
97 1532 147 1564 τοῖς
172 1532 351 1566 ἀποστόλοις,
373 1533 539 1571 χορηγοῦσαι
563 1532 650 1565 αὐτοῖς
673 1532 707 1561 τὰ
722 1534 804 1572 ἀναγ-

894 1535 1028 1562 itabantur
1053 1535 1208 1570 apostolos.
1224 1539 1255 1563 ut
1278 1535 1485 1571 suppeditarent
1503 1535 1541 1562 eis
1555 1542 1651 1563 neces-

23 1577 94 1611 χαῖα,
117 1575 159 1605 καὶ
174 1581 267 1605 πᾶσαν
285 1575 446 1615 ἀμεριμνίαν
467 1576 511 1604 ἐπὶ
533 1575 633 1609 τούτοις
652 1578 802 1616 περιποιού.

24 1629 104 1655 μεναι,
130 1619 196 1651 ὥστε
231 1621 304 1661 μόνῳ
325 1622 363 1660 τῷ
388 1619 539 1659 κηρύγματι
561 1620 654 1653 αὐτοὺς
683 1623 803 1662 ἀπησχο-

23 1662 115 1698 λῆσθαι.
128 1663 200 1706 Ὅρα
212 1665 253 1702 δὲ,
269 1666 308 1695 ὅτι
318 1666 363 1695 τὸν
375 1669 531 1705 κορυφαῖον⁷
549 1665 662 1704 ἔσλατον
677 1665 802 1704 τέθειχιν,

23 1708 51 1740 ὡς
64 1709 162 1746 μείζονα
177 1723 185 1730 ·
207 1713 289 1740 τοῦτο
303 1710 329 1728 ⁹²
355 1710 535 1748 αἰνιττόμενος
550 1721 556 1728 ·
586 1710 639 1740 Καὶ
664 1710 707 1747 τί,
724 1711 803 1752 φησὶ,

22 1751 72 1795 τοὺς
96 1755 185 1790 ἄλλους
215 1754 302 1794 λέγως
332 1755 416 1788 Αὐτὸς
452 1756 466 1784 ὁ
493 1754 592 1795 Πέτρος
617 1757 694 1784 τοῦτο
720 1757 802 1787 ποιεῖ.

23 1794 143 1838 Ἆδελφοὺς
166 1800 193 1829 δὲ
221 1803 266 1830 τοῦ
289 1801 389 1839 Κυρίου
410 1800 490 1839 φησὶ,
514 1794 558 1829 τὸν
584 1799 731 1838 Ἰάκωϐον,
758 1801 804 1831 τὸν

25 1839 196 1882 Ίιροσολύμων
225 1845 387 1879 ἐπίσκοπον,
408 1843 454 1873 καὶ
477 1843 589 1880 Ἰωσῆν,
604 1845 650 1873 καὶ
675 1844 803 1882 Σίμωνα,

28 1886 64 1914 καὶ
77 1885 171 1917 Ἰούδαν
185 1901 192 1909 ’
215 1889 241 1918 οἳ
265 1889 373 1929 ἀδελφοὶ
395 1888 591 1925 ὠνομάσθησαν
613 1891 658 1918 τοῦ
684 1888 801 1929 Κυρίου,

27 1929 62 1960 διὰ
75 1931 118 1967 τὴν
131 1934 193 1975 πρὸς
204 1934 256 1970 τὴν
268 1934 400 1964 Θιοτόκον
415 1936 460 1963 τοῦ
477 1933 577 1973 Ἰωσὴφ
593 1934 748 1971 μνηστείαν.

58 1989 69 2001 ι
82 1975 115 2007 Ἦ
127 1978 201 2015 μόνος
214 1978 267 2018 ἐγὼ
282 1979 328 2008 καὶ
344 1978 486 2017 Βαρνάϐας
501 1980 547 2007 οὐκ
560 1979 656 2017 ἔχομεν
672 1978 801 2019 [τούτου]

27 2018 127 2052 ἐξουσίαν
143 2026 188 2052 τοῦ
205 2024 244 2062 μὴ
259 2024 412 2063 ἐργάζεσθαι
425 2033 434 2061 ;
456 2035 468 2048 ιι
485 2022 630 2052 Τουτέστιν
640 2045 647 2059 ,
664 2024 722 2053 Οὐκ
738 2018 800 2063 ἔχοξ

26 2074 65 2099 μεν
85 2065 195 2099 ἐξουσίαν
211 2071 257 2098 τοῦ
272 2069 359 2107 ἀργῶς
381 2067 407 2086 ⁸³
428 2069 495 2106 ζῇν,
521 2067 567 2097 καὶ
588 2070 633 2097 τοῦ
660 2068 801 2109 τρέφεσθαι

25 2109 86 2148 παρὰ
100 2112 146 2140 τῶν
162 2112 396 2150 μαθητιυομένων,
423 2112 504 2150 μηδὲν
531 2113 715 2152 ἐργαζόμενοι;
740 2114 800 2145 Οὐκ

25 2152 175 2195 ἀπεκρύψατο
189 2158 216 2187 δὲ
232 2157 277 2186 τὸν
299 2157 461 2196 Βαρνάϐαν,
487 2156 515 2186 ὃν
541 2158 598 2197 ᾔδει
625 2160 798 2189 κοινωνοῦντα

26 2197 84 2244 αὖτῷ
96 2201 138 2235 τῆς
149 2201 207 2241 περὶ
229 2204 307 2231 τοῦτο
319 2201 344 2221 ⁹⁴
362 2201 498 2242 ἀκριϐείας
516 2213 523 2220 ”
547 2204 667 2235 κάκεῖνος
682 2202 733 2243 γὰρ
759 2206 798 2244 ἑρ-

24 2242 144 2280 γαζόμινος
158 2246 214 2282 ἔζη.

57 2289 120 2323 ¹Τίς
134 2291 303 2330 στρατεύεται
326 2291 399 2325 ἰδίοις
422 2291 544 2332 ὀψωνίοις
567 2290 651 2329 noti;
667 2305 679 2316 ιι
708 2292 797 2321 Τουτ-

23 2329 95 2368 έστιν,
107 2335 174 2369 ἰδίοις
187 2337 356 2376 σιτηρεσίοις.
382 2336 484 2370 Πάντες
506 2336 558 2376 γὰρ
573 2337 597 2365 οἱ
613 2336 798 2375 στρατευόμε-

25 2386 70 2411 νοι,
85 2379 131 2408 ἀπὸ
148 2383 190 2410 τοῦ
204 2381 332 2419 δημοσίου
358 2381 509 2422 τρέφονται.
539 2382 636 2414 Καλῶς
663 2380 691 2410 δὲ
707 2381 737 2410 τὸ
752 2384 798 2410 τοῦ

25 2423 165 2466 στρατιώτου
189 2426 288 2456 τέθεικε
315 2426 453 2466 πρότερον.
482 2428 570 2457 Τοῦτο
597 2426 649 2466 γὰρ
672 2427 799 2466 ἃρμοδιον

25 2465 186 2511 τῇλᾶποστολῇ
199 2493 207 2509 ,
226 2471 270 2500 διὰ
293 2469 352 2504 τοὺς
367 2473 393 2500 ἐν
419 2473 485 2511 αὐτῇ
513 2471 662 2507 κινδύνους,
686 2471 731 2500 καὶ
753 2471 798 2501 τὸν

26 2508 122 2548 πόλεμον
137 2508 187 2543 τῶν
200 2508 302 2551 νοητῶν
320 2517 435 2556 ἐχθρῶν.

59 2567 69 2580 ι
80 2556 124 2590 Τίς
137 2559 236 2598 φυτεύει
253 2562 400 2598 ἀμπελῶνα
411 2582 418 2596 ,
437 2560 483 2589 καὶ
507 2561 537 2589 ἐκ
555 2563 600 2590 τοῦ
627 2563 732 2600 καρποῦ
747 2562 798 2590 αὖ-

26 2600 62 2645 τοῖδ
73 2601 114 2630 οὐκ
126 2603 217 2641 ἐσθίεις
232 2619 244 2631 ιι
261 2605 312 2635 Διὰ
329 2605 421 2635 τούτου
437 2608 484 2635 τοῦ
503 2606 719 2645 παραδείγματος
729 2628 736 2642 ,
753 2605 797 2634 τὸν

28 2641 105 2690 γέγον’,
117 2647 159 2676 καὶ
171 2649 217 2685 τὴν
230 2650 333 2690 πολλὴν
347 2650 536 2690 ταλαιπωρίαν
550 2673 558 2686 ,
577 2650 623 2680 καὶ
644 2651 798 2689 ἐπιμέλειαν

31 2685 140 2728 ένέῩηνεν.
154 2692 211 2723 Οὐκ
224 2689 281 2725 εἶπε
295 2694 337 2732 δὲ,
351 2693 436 2725 ⁸Ολον
452 2695 497 2726 τὸν
509 2695 610 2736 καρπὸν
623 2695 712 2732 ισθίει,
724 2695 796 2731 ἀλλ’,

859 1579 942 1613 saria,
958 1587 1069 1608 omnem
1082 1579 1135 1607 illis
1147 1580 1321 1608 securitatem
1345 1579 1436 1615 quoad
1448 1579 1499 1607 ista
1513 1583 1653 1616 parantes,

856 1628 887 1652 ut
910 1624 960 1652 soli
986 1624 1124 1661 Evangelii
1146 1624 1335 1661 praedicationi
1359 1628 1499 1653 vacarent.
1515 1623 1652 1653 Animad-

857 1673 931 1697 verte
940 1673 1046 1703 autem,
1058 1669 1133 1705 quod
1147 1669 1337 1705 apostolorum
1350 1669 1530 1706 coryphaeum
1555 1669 1652 1697 ultimo

856 1713 917 1742 loco
940 1715 1041 1750 posuit,
1066 1722 1117 1742 ceu
1144 1715 1298 1751 majorem:
1314 1714 1366 1742 hoc
1388 1715 1518 1748 lnnuens,
1535 1713 1652 1750 Ecquid,

858 1760 953 1796 inquit,
967 1761 1036 1789 alios
1049 1761 1132 1789 dico?
1146 1763 1206 1797 ipse
1217 1762 1314 1789 Petrus
1325 1761 1379 1789 hoc
1388 1761 1461 1790 facit.
1477 1762 1589 1790 Fratres
1603 1769 1654 1790 au-

857 1809 912 1832 tem
936 1805 1046 1833 Domini
1075 1806 1205 1842 appellat.
1231 1805 1365 1834 Jacobum
1392 1806 1651 1842 Hierosolymorum

857 1849 1024 1885 episcopum,
1039 1854 1067 1877 et
1079 1851 1172 1883 Josen.
1201 1853 1230 1878 et
1248 1850 1401 1884 Simonem,
1423 1854 1451 1878 et
1473 1850 1585 1884 Iudam,
1604 1850 1652 1886 qui

856 1893 953 1921 fratres
969 1894 1081 1922 Domini
1094 1894 1228 1921 nominati
1238 1898 1311 1927 sunt,
1335 1894 1371 1922 ob
1395 1893 1505 1930 Iosephi
1518 1901 1581 1922 cum
1596 1895 1651 1922 vir-

855 1938 917 1974 gine
932 1939 1048 1974 Deipara
1063 1938 1311 1973 desponsationem.

891 1984 980 2011 \‘sns.
993 1986 1020 2011 6.
1045 1993 1059 2010 α
1071 1986 1129 2011 Αιιι
1143 1983 1218 2011 solus
1232 1991 1282 2019 ego
1297 1987 1324 2011 et
1342 1983 1484 2012 Barnabas
1492 1992 1548 2012 non
1562 1983 1648 2012 habe-

855 2035 919 2055 mus
934 2032 1096 2064 potestatem
1109 2027 1162 2055 hoc
1173 2027 1311 2056 faciendi?
1327 2040 1339 2052 ι
1353 2029 1412 2056 Hoc
1428 2032 1480 2062 est,
1495 2035 1550 2056 non
1569 2028 1649 2056 habe-

854 2080 918 2100 mus
932 2077 1146 2109 potestatem,ut
1164 2073 1244 2101 otiosi
1255 2073 1389 2106 vivamus.
1404 2073 1483 2108 171
1495 2081 1526 2101 ac
1533 2073 1650 2101 nihilum

855 2122 1009 2153 operantes,
1034 2126 1049 2146 a
1063 2118 1201 2154 discipulis
1213 2119 1351 2154 alamur_?
1373 2118 1529 2146 Barnabam
1556 2121 1649 2146 autem

814 2184 839 2216 Β
854 2170 936 2198 quem
959 2170 1053 2191 secum
1076 2163 1216 2199 diligentia
1234 2163 1306 2191 circa
1322 2163 1392 2191 hanc
1407 2171 1466 2191 rem
1490 2163 1648 2199 participem

855 2211 950 2242 norat,
977 2208 1092 2236 minime
1115 2208 1267 2236 occultavit.
1299 2210 1369 2236 Nam
1397 2212 1425 2236 et
1448 2207 1492 2236 ille
1510 2207 1648 2244 operando

852 2252 1000 2281 victitabat.

888 2299 980 2326 Vsus.
996 2299 1012 2325 7
1019 2318 1026 2326 .
1039 2307 1054 2324 α
1069 2297 1135 2333 Quis
1146 2298 1244 2326 militat
1253 2297 1395 2334 stipendiis
1415 2298 1472 2326 suis
1483 2300 1626 2335 unquam?
1635 2310 1648 2322 ιο

853 2343 915 2370 Hoc
938 2347 989 2376 est.
1005 2343 1063 2371 suis
1075 2343 1237 2371 alimentis?
1249 2344 1353 2372 Omnes
1368 2343 1440 2372 enim
1451 2343 1496 2379 qui
1515 2343 1648 2378 militant,

853 2394 867 2414 e
886 2387 995 2423 publico
1009 2387 1129 2415 aluntur.
1152 2387 1268 2416 Pulchre
1296 2392 1388 2416 autem
1412 2395 1472 2416 rem
1503 2388 1650 2416 militarem

853 2431 928 2467 prius
942 2432 1044 2468 posuit.
1056 2433 1124 2461 Haec
1139 2433 1214 2460 enim
1231 2433 1387 2469 apostolica:
1400 2432 1535 2461 functioni
1554 2440 1651 2462 conve-

853 2476 903 2511 nit,
920 2481 1032 2513 propter
1045 2477 1148 2506 bellum
1156 2477 1342 2514 spiritualium
1352 2477 1484 2506 hostium.

890 2574 903 2588 ι
927 2563 995 2599 Quis
1014 2563 1121 2600 plantat
1148 2563 1268 2598 vineam,
1295 2568 1323 2592 et
1350 2564 1384 2592 de
1398 2563 1490 2592 fructu
1511 2564 1572 2600 ejus
1591 2571 1647 2592 non

852 2608 910 2637 edit
921 2610 933 2638 Ρ
944 2620 957 2633 ι
971 2610 1033 2637 Hoc
1040 2608 1166 2645 exemplo
1178 2609 1301 2637 laborem
1316 2613 1344 2637 et
1354 2609 1493 2645 ingentem
1504 2609 1647 2637 calamita-

852 2657 907 2681 tem
922 2657 1004 2689 atque
1018 2661 1114 2682 curam
1130 2652 1268 2682 indicavit.
1281 2654 1342 2682 Non
1354 2653 1423 2682 dixit
1432 2657 1533 2684 autem.
1544 2653 1647 2681 Totum

850 2697 974 2726 fructum
989 2698 1045 2726 edit
1059 2708 1065 2727 :
1085 2698 1144 2732 sed,
1159 2710 1171 2723 α
1190 2700 1231 2728 De
1241 2697 1346 2727 fructu.
1363 2710 1377 2724 ιι
1392 2699 1487 2735 Neque
1499 2697 1578 2733 dixit,
1586 2697 1648 2734 quis

699 2758 791 2787 Variae
814 2757 952 2787 lectiones
959 2780 966 2788 .

57 2811 73 2828 Ἡ
86 2812 99 2846 ἢ
112 2815 151 2842 οὒκ
163 2825 198 2846 m.
234 2819 256 2837 ⁸³
268 2822 357 2847 τοῦτον
370 2827 396 2849 o.
434 2819 457 2837 ⁹³
469 2819 606 2856 ἀργοῦντας
620 2828 647 2848 ο.
684 2820 707 2838 ⁸⁸
719 2821 806 2848 τούτου
815 2828 843 2849 0.
