1881 3081
251 142 304 171 667

758 147 1015 178 THEOPHYLACTI
1035 150 1215 181 BULGARDE
1232 154 1391 184 ARCHIEP.
1819 164 1850 191 tu

245 212 301 233 non
313 204 431 258 “ditescit
447 213 482 235 ex
495 206 608 236 fructu?
622 208 681 258 sed,
699 220 711 234 ι
724 210 789 238 Non
802 210 860 239 edit
875 213 912 240 ἲ»
925 212 1043 250 ubique,

1107 228 1115 242 ι
1131 214 1181 246 Ἐκ
1205 218 1251 246 τοῦ
1265 220 1381 257 καρποῦ.
1406 233 1419 245 ιι
1435 218 1495 250 οὐδὲ
1522 214 1596 258 εἷπε,
1609 220 1658 255 Τίς
1680 222 1709 252 οὗ
1731 223 1850 255 πλουτιῑὰ

248 249 323 287 quod
347 249 384 279 ad
405 258 485 279 usum
508 256 536 280 et
557 252 751 282 necessitatem
774 255 900 291 pertinet,
922 249 1045 294 quaerere

248 295 413 328 admonens.
426 303 482 324 non
494 296 567 332 quod
578 298 750 334 superﬂuum
761 304 812 328 est.

286 351 300 365 ι
316 340 383 375 Quis
399 341 484 377 pascit
497 349 618 378 gregem,
629 347 657 371 et
668 342 704 371 de
712 343 781 372 lacte
789 345 848 381 ejus
868 354 925 375 non
939 347 1018 376 edit?
1029 360 1042 374 ιι

247 386 311 414 Non
323 384 402 418 dixit,
420 386 520 414 Vendit
530 387 659 423 pecudes,
675 395 755 417 easve
768 389 843 423 edat,
872 395 920 419 aut
933 393 1045 422 univer-

247 437 310 458 sum
323 430 376 462 lac,
392 429 454 465 sed,
472 442 485 455 α
498 433 541 459 De
553 432 642 461 lacte:
662 445 674 458 ιι
695 434 842 463 ostendens
862 436 943 465 nobis
971 438 1046 474 quod

247 474 356 503 modica
366 476 554 504 consolatione
563 476 706 506 doctorem
718 483 882 509 contentum
893 489 952 510 esse
961 490 1045 519 opor-

248 523 315 554 teat,
329 527 362 548 ac
395 521 547 549 necessario
589 522 674 551 victu.
719 524 772 552 Per
797 529 936 561 pastorem
969 535 1044 562 vero,

249 571 378 601 magnam
396 573 491 594 curam
516 566 648 596 indicavit
674 576 757 605 quam
784 569 929 600 doctorem
952 580 1046 609 gerere

250 614 386 646 oporteat.

282 655 373 683 Vns.
389 658 418 684 8.
439 667 453 681 α
484 656 617 693 Nunquid
633 658 792 687 secundum
820 659 963 690 hominem
986 662 1046 691 hac

248 698 312 728 dico
327 701 383 728 i’an
395 705 422 728 et
434 700 478 729 lex
491 701 614 730 hacnon
630 702 715 731 dicit?
729 715 742 728 ι
758 704 819 732 Hoc
837 708 889 739 est,
910 707 990 735 Anne
1011 715 1045 736 ex

247 744 314 773 solis
342 744 472 773 humanis
505 746 638 783 exemplis
666 748 718 776 ista
748 749 847 784 probo,
876 758 929 778 nec
956 751 1044 780 habeo

247 789 395 825 Scriptum
408 791 622 820 testimonium?
647 793 765 822 Possum
785 794 914 830 equidem
930 795 1046 825 demon-

247 837 345 866 strare.
358 834 432 871 quod
446 834 506 864 hac
514 837 573 864 Deo
582 836 704 872 placeant
718 847 725 865 :
737 838 872 875 siquidem
881 844 907 868 et
916 840 968 875 lex,
981 849 1042 878 quae

249 887 304 907 non
319 884 361 907 est
380 879 502 908 humana
519 881 567 909 sed
579 881 680 915 divina,
694 881 756 911 haec
769 884 898 920 praecipit.

283 925 372 952 Vens.
385 926 412 952 9.
428 936 440 949 ιι
449 926 588 961 Scriptum
607 927 735 955 estenim
749 928 777 956 in
787 928 846 964 lege
860 930 950 967 Moysi
963 941 970 959 :
982 932 1044 960 Non

248 968 369 1005 alligabis
389 977 420 997 os
434 970 495 998 bavi
506 970 644 999 trituranti
660 972 683 1000 ⁸.
702 984 715 997 ιι
737 974 777 1000 Ex
789 973 954 1009 abundanti,
970 976 1043 1012 quod

248 1014 315 1049 vult,
325 1014 475 1043 conﬁrmat
490 1024 497 1041 :
510 1014 587 1044 unde
607 1020 635 1045 et
647 1016 732 1045 boum
747 1019 908 1055 exemplum
928 1020 1043 1056 profert.

283 1115 297 1129 ιι
312 1104 443 1141 Nunquid
455 1104 488 1134 de
498 1105 584 1134 bobus
595 1114 660 1135 cura
673 1111 715 1135 est
729 1109 789 1136 Deo
803 1110 815 1137 ἓ
833 1119 846 1132 ιι
860 1108 932 1143 Quid
947 1109 1046 1146 igitur?

249 1149 349 1177 Nonne
363 1150 459 1178 curat?
473 1150 595 1178 Omnino
606 1155 700 1185 certe;
715 1151 791 1188 atqui
804 1160 860 1180 non
874 1152 921 1186 ita,
930 1157 962 1181 ut
973 1153 1045 1190 leges

249 1196 284 1224 de
297 1195 451 1225 iissanciat.
466 1197 548 1226 Aliud
560 1198 654 1235 itaque
667 1198 797 1235 quiddam
811 1207 859 1235 per
869 1200 1044 1229 clementiam

249 1248 314 1277 erga
329 1241 410 1270 bruta
429 1241 615 1278 adumbravit,
632 1251 761 1272 exercens
782 1244 914 1273 nimirum
930 1245 1044 1275 Iudaeos

249 1285 278 1314 in
292 1286 385 1315 studio
402 1291 430 1315 et
441 1295 537 1316 amore
551 1295 615 1324 erga
637 1288 765 1317 doctores
779 1297 857 1318 suos.
877 1289 946 1319 Hinc
961 1298 1044 1327 porro

248 1330 391 1366 discimus,
419 1332 494 1369 quod
518 1341 689 1370 quaecunque
707 1333 736 1362 in
754 1335 847 1363 Veteri
868 1336 1044 1365 Testamento

248 1375 283 1404 de
297 1376 383 1405 brutis
397 1377 563 1406 animalibus
573 1377 646 1407 dicta
661 1383 734 1414 sunt,
749 1379 784 1407 ad
793 1379 949 1416 .hominum
969 1380 1045 1409 insti-

249 1421 387 1450 tutionem
400 1422 570 1451 conducunt.

283 1466 375 1495 Vnus.
394 1469 436 1495 to.
455 1477 469 1493 «
488 1470 531 1496 An
545 1472 658 1504 propter
673 1476 725 1497 nos
739 1468 799 1497 haec
813 1469 936 1498 'omnino
949 1469 1015 1499 dicit
1029 1473 1041 1499 Ρ

248 1515 363 1547 propter
374 1519 425 1539 nos
445 1511 520 1540 enim
539 1513 640 1548 scripta
660 1517 737 1541 sunt.
768 1524 781 1538 ιο
795 1528 832 1534 -
847 1525 860 1538 α
877 1514 1008 1549 Omnino,
1028 1526 1041 1539 ιι

1099 262 1145 308 τοῦ
1159 264 1280 300 καρποῢς
1295 262 1355 293 ἀλλ’
1368 274 1385 291 α
1401 265 1459 294 Οὔκ
1473 263 1554 294 ἐσθίει
1568 277 1576 284 ·
1594 269 1733 306 πανταχοῦ
1746 267 1772 298 τὸ
1787 271 1849 308 χρειῶ-

1099 305 1241 342 δεςνζητεῖν
1256 311 1408 346 παραινῶν,
1420 310 1449 339 οὖ
1464 309 1496 340 τὸ
1516 310 1649 351 περιττόν.

1141 362 1153 376 ι
1163 351 1212 384 Τίς
1225 352 1360 390 ποιμαίνει
1372 353 1505 392 ποίμνην,
1527 355 1574 384 καὶ
1589 355 1618 385 ἐκ
1637 359 1684 386 τοῦ
1697 355 1811 395 γάλακτος
1823 360 1852 388 αὖ·

1099 396 1145 442 τῆς
1158 396 1208 442 οὐκ
1224 397 1322 435 ἐσθίεις
1338 409 1352 427 )›
1370 399 1431 430 Οὔκ
1444 395 1533 437 εἶπεν,
1548 400 1590 430 ὅτι
1604 401 1697 434 Πωλεῖ
1711 401 1742 430 τὰ
1757 403 1852 442 πρόϐατε,

1099 439 1117 476 ἢ
1128 461 1136 474 ,
1157 439 1259 471 Ἔσθίει
1273 445 1358 473 ταῦτα
1368 465 1376 480 ,
1398 443 1415 479 ἢ
1431 444 1472 474 Τὸ
1485 445 1556 484 γαίλα
1569 449 1641 480 πᾶν,
1657 446 1726 482 ἀλλ’,
1745 459 1757 472 ιι
1776 439 1816 477 Ἔχ
1826 452 1852 478 τῶ

1098 485 1230 532 γοίλιυιτος
1241 498 1248 505 ·
1264 501 1275 513 ι
1291 488 1416 518 δεικνύων
1428 491 1494 527 ἡμῖν
1503 512 1512 528 ,
1524 489 1566 520 ὅτι
1581 494 1665 530 μικρᾷ
1680 492 1818 532 παραμυθία
1824 493 1851 523 τὸν

1098 530 1262 578 ἒδάσκαλον
1275 533 1413 571 ἀρκεῖσθαι
1434 535 1474 564 δεῖ
1485 533 1521 572 ³⁵,
1533 534 1580 564 καὶ
1650 536 1775 577 ἀναγκαίᾳ
1791 530 1852 578 rpite;

1098 575 1157 611 Τὴν
1172 575 1201 605 δὲ
1223 577 1324 613 πολλὴν
1341 579 1503 616 κηδεμονίαν
1520 579 1640 616 ἐδήλωσε
1650 602 1660 619 ,
1678 579 1721 610 διὰ
1735 575 1776 611 τοῖἷ
1787 575 1852 620 κοιμί-

1098 631 1142 654 νος
1151 643 1160 659 ,
1175 620 1209 656 ἣν
1222 621 1259 650 δεῖ
1271 621 1342 661 ἔχειν
1353 622 1397 652 τὸν
1411 623 1584 656 διδάσκαλον.

1139 678 1152 692 α
1167 666 1215 701 Μὴ
1229 666 1297 695 κατὰ
1318 666 1456 708 ἄνθρωπον
1479 670 1564 697 ταῦτα
1589 668 1677 706 λέγω;
1699 668 1716 705 ἢ
1740 670 1853 710 miliqu

1099 710 1177 748 νόμος
1189 713 1274 740 ταῦτα
1289 711 1376 751 λίγει;
1391 725 1404 739 ι
1426 713 1577 750 Taurini,
1607 714 1654 750 Μὴ
1670 715 1700 744 ἐκ
1719 716 1766 744 τῶν
1786 716 1854 754 ἄνθρω-

1099 754 1182 785 πίνιυν
1196 755 1283 794 μόνων
1303 757 1508 797 ὑποδειγμάτων
1521 761 1606 789 ταῦτα
1626 761 1753 797 συνιστιτι,
1771 760 1852 799 οὐκέχω

1101 798 1128 829 δὲ
1144 799 1190 829 καὶ
1212 800 1267 830 ἀπὸ
1287 803 1334 837 τῆς
1349 803 1456 843 Γραφῆς
1472 803 1636 843 μαρτυρίανς
1656 803 1733 844 Ἐχω
1751 804 1817 838 δεῖξαι
1828 798 1851 833 ὅτι

1098 845 1144 873 καὶ
1159 846 1196 885 τῷ
1211 845 1274 885 Θεῷ
1288 849 1373 875 ταῦτα
1388 847 1473 883 δοκεῖ,
1487 849 1533 877 καὶ
1554 849 1569 877 ὁ
1582 848 1676 886 νόμος,
1695 849 1719 882 ὃς
1732 849 1775 879 οὖιι
1786 848 1851 888 ἀνθρύ-

1059 895 1083 927 Β
1099 900 1173 923 πινος
1183 912 1192 926 ,
1209 890 1278 919 ἀλλὰ
1295 891 1362 924 θεῖός
1378 892 1447 926 ἐστι.
1462 895 1548 921 ταῦτα
1563 892 1720 932 διαγορεύει.

1138 947 1151 961 α
1168 933 1216 965 Ἐν
1228 934 1280 975 γὰρ
1294 937 1332 976 τῷ
1347 936 1465 970 Μωσέως
1476 937 1549 977 νόμῳ
1563 937 1711 977 γέγραπται
1723 949 1730 957 ·
1745 939 1781 969 Οὗ
1792 937 1851 978 φιμώ-

1099 990 1154 1012 σεις
1180 981 1242 1019 βοῦν
1259 981 1389 1012 ἀλοῶντα.
1407 992 1423 1010 ι
1447 981 1499 1012 Ἐκ
1524 983 1680 1022 περιουσίας
1702 983 1852 1017 κατασκευάζει

1099 1023 1114 1053 ὃ
1129 1024 1252 1063 βούλεται
1265 1037 1272 1044 ·
1288 1025 1332 1055 διὰ
1354 1028 1431 1057 τοῦτο
1452 1027 1500 1057 καὶ
1522 1027 1553 1057 τὸ
1575 1027 1630 1057 τῶν
1654 1029 1722 1068 βοῶν
1735 1028 1851 1068 παρεισάγει

1099 1068 1248 1108 ὓπόδειγμα
1262 1069 1298 1098 ⁵⁵.

1143 1127 1156 1140 ι
1175 1114 1223 1150 Μὴ
1239 1117 1291 1145 τῶν
1318 1117 1386 1153 βοῶν
1414 1115 1490 1154 μέλει
1514 1118 1554 1157 τῷ
1579 1117 1667 1157 etas;
1692 1127 1709 1146 ι
1729 1117 1762 1148 Τί
1773 1113 1818 1153 οῧν;
1835 1117 1851 1145 οὐ

1101 1158 1192 1196 μέλει;
1209 1159 1263 1189 Ναὶ
1278 1159 1385 1194 πάντως
1394 1172 1401 1179 ·
1416 1161 1476 1190 ἀλλ’
1488 1162 1539 1202 οὐχ
1555 1161 1639 1196 οὕτως
1648 1184 1656 1199 ,
1666 1162 1732 1192 ὥστε
1743 1162 1782 1191 καὶ
1791 1162 1851 1199 νόμως

1099 1203 1198 1232 τιθέναι
1218 1204 1279 1244 περὶ
1300 1204 1411 1235 τούτων.
1425 1203 1514 1236 "an:
1534 1207 1601 1237 ἄλλο
1621 1219 1648 1236 τι
1659 1207 1772 1247 ᾐνίττετο
1783 1206 1814 1236 διᾶ
1825 1207 1852 1240 τῆς

1099 1248 1136 1281 εἰς
1157 1248 1192 1277 τὰ
1207 1248 1291 1289 ἄλογα
1316 1251 1532 1291 φιλανθρωπίας,
1559 1252 1728 1291 ἐγγυμνάζων
1750 1251 1799 1283 τοὺς
1813 1250 1864 1280 Ἴου-η

1099 1291 1186 1326 δαίους
1248 1295 1284 1328 εἷς
1299 1293 1360 1328 τοὺς
1381 1295 1556 1329 διδασκάλους
1579 1298 1693 1337 σπουδῇ.
1717 1295 1864 1345 Ἐντεῐθινξὲγ

1100 1337 1283 1377 μανθάνομεν,
1299 1339 1349 1375 ὅτι,
1371 1339 1420 1369 ὅσα
1443 1340 1504 1381 περὶ
1520 1340 1624 1379 ἀλόγων
1643 1342 1668 1371 ἐν
1728 1341 1818 1379 Παλαιᾷ

1099 1384 1240 1422 γεταιλεῖς
1253 1383 1301 1420 τὴν
1315 1385 1367 1414 τῶν
1385 1384 1530 1425 ἀνθρώπων
1541 1388 1662 1416 συντελεῖ
1673 1386 1830 1416 διδασκαλίαν,
1863 1387 1864 1394 ‘

1140 1486 1153 1499 ι
1179 1470 1219 1503 Ἦ
1249 1472 1284 1502 δι’
1312 1473 1385 1512 ἡμᾶς
1420 1473 1527 1508 πάντως
1561 1475 1652 1515 λέγεις
1681 1476 1721 1506 Δι’
1748 1477 1806 1513 ἦμες

1099 1516 1213 1558 ἐγράφη.
1230 1530 1242 1544 ι
1265 1518 1323 1556 Τὸ,
1347 1532 1359 1544 α
1383 1518 1512 1556 Πάντως,
1526 1533 1537 1545 ι
1559 1520 1596 1553 ὣς
1614 1520 1663 1550 ἐπὶ
1686 1518 1852 1559 ὁμολογουμ-ίνω

249 1555 327 1592 quasi
337 1555 372 1584 de
384 1563 414 1584 re
433 1556 556 1584 confessa
568 1557 670 1593 posuit,
690 1562 721 1586 ut
741 1558 782 1586 ita
796 1558 916 1587 auditori
931 1559 1041 1588 nullum

1107 1555 1210 1591 τέθεικεν
1220 1585 1228 1600 ,
1242 1562 1286 1592 ἵνα
1355 1555 1519 1604 συγχωρήσῂ
1530 1587 1540 1602 ,
1570 1565 1638 1603 μηδ’
1654 1555 1736 1595 ὁτιοῦν
1758 1555 1852 1593 ἀντιιπεῖι

249 1600 453 1628 contradicendi
471 1601 564 1629 locum
577 1601 722 1639 relinquat.

299 1656 312 1669 ιι
330 1645 468 1681 Quoniam
480 1646 508 1673 in
519 1654 567 1682 spe
586 1646 678 1682 debet,
693 1648 739 1684 qui
762 1652 831 1683 arat,
851 1656 938 1677 arare.
955 1660 968 1673 ι
984 1650 1045 1678 Hoc

248 1693 300 1723 est,
317 1694 471 1726 przeceptor
487 1698 536 1727 spe
549 1693 784 1728 compensationis
803 1697 831 1722 et
854 1694 1045 1724 retributionis

248 1741 326 1762 arare
338 1742 372 1763 ac
393 1734 520 1764 laborare
543 1736 635 1765 debet.

286 1790 300 1804 α
316 1780 349 1808 Et
367 1778 413 1816 qui
438 1780 560 1815 triturat,
587 1785 619 1809 ut
643 1782 680 1810 sit
698 1783 834 1820 particeps
848 1784 906 1821 spei
933 1791 1001 1818 suae,
1014 1784 1044 1812 in

249 1831 308 1860 spe.
330 1835 344 1849 ιι
360 1826 385 1852 Α
399 1824 504 1853 semine
515 1825 551 1853 ad
561 1832 654 1854 aream
668 1827 775 1862 transit,
789 1828 893 1857 multos
908 1829 1044 1865 apostolo-

249 1877 311 1898 rum
324 1870 439 1898 sudores
461 1869 528 1898 inde
539 1870 575 1898 ob
593 1871 674 1907 172
689 1872 785 1901 oculos
797 1881 902 1909 ponens
920 1884 927 1902 :
939 1881 1005 1902 nam
1019 1877 1047 1901 et

249 1915 300 1951 ipsi
309 1919 397 1949 arant,
409 1920 438 1944 et
450 1922 542 1944 aream
561 1915 709 1953 frugesque
718 1922 825 1946 terunt.
849 1918 987 1953 Quoniam
997 1925 1046 1946 au-

247 1964 306 1990 tem
320 1962 356 1995 is,
367 1961 414 1997 qui
428 1965 498 1996 arat,
515 1966 607 1998 sperat
622 1966 732 1990 tantum
748 1972 754 1991 :
770 1963 815 1999 qui
832 1971 898 1991 vero
919 1963 1045 1998 triturat,

245 2005 305 2042 jam
315 2006 399 2034 etiam
413 2005 504 2042 aliqua
525 2013 555 2033 re
570 2005 682 2040 fruitur,
715 2011 860 2042 propterea
871 2008 952 2043 dixit,
969 2018 983 2034 ιι
994 2009 1046 2045 Qui

248 2050 370 2084 triturat,
381 2050 438 2086 spei
447 2057 505 2078 sum
519 2049 656 2086 particeps
668 2054 718 2078 est.
739 2062 752 2075 ιι
767 2052 808 2079 Ne
823 2052 884 2088 quis
903 2053 987 2089 igitur
1001 2054 1045 2082 di-

248 2101 292 2125 cat
315 2105 323 2125 :
337 2096 408 2132 Quid
421 2104 487 2132 ergo
503 2098 515 2125 Ξ⁵
535 2098 590 2125 Tot
604 2101 801 2133 tantorumque
825 2098 960 2128 sudorum
976 2100 1046 2129 hanc

249 2141 338 2170 solam
355 2141 514 2170 mercedem
528 2141 578 2169 das
589 2141 730 2177 apostolis,
747 2144 778 2170 ut
794 2142 900 2171 alantur
914 2147 1043 2175 tantum?

247 2186 356 2223 adjecit,
373 2198 387 2211 ι
412 2188 445 2216 In
459 2194 518 2223 spe,
539 2198 552 2211 ιι
580 2185 740 2215 futurorum
756 2187 879 2216 videlicet
892 2188 1041 2218 bonorum.

1099 1608 1138 1646 τῷ
1154 1609 1284 1647 ἀκροατῇ.

1139 1665 1151 1677 σ
1167 1649 1232 1681 Ὅτι
1255 1652 1297 1682 ἐπ’
1313 1651 1400 1682 ἐλπίδι
1426 1652 1525 1694 ὀφείλει
1548 1656 1563 1684 ὁ
1578 1655 1708 1694 ἀροτριῶν
1731 1655 1852 1693 ἀροτριᾷνιι

1099 1695 1259 1734 Τουτέστιν,
1272 1698 1286 1726 ὃ
1304 1697 1463 1732 διδάσκαλος
1478 1698 1576 1740 ὀφείλει
1593 1700 1731 1741 ἀροτριᾷν,
1742 1700 1781 1729 καὶ
1791 1695 1864 1743 κοπιᾷνξ

1099 1741 1145 1771 ἐπ’
1163 1741 1251 1771 ἐλπίδι
1263 1741 1379 1780 ἀμοιϐῆς
1396 1742 1441 1772 καὶ
1464 1743 1644 1782 ἀντιμισθίας.

1145 1796 1160 1815 ιι
1178 1785 1231 1816 Καὶ
1245 1788 1260 1815 ὃ
1281 1787 1385 1825 ἀλοῶν,
1401 1789 1448 1824 τῆς
1469 1788 1577 1822 ἐλπίδος
1600 1791 1683 1819 αὑτοῦ
1698 1788 1816 1828 μετέχειν,
1828 1786 1851 1814 ἐπ’

1100 1831 1196 1861 ἐλπίδι.
1210 1842 1226 1858 ι
1243 1830 1308 1862 Ἀπὸ
1332 1834 1378 1861 τοῦ
1393 1833 1494 1873 σπόρου
1517 1833 1561 1863 ἐπὶ
1581 1833 1631 1869 τὴν
1656 1833 1743 1863 ἅλωνα
1756 1832 1850 1871 μετῆλθεν

1100 1877 1240 1905 κάντεῦθεν
1255 1876 1314 1910 τοὺς
1336 1877 1448 1910 πολλοὺς
1473 1878 1587 1917 ἱδρῶτας
1609 1880 1663 1908 τῶν
1681 1878 1815 1908 ἀποστόλων
1826 1875 1852 1912 ἔμ-

1101 1920 1200 1960 φαίνων
1214 1933 1221 1940 ·
1237 1921 1277 1950 δτι
1299 1920 1345 1951 καὶ
1368 1923 1443 1952 αὗτοὶ
1460 1923 1507 1952 καὶ
1523 1925 1667 1964 ἀῳτριῶσι
1684 1923 1727 1953 καὶ
1740 1922 1782 1957 τὴν
1792 1921 1852 1950 ἅλωνα

1100 1964 1228 2011 τρίβουσι.
1245 1965 1358 2001 Ἐπειδὴ
1373 1966 1401 1996 δὲ
1423 1969 1437 1996 ὁ
1452 1966 1500 2006 μὲν
1521 1968 1654 2008 ἀροτριῶν
1675 1967 1767 2008 ἐλπίζει
1786 1966 1852 2011 μένον»

1103 2012 1117 2039 ὃ
1133 2009 1160 2039 δὲ
1176 2010 1262 2040 ἀλοῶν
1279 2011 1326 2040 καὶ
1341 2010 1471 2041 ἀπολαύει
1485 2012 1537 2048 ἤδη
1552 2013 1622 2047 τινός
1637 2023 1645 2030 ⁸
1662 2013 1704 2042 διὰ
1717 2014 1784 2042 τοῦτο
1799 2009 1853 2042 tim

1101 2053 1141 2098 ὅτι
1165 2068 1176 2082 ε
1193 2055 1228 2086 ⁸0
1244 2056 1329 2085 ἀλοῶν
1350 2059 1398 2092 τῆς
1424 2057 1530 2098 ἐλπίδος
1554 2059 1637 2087 αὑτοῦ
1659 2056 1768 2098 μετέχει.
1784 2068 1794 2082 ι
1812 2052 1852 2083 Ἵνα

1105 2094 1149 2128 οὖν
1165 2099 1203 2137 μή
1227 2113 1268 2134 τις
1294 2100 1356 2141 εἴπῃ
1374 2113 1381 2119 ·
1396 2100 1434 2132 Τί
1456 2096 1516 2139 οῧνς
1546 2103 1599 2131 τῶν
1629 2094 1853 2149 τώούτωνλὶδρώτωῖ

1099 2145 1182 2182 μόνην
1211 2144 1312 2180 ταύτην
1341 2145 1457 2184 ἀμοιϐὴν
1481 2146 1559 2181 δίδως
1581 2147 1638 2180 τοῖς
1669 2144 1820 2181 ἀποστόλοις,
1836 2144 1853 2169 τὸ

1098 2187 1240 2229 τρέφεσθαι
1255 2190 1349 2228 μόνον;
1374 2190 1538 2230 προσέθηκεν
1552 2203 1560 2210 ·
1576 2205 1589 2218 ι
1608 2191 1671 2222 Ἐπ’
1691 2190 1770 2222 ἐλπίδι
1782 2197 1789 2206 ³
1802 2196 1853 2216 τωτ-

248 2232 339 2267 Quare
365 2235 392 2260 et
405 2231 449 2260 illa
474 2231 588 2268 quidem
608 2239 720 2268 sperare
734 2237 853 2268 oportet,
874 2234 922 2263 sed
934 2234 1043 2264 interim

1107 2231 1170 2270 ξστι,
1239 2237 1292 2264 τῶν
1318 2229 1471 2273 μελλόντων
1483 2235 1509 2255 ⁸⁷
1535 2236 1652 2275 ἀγαθῶν,
1681 2235 1759 2266 Ὥστε
1779 2234 1809 2263 διῖ
1824 2229 1853 2269 μὲν

250 2277 333 2306 etiam
343 2277 390 2306 ali.

283 2323 371 2350 Vens.
389 2323 432 2350 11.
445 2334 458 2346 α
474 2321 505 2350 Si
514 2329 566 2350 nos
579 2321 658 2350 vobis
672 2322 822 2359 spiritualia
831 2324 1042 2359 seminavimus,

247 2374 383 2403 magnum
408 2370 450 2395 est
462 2366 485 2395 si
511 2374 564 2395 nos
588 2371 677 2396 vestra
702 2369 822 2397 carnalia
849 2372 1009 2398 metamus?
1030 2382 1042 2394 ιι

248 2412 302 2441 Rei
327 2412 484 2448 aequitatem
496 2411 540 2441 hic
551 2413 678 2442 ostendit.
691 2414 752 2442 Non
768 2414 841 2443 enim
856 2415 932 2451 paria
949 2414 1044 2443 reddi-

246 2457 291 2491 tis,
306 2456 406 2493 inquit,
423 2465 473 2494 pro
487 2457 521 2486 iis
539 2465 603 2494 quas
621 2459 772 2495 accepistis.
796 2460 853 2488 Nos
875 2460 949 2488 enim
965 2461 1044 2496 spiri-

248 2501 333 2530 tualia
352 2502 428 2530 vobis
443 2502 648 2538 seminavimus,
665 2511 713 2531 vos
723 2507 816 2532 autem
831 2505 951 2533 carnalia
965 2505 1045 2533 nobis

247 2546 372 2576 redditis.
390 2547 523 2584 Magnum
534 2547 620 2584 igitur
639 2548 692 2576 hoc
706 2550 763 2577 est?

283 2593 373 2621 Vnns.
391 2595 434 2621 12.
452 2603 465 2616 ι
481 2592 564 2627 Quod
577 2592 599 2620 si
609 2592 652 2620 alii
663 2593 809 2629 potestatis
822 2597 919 2623 vestrae
932 2595 1044 2631 partici-

246 2645 295 2675 pes
314 2641 394 2672 sunt,
408 2645 501 2666 nonne
520 2637 610 2674 potius
624 2645 676 2666 nos
689 2639 702 2666 Ρ
718 2649 732 2664 ιι
752 2639 889 2668 Doctores
906 2639 1042 2675 quosdam

282 2702 296 2722 π
309 2703 392 2730 Deut.
407 2708 482 2734 xxv,
495 2703 524 2729 4.

1098 2279 1209 2308 κάκεῖνα
1225 2279 1354 2318 ἐλπίζειν,
1370 2278 1440 2316 πλὴν
1460 2280 1507 2310 καὶ
1529 2281 1682 2321 τρέφεσθαι.

1138 2336 1150 2350 α
1166 2324 1200 2353 Εἰ
1214 2325 1291 2362 ἡμεῖς
1311 2326 1373 2363 ὑμῖν
1385 2324 1420 2354 τὰ
1441 2319 1611 2364 πνευματικὰ
1630 2325 1795 2366 ἐσπείραμεν,
1807 2319 1852 2359 μέτι

1099 2367 1122 2397 εἰ
1145 2369 1224 2407 ἡμεῖς
1248 2370 1322 2407 ὑμῶν
1352 2369 1386 2399 τὰ
1405 2369 1523 2410 σαρκικὰ
1547 2365 1711 2410 Θερίσομενςγ
1731 2365 1851 2398 ’Ἐνταῦθ²

1098 2412 1130 2442 τὸ
1149 2413 1251 2459 δίκαιον
1273 2413 1389 2459 δείκνυσι
1412 2418 1458 2459 τοῖξ
1473 2414 1640 2459 πράγματος.
1663 2416 1703 2445 Οὖ
1721 2410 1849 2459 γὰρ.

1099 2458 1182 2498 φησὶ,
1207 2458 1308 2495 δίδοτε,
1336 2453 1372 2487 ὧν
1390 2453 1510 2489 ἐλάϐετε.
1537 2453 1656 2498 ΠἮμεῖς
1681 2459 1727 2498 μὲν
1749 2456 1793 2497 γὰρ
1811 2454 1849 2498 θξξῖν

1098 2497 1259 2542 ἐσπείραμεν
1280 2502 1464 2545 πνευματικὰ,
1484 2505 1558 2542 ὑμεῖς
1581 2497 1608 2534 δὲ
1628 2497 1738 2545 σαρκικὰ
1758 2503 1810 2539 ἡμῖν
1821 2497 1850 2525 ἀν·

1098 2547 1205 2579 τιδίοτε.
1221 2547 1301 2585 Μέγα
1317 2543 1362 2577 οὖν
1381 2547 1459 2578 τοῦτό
1476 2549 1562 2586 ἐστ-ιη
1844 2583 1849 2593 ν

1139 2605 1152 2618 ι
1182 2593 1217 2622 Εἰ
1246 2592 1322 2623 ἄλλοι
1344 2595 1391 2629 τῆς
1415 2593 1534 2628 ἐξουσίας
1558 2595 1632 2632 ὑμῶν
1660 2591 1811 2640 μιετίχουσιξ,
1833 2591 1851 2640 ς)

1099 2637 1190 2677 πολλῷ
1209 2637 1311 2676 μᾶλλον
1332 2639 1410 2677 ἡμεῖς
1422 2648 1431 2676 ;
1447 2652 1460 2664 ιι
1475 2638 1742 2670 Ψευδοδιδασκιίλους
1753 2632 1812 2665 τινὰ(
1821 2632 1850 2658 αἶ·

941 2739 1036 2769 Varia
1057 2739 1212 2771 lectiones.

283 2809 305 2826 ⁸⁵
320 2809 371 2845 χρή
387 2816 412 2838 ο.
450 2808 472 2826 ⁸⁸
486 2809 644 2846 παράδειγμα
654 2818 682 2839 o.
720 2810 745 2828 ’⁷
762 2812 806 2845 τῆς
818 2810 959 2847 μελλούσης
973 2811 1170 2848 μισθαποδοσέας
1179 2820 1205 2840 ο.
