1881 3081
189 149 241 177 667

694 151 952 180 THEOPHYLACTI
972 152 1152 182 BULGARLE
1169 154 1328 184 ARCHIEP.
1785 158 1833 186 ϐω

183 219 239 240 non
251 210 368 258 ditescit
385 219 419 241 ex
433 211 545 241 fructu?
559 212 618 247 sed,
635 224 648 238 α
661 215 726 242 Νοιι
739 213 797 242 edit
812 216 824 243 ?
837 225 850 240 ιδ
862 215 962 252 ubique
974 235 982 249 ,

1081 218 1119 247 Εκ
1142 219 1188 247 τοῦ
1202 220 1318 258 καρποῦ.
1344 232 1356 245 ι·
1373 217 1432 249 οὐδὲ
1459 213 1533 256 εἷπε,
1547 218 1597 253 Τίς
1619 219 1649 249 οὖ
1673 219 1787 250 πλουτεῖ
1806 221 1833 251 ἐκ

187 256 262 294 quod
285 255 321 285 ad
342 264 423 285 usum
445 261 474 286 et
495 258 689 286 necessitatem
712 258 837 295 pertinet,
859 267 983 297 quaerere

186 301 351 335 admonens.
364 309 419 330 non
431 301 506 338 quod
516 303 688 339 superﬂuum
700 308 751 332 est.

225 357 239 372 ι
254 346 322 382 Quis
337 347 422 383 pascit
436 355 555 383 gregem.
567 351 595 375 et
607 347 642 375 de
651 348 719 376 lacte
727 349 786 385 ejus
806 357 864 377 non
878 349 934 378 edit
944 352 955 378 ?
967 362 980 376 ιι

186 393 249 421 Non
261 391 340 424 dixit,
358 391 458 420 Vendit
469 392 597 428 pecudes,
613 400 694 421 easve
706 392 782 427 edat,
810 398 858 422 aut
871 396 984 424 univer-

186 444 249 465 sum
262 436 314 469 lac,
331 435 393 471 sed,
411 447 423 461 α
437 439 480 465 De
493 437 560 466 lacte
575 448 581 466 :
600 449 613 462 ι·
634 438 780 466 ostendens
801 439 882 468 nobis
910 440 985 477 quod

187 481 295 510 modica
305 481 493 510 consolatione
502 481 645 511 doctorem
657 488 821 512 contentum
831 492 891 513 esse
900 493 985 521 opor-

188 530 254 561 teat,
269 533 302 555 ac
335 526 487 555 necessario
529 527 613 556 victu.
659 529 711 556 Per
736 533 876 565 pastorem
908 538 983 565 vero,

189 579 319 608 magnam
336 578 432 600 curam
456 571 588 601 indicavit
614 580 697 610 quam
724 572 869 602 doctorem
892 582 986 611 gerere

191 620 327 653 oporteat.

223 662 314 690 Vsns.
330 664 359 690 8.
380 673 394 687 α
424 661 557 698 Nunquid
573 662 732 691 secundum
761 663 903 692 hominem
927 664 986 694 haec

190 705 253 735 dico
269 708 325 734 ian
336 710 364 734 et
375 707 419 735 lex
431 706 490 735 hac
497 714 554 735 non
570 707 655 735 dicit?
669 719 683 732 ιν
699 708 760 736 Hoc
778 711 829 743 est,
851 710 930 737 Anne
952 717 986 738 ex

189 751 256 780 solis
284 751 413 780 humanis
446 751 579 788 exemplis
607 752 659 780 ista
689 752 788 788 probo,
817 761 870 781 nec
897 753 985 783 habeo

188 796 335 832 Scriptura:
349 796 563 825 testimonium?
588 797 706 826 Possum
726 797 855 834 equidem
872 798 988 828 demon-

189 845 286 873 strare.
299 841 373 878 quod
387 840 447 870 haec
456 842 514 869 Deo
523 841 645 878 placeant
660 851 666 870 :
678 842 814 878 siquidem
822 847 848 871 et
857 843 910 877 lex,
923 851 984 880 qua:

191 894 245 914 non
260 891 302 914 est
321 885 444 914 humana
460 886 508 914 sed
520 886 621 920 divina,
636 886 698 915 haec
711 887 840 924 praecipit.

225 932 313 959 Vsus.
326 933 354 958 9.
370 931 530 967 uScriptum
549 931 677 959 estenim
691 931 718 959 in
728 932 788 968 lege
802 932 891 970 Moysi
906 934 987 962 :Non

189 975 310 1011 alligabis
331 983 362 1004 os
376 976 437 1004 b0vi
448 976 586 1004 trituranti
603 977 626 1004 ε.
644 988 657 1001 υ
679 978 719 1004 Ex
732 977 896 1012 abundanti,
913 978 985 1014 quod

191 1021 418 1056 vult,conﬁrmat
433 1029 439 1047 :
453 1020 529 1050 unde
550 1025 577 1050 et
589 1021 675 1050 boum
689 1022 851 1058 exemplum
871 1022 986 1059 profert.

226 1122 240 1136 οι
254 1111 386 1148 Nunquid
398 1110 431 1139 de
441 1111 527 1140 bobus
538 1119 604 1140 cura
616 1115 658 1140 est
672 1113 732 1140 Deo
746 1114 758 1141 Ρ
775 1122 788 1136 η
803 1111 875 1147 Quid
890 1112 989 1149 igitur?

193 1156 293 1184 Nonne
307 1156 403 1184 curat?
417 1155 538 1184 Omnino
550 1159 644 1190 certe;
659 1155 733 1192 atqui
748 1164 804 1184 non
818 1156 864 1189 ita,
873 1160 906 1184 ut
915 1156 988 1192 leges

192 1203 228 1231 de
241 1202 395 1231 iissanciat.
410 1203 492 1232 Aliud
504 1203 598 1240 itaque
610 1203 741 1239 quiddam
755 1211 802 1239 per
813 1202 988 1232 clementiam

193 1255 258 1284 erga
274 1248 354 1276 bruta
374 1247 559 1283 adumbravit,
576 1255 705 1276 exercens
725 1248 858 1276 nimirum
875 1248 989 1276 Judzeos

194 1292 222 1321 in
237 1292 329 1321 studio
347 1297 374 1321 et
385 1301 481 1322 amore
496 1301 560 1329 erga
582 1292 709 1321 doctores
723 1301 801 1322 suos.
821 1292 890 1322 Hinc
905 1301 989 1329 porro

193 1337 336 1373 discimus,
364 1338 439 1375 quod
463 1345 634 1375 quaecunque
652 1337 680 1366 in
699 1339 792 1366 Veteri
812 1339 988 1367 Testamento

194 1382 228 1411 de
243 1382 329 1411 brutis
343 1383 508 1412 animalibus
517 1382 592 1412 dicta
606 1386 680 1418 sunt,
694 1382 729 1411 ad
739 1382 894 1419 hominum
913 1382 990 1411 insti-

194 1428 332 1457 tutionem
346 1428 515 1457 conducunt.

229 1473 321 1502 Vnns.
339 1475 382 1501 10.
401 1483 415 1499 ι(
433 1476 476 1502 An
491 1477 604 1509 propter
618 1481 671 1501 nos
685 1472 745 1501 haec
759 1472 880 1501 omnino
894 1472 961 1501 dicit
975 1475 986 1502 Ρ

194 1522 309 1555 propter
320 1525 371 1546 nos
391 1517 466 1546 enim
485 1518 585 1553 scripta
606 1521 683 1545 sunt.
714 1528 727 1541 ιο
741 1531 778 1538 —-
793 1529 806 1541 α
823 1517 954 1552 Omnino,
974 1529 987 1542 ι»

1036 263 1082 291 τοῦ
1097 265 1217 301 καρποῦ;
1233 262 1292 293 ἀλλ’
1306 274 1322 291 α
1338 264 1397 294 Οὐκ
1411 262 1491 294 ἕσθίει
1506 275 1513 283 ·
1532 266 1675 304 πανταχοῦ
1690 265 1722 294 τὸ
1742 267 1834 305 χρειῶο

1037 306 1078 340 δες
1092 309 1179 343 ζητεῖν
1194 311 1345 346 παραινῶν,
1358 309 1387 338 οὗ
1402 307 1434 339 τὸ
1454 308 1588 350 περιττόν.

1079 363 1091 378 ι
1101 352 1149 385 Τίς
1163 353 1298 391 ποιμαίνει
1310 353 1442 391 ποίμνην,
1465 353 1512 383 καὶ
1527 354 1557 383 ἐκ
1576 357 1623 384 τοῦ
1636 353 1774 393 γάλακτος
1793 356 1838 384 αὖ·

1037 397 1083 433 τῆς
1099 397 1146 426 οὖκ
1163 397 1260 434 ἐσθίεις
1276 408 1291 427 ι)
1309 399 1369 429 Οὖκ
1383 394 1472 436 εἶπεν,
1487 399 1529 429 δτι
1543 399 1637 431 Πωλεῖ
1651 398 1686 428 τὰ
1703 399 1840 439 πρόϐατα,

1038 441 1056 478 ἢ
1067 462 1075 475 ν
1096 441 1198 472 Ἐσθίει
1212 445 1297 472 ταῦτα
1307 466 1315 480 ,
1336 443 1353 479 ἢ
1369 444 1410 474 Τὸ
1423 444 1494 483 γάλα
1508 447 1580 479 πᾶν,
1596 443 1667 480 ἀλλ’,
1689 457 1702 470 ι
1727 444 1783 474 Ἐκ
1797 448 1839 475 τοῦ

1038 486 1169 525 γάλακτος
1180 499 1187 506 ·
1203 501 1214 513 ι
1231 488 1355 517 δεικνύων
1368 491 1432 527 ἡμῖν
1443 511 1451 527 ,
1462 488 1504 518 ὅτι
1519 492 1603 528 μικρᾷ
1619 489 1785 529 παραμυθίᾳ
1796 489 1838 519 τὸν

1038 531 1200 562 διδάσκαλον
1215 533 1353 571 ἀρκεῖσθαι
1373 534 1413 563 δεῖ
1424 532 1460 571 ³⁵,
1473 532 1518 563 καὶ
1589 534 1726 574 ἀναγκαίᾳ
1747 536 1840 575 τροφῇ.

1038 575 1098 612 Τὴν
1112 576 1141 606 δὲ
1163 577 1264 614 πολλὴν
1281 578 1442 616 κηδεμονίαν
1459 578 1579 614 ἐδήλωσε
1589 600 1598 617 ,
1617 577 1661 608 διᾶ
1677 581 1727 608 τοῦ
1742 579 1841 618 ποιμέ-

1038 632 1100 661 νος,
1116 621 1149 658 ἢν
1162 622 1199 651 δεῖ
1212 621 1282 662 ἔχειν
1293 622 1338 652 τὸν
1351 623 1524 655 διδάσκαλον.

1080 680 1092 694 ι
1108 666 1155 702 Μὴ
1169 666 1238 696 κατὰ
1260 666 1396 708 ἄνθρωπον
1420 669 1503 697 ταῦτα
1529 667 1616 705 λέγοις
1639 666 1657 704 ἢ
1683 667 1749 708 οὖχὶ
1766 667 1815 697 καὶ
1831 670 1845 698 ὁ

1040 711 1118 750 νόμος
1130 714 1215 741 ταῦτα
1231 711 1317 751 λέγει;
1332 725 1344 738 ιι
1367 711 1517 748 Τουτέστι,
1547 712 1593 748 Μὴ
1609 713 1639 741 ὶκ
1659 714 1713 742 τῶν
1740 713 1847 753 ἀνθρω-

1039 755 1123 786 πίνων
1137 756 1224 794 μόνων
1244 757 1448 796 ὑποδειγμάτων
1461 760 1546 787 ταῦτα
1566 759 1697 794 own-r63,
1720 758 1773 787 οὐκ
1788 758 1844 798 ἔχω

1041 799 1069 830 δὲ
1086 800 1131 830 καὶ
1153 800 1208 830 ἀπὸ
1228 803 1276 837 τῆς
1290 802 1397 843 Γραφῆς
1413 801 1575 842 μαρτυρίανς
1595 801 1675 842 Ἐχω
1697 801 1786 836 δεῖξαι
1803 803 1843 832 ὅτι

1040 846 1086 875 καὶ
1100 847 1138 886 τῷ
1152 846 1215 886 Θεῷ
1230 849 1314 876 ταῦτα
1330 847 1414 883 δοκεῖ,
1428 847 1473 876 καὶ
1495 848 1510 875 6
1523 846 1615 885 νόμος,
1635 847 1661 880 ὃς
1675 847 1726 876 οὖκ
1741 847 1845 887 ἀνθρώ-

1001 897 1025 929 B
1041 902 1115 924 πινος
1125 913 1134 928 ,
1151 891 1220 920 ἀλλὰ
1237 891 1304 925 θεῖός
1319 892 1389 925 ἐστι.
1404 894 1488 920 ταῦτα
1505 890 1662 930 διαγορεύει.

1081 949 1093 962 ι
1110 935 1158 966 Ἐν
1171 935 1222 976 γὰρ
1236 937 1274 976 τῷ
1289 935 1406 970 Μωσέως
1418 936 1491 976 νόμῳ
1505 935 1653 976 γέγραπται
1665 948 1673 955 ·
1690 937 1734 966 Οὒ
1751 937 1846 977 φιμώ-

1041 991 1096 1014 σεις
1123 982 1184 1020 βοῦν
1201 981 1332 1011 ἀλοῶντα.
1350 991 1365 1010 ο
1389 981 1441 1011 Ἐκ
1466 981 1620 1020 περιουσίας
1643 982 1847 1016 κατασκευάζει

1042 1024 1195 1064 ὃβούλεται
1208 1037 1214 1044 ·
1230 1025 1274 1055 διὰ
1297 1028 1374 1056 τοῦτο
1395 1026 1443 1056 καὶ
1465 1025 1495 1056 τὸ
1518 1026 1571 1055 τῶν
1594 1027 1664 1066 βοῶν
1679 1027 1847 1067 παρεισάγει

1043 1070 1191 1110 ὑπόδειγμα
1205 1070 1241 1099 9“.

1086 1128 1099 1142 α
1119 1115 1167 1151 Μὴ
1182 1117 1234 1145 τῶν
1261 1117 1329 1154 βοῶν
1358 1115 1432 1154 μέλει
1457 1117 1497 1156 τῷ
1522 1115 1607 1155 Θεῷ;
1634 1126 1651 1144 )
1673 1115 1710 1146 Τί
1725 1111 1791 1152 οῧνς
1820 1117 1848 1146 οὗ

1045 1160 1136 1198 μέλει;
1151 1159 1206 1190 Ναὶ
1222 1160 1328 1194 πάντως
1338 1171 1345 1179 ο
1360 1161 1420 1189 ἀλλ’
1431 1162 1482 1201 οὐχ
1498 1159 1580 1194 οὕτως
1589 1183 1598 1197 ,
1607 1159 1676 1189 ὥστε
1688 1161 1738 1190 καὶ
1750 1161 1850 1199 νόμους

1043 1204 1142 1234 τιθέναι
1162 1205 1222 1244 περὶ
1244 1205 1355 1234 τούτων.
1369 1203 1458 1235 Ὥστε
1478 1205 1544 1235 ἄλλο
1563 1217 1589 1235 τι
1600 1205 1724 1245 ᾐνίττετο
1739 1206 1787 1235 διὰ
1803 1208 1852 1242 τ-’ἧς

1043 1250 1080 1282 εἰς
1102 1249 1136 1278 τὰ
1151 1249 1235 1289 ἄλογα
1260 1250 1476 1290 φιλανθρωπίας,
1502 1250 1673 1290 ἐγγυμνάζων
1697 1249 1762 1283 τοὺς
1783 1249 1854 1280 Ἰου-

1044 1293 1131 1327 δαίους
1193 1296 1228 1328 εἰς
1244 1293 1304 1328 τοὺς
1325 1295 1500 1328 διδασκάλους
1523 1296 1635 1335 σπουδῇ.
1661 1294 1812 1325 Ἐντεῦθεν
1827 1297 1854 1325 δὲ

1044 1339 1227 1377 μανθάνομεν,
1243 1339 1295 1375 ὅτι,
1315 1339 1365 1369 ὅσα
1387 1339 1448 1380 περὶ
1465 1339 1567 1378 ἀλόγων
1584 1340 1611 1369 ἓν
1673 1340 1795 1380 Παλαιᾷ
1812 1341 1854 1370 λέ-

1044 1385 1185 1424 γεταιλεῖς
1198 1384 1246 1421 τὴν
1260 1386 1312 1414 τῶν
1330 1384 1475 1424 ἀνθρώπων
1486 1386 1605 1414 συντελεῖ
1616 1384 1815 1416 διδασκαλίαν.

1085 1488 1098 1501 ι
1125 1471 1163 1504 Ἣ
1195 1473 1230 1503 δι’
1258 1474 1330 1512 ἡμᾶς
1365 1472 1472 1507 πάντως
1506 1474 1595 1514 Mysi;
1624 1474 1666 1504 Δι’
1697 1476 1775 1512 ἡμᾶς
1803 1475 1856 1515 γὰρ

1044 1518 1159 1559 ἐγράφη.
1176 1531 1188 1545 ι
1211 1518 1268 1557 Τὸ,
1293 1532 1305 1544 ιι
1329 1518 1482 1555 "dium,-
1505 1519 1541 1552 ὥς
1559 1518 1606 1548 ἐπὶ
1630 1519 1856 1558 ὁμολογουμένου
1880 1542 1881 1555 ι

195 1563 274 1600 quasi
284 1562 319 1591 de
330 1570 360 1590 re
379 1561 502 1590 confessa
514 1562 616 1598 posuit,
636 1566 668 1590 ut
687 1562 727 1590 ita
742 1561 862 1590 auditori
877 1562 987 1590 nullum

1081 1566 1156 1593 ium
1166 1587 1174 1602 ,
1188 1563 1232 1593 ἵνα
1247 1562 1285 1602 μὴ
1301 1563 1464 1603 συγχωρήσῃ
1476 1586 1486 1601 ,
1516 1563 1581 1602 μηδ’
1598 1565 1684 1593 ὁτιοῦν
1710 1564 1857 1595 ἀντειπεῖν

195 1607 399 1636 contradicendi
417 1607 510 1636 locum
523 1607 668 1644 relinquat.

246 1663 259 1677 ιι
277 1651 415 1688 Quoniam
427 1652 454 1679 in
465 1659 513 1688 spe
533 1652 624 1687 debet,
640 1652 685 1688 qui
708 1656 778 1687 arat,
797 1659 885 1680 arare.
902 1663 914 1677 ι
930 1653 992 1681 Hm

195 1700 247 1731 est,
264 1701 417 1733 praeceptor
434 1704 482 1733 spe
496 1697 730 1733 compensationis
750 1701 778 1725 et
800 1697 992 1726 retributionis

196 1749 273 1770 arare
286 1749 318 1770 ac
341 1741 467 1770 laborare
490 1742 582 1770 debet.

234 1797 247 1812 α
264 1787 297 1815 Et
315 1785 360 1823 qui
385 1786 507 1820 triturat,
534 1790 566 1815 ut
590 1787 628 1815 sit
645 1787 781 1824 particeps
795 1787 853 1824 spei
881 1794 949 1820 suae,
962 1786 991 1815 in

198 1838 256 1868 spe.
278 1842 292 1856 ιο
308 1832 334 1859 Α
347 1831 451 1859 semine
463 1830 499 1859 ad
509 1837 601 1859 aream
615 1831 723 1866 transit,
737 1832 840 1860 multos
856 1831 991 1868 apostolo-

197 1884 259 1905 rum
272 1877 387 1905 sudores
409 1875 476 1904 inde
488 1875 523 1904 ob
541 1876 622 1912 172
638 1876 733 1905 oculos
745 1884 849 1913 ponens
868 1887 875 1905 :
887 1884 953 1904 nam
966 1880 996 1904 et

198 1921 249 1958 ipsi
259 1926 346 1955 arant,
358 1925 386 1949 et
399 1928 490 1950 aream
509 1920 657 1958 frugesque
666 1926 773 1950 terunt.
798 1921 936 1956 Quoniam
946 1928 994 1948 au-

197 1971 256 1997 tem
270 1968 305 2002 is,
317 1967 363 2004 qui
377 1971 447 2002 arat,
463 1971 556 2003 sperat
570 1971 681 1995 tantum
696 1976 703 1995 :
719 1967 764 2002 qui
780 1974 847 1994 vero
868 1966 994 2000 trilurat,

195 2012 255 2049 jam
265 2012 348 2040 etiam
362 2011 453 2048 aliqua
474 2019 504 2039 re
519 2010 630 2044 fruitur.
664 2015 809 2047 propterea
820 2011 901 2046 dixit,
918 2020 932 2038 α
943 2011 995 2047 Qui

197 2057 320 2091 triturat,
330 2056 387 2093 spei
396 2064 454 2085 suae
468 2055 606 2092 particeps
617 2059 667 2083 est.
687 2066 700 2080 υ
716 2057 757 2084 Ne
772 2056 833 2092 quis
852 2056 936 2092 igitur
951 2057 994 2085 di-

198 2108 242 2133 cat
265 2113 273 2133 :
287 2103 357 2140 Quid
371 2111 437 2140 ergo
452 2105 464 2132 ?
485 2105 540 2131 Tot
554 2106 750 2138 tantorumque
774 2101 910 2131 sudorum
925 2103 995 2132 hanc

199 2149 289 2178 solam
305 2149 464 2177 mercedem
478 2147 528 2176 das
539 2146 680 2182 apostolis,
696 2149 728 2174 ut
743 2146 850 2175 alantur
863 2150 993 2178 tantum?

198 2194 307 2231 adjecit,
324 2206 337 2219 ι
363 2195 395 2223 In
409 2201 468 2230 spe,
490 2204 503 2217 ιο
530 2191 690 2220 futurorum
706 2191 828 2220 videlicet
842 2191 992 2221 bonorum.

1045 1610 1085 1648 τῷ
1101 1610 1231 1648 ἀκροατῇ.

1086 1666 1098 1679 α
1113 1650 1178 1683 Ὅτι
1202 1652 1243 1683 ἐπ’
1259 1652 1346 1682 ἐλπίδι
1372 1652 1471 1693 ὀφείλει
1495 1655 1509 1683 6
1524 1653 1654 1692 ἀροτριῶν
1679 1653 1831 1693 ἀροτριᾷν.
1848 1668 1858 1679 -
1880 1649 1881 1654 η

1046 1696 1205 1734 Τουτέστιν,
1219 1699 1233 1727 6
1250 1697 1409 1732 διδάσκαλος
1424 1697 1522 1739 ὀφείλει
1540 1698 1680 1738 ἀροτριᾷν,
1692 1699 1740 1728 καὶ
1755 1703 1859 1739 κοπιᾷν

1046 1743 1092 1773 ἐπ’
1110 1742 1198 1772 ἐλπίδι
1210 1742 1326 1781 ἀμοιϐῆς
1343 1742 1388 1772 καὶ
1411 1742 1588 1781 ἀντιμισθίας.

1093 1798 1108 1816 ιι
1126 1786 1179 1817 Καὶ
1193 1789 1207 1816 6
1229 1788 1332 1825 ἀλοῶν,
1348 1789 1394 1823 τῆς
1416 1788 1524 1821 ἐλπίδος
1547 1789 1629 1817 αὑτοῦ
1645 1787 1793 1827 μετέχειν,
1815 1790 1857 1818 ἐπ’

1048 1832 1144 1862 ἐλπίδι.
1158 1843 1174 1859 ι
1191 1831 1256 1862 Ἀπὸ
1280 1834 1326 1861 τοῦ
1341 1833 1441 1873 σπόρου
1464 1832 1508 1862 ἐπὶ
1529 1832 1577 1868 τὴν
1602 1831 1694 1861 ἅλωνα
1710 1834 1855 1871 μετῆλθε,

1048 1879 1188 1906 κάντεῦθεν
1203 1877 1262 1910 τοὺς
1284 1877 1396 1910 πολλοὺς
1421 1877 1534 1916 ἱδρῶτας
1557 1878 1609 1906 τῶν
1627 1877 1791 1907 ἀποστόλων
1812 1880 1860 1917 ἒμ-

1049 1922 1148 1962 φαίνων
1162 1934 1169 1941 ·
1185 1921 1226 1951 ὅτι
1248 1920 1294 1951 καὶ
1317 1922 1392 1951 αὐτοὶ
1408 1922 1455 1952 καὶ
1471 1923 1613 1962 ἀροτριῶσι
1631 1922 1677 1951 καὶ
1692 1922 1744 1957 τὴν
1758 1922 1860 1952 ἅλωνα

1049 1966 1177 2006 τρίϐουσι.
1193 1966 1307 2001 Ἐπειδὴ
1322 1966 1350 1996 δὲ
1371 1968 1385 1996 6
1401 1966 1449 2006 μὲν
1470 1967 1601 2007 ἀροτριῶν
1623 1965 1723 2007 ἐλπίζει
1750 1968 1860 2005 μόνον,

1052 2014 1066 2041 6
1082 2011 1109 2040 δὲ
1125 2012 1212 2041 ἀλοῶν
1228 2011 1275 2041 καὶ
1290 2010 1420 2041 ἀπολαύει
1434 2011 1485 2047 ἤδη
1500 2011 1570 2046 τινός
1585 2021 1591 2029 ⁸
1610 2011 1653 2040 διὰ
1667 2013 1748 2041 τοῦτο
1768 2007 1861 2050 εἶπεν,

1050 2055 1090 2097 ὅτι
1115 2069 1125 2083 ι
1142 2056 1178 2086 ¹0
1194 2057 1279 2086 ἀλοῶν
1299 2059 1347 2092 τῆς
1373 2056 1479 2097 ἐλπίδος
1502 2057 1584 2086 αὑτοῦ
1607 2055 1726 2097 μετέχει.
1746 2069 1761 2083 ι
1787 2056 1861 2088 Ἵνα.

1054 2095 1099 2130 οῦν
1115 2101 1152 2139 μή
1177 2113 1217 2135 τις
1243 2100 1306 2140 εἴπῃ
1324 2112 1331 2119 ·
1346 2100 1382 2131 Τί
1406 2095 1466 2137 οῦνς
1495 2102 1548 2130 τῶν
1576 2095 1710 2131 rooon
1729 2102 1861 2141 ἱδρώτων

1049 2147 1132 2184 μόνην
1161 2145 1261 2181 ταύτην
1290 2144 1407 2184 ἀμοιϐὴν
1431 2145 1508 2180 δίδως
1531 2145 1587 2178 τοῖς
1618 2144 1802 2185 ἀποστόλοις,
1832 2148 1861 2178 τὸ

1048 2189 1190 2231 τρέφεσθαι
1205 2191 1284 2230 μόνον
1290 2203 1299 2228 ;
1324 2189 1488 2230 προσέθηκεν
1502 2201 1509 2209 ·
1526 2203 1539 2217 ιι
1557 2189 1621 2220 Ἐπ’
1641 2189 1730 2220 ἐλπίδι
1745 2199 1756 2208 ⁸
1774 2202 1862 2221 τουτ-

199 2240 290 2275 Quare
316 2243 343 2268 et
356 2238 400 2267 illa
425 2237 538 2274 quidem
559 2244 670 2274 sperare
685 2241 803 2272 oportet,
824 2237 872 2266 sed
884 2238 988 2266 interim

1081 2247 1120 2272 τι,
1135 2237 1169 2276 τῇ
1189 2238 1242 2265 τῶν
1268 2235 1421 2274 μελλόντων
1433 2234 1459 2254 ⁹⁷
1486 2235 1602 2274 ἀγαθῶν.
1631 2233 1717 2265 Ὥστε
1742 2235 1785 2265 δεῖ
1811 2236 1863 2276 μὲν

201 2285 284 2314 etiam
295 2284 342 2313 ali.

234 2331 323 2358 Vens.
341 2330 383 2356 ll.
396 2340 409 2352 α
426 2327 456 2356 Si
465 2334 518 2355 nos
531 2326 609 2355 vobis
623 2326 773 2363 spiritualia
782 2328 993 2362 seminavimus,

199 2382 334 2411 magnum
360 2377 401 2401 est
414 2372 437 2401 si
462 2379 515 2401 nos
540 2376 629 2400 vestra
653 2373 774 2401 carnalia
801 2375 961 2401 metamus?
981 2385 993 2397 ιι

201 2420 254 2449 Rei
280 2419 436 2456 aequitatem
449 2417 492 2446 hic
503 2417 630 2446 ostendit.
643 2419 704 2446 Non
719 2418 793 2447 enim
807 2418 884 2454 paria
900 2417 995 2446 reddi—

198 2465 244 2499 tis,
259 2464 358 2501 inquit.
375 2471 425 2500 pro
439 2463 473 2492 iis
492 2470 555 2500 qua:
573 2463 724 2500 accepistis.
748 2465 805 2492 Nos
827 2463 901 2491 enim
917 2463 996 2499 spiri-

201 2510 286 2538 tualia
305 2508 380 2537 vobis
395 2508 601 2543 seminavimus,
617 2516 665 2537 vos
675 2512 767 2537 autem
783 2508 903 2536 carnalia
917 2508 996 2536 nobis

200 2554 325 2584 redditis.
344 2554 476 2590 Magnum
487 2553 572 2590 igitur
591 2554 644 2582 hoc
658 2555 716 2582 est?

236 2601 326 2629 Vnns.
345 2601 387 2627 l2.
405 2610 418 2623 ι
434 2598 516 2634 Quod
529 2598 552 2626 si
561 2597 605 2626 alii
616 2597 761 2634 potestatis
774 2601 872 2626 vestrae
885 2597 996 2633 partici-

201 2653 249 2682 pes
268 2648 348 2678 sunt.
362 2651 454 2673 nonne
473 2644 563 2681 potius
577 2644 654 2672 nos?
671 2654 685 2668 η
705 2644 842 2671 Doctores
859 2641 995 2678 quosdam

236 2709 250 2730 ⁸
263 2710 347 2737 Deut.
362 2714 436 2741 xxv,
449 2709 478 2735 4.

1049 2281 1159 2310 κάκεῖνα
1175 2279 1305 2318 ἐλπίζειν,
1320 2278 1390 2315 πλὴν
1412 2279 1457 2309 καὶ
1479 2279 1632 2320 τρέφεσθαι.

1089 2338 1101 2351 α
1117 2325 1151 2355 Εἰ
1165 2326 1242 2364 ἡμεῖς
1262 2326 1323 2363 ὓμῖν
1336 2324 1371 2354 τὰ
1392 2323 1561 2362 πνευματικὰ
1581 2324 1746 2365 ἐσπείραμεν
1756 2348 1766 2362 ,
1782 2326 1860 2365 μέγα

1050 2370 1073 2399 εἰ
1096 2371 1175 2408 ἡμεῖς
1199 2371 1273 2408 ὑμῶν
1303 2369 1338 2399 τὰ
1356 2368 1474 2409 σαρκικὰ
1498 2369 1655 2410 θερίσομεν;
1687 2369 1859 2399 »Ἐνταῦθα

1050 2414 1081 2444 τὸ
1101 2414 1203 2444 δίκαιον
1225 2413 1340 2455 δείκνυσι
1364 2418 1410 2444 τοῦ
1424 2413 1592 2455 πράγματος.
1615 2415 1657 2444 οὗ
1676 2413 1730 2454 γὰρ
1750 2414 1857 2454 ὅμοια,

1051 2459 1133 2500 φησὶ,
1159 2459 1260 2495 δίδοτε,
1287 2454 1324 2488 ὧν
1342 2458 1462 2489 ἐλάϐετε.
1514 2457 1608 2498 Ἡμεῖς
1634 2459 1683 2497 μὲν
1709 2458 1765 2499 γὰρ
1791 2461 1857 2497 ὓμῖν

1050 2503 1211 2543 ἐσπείραμεν
1232 2502 1417 2540 πνευματικὰ,
1436 2504 1510 2541 ὗμιῑς
1533 2503 1561 2533 δὲ
1581 2502 1697 2544 σαρκικὰ
1720 2505 1790 2542 ἡμῖν
1808 2505 1860 2534 ἀν-

1050 2548 1157 2580 τιδίοτε.
1173 2548 1253 2586 Μέγα
1269 2544 1314 2578 οὖν
1333 2547 1411 2578 τοῦτό
1428 2548 1514 2586 tam;

1092 2606 1104 2620 ι
1135 2594 1170 2624 Εἰ
1198 2593 1274 2623 ἄλλοι
1297 2595 1344 2630 τῆς
1368 2592 1486 2628 ἐξουσίας
1511 2594 1585 2631 ὑμῶν
1614 2592 1794 2633 μετέχουσιν,
1830 2595 1860 2624 οὗ

1051 2639 1143 2678 πολλῷ
1162 2638 1263 2678 μᾶλλον
1285 2640 1384 2677 ἡμεῖς;
1400 2651 1413 2664 ι
1428 2637 1704 2672 Ψευδοδιδασκάλους
1717 2638 1795 2673 τινὰς
1811 2640 1860 2669 αἶ-

894 2741 990 2771 Variae
1011 2741 1166 2772 lectiones.

238 2816 260 2834 ’³
275 2817 326 2853 ΧΡῆ
341 2824 366 2845 0-
404 2815 426 2833 9⁸
440 2814 598 2851 παράδειγμα
609 2821 636 2843 ο.
675 2813 700 2831 ⁸⁷
717 2815 760 2848 τῆς
773 2813 914 2850 μελλούσης
928 2813 1124 2850 μισθαποδοσέας
1134 2821 1160 2842 o.
