1881 3081
24 183 67 209 57a
446 175 624 205 EXPOSITIO
644 176 677 205 1N
698 175 803 205 EPIST.
825 175 835 204 ι
853 176 900 204 AD
917 176 996 205 COR.
1016 191 1051 199 —
1071 177 1145 207 CAP.
1167 179 1209 207 IX.

1597 184 1650 213 674

23 254 58 272 νον
79 240 147 277 θήσω
167 239 196 270 τὸ
219 238 382 279 Εὖαγγέλιον
406 241 452 268 τοῦ
481 240 613 279 Χριστοῦ,
641 239 678 272 εἷς
700 237 730 268 τὸ
758 236 796 277 μὴ

896 238 1017 274 edicam,
1029 239 1089 268 sine
1098 243 1212 276 sumptu
1226 248 1325 278 ponam
1342 242 1520 280 Evangelium
1535 245 1649 281 Christi,

21 285 225 326 καταχρήσασθαι
304 283 409 324 ἐξουσίᾳ
433 295 484 323 μου
500 284 525 312 ἐν
539 285 578 323 τῷ
602 282 767 323 Εὗαγγελίῳ.
785 296 798 309 ι

22 331 150 363 Τουτέστιν
160 352 170 369 ,
191 331 205 360 6
229 328 325 368 μείζων
347 329 440 368 μισθὸς
459 328 505 359 καὶ
519 328 695 368 καυχήματος
710 328 780 362 ἄξιος
790 350 799 365 ,

21 376 58 406 ἵνα
77 375 110 414 μὴ
124 374 339 415 καταχρήσωμαι
406 374 527 414 ἐξουσία,
552 373 686 404 τουτέστιν
696 395 705 409 ,
731 373 800 408 ὅλως

21 420 149 460 χρήσωμαι
162 429 170 437 ·
195 419 243 455 τὴν
268 418 319 459 γὰρ
348 418 439 453 ἁπλῶς
471 419 591 459 χρῆσιν,
630 417 799 459 κατάχρησιν

22 464 137 503 ὠνόμασε.
155 465 299 503 Πανταχοῦ
320 462 349 492 δὲ
369 462 488 497 ἐξουσίαν
512 462 542 492 τὸ
569 467 682 503 πρᾶγμα
706 463 802 498 καλεῖ,

23 508 110 542 δεικνὺς
121 531 129 545 ,
144 508 184 538 ὅτι
200 508 258 537 οὐδὲ
271 508 295 537 οἱ
310 507 492 545 λαμϐάνοντες
505 507 661 547 ἡμάρτανόν
679 519 716 537 τι.
728 521 740 535 ε
753 507 801 537 Ἐν

22 555 53 593 τῷ
67 552 213 594 Εὐαγγελίῳ
230 563 245 581 ι
263 551 291 581 δδ
303 574 312 589 ,
328 547 416 589 εἶπεν,
438 551 482 582 ἵνα
498 551 588 592 δείξῃ,
605 551 646 582 ὅτι
661 553 676 581 6
691 552 802 592 εὐαγγεο

22 598 140 637 λιζόμενος
159 597 205 627 καὶ
231 598 336 638 πονῶν,
348 597 448 638 ὄφείλιι
469 596 620 636 λαμϐάνειν
637 608 645 616 ·
669 599 684 627 6
703 597 731 627 δὲ
754 598 802 637 ἀρ⁸

22 645 67 683 γῶν
81 643 102 681 ⁵,
121 641 160 674 οὔ.

53 747 64 760 ι
79 732 229 772 Ἐλεύθερος
255 732 307 773 γὰρ
333 732 369 763 ὢν
383 733 414 763 ἐκ
431 732 557 770 πάντων,
580 736 663 763 πᾶσιν
687 731 803 772 ἰμαυτὸν

25 777 162 815 ἐδούλωσα,
177 777 222 806 ἵνα
249 777 309 812 τοὺς
333 777 455 811 πλιίονας
470 777 602 816 κερδήσω.
626 789 640 807 ν
659 777 698 808 Τὸ
724 776 803 807 πλέον

25 822 102 862 λέγει,
125 822 164 852 ὅτι
192 823 235 853 Οὐ
257 821 336 861 μόνον
362 823 410 853 οὐκ
435 821 548 861 ἔλαϐον,
573 822 659 852 καίτοι
683 822 803 856 ἐξουσίαν

25 867 83 908 ἔχων
95 879 102 886 υ
118 866 183 896 ἄλλᾶ
199 867 246 896 καὶ
263 867 396 908 ἐλεύθερος
417 866 469 904 ὢν,
495 868 542 897 καὶ
556 867 641 896 οὐδενὶ
662 867 805 905 ὑποκείμι-

854 288 884 312 ιιι
908 291 965 312 non
981 284 1080 313 abutar
1094 289 1230 321 potestate
1248 293 1308 314 mea
1327 285 1356 315 in
1383 288 1542 325 Evangelio.
1559 302 1573 316 ι
1590 293 1650 320 Hoc

853 332 905 363 est,
921 329 1012 365 major
1025 333 1067 358 est
1080 337 1196 364 merces,
1211 329 1346 368 dignaque
1358 331 1534 368 gloriatione,
1550 339 1582 363 ut
1594 343 1650 364 non

854 373 954 402 abutar
977 378 1110 410 potestate
1129 382 1201 409 mea,
1227 374 1255 404 id
1276 380 1328 411 est,
1346 377 1462 406 omnino
1483 382 1555 407 utar.
1578 379 1648 408 Sim-

855 417 956 454 plieem
992 419 1067 447 enim
1097 427 1189 452 usum,
1214 420 1331 449 abusum
1359 422 1513 457 appellavit.
1536 422 1651 461 Ubique

855 466 948 491 autem
976 464 1131 500 negotium,
1155 468 1320 501 potestatem
1345 466 1487 501 nominat,
1502 468 1650 498 ostendens

856 507 941 544 quod,
954 515 1042 545 neque
1057 509 1221 545 accipientes
1231 515 1380 546 peccarunt
1394 511 1554 548 quidquam.
1581 525 1593 538 ι
1617 515 1651 542 In

857 553 1015 589 Evangelio,
1026 564 1039 578 ι
1052 558 1144 582 autem
1151 553 1236 588 dixit;
1250 555 1291 582 uti
1300 554 1338 583 ob
1350 555 1445 584 oculos
1456 561 1552 592 ponat,
1566 558 1650 594 quod,

855 596 878 625 is
900 597 949 634 qui
969 598 1105 634 Evangelii
1136 598 1284 627 ministerio
1305 599 1446 636 fungatur,
1467 601 1589 638 adeoque
1611 603 1650 632 la-

858 641 948 676 boret,
976 642 1100 679 accipere
1137 643 1234 679 debet;
1266 644 1312 681 qui
1337 649 1430 674 autem
1459 646 1565 676 otiosus
1599 651 1650 681 est,

858 694 915 715 mil]
918 694 982 715 Ime.

894 732 984 761 Vens.
1001 735 1044 762 l9.
1060 744 1074 758 ι
1087 733 1160 762 Nam
1175 741 1240 762 cum
1255 733 1324 763 liber
1337 741 1427 764 essem
1454 743 1487 764 ex
1508 736 1649 773 omnibus,

857 777 985 806 omnium
1005 785 1051 806 me
1063 785 1174 807 servum
1196 777 1260 812 feci,
1269 783 1300 807 ut
1313 779 1404 816 plures
1424 779 1625 811 lucrifacerem.
1642 793 1656 808 ι

860 821 942 857 Quod
965 822 1057 859 majus
1077 826 1129 857 est,
1153 822 1230 851 dicit.
1257 825 1320 852 Non
1342 824 1444 859 solum,
1473 825 1574 862 inquit,
1601 834 1656 856 non

861 866 965 902 accepi,
993 866 1102 895 etiamsi
1118 871 1282 904 potestatem
1304 868 1435 898 haberem
1452 878 1459 898 :
1474 871 1657 900 verumetiam

25 894 79 949 ᾲὲςῖ
97 894 396 952 οιέιὲνὲζριτξῖἰέρζιῖξ
414 894 652 942 annos...
665 894 801 950 ὶῇζζέὲζ-

896 894 935 939 er-
953 894 1017 940 cum
1042 894 1149 946 mni,
1181 915 1210 940 et
1240 912 1344 941 nemini
1371 913 1529 950 subjectus,
1567 923 1656 952 neque

25 957 67 996 οὐκ
85 956 120 986 ἑνὶ
131 956 175 986 καὶ
190 956 286 995 δυσὶν,
304 957 372 986 ἀλλὰ
394 959 428 997 τῇ
448 955 589 997 οἰκουμένῃ
601 965 608 973 ·
635 957 685 996 οὐχ
706 955 751 985 ἵνα
771 956 806 990 ὡς

25 1000 94 1035 κόλαξ
106 1000 191 1040 ἇρέσω
207 1023 217 1038 ,
233 1001 292 1030 ἀλλ’
307 1000 352 1030 ἵνα
369 1000 429 1035 τοὺς
443 1001 568 1035 πλείονας
592 1001 715 1041 κερδήσω
725 1011 732 1021 ·
748 999 806 1035 τοὺς

22 1044 65 1086 γὰρ
85 1045 183 1079 πάντας
189 1067 198 1083 ,
219 1045 372 1085 ἀμήχανον.

55 1195 67 1210 α
91 1181 143 1214 Καὶ
160 1181 289 1222 ἐγινόμην
309 1181 362 1216 τοῖς
382 1180 518 1215 Ἰουδαίοις
539 1182 574 1215 ὡς
597 1181 744 1217 Ἰουδαῖος,
761 1180 804 1210 ἵνα

23 1227 154 1261 Ἰουδαίους
182 1226 319 1267 κερδήσω.
349 1238 362 1253 ι
396 1225 463 1256 Ὅτι
488 1225 627 1266 περιέτεμε
661 1225 802 1265 Τιμόθεον.

22 1272 72 1301 Οὖχ
85 1267 138 1302 εἶπε
155 1270 182 1301 δὲ
193 1293 203 1308 ,
218 1271 360 1308 Ἰουδαῖος,
380 1270 439 1300 ἀλλ’
449 1292 457 1305 ,
479 1284 491 1296 ι
507 1270 558 1305 Ὠς
571 1270 715 1310 Ἰουδαῖος,
732 1284 744 1297 ι
761 1270 805 1300 ἵνα

21 1315 84 1356 δείξῃ
97 1317 135 1346 ὅτι
146 1315 284 1354 οἰκονομία
300 1315 331 1345 τὸ
350 1321 462 1356 πρᾶγμα
478 1310 525 1351 ἧν.

54 1419 65 1433 ι
80 1406 139 1440 Τοῖς
150 1405 201 1436 ὑπὸ
216 1406 297 1444 νόμον
307 1427 316 1442 ,
336 1404 371 1438 ὣς
387 1404 437 1434 ὑπὸ
450 1404 530 1443 νόμον
542 1427 551 1442 ,
568 1403 612 1434 ἵνα
632 1403 690 1439 τοὺς
705 1403 756 1434 ὑπὸ
767 1403 806 1433 νόα

25 1461 67 1487 μον
80 1450 208 1490 κερδήσω.
229 1462 245 1479 ι
261 1449 332 1482 Τοὺς
355 1449 537 1490 προσηλύτους
557 1448 648 1488 λέγει,
666 1449 683 1485 ἢ
705 1448 765 1483 τοὺς
779 1448 805 1484 ἐξ

22 1492 145 1524 Ἰουδαίων
161 1494 210 1535 μὲν
228 1493 336 1527 πιστοὺς
360 1493 513 1533 γενομένους
523 1515 532 1529 ,
555 1493 594 1523 ἔτι
619 1494 647 1523 δὲ
662 1496 709 1524 τοῦ
723 1494 804 1532 νόμου

20 1538 186 1579 ἐξεχομένους.
213 1539 337 1578 Ἐγένετο
360 1538 389 1567 δὲ
415 1541 517 1575 ταῦτα,
544 1537 589 1568 ὅτε
614 1538 741 1579 ἐξύρατο,
760 1538 803 1568 δτι

19 1582 56 1613 ἕθυ
62 1595 88 1614 σε
102 1584 136 1615 τὰ
151 1586 195 1614 τοῦ
209 1585 351 1622 ἁγνισμοῦ.
367 1583 459 1613 Ταῦτα
472 1582 500 1612 δὲ
511 1582 595 1613 ἐποίει
609 1583 782 1622 οἰκονομικῶς
793 1605 802 1620 ,

20 1628 59 1657 καὶ
72 1628 126 1658 κατ’
140 1627 284 1666 ἐπίδειξιν,
305 1625 350 1657 ἵνα
363 1626 423 1661 τοὺς
438 1628 544 1664 ἀληθῶς
565 1629 650 1657 ταῦτα
665 1630 804 1662 ποιοῦντας

21 1672 196 1712 διορθώσηται.

55 1773 68 1791 ι
87 1763 148 1797 Τοῖς
171 1762 298 1801 ἀνόμοις,
320 1764 356 1798 ὡς
385 1763 492 1802 ἄνομος.
523 1776 535 1790 ι
562 1761 687 1801 Ἀνόμους
710 1761 803 1802 λέγει,

18 1805 70 1840 τοὺς
94 1807 131 1846 μὴ
159 1807 204 1838 τὸν
232 1807 314 1846 νόμον
342 1810 387 1838 τοῦ
403 1807 522 1840 Μωσέως
547 1807 678 1847 ἔχοντας,
701 1805 763 1841 τοὺς
778 1806 804 1842 ἐξ

18 1850 89 1881 ἐθνῶν
100 1876 108 1890 ,
126 1847 177 1886 οἶος
199 1847 233 1888 ἦν
259 1852 404 1893 Κορνήλιος
419 1864 426 1871 ·
449 1848 486 1886 οἶς
501 1851 547 1881 καὶ
568 1853 655 1885 αὐτοῖς
667 1852 679 1870 ⁷
699 1852 805 1892 ἐπιφοι-

16 1896 77 1933 τῶν,
96 1896 289 1936 συγκατέϐαινε
311 1899 344 1938 τῇ
367 1897 491 1938 ἀσθινεὶᾳ
508 1897 604 1926 αὐτῶν.
621 1895 661 1927 Ἢ
684 1896 805 1931 καὶτοὺς

17 1937 155 1978 Ἕλληνας,
171 1941 265 1982 ὥσπιρ
279 1942 360 1978 ἡνίκα
379 1942 443 1982 πρὸς
464 1937 615 1977 Ἀθηναίους
636 1940 768 1980 διελέγετο
778 1941 803 1978 ⁸,

18 1983 65 2013 ἀπὸ
85 1987 129 2015 τοῦ
145 1985 211 2026 παρ’
227 1987 312 2020 αὐτοῖς
329 1988 421 2026 βωμοῦ
435 1987 535 2023 ὁμιλῶν
559 1986 647 2019 αὐτοῖς
657 2008 666 2024 ,
692 1985 738 2015 καὶ
755 1985 805 2026 οὗχ

17 2028 48 2062 ὡς
60 2030 118 2069 περὶ
132 2031 204 2061 Θεοῦ
220 2033 266 2060 τοῦ
288 2031 422 2071 Χριστοῦ,
444 2030 504 2061 ἀλλ’
521 2032 556 2064 ὡς
578 2030 640 2070 περὶ
664 2029 805 2070 ἀνθρώπου

16 2072 147 2106 διδάσκων.
165 2076 208 2106 Οὐ
226 2075 278 2115 γὰρ
293 2075 397 2105 ἀκούειν
412 2075 530 2115 ἐχώρουν
549 2074 666 2105 τοιοῦτόν
681 2086 706 2104 τι
719 2085 726 2093 ’
742 2075 804 2104 ἀλλ’

17 2116 57 2146 ἕνα
70 2119 118 2148 τῶν
140 2121 203 2160 παρ’
229 2119 317 2152 αὖτοῖς
336 2119 541 2160 Θεοποιηθέντών
563 2120 608 2149 καὶ
633 2121 724 2149 τοῦτον
748 2118 803 2149 ἐνό-

17 2163 84 2198 μιζον
101 2173 109 2181 θ
132 2158 187 2198 οἶος
207 2162 361 2204 Ἡρακλῆς,
386 2159 437 2198 οἶος
461 2162 630 2200 Ἀσιληπιός.
655 2165 804 2203 Πανταχοῦ

860 956 1054 985 necessitatem
1075 955 1190 991 habens,
1209 957 1336 986 omnibus
1354 962 1448 986 tamen
1467 959 1605 995 meipsum
1628 960 1656 989 in

860 1001 1022 1030 servitutem
1053 1001 1146 1038 redegi
1173 1010 1181 1030 :
1211 1009 1268 1030 non
1296 1002 1351 1037 uni,
1375 1006 1424 1031 aut
1446 1002 1573 1039 duobus,
1607 1005 1656 1034 sed

860 1045 987 1074 universo
1010 1050 1146 1075 terrarum
1170 1046 1229 1075 orbi
1245 1056 1252 1075 :
1268 1054 1325 1075 non
1345 1051 1375 1075 ut
1398 1046 1548 1077 adulatoria
1570 1049 1656 1078 instar

860 1090 996 1126 placeam,
1016 1095 1148 1120 caeterum
1167 1094 1198 1119 ut
1220 1092 1312 1128 plures
1335 1091 1504 1122 lucrifaciam
1526 1102 1532 1121 :
1558 1101 1656 1123 omnes

860 1135 946 1169 enim,
962 1135 1137 1172 impossibile.

896 1181 985 1208 Vns.
1006 1183 1050 1209 20.
1068 1192 1081 1206 ι
1097 1181 1133 1209 Et
1156 1180 1243 1210 factus
1264 1189 1327 1210 sum
1338 1182 1440 1211 Iudaeis
1454 1186 1586 1220 tanquam
1604 1184 1655 1212 Ju-

861 1224 937 1253 datus
950 1229 982 1253 ut
994 1224 1107 1254 Iudaeos
1119 1225 1217 1254 lucrer.
1232 1236 1246 1253 ν
1262 1228 1377 1263 Nempe,
1403 1227 1519 1264 quando
1533 1228 1653 1257 circum-

860 1269 925 1298 cidit
947 1270 1138 1300 Timotheum.
1161 1272 1224 1300 Non
1249 1275 1341 1300 autem
1362 1272 1441 1307 dixit,
1456 1272 1578 1306 Iudaeus.
1594 1273 1653 1307 sed,

863 1326 876 1339 ι
898 1314 988 1343 Veluti
1014 1315 1139 1350 Judaaus,
1165 1327 1178 1341 ι
1199 1318 1231 1344 ut
1253 1316 1384 1346 ostendat
1408 1317 1482 1354 quod
1510 1318 1654 1355 negotium

860 1359 1027 1395 dispensatio
1038 1364 1104 1389 erat.

897 1416 909 1429 ι
923 1404 961 1433 lis
987 1405 1033 1441 qui
1057 1409 1124 1434 sunt
1141 1405 1192 1434 sub
1211 1405 1281 1442 lege,
1304 1406 1383 1443 quasi
1401 1407 1452 1435 sub
1471 1407 1528 1444 lege
1552 1415 1653 1441 essem,

861 1453 892 1478 ut
912 1457 960 1478 eos
980 1449 1025 1486 qui
1049 1450 1101 1478 sub
1113 1450 1187 1487 lege,
1214 1451 1310 1480 lucrer.
1336 1461 1350 1478 ιθ
1373 1451 1528 1488 Proselytas
1550 1452 1653 1480 intelli-

860 1494 909 1530 git,
929 1494 970 1523 vel
996 1502 1044 1523 eos
1067 1494 1113 1531 qui
1135 1503 1168 1523 ex
1192 1495 1297 1524 Iudaeis
1319 1495 1382 1524 ﬁdei
1408 1501 1579 1525 accesserant
1603 1497 1655 1525 ad-

858 1539 912 1568 huc
937 1543 1031 1567 tamen
1058 1540 1118 1576 lege
1141 1538 1338 1569 detinerentur.
1373 1541 1455 1569 Facta
1476 1546 1568 1570 autem
1589 1546 1655 1570 sunt

859 1584 930 1618 hac,
943 1583 1056 1620 quando
1076 1592 1155 1613 rasus
1167 1589 1220 1620 est,
1244 1585 1357 1621 quando
1386 1593 1448 1622 qua
1467 1585 1504 1614 ad
1527 1586 1653 1623 puriﬁca-

859 1629 964 1657 tionem
990 1629 1120 1664 attinent,
1144 1629 1251 1658 obtulit.
1276 1630 1344 1659 Haec
1358 1634 1452 1659 autem
1473 1638 1521 1667 per
1539 1631 1651 1667 dispen-

858 1673 994 1702 sationem
1009 1673 1138 1709 faciebat,
1161 1679 1189 1703 et
1201 1674 1229 1703 in
1242 1675 1370 1711 speciem.
1388 1679 1418 1704 ut
1432 1683 1481 1705 eos
1502 1676 1549 1712 qui
1560 1683 1655 1705 revera

859 1717 910 1746 ista
924 1718 1055 1753 facerent,
1069 1722 1246 1756 corrigerent.

896 1765 981 1792 Vnus.
993 1766 1038 1792 21.
1054 1774 1067 1790 α
1077 1763 1157 1800 175
1172 1764 1226 1793 Illis
1235 1765 1281 1801 qui
1292 1765 1350 1793 sine
1357 1765 1414 1802 lege
1423 1770 1513 1800 erant,
1523 1770 1655 1803 tanquam

857 1808 918 1837 sine
943 1809 1001 1845 lege
1025 1816 1125 1837 essem.
1148 1820 1160 1833 ι
1182 1809 1254 1845 Lege
1278 1814 1403 1838 carentes
1430 1818 1478 1838 eos
1499 1810 1582 1844 dicit,
1604 1810 1654 1848 qui

859 1852 947 1889 legem
971 1853 1125 1882 Mosaicam
1149 1861 1208 1881 non
1233 1853 1381 1887 habebant,
1405 1854 1452 1890 qui
1473 1862 1504 1882 ex
1529 1855 1656 1890 gentibus

859 1901 947 1931 erant,
966 1897 1052 1934 qualis
1068 1902 1126 1926 erat
1140 1898 1282 1926 Cornelius
1299 1907 1305 1925 ι
1322 1898 1358 1926 ad
1374 1906 1443 1935 quos
1455 1898 1499 1926 ille
1511 1898 1652 1933 accedens,

858 1942 1011 1971 inﬁrmitati
1035 1950 1133 1971 eorum
1157 1942 1357 1978 acquiescebat.
1398 1943 1445 1971 Vel
1472 1943 1584 1972 Graecos
1612 1943 1653 1971 in—

859 1987 966 2022 telligit,
991 1986 1076 2015 veluti
1102 1986 1214 2023 quando
1236 1987 1367 2015 adversus
1393 1986 1576 2016 Athenienses
1603 1987 1656 2016 dis-

859 2031 987 2068 putabat,
1001 2031 1035 2060 ad
1050 2039 1138 2066 aram,
1154 2039 1216 2068 quae
1227 2030 1301 2068 apud
1324 2032 1397 2068 ipsos
1409 2036 1478 2066 erat,
1494 2039 1653 2061 sermonem

859 2076 1024 2105 instituens:
1040 2076 1116 2105 etde
1143 2076 1263 2111 Christo,
1283 2084 1339 2105 non
1367 2081 1498 2113 tanquam
1521 2076 1556 2105 de
1582 2079 1652 2111 Deo,

859 2121 907 2150 sed
922 2126 1052 2158 tanquam
1077 2121 1110 2150 dc
1125 2121 1247 2155 homine,
1271 2121 1385 2150 docens.
1404 2123 1475 2150 Nam
1502 2121 1558 2150 tale
1585 2122 1653 2159 quid

858 2166 954 2195 audire
971 2174 1028 2195 non
1045 2169 1187 2203 poterant;
1203 2165 1251 2195 sed
1265 2170 1294 2194 et
1304 2166 1394 2202 ipsum
1409 2166 1526 2194 deorum
1538 2174 1652 2195 suorum

17 2205 40 2235 δὲ
52 2206 80 2236 τὸ
89 2229 97 2243 ,
111 2221 122 2234 α
133 2207 198 2244 Ὡς,
216 2221 227 2234 ι
242 2208 413 2249 πρόσκειται,
427 2208 471 2238 ἵνα
484 2207 569 2248 μάθῃς
578 2230 586 2246 ,
600 2208 641 2239 ὅτι
654 2207 801 2238 ἐπεδείκνυ-

898 2210 1010 2239 emdam
1036 2210 1247 2246 arbitrabantur,
1270 2211 1360 2248 qualis
1383 2211 1536 2246 Hercules,
1564 2211 1654 2247 qualis

16 2261 42 2279 το
55 2254 153 2291 ταῦτα,
170 2254 220 2283 οὐκ
235 2252 272 2282 ὢν
288 2254 402 2290 ἀληθῶς.

50 2400 62 2412 ι
77 2387 142 2425 (Μὴ
154 2387 191 2417 ὢν
203 2387 300 2427 ἄνομος
311 2389 398 2426 Θιοῦ,
411 2388 469 2418 ἀλλ’
483 2387 589 2426 ἔννομος
603 2388 744 2428 Χριστοῦ),
760 2387 804 2417 ἵνα

15 2431 128 2470 κερδήσω
143 2433 270 2472 ἀνόμους,
285 2444 301 2462 )
317 2431 377 2463 Ἵνα
399 2433 437 2471 μὴ
452 2432 575 2472 νομίσῃς,
590 2432 630 2462 ὅτι
651 2432 803 2471 μετεϐλήθη

15 2474 58 2511 τὴν
90 2477 215 2516 γνώμην,
248 2477 312 2517 πρὸς
336 2477 448 2516 ἀνόμους
477 2477 677 2516 διαλεγόμενος,
710 2476 778 2517 φησί
793 2488 801 2496 ο

14 2529 25 2546 ε
41 2519 84 2556 Μὴ
97 2520 134 2550 ὢν
150 2521 246 2560 ἄνομος
261 2524 332 2554 Θεοῦ
348 2533 354 2540 ·
371 2533 384 2552 ι)
413 2521 472 2551 ἀντὶ
487 2524 532 2551 τοῦ
545 2543 553 2558 ,
570 2522 610 2560 μὴ
627 2521 664 2551 ὢν
685 2521 734 2556 ἔξω
750 2522 804 2550 τῶν

13 2562 92 2602 νόμων
103 2568 149 2595 τοῦ
164 2567 252 2605 Θεοῦ,
267 2567 327 2596 ἀλλ’
342 2566 450 2604 ἔννομος
461 2577 468 2585 ·
479 2566 525 2596 καὶ
541 2566 591 2607 οὖχ
606 2565 697 2600 ἅπλῶς
708 2565 805 2596 Ἐννοο

15 2618 75 2647 μοι,
91 2610 159 2640 ἀλλὰ
173 2625 185 2637 ιι
200 2612 322 2652 Χριστοῦ
334 2633 343 2648 ,
362 2625 374 2638 ν
389 2611 540 2648 τουτέστιν,
557 2613 603 2641 τοῦ
624 2610 804 2651 παλαιοτέρου

13 2651 87 2690 νόμου
101 2654 263 2696 ὕψηλότερον
281 2656 363 2696 νόμον
382 2655 468 2696 ιχων,
485 2656 530 2686 τὸν
544 2659 590 2686 τοῦ
603 2655 732 2696 Χριστοῦ.
749 2654 803 2686 Καὶ

14 2696 37 2724 τί
49 2697 76 2727 τὸ
96 2699 204 2739 κέρδος;
219 2715 232 2727 ι
246 2700 309 2731 Ἵνα
323 2701 446 2742 κερδήσω
466 2700 591 2741 ἀνόμους.
610 2712 627 2730 ν

860 2255 1040 2292 ΕΔουιειρίιιε.
1074 2255 1186 2292 Ubique
1212 2259 1306 2284 autem
1332 2256 1482 2292 apponitur
1508 2255 1653 2292 particula,

860 2312 873 2325 ι
893 2301 1049 2336 Tanquam,
1076 2311 1088 2325 ιι
1112 2300 1152 2328 uti
1178 2299 1278 2334 discas,
1302 2300 1375 2336 quod
1400 2300 1459 2329 haec
1479 2299 1508 2328 in
1531 2301 1652 2337 speciem

858 2344 1012 2379 ostentarit,
1027 2344 1089 2372 talis
1103 2352 1197 2373 revera
1210 2351 1266 2372 non
1280 2344 1422 2373 exsistens.

897 2399 911 2416 α
926 2389 1005 2423 (Cum
1026 2389 1084 2417 sine
1109 2389 1168 2425 lege
1186 2388 1237 2417 Dei
1263 2396 1318 2417 non
1344 2396 1443 2424 essem,
1474 2389 1522 2418 sed
1544 2389 1572 2418 in
1597 2389 1653 2427 lege

858 2434 968 2470 Christi)
980 2438 1012 2461 ut
1025 2441 1073 2462 eos
1086 2433 1132 2470 qui
1152 2433 1211 2462 sine
1225 2433 1282 2470 lege
1305 2438 1404 2466 essent,
1419 2434 1615 2463 Iucril'acerem.
1638 2445 1651 2462 ι

859 2480 900 2507 Ne
925 2479 1066 2508 existimes
1091 2477 1166 2514 quod
1187 2478 1352 2507 sententiam
1374 2479 1497 2513 mutarit,
1522 2488 1586 2508 cum
1618 2479 1654 2508 ad

859 2524 965 2561 exleges
988 2523 1155 2559 disputaret;
1183 2534 1196 2547 σι
1222 2523 1293 2552 Cum
1321 2531 1377 2552 non
1400 2531 1500 2559 essem,
1524 2536 1536 2549 ι
1553 2524 1652 2561 inquit,

861 2579 874 2593 α
895 2568 1000 2605 absque
1016 2568 1073 2605 lege
1100 2568 1174 2597 Dei:
1197 2567 1276 2604 quasi
1300 2567 1384 2603 dicat,
1396 2576 1460 2597 cum
1484 2577 1540 2597 non
1563 2577 1653 2597 essem

860 2617 936 2642 extra
959 2613 1010 2641 Dei
1037 2612 1118 2650 leges,
1145 2612 1191 2640 sed
1217 2612 1245 2641 in
1266 2613 1346 2650 lege:
1364 2621 1416 2642 nec
1439 2613 1602 2650 simpliciter
1626 2614 1654 2641 in

860 2658 929 2694 lege,
944 2665 1039 2686 verum
1063 2657 1090 2685 in
1105 2657 1163 2693 lege
1183 2657 1283 2686 Christi
1301 2668 1307 2686 :
1323 2657 1375 2687 hoc
1398 2661 1451 2694 est,
1475 2661 1568 2686 vetere
1595 2656 1654 2693 lege

857 2702 1076 2739 prtantiorem
1087 2701 1197 2736 habens,
1209 2702 1309 2730 Christi
1322 2702 1463 2732 nimirum.
1478 2704 1579 2738 Ecqua
1590 2701 1655 2731 inde

857 2746 1040 2776 commoditas
1052 2748 1065 2775 Ρ
1075 2748 1116 2776 Ut
1126 2745 1297 2775 lucrifaciam
1303 2754 1361 2782 eos,
1375 2746 1422 2784 qui
1437 2751 1501 2775 sunt
1512 2746 1570 2775 sine
1583 2746 1653 2783 lege.

698 2793 794 2825 Variae
815 2793 966 2824 lectiones.

45 2834 57 2854 ⁸
68 2835 96 2864 οὔ
110 2836 160 2873 μὴν
173 2838 185 2865 ό
201 2837 283 2875 ἀργῶν
296 2847 326 2868 0.
364 2839 374 2856 ⁷
385 2837 421 2868 re.
437 2839 518 2872 αὐτός.
557 2839 567 2856 ³
581 2838 680 2875 ἔλεγεν.
