1881 3081
212 178 264 205 679

694 174 951 203 THEOPHYLACTI
972 173 1151 201 BULGARDE
1165 172 1322 201 ARCHIEP.

1807 171 1856 199 680

208 241 284 268 tanta
296 237 370 266 dona
385 237 532 274 plerosque
541 244 596 265 non
607 236 741 273 placuisse
752 238 822 265 Deo.
835 238 901 265 Haec
911 241 1004 265 autem

1095 235 1130 265 κτὰ
1152 235 1198 269 τὰς
1214 235 1323 275 δωρεὰς’
1334 234 1446 271 ταύτας,
1466 233 1526 268 τοὺς
1545 232 1658 268 πολλοὺς
1686 233 1725 272 μὴ
1749 233 1857 271 ἀρέσαν·

209 283 277 312 dicit
290 283 409 311 innuens
424 281 498 318 quod
513 281 751 318 quemadmodum
765 281 818 309 illis
831 288 888 309 non
901 279 1007 318 profuit

209 328 295 357 tantis
309 327 363 356 frui
376 327 467 361 donis,
482 326 592 363 quando
608 326 718 362 quidem
731 334 793 362 quae
802 334 915 354 suarum
929 329 1006 354 erant

210 372 339 409 partium,
360 371 412 408 ipsi
435 379 492 399 non
503 371 654 407 adjecerint
667 370 894 406 adhibuerintque
913 380 919 398 :
935 370 1006 399 hanc

210 417 247 446 ad
263 416 397 445 rationem
421 423 509 451 neque
532 415 609 444 vobis
632 415 699 444 ﬁdes
725 414 856 452 proderit,
881 419 908 443 et
931 415 1005 452 quod

210 461 398 497 spiritualibus
409 459 546 496 mysteriis
559 459 653 488 donati
668 460 745 493 estis,
760 460 814 487 nisi
828 463 857 487 et
872 467 920 488 vos
932 459 1006 495 ipsos

210 505 313 542 dignos
335 504 508 533 exhibueritis
524 504 571 533 Dei
586 505 686 540 gratia.
706 516 718 529 α
743 505 855 535 Omnes,
871 514 885 531 ν
904 505 1004 540 inquit,

213 562 226 575 ιι
246 550 298 578 sub
318 550 392 578 nube
413 549 536 578 fuerunt.
561 559 576 575 ν
602 550 739 586 Expaudit
759 549 831 577 enim
852 549 955 577 nubem
977 549 1006 577 in

211 595 412 632 protectionem
435 594 511 630 ipsis,
535 604 549 620 α
572 598 599 622 et
621 602 669 630 per
694 602 772 622 mare
792 594 967 622 transierunt.
990 605 1002 618 ιι

246 687 332 714 Vsus.
350 688 377 714 2.
395 696 407 710 ιι
421 685 458 712 Et
471 692 567 713 omnes
582 684 611 713 in
627 687 736 713 Mosem
749 684 882 721 baptizati
895 685 1007 713 fuerunt

209 730 237 759 in
250 730 333 766 nube,
346 734 374 758 et
387 729 416 758 in
431 730 511 758 mari.
530 740 544 755 «
566 730 627 757 Hoc
641 733 693 764 est,
709 729 816 758 umbrae
829 737 891 766 quae
904 738 920 757 a
935 730 1007 758 nube

211 774 400 812 proveniebat,
412 774 549 810 marisque
562 774 692 802 transitus
702 782 767 802 cum
775 775 852 802 Mose
861 773 1006 811 participes

210 824 300 848 erant.
316 820 386 849 Cum
403 819 477 847 enim
490 819 580 855 ipsum
596 819 717 855 primum
732 819 848 847 transire
862 819 1005 853 vidissent,

1059 292 1106 314 τας
1122 282 1161 320 τῷ
1176 281 1250 321 Θεῷ.
1272 281 1367 310 Ταῦτα
1387 279 1413 308 δὲ
1436 278 1521 318 λέγει,
1546 278 1659 314 δεικνὺς,
1680 277 1722 307 ὃτι
1747 276 1856 316 Ὠσπερ

1061 325 1173 358 ἐκείνους
1198 326 1245 354 οὐκ
1258 324 1344 360 ὤνησε
1367 324 1398 353 τὸ
1410 325 1541 353 τοσούτων
1563 324 1717 353 ἀπολαῦσαι
1739 324 1859 361 δωρεῶν,

1061 369 1151 405 ἐπειδὴ
1167 369 1199 398 τὰ
1215 371 1280 409 παρ’
1296 370 1397 398 ἑαυτῶν
1413 369 1442 398 οὖ
1457 368 1624 408 παρέσχοντο
1642 368 1665 387 ¹⁶
1679 377 1688 386 ⁸
1702 367 1790 400 οὕτως
1803 367 1859 396 οὐδὲ

1060 415 1130 453 ὑμᾶς
1145 414 1276 454 ὠφελήσει
1294 416 1310 449 ἡ
1331 413 1433 450 πίστις,
1450 414 1496 442 καὶ
1521 413 1551 442 τὸ
1566 412 1721 452 μυστηρίων
1740 411 1858 447 ἀξιωθῆ-

1060 455 1103 487 ναι
1124 460 1329 496 πνευματικῶν,
1356 459 1378 487 εἰ
1401 457 1439 496 μὴ
1465 457 1510 486 καὶ
1531 457 1616 491 ἀξίους
1638 457 1750 491 ἑαυτοὺς
1772 456 1860 495 παρᾶ-

1061 515 1151 543 σχοιτε
1174 506 1221 540 τῆς
1237 506 1282 533 τοῦ
1305 505 1376 533 Θεοῦ
1398 502 1517 543 χάριτος.
1540 514 1554 531 ιι
1578 502 1698 537 Πάντες,
1721 515 1733 527 ι
1764 501 1858 541 φησὶν,

1060 542 1139 578 ανῦιτὸ
1153 547 1201 584 τὴν
1222 548 1332 587 νεφέλην
1355 542 1433 583 ἦσαν.
1459 558 1474 576 ι)
1499 547 1645 577 Διεπέτασε
1673 548 1726 586 γὰρ
1748 546 1858 586 “pel-ns

1060 594 1095 626 εἰς
1124 592 1224 629 σκέπην
1253 593 1358 629 αὐτοῖς,
1382 606 1394 618 κ
1412 592 1457 622 καὶ
1484 592 1528 621 διὰ
1554 593 1601 628 τῆς
1628 592 1771 627 θαλάσσης
1788 591 1858 625 Bri}.-

1061 641 1113 668 Θον.
1129 651 1142 664 ιν

1104 696 1116 708 ‹‹
1136 682 1192 712 Καὶ
1206 681 1302 716 πάντες
1323 683 1358 715 εἱς
1372 681 1417 711 τὸν
1443 683 1546 717 Μωσῆν
1571 681 1776 717 ἐϐαπτίσθησαν
1791 680 1815 699 ¹⁷
1836 680 1858 709 ἐν

1059 729 1092 767 τῇ
1107 726 1202 767 νεφέλῃ
1212 749 1219 763 ,
1232 726 1277 756 καὶ
1292 727 1317 756 ἐν
1378 726 1511 767 θαλάσσῃ.
1531 739 1543 752 ι
1559 726 1703 761 Τουτέστι,
1716 727 1759 765 τῷ
1774 726 1859 764 Musei

1060 771 1236 808 ἐκοινώνησαν
1254 773 1301 807 τῆς
1317 782 1345 800 τε
1367 771 1418 801 ὑπὸ
1441 770 1489 807 τὴν
1509 771 1619 811 νεφέλην
1643 775 1738 806 σκιᾶς,
1755 770 1804 799 καὶ
1817 771 1860 805 τῆς

1062 816 1147 846 διόδου
1161 819 1208 852 τῆς
1224 817 1368 849 θαλάσστις.
1388 815 1501 850 Ἰδόντες
1514 817 1565 857 γὰρ
1582 816 1660 845 αὐτὸν
1676 817 1789 855 πρῶτον
1806 815 1859 844 δια-

211 864 269 892 ausi
281 869 345 893 sunt
358 868 385 892 et
399 863 449 900 ipsi
465 863 543 899 aquis
556 871 615 892 sese
627 863 746 892 credere.
762 863 1005 899 Quemadmodum

1097 873 1161 898 ντα,
1180 860 1383 900 κατετόλμησαν
1400 861 1445 891 καὶ
1465 862 1539 891 αὐτοὶ
1554 863 1605 890 τῶν
1619 860 1726 889 ὑδάτων
1745 871 1752 877 ·
1772 859 1859 899 ὥσπερ

211 913 240 938 et
253 908 326 945 apud
342 917 395 937 nos
409 908 454 942 ﬁt;
471 908 591 944 primum
608 908 717 936 Christo
734 917 782 944 pro
800 908 881 936 nobis
896 912 1006 936 mortuo

212 958 240 983 et
261 954 389 987 excitam,
405 952 580 989 baptizamur
597 957 624 981 et
637 953 698 989 ipsi,
721 957 842 982 mortem
862 953 945 989 ipsius
960 961 1007 988 per

216 998 436 1032 immersionem,
447 1002 474 1026 et
495 998 724 1026 resurrectionem
748 1006 795 1034 per
810 997 1005 1031 emersionem,

213 1043 363 1072 imitantes.
395 1044 426 1071 ln
455 1044 570 1079 Moysen
596 1043 678 1079 igitur
702 1043 926 1078 baptizabantur,
955 1042 1007 1070 hoc

212 1091 264 1121 est,
289 1087 378 1123 ipsum
410 1087 507 1116 ducem
528 1087 683 1116 habuerunt
706 1087 879 1123 baptismatis
902 1086 1006 1123 ﬁgurae.

213 1133 287 1160 Nam
307 1132 393 1169 ﬁgura
409 1131 580 1168 baptismatis
594 1136 667 1166 erat;
692 1139 755 1159 cum
771 1131 845 1168 quod
868 1131 920 1160 sub
935 1131 1006 1159 nube

212 1180 293 1209 esset.
308 1181 368 1205 tum
383 1176 458 1213 quod
477 1184 551 1205 mare
572 1176 699 1205 Rubrum
715 1176 862 1204 transierit.

248 1222 336 1250 VBBS.
353 1224 378 1249 3.
398 1233 410 1245 ει
430 1222 465 1249 Et
479 1228 577 1249 omnes
591 1221 718 1249 eamdem
730 1228 820 1248 escam
835 1219 1005 1256 spiritualem

212 1265 423 1300 manducarunt,
438 1270 466 1294 et
479 1274 574 1294 omnes
584 1265 713 1294 eumdem
727 1270 823 1301 potum
838 1265 1005 1301 spiritualem

213 1310 350 1339 biberunt.
371 1323 383 1335 υ
410 1310 526 1339 Perinde
544 1318 576 1339 ac
594 1318 645 1339 nos
661 1314 722 1346 post
746 1309 891 1346 baptisma,
908 1317 1007 1345 corpus

213 1355 389 1384 Dominicum
422 1354 637 1390 manducamus;
667 1355 707 1383 sic
739 1362 840 1383 manna
871 1354 922 1390 ipsi
946 1357 1008 1390 post

215 1408 290 1428 mare
311 1400 460 1436 trajectum
481 1399 691 1428 manducarunt.
720 1401 754 1427 Et
774 1399 1007 1435 quemadmodum

215 1453 266 1473 nos
283 1444 447 1481 sanguinem
472 1444 554 1480 178
575 1444 690 1472 Domini
714 1443 845 1478 bibimus,
868 1443 908 1472 sic
930 1443 969 1471 illi
993 1452 1008 1472 e

214 1489 343 1526 praedura
367 1493 441 1525 petra
456 1496 558 1524 aquam
572 1488 766 1516 scaturientem
789 1488 925 1516 biberunt.
948 1488 1007 1524 Spi-

1095 1486 1216 1515 αϐλύσαν
1230 1486 1311 1525 ὕδωρ.
1340 1486 1516 1524 Πνευματικὰ
1539 1486 1566 1515 δὲ
1584 1488 1669 1516 ταῦτα
1685 1486 1780 1525 λέγει,
1799 1487 1862 1515 ἔπει-

213 1533 320 1562 ritualia
339 1537 432 1560 autem
457 1532 516 1560 haec
540 1531 615 1565 dicit,
639 1531 771 1568 quoniam
795 1532 846 1559 etsi
869 1531 1009 1560 sensibilia

215 1577 325 1612 fuerint,
343 1576 461 1605 naturali
484 1581 577 1605 tamen
598 1576 692 1604 ordine
714 1575 788 1604 facta
807 1584 864 1604 non
880 1575 946 1610 sint,
962 1576 1009 1604 sed

217 1622 300 1659 gratia
330 1621 465 1658 spirituali
490 1630 498 1648 :
523 1625 617 1657 utpote
637 1628 699 1657 quae
722 1629 778 1649 una
804 1628 867 1649 cum
895 1628 1010 1656 corpore

215 1666 321 1695 animas
335 1665 453 1699 alebant,
469 1670 497 1693 et
511 1665 544 1693 ad
559 1665 642 1694 ﬁdem
654 1665 847 1702 perducebant.

251 1712 342 1739 Vnus.
365 1714 392 1738 4.
411 1722 423 1735 -
439 1710 574 1739 Bibebant
588 1711 660 1739 enim
676 1718 708 1739 ex
728 1710 863 1746 spirituali
880 1714 1010 1746 sequente

216 1764 263 1785 eos
284 1760 361 1792 petra
377 1765 384 1784 :
399 1760 475 1792 petra
496 1761 590 1784 autem
611 1759 669 1783 erat
682 1756 819 1784 Christus.
846 1767 858 1780 -
877 1756 956 1791 Quod
974 1755 1009 1784 ad

214 1801 307 1830 cibum
330 1800 437 1836 attinet,
452 1809 507 1829 non
529 1805 588 1829 erat
609 1808 678 1836 opus
697 1799 916 1829 conﬁrmatione.
938 1802 1009 1829 Nam

216 1845 340 1882 protinus
364 1844 510 1874 inusitatus
534 1849 602 1873 erat.
627 1846 668 1873 De
692 1848 757 1881 potu
779 1853 853 1879 vero,
876 1845 1009 1881 quoniam

213 1890 270 1919 sola
292 1889 518 1926 suppeditationis
533 1890 603 1918 ratio
622 1889 751 1918 inusitata
764 1894 833 1924 erat,
849 1891 1010 1925 probatione

213 1935 328 1972 indiget.
352 1935 425 1963 Dicit
445 1934 536 1971 itaque
549 1934 624 1971 quod
637 1943 691 1963 non
713 1939 800 1971 petrae
813 1939 911 1963 natura
926 1935 1009 1963 istum

213 1980 402 2016 suppeditabat
419 1979 554 2015 (alioquin
575 1979 648 2007 enim
671 1983 699 2007 et
713 1984 794 2007 antea
814 1979 1009 2013 scaturiisset),

213 2032 309 2053 verum
333 2024 382 2052 alia
404 2024 530 2059 quaedam
552 2028 628 2058 petra
652 2023 801 2059 spiritualia
825 2027 915 2051 totum
939 2032 1010 2060 prte-

213 2068 296 2103 stitit,
306 2076 404 2104 nempe
415 2068 550 2096 Christus.
568 2078 582 2091 «ι
591 2068 736 2103 Sequente,
750 2079 763 2092 ι
773 2072 868 2096 autem
878 2067 958 2100 dixit,
970 2068 1010 2096 uti

215 2112 344 2141 ostendat
365 2111 505 2140 Christum
529 2112 582 2139 illis
603 2111 702 2147 ubique
727 2116 890 2149 praesentem
914 2111 1010 2148 fuisse,

214 2161 296 2194 atque
316 2156 447 2185 miracula
463 2155 557 2184 omnia
572 2155 725 2192 perfecisse.

251 2203 338 2230 Vnus.
354 2205 381 2230 5.
396 2213 409 2226 ιι
425 2200 479 2230 Sed
496 2208 552 2229 non
567 2200 595 2228 in
611 2200 733 2237 pluribus
747 2209 846 2230 eorum
858 2201 1009 2238 beneplaci-

214 2251 274 2275 tum
297 2250 339 2275 est
362 2248 418 2274 Deo
435 2254 441 2272 :
457 2247 528 2274 Nam
551 2245 678 2281 prostrati
702 2250 768 2274 sunt
781 2246 808 2274 in
823 2246 934 2275 deserto
946 2246 971 2282 h,
993 2256 1008 2274 »

213 2291 379 2327 Quanquam
401 2291 475 2318 Deus
498 2289 584 2318 multa
603 2289 758 2319 dilectionis
781 2299 838 2320 suae
857 2291 935 2327 signa
955 2291 1010 2320 illis

213 2334 383 2369 ostenderat,
405 2334 544 2371 tantisque
556 2334 638 2363 bonis
650 2334 776 2372 dignatus
789 2340 848 2364 erat
861 2344 868 2362 :
885 2340 1011 2364 attamen

214 2380 243 2408 in
266 2379 401 2416 plerisque
418 2387 515 2407 eorum
538 2387 595 2407 non
619 2384 660 2408 est
682 2380 833 2408 oblectatus
854 2389 862 2408 :
886 2380 914 2409 id
937 2381 1010 2408 enim

215 2424 360 2461 signiﬁcat,
394 2423 539 2458 οὖόόκησεν.
568 2425 632 2452 ΝοΠ
656 2424 731 2453 enim
753 2433 849 2453 omnes
872 2425 1010 2461 reprobati

213 2473 288 2503 sunt,
307 2468 354 2497 sed
369 2469 499 2505 plerique.
515 2470 586 2497 Cum
597 2473 702 2503 autem,
721 2481 734 2494 α
751 2469 887 2502 Pluribus,
905 2481 918 2494 ν
932 2469 1010 2503 dicit,

212 2513 334 2542 ostendit
345 2513 420 2550 quod
433 2513 503 2541 nihil
518 2521 565 2542 eos
573 2514 674 2550 juverit
690 2513 837 2542 multitudo
854 2514 1011 2551 :siquidem

212 2558 266 2595 ipsi
291 2566 355 2595 erga
380 2558 586 2586 benefactorem
620 2557 772 2586 dilectionis
794 2558 928 2587 indicium
954 2567 1011 2588 non

212 2603 351 2633 dederant.
375 2604 473 2638 Porro,
494 2610 544 2639 per
568 2614 580 2628 ι
606 2603 738 2632 Prostrati
761 2608 835 2639 sunt,
853 2615 866 2629 υ
890 2603 1011 2633 subitam

248 2669 263 2688 ¹¹
277 2671 352 2701 Psal.
367 2678 431 2707 cvr,
451 2673 492 2700 l4.

1026 2169 1051 2200 D
1065 2157 1118 2189 τοῖς
1132 2158 1286 2195 πανταχοῦ,
1302 2156 1348 2185 καὶ
1363 2156 1452 2186 πάντα
1468 2158 1688 2195 θαυματουργῶν.

1061 906 1105 936 καὶ
1121 907 1161 947 ἐφ’
1178 908 1273 945 ἡμῶν,
1295 908 1399 945 πρῶτον
1422 906 1448 925 ⁴⁸
1471 908 1518 935 τοῦ
1540 907 1658 946 Χριστοῦ
1680 904 1860 937 ἀποθανόντος

1059 951 1105 982 καὶ
1120 951 1295 987 ἀναστάντος,
1313 950 1496 990 βαπτιζόμεθα
1516 950 1562 980 καὶ
1586 950 1679 986 αὐτοὶ,
1698 948 1860 988 μιμούμενοι

1058 996 1102 1025 τὸν
1118 996 1229 1025 θάνατον
1245 995 1288 1024 διὰ
1304 998 1350 1031 τῆς
1365 995 1549 1031 καταδύσεως,
1569 995 1615 1024 καὶ
1635 995 1684 1031 τὴν
1711 994 1860 1023 ἀνάστασιν

1060 1041 1102 1070 διὰ
1113 1043 1159 1076 τῆς
1172 1040 1332 1074 ἀναδόσεως.
1345 1055 1355 1066 σ
1371 1041 1417 1073 Εἷς
1428 1040 1472 1069 τὸν
1488 1041 1591 1076 Μωσῆν
1600 1034 1644 1069 οὖν
1655 1039 1859 1074 ἐϐαπτίζοντο,-

1061 1084 1118 1114 ἆντὶ
1146 1087 1208 1121 τοῦ,
1225 1085 1304 1114 αὐτὸν
1331 1085 1449 1124 ἀρχηγὸν
1477 1084 1556 1124 ἔσχον
1576 1086 1623 1113 τοῦ
1645 1083 1732 1113 τύπου
1755 1086 1804 1113 τοῦ
1821 1086 1860 1122 βτ-

1058 1129 1207 1168 πτίσματος
1222 1141 1228 1148 ·
1243 1130 1323 1163 τύπος
1345 1129 1397 1169 γὰρ
1423 1128 1609 1168 βαπτίσματος
1637 1124 1684 1165 ἦν,
1707 1128 1742 1158 τό
1762 1140 1794 1157 τε
1815 1128 1860 1157 ὑπὸ

1058 1174 1105 1210 τὴν
1120 1173 1229 1214 νεφέλην
1243 1169 1310 1203 εἶναι
1326 1198 1332 1209 ,
1352 1174 1398 1203 καὶ
1414 1174 1445 1204 τὸ
1460 1173 1508 1210 τὴν
1522 1174 1658 1203 θάλασσαν
1675 1174 1806 1203 διελθεῖν.

1100 1233 1112 1245 σι
1129 1219 1182 1249 Καὶ
1196 1219 1294 1252 πάντες
1312 1219 1341 1248 τὸ
1356 1219 1419 1247 αὐτὸ
1435 1220 1532 1258 βρῶμα
1546 1218 1730 1256 πνευματικὸν
1745 1218 1861 1257 ἔῳαγον,
1880 1254 1881 1261 γ

1060 1263 1104 1293 καὶ
1120 1263 1216 1296 πάντες
1228 1264 1257 1293 τὸ
1272 1263 1334 1292 αὐτὸ
1350 1262 1426 1301 πόμα
1439 1263 1619 1302 πνευματικὸν
1631 1263 1715 1293 ἔπιον.
1730 1276 1744 1289 ι
1754 1261 1863 1300 Ὠσπερ
1880 1283 1881 1302 γ

1061 1308 1138 1346 ἡμεῖς
1165 1308 1233 1346 μετὰ
1257 1308 1287 1337 τὸ
1304 1310 1501 1347 βαπτισθῆναι,
1524 1308 1554 1337 τὸ
1578 1310 1658 1346 σῶμα
1683 1306 1818 1345 ἐσθίομεν
1840 1307 1863 1336 τέ

1062 1352 1226 1382 Δεσποτικόν
1243 1362 1250 1369 ·
1265 1352 1334 1382 οὕτω
1349 1352 1377 1382 τὸ
1398 1353 1485 1391 μάννα
1499 1353 1594 1382 ἐκεῖνοι
1607 1351 1675 1391 μετὰ
1686 1351 1742 1390 ,τὴν
1760 1352 1862 1381 θάλασ·

1062 1408 1121 1428 σαν.
1138 1396 1193 1427 Καὶ
1210 1395 1300 1437 ὥσπερ
1324 1399 1400 1435 ἡμεῖς
1423 1397 1453 1427 τὸ
1468 1392 1539 1435 αἷμα
1563 1400 1609 1427 τοῦ
1630 1397 1777 1427 Δεσπότου
1793 1397 1863 1426 πίνο-

1063 1453 1130 1479 μεν·
1156 1440 1237 1475 οὕτως
1264 1443 1357 1471 ἐκεῖνοι
1380 1441 1410 1470 τὸ
1438 1442 1468 1471 ἐκ
1505 1443 1553 1477 τῆς
1583 1441 1737 1481 ἄκροτόμου
1770 1441 1863 1480 πέτρας

1064 1530 1096 1567 δὴ
1110 1531 1133 1549 ¹⁹
1145 1531 1170 1560 εἰ
1186 1530 1231 1560 καὶ
1250 1531 1364 1567 αἰσθητὰ
1383 1527 1451 1567 ἦσαν
1461 1553 1469 1568 ,
1485 1531 1544 1560 ἀλλ’
1559 1531 1589 1561 οὗ
1604 1532 1703 1569 φύσεως
1721 1531 1864 1569 ἀκολουθίᾳ

1064 1575 1193 1614 ἐγίνοντο¹
1217 1575 1286 1604 ἀλλὰ
1311 1575 1403 1615 χάριτι
1429 1577 1612 1616 πνευματικῇ,
1635 1575 1777 1615 τρέφοντα
1806 1575 1864 1614 μτὶ

1063 1623 1109 1650 τοῦ
1131 1621 1254 1658 σώματος
1279 1620 1325 1650 καὶ
1350 1619 1397 1654 τὰς
1424 1621 1525 1660 ψυχὰς,
1562 1619 1608 1649 καὶ
1637 1620 1674 1653 εἷς
1699 1620 1801 1650 πίστιν
1831 1620 1864 1649 ἐν·

1066 1664 1164 1704 ἄγοντα
1170 1688 1175 1694 .

1108 1721 1122 1738 τ
1138 1708 1250 1740 Ἐπινον
1266 1708 1318 1749 γὰρ
1340 1712 1369 1740 ἐκ
1392 1711 1440 1745 τῆς
1462 1711 1644 1749 πνευματικῆς
1666 1710 1864 1743 ἀκολουθούσης

1063 1753 1160 1795 πέτρας
1176 1766 1183 1772 ·
1200 1755 1255 1790 ἡδὲ
1276 1754 1360 1795 πέτρα
1382 1750 1413 1790 ἦν
1429 1756 1443 1783 ὃ
1458 1754 1582 1794 Χριστός.
1600 1769 1610 1780 -
1628 1754 1696 1794 Περὶ
1712 1754 1745 1773 ²⁰
1760 1755 1812 1792 μὲν
1828 1749 1864 1783 οὖν

1065 1800 1111 1834 τῆς
1126 1801 1223 1839 τροφῆς
1242 1799 1315 1827 οὐδὲν
1339 1799 1434 1836 ἐδεήθη
1461 1802 1629 1835 κατασκευῆς
1645 1808 1653 1816 ⁸
1676 1798 1796 1829 αὐτόθεν
1820 1798 1863 1838 γὰρ

1062 1839 1095 1879 ἦν
1118 1844 1326 1883 παρηλλαγμένη
1345 1853 1351 1860 ·
1369 1844 1412 1873 ἐπὶ
1434 1843 1462 1873 δὲ
1483 1846 1528 1872 τοῦ
1544 1846 1643 1879 ποτοῦ,
1661 1843 1763 1879 ἐπειδὴ
1783 1846 1799 1873 ὁ
1812 1844 1863 1883 τρόο
1880 1839 1881 1866 ἶ

1062 1899 1111 1922 πος
1134 1890 1179 1924 τῆς
1203 1888 1332 1927 χορηγίας
1358 1888 1435 1926 μόνος
1456 1887 1680 1928 παρηλλαγμένος
1701 1883 1741 1923 ἧν
1755 1911 1765 1926 ,
1786 1900 1864 1918 κατα-

1063 1935 1158 1968 σκευῆς
1181 1933 1286 1969 ἐδεήθη.
1308 1932 1360 1963 Καί
1381 1945 1475 1973 φησιν¹
1495 1932 1536 1962 ὅτι
1560 1933 1623 1973 Οὐχ
1645 1935 1662 1969 ἡ
1688 1934 1742 1968 ἧς
1772 1933 1865 1973 πέτρας

1064 1977 1139 2016 φύσις
1155 1981 1232 2007 τοῦτο
1246 1978 1369 2017 ἐχορήγει
1434 1978 1485 2018 γὰρ
1506 1978 1538 2007 ἂν
1559 1978 1606 2008 καὶ
1627 1977 1679 2018 πρὸ
1698 1978 1805 2008 τούτου
1828 1980 1866 2008 ἆν-

1064 2020 1203 2061 έόλυσεν),
1219 2020 1279 2051 ἀλλ’
1295 2021 1372 2060 ἑτέρα
1396 2033 1435 2055 τις
1458 2022 1626 2060 πνευματικὴ
1647 2021 1737 2061 πέτρα
1762 2022 1795 2051 τὸ
1820 2026 1865 2051 πξῖν

1064 2066 1218 2106 εἰργάσατο,
1239 2066 1374 2096 τουτέστιν
1385 2090 1393 2102 ,
1406 2069 1419 2096 ὁ
1435 2067 1560 2106 Χριστός.
1584 2067 1625 2097 Τὸ
1641 2066 1684 2103 δὲ,
1702 2077 1719 2096 σ
1737 2066 1865 2097 Ἀκολου-

1064 2105 1172 2147 θούσης,
1186 2124 1196 2136 ι
1209 2105 1288 2147 εἶπεν,
1304 2110 1347 2140 ἵνα
1364 2111 1444 2151 δείξῃ,
1461 2105 1500 2140 ὅτι
1514 2111 1590 2145 αὐτὸς
1605 2107 1638 2147 ἦν
1653 2113 1667 2140 ὁ
1689 2111 1795 2151 παρὼν
1820 2113 1864 2141 αὖ·

1110 2211 1125 2230 (ι
1141 2199 1211 2230 Ἀλλ’
1235 2202 1282 2230 οὐκ
1300 2202 1325 2229 ἐν
1349 2200 1401 2234 τοῖς
1425 2201 1544 2230 πλείοσιν
1569 2202 1656 2230 αὐτῶν
1685 2201 1836 2237 εὖδόκησεν
1855 2204 1864 2230 ὁ

1065 2245 1132 2278 Θεός
1149 2256 1156 2264 υ
1171 2244 1393 2284 κατεστρώθησαν
1419 2245 1469 2284 γὰρ
1492 2246 1519 2274 ἐν
1543 2248 1577 2285 τῇ
1600 2245 1703 2285 ἐρήμῳ.
1733 2260 1746 2273 ι
1769 2248 1804 2278 Εἰ
1822 2247 1861 2276 καὶ

1064 2289 1169 2328 ἀγάπης
1184 2289 1315 2328 τεκμήρια
1335 2290 1421 2320 πολλὰ
1445 2290 1597 2324 ἐπεδείξατο
1615 2292 1629 2320 δ
1651 2290 1721 2324 Θεὸς
1738 2292 1810 2332 πρὸς
1826 2293 1865 2321 αὖ·
1879 2289 1881 2311 ί

1063 2333 1139 2370 τοὺς,
1163 2333 1208 2363 καὶ
1236 2334 1368 2363 τοσούτων
1393 2334 1486 2368 αὐτοὺς
1511 2336 1616 2374 ἀγαθῶν
1637 2335 1756 2370 ἠξίωσεν
1774 2348 1782 2355 ·
1799 2336 1863 2374 ὅμως

1064 2378 1112 2407 οὐκ
1125 2378 1240 2418 ἠρέσθη,
1257 2378 1354 2418 φησὶν,
1379 2379 1422 2408 ἐπὶ
1446 2380 1500 2413 τοῖς
1522 2381 1640 2409 πλείοσιν
1656 2381 1750 2409 αὐτῶν
1763 2392 1770 2399 ·
1796 2383 1865 2410 τοῦτο

1065 2423 1116 2462 γὰρ
1139 2423 1185 2461 τὸ,
1213 2437 1224 2450 ιι
1252 2423 1415 2459 Εὖδόκησεν.
1432 2437 1444 2450 ι
1464 2425 1505 2454 Οὖ
1529 2424 1581 2464 γὰρ
1607 2425 1862 2463 ἆπεδοκιμάσθησιιι

1063 2467 1174 2505 πάντες,
1195 2468 1254 2496 ἀλλ’
1269 2469 1292 2497 οἱ
1314 2468 1430 2502 πλείους.
1448 2468 1500 2499 Διὰ
1522 2468 1549 2497 δὲ
1573 2471 1619 2498 τοῦ
1641 2470 1728 2498 εἰπεῖν
1741 2493 1749 2504 ,
1776 2481 1791 2499 ε
1809 2471 1863 2500 Τοῖς

1064 2512 1183 2547 πλείοσι,
1204 2523 1218 2540 ι
1245 2513 1321 2548 δηλοῖ
1339 2513 1385 2542 καὶ
1413 2512 1454 2542 ὅτι
1481 2513 1512 2543 τὸ
1536 2515 1636 2549 πλῆθος
1662 2514 1765 2548 αὖτοὺς
1796 2515 1863 2544 οὐδὲν

1064 2555 1150 2591 ὤνησε
1161 2580 1168 2592 ,
1183 2556 1249 2586 διότι
1269 2556 1302 2586 τὰ
1317 2559 1363 2593 τῆς
1389 2558 1495 2595 ἀγάπης
1511 2557 1585 2587 αὐτοὶ
1605 2559 1653 2588 οὐκ
1681 2559 1864 2589 ἐπεδείκνυντε

1065 2601 1130 2640 πρὸς
1142 2601 1186 2630 τὸν
1201 2601 1341 2642 εὐεργέτην
1355 2601 1376 2620 ²¹
1384 2625 1391 2633 .
1400 2601 1452 2632 Διὰ
1464 2603 1492 2633 δὲ
1501 2605 1558 2642 τοῦ,
1572 2616 1583 2629 α
1593 2603 1844 2644 Κατεστρώθησαν,
1855 2615 1864 2628 ι

1880 1735 1881 1790 ι

1880 2038 1881 2095 ι

1879 2196 1881 2306 l

907 2708 1006 2738 Variae
1028 2709 1181 2740 lectiones.

248 2774 269 2792 “
292 2775 451 2811 προσέθεντο,
476 2772 531 2807 ἤτοι
557 2773 669 2809 παρέχοι.
701 2781 728 2802 o.

211 2825 257 2849 την
278 2823 318 2843 In.

781 2772 801 2790 ¹⁷
824 2773 999 2805 ἐϐαπτίζοντοῗ
1011 2782 1038 2802 o.
1076 2774 1098 2793 ¹⁸
1123 2775 1220 2810 πρώτου
1243 2782 1270 2803 ο,
1324 2773 1345 2791 ¹⁹

1376 2774 1439 2801 διότι
1467 2783 1494 2804 o.
1542 2774 1564 2792 ²⁰
1586 2773 1626 2802 ἐπί
1653 2784 1682 2805 o.
1721 2776 1742 2793 ¹¹
1775 2775 1861 2803 δεσπό-
