1881 3081
51 147 98 175 681

503 150 679 180 ΕΧΡο81Τ10
699 153 732 180 ΙΝ
752 153 856 181 EPIST.
876 154 922 181 AD
942 155 1022 184 ROM.
1044 171 1078 177 -—
1099 158 1174 186 CAP.
1195 160 1223 187 X.

1635 167 1687 193 682

49 209 96 260 τὴν
118 208 213 260 ἀθρόαν
229 210 321 260 Indidi»
336 209 486 248 ἀπώλειαν,
507 212 553 242 καὶ
566 213 614 247 τὰς
629 214 772 250 θεηλάτους
793 227 839 245 κο·
853 218 878 250 Α

908 225 990 246 0mm
1010 218 1224 249 destructionem
1248 221 1360 256 indicat,
1386 231 1533 260 pmnasque
1557 226 1689 256 divinitus

48 253 136 286 λεία-εις
152 253 285 294 ἐμφαίνει.

88 311 100 325 ι
115 297 209 327 Ταῦτα
221 299 249 328 δὲ
260 298 338 328 τύποι
360 301 436 338 ἡμῶν
459 300 634 339 ἐγενήθησαν,
651 304 688 336 εἰς
704 303 735 333 τὸ
751 304 788 342 μὴ
803 300 839 334 εἷ-

47 354 89 371 ναι
114 344 184 380 ἡμᾶς
206 343 370 382 ἐπιθυμητὰς
390 347 442 374 τῶν
469 347 578 384 κακῶν,
605 346 692 380 καθὼς
722 350 838 379 κάκεῖνοι

47 387 226 426 ἐπεθύμησαν.
253 399 268 416 ιι
295 388 401 428 Ὥσπερ
427 391 454 418 αῖ
483 391 629 431 εὐεργεσίαι
651 391 730 423 τύποι
754 389 834 431 ἧσαι,

46 430 114 460 οὕτω
136 431 182 461 καὶ
206 432 234 462 αἱ
256 433 388 466 κολάσεις.
414 433 539 464 Δείκνυσι
555 434 600 472 δὲ,
619 436 669 475 οὐχ
690 435 730 466 ὅτι
756 430 836 467 κολαέ

46 475 186 521 σθήσονται
202 477 300 515 μόνον,
316 477 375 508 ἀλλ’
398 479 438 508 δτι
460 479 506 508 καὶ
532 480 657 518 μειζόνως
682 481 700 516 ἢ
722 482 834 521 ἐκεῖνοι,

45 519 97 561 ὅσῳ
121 521 209 550 ἐκεῖνα
236 521 285 560 μὲν
314 522 408 559 τύπος,
438 526 523 553 ταῦτα
559 524 587 554 δὲ
613 525 735 561 ἀλήθεια.
781 519 835 557 Καί

43 563 132 605 ὥσπερ
154 567 181 595 ἐν
203 567 260 599 ταῖς
275 567 384 607 δωρεαῖς
404 570 420 603 ἡ
436 568 554 608 ὑπεροχὴ
564 591 572 605 ,
588 568 656 598 οὕτω
675 571 720 600 καὶ
735 573 762 600 iv
777 576 834 605 ταῖς

43 610 193 641 κολάσεσιν.
209 610 301 640 Εἰπὼν
316 611 343 640 δὲ
353 634 361 648 ,
379 622 394 641 ε
409 611 597 651 Ἐπιθυμητᾶς
619 616 725 651 κακῶν,
741 628 753 642 ι
769 619 833 646 καθ-

42 654 134 688 ολικῶς
158 655 219 695 περὶ
242 655 331 692 πάσης
354 655 448 690 κακίας
467 657 557 696 λέγει,
578 658 670 694 ἐπειδὴ
690 660 736 688 καὶ
757 664 831 690 πᾶσα

42 698 118 728 κακία
133 699 161 734 ἐξ
180 700 329 737 ἐπιθυμίας.
355 696 422 731 Εἶτα
437 701 482 731 καὶ
507 703 567 731 κατ’
587 697 654 737 εἶδος
680 703 766 741 τίθησι
784 705 832 739 τὰς

40 743 142 790 κακίας.
155 744 196 790 *Τί
215 745 242 774 δὲ
260 746 353 775 ἐκεῖνοι
373 745 560 784 ἔπεθύμησαν;
586 747 706 787 Σκόροὸα
720 772 728 787 ,
745 750 827 790 κρέα,

39 788 107 821 θεοὺς
122 788 220 826 ἰδίους,
236 791 273 824 ὥς
292 791 337 820 καὶ
350 790 428 824 αὐτὸς
439 790 483 821 διὰ
497 793 550 820 τῶν
566 791 624 828 ἑξῆς
639 793 714 828 δηλοῖ
726 788 774 830 τὴν
789 796 829 824 εἰ-

39 832 229 874 δωλολατρείαν
247 835 334 865 αὖτῶν
340 858 346 866 .
845 867 869 899 Β

74 937 86 950 ι
101 924 182 969 Μηδᾷ
197 925 387 966 εἰδωλολάτραι
401 927 520 966 γίνεσθε,
535 929 622 964 καθώς
643 942 710 964 τινες
725 931 827 969 αὐτῶν,

37 967 122 1009 ὥσπερ
146 968 320 1015 γέγραπται·
347 971 488 1002 Ἐκάθισεν
515 974 530 1002 ὁ
554 974 616 1007 λαὸς
643 979 755 1015 φαγεῖν,
782 967 826 1005 καί

38 1017 119 1050 πιεῖν,
151 1013 198 1043 καὶ
223 1014 372 1050 ἀνέστησαν
396 1016 509 1050 παίζειν.
541 1032 554 1044 ι
586 1013 695 1057 Πρῶτον
726 1019 826 1050 τούτων

36 1058 198 1087 καθάπτεται
224 1061 277 1089 τῶν
303 1061 329 1089 ἐν
352 1064 406 1093 τοῖς
432 1061 573 1096 εἰδωλείοις
599 1064 753 1101 ἐσθιόντων,
782 1065 827 1094 καὶ

36 1102 234 1141 δείκνυσιν,8τι
254 1102 345 1144 ὥσπερ
368 1105 462 1134 ἐκεῖνοι
485 1106 538 1136 ἀπὸ
558 1109 769 1148 γαστριμαργίας
791 1110 827 1143 εἰς

35 1147 250 1193 είδωλολατρείαν
276 1148 367 1178 ἔπεσον
392 1149 500 1189 (χοροὺς
524 1151 576 1191 γὰρ
598 1147 741 1187 στήσαντες
765 1153 826 1193 περὶ

33 1191 73 1221 τὸν
88 1191 208 1231 μόσχον,
234 1192 340 1228 ἔπαιζον
362 1194 511 1234 ἔμπροσθεν
536 1198 617 1225 αὐτοῦ
631 1207 638 1214 ⁸
655 1211 666 1223 ι
689 1197 758 1227 οὕτω
780 1191 826 1228 καὶ

34 1236 97 1273 ὑμᾶς
113 1235 232 1271 κίνδυνος
246 1240 283 1272 εἷς
302 1238 401 1275 ταύτην
420 1244 525 1276 πεσεῖν,
541 1241 595 1270 ἀπὸ
617 1244 663 1270 τοῦ
689 1241 723 1271 τὰ
747 1243 825 1272 εἴδω·

32 1280 123 1310 λόθυτα
149 1280 194 1311 διὰ
218 1283 430 1323 γαστριμαργίαν
458 1284 565 1315 ἐσθίειν.
596 1284 700 1322 Ὥστε,
730 1289 781 1316 ποῦ
807 1290 823 1324 ἡ

32 1326 142 1372 εξοκοῑσα
166 1327 296 1364 τελειότης
311 1339 376 1365 σου,
397 1328 460 1358 ὅταν
488 1329 524 1362 είς
551 1330 769 1372 εἰδωλολατρείαν
785 1331 824 1366 ἐξ-

32 1369 102 1410 im;

68 1429 80 1441 ι
97 1414 176 1451 Μηδὲ
191 1415 371 1462 πορνεύωμεν
386 1417 424 1454 ²²,
450 1418 536 1452 καθώς
555 1431 622 1452 τινες
638 1419 723 1449 αὐτῶν
745 1421 823 1462 ἰπόρ-

30 1471 129 1506 νενσαν,
141 1459 202 1506 ,καὶ
221 1460 316 1490 ἔπεσον
336 1461 363 1490 iv
375 1466 424 1506 μιᾷ
442 1463 530 1503 ἡμέρᾳ
545 1464 628 1493 εἴκοσι
650 1469 718 1504 τρεῖς
734 1459 823 1506 χιλιᾶ-

30 1504 76 1538 δις.
93 1504 212 1551 [Πάλιν
237 1507 283 1540 τῆς
308 1505 432 1551 πορνείας
458 1508 612 1545 μέμνηται,
698 1504 821 1551 συνεχείᾳ

30 1551 70 1579 τοῦ
80 1550 193 1590 ἐλέγχου
211 1550 407 1590 ἀνυσιμώτερον
420 1552 464 1581 τὸν
479 1552 557 1590 λόγον
569 1554 662 1583 ποιῶν.
683 1554 737 1584 Καὶ
753 1550 820 1591 αὕτη

30 1593 82 1629 δὲὴ
109 1594 231 1634 ἁμαρτία
249 1593 304 1623 ἀπὸ
328 1595 540 1636 γαστριμαργίας
563 1597 675 1635 γίνεται.
702 1599 771 1628 Πότε
792 1599 820 1629 δὲ

29 1637 115 1667 ἔπεσον
130 1638 216 1669 εἴκοσι
230 1640 299 1679 τρεῖς
318 1639 451 1679 χιλιάδες;
468 1639 535 1670 Ὀτι
551 1642 620 1671 κατὰ
634 1642 681 1677 τήν
697 1643 818 1681 συμϐου-

28 1681 72 1728 λὴν
87 1684 208 1722 Βαλαὰμ
227 1684 255 1713 αἱ
276 1684 464 1719 Μαδιανίτιδες
479 1689 600 1723 γυναῖκες
615 1687 658 1715 ἐπὶ
674 1689 721 1723 1i;
732 1699 819 1728 napa-

27 1726 119 1762 τάξεως
144 1729 283 1769 φανεῖσαι,
309 1728 368 1762 τοὺς
391 1729 531 1769 νεωτέρους
550 1731 756 1771 ἕφειλκύσαντο,
772 1726 818 1762 καὶ

27 1771 66 1801 διὰ
78 1774 125 1808 τ’ἤς
139 1773 266 1813 πορνείας
288 1774 325 1806 εἶς
345 1773 376 1803 τὸ
390 1776 467 1804 θ’ῢσαι
489 1776 528 1815 τῷ
548 1775 705 1816 Βεελφεγὼρ
727 1777 818 1811 ἕξεκα-

25 1816 132 1861 λίσαντο
145 1816 254 1852 τούτους
264 1839 273 1854 ,
297 1817 344 1848 καὶ
369 1817 464 1848 ἔπεσεν
489 1820 503 1848 ὁ
528 1819 592 1853 λαὸς
607 1820 634 1848 ἐν
696 1822 818 1861 παρατά-

28 1859 69 1895 εει.

62 1919 73 1934 ε
87 1907 168 1943 Μηδὲ
186 1907 382 1947 ἐκπειράζωμεν
396 1907 440 1938 τὸν
453 1907 588 1948 Χριστὸν,
607 1909 694 1944 καθὼς
718 1910 764 1940 καί
778 1923 816 1941 τι·

26 1962 62 1984 νες
85 1952 173 1982 αὐτῶν
203 1952 345 1992 ἐπείρασαν
371 1952 407 1989 ³³,
433 1953 479 1982 καὶ
503 1953 554 1983 ὑπὸ
576 1955 629 1983 τῶν
655 1954 741 1994 ὄφεων
763 1956 815 1985 ἀπο

25 1994 128 2027 ὤλοντο.
145 2010 159 2023 ιι
173 1995 327 2037 Ἐμφαίνει,
344 1995 385 2026 ὅτι
399 1999 424 2028 οἱ
440 1997 576 2038 Κορίνθιοι
595 1999 744 2039 ἐπείραζον,
761 2012 812 2037 ση-

26 2044 83 2076 μεῖα
99 2042 294 2076 ἐπιζητοῦντες.

838 1538 861 1569 C

61 2099 72 2111 ιι
87 2086 164 2123 Μηδὲ
179 2085 319 2126 γογγύζετε
329 2108 339 2123 ,
355 2086 443 2120 καθὼς
455 2086 501 2116 καί
515 2099 583 2121 τινες
599 2089 686 2118 αὐτῶν
701 2089 812 2130 ἐγόγγυ-

25 2130 77 2166 ζον,
98 2131 143 2160 καὶ
159 2131 299 2161 ἀπώλοντο
314 2131 366 2161 ὑπὸ
386 2135 432 2161 τοῦ
455 2133 619 2171 ὀλοθρευτοῦ.
643 2147 654 2159 ι
669 2133 813 2172 Τουτέστι,

24 2173 151 2213 δυνάμεως
172 2187 243 2210 τινος
269 2178 463 2216 τιμωρητικῆς.
490 2177 642 2207 Αἷνίττεται
666 2178 693 2207 δὲ
718 2179 812 2213 αὖτοὺς
827 2182 852 2214 D

23 2219 63 2247 καὶ
85 2219 129 2249 διὰ
153 2220 264 2260 τούτου,
280 2220 320 2250 ὅτι
344 2221 371 2250 ἓν
395 2226 449 2255 τοῖς
467 2226 623 2262 πειρασμοῖς
651 2223 699 2252 οὐκ
720 2222 811 2263 ἔφερον

22 2264 154 2302 γενναίως,
179 2265 238 2295 ἀλλ’
262 2265 402 2305 ἐγόγγυζον
424 2265 545 2305 λέγοντες
561 2276 569 2284 ⁸
596 2267 666 2297 Πότε
693 2266 751 2304 ἥξει
777 2267 810 2297 τὰ

23 2308 119 2347 ἀγαθάς
138 2309 185 2339 καὶ
199 2309 250 2344 ἕως
265 2310 329 2340 πότε
346 2311 374 2340 αἱ
387 2310 532 2349 auxiliique;

71 2407 82 2420 ι
108 2396 206 2426 Ταῦτα
231 2395 259 2425 δι
284 2395 372 2425 πάντα
394 2395 470 2426 τύποι
495 2395 648 2427 συνέϐαινον
680 2396 788 2430 ἐκείνοις
805 2407 811 2415 ·

21 2437 116 2480 ίγράφη
145 2440 173 2470 δὲ
194 2440 259 2481 πρὸς
285 2440 417 2470 νουθεσίαν
437 2442 527 2479 ἡμῶν,
553 2442 590 2474 εἰς
616 2440 660 2474 οὓς
678 2440 724 2476 ζτὰ
748 2441 811 2477 τέλη

20 2484 68 2512 τῶν
80 2484 183 2514 αἰώνων
201 2484 360 2522 κατήντησε.
374 2498 386 2512 ι
401 2485 486 2516 Φοϐεῖ
498 2484 594 2520 αὖτοὺς
606 2487 645 2526 τῷ
665 2497 694 2516 τε
709 2486 792 2516 εἰπεῖν
802 2507 811 2523 ,

21 2524 58 2556 δτι
69 2541 81 2554 ι
94 2529 165 2569 Πρὸς
178 2529 312 2560 νουθεσίαν
329 2531 405 2568 ἡμῶν
429 2530 531 2570 ἐγράφη
541 2554 550 2568 ,
575 2543 587 2557 ι
612 2524 657 2559 καὶ
673 2531 812 2571 ὀφείλομεν

22 2571 108 2602 λοιπὸν
129 2574 175 2603 καὶ
198 2576 275 2612 ἡμεῖς
297 2575 447 2616 προσδοκᾷν
464 2575 603 2612 κολάσεις,
623 2575 668 2604 καὶ
684 2575 813 2616 φρικωδε-

24 2617 128 2657 στέρας,
152 2618 205 2660 ὅσῳ
230 2619 276 2649 καὶ
305 2619 430 2659 μειζόνων
464 2620 660 2658 ἄπηλαύσαμεν
685 2620 788 2659 δωρεῶν
804 2630 812 2638 ·

24 2661 66 2691 καὶ
83 2663 120 2702 τῷ
135 2663 248 2704 ἄφιστᾷν
272 2665 360 2699 αὐτοῖς
380 2665 410 2694 τὸ
423 2663 513 2702 τέλος,
530 2665 576 2694 καὶ
599 2664 750 2702 δεικνύναι,
772 2662 812 2693 ὅτι

57 2717 65 2737 ί
79 2719 167 2750 Exod.
182 2729 284 2757 χχχιι,
299 2724 325 2751 6.

893 263 1014 328 "hisiis.
1036 303 1064 328 6.
1088 311 1100 324 ι
1125 301 1191 329 Haec
1211 306 1303 330 autem
1329 302 1424 339 ﬁgura:
1447 309 1550 333 nostrae
1564 305 1686 341 fuerunt,

893 347 924 370 ut
952 352 1006 372 non
1030 345 1118 373 simus
1147 347 1376 382 concupiscentes
1400 349 1545 384 malorum,
1568 350 1637 378 sicut
1660 357 1688 379 et

892 388 930 416 illi
951 390 1157 425 concupierunt.
1174 401 1188 417 »
1212 393 1455 427 Quemadmodum
1478 394 1609 422 beneﬁcia
1631 396 1685 432 typi

890 433 1014 468 luerunt,
1046 434 1081 462 ita
1105 439 1132 463 et
1162 443 1261 471 pmnaz.
1290 437 1394 465 Iudicat
1417 442 1509 466 autem
1532 439 1606 475 quod
1629 448 1684 468 non

889 478 981 506 solum
1004 486 1083 514 poena
1098 479 1260 513 afﬁcientur,
1280 489 1375 509 verum
1391 482 1474 510 etiam
1489 487 1566 510 tanto
1581 484 1684 519 majore

890 530 973 558 quam
993 523 1040 557 illi,
1055 528 1158 560 quanto
1179 524 1224 552 illa
1245 525 1355 560 quidem
1373 530 1452 562 typus
1480 526 1597 561 fuerint,
1627 529 1682 557 ista

889 575 964 602 vero,
986 568 1086 596 veritas
1111 578 1117 596 :
1141 577 1174 596 ac
1196 570 1433 605 quemadmodum
1458 571 1484 598 iu
1508 572 1588 600 donis
1612 581 1682 608 prae-

887 612 1030 647 cellebant,
1054 613 1095 641 sic
1113 617 1141 641 et
1161 614 1189 641 in
1208 614 1305 649 poenis.
1330 615 1431 643 Dicens
1454 620 1546 644 autem
1568 628 1580 641 κ
1607 618 1680 645 Con~

887 657 1056 693 cupiscentes
1070 658 1218 694 malorum,
1235 671 1247 682 -
1271 660 1422 695 generatim
1437 660 1471 688 de
1483 661 1558 689 omni
1576 663 1680 690 malitia

886 702 1018 738 loquitur,
1037 702 1261 739 quandoquidem
1276 709 1305 732 et
1316 712 1399 732 omne
1414 705 1510 733 vitium
1526 714 1558 734 ex
1573 714 1680 735 concu-

886 747 1016 782 piscentia
1029 748 1125 775 oritur.
1144 748 1248 776 Deinde
1259 749 1400 784 speciatim
1416 749 1451 778 ita
1467 750 1530 778 vitia
1546 756 1676 780 recenset.

885 792 959 828 Quid
980 796 1071 820 autem
1093 793 1128 820 illi
1146 794 1346 828 expetiverint?
1368 795 1457 829 Allia,
1479 803 1590 829 carnes,
1614 804 1677 832 pro-

884 836 957 872 prios
966 836 1045 869 deos,
1061 836 1099 864 uti
1115 841 1143 864 et
1156 837 1213 873 ipse
1228 846 1277 873 per
1291 846 1324 866 ea
1335 846 1397 875 quae
1409 844 1563 876 sequuntur
1581 848 1678 869 eorum

885 881 1070 909 idololatriam
1089 881 1224 917 patefacit.

918 927 1008 954 Vens.
1024 930 1050 954 7.
1079 938 1090 948 -
1115 927 1209 962 Neque
1236 926 1387 956 idololatm
1418 927 1583 964 efﬁciamini,
1608 930 1677 957 sicut

881 970 994 1007 quidam
1017 978 1049 999 ex
1071 970 1148 1006 ipsis,
1171 972 1407 1007 quemadmodum
1435 973 1565 1008 scriptum
1594 978 1638 1001 est
1667 984 1674 1002 :

882 1015 958 1043 Sedit
973 1016 1090 1051 populus
1105 1016 1272 1044 manducare
1293 1021 1322 1044 et
1332 1016 1435 1050 bibere,
1451 1021 1478 1045 et
1496 1024 1677 1047 surrexerunt

882 1060 974 1088 ludere
992 1059 1010 1087 ί.
1038 1071 1050 1084 ιι
1071 1061 1194 1088 Primum
1221 1068 1269 1088 eos
1294 1061 1391 1096 carpit,
1415 1061 1460 1097 qui
1483 1062 1512 1090 in
1536 1062 1676 1091 idolorum

880 1103 1001 1132 delubris
1015 1104 1203 1140 epulabantur,
1220 1105 1367 1134 ostendens
1387 1106 1472 1142 quod,
1493 1107 1674 1142 quemadmo-

880 1148 946 1177 dum
971 1149 1009 1177 illi
1027 1157 1042 1177 a
1066 1149 1214 1185 gulositate
1237 1149 1271 1177 ad
1293 1150 1431 1178 idolorum
1453 1151 1557 1178 cultum
1572 1152 1675 1188 delapsi

880 1193 936 1221 sint
961 1194 1075 1227 (choros
1102 1195 1176 1222 enim
1200 1198 1352 1223 statuentes
1382 1195 1453 1223 circa
1479 1196 1603 1230 vitulum,
1633 1197 1675 1224 lu-

879 1235 980 1266 debant
994 1243 1058 1266 ante
1071 1239 1189 1275 ipsum),
1205 1239 1246 1267 sic
1256 1239 1406 1275 periculum
1421 1244 1472 1274 est,
1488 1249 1523 1268 ne
1538 1245 1565 1268 et
1577 1249 1625 1269 vos
1640 1241 1674 1270 ad

879 1282 1062 1311 idololatriam
1095 1284 1304 1319 provolvamini,
1335 1292 1399 1313 cum
1433 1293 1465 1312 ex
1491 1285 1562 1321 gulae
1591 1294 1673 1314 suasu

878 1326 960 1355 idolis
974 1327 1118 1356 immolata
1133 1327 1221 1356 editis.
1235 1328 1360 1357 Ubinam
1369 1329 1455 1366 igitur
1469 1329 1599 1365 perfectio
1615 1334 1672 1362 tua.

877 1371 901 1399 si
912 1371 946 1399 ad
958 1371 1140 1400 idololatriam
1152 1372 1323 1408 perduceris?

913 1417 1004 1444 Vnns.
1018 1419 1046 1445 8.
1061 1427 1074 1441 ει
1092 1419 1186 1453 Neque
1200 1417 1282 1453 179
1289 1416 1465 1452 fomicemur,
1477 1417 1547 1446 sicut
1558 1419 1671 1454 quidam

876 1467 909 1489 ex
925 1461 991 1496 ipsis
1006 1460 1132 1489 fornicati
1145 1465 1221 1495 sunt,
1235 1466 1264 1489 et
1279 1462 1435 1490 ceciderunt
1448 1471 1503 1491 uno
1516 1463 1560 1491 die
1576 1463 1669 1499 viginti

875 1505 926 1532 tria
942 1505 1038 1533 millia.
1062 1517 1075 1531 ιι
1092 1507 1198 1534 Rursus
1213 1507 1386 1535 scortationis
1407 1508 1541 1540 meminit,
1557 1516 1590 1536 ex
1614 1508 1670 1536 ire-

874 1550 985 1586 quentia
1008 1550 1227 1586 reprehensionis
1250 1551 1602 1580 orationem-efﬁcaciorem
1627 1552 1669 1580 la—

873 1594 958 1622 ciens.
982 1595 1128 1623 Peccatum
1149 1600 1243 1623 autem
1259 1595 1329 1624 istud
1343 1603 1359 1623 a
1378 1596 1567 1632 gastrimargia
1583 1597 1667 1632 proﬁ-

873 1639 994 1667 ciscitur.
1010 1639 1126 1675 Quando
1142 1647 1207 1668 vero
1224 1640 1317 1676 viginti
1331 1640 1382 1668 tria
1397 1641 1481 1668 millia
1494 1641 1669 1669 ceciderunt?

873 1683 987 1718 Quando
1001 1684 1077 1720 juxta
1096 1685 1243 1712 consilium
1255 1685 1378 1718 Balaam,
1401 1685 1593 1713 Madianitides
1606 1694 1668 1714 mu-

873 1727 953 1756 lieres
971 1729 1043 1765 apud
1063 1730 1216 1757 exercitum
1234 1729 1308 1762 visae,
1326 1729 1443 1765 juvenes
1465 1730 1499 1758 ad
1523 1737 1583 1758 sese
1605 1738 1666 1767 per-

871 1776 1025 1807 traxerunt,
1046 1778 1127 1810 ntque
1140 1781 1189 1802 eos
1207 1781 1256 1809 per
1270 1774 1464 1802 scortationem
1481 1775 1666 1810 pelliciebant,

871 1821 903 1845 ut
922 1825 1030 1846 sacrum
1046 1817 1169 1846 facerent
1187 1817 1366 1854 Beelphegor,
1380 1825 1412 1846 ac
1435 1818 1534 1846 cecidit
1548 1819 1665 1854 populus

870 1861 898 1890 in
917 1862 985 1890 acie.

905 1908 993 1935 Vens.
1013 1909 1041 1935 9.
1063 1916 1078 1933 α
1097 1908 1195 1943 Neque
1208 1910 1347 1934 tentemus
1362 1906 1509 1941 Christum,
1531 1907 1664 1942 quemad-

869 1951 984 1980 modum
1005 1956 1034 1980 et
1047 1952 1159 1988 quidam
1182 1951 1304 1987 ipsorum
1324 1955 1510 1986 tentaverunt,
1530 1956 1558 1979 et
1570 1959 1585 1979 a
1606 1960 1663 1979 ser-

868 1995 997 2032 pentibus
1019 1996 1168 2032 perierunt.
1203 2008 1216 2021 -
1242 1996 1335 2024 Innuit
1357 1995 1514 2024 Corinthios
1535 1999 1662 2031 tentasse,

867 2040 936 2069 dum
953 2041 1029 2077 signa
1050 2045 1215 2077 quaererent.

902 2087 990 2114 Vens.
1009 2089 1052 2114 ιο.
1077 2097 1089 2110 ι
1106 2087 1200 2121 Neque
1215 2085 1402 2119 murmuretis,
1416 2089 1447 2113 ut
1461 2085 1573 2121 quidam
1589 2086 1662 2121 ipso-

865 2138 929 2159 rum
944 2135 1155 2159 murmurarunt
1168 2134 1196 2158 et
1210 2129 1351 2166 perierunt
1360 2129 1396 2158 ab
1409 2130 1632 2157 exterminatore.
1647 2141 1660 2155 γ)

868 2177 930 2204 Hoc
949 2179 1001 2211 est,
1022 2184 1038 2203 a
1053 2175 1153 2203 virtute
1167 2175 1297 2211 quapiam
1313 2182 1421 2210 pceuam
1436 2174 1589 2210 inﬂigente.
1611 2175 1662 2202 Per

868 2219 920 2248 hoc
932 2224 1024 2248 autem
1037 2219 1136 2254 innuit,
1154 2218 1229 2255 quod
1241 2219 1268 2246 in
1278 2218 1475 2246 tentationibus
1488 2218 1661 2254 impatientes

866 2263 979 2298 fuerint,
996 2272 1047 2292 nec
1067 2272 1113 2292 eas
1131 2271 1210 2299 aequo
1225 2263 1317 2291 animo
1333 2263 1505 2299 pertulerint,
1521 2262 1569 2290 sed
1584 2271 1661 2290 mur-

866 2309 1047 2342 muraverint,
1069 2308 1190 2336 dicentes
1215 2316 1221 2335 :
1247 2307 1366 2343 Quando
1389 2307 1498 2335 venient
1521 2307 1609 2335 bona?
1634 2311 1662 2335 et

866 2353 987 2389 quandiu
1000 2353 1131 2382 duratura
1144 2356 1186 2380 est
1194 2351 1326 2387 afﬂictio}

902 2399 991 2426 Vens.
1013 2402 1056 2426 ιι.
1075 2408 1087 2421 α
1105 2398 1174 2426 Haec
1192 2400 1284 2425 autem
1303 2396 1398 2424 omnia
1413 2396 1442 2423 in
1458 2396 1542 2431 ﬁgura
1554 2396 1661 2425 contin-

866 2442 967 2479 gebant
989 2442 1042 2470 illis
1059 2451 1066 2470 :
1085 2441 1186 2477 scripta
1209 2445 1275 2470 sunt
1296 2445 1389 2469 autem
1403 2440 1437 2468 ad
1460 2441 1662 2473 correptionem

867 2491 1000 2521 nostram,
1015 2487 1044 2515 in
1068 2494 1138 2523 quos
1161 2486 1229 2514 lines
1252 2486 1418 2514 saeculorum
1440 2485 1618 2513 devenerunt.
1647 2497 1661 2510 ιι

867 2534 1002 2561 Perterret
1016 2539 1074 2566 eos,
1089 2535 1117 2559 et
1139 2538 1203 2559 cum
1221 2530 1298 2564 dicit,
1316 2542 1328 2555 ι
1345 2531 1412 2558 Haec
1434 2529 1533 2565 scripta
1547 2534 1613 2558 sunt
1626 2529 1661 2558 ad

867 2577 1067 2613 correptionem
1079 2579 1213 2608 nostram,
1230 2587 1243 2600 ι
1255 2582 1405 2610 poenasque
1418 2582 1470 2602 nos
1479 2574 1507 2601 in
1520 2579 1661 2609 posterum

867 2625 1024 2658 exspectare
1034 2620 1178 2654 debemus,
1193 2627 1294 2656 easque
1304 2623 1382 2647 tanto
1393 2619 1480 2655 magis
1489 2617 1659 2650 tremendas,

867 2670 970 2703 quanto
987 2665 1093 2702 majora
1114 2664 1248 2694 beneficia
1268 2663 1425 2700 accepimus
1447 2673 1454 2691 :
1473 2667 1500 2692 et
1514 2670 1579 2691 cum
1597 2661 1662 2690 dicit

711 2756 806 2788 Varia
826 2756 974 2787 lectiones.

58 2794 79 2812 ¹¹
91 2796 263 2834 πορνεΰσωμεν
277 2805 305 2826 o.
343 2797 366 2815 ’⁸
378 2797 530 2834 ὶξιπείραζον
543 2807 573 2828 o.

127 2841 239 2870 ΡΑτιιοι..
258 2843 311 2871 Gn.
332 2842 442 2871 CXXIV.

1487 2838 1522 2865 22
