  <div class='ocr_page' id='page_1' title='image "/cluster/home/n/w/nwhite01/storage/ocr_20150623/124/njp.32101010942728/469.png"; bbox 0 0 1881 3081; ppageno 0'>
   <div class='ocr_carea' id='block_1_1' title="bbox 213 147 263 174">
    <p class='ocr_par' dir='ltr' id='par_1_1' title="bbox 213 147 263 174">
     <span class='ocr_line' id='line_1_1' title="bbox 213 147 263 174; baseline 0.04 -2"><span class='ocrx_word' id='word_1_1' title='bbox 213 147 263 174; x_wconf 78' lang='lat'><strong>683</strong></span> 
     </span>
    </p>
   </div>
   <div class='ocr_carea' id='block_1_2' title="bbox 723 142 1356 173">
    <p class='ocr_par' dir='ltr' id='par_1_2' title="bbox 723 142 1356 173">
     <span class='ocr_line' id='line_1_2' title="bbox 723 142 1356 173; baseline -0.003 -2"><span class='ocrx_word' id='word_1_2' title='bbox 723 142 978 173; x_wconf 78' lang='lat' dir='ltr'><strong>THEOPHYLACTI</strong></span> <span class='ocrx_word' id='word_1_3' title='bbox 999 142 1180 171; x_wconf 72' lang='lat' dir='ltr'><strong>BULGARIE</strong></span> <span class='ocrx_word' id='word_1_4' title='bbox 1199 142 1356 170; x_wconf 78' lang='lat' dir='ltr'><strong>ARCHIEP.</strong></span> 
     </span>
    </p>
   </div>
   <div class='ocr_carea' id='block_1_3' title="bbox 1812 142 1858 168">
    <p class='ocr_par' dir='ltr' id='par_1_3' title="bbox 1812 142 1858 168">
     <span class='ocr_line' id='line_1_3' title="bbox 1812 142 1858 168; baseline 0 0"><span class='ocrx_word' id='word_1_5' title='bbox 1812 142 1858 168; x_wconf 68' lang='grc'><strong>684</strong></span> 
     </span>
    </p>
   </div>
   <div class='ocr_carea' id='block_1_4' title="bbox 212 203 993 245">
    <p class='ocr_par' dir='ltr' id='par_1_4' title="bbox 212 205 993 242">
     <span class='ocr_line' id='line_1_4' title="bbox 212 205 993 242; baseline -0.004 -6"><span class='ocrx_word' id='word_1_6' title='bbox 212 208 298 236; x_wconf 89' lang='lat' dir='ltr'><strong>ﬁnem</strong></span> <span class='ocrx_word' id='word_1_7' title='bbox 319 205 550 242; x_wconf 84' lang='lat' dir='ltr'><strong>ipsisimminere,</strong></span> <span class='ocrx_word' id='word_1_8' title='bbox 577 205 750 241; x_wconf 78' lang='lat' dir='ltr'><strong>ostenditque</strong></span> <span class='ocrx_word' id='word_1_9' title='bbox 774 207 849 242; x_wconf 85' lang='lat' dir='ltr'><strong>quod</strong></span> <span class='ocrx_word' id='word_1_10' title='bbox 872 206 993 242; x_wconf 69' lang='lat' dir='ltr'><strong>supplici:</strong></span> 
     </span>
    </p>
   </div>
   <div class='ocr_carea' id='block_1_5' title="bbox 1103 203 1858 245">
    <p class='ocr_par' dir='ltr' id='par_1_5' title="bbox 1107 203 1858 245">
     <span class='ocr_line' id='line_1_5' title="bbox 1107 203 1858 245; baseline -0.003 -11"><span class='ocrx_word' id='word_1_11' title='bbox 1107 205 1264 245; x_wconf 71' lang='grc' dir='ltr'><strong>πρόσχωροι</strong></span> <span class='ocrx_word' id='word_1_12' title='bbox 1279 204 1423 243; x_wconf 73' lang='grc' dir='ltr'><strong>τιμωρίαι,</strong></span> <span class='ocrx_word' id='word_1_13' title='bbox 1440 203 1499 233; x_wconf 75' lang='grc' dir='ltr'><strong>ἀλλ’</strong></span> <span class='ocrx_word' id='word_1_14' title='bbox 1515 204 1543 232; x_wconf 79' lang='grc' dir='ltr'>αἱ</span> <span class='ocrx_word' id='word_1_15' title='bbox 1558 203 1626 241; x_wconf 80' lang='grc' dir='ltr'>μετὰ</span> <span class='ocrx_word' id='word_1_16' title='bbox 1643 203 1694 239; x_wconf 82' lang='grc' dir='ltr'><strong>τὴν</strong></span> <span class='ocrx_word' id='word_1_17' title='bbox 1711 203 1858 233; x_wconf 73' lang='grc' dir='ltr'>συντέλειαν</span> 
     </span>
    </p>
   </div>
   <div class='ocr_carea' id='block_1_6' title="bbox 211 250 1006 287">
    <p class='ocr_par' dir='ltr' id='par_1_6' title="bbox 211 250 1006 287">
     <span class='ocr_line' id='line_1_6' title="bbox 211 250 1006 287; baseline -0.003 -7"><span class='ocrx_word' id='word_1_18' title='bbox 211 260 268 280; x_wconf 91' lang='lat' dir='ltr'><strong>non</strong></span> <span class='ocrx_word' id='word_1_19' title='bbox 296 251 473 287; x_wconf 75' lang='lat' dir='ltr'><strong>temporaria,</strong></span> <span class='ocrx_word' id='word_1_20' title='bbox 496 250 542 278; x_wconf 85' lang='lat' dir='ltr'><strong>sed</strong></span> <span class='ocrx_word' id='word_1_21' title='bbox 571 251 749 284; x_wconf 84' lang='lat' dir='ltr'><strong>immortalia,</strong></span> <span class='ocrx_word' id='word_1_22' title='bbox 773 258 826 278; x_wconf 91' lang='lat' dir='ltr'><strong>vos</strong></span> <span class='ocrx_word' id='word_1_23' title='bbox 849 251 1006 278; x_wconf 76' lang='lat' dir='ltr'><strong>suscitabat.</strong></span> 
     </span>
    </p>
   </div>
   <div class='ocr_carea' id='block_1_7' title="bbox 211 294 1009 330">
    <p class='ocr_par' dir='ltr' id='par_1_7' title="bbox 211 294 1009 330">
     <span class='ocr_line' id='line_1_7' title="bbox 211 294 1009 330; baseline -0.004 -5"><span class='ocrx_word' id='word_1_24' title='bbox 211 296 340 325; x_wconf 87' lang='lat' dir='ltr'><strong>Tribunal</strong></span> <span class='ocrx_word' id='word_1_25' title='bbox 363 296 436 323; x_wconf 88' lang='lat' dir='ltr'><strong>enim</strong></span> <span class='ocrx_word' id='word_1_26' title='bbox 466 294 532 322; x_wconf 91' lang='lat' dir='ltr'><strong>illud</strong></span> <span class='ocrx_word' id='word_1_27' title='bbox 557 295 617 330; x_wconf 89' lang='lat' dir='ltr'><strong>jam</strong></span> <span class='ocrx_word' id='word_1_28' title='bbox 646 303 718 322; x_wconf 88' lang='lat' dir='ltr'><strong>nunc</strong></span> <span class='ocrx_word' id='word_1_29' title='bbox 747 303 804 330; x_wconf 78' lang='lat' dir='ltr'><strong>prae</strong></span> <span class='ocrx_word' id='word_1_30' title='bbox 826 294 930 323; x_wconf 89' lang='lat' dir='ltr'><strong>foribus</strong></span> <span class='ocrx_word' id='word_1_31' title='bbox 955 299 1009 329; x_wconf 89' lang='lat' dir='ltr'><strong>est,</strong></span> 
     </span>
    </p>
   </div>
   <div class='ocr_carea' id='block_1_8' title="bbox 212 339 834 378">
    <p class='ocr_par' dir='ltr' id='par_1_8' title="bbox 212 339 834 378">
     <span class='ocr_line' id='line_1_8' title="bbox 212 339 834 378; baseline -0.005 -9"><span class='ocrx_word' id='word_1_32' title='bbox 212 340 432 378; x_wconf 86' lang='lat' dir='ltr'><strong>quandoquidem</strong></span> <span class='ocrx_word' id='word_1_33' title='bbox 447 339 544 367; x_wconf 89' lang='lat' dir='ltr'><strong>mundi</strong></span> <span class='ocrx_word' id='word_1_34' title='bbox 560 343 654 368; x_wconf 76' lang='lat' dir='ltr'><strong>aetates</strong></span> <span class='ocrx_word' id='word_1_35' title='bbox 668 339 834 367; x_wconf 75' lang='lat' dir='ltr'><strong>transierint.</strong></span> 
     </span>
    </p>
   </div>
   <div class='ocr_carea' id='block_1_9' title="bbox 249 383 1012 420">
    <p class='ocr_par' dir='ltr' id='par_1_9' title="bbox 249 383 1012 420">
     <span class='ocr_line' id='line_1_9' title="bbox 249 383 1012 420; baseline -0.004 -6"><span class='ocrx_word' id='word_1_36' title='bbox 249 387 337 414; x_wconf 71' lang='lat' dir='ltr'><strong>Vsus.</strong></span> <span class='ocrx_word' id='word_1_37' title='bbox 356 388 399 412; x_wconf 81' lang='lat'><strong>12.</strong></span> <span class='ocrx_word' id='word_1_38' title='bbox 422 396 435 408; x_wconf 78' lang='grc' dir='ltr'>«ι</span> <span class='ocrx_word' id='word_1_39' title='bbox 450 386 548 420; x_wconf 85' lang='lat' dir='ltr'><strong>Itaque</strong></span> <span class='ocrx_word' id='word_1_40' title='bbox 562 384 607 420; x_wconf 90' lang='lat' dir='ltr'><strong>qui</strong></span> <span class='ocrx_word' id='word_1_41' title='bbox 623 392 651 412; x_wconf 91' lang='lat' dir='ltr'><strong>se</strong></span> <span class='ocrx_word' id='word_1_42' title='bbox 669 384 807 411; x_wconf 79' lang='lat' dir='ltr'><strong>existimat</strong></span> <span class='ocrx_word' id='word_1_43' title='bbox 820 388 902 417; x_wconf 84' lang='lat' dir='ltr'><strong>stare,</strong></span> <span class='ocrx_word' id='word_1_44' title='bbox 920 383 1012 411; x_wconf 84' lang='lat' dir='ltr'><strong>videat</strong></span> 
     </span>
    </p>
   </div>
   <div class='ocr_carea' id='block_1_10' title="bbox 214 427 1008 464">
    <p class='ocr_par' dir='ltr' id='par_1_10' title="bbox 214 427 1008 464">
     <span class='ocr_line' id='line_1_10' title="bbox 214 427 1008 464; baseline -0.003 -6"><span class='ocrx_word' id='word_1_45' title='bbox 214 438 248 458; x_wconf 89' lang='lat' dir='ltr'><strong>ne</strong></span> <span class='ocrx_word' id='word_1_46' title='bbox 269 429 358 458; x_wconf 84' lang='lat' dir='ltr'><strong>cadat.</strong></span> <span class='ocrx_word' id='word_1_47' title='bbox 381 441 393 454; x_wconf 68' lang='grc' dir='ltr'><strong><em>η</em></strong></span> <span class='ocrx_word' id='word_1_48' title='bbox 417 430 539 457; x_wconf 84' lang='lat' dir='ltr'><strong>Rursum</strong></span> <span class='ocrx_word' id='word_1_49' title='bbox 561 436 609 456; x_wconf 88' lang='lat' dir='ltr'><strong>eos</strong></span> <span class='ocrx_word' id='word_1_50' title='bbox 635 429 731 462; x_wconf 87' lang='lat' dir='ltr'><strong>innuit,</strong></span> <span class='ocrx_word' id='word_1_51' title='bbox 753 428 799 464; x_wconf 88' lang='lat' dir='ltr'><strong>qui</strong></span> <span class='ocrx_word' id='word_1_52' title='bbox 818 427 937 456; x_wconf 73' lang='lat' dir='ltr'><strong>scientiae</strong></span> <span class='ocrx_word' id='word_1_53' title='bbox 955 436 1008 456; x_wconf 86' lang='lat' dir='ltr'><strong>no-</strong></span> 
     </span>
    </p>
   </div>
   <div class='ocr_carea' id='block_1_11' title="bbox 213 473 1009 508">
    <p class='ocr_par' dir='ltr' id='par_1_11' title="bbox 213 473 1009 508">
     <span class='ocr_line' id='line_1_11' title="bbox 213 473 1009 508; baseline -0.003 -6"><span class='ocrx_word' id='word_1_54' title='bbox 213 475 288 502; x_wconf 86' lang='lat' dir='ltr'><strong>mine</strong></span> <span class='ocrx_word' id='word_1_55' title='bbox 302 473 529 502; x_wconf 87' lang='lat' dir='ltr'><strong>intumescehant.</strong></span> <span class='ocrx_word' id='word_1_56' title='bbox 552 474 713 508; x_wconf 86' lang='lat' dir='ltr'><strong>Quanquam</strong></span> <span class='ocrx_word' id='word_1_57' title='bbox 733 473 808 500; x_wconf 91' lang='lat' dir='ltr'><strong>enim</strong></span> <span class='ocrx_word' id='word_1_58' title='bbox 823 477 850 500; x_wconf 89' lang='lat' dir='ltr'><strong>te</strong></span> <span class='ocrx_word' id='word_1_59' title='bbox 869 476 940 500; x_wconf 85' lang='lat' dir='ltr'><strong>stare</strong></span> <span class='ocrx_word' id='word_1_60' title='bbox 951 473 1009 500; x_wconf 82' lang='lat' dir='ltr'><strong>exi-</strong></span> 
     </span>
    </p>
   </div>
   <div class='ocr_carea' id='block_1_12' title="bbox 214 517 1010 553">
    <p class='ocr_par' dir='ltr' id='par_1_12' title="bbox 214 517 1010 553">
     <span class='ocr_line' id='line_1_12' title="bbox 214 517 1010 553; baseline -0.003 -6"><span class='ocrx_word' id='word_1_61' title='bbox 214 519 318 550; x_wconf 86' lang='lat' dir='ltr'><strong>stimas.</strong></span> <span class='ocrx_word' id='word_1_62' title='bbox 334 523 437 551; x_wconf 90' lang='lat' dir='ltr'><strong>metue,</strong></span> <span class='ocrx_word' id='word_1_63' title='bbox 460 518 561 553; x_wconf 87' lang='lat' dir='ltr'><strong>inquit,</strong></span> <span class='ocrx_word' id='word_1_64' title='bbox 576 526 612 545; x_wconf 89' lang='lat' dir='ltr'><strong>ne</strong></span> <span class='ocrx_word' id='word_1_65' title='bbox 625 517 718 545; x_wconf 89' lang='lat' dir='ltr'><strong>cadas.</strong></span> <span class='ocrx_word' id='word_1_66' title='bbox 745 519 817 545; x_wconf 90' lang='lat' dir='ltr'><strong>Nam</strong></span> <span class='ocrx_word' id='word_1_67' title='bbox 833 517 924 552; x_wconf 91' lang='lat' dir='ltr'><strong>ipsum</strong></span> <span class='ocrx_word' id='word_1_68' title='bbox 943 525 1010 545; x_wconf 89' lang='lat' dir='ltr'><strong>sane</strong></span> 
     </span>
    </p>
   </div>
   <div class='ocr_carea' id='block_1_13' title="bbox 214 561 1008 598">
    <p class='ocr_par' dir='ltr' id='par_1_13' title="bbox 214 561 1008 598">
     <span class='ocr_line' id='line_1_13' title="bbox 214 561 1008 598; baseline -0.003 -7"><span class='ocrx_word' id='word_1_69' title='bbox 214 563 361 597; x_wconf 88' lang='lat' dir='ltr'><strong>conﬁdere,</strong></span> <span class='ocrx_word' id='word_1_70' title='bbox 385 563 459 598; x_wconf 92' lang='lat' dir='ltr'><strong>quod</strong></span> <span class='ocrx_word' id='word_1_71' title='bbox 478 566 543 595; x_wconf 87' lang='lat' dir='ltr'><strong>stes,</strong></span> <span class='ocrx_word' id='word_1_72' title='bbox 565 561 666 590; x_wconf 91' lang='lat' dir='ltr'><strong>indicio</strong></span> <span class='ocrx_word' id='word_1_73' title='bbox 689 566 731 590; x_wconf 89' lang='lat' dir='ltr'><strong>est</strong></span> <span class='ocrx_word' id='word_1_74' title='bbox 752 562 825 598; x_wconf 90' lang='lat' dir='ltr'><strong>quod</strong></span> <span class='ocrx_word' id='word_1_75' title='bbox 845 570 901 589; x_wconf 88' lang='lat' dir='ltr'><strong>non</strong></span> <span class='ocrx_word' id='word_1_76' title='bbox 923 566 978 589; x_wconf 85' lang='lat' dir='ltr'><strong>stes</strong></span> <span class='ocrx_word' id='word_1_77' title='bbox 1001 571 1008 588; x_wconf 92' lang='lat'><strong>:</strong></span> 
     </span>
    </p>
   </div>
   <div class='ocr_carea' id='block_1_14' title="bbox 214 606 1010 639">
    <p class='ocr_par' dir='ltr' id='par_1_14' title="bbox 214 606 1010 639">
     <span class='ocr_line' id='line_1_14' title="bbox 214 606 1010 639; baseline -0.003 -4"><span class='ocrx_word' id='word_1_78' title='bbox 214 607 313 635; x_wconf 87' lang='lat' dir='ltr'><strong>videris</strong></span> <span class='ocrx_word' id='word_1_79' title='bbox 324 607 412 639; x_wconf 85' lang='lat' dir='ltr'><strong>enim;</strong></span> <span class='ocrx_word' id='word_1_80' title='bbox 436 615 492 635; x_wconf 87' lang='lat' dir='ltr'><strong>non</strong></span> <span class='ocrx_word' id='word_1_81' title='bbox 515 615 609 634; x_wconf 83' lang='lat' dir='ltr'><strong>revera</strong></span> <span class='ocrx_word' id='word_1_82' title='bbox 623 611 689 634; x_wconf 85' lang='lat' dir='ltr'><strong>stas.</strong></span> <span class='ocrx_word' id='word_1_83' title='bbox 714 608 755 633; x_wconf 80' lang='lat' dir='ltr'><strong>Ac</strong></span> <span class='ocrx_word' id='word_1_84' title='bbox 769 606 877 634; x_wconf 89' lang='lat' dir='ltr'><strong>etiamsi</strong></span> <span class='ocrx_word' id='word_1_85' title='bbox 891 607 1010 634; x_wconf 87' lang='lat' dir='ltr'><strong>maxime</strong></span> 
     </span>
    </p>
   </div>
   <div class='ocr_carea' id='block_1_15' title="bbox 213 651 813 687">
    <p class='ocr_par' dir='ltr' id='par_1_15' title="bbox 213 651 813 687">
     <span class='ocr_line' id='line_1_15' title="bbox 213 651 813 687; baseline -0.003 -7"><span class='ocrx_word' id='word_1_86' title='bbox 213 656 279 684; x_wconf 87' lang='lat' dir='ltr'><strong>stes,</strong></span> <span class='ocrx_word' id='word_1_87' title='bbox 295 651 382 679; x_wconf 83' lang='lat' dir='ltr'><strong>facilis</strong></span> <span class='ocrx_word' id='word_1_88' title='bbox 395 656 436 679; x_wconf 87' lang='lat' dir='ltr'><strong>est</strong></span> <span class='ocrx_word' id='word_1_89' title='bbox 453 659 501 686; x_wconf 85' lang='lat' dir='ltr'><strong>per</strong></span> <span class='ocrx_word' id='word_1_90' title='bbox 510 651 696 687; x_wconf 80' lang='lat' dir='ltr'><strong>arrogantiam</strong></span> <span class='ocrx_word' id='word_1_91' title='bbox 713 651 813 686; x_wconf 88' lang='lat' dir='ltr'><strong>lapsus.</strong></span> 
     </span>
    </p>
   </div>
   <div class='ocr_carea' id='block_1_16' title="bbox 247 695 1009 731">
    <p class='ocr_par' dir='ltr' id='par_1_16' title="bbox 247 695 1009 731">
     <span class='ocr_line' id='line_1_16' title="bbox 247 695 1009 731; baseline -0.001 -7"><span class='ocrx_word' id='word_1_92' title='bbox 247 698 332 724; x_wconf 75' lang='lat' dir='ltr'><strong>Vens.</strong></span> <span class='ocrx_word' id='word_1_93' title='bbox 350 699 392 724; x_wconf 86' lang='lat'><strong>13.</strong></span> <span class='ocrx_word' id='word_1_94' title='bbox 411 705 424 721; x_wconf 85' lang='lat'><strong>«</strong></span> <span class='ocrx_word' id='word_1_95' title='bbox 437 696 564 724; x_wconf 87' lang='lat' dir='ltr'><strong>Teutatio</strong></span> <span class='ocrx_word' id='word_1_96' title='bbox 579 704 627 724; x_wconf 88' lang='lat' dir='ltr'><strong>vos</strong></span> <span class='ocrx_word' id='word_1_97' title='bbox 640 703 700 724; x_wconf 90' lang='lat' dir='ltr'><strong>non</strong></span> <span class='ocrx_word' id='word_1_98' title='bbox 715 695 794 731; x_wconf 81' lang='lat' dir='ltr'><strong>cepit,</strong></span> <span class='ocrx_word' id='word_1_99' title='bbox 810 695 863 723; x_wconf 85' lang='lat' dir='ltr'><strong>nisi</strong></span> <span class='ocrx_word' id='word_1_100' title='bbox 877 695 1009 723; x_wconf 90' lang='lat' dir='ltr'><strong>humana.</strong></span> 
     </span>
    </p>
   </div>
   <div class='ocr_carea' id='block_1_17' title="bbox 214 739 1010 776">
    <p class='ocr_par' dir='ltr' id='par_1_17' title="bbox 214 739 1010 776">
     <span class='ocr_line' id='line_1_17' title="bbox 214 739 1010 776; baseline -0.003 -7"><span class='ocrx_word' id='word_1_101' title='bbox 214 741 313 770; x_wconf 80' lang='lat' dir='ltr'><strong>Fidelis</strong></span> <span class='ocrx_word' id='word_1_102' title='bbox 336 745 426 768; x_wconf 83' lang='lat' dir='ltr'><strong>autem</strong></span> <span class='ocrx_word' id='word_1_103' title='bbox 452 742 535 774; x_wconf 90' lang='lat' dir='ltr'><strong>Deus,</strong></span> <span class='ocrx_word' id='word_1_104' title='bbox 560 740 606 776; x_wconf 90' lang='lat' dir='ltr'><strong>qui</strong></span> <span class='ocrx_word' id='word_1_105' title='bbox 630 748 684 768; x_wconf 93' lang='lat' dir='ltr'><strong>non</strong></span> <span class='ocrx_word' id='word_1_106' title='bbox 705 740 820 775; x_wconf 90' lang='lat' dir='ltr'><strong>patietur</strong></span> <span class='ocrx_word' id='word_1_107' title='bbox 843 748 891 768; x_wconf 89' lang='lat' dir='ltr'><strong>vos</strong></span> <span class='ocrx_word' id='word_1_108' title='bbox 912 739 1010 767; x_wconf 86' lang='lat' dir='ltr'><strong>tentari</strong></span> 
     </span>
    </p>
   </div>
   <div class='ocr_carea' id='block_1_18' title="bbox 212 784 1008 821">
    <p class='ocr_par' dir='ltr' id='par_1_18' title="bbox 212 784 1008 821">
     <span class='ocr_line' id='line_1_18' title="bbox 212 784 1008 821; baseline -0.004 -7"><span class='ocrx_word' id='word_1_109' title='bbox 212 794 294 821; x_wconf 86' lang='lat' dir='ltr'><strong>supra</strong></span> <span class='ocrx_word' id='word_1_110' title='bbox 309 785 336 813; x_wconf 91' lang='lat' dir='ltr'><strong>id</strong></span> <span class='ocrx_word' id='word_1_111' title='bbox 356 785 431 821; x_wconf 90' lang='lat' dir='ltr'><strong>quod</strong></span> <span class='ocrx_word' id='word_1_112' title='bbox 448 785 572 820; x_wconf 82' lang='lat' dir='ltr'><strong>potestis,</strong></span> <span class='ocrx_word' id='word_1_113' title='bbox 585 784 633 812; x_wconf 89' lang='lat' dir='ltr'><strong>sed</strong></span> <span class='ocrx_word' id='word_1_114' title='bbox 649 784 731 812; x_wconf 84' lang='lat' dir='ltr'><strong>faciet</strong></span> <span class='ocrx_word' id='word_1_115' title='bbox 744 784 824 812; x_wconf 85' lang='lat' dir='ltr'><strong>etiam</strong></span> <span class='ocrx_word' id='word_1_116' title='bbox 839 792 902 812; x_wconf 92' lang='lat' dir='ltr'><strong>cum</strong></span> <span class='ocrx_word' id='word_1_117' title='bbox 918 789 1008 812; x_wconf 86' lang='lat' dir='ltr'><strong>tenta-</strong></span> 
     </span>
    </p>
   </div>
   <div class='ocr_carea' id='block_1_19' title="bbox 1065 247 1859 287">
    <p class='ocr_par' dir='ltr' id='par_1_19' title="bbox 1065 247 1859 287">
     <span class='ocr_line' id='line_1_19' title="bbox 1065 247 1859 287; baseline -0.003 -9"><span class='ocrx_word' id='word_1_118' title='bbox 1065 250 1189 279; x_wconf 79' lang='grc' dir='ltr'>ἀθάνατοι</span> <span class='ocrx_word' id='word_1_119' title='bbox 1211 249 1376 283; x_wconf 73' lang='grc' dir='ltr'><strong>διαδέξονται</strong></span> <span class='ocrx_word' id='word_1_120' title='bbox 1394 250 1473 287; x_wconf 76' lang='grc' dir='ltr'>ὑμᾶς.</span> <span class='ocrx_word' id='word_1_121' title='bbox 1487 248 1560 283; x_wconf 83' lang='grc' dir='ltr'><strong>Ἤδη</strong></span> <span class='ocrx_word' id='word_1_122' title='bbox 1576 247 1628 287; x_wconf 74' lang='grc' dir='ltr'>γὰρ</span> <span class='ocrx_word' id='word_1_123' title='bbox 1649 247 1679 277; x_wconf 80' lang='grc' dir='ltr'><strong>τὸ</strong></span> <span class='ocrx_word' id='word_1_124' title='bbox 1695 247 1859 286; x_wconf 78' lang='grc' dir='ltr'>δικαστήριον</span> 
     </span>
    </p>
   </div>
   <div class='ocr_carea' id='block_1_20' title="bbox 1063 292 1859 333">
    <p class='ocr_par' dir='ltr' id='par_1_20' title="bbox 1063 292 1859 333">
     <span class='ocr_line' id='line_1_20' title="bbox 1063 292 1859 333; baseline -0.003 -10"><span class='ocrx_word' id='word_1_125' title='bbox 1063 295 1148 323; x_wconf 80' lang='grc' dir='ltr'>ἐκεῖνο</span> <span class='ocrx_word' id='word_1_126' title='bbox 1171 294 1215 323; x_wconf 83' lang='grc' dir='ltr'><strong>ἐπὶ</strong></span> <span class='ocrx_word' id='word_1_127' title='bbox 1240 293 1346 333; x_wconf 80' lang='grc' dir='ltr'><strong>θύραις,</strong></span> <span class='ocrx_word' id='word_1_128' title='bbox 1372 293 1464 329; x_wconf 73' lang='grc' dir='ltr'>ἐπειδὴ</span> <span class='ocrx_word' id='word_1_129' title='bbox 1482 293 1640 322; x_wconf 74' lang='grc' dir='ltr'><strong>τελευτῶσιν</strong></span> <span class='ocrx_word' id='word_1_130' title='bbox 1656 294 1680 322; x_wconf 78' lang='grc' dir='ltr'>οἱ</span> <span class='ocrx_word' id='word_1_131' title='bbox 1703 294 1751 321; x_wconf 76' lang='grc' dir='ltr'><strong>τοῦ</strong></span> <span class='ocrx_word' id='word_1_132' title='bbox 1766 292 1859 330; x_wconf 81' lang='grc' dir='ltr'>κόσμου</span> 
     </span>
    </p>
   </div>
   <div class='ocr_carea' id='block_1_21' title="bbox 1064 341 1168 372">
    <p class='ocr_par' dir='ltr' id='par_1_21' title="bbox 1064 341 1168 372">
     <span class='ocr_line' id='line_1_21' title="bbox 1064 341 1168 372; baseline 0.01 -4"><span class='ocrx_word' id='word_1_133' title='bbox 1064 341 1168 372; x_wconf 80' lang='grc' dir='ltr'>αἰῶνες.</span> 
     </span>
    </p>
   </div>
   <div class='ocr_carea' id='block_1_22' title="bbox 1105 380 1859 422">
    <p class='ocr_par' dir='ltr' id='par_1_22' title="bbox 1105 380 1859 422">
     <span class='ocr_line' id='line_1_22' title="bbox 1105 380 1859 422; baseline -0.004 -9"><span class='ocrx_word' id='word_1_134' title='bbox 1105 397 1117 410; x_wconf 78' lang='grc' dir='ltr'>ι</span> <span class='ocrx_word' id='word_1_135' title='bbox 1133 383 1218 413; x_wconf 58' lang='lat' dir='ltr'><strong>“Qa-re</strong></span> <span class='ocrx_word' id='word_1_136' title='bbox 1241 384 1255 412; x_wconf 85' lang='grc' dir='ltr'>ὁ</span> <span class='ocrx_word' id='word_1_137' title='bbox 1277 383 1363 412; x_wconf 81' lang='grc' dir='ltr'>δοκῶν</span> <span class='ocrx_word' id='word_1_138' title='bbox 1396 383 1506 412; x_wconf 75' lang='grc' dir='ltr'><strong>ἑστάναι</strong></span> <span class='ocrx_word' id='word_1_139' title='bbox 1537 381 1659 422; x_wconf 76' lang='grc' dir='ltr'><strong>βλεπέτω</strong></span> <span class='ocrx_word' id='word_1_140' title='bbox 1679 381 1719 420; x_wconf 73' lang='grc' dir='ltr'><strong>μὴ</strong></span> <span class='ocrx_word' id='word_1_141' title='bbox 1747 380 1830 420; x_wconf 80' lang='grc' dir='ltr'>πέσῃ.</span> <span class='ocrx_word' id='word_1_142' title='bbox 1849 395 1859 407; x_wconf 76' lang='grc' dir='ltr'>ι</span> 
     </span>
    </p>
   </div>
   <div class='ocr_carea' id='block_1_23' title="bbox 1065 426 1861 467">
    <p class='ocr_par' dir='ltr' id='par_1_23' title="bbox 1065 426 1861 467">
     <span class='ocr_line' id='line_1_23' title="bbox 1065 426 1861 467; baseline -0.004 -10"><span class='ocrx_word' id='word_1_143' title='bbox 1065 427 1152 458; x_wconf 82' lang='grc' dir='ltr'>Πάλιν</span> <span class='ocrx_word' id='word_1_144' title='bbox 1173 427 1232 461; x_wconf 80' lang='grc' dir='ltr'>τοὺς</span> <span class='ocrx_word' id='word_1_145' title='bbox 1248 428 1290 457; x_wconf 77' lang='grc' dir='ltr'><strong>ἐπὶ</strong></span> <span class='ocrx_word' id='word_1_146' title='bbox 1311 429 1344 466; x_wconf 81' lang='grc' dir='ltr'><strong>τῇ</strong></span> <span class='ocrx_word' id='word_1_147' title='bbox 1359 427 1456 466; x_wconf 77' lang='grc' dir='ltr'>γνώσει</span> <span class='ocrx_word' id='word_1_148' title='bbox 1480 427 1549 466; x_wconf 86' lang='grc' dir='ltr'><strong>μέγα</strong></span> <span class='ocrx_word' id='word_1_149' title='bbox 1568 428 1734 467; x_wconf 72' lang='grc' dir='ltr'>φρονοῦντας</span> <span class='ocrx_word' id='word_1_150' title='bbox 1756 426 1861 455; x_wconf 73' lang='grc' dir='ltr'>αἰνίττε-</span> 
     </span>
    </p>
   </div>
   <div class='ocr_carea' id='block_1_24' title="bbox 1064 470 1860 512">
    <p class='ocr_par' dir='ltr' id='par_1_24' title="bbox 1064 470 1860 512">
     <span class='ocr_line' id='line_1_24' title="bbox 1064 470 1860 512; baseline -0.005 -10"><span class='ocrx_word' id='word_1_151' title='bbox 1064 474 1158 503; x_wconf 80' lang='grc' dir='ltr'>ται.Εἷ</span> <span class='ocrx_word' id='word_1_152' title='bbox 1178 472 1229 512; x_wconf 78' lang='grc' dir='ltr'>γὰρ</span> <span class='ocrx_word' id='word_1_153' title='bbox 1251 473 1296 501; x_wconf 77' lang='grc' dir='ltr'><strong>καὶ</strong></span> <span class='ocrx_word' id='word_1_154' title='bbox 1318 471 1429 502; x_wconf 78' lang='grc' dir='ltr'>ἑστάναι</span> <span class='ocrx_word' id='word_1_155' title='bbox 1444 471 1578 510; x_wconf 74' lang='grc' dir='ltr'><strong>νομίζεις,</strong></span> <span class='ocrx_word' id='word_1_156' title='bbox 1593 471 1709 501; x_wconf 76' lang='grc' dir='ltr'>εὐλαϐοῦ</span> <span class='ocrx_word' id='word_1_157' title='bbox 1729 470 1772 508; x_wconf 61' lang='grc' dir='ltr'>Ἠ,</span> <span class='ocrx_word' id='word_1_158' title='bbox 1788 470 1860 511; x_wconf 73' lang='grc' dir='ltr'>φησὶ,</span> 
     </span>
    </p>
   </div>
   <div class='ocr_carea' id='block_1_25' title="bbox 1065 515 1860 557">
    <p class='ocr_par' dir='ltr' id='par_1_25' title="bbox 1065 515 1860 557">
     <span class='ocr_line' id='line_1_25' title="bbox 1065 515 1860 557; baseline -0.003 -11"><span class='ocrx_word' id='word_1_159' title='bbox 1065 517 1101 555; x_wconf 86' lang='grc' dir='ltr'><strong>μὴ</strong></span> <span class='ocrx_word' id='word_1_160' title='bbox 1115 517 1199 555; x_wconf 83' lang='grc' dir='ltr'>πέσῃς</span> <span class='ocrx_word' id='word_1_161' title='bbox 1214 528 1221 535; x_wconf 86' lang='grc'><em>”</em></span> <span class='ocrx_word' id='word_1_162' title='bbox 1241 517 1286 546; x_wconf 83' lang='grc' dir='ltr'>καὶ</span> <span class='ocrx_word' id='word_1_163' title='bbox 1309 517 1371 547; x_wconf 78' lang='grc' dir='ltr'>αὐτὸ</span> <span class='ocrx_word' id='word_1_164' title='bbox 1387 516 1434 555; x_wconf 83' lang='grc' dir='ltr'>μὲν</span> <span class='ocrx_word' id='word_1_165' title='bbox 1458 516 1509 556; x_wconf 81' lang='grc' dir='ltr'>γὰρ</span> <span class='ocrx_word' id='word_1_166' title='bbox 1529 515 1560 545; x_wconf 80' lang='grc' dir='ltr'><strong>τὸ</strong></span> <span class='ocrx_word' id='word_1_167' title='bbox 1578 517 1684 557; x_wconf 81' lang='grc' dir='ltr'>θαῤῥεῖν</span> <span class='ocrx_word' id='word_1_168' title='bbox 1696 538 1704 552; x_wconf 86' lang='grc'><strong>,</strong></span> <span class='ocrx_word' id='word_1_169' title='bbox 1721 515 1766 545; x_wconf 73' lang='grc' dir='ltr'><strong>ὅτι</strong></span> <span class='ocrx_word' id='word_1_170' title='bbox 1788 515 1860 551; x_wconf 71' lang='grc' dir='ltr'>ἕστη-</span> 
     </span>
    </p>
   </div>
   <div class='ocr_carea' id='block_1_26' title="bbox 1064 560 1860 600">
    <p class='ocr_par' dir='ltr' id='par_1_26' title="bbox 1064 560 1860 600">
     <span class='ocr_line' id='line_1_26' title="bbox 1064 560 1860 600; baseline -0.004 -9"><span class='ocrx_word' id='word_1_171' title='bbox 1064 574 1127 599; x_wconf 80' lang='grc' dir='ltr'>κας,</span> <span class='ocrx_word' id='word_1_172' title='bbox 1152 561 1211 591; x_wconf 83' lang='grc' dir='ltr'>οὐδὲ</span> <span class='ocrx_word' id='word_1_173' title='bbox 1237 561 1345 590; x_wconf 77' lang='grc' dir='ltr'>ἑστάναι</span> <span class='ocrx_word' id='word_1_174' title='bbox 1368 561 1436 591; x_wconf 78' lang='grc' dir='ltr'>ἐστί.</span> <span class='ocrx_word' id='word_1_175' title='bbox 1477 562 1570 594; x_wconf 85' lang='grc' dir='ltr'>Δοκεῖς</span> <span class='ocrx_word' id='word_1_176' title='bbox 1593 560 1656 600; x_wconf 80' lang='grc' dir='ltr'>γὰρ,</span> <span class='ocrx_word' id='word_1_177' title='bbox 1682 561 1732 589; x_wconf 78' lang='grc' dir='ltr'><strong>οὐκ</strong></span> <span class='ocrx_word' id='word_1_178' title='bbox 1760 561 1860 595; x_wconf 72' lang='grc' dir='ltr'>ἀληθῶς</span> 
     </span>
    </p>
   </div>
   <div class='ocr_carea' id='block_1_27' title="bbox 1064 604 1861 645">
    <p class='ocr_par' dir='ltr' id='par_1_27' title="bbox 1064 604 1861 645">
     <span class='ocr_line' id='line_1_27' title="bbox 1064 604 1861 645; baseline -0.004 -9"><span class='ocrx_word' id='word_1_179' title='bbox 1064 606 1179 643; x_wconf 78' lang='grc' dir='ltr'><strong>ἕστηκας</strong></span> <span class='ocrx_word' id='word_1_180' title='bbox 1195 618 1202 625; x_wconf 89' lang='grc'><strong>·</strong></span> <span class='ocrx_word' id='word_1_181' title='bbox 1225 607 1247 636; x_wconf 85' lang='grc' dir='ltr'><strong>εἰ</strong></span> <span class='ocrx_word' id='word_1_182' title='bbox 1275 606 1302 636; x_wconf 81' lang='grc' dir='ltr'>δὲ</span> <span class='ocrx_word' id='word_1_183' title='bbox 1325 606 1371 635; x_wconf 80' lang='grc' dir='ltr'><strong>καὶ</strong></span> <span class='ocrx_word' id='word_1_184' title='bbox 1394 605 1481 642; x_wconf 86' lang='grc' dir='ltr'>ἔστιν,</span> <span class='ocrx_word' id='word_1_185' title='bbox 1507 604 1615 645; x_wconf 75' lang='grc' dir='ltr'>εὐχερὴς</span> <span class='ocrx_word' id='word_1_186' title='bbox 1643 604 1670 639; x_wconf 79' lang='grc' dir='ltr'><strong>ἐξ</strong></span> <span class='ocrx_word' id='word_1_187' title='bbox 1695 604 1827 638; x_wconf 79' lang='grc' dir='ltr'>ἆπονοίας</span> <span class='ocrx_word' id='word_1_188' title='bbox 1849 606 1861 639; x_wconf 74' lang='grc' dir='ltr'>ἦ</span> 
     </span>
    </p>
   </div>
   <div class='ocr_carea' id='block_1_28' title="bbox 1064 653 1174 684">
    <p class='ocr_par' dir='ltr' id='par_1_28' title="bbox 1064 653 1174 684">
     <span class='ocr_line' id='line_1_28' title="bbox 1064 653 1174 684; baseline -0.009 -4"><span class='ocrx_word' id='word_1_189' title='bbox 1064 653 1174 684; x_wconf 81' lang='grc' dir='ltr'>πτῶσις.</span> 
     </span>
    </p>
   </div>
   <div class='ocr_carea' id='block_1_29' title="bbox 1105 693 1860 735">
    <p class='ocr_par' dir='ltr' id='par_1_29' title="bbox 1105 693 1860 735">
     <span class='ocr_line' id='line_1_29' title="bbox 1105 693 1860 735; baseline -0.004 -10"><span class='ocrx_word' id='word_1_190' title='bbox 1105 710 1115 721; x_wconf 80' lang='grc' dir='ltr'><strong>ι</strong></span> <span class='ocrx_word' id='word_1_191' title='bbox 1134 694 1287 735; x_wconf 86' lang='grc' dir='ltr'>Πειρασμὸς</span> <span class='ocrx_word' id='word_1_192' title='bbox 1297 695 1365 732; x_wconf 75' lang='grc' dir='ltr'>ὑμᾶς</span> <span class='ocrx_word' id='word_1_193' title='bbox 1384 695 1431 724; x_wconf 85' lang='grc' dir='ltr'>οὖκ</span> <span class='ocrx_word' id='word_1_194' title='bbox 1445 694 1562 734; x_wconf 76' lang='grc' dir='ltr'><strong>εἴληφεν,</strong></span> <span class='ocrx_word' id='word_1_195' title='bbox 1579 694 1601 723; x_wconf 83' lang='grc' dir='ltr'><strong>εἰ</strong></span> <span class='ocrx_word' id='word_1_196' title='bbox 1616 693 1654 730; x_wconf 82' lang='grc' dir='ltr'><strong>μὴ</strong></span> <span class='ocrx_word' id='word_1_197' title='bbox 1673 693 1860 732; x_wconf 74' lang='grc' dir='ltr'>ἀνθρώπινος·</span> 
     </span>
    </p>
   </div>
   <div class='ocr_carea' id='block_1_30' title="bbox 1064 739 1861 777">
    <p class='ocr_par' dir='ltr' id='par_1_30' title="bbox 1064 739 1861 777">
     <span class='ocr_line' id='line_1_30' title="bbox 1064 739 1861 777; baseline -0.004 -8"><span class='ocrx_word' id='word_1_198' title='bbox 1064 740 1155 773; x_wconf 82' lang='grc' dir='ltr'>πιστὸς</span> <span class='ocrx_word' id='word_1_199' title='bbox 1179 741 1207 769; x_wconf 80' lang='grc' dir='ltr'><strong>δε</strong></span> <span class='ocrx_word' id='word_1_200' title='bbox 1228 741 1242 768; x_wconf 82' lang='grc' dir='ltr'><strong>ὁ</strong></span> <span class='ocrx_word' id='word_1_201' title='bbox 1257 740 1344 776; x_wconf 79' lang='grc' dir='ltr'>Θεὸς,</span> <span class='ocrx_word' id='word_1_202' title='bbox 1363 739 1391 772; x_wconf 84' lang='grc' dir='ltr'><strong>ὃς</strong></span> <span class='ocrx_word' id='word_1_203' title='bbox 1414 741 1460 768; x_wconf 77' lang='grc' dir='ltr'><strong>οὐκ</strong></span> <span class='ocrx_word' id='word_1_204' title='bbox 1490 739 1562 768; x_wconf 80' lang='grc' dir='ltr'>ἐάσει</span> <span class='ocrx_word' id='word_1_205' title='bbox 1591 740 1660 775; x_wconf 71' lang='grc' dir='ltr'>ὑμᾶς</span> <span class='ocrx_word' id='word_1_206' title='bbox 1686 740 1861 777; x_wconf 78' lang='grc' dir='ltr'>πειρασθῆναι</span> 
     </span>
    </p>
   </div>
   <div class='ocr_carea' id='block_1_31' title="bbox 1065 782 1861 823">
    <p class='ocr_par' dir='ltr' id='par_1_31' title="bbox 1065 782 1861 823">
     <span class='ocr_line' id='line_1_31' title="bbox 1065 782 1861 823; baseline -0.003 -10"><span class='ocrx_word' id='word_1_207' title='bbox 1065 784 1129 823; x_wconf 84' lang='grc' dir='ltr'>ὑπὲρ</span> <span class='ocrx_word' id='word_1_208' title='bbox 1144 784 1157 813; x_wconf 86' lang='grc'><strong>8</strong></span> <span class='ocrx_word' id='word_1_209' title='bbox 1173 784 1282 814; x_wconf 82' lang='grc' dir='ltr'>δύνασθε</span> <span class='ocrx_word' id='word_1_210' title='bbox 1294 807 1303 819; x_wconf 88' lang='lat'><strong>,</strong></span> <span class='ocrx_word' id='word_1_211' title='bbox 1323 783 1393 812; x_wconf 80' lang='grc' dir='ltr'>ἀλλὰ</span> <span class='ocrx_word' id='word_1_212' title='bbox 1409 783 1456 812; x_wconf 82' lang='grc' dir='ltr'><strong>σὺν</strong></span> <span class='ocrx_word' id='word_1_213' title='bbox 1480 784 1520 819; x_wconf 69' lang='grc' dir='ltr'><strong>τῷ</strong></span> <span class='ocrx_word' id='word_1_214' title='bbox 1541 784 1684 821; x_wconf 79' lang='grc' dir='ltr'>πειρασμῷ</span> <span class='ocrx_word' id='word_1_215' title='bbox 1697 782 1809 818; x_wconf 84' lang='grc' dir='ltr'>ποιήσει</span> <span class='ocrx_word' id='word_1_216' title='bbox 1823 783 1861 811; x_wconf 70' lang='grc' dir='ltr'>καὶ</span> 
     </span>
    </p>
   </div>
   <div class='ocr_carea' id='block_1_32' title="bbox 211 827 993 871">
    <p class='ocr_par' dir='ltr' id='par_1_32' title="bbox 211 829 993 866">
     <span class='ocr_line' id='line_1_32' title="bbox 211 829 993 866; baseline -0.003 -8"><span class='ocrx_word' id='word_1_217' title='bbox 211 830 286 858; x_wconf 87' lang='lat' dir='ltr'><strong>tione</strong></span> <span class='ocrx_word' id='word_1_218' title='bbox 301 834 473 866; x_wconf 87' lang='lat' dir='ltr'><strong>proventum,</strong></span> <span class='ocrx_word' id='word_1_219' title='bbox 491 834 522 857; x_wconf 89' lang='lat' dir='ltr'><strong>ut</strong></span> <span class='ocrx_word' id='word_1_220' title='bbox 546 829 652 865; x_wconf 87' lang='lat' dir='ltr'><strong>possitis</strong></span> <span class='ocrx_word' id='word_1_221' title='bbox 667 829 807 857; x_wconf 88' lang='lat' dir='ltr'><strong>sustinere.</strong></span> <span class='ocrx_word' id='word_1_222' title='bbox 832 841 844 854; x_wconf 68' lang='grc' dir='ltr'><strong>η</strong></span> <span class='ocrx_word' id='word_1_223' title='bbox 861 829 930 863; x_wconf 88' lang='lat' dir='ltr'><strong>Quia</strong></span> <span class='ocrx_word' id='word_1_224' title='bbox 947 837 993 864; x_wconf 89' lang='lat' dir='ltr'><strong>per</strong></span> 
     </span>
    </p>
   </div>
   <div class='ocr_carea' id='block_1_33' title="bbox 1103 827 1860 871">
    <p class='ocr_par' dir='ltr' id='par_1_33' title="bbox 1103 827 1860 866">
     <span class='ocr_line' id='line_1_33' title="bbox 1103 827 1860 866; baseline -0.004 -8"><span class='ocrx_word' id='word_1_225' title='bbox 1103 843 1110 857; x_wconf 83' lang='grc' dir='ltr'><strong>ν</strong></span> <span class='ocrx_word' id='word_1_226' title='bbox 1127 829 1234 858; x_wconf 79' lang='grc' dir='ltr'>ἔκϐασιν</span> <span class='ocrx_word' id='word_1_227' title='bbox 1245 852 1252 865; x_wconf 85' lang='grc'><strong>,</strong></span> <span class='ocrx_word' id='word_1_228' title='bbox 1264 831 1309 857; x_wconf 76' lang='grc' dir='ltr'><strong>τοῦ</strong></span> <span class='ocrx_word' id='word_1_229' title='bbox 1323 827 1450 857; x_wconf 81' lang='grc' dir='ltr'>δύνασθαι</span> <span class='ocrx_word' id='word_1_230' title='bbox 1465 830 1534 865; x_wconf 80' lang='grc' dir='ltr'>ὗμᾶς</span> <span class='ocrx_word' id='word_1_231' title='bbox 1552 829 1717 866; x_wconf 72' lang='grc' dir='ltr'>ὗπενεγκεῖν,</span> <span class='ocrx_word' id='word_1_232' title='bbox 1735 839 1754 854; x_wconf 76' lang='grc' dir='ltr'><strong>ι</strong></span> <span class='ocrx_word' id='word_1_233' title='bbox 1772 827 1860 857; x_wconf 84' lang='grc' dir='ltr'>Ἐπει-</span> 
     </span>
    </p>
   </div>
   <div class='ocr_carea' id='block_1_34' title="bbox 212 874 1006 911">
    <p class='ocr_par' dir='ltr' id='par_1_34' title="bbox 212 874 1006 911">
     <span class='ocr_line' id='line_1_34' title="bbox 212 874 1006 911; baseline -0.001 -9"><span class='ocrx_word' id='word_1_234' title='bbox 212 874 350 903; x_wconf 86' lang='lat' dir='ltr'><strong>terrefecit</strong></span> <span class='ocrx_word' id='word_1_235' title='bbox 374 883 422 903; x_wconf 89' lang='lat' dir='ltr'><strong>eos</strong></span> <span class='ocrx_word' id='word_1_236' title='bbox 447 874 552 907; x_wconf 87' lang='lat' dir='ltr'><strong>dicens,</strong></span> <span class='ocrx_word' id='word_1_237' title='bbox 581 883 596 900; x_wconf 77' lang='grc' dir='ltr'>(ι</span> <span class='ocrx_word' id='word_1_238' title='bbox 628 874 680 911; x_wconf 90' lang='lat' dir='ltr'><strong>Qui</strong></span> <span class='ocrx_word' id='word_1_239' title='bbox 705 882 735 902; x_wconf 91' lang='lat' dir='ltr'><strong>se</strong></span> <span class='ocrx_word' id='word_1_240' title='bbox 762 874 899 902; x_wconf 84' lang='lat' dir='ltr'><strong>existimat</strong></span> <span class='ocrx_word' id='word_1_241' title='bbox 924 878 1006 907; x_wconf 84' lang='lat' dir='ltr'><strong>stare,</strong></span> 
     </span>
    </p>
   </div>
   <div class='ocr_carea' id='block_1_35' title="bbox 212 918 1009 954">
    <p class='ocr_par' dir='ltr' id='par_1_35' title="bbox 212 918 1009 954">
     <span class='ocr_line' id='line_1_35' title="bbox 212 918 1009 954; baseline -0.003 -7"><span class='ocrx_word' id='word_1_242' title='bbox 212 919 305 952; x_wconf 73' lang='lat' dir='ltr'><strong>videat</strong></span> <span class='ocrx_word' id='word_1_243' title='bbox 335 927 369 947; x_wconf 89' lang='lat' dir='ltr'><strong>ne</strong></span> <span class='ocrx_word' id='word_1_244' title='bbox 393 919 483 954; x_wconf 80' lang='lat' dir='ltr'><strong>cadat,</strong></span> <span class='ocrx_word' id='word_1_245' title='bbox 508 928 522 944; x_wconf 75' lang='grc' dir='ltr'>ι)</span> <span class='ocrx_word' id='word_1_246' title='bbox 546 922 637 946; x_wconf 85' lang='lat' dir='ltr'><strong>essent</strong></span> <span class='ocrx_word' id='word_1_247' title='bbox 657 926 732 952; x_wconf 93' lang='lat' dir='ltr'><strong>vero,</strong></span> <span class='ocrx_word' id='word_1_248' title='bbox 755 918 800 954; x_wconf 91' lang='lat' dir='ltr'><strong>qui</strong></span> <span class='ocrx_word' id='word_1_249' title='bbox 829 926 884 946; x_wconf 91' lang='lat' dir='ltr'><strong>non</strong></span> <span class='ocrx_word' id='word_1_250' title='bbox 908 925 1009 954; x_wconf 84' lang='lat' dir='ltr'><strong>paucas</strong></span> 
     </span>
    </p>
   </div>
   <div class='ocr_carea' id='block_1_36' title="bbox 208 961 1009 1001">
    <p class='ocr_par' dir='ltr' id='par_1_36' title="bbox 208 961 1009 1001">
     <span class='ocr_line' id='line_1_36' title="bbox 208 961 1009 1001; baseline -0.002 -9"><span class='ocrx_word' id='word_1_251' title='bbox 208 965 267 1001; x_wconf 88' lang='lat' dir='ltr'><strong>jam</strong></span> <span class='ocrx_word' id='word_1_252' title='bbox 294 964 461 992; x_wconf 85' lang='lat' dir='ltr'><strong>tentationes</strong></span> <span class='ocrx_word' id='word_1_253' title='bbox 484 963 689 997; x_wconf 85' lang='lat' dir='ltr'><strong>sustinuissent;</strong></span> <span class='ocrx_word' id='word_1_254' title='bbox 720 971 754 990; x_wconf 88' lang='lat' dir='ltr'><strong>ne</strong></span> <span class='ocrx_word' id='word_1_255' title='bbox 773 963 905 997; x_wconf 85' lang='lat' dir='ltr'><strong>dicerent,</strong></span> <span class='ocrx_word' id='word_1_256' title='bbox 933 961 1009 997; x_wconf 87' lang='lat' dir='ltr'><strong>Quid</strong></span> 
     </span>
    </p>
   </div>
   <div class='ocr_carea' id='block_1_37' title="bbox 212 1007 1008 1044">
    <p class='ocr_par' dir='ltr' id='par_1_37' title="bbox 212 1007 1008 1044">
     <span class='ocr_line' id='line_1_37' title="bbox 212 1007 1008 1044; baseline -0.004 -7"><span class='ocrx_word' id='word_1_257' title='bbox 212 1016 265 1037; x_wconf 88' lang='lat' dir='ltr'><strong>nos</strong></span> <span class='ocrx_word' id='word_1_258' title='bbox 279 1007 482 1044; x_wconf 81' lang='lat' dir='ltr'><strong>perterrefacis?</strong></span> <span class='ocrx_word' id='word_1_259' title='bbox 500 1008 599 1035; x_wconf 83' lang='lat' dir='ltr'><strong>multas</strong></span> <span class='ocrx_word' id='word_1_260' title='bbox 611 1007 686 1035; x_wconf 91' lang='lat' dir='ltr'><strong>enim</strong></span> <span class='ocrx_word' id='word_1_261' title='bbox 701 1007 820 1043; x_wconf 88' lang='lat' dir='ltr'><strong>perpessi</strong></span> <span class='ocrx_word' id='word_1_262' title='bbox 835 1007 1008 1040; x_wconf 85' lang='lat' dir='ltr'><strong>tentationes,</strong></span> 
     </span>
    </p>
   </div>
   <div class='ocr_carea' id='block_1_38' title="bbox 211 1052 1008 1086">
    <p class='ocr_par' dir='ltr' id='par_1_38' title="bbox 211 1052 1008 1086">
     <span class='ocr_line' id='line_1_38' title="bbox 211 1052 1008 1086; baseline -0.003 -5"><span class='ocrx_word' id='word_1_263' title='bbox 211 1061 269 1081; x_wconf 89' lang='lat' dir='ltr'><strong>non</strong></span> <span class='ocrx_word' id='word_1_264' title='bbox 289 1057 381 1081; x_wconf 87' lang='lat' dir='ltr'><strong>tamen</strong></span> <span class='ocrx_word' id='word_1_265' title='bbox 403 1052 608 1083; x_wconf 82' lang='lat' dir='ltr'><strong>succubuimus.</strong></span> <span class='ocrx_word' id='word_1_266' title='bbox 626 1052 675 1086; x_wconf 80' lang='lat' dir='ltr'><strong>ait,</strong></span> <span class='ocrx_word' id='word_1_267' title='bbox 700 1053 762 1080; x_wconf 84' lang='lat' dir='ltr'><strong>Non</strong></span> <span class='ocrx_word' id='word_1_268' title='bbox 786 1052 859 1086; x_wconf 89' lang='lat' dir='ltr'><strong>cepit</strong></span> <span class='ocrx_word' id='word_1_269' title='bbox 879 1059 927 1079; x_wconf 87' lang='lat' dir='ltr'><strong>vos</strong></span> <span class='ocrx_word' id='word_1_270' title='bbox 947 1056 1008 1079; x_wconf 92' lang='lat' dir='ltr'><strong>ten-</strong></span> 
     </span>
    </p>
   </div>
   <div class='ocr_carea' id='block_1_39' title="bbox 214 1096 1009 1126">
    <p class='ocr_par' dir='ltr' id='par_1_39' title="bbox 214 1096 1009 1126">
     <span class='ocr_line' id='line_1_39' title="bbox 214 1096 1009 1126; baseline -0.003 -1"><span class='ocrx_word' id='word_1_271' title='bbox 214 1098 284 1126; x_wconf 90' lang='lat' dir='ltr'><strong>tatio</strong></span> <span class='ocrx_word' id='word_1_272' title='bbox 306 1098 356 1125; x_wconf 89' lang='lat' dir='ltr'><strong>nisi</strong></span> <span class='ocrx_word' id='word_1_273' title='bbox 379 1097 487 1125; x_wconf 89' lang='lat' dir='ltr'><strong>modica</strong></span> <span class='ocrx_word' id='word_1_274' title='bbox 511 1101 539 1124; x_wconf 91' lang='lat' dir='ltr'><strong>et</strong></span> <span class='ocrx_word' id='word_1_275' title='bbox 560 1097 701 1124; x_wconf 89' lang='lat' dir='ltr'><strong>moderata</strong></span> <span class='ocrx_word' id='word_1_276' title='bbox 725 1104 732 1123; x_wconf 88' lang='lat'>:</span> <span class='ocrx_word' id='word_1_277' title='bbox 759 1096 912 1124; x_wconf 87' lang='lat' dir='ltr'><strong>humanum</strong></span> <span class='ocrx_word' id='word_1_278' title='bbox 933 1096 1009 1123; x_wconf 90' lang='lat' dir='ltr'><strong>enim</strong></span> 
     </span>
    </p>
   </div>
   <div class='ocr_carea' id='block_1_40' title="bbox 215 1141 1008 1178">
    <p class='ocr_par' dir='ltr' id='par_1_40' title="bbox 215 1141 1008 1178">
     <span class='ocr_line' id='line_1_40' title="bbox 215 1141 1008 1178; baseline -0.004 -8"><span class='ocrx_word' id='word_1_279' title='bbox 215 1142 317 1178; x_wconf 85' lang='lat' dir='ltr'><strong>ubique</strong></span> <span class='ocrx_word' id='word_1_280' title='bbox 331 1141 469 1170; x_wconf 89' lang='lat' dir='ltr'><strong>modicum</strong></span> <span class='ocrx_word' id='word_1_281' title='bbox 491 1146 579 1169; x_wconf 80' lang='lat' dir='ltr'><strong>vocat.</strong></span> <span class='ocrx_word' id='word_1_282' title='bbox 607 1141 712 1168; x_wconf 88' lang='lat' dir='ltr'><strong>Deinde</strong></span> <span class='ocrx_word' id='word_1_283' title='bbox 731 1149 826 1168; x_wconf 88' lang='lat' dir='ltr'><strong>rursus</strong></span> <span class='ocrx_word' id='word_1_284' title='bbox 840 1141 1008 1174; x_wconf 87' lang='lat' dir='ltr'><strong>consolatur,</strong></span> 
     </span>
    </p>
   </div>
   <div class='ocr_carea' id='block_1_41' title="bbox 215 1185 1009 1223">
    <p class='ocr_par' dir='ltr' id='par_1_41' title="bbox 215 1185 1009 1223">
     <span class='ocr_line' id='line_1_41' title="bbox 215 1185 1009 1223; baseline -0.001 -9"><span class='ocrx_word' id='word_1_285' title='bbox 215 1187 380 1223; x_wconf 88' lang='lat' dir='ltr'><strong>persuadens</strong></span> <span class='ocrx_word' id='word_1_286' title='bbox 402 1187 452 1220; x_wconf 89' lang='lat' dir='ltr'><strong>eis,</strong></span> <span class='ocrx_word' id='word_1_287' title='bbox 467 1190 498 1213; x_wconf 92' lang='lat' dir='ltr'><strong>ut</strong></span> <span class='ocrx_word' id='word_1_288' title='bbox 517 1186 544 1213; x_wconf 92' lang='lat' dir='ltr'><strong>in</strong></span> <span class='ocrx_word' id='word_1_289' title='bbox 564 1187 653 1213; x_wconf 89' lang='lat' dir='ltr'><strong>Deum</strong></span> <span class='ocrx_word' id='word_1_290' title='bbox 668 1186 837 1217; x_wconf 77' lang='lat' dir='ltr'><strong>intueantur,</strong></span> <span class='ocrx_word' id='word_1_291' title='bbox 859 1185 908 1221; x_wconf 93' lang='lat' dir='ltr'><strong>qui</strong></span> <span class='ocrx_word' id='word_1_292' title='bbox 923 1185 1009 1213; x_wconf 90' lang='lat' dir='ltr'><strong>ﬁdelis</strong></span> 
     </span>
    </p>
   </div>
   <div class='ocr_carea' id='block_1_42' title="bbox 215 1230 1008 1265">
    <p class='ocr_par' dir='ltr' id='par_1_42' title="bbox 215 1230 1008 1265">
     <span class='ocr_line' id='line_1_42' title="bbox 215 1230 1008 1265; baseline -0.003 -6"><span class='ocrx_word' id='word_1_293' title='bbox 215 1235 266 1264; x_wconf 78' lang='lat' dir='ltr'><strong>est,</strong></span> <span class='ocrx_word' id='word_1_294' title='bbox 291 1231 344 1259; x_wconf 90' lang='lat' dir='ltr'><strong>hoc</strong></span> <span class='ocrx_word' id='word_1_295' title='bbox 359 1235 409 1264; x_wconf 89' lang='lat' dir='ltr'><strong>est,</strong></span> <span class='ocrx_word' id='word_1_296' title='bbox 432 1239 520 1263; x_wconf 89' lang='lat' dir='ltr'><strong>verus,</strong></span> <span class='ocrx_word' id='word_1_297' title='bbox 541 1238 592 1257; x_wconf 90' lang='lat' dir='ltr'><strong>nec</strong></span> <span class='ocrx_word' id='word_1_298' title='bbox 610 1230 758 1257; x_wconf 83' lang='lat' dir='ltr'><strong>mentietur</strong></span> <span class='ocrx_word' id='word_1_299' title='bbox 781 1237 916 1265; x_wconf 88' lang='lat' dir='ltr'><strong>unquam.</strong></span> <span class='ocrx_word' id='word_1_300' title='bbox 942 1231 1008 1258; x_wconf 89' lang='lat' dir='ltr'><strong>Pro-</strong></span> 
     </span>
    </p>
   </div>
   <div class='ocr_carea' id='block_1_43' title="bbox 213 1275 1007 1312">
    <p class='ocr_par' dir='ltr' id='par_1_43' title="bbox 213 1275 1007 1312">
     <span class='ocr_line' id='line_1_43' title="bbox 213 1275 1007 1312; baseline -0.003 -9"><span class='ocrx_word' id='word_1_301' title='bbox 213 1276 286 1303; x_wconf 87' lang='lat' dir='ltr'><strong>misit</strong></span> <span class='ocrx_word' id='word_1_302' title='bbox 294 1276 376 1312; x_wconf 77' lang='lat'><strong>180</strong></span> <span class='ocrx_word' id='word_1_303' title='bbox 383 1275 466 1309; x_wconf 87' lang='lat' dir='ltr'><strong>enim,</strong></span> <span class='ocrx_word' id='word_1_304' title='bbox 475 1287 487 1299; x_wconf 83' lang='lat'><strong>«</strong></span> <span class='ocrx_word' id='word_1_305' title='bbox 500 1275 607 1308; x_wconf 88' lang='lat' dir='ltr'><strong>Venite,</strong></span> <span class='ocrx_word' id='word_1_306' title='bbox 616 1286 629 1298; x_wconf 75' lang='grc' dir='ltr'><strong>ι»</strong></span> <span class='ocrx_word' id='word_1_307' title='bbox 641 1275 778 1310; x_wconf 86' lang='lat' dir='ltr'><strong>inquiens,</strong></span> <span class='ocrx_word' id='word_1_308' title='bbox 786 1286 798 1298; x_wconf 79' lang='grc' dir='ltr'><strong>ι</strong></span> <span class='ocrx_word' id='word_1_309' title='bbox 814 1275 860 1309; x_wconf 93' lang='lat' dir='ltr'><strong>qui</strong></span> <span class='ocrx_word' id='word_1_310' title='bbox 867 1275 1007 1308; x_wconf 88' lang='lat' dir='ltr'><strong>laboratis,</strong></span> 
     </span>
    </p>
   </div>
   <div class='ocr_carea' id='block_1_44' title="bbox 211 1319 1009 1357">
    <p class='ocr_par' dir='ltr' id='par_1_44' title="bbox 211 1319 1009 1357">
     <span class='ocr_line' id='line_1_44' title="bbox 211 1319 1009 1357; baseline -0.003 -9"><span class='ocrx_word' id='word_1_311' title='bbox 211 1325 238 1349; x_wconf 91' lang='lat' dir='ltr'><strong>et</strong></span> <span class='ocrx_word' id='word_1_312' title='bbox 260 1329 309 1357; x_wconf 82' lang='lat' dir='ltr'><strong>ego</strong></span> <span class='ocrx_word' id='word_1_313' title='bbox 324 1320 445 1348; x_wconf 89' lang='lat' dir='ltr'><strong>reﬁciam</strong></span> <span class='ocrx_word' id='word_1_314' title='bbox 460 1328 508 1348; x_wconf 87' lang='lat' dir='ltr'><strong>vos</strong></span> <span class='ocrx_word' id='word_1_315' title='bbox 520 1326 539 1348; x_wconf 75' lang='grc' dir='ltr'>ι.</span> <span class='ocrx_word' id='word_1_316' title='bbox 558 1332 571 1344; x_wconf 74' lang='grc' dir='ltr'><strong>ν</strong></span> <span class='ocrx_word' id='word_1_317' title='bbox 585 1320 648 1347; x_wconf 88' lang='lat' dir='ltr'><strong>Non</strong></span> <span class='ocrx_word' id='word_1_318' title='bbox 664 1319 734 1347; x_wconf 89' lang='lat' dir='ltr'><strong>sinet</strong></span> <span class='ocrx_word' id='word_1_319' title='bbox 752 1319 834 1355; x_wconf 81' lang='lat' dir='ltr'><strong>igitur</strong></span> <span class='ocrx_word' id='word_1_320' title='bbox 846 1327 895 1347; x_wconf 87' lang='lat' dir='ltr'><strong>vos</strong></span> <span class='ocrx_word' id='word_1_321' title='bbox 909 1319 1009 1347; x_wconf 90' lang='lat' dir='ltr'><strong>tentari</strong></span> 
     </span>
    </p>
   </div>
   <div class='ocr_carea' id='block_1_45' title="bbox 211 1363 1009 1398">
    <p class='ocr_par' dir='ltr' id='par_1_45' title="bbox 211 1363 1009 1398">
     <span class='ocr_line' id='line_1_45' title="bbox 211 1363 1009 1398; baseline -0.003 -6"><span class='ocrx_word' id='word_1_322' title='bbox 211 1365 280 1393; x_wconf 88' lang='lat' dir='ltr'><strong>ultra</strong></span> <span class='ocrx_word' id='word_1_323' title='bbox 294 1365 364 1393; x_wconf 92' lang='lat' dir='ltr'><strong>vires</strong></span> <span class='ocrx_word' id='word_1_324' title='bbox 384 1369 497 1398; x_wconf 88' lang='lat' dir='ltr'><strong>vestras,</strong></span> <span class='ocrx_word' id='word_1_325' title='bbox 518 1364 566 1392; x_wconf 91' lang='lat' dir='ltr'><strong>sed</strong></span> <span class='ocrx_word' id='word_1_326' title='bbox 589 1364 769 1392; x_wconf 85' lang='lat' dir='ltr'><strong>tentationem</strong></span> <span class='ocrx_word' id='word_1_327' title='bbox 789 1364 891 1391; x_wconf 89' lang='lat' dir='ltr'><strong>viribus</strong></span> <span class='ocrx_word' id='word_1_328' title='bbox 913 1363 1009 1391; x_wconf 85' lang='lat' dir='ltr'><strong>vestris</strong></span> 
     </span>
    </p>
   </div>
   <div class='ocr_carea' id='block_1_46' title="bbox 210 1408 1009 1445">
    <p class='ocr_par' dir='ltr' id='par_1_46' title="bbox 210 1408 1009 1445">
     <span class='ocr_line' id='line_1_46' title="bbox 210 1408 1009 1445; baseline -0.005 -7"><span class='ocrx_word' id='word_1_329' title='bbox 210 1409 422 1445; x_wconf 88' lang='lat' dir='ltr'><strong>respondentem</strong></span> <span class='ocrx_word' id='word_1_330' title='bbox 437 1409 540 1437; x_wconf 89' lang='lat' dir='ltr'><strong>adoriri</strong></span> <span class='ocrx_word' id='word_1_331' title='bbox 557 1417 606 1436; x_wconf 93' lang='lat' dir='ltr'><strong>vos</strong></span> <span class='ocrx_word' id='word_1_332' title='bbox 619 1408 706 1436; x_wconf 85' lang='lat' dir='ltr'><strong>faciet.</strong></span> <span class='ocrx_word' id='word_1_333' title='bbox 726 1410 786 1435; x_wconf 85' lang='lat' dir='ltr'><strong>lmo</strong></span> <span class='ocrx_word' id='word_1_334' title='bbox 802 1408 904 1443; x_wconf 66' lang='lat' dir='ltr'><strong>qumvis</strong></span> <span class='ocrx_word' id='word_1_335' title='bbox 914 1412 1009 1435; x_wconf 88' lang='lat' dir='ltr'><strong>tenta-</strong></span> 
     </span>
    </p>
   </div>
   <div class='ocr_carea' id='block_1_47' title="bbox 210 1452 1008 1488">
    <p class='ocr_par' dir='ltr' id='par_1_47' title="bbox 210 1452 1008 1488">
     <span class='ocr_line' id='line_1_47' title="bbox 210 1452 1008 1488; baseline -0.004 -6"><span class='ocrx_word' id='word_1_336' title='bbox 210 1455 250 1482; x_wconf 92' lang='lat' dir='ltr'><strong>tio</strong></span> <span class='ocrx_word' id='word_1_337' title='bbox 274 1455 345 1482; x_wconf 89' lang='lat' dir='ltr'><strong>vires</strong></span> <span class='ocrx_word' id='word_1_338' title='bbox 369 1458 472 1482; x_wconf 86' lang='lat' dir='ltr'><strong>vestras</strong></span> <span class='ocrx_word' id='word_1_339' title='bbox 487 1457 642 1488; x_wconf 80' lang='lat' dir='ltr'><strong>exsuperat,</strong></span> <span class='ocrx_word' id='word_1_340' title='bbox 659 1452 779 1487; x_wconf 17' lang='lat' dir='ltr'><strong>nisirille</strong></span> <span class='ocrx_word' id='word_1_341' title='bbox 793 1452 935 1480; x_wconf 86' lang='lat' dir='ltr'><strong>auxilietur</strong></span> <span class='ocrx_word' id='word_1_342' title='bbox 957 1460 1008 1479; x_wconf 91' lang='lat' dir='ltr'><strong>vo-</strong></span> 
     </span>
    </p>
   </div>
   <div class='ocr_carea' id='block_1_48' title="bbox 210 1486 1050 1533">
    <p class='ocr_par' dir='ltr' id='par_1_48' title="bbox 210 1486 1050 1533">
     <span class='ocr_line' id='line_1_48' title="bbox 210 1486 1050 1533; baseline -0.005 -6"><span class='ocrx_word' id='word_1_343' title='bbox 210 1499 262 1533; x_wconf 88' lang='lat' dir='ltr'><strong>bis,</strong></span> <span class='ocrx_word' id='word_1_344' title='bbox 285 1503 312 1526; x_wconf 93' lang='lat' dir='ltr'><strong>et</strong></span> <span class='ocrx_word' id='word_1_345' title='bbox 328 1499 436 1527; x_wconf 81' lang='lat' dir='ltr'><strong>felicem</strong></span> <span class='ocrx_word' id='word_1_346' title='bbox 457 1486 586 1526; x_wconf 83' lang='lat' dir='ltr'><strong>eventum</strong></span> <span class='ocrx_word' id='word_1_347' title='bbox 611 1486 740 1532; x_wconf 65' lang='lat' dir='ltr'><strong>prmbeat,</strong></span> <span class='ocrx_word' id='word_1_348' title='bbox 765 1496 817 1524; x_wconf 87' lang='lat' dir='ltr'><strong>hoc</strong></span> <span class='ocrx_word' id='word_1_349' title='bbox 839 1500 892 1531; x_wconf 86' lang='lat' dir='ltr'><strong>est,</strong></span> <span class='ocrx_word' id='word_1_350' title='bbox 908 1496 1006 1524; x_wconf 85' lang='lat' dir='ltr'><strong>libera-</strong></span> <span class='ocrx_word' id='word_1_351' title='bbox 1027 1486 1050 1518; x_wconf 68' lang='grc' dir='ltr'><strong>(ἶ</strong></span> 
     </span>
    </p>
   </div>
   <div class='ocr_carea' id='block_1_49' title="bbox 208 1541 1005 1574">
    <p class='ocr_par' dir='ltr' id='par_1_49' title="bbox 208 1541 1005 1574">
     <span class='ocr_line' id='line_1_49' title="bbox 208 1541 1005 1574; baseline -0.004 -3"><span class='ocrx_word' id='word_1_352' title='bbox 208 1544 314 1571; x_wconf 86' lang='lat' dir='ltr'><strong>tionem</strong></span> <span class='ocrx_word' id='word_1_353' title='bbox 328 1552 344 1571; x_wconf 86' lang='lat' dir='ltr'><strong>a</strong></span> <span class='ocrx_word' id='word_1_354' title='bbox 368 1542 575 1574; x_wconf 80' lang='lat' dir='ltr'><strong>tentatidnibus,</strong></span> <span class='ocrx_word' id='word_1_355' title='bbox 597 1549 662 1569; x_wconf 86' lang='lat' dir='ltr'><strong>cum</strong></span> <span class='ocrx_word' id='word_1_356' title='bbox 683 1541 832 1568; x_wconf 88' lang='lat' dir='ltr'><strong>tentatione</strong></span> <span class='ocrx_word' id='word_1_357' title='bbox 856 1550 863 1568; x_wconf 87' lang='lat'><strong>:</strong></span> <span class='ocrx_word' id='word_1_358' title='bbox 886 1541 939 1569; x_wconf 89' lang='lat' dir='ltr'><strong>hoc</strong></span> <span class='ocrx_word' id='word_1_359' title='bbox 955 1545 1005 1574; x_wconf 83' lang='lat' dir='ltr'><strong>est,</strong></span> 
     </span>
    </p>
   </div>
   <div class='ocr_carea' id='block_1_50' title="bbox 208 1585 1006 1622">
    <p class='ocr_par' dir='ltr' id='par_1_50' title="bbox 208 1585 1006 1622">
     <span class='ocr_line' id='line_1_50' title="bbox 208 1585 1006 1622; baseline -0.003 -6"><span class='ocrx_word' id='word_1_360' title='bbox 208 1589 334 1621; x_wconf 85' lang='lat' dir='ltr'><strong>celerem,</strong></span> <span class='ocrx_word' id='word_1_361' title='bbox 349 1592 377 1615; x_wconf 91' lang='lat' dir='ltr'><strong>et</strong></span> <span class='ocrx_word' id='word_1_362' title='bbox 388 1587 469 1614; x_wconf 92' lang='lat' dir='ltr'><strong>simul</strong></span> <span class='ocrx_word' id='word_1_363' title='bbox 485 1591 566 1622; x_wconf 89' lang='lat' dir='ltr'><strong>atque</strong></span> <span class='ocrx_word' id='word_1_364' title='bbox 581 1586 714 1613; x_wconf 86' lang='lat' dir='ltr'><strong>invaserit</strong></span> <span class='ocrx_word' id='word_1_365' title='bbox 727 1585 857 1619; x_wconf 87' lang='lat' dir='ltr'><strong>tentatio;</strong></span> <span class='ocrx_word' id='word_1_366' title='bbox 875 1586 912 1613; x_wconf 90' lang='lat' dir='ltr'><strong>ita</strong></span> <span class='ocrx_word' id='word_1_367' title='bbox 925 1590 956 1614; x_wconf 93' lang='lat' dir='ltr'><strong>ut</strong></span> <span class='ocrx_word' id='word_1_368' title='bbox 970 1586 1006 1614; x_wconf 91' lang='lat' dir='ltr'><strong>ob</strong></span> 
     </span>
    </p>
   </div>
   <div class='ocr_carea' id='block_1_51' title="bbox 209 1629 1005 1660">
    <p class='ocr_par' dir='ltr' id='par_1_51' title="bbox 209 1629 1005 1660">
     <span class='ocr_line' id='line_1_51' title="bbox 209 1629 1005 1660; baseline -0.003 0"><span class='ocrx_word' id='word_1_369' title='bbox 209 1632 330 1660; x_wconf 86' lang='lat' dir='ltr'><strong>subitam</strong></span> <span class='ocrx_word' id='word_1_370' title='bbox 349 1631 538 1659; x_wconf 86' lang='lat' dir='ltr'><strong>liberationem</strong></span> <span class='ocrx_word' id='word_1_371' title='bbox 558 1639 589 1659; x_wconf 83' lang='lat' dir='ltr'><strong>ea</strong></span> <span class='ocrx_word' id='word_1_372' title='bbox 604 1630 680 1658; x_wconf 88' lang='lat' dir='ltr'><strong>vobis</strong></span> <span class='ocrx_word' id='word_1_373' title='bbox 693 1629 847 1658; x_wconf 84' lang='lat' dir='ltr'><strong>tolerabilis</strong></span> <span class='ocrx_word' id='word_1_374' title='bbox 861 1630 1005 1658; x_wconf 87' lang='lat' dir='ltr'><strong>efﬁciatur.</strong></span> 
     </span>
    </p>
   </div>
   <div class='ocr_carea' id='block_1_52' title="bbox 213 1674 1008 1710">
    <p class='ocr_par' dir='ltr' id='par_1_52' title="bbox 213 1674 1008 1710">
     <span class='ocr_line' id='line_1_52' title="bbox 213 1674 1008 1710; baseline -0.001 -6"><span class='ocrx_word' id='word_1_375' title='bbox 213 1689 226 1701; x_wconf 86' lang='lat'><strong>«</strong></span> <span class='ocrx_word' id='word_1_376' title='bbox 246 1677 337 1705; x_wconf 84' lang='lat' dir='ltr'><strong>Faciet</strong></span> <span class='ocrx_word' id='word_1_377' title='bbox 355 1676 432 1704; x_wconf 89' lang='lat' dir='ltr'><strong>enim</strong></span> <span class='ocrx_word' id='word_1_378' title='bbox 457 1675 571 1709; x_wconf 81' lang='lat' dir='ltr'><strong>exitum,</strong></span> <span class='ocrx_word' id='word_1_379' title='bbox 594 1687 607 1699; x_wconf 77' lang='grc' dir='ltr'>ιι</span> <span class='ocrx_word' id='word_1_380' title='bbox 628 1675 727 1710; x_wconf 89' lang='lat' dir='ltr'><strong>inquit,</strong></span> <span class='ocrx_word' id='word_1_381' title='bbox 744 1683 758 1701; x_wconf 70' lang='grc' dir='ltr'><strong>α</strong></span> <span class='ocrx_word' id='word_1_382' title='bbox 771 1678 801 1702; x_wconf 87' lang='lat' dir='ltr'><strong>ut</strong></span> <span class='ocrx_word' id='word_1_383' title='bbox 823 1682 872 1703; x_wconf 89' lang='lat' dir='ltr'><strong>vos</strong></span> <span class='ocrx_word' id='word_1_384' title='bbox 893 1674 1008 1703; x_wconf 85' lang='lat' dir='ltr'><strong>sufferre</strong></span> 
     </span>
    </p>
   </div>
   <div class='ocr_carea' id='block_1_53' title="bbox 211 1719 1005 1757">
    <p class='ocr_par' dir='ltr' id='par_1_53' title="bbox 211 1719 1005 1757">
     <span class='ocr_line' id='line_1_53' title="bbox 211 1719 1005 1757; baseline 0 -9"><span class='ocrx_word' id='word_1_385' title='bbox 211 1721 320 1757; x_wconf 88' lang='lat' dir='ltr'><strong>queatis</strong></span> <span class='ocrx_word' id='word_1_386' title='bbox 335 1730 342 1749; x_wconf 86' lang='lat'><strong>:</strong></span> <span class='ocrx_word' id='word_1_387' title='bbox 361 1732 373 1744; x_wconf 67' lang='grc' dir='ltr'><strong><em>π</em></strong></span> <span class='ocrx_word' id='word_1_388' title='bbox 395 1720 448 1748; x_wconf 92' lang='lat' dir='ltr'><strong>hoc</strong></span> <span class='ocrx_word' id='word_1_389' title='bbox 462 1724 514 1754; x_wconf 88' lang='lat' dir='ltr'><strong>est,</strong></span> <span class='ocrx_word' id='word_1_390' title='bbox 529 1724 559 1748; x_wconf 94' lang='lat' dir='ltr'><strong>ut</strong></span> <span class='ocrx_word' id='word_1_391' title='bbox 572 1719 660 1748; x_wconf 82' lang='lat' dir='ltr'><strong>facilis</strong></span> <span class='ocrx_word' id='word_1_392' title='bbox 680 1719 758 1748; x_wconf 90' lang='lat' dir='ltr'><strong>vobis</strong></span> <span class='ocrx_word' id='word_1_393' title='bbox 772 1719 897 1748; x_wconf 86' lang='lat' dir='ltr'><strong>videatur</strong></span> <span class='ocrx_word' id='word_1_394' title='bbox 917 1723 1005 1748; x_wconf 84' lang='lat' dir='ltr'><strong>tenta-</strong></span> 
     </span>
    </p>
   </div>
   <div class='ocr_carea' id='block_1_54' title="bbox 213 1765 471 1794">
    <p class='ocr_par' dir='ltr' id='par_1_54' title="bbox 213 1765 471 1794">
     <span class='ocr_line' id='line_1_54' title="bbox 213 1765 471 1794; baseline 0 -1"><span class='ocrx_word' id='word_1_395' title='bbox 213 1765 252 1794; x_wconf 91' lang='lat' dir='ltr'><strong>tio</strong></span> <span class='ocrx_word' id='word_1_396' title='bbox 266 1769 294 1794; x_wconf 93' lang='lat' dir='ltr'><strong>et</strong></span> <span class='ocrx_word' id='word_1_397' title='bbox 312 1765 471 1794; x_wconf 86' lang='lat' dir='ltr'><strong>tolerabilis.</strong></span> 
     </span>
    </p>
   </div>
   <div class='ocr_carea' id='block_1_55' title="bbox 244 1855 1007 1892">
    <p class='ocr_par' dir='ltr' id='par_1_55' title="bbox 244 1855 1007 1892">
     <span class='ocr_line' id='line_1_55' title="bbox 244 1855 1007 1892; baseline -0.003 -7"><span class='ocrx_word' id='word_1_398' title='bbox 244 1859 334 1885; x_wconf 68' lang='lat' dir='ltr'><strong>Vens.</strong></span> <span class='ocrx_word' id='word_1_399' title='bbox 351 1859 392 1884; x_wconf 81' lang='grc'><strong>14.</strong></span> <span class='ocrx_word' id='word_1_400' title='bbox 422 1868 434 1880; x_wconf 78' lang='grc' dir='ltr'>«ι</span> <span class='ocrx_word' id='word_1_401' title='bbox 451 1857 608 1892; x_wconf 85' lang='lat' dir='ltr'><strong>Propterea,</strong></span> <span class='ocrx_word' id='word_1_402' title='bbox 642 1855 741 1884; x_wconf 83' lang='lat' dir='ltr'><strong>fratres</strong></span> <span class='ocrx_word' id='word_1_403' title='bbox 778 1855 842 1889; x_wconf 86' lang='lat' dir='ltr'><strong>mei,</strong></span> <span class='ocrx_word' id='word_1_404' title='bbox 859 1855 944 1892; x_wconf 85' lang='lat' dir='ltr'><strong>fugite</strong></span> <span class='ocrx_word' id='word_1_405' title='bbox 972 1856 1007 1884; x_wconf 87' lang='lat' dir='ltr'><strong>ab</strong></span> 
     </span>
    </p>
   </div>
   <div class='ocr_carea' id='block_1_56' title="bbox 209 1899 1008 1930">
    <p class='ocr_par' dir='ltr' id='par_1_56' title="bbox 209 1899 1008 1930">
     <span class='ocr_line' id='line_1_56' title="bbox 209 1899 1008 1930; baseline -0.003 0"><span class='ocrx_word' id='word_1_406' title='bbox 209 1902 347 1930; x_wconf 87' lang='lat' dir='ltr'><strong>idolorum</strong></span> <span class='ocrx_word' id='word_1_407' title='bbox 372 1901 487 1928; x_wconf 89' lang='lat' dir='ltr'><strong>cultura.</strong></span> <span class='ocrx_word' id='word_1_408' title='bbox 510 1913 522 1924; x_wconf 75' lang='grc' dir='ltr'><strong>η</strong></span> <span class='ocrx_word' id='word_1_409' title='bbox 547 1901 618 1928; x_wconf 88' lang='lat' dir='ltr'><strong>Cum</strong></span> <span class='ocrx_word' id='word_1_410' title='bbox 636 1908 683 1928; x_wconf 90' lang='lat' dir='ltr'><strong>eos</strong></span> <span class='ocrx_word' id='word_1_411' title='bbox 707 1899 814 1928; x_wconf 87' lang='lat' dir='ltr'><strong>abunde</strong></span> <span class='ocrx_word' id='word_1_412' title='bbox 837 1900 903 1928; x_wconf 87' lang='lat' dir='ltr'><strong>satis</strong></span> <span class='ocrx_word' id='word_1_413' title='bbox 917 1900 1008 1928; x_wconf 89' lang='lat' dir='ltr'><strong>incre-</strong></span> 
     </span>
    </p>
   </div>
   <div class='ocr_carea' id='block_1_57' title="bbox 208 1945 1008 1983">
    <p class='ocr_par' dir='ltr' id='par_1_57' title="bbox 208 1945 1008 1983">
     <span class='ocr_line' id='line_1_57' title="bbox 208 1945 1008 1983; baseline -0.003 -9"><span class='ocrx_word' id='word_1_414' title='bbox 208 1947 320 1983; x_wconf 89' lang='lat' dir='ltr'><strong>puisset,</strong></span> <span class='ocrx_word' id='word_1_415' title='bbox 334 1945 448 1974; x_wconf 89' lang='lat' dir='ltr'><strong>tandem</strong></span> <span class='ocrx_word' id='word_1_416' title='bbox 463 1945 589 1973; x_wconf 88' lang='lat' dir='ltr'><strong>medetur</strong></span> <span class='ocrx_word' id='word_1_417' title='bbox 602 1945 680 1980; x_wconf 87' lang='lat' dir='ltr'><strong>ipsis,</strong></span> <span class='ocrx_word' id='word_1_418' title='bbox 695 1945 793 1972; x_wconf 87' lang='lat' dir='ltr'><strong>fratres</strong></span> <span class='ocrx_word' id='word_1_419' title='bbox 807 1952 918 1972; x_wconf 88' lang='lat' dir='ltr'><strong>vocans.</strong></span> <span class='ocrx_word' id='word_1_420' title='bbox 935 1945 1008 1972; x_wconf 87' lang='lat' dir='ltr'><strong>Non-</strong></span> 
     </span>
    </p>
   </div>
   <div class='ocr_carea' id='block_1_58' title="bbox 206 1988 1007 2026">
    <p class='ocr_par' dir='ltr' id='par_1_58' title="bbox 206 1988 1007 2026">
     <span class='ocr_line' id='line_1_58' title="bbox 206 1988 1007 2026; baseline -0.004 -7"><span class='ocrx_word' id='word_1_421' title='bbox 206 1991 274 2019; x_wconf 90' lang='lat' dir='ltr'><strong>dum</strong></span> <span class='ocrx_word' id='word_1_422' title='bbox 295 1995 388 2018; x_wconf 88' lang='lat' dir='ltr'><strong>tamen</strong></span> <span class='ocrx_word' id='word_1_423' title='bbox 409 1989 545 2026; x_wconf 91' lang='lat' dir='ltr'><strong>prohibet,</strong></span> <span class='ocrx_word' id='word_1_424' title='bbox 569 1989 719 2024; x_wconf 88' lang='lat' dir='ltr'><strong>quominus</strong></span> <span class='ocrx_word' id='word_1_425' title='bbox 741 1988 903 2024; x_wconf 84' lang='lat' dir='ltr'><strong>idolothytis</strong></span> <span class='ocrx_word' id='word_1_426' title='bbox 918 1988 1007 2016; x_wconf 87' lang='lat' dir='ltr'><strong>absti-</strong></span> 
     </span>
    </p>
   </div>
   <div class='ocr_carea' id='block_1_59' title="bbox 208 2032 1006 2069">
    <p class='ocr_par' dir='ltr' id='par_1_59' title="bbox 208 2032 1006 2069">
     <span class='ocr_line' id='line_1_59' title="bbox 208 2032 1006 2069; baseline -0.003 -6"><span class='ocrx_word' id='word_1_427' title='bbox 208 2039 303 2068; x_wconf 89' lang='lat' dir='ltr'><strong>neant,</strong></span> <span class='ocrx_word' id='word_1_428' title='bbox 326 2042 360 2062; x_wconf 91' lang='lat' dir='ltr'><strong>ne</strong></span> <span class='ocrx_word' id='word_1_429' title='bbox 374 2033 470 2062; x_wconf 88' lang='lat' dir='ltr'><strong>fratres</strong></span> <span class='ocrx_word' id='word_1_430' title='bbox 484 2032 623 2066; x_wconf 84' lang='lat' dir='ltr'><strong>offendat;</strong></span> <span class='ocrx_word' id='word_1_431' title='bbox 636 2032 683 2060; x_wconf 91' lang='lat' dir='ltr'><strong>sed</strong></span> <span class='ocrx_word' id='word_1_432' title='bbox 699 2040 757 2060; x_wconf 86' lang='lat' dir='ltr'><strong>rem</strong></span> <span class='ocrx_word' id='word_1_433' title='bbox 771 2032 857 2067; x_wconf 86' lang='lat' dir='ltr'><strong>ipsam</strong></span> <span class='ocrx_word' id='word_1_434' title='bbox 878 2033 905 2060; x_wconf 91' lang='lat' dir='ltr'><strong>in</strong></span> <span class='ocrx_word' id='word_1_435' title='bbox 918 2033 1006 2069; x_wconf 83' lang='lat' dir='ltr'><strong>seipsa</strong></span> 
     </span>
    </p>
   </div>
   <div class='ocr_carea' id='block_1_60' title="bbox 209 2076 1004 2113">
    <p class='ocr_par' dir='ltr' id='par_1_60' title="bbox 209 2076 1004 2113">
     <span class='ocr_line' id='line_1_60' title="bbox 209 2076 1004 2113; baseline -0.003 -6"><span class='ocrx_word' id='word_1_436' title='bbox 209 2079 411 2107; x_wconf 83' lang='lat' dir='ltr'><strong>consideratam</strong></span> <span class='ocrx_word' id='word_1_437' title='bbox 433 2079 579 2113; x_wconf 82' lang='lat' dir='ltr'><strong>vituperat,</strong></span> <span class='ocrx_word' id='word_1_438' title='bbox 603 2076 786 2105; x_wconf 89' lang='lat' dir='ltr'><strong>idololatriam</strong></span> <span class='ocrx_word' id='word_1_439' title='bbox 801 2085 912 2109; x_wconf 78' lang='lat' dir='ltr'><strong>vocans,</strong></span> <span class='ocrx_word' id='word_1_440' title='bbox 928 2078 1004 2105; x_wconf 88' lang='lat' dir='ltr'><strong>subi-</strong></span> 
     </span>
    </p>
   </div>
   <div class='ocr_carea' id='block_1_61' title="bbox 207 2121 1003 2160">
    <p class='ocr_par' dir='ltr' id='par_1_61' title="bbox 207 2121 1003 2160">
     <span class='ocr_line' id='line_1_61' title="bbox 207 2121 1003 2160; baseline -0.006 -8"><span class='ocrx_word' id='word_1_441' title='bbox 207 2129 320 2160; x_wconf 85' lang='lat' dir='ltr'><strong>tumque</strong></span> <span class='ocrx_word' id='word_1_442' title='bbox 351 2123 385 2151; x_wconf 90' lang='lat' dir='ltr'><strong>ab</strong></span> <span class='ocrx_word' id='word_1_443' title='bbox 409 2123 456 2151; x_wconf 87' lang='lat' dir='ltr'><strong>illa</strong></span> <span class='ocrx_word' id='word_1_444' title='bbox 486 2129 624 2150; x_wconf 85' lang='lat' dir='ltr'><strong>secessum</strong></span> <span class='ocrx_word' id='word_1_445' title='bbox 650 2122 799 2157; x_wconf 87' lang='lat' dir='ltr'><strong>postulans.</strong></span> <span class='ocrx_word' id='word_1_446' title='bbox 828 2132 841 2146; x_wconf 73' lang='grc' dir='ltr'><strong>α</strong></span> <span class='ocrx_word' id='word_1_447' title='bbox 867 2121 964 2158; x_wconf 81' lang='lat' dir='ltr'><strong>Fugite</strong></span> <span class='ocrx_word' id='word_1_448' title='bbox 991 2134 1003 2147; x_wconf 72' lang='grc' dir='ltr'>υ</span> 
     </span>
    </p>
   </div>
   <div class='ocr_carea' id='block_1_62' title="bbox 209 2167 409 2204">
    <p class='ocr_par' dir='ltr' id='par_1_62' title="bbox 209 2167 409 2204">
     <span class='ocr_line' id='line_1_62' title="bbox 209 2167 409 2204; baseline -0.01 -7"><span class='ocrx_word' id='word_1_449' title='bbox 209 2169 294 2203; x_wconf 87' lang='lat' dir='ltr'><strong>enim,</strong></span> <span class='ocrx_word' id='word_1_450' title='bbox 310 2167 409 2204; x_wconf 89' lang='lat' dir='ltr'><strong>inquit.</strong></span> 
     </span>
    </p>
   </div>
   <div class='ocr_carea' id='block_1_63' title="bbox 244 2210 1003 2247">
    <p class='ocr_par' dir='ltr' id='par_1_63' title="bbox 244 2210 1003 2247">
     <span class='ocr_line' id='line_1_63' title="bbox 244 2210 1003 2247; baseline -0.001 -6"><span class='ocrx_word' id='word_1_451' title='bbox 244 2215 332 2242; x_wconf 72' lang='lat' dir='ltr'><strong>Vsus.</strong></span> <span class='ocrx_word' id='word_1_452' title='bbox 350 2215 392 2241; x_wconf 85' lang='lat'><strong>15.</strong></span> <span class='ocrx_word' id='word_1_453' title='bbox 418 2212 588 2247; x_wconf 81' lang='lat' dir='ltr'><strong>«Tanquam</strong></span> <span class='ocrx_word' id='word_1_454' title='bbox 612 2210 790 2246; x_wconf 88' lang='lat' dir='ltr'><strong>prudentibus</strong></span> <span class='ocrx_word' id='word_1_455' title='bbox 808 2211 916 2247; x_wconf 88' lang='lat' dir='ltr'><strong>loquor,</strong></span> <span class='ocrx_word' id='word_1_456' title='bbox 928 2210 1003 2247; x_wconf 84' lang='lat' dir='ltr'><strong>judi-</strong></span> 
     </span>
    </p>
   </div>
   <div class='ocr_carea' id='block_1_64' title="bbox 207 2255 1004 2293">
    <p class='ocr_par' dir='ltr' id='par_1_64' title="bbox 207 2255 1004 2293">
     <span class='ocr_line' id='line_1_64' title="bbox 207 2255 1004 2293; baseline -0.004 -6"><span class='ocrx_word' id='word_1_457' title='bbox 207 2263 267 2288; x_wconf 88' lang='lat' dir='ltr'><strong>cate</strong></span> <span class='ocrx_word' id='word_1_458' title='bbox 292 2266 341 2286; x_wconf 89' lang='lat' dir='ltr'><strong>vos</strong></span> <span class='ocrx_word' id='word_1_459' title='bbox 364 2257 439 2293; x_wconf 89' lang='lat' dir='ltr'><strong>quod</strong></span> <span class='ocrx_word' id='word_1_460' title='bbox 463 2257 534 2284; x_wconf 90' lang='lat' dir='ltr'><strong>dico.</strong></span> <span class='ocrx_word' id='word_1_461' title='bbox 563 2255 634 2291; x_wconf 87' lang='lat' dir='ltr'><strong>Quia</strong></span> <span class='ocrx_word' id='word_1_462' title='bbox 666 2262 796 2291; x_wconf 83' lang='lat' dir='ltr'><strong>magnam</strong></span> <span class='ocrx_word' id='word_1_463' title='bbox 820 2255 870 2284; x_wconf 90' lang='lat' dir='ltr'><strong>illis</strong></span> <span class='ocrx_word' id='word_1_464' title='bbox 893 2256 1004 2292; x_wconf 91' lang='lat' dir='ltr'><strong>culpam</strong></span> 
     </span>
    </p>
   </div>
   <div class='ocr_carea' id='block_1_65' title="bbox 207 2299 1002 2338">
    <p class='ocr_par' dir='ltr' id='par_1_65' title="bbox 207 2299 1002 2338">
     <span class='ocr_line' id='line_1_65' title="bbox 207 2299 1002 2338; baseline -0.005 -6"><span class='ocrx_word' id='word_1_465' title='bbox 207 2303 314 2338; x_wconf 84' lang='lat' dir='ltr'><strong>inussit,</strong></span> <span class='ocrx_word' id='word_1_466' title='bbox 329 2301 516 2331; x_wconf 91' lang='lat' dir='ltr'><strong>idololatriam</strong></span> <span class='ocrx_word' id='word_1_467' title='bbox 538 2300 686 2328; x_wconf 88' lang='lat' dir='ltr'><strong>nominans</strong></span> <span class='ocrx_word' id='word_1_468' title='bbox 708 2299 735 2328; x_wconf 92' lang='lat' dir='ltr'><strong>id</strong></span> <span class='ocrx_word' id='word_1_469' title='bbox 755 2300 829 2337; x_wconf 89' lang='lat' dir='ltr'><strong>quod</strong></span> <span class='ocrx_word' id='word_1_470' title='bbox 847 2300 1002 2337; x_wconf 88' lang='lat' dir='ltr'><strong>patrabant,</strong></span> 
     </span>
    </p>
   </div>
   <div class='ocr_carea' id='block_1_66' title="bbox 207 2345 1004 2382">
    <p class='ocr_par' dir='ltr' id='par_1_66' title="bbox 207 2345 1004 2382">
     <span class='ocr_line' id='line_1_66' title="bbox 207 2345 1004 2382; baseline -0.003 -6"><span class='ocrx_word' id='word_1_471' title='bbox 207 2347 282 2376; x_wconf 89' lang='lat' dir='ltr'><strong>verbi</strong></span> <span class='ocrx_word' id='word_1_472' title='bbox 304 2346 482 2382; x_wconf 88' lang='lat' dir='ltr'><strong>asperitatem</strong></span> <span class='ocrx_word' id='word_1_473' title='bbox 504 2345 623 2381; x_wconf 81' lang='lat' dir='ltr'><strong>mitigat,</strong></span> <span class='ocrx_word' id='word_1_474' title='bbox 649 2345 778 2381; x_wconf 89' lang='lat' dir='ltr'><strong>ipsosque</strong></span> <span class='ocrx_word' id='word_1_475' title='bbox 814 2353 876 2374; x_wconf 90' lang='lat' dir='ltr'><strong>reos</strong></span> <span class='ocrx_word' id='word_1_476' title='bbox 897 2345 1004 2381; x_wconf 86' lang='lat' dir='ltr'><strong>judices</strong></span> 
     </span>
    </p>
   </div>
   <div class='ocr_carea' id='block_1_67' title="bbox 209 2388 1004 2426">
    <p class='ocr_par' dir='ltr' id='par_1_67' title="bbox 209 2388 1004 2426">
     <span class='ocr_line' id='line_1_67' title="bbox 209 2388 1004 2426; baseline -0.004 -6"><span class='ocrx_word' id='word_1_477' title='bbox 209 2390 352 2420; x_wconf 90' lang='lat' dir='ltr'><strong>constituit</strong></span> <span class='ocrx_word' id='word_1_478' title='bbox 374 2389 416 2424; x_wconf 91' lang='lat' dir='ltr'><strong>(id</strong></span> <span class='ocrx_word' id='word_1_479' title='bbox 428 2389 503 2426; x_wconf 88' lang='lat' dir='ltr'><strong>quod</strong></span> <span class='ocrx_word' id='word_1_480' title='bbox 516 2388 590 2418; x_wconf 92' lang='lat' dir='ltr'><strong>illius</strong></span> <span class='ocrx_word' id='word_1_481' title='bbox 614 2393 665 2422; x_wconf 86' lang='lat' dir='ltr'><strong>est,</strong></span> <span class='ocrx_word' id='word_1_482' title='bbox 691 2389 737 2426; x_wconf 91' lang='lat' dir='ltr'><strong>qui</strong></span> <span class='ocrx_word' id='word_1_483' title='bbox 752 2389 871 2425; x_wconf 90' lang='lat' dir='ltr'><strong>propriis</strong></span> <span class='ocrx_word' id='word_1_484' title='bbox 889 2390 1004 2418; x_wconf 88' lang='lat' dir='ltr'><strong>rationi-</strong></span> 
     </span>
    </p>
   </div>
   <div class='ocr_carea' id='block_1_68' title="bbox 209 2433 1001 2470">
    <p class='ocr_par' dir='ltr' id='par_1_68' title="bbox 209 2433 1001 2470">
     <span class='ocr_line' id='line_1_68' title="bbox 209 2433 1001 2470; baseline -0.004 -5"><span class='ocrx_word' id='word_1_485' title='bbox 209 2436 261 2464; x_wconf 90' lang='lat' dir='ltr'><strong>bus</strong></span> <span class='ocrx_word' id='word_1_486' title='bbox 280 2443 330 2464; x_wconf 90' lang='lat' dir='ltr'><strong>ceu</strong></span> <span class='ocrx_word' id='word_1_487' title='bbox 352 2435 424 2463; x_wconf 88' lang='lat' dir='ltr'><strong>veris</strong></span> <span class='ocrx_word' id='word_1_488' title='bbox 447 2433 584 2470; x_wconf 89' lang='lat' dir='ltr'><strong>conﬁdit).</strong></span> <span class='ocrx_word' id='word_1_489' title='bbox 607 2434 668 2462; x_wconf 89' lang='lat' dir='ltr'><strong>Non</strong></span> <span class='ocrx_word' id='word_1_490' title='bbox 688 2441 758 2469; x_wconf 90' lang='lat' dir='ltr'><strong>opus</strong></span> <span class='ocrx_word' id='word_1_491' title='bbox 779 2434 880 2468; x_wconf 87' lang='lat' dir='ltr'><strong>habeo,</strong></span> <span class='ocrx_word' id='word_1_492' title='bbox 903 2434 1001 2470; x_wconf 89' lang='lat' dir='ltr'><strong>inquit,</strong></span> 
     </span>
    </p>
   </div>
   <div class='ocr_carea' id='block_1_69' title="bbox 205 2477 930 2517">
    <p class='ocr_par' dir='ltr' id='par_1_69' title="bbox 205 2477 930 2517">
     <span class='ocr_line' id='line_1_69' title="bbox 205 2477 930 2517; baseline -0.003 -9"><span class='ocrx_word' id='word_1_493' title='bbox 205 2481 264 2509; x_wconf 91' lang='lat' dir='ltr'><strong>aliis</strong></span> <span class='ocrx_word' id='word_1_494' title='bbox 276 2479 423 2517; x_wconf 74' lang='lat' dir='ltr'><strong>iudicibus,</strong></span> <span class='ocrx_word' id='word_1_495' title='bbox 439 2487 486 2507; x_wconf 90' lang='lat' dir='ltr'><strong>vos</strong></span> <span class='ocrx_word' id='word_1_496' title='bbox 499 2483 631 2515; x_wconf 84' lang='lat' dir='ltr'><strong>tanquam</strong></span> <span class='ocrx_word' id='word_1_497' title='bbox 643 2477 790 2515; x_wconf 89' lang='lat' dir='ltr'><strong>prudentes</strong></span> <span class='ocrx_word' id='word_1_498' title='bbox 799 2478 930 2514; x_wconf 85' lang='lat' dir='ltr'><strong>judicate.</strong></span> 
     </span>
    </p>
   </div>
   <div class='ocr_carea' id='block_1_70' title="bbox 240 2523 1002 2559">
    <p class='ocr_par' dir='ltr' id='par_1_70' title="bbox 240 2523 1002 2559">
     <span class='ocr_line' id='line_1_70' title="bbox 240 2523 1002 2559; baseline -0.001 -6"><span class='ocrx_word' id='word_1_499' title='bbox 240 2526 329 2554; x_wconf 71' lang='lat' dir='ltr'><strong>Vens.</strong></span> <span class='ocrx_word' id='word_1_500' title='bbox 347 2528 390 2553; x_wconf 87' lang='lat'><strong>16.</strong></span> <span class='ocrx_word' id='word_1_501' title='bbox 407 2537 419 2549; x_wconf 77' lang='grc' dir='ltr'>οι</span> <span class='ocrx_word' id='word_1_502' title='bbox 432 2524 505 2553; x_wconf 89' lang='lat' dir='ltr'><strong>Calix</strong></span> <span class='ocrx_word' id='word_1_503' title='bbox 520 2523 729 2557; x_wconf 85' lang='lat' dir='ltr'><strong>benedictionis,</strong></span> <span class='ocrx_word' id='word_1_504' title='bbox 745 2523 788 2551; x_wconf 88' lang='lat' dir='ltr'><strong>cui</strong></span> <span class='ocrx_word' id='word_1_505' title='bbox 802 2523 1002 2559; x_wconf 90' lang='lat' dir='ltr'><strong>benedicimus,</strong></span> 
     </span>
    </p>
   </div>
   <div class='ocr_carea' id='block_1_71' title="bbox 204 2567 1001 2605">
    <p class='ocr_par' dir='ltr' id='par_1_71' title="bbox 204 2567 1001 2605">
     <span class='ocr_line' id='line_1_71' title="bbox 204 2567 1001 2605; baseline -0.003 -6"><span class='ocrx_word' id='word_1_506' title='bbox 204 2579 296 2600; x_wconf 91' lang='lat' dir='ltr'><strong>nonne</strong></span> <span class='ocrx_word' id='word_1_507' title='bbox 318 2569 530 2599; x_wconf 87' lang='lat' dir='ltr'><strong>communicatio</strong></span> <span class='ocrx_word' id='word_1_508' title='bbox 548 2569 690 2605; x_wconf 85' lang='lat' dir='ltr'><strong>sanguinis</strong></span> <span class='ocrx_word' id='word_1_509' title='bbox 704 2567 803 2596; x_wconf 89' lang='lat' dir='ltr'><strong>Christi</strong></span> <span class='ocrx_word' id='word_1_510' title='bbox 826 2569 886 2596; x_wconf 80' lang='lat' dir='ltr'><strong>est?</strong></span> <span class='ocrx_word' id='word_1_511' title='bbox 911 2580 924 2594; x_wconf 66' lang='grc' dir='ltr'><strong>υ</strong></span> <span class='ocrx_word' id='word_1_512' title='bbox 940 2570 1001 2597; x_wconf 84' lang='lat' dir='ltr'><strong>Hoc</strong></span> 
     </span>
    </p>
   </div>
   <div class='ocr_carea' id='block_1_72' title="bbox 203 2613 999 2651">
    <p class='ocr_par' dir='ltr' id='par_1_72' title="bbox 203 2613 999 2651">
     <span class='ocr_line' id='line_1_72' title="bbox 203 2613 999 2651; baseline -0.003 -6"><span class='ocrx_word' id='word_1_513' title='bbox 203 2621 253 2651; x_wconf 84' lang='lat' dir='ltr'><strong>cst,</strong></span> <span class='ocrx_word' id='word_1_514' title='bbox 272 2615 460 2644; x_wconf 80' lang='lat' dir='ltr'><strong>Eucharistiae.</strong></span> <span class='ocrx_word' id='word_1_515' title='bbox 486 2615 611 2643; x_wconf 86' lang='lat' dir='ltr'><strong>Manibus</strong></span> <span class='ocrx_word' id='word_1_516' title='bbox 625 2613 700 2642; x_wconf 89' lang='lat' dir='ltr'><strong>enim</strong></span> <span class='ocrx_word' id='word_1_517' title='bbox 715 2620 779 2641; x_wconf 87' lang='lat' dir='ltr'><strong>eum</strong></span> <span class='ocrx_word' id='word_1_518' title='bbox 793 2617 928 2647; x_wconf 80' lang='lat' dir='ltr'><strong>tenentes,</strong></span> <span class='ocrx_word' id='word_1_519' title='bbox 949 2613 999 2643; x_wconf 88' lang='lat' dir='ltr'><strong>be-</strong></span> 
     </span>
    </p>
   </div>
   <div class='ocr_carea' id='block_1_73' title="bbox 241 2681 486 2715">
    <p class='ocr_par' dir='ltr' id='par_1_73' title="bbox 241 2681 486 2715">
     <span class='ocr_line' id='line_1_73' title="bbox 241 2681 486 2715; baseline 0 -6"><span class='ocrx_word' id='word_1_520' title='bbox 241 2683 248 2704; x_wconf 73' lang='lat' dir='ltr'><strong>i</strong></span> <span class='ocrx_word' id='word_1_521' title='bbox 268 2681 366 2710; x_wconf 85' lang='lat' dir='ltr'><strong>Matth.</strong></span> <span class='ocrx_word' id='word_1_522' title='bbox 381 2688 426 2715; x_wconf 71' lang='grc' dir='ltr'>χι,</span> <span class='ocrx_word' id='word_1_523' title='bbox 441 2682 486 2709; x_wconf 84' lang='lat'><strong>28.</strong></span> 
     </span>
    </p>
   </div>
   <div class='ocr_carea' id='block_1_74' title="bbox 1064 871 1859 913">
    <p class='ocr_par' dir='ltr' id='par_1_74' title="bbox 1064 871 1859 913">
     <span class='ocr_line' id='line_1_74' title="bbox 1064 871 1859 913; baseline -0.004 -10"><span class='ocrx_word' id='word_1_524' title='bbox 1064 873 1096 908; x_wconf 82' lang='grc' dir='ltr'><strong>δὴ</strong></span> <span class='ocrx_word' id='word_1_525' title='bbox 1122 873 1249 913; x_wconf 76' lang='grc' dir='ltr'>ἐφόϐησεν</span> <span class='ocrx_word' id='word_1_526' title='bbox 1269 872 1379 911; x_wconf 74' lang='grc' dir='ltr'>αὐτοὺς,</span> <span class='ocrx_word' id='word_1_527' title='bbox 1409 872 1491 902; x_wconf 78' lang='grc' dir='ltr'>εἰπών</span> <span class='ocrx_word' id='word_1_528' title='bbox 1515 882 1522 890; x_wconf 90' lang='lat'>&#39;</span> <span class='ocrx_word' id='word_1_529' title='bbox 1547 886 1559 898; x_wconf 87' lang='grc' dir='ltr'><strong>ιι</strong></span> <span class='ocrx_word' id='word_1_530' title='bbox 1584 871 1620 902; x_wconf 63' lang='grc'><strong>⁸0</strong></span> <span class='ocrx_word' id='word_1_531' title='bbox 1644 872 1731 901; x_wconf 79' lang='grc' dir='ltr'>δοκῶν</span> <span class='ocrx_word' id='word_1_532' title='bbox 1755 872 1859 901; x_wconf 76' lang='grc' dir='ltr'>ἑστάναι</span> 
     </span>
    </p>
   </div>
   <div class='ocr_carea' id='block_1_75' title="bbox 1065 913 1860 958">
    <p class='ocr_par' dir='ltr' id='par_1_75' title="bbox 1065 913 1860 958">
     <span class='ocr_line' id='line_1_75' title="bbox 1065 913 1860 958; baseline -0.003 -11"><span class='ocrx_word' id='word_1_533' title='bbox 1065 918 1188 958; x_wconf 84' lang='grc' dir='ltr'><strong>βλεπέτω</strong></span> <span class='ocrx_word' id='word_1_534' title='bbox 1211 917 1248 956; x_wconf 80' lang='grc' dir='ltr'><strong>μὴ</strong></span> <span class='ocrx_word' id='word_1_535' title='bbox 1262 917 1332 957; x_wconf 83' lang='grc' dir='ltr'>πέσῃ</span> <span class='ocrx_word' id='word_1_536' title='bbox 1349 929 1356 936; x_wconf 89' lang='grc'><strong>·</strong></span> <span class='ocrx_word' id='word_1_537' title='bbox 1380 930 1392 943; x_wconf 71' lang='grc' dir='ltr'><strong><em>ι</em></strong></span> <span class='ocrx_word' id='word_1_538' title='bbox 1408 913 1478 953; x_wconf 74' lang='grc' dir='ltr'>ἦσαν</span> <span class='ocrx_word' id='word_1_539' title='bbox 1493 916 1521 946; x_wconf 85' lang='grc' dir='ltr'>δὲ</span> <span class='ocrx_word' id='word_1_540' title='bbox 1535 917 1649 950; x_wconf 83' lang='grc' dir='ltr'>πολλοὺς</span> <span class='ocrx_word' id='word_1_541' title='bbox 1673 916 1860 955; x_wconf 77' lang='grc' dir='ltr'>ὕπενεγκόντες</span> 
     </span>
    </p>
   </div>
   <div class='ocr_carea' id='block_1_76' title="bbox 1063 961 1859 1003">
    <p class='ocr_par' dir='ltr' id='par_1_76' title="bbox 1063 961 1859 1003">
     <span class='ocr_line' id='line_1_76' title="bbox 1063 961 1859 1003; baseline -0.004 -11"><span class='ocrx_word' id='word_1_542' title='bbox 1063 963 1114 999; x_wconf 81' lang='grc' dir='ltr'><strong>ἤδη</strong></span> <span class='ocrx_word' id='word_1_543' title='bbox 1131 961 1310 1003; x_wconf 79' lang='grc' dir='ltr'>πειρασμοὺς,</span> <span class='ocrx_word' id='word_1_544' title='bbox 1330 961 1374 990; x_wconf 66' lang='grc' dir='ltr'>ἵνα</span> <span class='ocrx_word' id='word_1_545' title='bbox 1390 961 1427 1000; x_wconf 80' lang='grc' dir='ltr'><strong>μὴ</strong></span> <span class='ocrx_word' id='word_1_546' title='bbox 1441 961 1540 1000; x_wconf 80' lang='grc' dir='ltr'>λέγωσι</span> <span class='ocrx_word' id='word_1_547' title='bbox 1555 972 1563 980; x_wconf 91' lang='grc'><strong>·</strong></span> <span class='ocrx_word' id='word_1_548' title='bbox 1577 961 1613 991; x_wconf 86' lang='grc' dir='ltr'>Τί</span> <span class='ocrx_word' id='word_1_549' title='bbox 1634 963 1708 998; x_wconf 76' lang='grc' dir='ltr'>ἡμᾶς</span> <span class='ocrx_word' id='word_1_550' title='bbox 1722 961 1859 1001; x_wconf 65' lang='grc' dir='ltr'>ἐκφοϐεῖςς</span> 
     </span>
    </p>
   </div>
   <div class='ocr_carea' id='block_1_77' title="bbox 1063 1005 1857 1047">
    <p class='ocr_par' dir='ltr' id='par_1_77' title="bbox 1063 1005 1857 1047">
     <span class='ocr_line' id='line_1_77' title="bbox 1063 1005 1857 1047; baseline -0.004 -10"><span class='ocrx_word' id='word_1_551' title='bbox 1063 1007 1175 1040; x_wconf 80' lang='grc' dir='ltr'>πολλοὺς</span> <span class='ocrx_word' id='word_1_552' title='bbox 1197 1007 1249 1047; x_wconf 80' lang='grc' dir='ltr'>γὰρ</span> <span class='ocrx_word' id='word_1_553' title='bbox 1268 1007 1456 1043; x_wconf 76' lang='grc' dir='ltr'>ὑπομείναντες</span> <span class='ocrx_word' id='word_1_554' title='bbox 1472 1005 1638 1044; x_wconf 82' lang='grc' dir='ltr'>πειρασμοὺς</span> <span class='ocrx_word' id='word_1_555' title='bbox 1655 1006 1685 1035; x_wconf 87' lang='grc' dir='ltr'>οὖ</span> <span class='ocrx_word' id='word_1_556' title='bbox 1711 1005 1857 1035; x_wconf 81' lang='grc' dir='ltr'>πεπτώκα-</span> 
     </span>
    </p>
   </div>
   <div class='ocr_carea' id='block_1_78' title="bbox 1064 1050 1858 1092">
    <p class='ocr_par' dir='ltr' id='par_1_78' title="bbox 1064 1050 1858 1092">
     <span class='ocr_line' id='line_1_78' title="bbox 1064 1050 1858 1092; baseline -0.003 -11"><span class='ocrx_word' id='word_1_557' title='bbox 1064 1064 1111 1090; x_wconf 84' lang='grc' dir='ltr'><strong>μεν</strong></span> <span class='ocrx_word' id='word_1_558' title='bbox 1125 1064 1132 1070; x_wconf 85' lang='grc'><strong>·</strong></span> <span class='ocrx_word' id='word_1_559' title='bbox 1148 1052 1243 1092; x_wconf 77' lang='grc' dir='ltr'>φησὶν,</span> <span class='ocrx_word' id='word_1_560' title='bbox 1255 1051 1295 1081; x_wconf 81' lang='grc' dir='ltr'><strong>ὅτι</strong></span> <span class='ocrx_word' id='word_1_561' title='bbox 1311 1053 1369 1081; x_wconf 81' lang='grc' dir='ltr'><strong>Οὐκ</strong></span> <span class='ocrx_word' id='word_1_562' title='bbox 1389 1050 1495 1091; x_wconf 77' lang='grc' dir='ltr'>εἴληφεν</span> <span class='ocrx_word' id='word_1_563' title='bbox 1511 1052 1580 1087; x_wconf 74' lang='grc' dir='ltr'>ὑμᾶς</span> <span class='ocrx_word' id='word_1_564' title='bbox 1595 1050 1748 1089; x_wconf 75' lang='grc' dir='ltr'>πειρασμὸς</span> <span class='ocrx_word' id='word_1_565' title='bbox 1759 1072 1768 1086; x_wconf 93' lang='grc'><strong>,</strong></span> <span class='ocrx_word' id='word_1_566' title='bbox 1788 1052 1811 1079; x_wconf 84' lang='grc' dir='ltr'><strong>εἰ</strong></span> <span class='ocrx_word' id='word_1_567' title='bbox 1826 1050 1858 1087; x_wconf 82' lang='grc' dir='ltr'><strong>μὴ</strong></span> 
     </span>
    </p>
   </div>
   <div class='ocr_carea' id='block_1_79' title="bbox 1063 1095 1858 1135">
    <p class='ocr_par' dir='ltr' id='par_1_79' title="bbox 1063 1095 1858 1135">
     <span class='ocr_line' id='line_1_79' title="bbox 1063 1095 1858 1135; baseline -0.003 -10"><span class='ocrx_word' id='word_1_568' title='bbox 1063 1096 1156 1135; x_wconf 80' lang='grc' dir='ltr'>μικρὸς</span> <span class='ocrx_word' id='word_1_569' title='bbox 1179 1095 1225 1125; x_wconf 80' lang='grc' dir='ltr'><strong>καὶ</strong></span> <span class='ocrx_word' id='word_1_570' title='bbox 1252 1095 1402 1135; x_wconf 83' lang='grc' dir='ltr'>σύμμετρος</span> <span class='ocrx_word' id='word_1_571' title='bbox 1430 1095 1615 1134; x_wconf 75' lang='grc' dir='ltr'>’ἀνθρώπινον</span> <span class='ocrx_word' id='word_1_572' title='bbox 1642 1095 1695 1134; x_wconf 72' lang='grc' dir='ltr'>γὰρ</span> <span class='ocrx_word' id='word_1_573' title='bbox 1720 1097 1858 1135; x_wconf 80' lang='grc' dir='ltr'>πανταχοῦ</span> 
     </span>
    </p>
   </div>
   <div class='ocr_carea' id='block_1_80' title="bbox 1061 1136 1860 1180">
    <p class='ocr_par' dir='ltr' id='par_1_80' title="bbox 1061 1136 1860 1180">
     <span class='ocr_line' id='line_1_80' title="bbox 1061 1136 1860 1180; baseline -0.004 -10"><span class='ocrx_word' id='word_1_574' title='bbox 1061 1141 1092 1171; x_wconf 85' lang='grc' dir='ltr'><strong>τὸ</strong></span> <span class='ocrx_word' id='word_1_575' title='bbox 1107 1141 1200 1180; x_wconf 81' lang='grc' dir='ltr'>μικρὸν</span> <span class='ocrx_word' id='word_1_576' title='bbox 1218 1143 1304 1170; x_wconf 84' lang='grc' dir='ltr'>καλεῖ.</span> <span class='ocrx_word' id='word_1_577' title='bbox 1330 1136 1395 1170; x_wconf 76' lang='grc' dir='ltr'>Εἶτα</span> <span class='ocrx_word' id='word_1_578' title='bbox 1411 1141 1608 1180; x_wconf 86' lang='grc' dir='ltr'>παραμυθεῖται</span> <span class='ocrx_word' id='word_1_579' title='bbox 1627 1139 1710 1168; x_wconf 78' lang='grc' dir='ltr'>πάλιν</span> <span class='ocrx_word' id='word_1_580' title='bbox 1722 1162 1732 1177; x_wconf 86' lang='grc'><strong>,</strong></span> <span class='ocrx_word' id='word_1_581' title='bbox 1760 1139 1807 1169; x_wconf 78' lang='grc' dir='ltr'><strong>ἐπὶ</strong></span> <span class='ocrx_word' id='word_1_582' title='bbox 1821 1139 1860 1168; x_wconf 77' lang='grc' dir='ltr'><strong>τὸν</strong></span> 
     </span>
    </p>
   </div>
   <div class='ocr_carea' id='block_1_81' title="bbox 1062 1183 1855 1226">
    <p class='ocr_par' dir='ltr' id='par_1_81' title="bbox 1062 1183 1855 1226">
     <span class='ocr_line' id='line_1_81' title="bbox 1062 1183 1855 1226; baseline -0.003 -11"><span class='ocrx_word' id='word_1_583' title='bbox 1062 1186 1132 1216; x_wconf 83' lang='grc' dir='ltr'>Θεὸν</span> <span class='ocrx_word' id='word_1_584' title='bbox 1147 1187 1246 1226; x_wconf 79' lang='grc' dir='ltr'>ἂφορᾷν</span> <span class='ocrx_word' id='word_1_585' title='bbox 1269 1185 1361 1218; x_wconf 79' lang='grc' dir='ltr'>αὖτοὺς</span> <span class='ocrx_word' id='word_1_586' title='bbox 1383 1185 1479 1214; x_wconf 83' lang='grc' dir='ltr'>πείθων</span> <span class='ocrx_word' id='word_1_587' title='bbox 1492 1207 1500 1219; x_wconf 90' lang='grc'><strong>,</strong></span> <span class='ocrx_word' id='word_1_588' title='bbox 1524 1184 1550 1217; x_wconf 85' lang='grc' dir='ltr'><strong>ὃς</strong></span> <span class='ocrx_word' id='word_1_589' title='bbox 1571 1183 1663 1218; x_wconf 84' lang='grc' dir='ltr'>πιστός</span> <span class='ocrx_word' id='word_1_590' title='bbox 1681 1185 1761 1220; x_wconf 76' lang='grc' dir='ltr'>ἐστι,</span> <span class='ocrx_word' id='word_1_591' title='bbox 1785 1196 1855 1214; x_wconf 80' lang='grc' dir='ltr'>τουτ-</span> 
     </span>
    </p>
   </div>
   <div class='ocr_carea' id='block_1_82' title="bbox 1062 1228 1860 1269">
    <p class='ocr_par' dir='ltr' id='par_1_82' title="bbox 1062 1228 1860 1269">
     <span class='ocr_line' id='line_1_82' title="bbox 1062 1228 1860 1269; baseline -0.004 -9"><span class='ocrx_word' id='word_1_592' title='bbox 1062 1231 1151 1268; x_wconf 76' lang='grc' dir='ltr'>έστιν,</span> <span class='ocrx_word' id='word_1_593' title='bbox 1177 1229 1294 1266; x_wconf 84' lang='grc' dir='ltr'>ἀληθὴς,</span> <span class='ocrx_word' id='word_1_594' title='bbox 1321 1229 1366 1259; x_wconf 83' lang='grc' dir='ltr'><strong>καὶ</strong></span> <span class='ocrx_word' id='word_1_595' title='bbox 1390 1230 1419 1259; x_wconf 82' lang='grc' dir='ltr'>οὗ</span> <span class='ocrx_word' id='word_1_596' title='bbox 1446 1228 1629 1269; x_wconf 79' lang='grc' dir='ltr'>διαψεύσεται.</span> <span class='ocrx_word' id='word_1_597' title='bbox 1659 1228 1860 1268; x_wconf 78' lang='grc' dir='ltr'>Ἐπηγγείλατο</span> 
     </span>
    </p>
   </div>
   <div class='ocr_carea' id='block_1_83' title="bbox 1062 1273 1860 1314">
    <p class='ocr_par' dir='ltr' id='par_1_83' title="bbox 1062 1273 1860 1314">
     <span class='ocr_line' id='line_1_83' title="bbox 1062 1273 1860 1314; baseline -0.003 -10"><span class='ocrx_word' id='word_1_598' title='bbox 1062 1275 1113 1314; x_wconf 83' lang='grc' dir='ltr'>γάρ</span> <span class='ocrx_word' id='word_1_599' title='bbox 1127 1286 1135 1293; x_wconf 74' lang='grc' dir='ltr'><strong>ο</strong></span> <span class='ocrx_word' id='word_1_600' title='bbox 1150 1288 1163 1300; x_wconf 77' lang='grc' dir='ltr'>ι</span> <span class='ocrx_word' id='word_1_601' title='bbox 1178 1277 1276 1309; x_wconf 75' lang='grc' dir='ltr'>Δεῦτε,</span> <span class='ocrx_word' id='word_1_602' title='bbox 1292 1275 1316 1303; x_wconf 85' lang='grc' dir='ltr'>οἱ</span> <span class='ocrx_word' id='word_1_603' title='bbox 1335 1275 1494 1310; x_wconf 81' lang='grc' dir='ltr'>κοπιῶντες,</span> <span class='ocrx_word' id='word_1_604' title='bbox 1518 1273 1564 1303; x_wconf 75' lang='grc' dir='ltr'><strong>καὶ</strong></span> <span class='ocrx_word' id='word_1_605' title='bbox 1578 1273 1728 1304; x_wconf 74' lang='grc' dir='ltr'>ἀναπαύσω</span> <span class='ocrx_word' id='word_1_606' title='bbox 1754 1275 1835 1311; x_wconf 74' lang='grc' dir='ltr'>ὑμᾶς.</span> <span class='ocrx_word' id='word_1_607' title='bbox 1850 1287 1860 1299; x_wconf 76' lang='grc' dir='ltr'><strong>ι</strong></span> 
     </span>
    </p>
   </div>
   <div class='ocr_carea' id='block_1_84' title="bbox 1062 1314 1860 1358">
    <p class='ocr_par' dir='ltr' id='par_1_84' title="bbox 1062 1314 1860 1358">
     <span class='ocr_line' id='line_1_84' title="bbox 1062 1314 1860 1358; baseline -0.004 -9"><span class='ocrx_word' id='word_1_608' title='bbox 1062 1333 1075 1346; x_wconf 76' lang='grc' dir='ltr'><strong>σι</strong></span> <span class='ocrx_word' id='word_1_609' title='bbox 1091 1321 1150 1349; x_wconf 85' lang='grc' dir='ltr'><strong>Οὐκ</strong></span> <span class='ocrx_word' id='word_1_610' title='bbox 1163 1319 1234 1348; x_wconf 78' lang='grc' dir='ltr'>ἐάσει</span> <span class='ocrx_word' id='word_1_611' title='bbox 1248 1314 1293 1348; x_wconf 63' lang='grc' dir='ltr'><strong>οὖν</strong></span> <span class='ocrx_word' id='word_1_612' title='bbox 1310 1320 1485 1358; x_wconf 74' lang='grc' dir='ltr'>πειρασθῆναι</span> <span class='ocrx_word' id='word_1_613' title='bbox 1501 1319 1571 1357; x_wconf 74' lang='grc' dir='ltr'>ὑμᾶς</span> <span class='ocrx_word' id='word_1_614' title='bbox 1585 1318 1651 1358; x_wconf 75' lang='grc' dir='ltr'>ὑπὲρ</span> <span class='ocrx_word' id='word_1_615' title='bbox 1674 1317 1689 1347; x_wconf 80' lang='grc' dir='ltr'>ὃ</span> <span class='ocrx_word' id='word_1_616' title='bbox 1702 1317 1835 1354; x_wconf 77' lang='grc' dir='ltr'>δύνασθε,</span> <span class='ocrx_word' id='word_1_617' title='bbox 1851 1331 1860 1343; x_wconf 76' lang='grc' dir='ltr'><strong><em>ι</em></strong></span> 
     </span>
    </p>
   </div>
   <div class='ocr_carea' id='block_1_85' title="bbox 1063 1362 1860 1402">
    <p class='ocr_par' dir='ltr' id='par_1_85' title="bbox 1063 1362 1860 1402">
     <span class='ocr_line' id='line_1_85' title="bbox 1063 1362 1860 1402; baseline -0.003 -9"><span class='ocrx_word' id='word_1_618' title='bbox 1063 1363 1132 1393; x_wconf 74' lang='grc' dir='ltr'>ἀλλὰ</span> <span class='ocrx_word' id='word_1_619' title='bbox 1157 1364 1202 1393; x_wconf 83' lang='grc' dir='ltr'><strong>τὸν</strong></span> <span class='ocrx_word' id='word_1_620' title='bbox 1229 1363 1377 1401; x_wconf 80' lang='grc' dir='ltr'>πειρασμὸν</span> <span class='ocrx_word' id='word_1_621' title='bbox 1413 1363 1542 1402; x_wconf 72' lang='grc' dir='ltr'>ἀνάλογον</span> <span class='ocrx_word' id='word_1_622' title='bbox 1637 1364 1713 1400; x_wconf 76' lang='grc' dir='ltr'>ὖμῶν</span> <span class='ocrx_word' id='word_1_623' title='bbox 1750 1362 1860 1399; x_wconf 76' lang='grc' dir='ltr'>δυνάμει</span> 
     </span>
    </p>
   </div>
   <div class='ocr_carea' id='block_1_86' title="bbox 1061 1407 1858 1446">
    <p class='ocr_par' dir='ltr' id='par_1_86' title="bbox 1061 1407 1858 1446">
     <span class='ocr_line' id='line_1_86' title="bbox 1061 1407 1858 1446; baseline -0.004 -8"><span class='ocrx_word' id='word_1_624' title='bbox 1061 1407 1166 1443; x_wconf 81' lang='grc' dir='ltr'>ποιήσει</span> <span class='ocrx_word' id='word_1_625' title='bbox 1179 1409 1295 1437; x_wconf 82' lang='grc' dir='ltr'>ἐπελθεῖν</span> <span class='ocrx_word' id='word_1_626' title='bbox 1313 1419 1318 1424; x_wconf 92' lang='grc'>·</span> <span class='ocrx_word' id='word_1_627' title='bbox 1336 1408 1438 1446; x_wconf 76' lang='grc' dir='ltr'>μᾶλλον</span> <span class='ocrx_word' id='word_1_628' title='bbox 1461 1407 1489 1436; x_wconf 83' lang='grc' dir='ltr'>δὲ</span> <span class='ocrx_word' id='word_1_629' title='bbox 1514 1412 1567 1440; x_wconf 76' lang='grc' dir='ltr'><strong>πᾶς</strong></span> <span class='ocrx_word' id='word_1_630' title='bbox 1589 1407 1740 1446; x_wconf 78' lang='grc' dir='ltr'>πειρασμὸς</span> <span class='ocrx_word' id='word_1_631' title='bbox 1764 1408 1858 1445; x_wconf 80' lang='grc' dir='ltr'>μείζων</span> 
     </span>
    </p>
   </div>
   <div class='ocr_carea' id='block_1_87' title="bbox 1062 1451 1858 1492">
    <p class='ocr_par' dir='ltr' id='par_1_87' title="bbox 1062 1451 1858 1492">
     <span class='ocr_line' id='line_1_87' title="bbox 1062 1451 1858 1492; baseline -0.001 -11"><span class='ocrx_word' id='word_1_632' title='bbox 1062 1454 1109 1487; x_wconf 81' lang='grc' dir='ltr'><strong>τῆς</strong></span> <span class='ocrx_word' id='word_1_633' title='bbox 1123 1452 1251 1492; x_wconf 74' lang='grc' dir='ltr'>ὑμετέρας</span> <span class='ocrx_word' id='word_1_634' title='bbox 1265 1452 1292 1472; x_wconf 78' lang='grc'><strong>²⁵</strong></span> <span class='ocrx_word' id='word_1_635' title='bbox 1318 1451 1470 1490; x_wconf 79' lang='grc' dir='ltr'>δυνάμεως,</span> <span class='ocrx_word' id='word_1_636' title='bbox 1491 1452 1513 1480; x_wconf 86' lang='grc' dir='ltr'>εἷ</span> <span class='ocrx_word' id='word_1_637' title='bbox 1534 1451 1573 1490; x_wconf 84' lang='grc' dir='ltr'><strong>μὴ</strong></span> <span class='ocrx_word' id='word_1_638' title='bbox 1591 1453 1687 1485; x_wconf 79' lang='grc' dir='ltr'>ἐκεῖνος</span> <span class='ocrx_word' id='word_1_639' title='bbox 1713 1453 1858 1491; x_wconf 76' lang='grc' dir='ltr'>βοηθήσει,</span> 
     </span>
    </p>
   </div>
   <div class='ocr_carea' id='block_1_88' title="bbox 1063 1493 1859 1536">
    <p class='ocr_par' dir='ltr' id='par_1_88' title="bbox 1063 1493 1859 1536">
     <span class='ocr_line' id='line_1_88' title="bbox 1063 1493 1859 1536; baseline -0.001 -10"><span class='ocrx_word' id='word_1_640' title='bbox 1063 1511 1075 1523; x_wconf 79' lang='grc' dir='ltr'>ι</span> <span class='ocrx_word' id='word_1_641' title='bbox 1086 1493 1132 1526; x_wconf 65' lang='grc' dir='ltr'><strong>καί</strong></span> <span class='ocrx_word' id='word_1_642' title='bbox 1147 1496 1250 1532; x_wconf 88' lang='grc' dir='ltr'>ποιήσει</span> <span class='ocrx_word' id='word_1_643' title='bbox 1260 1496 1308 1532; x_wconf 72' lang='grc' dir='ltr'><strong>τὴν</strong></span> <span class='ocrx_word' id='word_1_644' title='bbox 1319 1496 1438 1532; x_wconf 81' lang='grc' dir='ltr'>ἔκϐασιν,</span> <span class='ocrx_word' id='word_1_645' title='bbox 1450 1510 1462 1522; x_wconf 77' lang='grc' dir='ltr'><strong>ι</strong></span> <span class='ocrx_word' id='word_1_646' title='bbox 1472 1495 1488 1525; x_wconf 72' lang='grc' dir='ltr'>ὅ</span> <span class='ocrx_word' id='word_1_647' title='bbox 1501 1496 1567 1534; x_wconf 76' lang='grc' dir='ltr'>ἐστι,</span> <span class='ocrx_word' id='word_1_648' title='bbox 1578 1495 1625 1532; x_wconf 83' lang='grc' dir='ltr'><strong>τὴν</strong></span> <span class='ocrx_word' id='word_1_649' title='bbox 1639 1496 1809 1536; x_wconf 74' lang='grc' dir='ltr'>ἀπαλλαγὴν</span> <span class='ocrx_word' id='word_1_650' title='bbox 1820 1499 1859 1525; x_wconf 71' lang='grc' dir='ltr'><strong>τοῦ</strong></span> 
     </span>
    </p>
   </div>
   <div class='ocr_carea' id='block_1_89' title="bbox 1060 1540 1861 1581">
    <p class='ocr_par' dir='ltr' id='par_1_89' title="bbox 1060 1540 1861 1581">
     <span class='ocr_line' id='line_1_89' title="bbox 1060 1540 1861 1581; baseline 0 -11"><span class='ocrx_word' id='word_1_651' title='bbox 1060 1544 1219 1581; x_wconf 74' lang='grc' dir='ltr'>πειρασμοῦ,</span> <span class='ocrx_word' id='word_1_652' title='bbox 1233 1555 1246 1567; x_wconf 70' lang='grc' dir='ltr'><strong>α</strong></span> <span class='ocrx_word' id='word_1_653' title='bbox 1258 1541 1305 1571; x_wconf 82' lang='grc' dir='ltr'><strong>σὺν</strong></span> <span class='ocrx_word' id='word_1_654' title='bbox 1319 1543 1358 1581; x_wconf 88' lang='grc' dir='ltr'><strong>τῷ</strong></span> <span class='ocrx_word' id='word_1_655' title='bbox 1369 1542 1514 1580; x_wconf 83' lang='grc' dir='ltr'>πειρασμῷ</span> <span class='ocrx_word' id='word_1_656' title='bbox 1527 1549 1535 1557; x_wconf 78' lang='grc'><strong><em>⁸</em></strong></span> <span class='ocrx_word' id='word_1_657' title='bbox 1552 1555 1564 1568; x_wconf 74' lang='grc' dir='ltr'>ιο</span> <span class='ocrx_word' id='word_1_658' title='bbox 1579 1540 1701 1570; x_wconf 80' lang='grc' dir='ltr'>τουτέστι</span> <span class='ocrx_word' id='word_1_659' title='bbox 1710 1564 1720 1580; x_wconf 88' lang='grc'><strong>,</strong></span> <span class='ocrx_word' id='word_1_660' title='bbox 1739 1545 1861 1580; x_wconf 83' lang='grc' dir='ltr'>ταχεῖαν,</span> 
     </span>
    </p>
   </div>
   <div class='ocr_carea' id='block_1_90' title="bbox 1060 1585 1860 1626">
    <p class='ocr_par' dir='ltr' id='par_1_90' title="bbox 1060 1585 1860 1626">
     <span class='ocr_line' id='line_1_90' title="bbox 1060 1585 1860 1626; baseline -0.001 -11"><span class='ocrx_word' id='word_1_661' title='bbox 1060 1586 1105 1615; x_wconf 81' lang='grc' dir='ltr'><strong>καὶ</strong></span> <span class='ocrx_word' id='word_1_662' title='bbox 1132 1585 1189 1624; x_wconf 81' lang='grc' dir='ltr'><strong>ἅμα</strong></span> <span class='ocrx_word' id='word_1_663' title='bbox 1214 1587 1252 1625; x_wconf 79' lang='grc' dir='ltr'><strong>τῷ</strong></span> <span class='ocrx_word' id='word_1_664' title='bbox 1268 1585 1396 1622; x_wconf 80' lang='grc' dir='ltr'>,ἐπελθεῖν</span> <span class='ocrx_word' id='word_1_665' title='bbox 1421 1587 1482 1623; x_wconf 75' lang='grc' dir='ltr'>ὓμῖν</span> <span class='ocrx_word' id='word_1_666' title='bbox 1497 1585 1522 1605; x_wconf 82' lang='grc'><strong>²⁶</strong></span> <span class='ocrx_word' id='word_1_667' title='bbox 1541 1585 1586 1615; x_wconf 87' lang='grc' dir='ltr'><strong>τὸν</strong></span> <span class='ocrx_word' id='word_1_668' title='bbox 1607 1586 1758 1626; x_wconf 83' lang='grc' dir='ltr'>πειρασμόν</span> <span class='ocrx_word' id='word_1_669' title='bbox 1770 1597 1778 1604; x_wconf 89' lang='grc'>·</span> <span class='ocrx_word' id='word_1_670' title='bbox 1794 1585 1860 1614; x_wconf 77' lang='grc' dir='ltr'>ὥστε</span> 
     </span>
    </p>
   </div>
   <div class='ocr_carea' id='block_1_91' title="bbox 1060 1630 1861 1670">
    <p class='ocr_par' dir='ltr' id='par_1_91' title="bbox 1060 1630 1861 1670">
     <span class='ocr_line' id='line_1_91' title="bbox 1060 1630 1861 1670; baseline 0.001 -11"><span class='ocrx_word' id='word_1_671' title='bbox 1060 1631 1105 1660; x_wconf 79' lang='grc' dir='ltr'><strong>καὶ</strong></span> <span class='ocrx_word' id='word_1_672' title='bbox 1128 1630 1172 1659; x_wconf 81' lang='grc' dir='ltr'><strong>διὰ</strong></span> <span class='ocrx_word' id='word_1_673' title='bbox 1187 1631 1235 1666; x_wconf 84' lang='grc' dir='ltr'><strong>τὴν</strong></span> <span class='ocrx_word' id='word_1_674' title='bbox 1252 1631 1362 1670; x_wconf 83' lang='grc' dir='ltr'>ταχεῖαν</span> <span class='ocrx_word' id='word_1_675' title='bbox 1385 1630 1545 1669; x_wconf 82' lang='grc' dir='ltr'>ἀπαλλαγὴν</span> <span class='ocrx_word' id='word_1_676' title='bbox 1569 1630 1682 1670; x_wconf 77' lang='grc' dir='ltr'>φορητὸν</span> <span class='ocrx_word' id='word_1_677' title='bbox 1706 1631 1771 1668; x_wconf 76' lang='grc' dir='ltr'>ὑμῖν</span> <span class='ocrx_word' id='word_1_678' title='bbox 1788 1632 1861 1670; x_wconf 83' lang='grc' dir='ltr'>γενέ-</span> 
     </span>
    </p>
   </div>
   <div class='ocr_carea' id='block_1_92' title="bbox 1060 1674 1859 1716">
    <p class='ocr_par' dir='ltr' id='par_1_92' title="bbox 1060 1674 1859 1716">
     <span class='ocr_line' id='line_1_92' title="bbox 1060 1674 1859 1716; baseline -0.001 -12"><span class='ocrx_word' id='word_1_679' title='bbox 1060 1678 1122 1704; x_wconf 87' lang='grc' dir='ltr'>σθαι</span> <span class='ocrx_word' id='word_1_680' title='bbox 1135 1677 1235 1706; x_wconf 82' lang='grc' dir='ltr'>τοῦτον,</span> <span class='ocrx_word' id='word_1_681' title='bbox 1261 1689 1273 1701; x_wconf 79' lang='grc' dir='ltr'>ι</span> <span class='ocrx_word' id='word_1_682' title='bbox 1291 1674 1402 1710; x_wconf 85' lang='grc' dir='ltr'>Ποιήσει</span> <span class='ocrx_word' id='word_1_683' title='bbox 1426 1675 1478 1714; x_wconf 82' lang='grc' dir='ltr'>γὰρ</span> <span class='ocrx_word' id='word_1_684' title='bbox 1502 1675 1550 1710; x_wconf 85' lang='grc' dir='ltr'><strong>τὴν</strong></span> <span class='ocrx_word' id='word_1_685' title='bbox 1575 1674 1706 1711; x_wconf 80' lang='grc' dir='ltr'>ἔκϐασιν,</span> <span class='ocrx_word' id='word_1_686' title='bbox 1726 1686 1742 1704; x_wconf 75' lang='grc' dir='ltr'><strong>ιι</strong></span> <span class='ocrx_word' id='word_1_687' title='bbox 1762 1675 1859 1716; x_wconf 80' lang='grc' dir='ltr'>φησὶν,</span> 
     </span>
    </p>
   </div>
   <div class='ocr_carea' id='block_1_93' title="bbox 1060 1719 1860 1758">
    <p class='ocr_par' dir='ltr' id='par_1_93' title="bbox 1060 1719 1860 1758">
     <span class='ocr_line' id='line_1_93' title="bbox 1060 1719 1860 1758; baseline 0.003 -10"><span class='ocrx_word' id='word_1_688' title='bbox 1060 1719 1148 1749; x_wconf 73' lang='grc' dir='ltr'>ἕνεκεν</span> <span class='ocrx_word' id='word_1_689' title='bbox 1168 1730 1182 1748; x_wconf 81' lang='grc' dir='ltr'><strong>α</strong></span> <span class='ocrx_word' id='word_1_690' title='bbox 1196 1722 1242 1749; x_wconf 74' lang='grc' dir='ltr'><strong>τοῦ</strong></span> <span class='ocrx_word' id='word_1_691' title='bbox 1258 1719 1284 1739; x_wconf 84' lang='grc'><strong>²⁷</strong></span> <span class='ocrx_word' id='word_1_692' title='bbox 1298 1720 1441 1755; x_wconf 82' lang='grc' dir='ltr'>δυνηθῆναι</span> <span class='ocrx_word' id='word_1_693' title='bbox 1465 1720 1535 1757; x_wconf 78' lang='grc' dir='ltr'>ὖμᾶς</span> <span class='ocrx_word' id='word_1_694' title='bbox 1558 1721 1712 1758; x_wconf 78' lang='grc' dir='ltr'>ὖπενεγκεῖν</span> <span class='ocrx_word' id='word_1_695' title='bbox 1730 1729 1737 1736; x_wconf 90' lang='grc'>·</span> <span class='ocrx_word' id='word_1_696' title='bbox 1755 1733 1768 1746; x_wconf 79' lang='grc' dir='ltr'><strong><em>ι</em></strong></span> <span class='ocrx_word' id='word_1_697' title='bbox 1781 1731 1860 1750; x_wconf 80' lang='grc' dir='ltr'>τουτ-</span> 
     </span>
    </p>
   </div>
   <div class='ocr_carea' id='block_1_94' title="bbox 1061 1763 1859 1805">
    <p class='ocr_par' dir='ltr' id='par_1_94' title="bbox 1061 1763 1859 1805">
     <span class='ocr_line' id='line_1_94' title="bbox 1061 1763 1859 1805; baseline 0.001 -12"><span class='ocrx_word' id='word_1_698' title='bbox 1061 1763 1133 1793; x_wconf 78' lang='grc' dir='ltr'>έστιν</span> <span class='ocrx_word' id='word_1_699' title='bbox 1144 1786 1152 1802; x_wconf 93' lang='grc'><strong>,</strong></span> <span class='ocrx_word' id='word_1_700' title='bbox 1169 1763 1282 1805; x_wconf 77' lang='grc' dir='ltr'>ἐλαφρὸν</span> <span class='ocrx_word' id='word_1_701' title='bbox 1299 1765 1363 1803; x_wconf 78' lang='grc' dir='ltr'>ὑμῖν</span> <span class='ocrx_word' id='word_1_702' title='bbox 1382 1765 1496 1804; x_wconf 78' lang='grc' dir='ltr'>φανῆναι</span> <span class='ocrx_word' id='word_1_703' title='bbox 1510 1763 1555 1793; x_wconf 85' lang='grc' dir='ltr'><strong>τὸν</strong></span> <span class='ocrx_word' id='word_1_704' title='bbox 1579 1764 1730 1804; x_wconf 80' lang='grc' dir='ltr'>πειρασμὸν</span> <span class='ocrx_word' id='word_1_705' title='bbox 1752 1765 1801 1794; x_wconf 75' lang='grc' dir='ltr'>καὶ</span> <span class='ocrx_word' id='word_1_706' title='bbox 1816 1765 1859 1794; x_wconf 80' lang='grc' dir='ltr'><strong>ἆν-</strong></span> 
     </span>
    </p>
   </div>
   <div class='ocr_carea' id='block_1_95' title="bbox 1061 1819 1146 1839">
    <p class='ocr_par' dir='ltr' id='par_1_95' title="bbox 1061 1819 1146 1839">
     <span class='ocr_line' id='line_1_95' title="bbox 1061 1819 1146 1839; baseline 0.024 -2"><span class='ocrx_word' id='word_1_707' title='bbox 1061 1819 1146 1839; x_wconf 85' lang='grc' dir='ltr'>εκτον.</span> 
     </span>
    </p>
   </div>
   <div class='ocr_carea' id='block_1_96' title="bbox 1106 1842 1881 1895">
    <p class='ocr_par' dir='ltr' id='par_1_96' title="bbox 1106 1842 1881 1895">
     <span class='ocr_line' id='line_1_96' title="bbox 1106 1842 1881 1895; baseline 0.001 -13"><span class='ocrx_word' id='word_1_708' title='bbox 1106 1865 1120 1882; x_wconf 80' lang='grc' dir='ltr'>(ι</span> <span class='ocrx_word' id='word_1_709' title='bbox 1135 1853 1245 1892; x_wconf 89' lang='grc' dir='ltr'>Διόπερ,</span> <span class='ocrx_word' id='word_1_710' title='bbox 1264 1853 1373 1893; x_wconf 75' lang='grc' dir='ltr'>ἀδελφοί</span> <span class='ocrx_word' id='word_1_711' title='bbox 1387 1865 1437 1890; x_wconf 87' lang='grc' dir='ltr'><strong>μου</strong></span> <span class='ocrx_word' id='word_1_712' title='bbox 1448 1875 1456 1888; x_wconf 89' lang='grc'><strong>,</strong></span> <span class='ocrx_word' id='word_1_713' title='bbox 1479 1852 1594 1893; x_wconf 80' lang='grc' dir='ltr'>φεύγετε</span> <span class='ocrx_word' id='word_1_714' title='bbox 1611 1853 1664 1883; x_wconf 78' lang='grc' dir='ltr'><strong>ἀπὸ</strong></span> <span class='ocrx_word' id='word_1_715' title='bbox 1685 1855 1733 1889; x_wconf 83' lang='grc' dir='ltr'><strong>τῆς</strong></span> <span class='ocrx_word' id='word_1_716' title='bbox 1750 1855 1859 1883; x_wconf 63' lang='grc' dir='ltr'>εἰδωλος</span> 
     </span>
    </p>
   </div>
   <div class='ocr_carea' id='block_1_97' title="bbox 1060 1897 1861 1938">
    <p class='ocr_par' dir='ltr' id='par_1_97' title="bbox 1060 1897 1861 1938">
     <span class='ocr_line' id='line_1_97' title="bbox 1060 1897 1861 1938; baseline 0 -10"><span class='ocrx_word' id='word_1_717' title='bbox 1060 1897 1193 1936; x_wconf 84' lang='grc' dir='ltr'>λατρείας.</span> <span class='ocrx_word' id='word_1_718' title='bbox 1208 1908 1223 1926; x_wconf 81' lang='lat' dir='ltr'><strong>n</strong></span> <span class='ocrx_word' id='word_1_719' title='bbox 1243 1897 1356 1933; x_wconf 85' lang='grc' dir='ltr'>Ἐπειδὴ</span> <span class='ocrx_word' id='word_1_720' title='bbox 1372 1899 1470 1930; x_wconf 72' lang='grc' dir='ltr'>ἱκανῶς</span> <span class='ocrx_word' id='word_1_721' title='bbox 1491 1898 1579 1927; x_wconf 79' lang='grc' dir='ltr'>αὐτῶν</span> <span class='ocrx_word' id='word_1_722' title='bbox 1601 1897 1743 1938; x_wconf 79' lang='grc' dir='ltr'>καθήψατο</span> <span class='ocrx_word' id='word_1_723' title='bbox 1755 1921 1765 1937; x_wconf 89' lang='grc'><strong>,</strong></span> <span class='ocrx_word' id='word_1_724' title='bbox 1789 1901 1861 1937; x_wconf 76' lang='grc' dir='ltr'>θερα-</span> 
     </span>
    </p>
   </div>
   <div class='ocr_carea' id='block_1_98' title="bbox 1060 1941 1861 1983">
    <p class='ocr_par' dir='ltr' id='par_1_98' title="bbox 1060 1941 1861 1983">
     <span class='ocr_line' id='line_1_98' title="bbox 1060 1941 1861 1983; baseline 0.001 -12"><span class='ocrx_word' id='word_1_725' title='bbox 1060 1941 1136 1972; x_wconf 79' lang='grc' dir='ltr'>πεύει</span> <span class='ocrx_word' id='word_1_726' title='bbox 1167 1942 1274 1979; x_wconf 75' lang='grc' dir='ltr'>λοιπὸν,</span> <span class='ocrx_word' id='word_1_727' title='bbox 1300 1941 1428 1983; x_wconf 75' lang='grc' dir='ltr'>ἀδελφοὺς</span> <span class='ocrx_word' id='word_1_728' title='bbox 1454 1941 1547 1975; x_wconf 77' lang='grc' dir='ltr'>αὐτοὺς</span> <span class='ocrx_word' id='word_1_729' title='bbox 1571 1943 1680 1972; x_wconf 82' lang='grc' dir='ltr'>καλῶνο</span> <span class='ocrx_word' id='word_1_730' title='bbox 1705 1943 1797 1973; x_wconf 81' lang='grc' dir='ltr'>οὐκέτι</span> <span class='ocrx_word' id='word_1_731' title='bbox 1817 1943 1861 1978; x_wconf 78' lang='grc' dir='ltr'>δὲ,</span> 
     </span>
    </p>
   </div>
   <div class='ocr_carea' id='block_1_99' title="bbox 1061 1986 1862 2027">
    <p class='ocr_par' dir='ltr' id='par_1_99' title="bbox 1061 1986 1862 2027">
     <span class='ocr_line' id='line_1_99' title="bbox 1061 1986 1862 2027; baseline 0.001 -12"><span class='ocrx_word' id='word_1_732' title='bbox 1061 1986 1104 2016; x_wconf 74' lang='grc' dir='ltr'><strong>διὰ</strong></span> <span class='ocrx_word' id='word_1_733' title='bbox 1119 1987 1167 2022; x_wconf 76' lang='grc' dir='ltr'><strong>τὴν</strong></span> <span class='ocrx_word' id='word_1_734' title='bbox 1194 1989 1246 2016; x_wconf 78' lang='grc' dir='ltr'><strong>τῶν</strong></span> <span class='ocrx_word' id='word_1_735' title='bbox 1273 1987 1394 2027; x_wconf 68' lang='grc' dir='ltr'>ἀδελφῶν</span> <span class='ocrx_word' id='word_1_736' title='bbox 1419 1986 1540 2026; x_wconf 78' lang='grc' dir='ltr'>βλάϐην,</span> <span class='ocrx_word' id='word_1_737' title='bbox 1564 1987 1659 2016; x_wconf 78' lang='grc' dir='ltr'>κωλύει</span> <span class='ocrx_word' id='word_1_738' title='bbox 1690 1987 1788 2021; x_wconf 74' lang='grc' dir='ltr'>αὖτοὺς</span> <span class='ocrx_word' id='word_1_739' title='bbox 1810 1987 1862 2016; x_wconf 66' lang='grc' dir='ltr'><strong>ἐπὶ)</strong></span> 
     </span>
    </p>
   </div>
   <div class='ocr_carea' id='block_1_100' title="bbox 1060 2031 1860 2071">
    <p class='ocr_par' dir='ltr' id='par_1_100' title="bbox 1060 2031 1860 2071">
     <span class='ocr_line' id='line_1_100' title="bbox 1060 2031 1860 2071; baseline 0.003 -12"><span class='ocrx_word' id='word_1_740' title='bbox 1060 2032 1112 2060; x_wconf 74' lang='grc' dir='ltr'><strong>τῶν</strong></span> <span class='ocrx_word' id='word_1_741' title='bbox 1129 2031 1326 2068; x_wconf 81' lang='grc' dir='ltr'>εἰδωλοθύτων,</span> <span class='ocrx_word' id='word_1_742' title='bbox 1347 2032 1405 2061; x_wconf 81' lang='grc' dir='ltr'>ἀλλ’</span> <span class='ocrx_word' id='word_1_743' title='bbox 1428 2031 1493 2060; x_wconf 75' lang='grc' dir='ltr'>αὐτὸ</span> <span class='ocrx_word' id='word_1_744' title='bbox 1517 2031 1577 2060; x_wconf 85' lang='grc' dir='ltr'>καθ’</span> <span class='ocrx_word' id='word_1_745' title='bbox 1603 2032 1670 2061; x_wconf 77' lang='grc' dir='ltr'>αὑτὸ</span> <span class='ocrx_word' id='word_1_746' title='bbox 1694 2031 1726 2061; x_wconf 77' lang='grc' dir='ltr'><strong>τὸ</strong></span> <span class='ocrx_word' id='word_1_747' title='bbox 1746 2036 1860 2071; x_wconf 71' lang='grc' dir='ltr'>πρᾶγμα</span> 
     </span>
    </p>
   </div>
   <div class='ocr_carea' id='block_1_101' title="bbox 1061 2075 1860 2116">
    <p class='ocr_par' dir='ltr' id='par_1_101' title="bbox 1061 2075 1860 2116">
     <span class='ocr_line' id='line_1_101' title="bbox 1061 2075 1860 2116; baseline 0.003 -12"><span class='ocrx_word' id='word_1_748' title='bbox 1061 2075 1217 2112; x_wconf 80' lang='grc' dir='ltr'>διαϐάλλει,</span> <span class='ocrx_word' id='word_1_749' title='bbox 1242 2076 1460 2116; x_wconf 82' lang='grc' dir='ltr'>εἰδωλολατρείαν</span> <span class='ocrx_word' id='word_1_750' title='bbox 1483 2076 1640 2113; x_wconf 78' lang='grc' dir='ltr'>ὀνομάζων,</span> <span class='ocrx_word' id='word_1_751' title='bbox 1667 2076 1714 2106; x_wconf 77' lang='grc' dir='ltr'>καὶ</span> <span class='ocrx_word' id='word_1_752' title='bbox 1743 2077 1793 2113; x_wconf 74' lang='grc' dir='ltr'><strong>τὴν</strong></span> <span class='ocrx_word' id='word_1_753' title='bbox 1815 2089 1860 2106; x_wconf 46' lang='grc' dir='ltr'>τα.</span> 
     </span>
    </p>
   </div>
   <div class='ocr_carea' id='block_1_102' title="bbox 1060 2119 1854 2161">
    <p class='ocr_par' dir='ltr' id='par_1_102' title="bbox 1060 2119 1854 2161">
     <span class='ocr_line' id='line_1_102' title="bbox 1060 2119 1854 2161; baseline 0.001 -12"><span class='ocrx_word' id='word_1_754' title='bbox 1060 2122 1136 2160; x_wconf 86' lang='grc' dir='ltr'>χεῖαν</span> <span class='ocrx_word' id='word_1_755' title='bbox 1154 2119 1202 2149; x_wconf 77' lang='grc' dir='ltr'>ἀπ’</span> <span class='ocrx_word' id='word_1_756' title='bbox 1218 2121 1297 2151; x_wconf 77' lang='grc' dir='ltr'>αὐτοῦ</span> <span class='ocrx_word' id='word_1_757' title='bbox 1320 2121 1490 2161; x_wconf 82' lang='grc' dir='ltr'>ἀναχώρησιν</span> <span class='ocrx_word' id='word_1_758' title='bbox 1515 2121 1648 2152; x_wconf 81' lang='grc' dir='ltr'>ἀπαιτῶν.</span> <span class='ocrx_word' id='word_1_759' title='bbox 1669 2132 1684 2150; x_wconf 85' lang='grc' dir='ltr'>(ι</span> <span class='ocrx_word' id='word_1_760' title='bbox 1701 2122 1826 2161; x_wconf 76' lang='grc' dir='ltr'>Φεύγετε</span> <span class='ocrx_word' id='word_1_761' title='bbox 1839 2133 1854 2150; x_wconf 79' lang='lat' dir='ltr'><strong>n</strong></span> 
     </span>
    </p>
   </div>
   <div class='ocr_carea' id='block_1_103' title="bbox 1020 2165 1229 2212">
    <p class='ocr_par' dir='ltr' id='par_1_103' title="bbox 1020 2165 1229 2212">
     <span class='ocr_line' id='line_1_103' title="bbox 1020 2165 1229 2212; baseline 0 -18"><span class='ocrx_word' id='word_1_762' title='bbox 1020 2180 1046 2212; x_wconf 71' lang='grc' dir='ltr'>υ</span> <span class='ocrx_word' id='word_1_763' title='bbox 1060 2165 1125 2205; x_wconf 79' lang='grc' dir='ltr'>γὰρ,</span> <span class='ocrx_word' id='word_1_764' title='bbox 1140 2165 1229 2212; x_wconf 56' lang='grc' dir='ltr'>φησίν.</span> 
     </span>
    </p>
   </div>
   <div class='ocr_carea' id='block_1_104' title="bbox 1103 2209 1855 2251">
    <p class='ocr_par' dir='ltr' id='par_1_104' title="bbox 1103 2209 1855 2251">
     <span class='ocr_line' id='line_1_104' title="bbox 1103 2209 1855 2251; baseline 0.001 -12"><span class='ocrx_word' id='word_1_765' title='bbox 1103 2221 1119 2239; x_wconf 81' lang='grc' dir='ltr'><strong>ιι</strong></span> <span class='ocrx_word' id='word_1_766' title='bbox 1140 2209 1191 2244; x_wconf 86' lang='grc' dir='ltr'>Ὧς</span> <span class='ocrx_word' id='word_1_767' title='bbox 1215 2211 1349 2250; x_wconf 83' lang='grc' dir='ltr'>φρονίμοις</span> <span class='ocrx_word' id='word_1_768' title='bbox 1373 2210 1459 2249; x_wconf 76' lang='grc' dir='ltr'>λέγω,</span> <span class='ocrx_word' id='word_1_769' title='bbox 1483 2210 1584 2250; x_wconf 83' lang='grc' dir='ltr'>κρίνετε</span> <span class='ocrx_word' id='word_1_770' title='bbox 1606 2212 1681 2249; x_wconf 78' lang='grc' dir='ltr'>ὑμεῖς</span> <span class='ocrx_word' id='word_1_771' title='bbox 1705 2209 1817 2251; x_wconf 78' lang='grc' dir='ltr'>ὄφημι.</span> <span class='ocrx_word' id='word_1_772' title='bbox 1842 2224 1855 2236; x_wconf 79' lang='grc' dir='ltr'><strong>ι</strong></span> 
     </span>
    </p>
   </div>
   <div class='ocr_carea' id='block_1_105' title="bbox 1059 2253 1858 2295">
    <p class='ocr_par' dir='ltr' id='par_1_105' title="bbox 1059 2253 1858 2295">
     <span class='ocr_line' id='line_1_105' title="bbox 1059 2253 1858 2295; baseline 0.001 -11"><span class='ocrx_word' id='word_1_773' title='bbox 1059 2253 1171 2290; x_wconf 85' lang='grc' dir='ltr'>Ἐπειδὴ</span> <span class='ocrx_word' id='word_1_774' title='bbox 1189 2254 1260 2293; x_wconf 79' lang='grc' dir='ltr'>μέγα</span> <span class='ocrx_word' id='word_1_775' title='bbox 1288 2255 1411 2294; x_wconf 80' lang='grc' dir='ltr'>ἔγκλημα</span> <span class='ocrx_word' id='word_1_776' title='bbox 1426 2255 1515 2290; x_wconf 75' lang='grc' dir='ltr'>αὐτοῖς</span> <span class='ocrx_word' id='word_1_777' title='bbox 1535 2257 1692 2295; x_wconf 78' lang='grc' dir='ltr'>προσῆψεν,</span> <span class='ocrx_word' id='word_1_778' title='bbox 1713 2256 1858 2285; x_wconf 79' lang='grc' dir='ltr'>εἰδωλολα-</span> 
     </span>
    </p>
   </div>
   <div class='ocr_carea' id='block_1_106' title="bbox 1057 2298 1856 2341">
    <p class='ocr_par' dir='ltr' id='par_1_106' title="bbox 1057 2298 1856 2341">
     <span class='ocr_line' id='line_1_106' title="bbox 1057 2298 1856 2341; baseline 0 -13"><span class='ocrx_word' id='word_1_779' title='bbox 1057 2298 1147 2339; x_wconf 86' lang='grc' dir='ltr'>τρείαν</span> <span class='ocrx_word' id='word_1_780' title='bbox 1171 2299 1305 2338; x_wconf 71' lang='grc' dir='ltr'>ὀνομάσας</span> <span class='ocrx_word' id='word_1_781' title='bbox 1331 2299 1345 2329; x_wconf 80' lang='grc' dir='ltr'>ὃ</span> <span class='ocrx_word' id='word_1_782' title='bbox 1372 2299 1497 2336; x_wconf 77' lang='grc' dir='ltr'>ἐποίουν,</span> <span class='ocrx_word' id='word_1_783' title='bbox 1522 2299 1692 2329; x_wconf 83' lang='grc' dir='ltr'>καταλεαίνει</span> <span class='ocrx_word' id='word_1_784' title='bbox 1716 2299 1748 2330; x_wconf 73' lang='grc' dir='ltr'><strong>τὺ</strong></span> <span class='ocrx_word' id='word_1_785' title='bbox 1771 2299 1856 2341; x_wconf 71' lang='grc' dir='ltr'>τραχὺ</span> 
     </span>
    </p>
   </div>
   <div class='ocr_carea' id='block_1_107' title="bbox 1057 2342 1856 2384">
    <p class='ocr_par' dir='ltr' id='par_1_107' title="bbox 1057 2342 1856 2384">
     <span class='ocr_line' id='line_1_107' title="bbox 1057 2342 1856 2384; baseline 0 -12"><span class='ocrx_word' id='word_1_786' title='bbox 1057 2345 1104 2373; x_wconf 80' lang='grc' dir='ltr'><strong>τοῦ</strong></span> <span class='ocrx_word' id='word_1_787' title='bbox 1118 2342 1213 2382; x_wconf 84' lang='grc' dir='ltr'>λόγου,</span> <span class='ocrx_word' id='word_1_788' title='bbox 1236 2343 1282 2373; x_wconf 73' lang='grc' dir='ltr'><strong>καὶ</strong></span> <span class='ocrx_word' id='word_1_789' title='bbox 1302 2343 1396 2378; x_wconf 81' lang='grc' dir='ltr'>αὐτοὺς</span> <span class='ocrx_word' id='word_1_790' title='bbox 1417 2342 1476 2377; x_wconf 76' lang='grc' dir='ltr'>τοὺς</span> <span class='ocrx_word' id='word_1_791' title='bbox 1499 2345 1656 2378; x_wconf 77' lang='grc' dir='ltr'>ὕπευθύνους</span> <span class='ocrx_word' id='word_1_792' title='bbox 1679 2345 1774 2384; x_wconf 77' lang='grc' dir='ltr'>κριτὰς</span> <span class='ocrx_word' id='word_1_793' title='bbox 1795 2346 1856 2374; x_wconf 74' lang='grc' dir='ltr'>καθ-</span> 
     </span>
    </p>
   </div>
   <div class='ocr_carea' id='block_1_108' title="bbox 1059 2387 1854 2429">
    <p class='ocr_par' dir='ltr' id='par_1_108' title="bbox 1059 2387 1854 2429">
     <span class='ocr_line' id='line_1_108' title="bbox 1059 2387 1854 2429; baseline 0.003 -12"><span class='ocrx_word' id='word_1_794' title='bbox 1059 2387 1106 2422; x_wconf 88' lang='grc' dir='ltr'>ίζει</span> <span class='ocrx_word' id='word_1_795' title='bbox 1128 2387 1209 2428; x_wconf 75' lang='grc' dir='ltr'>(ὅπερ</span> <span class='ocrx_word' id='word_1_796' title='bbox 1234 2388 1390 2429; x_wconf 77' lang='grc' dir='ltr'>θαῤῥοῦντός</span> <span class='ocrx_word' id='word_1_797' title='bbox 1415 2389 1472 2418; x_wconf 76' lang='grc' dir='ltr'>ἐστι</span> <span class='ocrx_word' id='word_1_798' title='bbox 1496 2392 1550 2422; x_wconf 85' lang='grc' dir='ltr'>τοῖς</span> <span class='ocrx_word' id='word_1_799' title='bbox 1576 2388 1682 2422; x_wconf 78' lang='grc' dir='ltr'>οἰκείοις</span> <span class='ocrx_word' id='word_1_800' title='bbox 1703 2388 1791 2429; x_wconf 81' lang='grc' dir='ltr'>λόγοις</span> <span class='ocrx_word' id='word_1_801' title='bbox 1810 2388 1854 2423; x_wconf 78' lang='grc'><strong>³⁸,</strong></span> 
     </span>
    </p>
   </div>
   <div class='ocr_carea' id='block_1_109' title="bbox 1058 2431 1855 2474">
    <p class='ocr_par' dir='ltr' id='par_1_109' title="bbox 1058 2431 1855 2474">
     <span class='ocr_line' id='line_1_109' title="bbox 1058 2431 1855 2474; baseline 0.001 -13"><span class='ocrx_word' id='word_1_802' title='bbox 1058 2433 1093 2466; x_wconf 78' lang='grc' dir='ltr'>ὥς</span> <span class='ocrx_word' id='word_1_803' title='bbox 1114 2432 1249 2471; x_wconf 77' lang='grc' dir='ltr'>ἀληθέσι),</span> <span class='ocrx_word' id='word_1_804' title='bbox 1272 2433 1318 2462; x_wconf 85' lang='grc' dir='ltr'><strong>καί</strong></span> <span class='ocrx_word' id='word_1_805' title='bbox 1340 2444 1419 2474; x_wconf 77' lang='grc' dir='ltr'>φησιν</span> <span class='ocrx_word' id='word_1_806' title='bbox 1437 2443 1445 2450; x_wconf 90' lang='grc'><strong>·</strong></span> <span class='ocrx_word' id='word_1_807' title='bbox 1469 2433 1511 2463; x_wconf 82' lang='grc' dir='ltr'><strong>Οὔ</strong></span> <span class='ocrx_word' id='word_1_808' title='bbox 1536 2431 1633 2472; x_wconf 75' lang='grc' dir='ltr'>δέομαι</span> <span class='ocrx_word' id='word_1_809' title='bbox 1658 2433 1758 2473; x_wconf 74' lang='grc' dir='ltr'>ἑτέρων</span> <span class='ocrx_word' id='word_1_810' title='bbox 1778 2435 1855 2463; x_wconf 72' lang='grc' dir='ltr'>δικαο</span> 
     </span>
    </p>
   </div>
   <div class='ocr_carea' id='block_1_110' title="bbox 1058 2477 1552 2518">
    <p class='ocr_par' dir='ltr' id='par_1_110' title="bbox 1058 2477 1552 2518">
     <span class='ocr_line' id='line_1_110' title="bbox 1058 2477 1552 2518; baseline 0.004 -12"><span class='ocrx_word' id='word_1_811' title='bbox 1058 2479 1144 2515; x_wconf 81' lang='grc' dir='ltr'>στῶν,</span> <span class='ocrx_word' id='word_1_812' title='bbox 1159 2479 1234 2517; x_wconf 76' lang='grc' dir='ltr'>ὑμεῖς</span> <span class='ocrx_word' id='word_1_813' title='bbox 1248 2478 1284 2511; x_wconf 82' lang='grc' dir='ltr'>ὣς</span> <span class='ocrx_word' id='word_1_814' title='bbox 1300 2478 1424 2518; x_wconf 83' lang='grc' dir='ltr'>φρόνιμοι</span> <span class='ocrx_word' id='word_1_815' title='bbox 1438 2477 1552 2517; x_wconf 88' lang='grc' dir='ltr'>κρίνετε.</span> 
     </span>
    </p>
   </div>
   <div class='ocr_carea' id='block_1_111' title="bbox 1098 2521 1855 2562">
    <p class='ocr_par' dir='ltr' id='par_1_111' title="bbox 1098 2521 1855 2562">
     <span class='ocr_line' id='line_1_111' title="bbox 1098 2521 1855 2562; baseline -0.003 -10"><span class='ocrx_word' id='word_1_816' title='bbox 1098 2535 1111 2548; x_wconf 76' lang='grc' dir='ltr'><strong>α</strong></span> <span class='ocrx_word' id='word_1_817' title='bbox 1138 2522 1177 2552; x_wconf 82' lang='grc' dir='ltr'>Τὸ</span> <span class='ocrx_word' id='word_1_818' title='bbox 1191 2521 1317 2562; x_wconf 80' lang='grc' dir='ltr'>ποτήριον</span> <span class='ocrx_word' id='word_1_819' title='bbox 1331 2524 1378 2559; x_wconf 85' lang='grc' dir='ltr'><strong>τῆς</strong></span> <span class='ocrx_word' id='word_1_820' title='bbox 1401 2521 1540 2562; x_wconf 75' lang='grc' dir='ltr'>εὐλογίας,</span> <span class='ocrx_word' id='word_1_821' title='bbox 1561 2521 1576 2552; x_wconf 83' lang='grc' dir='ltr'>ὃ</span> <span class='ocrx_word' id='word_1_822' title='bbox 1596 2523 1773 2562; x_wconf 70' lang='grc' dir='ltr'>εὐλογοῦμεν,</span> <span class='ocrx_word' id='word_1_823' title='bbox 1793 2522 1855 2562; x_wconf 74' lang='grc' dir='ltr'><strong>οὐχὶ</strong></span> 
     </span>
    </p>
   </div>
   <div class='ocr_carea' id='block_1_112' title="bbox 1057 2564 1856 2606">
    <p class='ocr_par' dir='ltr' id='par_1_112' title="bbox 1057 2564 1856 2606">
     <span class='ocr_line' id='line_1_112' title="bbox 1057 2564 1856 2606; baseline 0.001 -11"><span class='ocrx_word' id='word_1_824' title='bbox 1057 2566 1179 2596; x_wconf 88' lang='grc' dir='ltr'>κοινωνία</span> <span class='ocrx_word' id='word_1_825' title='bbox 1191 2570 1237 2597; x_wconf 80' lang='grc' dir='ltr'><strong>τοῦ</strong></span> <span class='ocrx_word' id='word_1_826' title='bbox 1254 2564 1367 2605; x_wconf 79' lang='grc' dir='ltr'>αἵματος</span> <span class='ocrx_word' id='word_1_827' title='bbox 1381 2569 1427 2596; x_wconf 77' lang='grc' dir='ltr'><strong>τοῦ</strong></span> <span class='ocrx_word' id='word_1_828' title='bbox 1442 2568 1558 2606; x_wconf 79' lang='grc' dir='ltr'>Χριστοῦ</span> <span class='ocrx_word' id='word_1_829' title='bbox 1575 2568 1663 2605; x_wconf 75' lang='grc' dir='ltr'>ἐστινς</span> <span class='ocrx_word' id='word_1_830' title='bbox 1683 2580 1696 2593; x_wconf 73' lang='grc' dir='ltr'><strong><em>ι</em></strong></span> <span class='ocrx_word' id='word_1_831' title='bbox 1712 2568 1856 2605; x_wconf 64' lang='lat' dir='ltr'><strong>Tomis-:1,</strong></span> 
     </span>
    </p>
   </div>
   <div class='ocr_carea' id='block_1_113' title="bbox 1055 2611 1855 2652">
    <p class='ocr_par' dir='ltr' id='par_1_113' title="bbox 1055 2611 1855 2652">
     <span class='ocr_line' id='line_1_113' title="bbox 1055 2611 1855 2652; baseline 0.001 -10"><span class='ocrx_word' id='word_1_832' title='bbox 1055 2613 1101 2647; x_wconf 80' lang='grc' dir='ltr'><strong>τῆς</strong></span> <span class='ocrx_word' id='word_1_833' title='bbox 1129 2612 1318 2652; x_wconf 81' lang='grc' dir='ltr'>Εὖχαριστίας.</span> <span class='ocrx_word' id='word_1_834' title='bbox 1362 2611 1427 2643; x_wconf 85' lang='grc' dir='ltr'><strong>Ἐπὶ</strong></span> <span class='ocrx_word' id='word_1_835' title='bbox 1451 2612 1543 2652; x_wconf 79' lang='grc' dir='ltr'>χεῖρας</span> <span class='ocrx_word' id='word_1_836' title='bbox 1578 2611 1632 2652; x_wconf 75' lang='grc' dir='ltr'><strong>γὰρ</strong></span> <span class='ocrx_word' id='word_1_837' title='bbox 1657 2612 1722 2642; x_wconf 77' lang='grc' dir='ltr'>αὐτὸ</span> <span class='ocrx_word' id='word_1_838' title='bbox 1747 2611 1855 2652; x_wconf 68' lang='grc' dir='ltr'>ἔχοντες</span> 
     </span>
    </p>
   </div>
   <div class='ocr_carea' id='block_1_114' title="bbox 890 2715 1166 2748">
    <p class='ocr_par' dir='ltr' id='par_1_114' title="bbox 890 2715 1166 2748">
     <span class='ocr_line' id='line_1_114' title="bbox 890 2715 1166 2748; baseline 0.014 -4"><span class='ocrx_word' id='word_1_839' title='bbox 890 2715 984 2745; x_wconf 67' lang='lat' dir='ltr'><strong>Varia:</strong></span> <span class='ocrx_word' id='word_1_840' title='bbox 1006 2716 1166 2748; x_wconf 74' lang='lat' dir='ltr'><strong>lectiones.’</strong></span> 
     </span>
    </p>
   </div>
   <div class='ocr_carea' id='block_1_115' title="bbox 238 2779 1334 2819">
    <p class='ocr_par' dir='ltr' id='par_1_115' title="bbox 238 2779 1334 2819">
     <span class='ocr_line' id='line_1_115' title="bbox 238 2779 1334 2819; baseline 0.001 -10"><span class='ocrx_word' id='word_1_841' title='bbox 238 2784 259 2801; x_wconf 74' lang='lat'><strong>&quot;&#39;</strong></span> <span class='ocrx_word' id='word_1_842' title='bbox 279 2783 345 2810; x_wconf 69' lang='grc' dir='ltr'>ἀλλὰ</span> <span class='ocrx_word' id='word_1_843' title='bbox 355 2783 432 2818; x_wconf 74' lang='grc' dir='ltr'>φοϐοῦ</span> <span class='ocrx_word' id='word_1_844' title='bbox 445 2790 484 2810; x_wconf 93' lang='lat' dir='ltr'><strong>m.</strong></span> <span class='ocrx_word' id='word_1_845' title='bbox 522 2781 543 2798; x_wconf 71' lang='grc'><strong>’⁵</strong></span> <span class='ocrx_word' id='word_1_846' title='bbox 558 2779 675 2816; x_wconf 69' lang='grc' dir='ltr'>ἡμετέρας</span> <span class='ocrx_word' id='word_1_847' title='bbox 690 2788 716 2808; x_wconf 86' lang='lat'><strong>0-</strong></span> <span class='ocrx_word' id='word_1_848' title='bbox 755 2780 776 2798; x_wconf 67' lang='grc'><strong>³⁸</strong></span> <span class='ocrx_word' id='word_1_849' title='bbox 789 2780 851 2816; x_wconf 74' lang='grc' dir='ltr'>ἡμῖν</span> <span class='ocrx_word' id='word_1_850' title='bbox 866 2789 892 2810; x_wconf 93' lang='grc' dir='ltr'>ο.</span> <span class='ocrx_word' id='word_1_851' title='bbox 931 2782 952 2798; x_wconf 66' lang='grc'><strong>³⁷</strong></span> <span class='ocrx_word' id='word_1_852' title='bbox 968 2783 1032 2809; x_wconf 78' lang='grc' dir='ltr'>ὥστε</span> <span class='ocrx_word' id='word_1_853' title='bbox 1047 2791 1085 2811; x_wconf 89' lang='lat' dir='ltr'><strong>m.</strong></span> <span class='ocrx_word' id='word_1_854' title='bbox 1124 2782 1146 2800; x_wconf 68' lang='grc'>³⁸</span> <span class='ocrx_word' id='word_1_855' title='bbox 1160 2783 1294 2819; x_wconf 80' lang='grc' dir='ltr'>λογισμοῖς</span> <span class='ocrx_word' id='word_1_856' title='bbox 1309 2791 1334 2812; x_wconf 95' lang='grc' dir='ltr'>ο.</span> 
     </span>
    </p>
   </div>
  </div>
