1881 3081
14 189 37 215 ili
430 187 608 215 EXPOSITIO
628 187 659 214 IN
681 187 785 214 EPIS'I‘.
807 187 815 214 I
836 188 881 215 AD
901 187 980 216 COR.
999 201 1035 208 —
1053 187 1128 214 CAP.
1149 187 1178 214 X.

1576 190 1626 216 686

14 250 142 287 Royoﬁpev
171 247 214 278 καὶ
244 249 448 289 εὐχαριστοῦμεν
480 251 519 289 τῷ
543 249 574 279 τὸ
602 244 670 288 αἷμα
695 250 774 279 αὐτοῦ

864 249 896 278 ιᾶὶ
906 250 996 278 cimus
1008 249 1042 283 ei,
1059 252 1087 277 et
1103 249 1205 284 gratias
1218 249 1326 284 agimus
1351 248 1386 283 ei,
1407 248 1452 285 qui
1467 250 1626 286 sanguinem

14 294 54 333 πὲρ
75 295 148 332 ἡμῶν
176 293 314 334 ξκχέαντι,
339 293 385 323 καὶ
414 293 535 334 ἇῤῥήτων
566 295 671 332 ἀγαθῶν
697 294 775 328 ἀξιώ-

14 349 72 367 ιντι.
93 338 151 368 Οὗκ
165 332 222 368 εἷπε
243 337 290 374 δὲ,
307 338 416 378 Μετοχὴ
451 332 542 375 "ama,
573 353 586 365 ι
603 339 750 374 Κοινωνία,
764 354 775 364 -

14 395 32 412 vx
46 382 120 412 πλέον
134 394 160 411 τι
175 382 300 421 δηλώσῃ,
318 382 367 418 τὴν
390 384 475 422 ἄκραν
496 383 588 413 ἕνωσιν
611 383 724 420 δηλαδή.
739 383 777 413 ⁸0

14 427 95 466 ἑλίγει
107 448 116 464 ,
131 427 247 456 τοιοῦτόν
263 427 334 457 ἔστιν
345 450 353 466 ,
367 425 408 456 ὅτι
422 429 508 457 Τοῦτο
523 428 552 457 τὸ
568 429 595 457 ἐν
608 429 647 468 τῷ
659 430 777 468 ποτηρίῳ

14 484 33 508 ν,
53 471 134 501 ἐκεῖνό
159 473 215 501 ἐστι
241 470 271 500 τὸ
293 471 347 501 ἀπὸ
371 473 418 507 τῆς
444 473 557 512 πλευρᾶς
583 475 679 512 ῥεῦσαν
699 485 705 491 ·
731 472 777 502 καὶ

14 516 84 546 ιείνου
109 516 357 555 μεταλαμϐάνοντες
367 539 375 553 ,
396 517 476 557 [καὶ]
492 520 665 555 κοινωνοῦμεν
677 518 689 554 ,⁸
705 529 778 547 τουτ-

14 572 58 590 ῐτιν
69 583 76 597 ,
95 559 222 598 ἑνούμεθα
243 562 282 601 τῷ
296 562 414 601 Χριστῷ.
428 562 486 591 Οὖκ
503 561 658 602 αἰσχύνεσθε
678 559 739 600 οὖν,
756 557 778 591 ὧ

14 605 132 644 ζορίνθιοι,
155 605 200 634 ἐπὶ
223 605 253 635 τὸ
268 605 395 645 ποτήριον
413 607 465 635 τῶν
489 606 604 635 εἰδώλων
619 606 757 646 τρέχοντες
768 628 776 642 ,

14 650 41 679 πὸ
55 650 143 680 τούτου
166 651 223 690 τοῧι
233 650 361 690 ποτηρίου
385 653 431 680 τοῖ’)
460 652 511 680 τῶν
528 651 644 680 εἰδώλων
663 653 731 690 ὑμᾶς
752 651 778 670 ²⁹

14 695 200 734 παλλαξαντοςς

31 753 42 766 ι
55 739 103 770 Τὸν
118 740 197 779 ἄρτον
213 739 241 769 ὃν
261 740 379 778 κλῶμεν,
401 741 460 779 οὐχὶ
485 739 608 769 κοινωνία
621 742 668 770 τοῦ
684 740 778 779 σώμα-

14 796 32 817 κ
44 788 85 814 τοῦ
109 785 227 823 Χριστοῦ
252 786 325 822 ἐστι;
351 783 465 824 »σοπερ
485 786 529 813 ἐπὶ
551 788 596 814 τοῦ
613 788 726 824 σταυροῦ
749 786 777 815 οὐ

16 829 110 858 ἑπονθεν
126 831 140 858 6
158 829 254 868 Κύριος
271 829 386 870 (ὀστοῦν
398 829 449 869 γὰρ
465 831 545 858 αὐτοῦ
559 831 588 859 οὐ
606 829 774 870 συνετρίϐη),

14 876 62 903 {iro
75 877 116 903 νῦν
131 874 275 913 ὗπομένει,
293 873 326 903 δι’
339 876 411 913 ἡμᾶς
430 874 647 913 κατακλώμενος,
666 889 678 902 ι
694 874 746 904 ‘Ov
758 886 772 903 ι)

14 919 40 959 ἄρ
53 930 66 947 n
83 920 198 957 κλῶμεν,
222 931 235 947 ε
256 919 329 958 φησί.
351 933 362 945 ι
388 919 518 949 Κοινωνία
544 919 571 949 δὲ
593 922 637 949 τοῦ
653 919 777 957 σώματος

14 966 36 993 ὦ
51 964 161 1003 Χριστοῦ
177 965 263 1000 ἐστιν,
275 975 289 992 n
313 959 397 1000 εἶπεν,
414 965 472 994 ἀντὶ
485 967 531 994 τοῦ
543 987 552 1002 ,
571 963 682 1004 Ὥσπερ
696 965 777 994 ἐκεῖνο

14 1008 106 1046 ὸσίἱιμα
121 1008 224 1044 ἥνωται
248 1010 286 1049 τῷ
312 1009 435 1048 Χριστῷ,
462 1009 530 1038 οὕτω
549 1009 594 1038 καὶ
608 1013 686 1048 ἡμεῖς
706 1010 778 1050 αὐτῷ

14 1052 35 1080 ιὰ
48 1055 89 1082 τοῦ
103 1053 182 1093 ἄρτου
197 1052 292 1083 τούτου
308 1054 448 1091 ἑνούμεθα.

36 1096 120 1127 «Ὅτι
137 1093 172 1131 εἶς
190 1098 285 1137 ἄρτος,
305 1098 351 1127 καὶ
364 1097 392 1127 ἓν
407 1100 487 1135 σῶμα
505 1099 529 1127 οἱ
542 1098 637 1128 πολλοί
653 1099 749 1137 ἐσμεν.
766 1112 776 1124 ιι

14 1142 97 1177 Επειδὴ
112 1138 168 1171 εἶπε
180 1152 188 1159 ·
205 1156 217 1169 ιι
237 1142 365 1173 Κοινωνία
381 1145 426 1173 τοῦ
441 1142 564 1181 σώματός
580 1144 636 1172 ἐστι
649 1151 656 1160 ⁸
674 1154 688 1172 ιι
710 1143 740 1172 τὸ
751 1143 778 1172 δὲ

15 1189 122 1216 οινωνοῦν
153 1186 243 1226 ἕτερόν
276 1188 346 1217 ἐστιν
369 1187 466 1217 ἐκείνου
497 1183 525 1217 οὗ
552 1189 679 1226 κοινωνεῖι
698 1200 704 1206 ·
734 1190 777 1217 νῦν

15 1230 102 1260 είκνυσι
113 1231 141 1261 τὸ
152 1234 257 1268 μεῖζον,
281 1232 326 1261 καί
342 1244 438 1272 φησιν,
457 1231 497 1261 ὅτι
514 1232 577 1262 αὐτό
593 1233 673 1270 ἔσμεν
695 1232 779 1261 ἐκεῖνο

15 1274 116 1312 ὸσῶμα.
137 1276 172 1307 Τί
191 1277 244 1316 γάρ
259 1278 328 1306 ἐστιν
343 1279 357 1306 6
372 1277 467 1316 ἄρτος
495 1278 581 1314 Σῶμα
599 1278 727 1316 Χριστοῦ.
743 1277 780 1305 Τί

15 1319 24 1347 λ
45 1319 151 1359 γίνονται
173 1322 198 1350 οἱ
228 1321 500 1359 μεταλαμϐάνοντεςς
528 1323 614 1358 Σῶμα
640 1323 778 1360 Χριστοῦ·

14 1363 51 1403 illi
66 1365 173 1403 σώματα
186 1366 275 1395 πολλὰ
287 1387 295 1400 ,
317 1365 387 1407 aut
400 1367 479 1404 σῶμα
496 1366 535 1396 ἕν.
556 1366 684 1407 Καθάπερ
697 1365 749 1405 γὰρ
767 1367 781 1395 6

14 1408 69 1447 ἱρτος
82 1411 109 1438 ἐκ
124 1411 230 1440 πολλῶν
246 1410 349 1440 κόκκων
363 1405 398 1444 εἷς
411 1410 511 1449 γίνεται
523 1422 529 1429 ·
543 1410 612 1440 οὕτω
625 1405 675 1440 ut
694 1410 779 1449 ἡμεῖς,

14 1454 84 1483 πολλοὶ
95 1454 178 1493 ὄντες,
196 1455 227 1484 ἓν
238 1455 362 1494 γινόμεθα
379 1457 457 1493 σῶμα
474 1455 601 1495 Χριστοῦ.

43 1537 98 1578 (ιξΟἱ
112 1539 161 1580 γὰρ
174 1540 281 1573 ’πάντες
301 1541 331 1569 ἐκ
345 1542 390 1569 τοῦ
411 1540 465 1574 ἑνὸς
489 1540 568 1580 ἄρτου
592 1540 748 1581 μετέχομεν.
765 1554 780 1570 ι

15 1580 76 1612 Dor:
89 1584 132 1613 καὶ
154 1586 234 1623 σῶμα
252 1584 277 1614 ἓν
299 1585 389 1622 ἐσμεν.
417 1586 480 1618 Πῶς
504 1581 548 1614 οὖν
564 1586 593 1614 οὐ
616 1586 782 1626 φυλάττομεν

17 1627 44 1662 ἢν
65 1629 177 1667 ἀγάπην,
192 1629 241 1659 καὶ
256 1629 380 1669 γινόμεθα
403 1630 449 1659 καὶ
471 1629 541 1659 κατὰ
557 1633 633 1660 τοῦτο
649 1630 694 1666 ῖνς
721 1630 785 1660 Καί-

18 1683 74 1710 “οιγε
84 1675 97 1702 6
110 1674 191 1709 Θεὸς,
207 1673 273 1714 φησὶ
283 1698 291 1710 ,
305 1674 334 1703 τὸ
349 1676 427 1713 σῶμα
442 1675 524 1703 αὐτοῦ
546 1674 588 1704 διὰ
607 1677 686 1704 τοῦτο
702 1674 782 1704 δίδω-

19 1727 42 1744 τιν
54 1719 112 1754 ἡμῖν
121 1741 128 1755 ,
140 1717 183 1748 ἵνα
198 1717 285 1757 ἕνώσῃ
301 1721 373 1757 ἡμᾶς
383 1741 390 1755 ,
408 1718 453 1748 καὶ
469 1719 533 1758 πρὸς
546 1720 653 1757 ἑαυτὸν,
665 1719 785 1759 καὶπρὸς

19 1760 129 1795 ἶλλήλους.
143 1762 257 1798 Ἐπειδὴ
279 1762 329 1802 γὰρ
348 1765 363 1799 ἡ
387 1763 502 1803 προτέρα
524 1765 570 1799 τῆς
594 1763 691 1803 σαρκὸς
708 1763 783 1803 φύσις

21 1805 93 1844 ᾂθᾶρη
112 1806 160 1836 ὑπὸ
175 1809 224 1842 τῆς
240 1807 388 1846 ἁμαρτίας,
409 1808 454 1837 καὶ
470 1809 538 1843 ζωῆς
554 1807 656 1847 ἐγένετο
672 1807 782 1848 ἔρημος,

21 1849 90 1878 Boiam
112 1853 174 1889 ἡμῖν
194 1852 246 1887 τὴν
270 1853 364 1880 ἑαυτοῦ
388 1852 574 1892 ἀναμάρτητον
600 1852 645 1881 καὶ
664 1852 784 1891 ζωηρὰν,

22 1893 86 1930 μοίαν
99 1895 124 1924 δὲ
141 1897 204 1934 ἡμῖν
233 1895 336 1936 σάρκα,
352 1898 386 1930 ὡς
410 1896 441 1925 ἂν
462 1897 543 1932 αὐτῆς
559 1896 783 1934 μεταλαμϐάνον-

23 1947 54 1971 ις,
78 1939 137 1977 πρὸς
158 1941 241 1976 αὐτὴν
271 1942 481 1980 ἆνακραθῶμεν,
504 1941 550 1970 καὶ
575 1941 695 1979 ζήσωμεν
722 1942 784 1970 ἀνα-

25 1983 132 2021 ,αρτήτως
139 2007 148 2020 ,
163 1988 197 2019 ὼς
214 1984 312 2015 ἔνεστι.

47 2039 56 2052 ι
73 2028 182 2058 Βλέπετε
193 2030 241 2059 τὸν
259 2029 368 2069 Ἰσραὴλ
379 2028 447 2059 κατὰ
457 2029 544 2069 σάρκα
555 2042 562 2048 ·
578 2030 635 2069 οὐχὶ
651 2032 675 2060 οἱ
685 2029 782 2060 ἐσθίον-

26 2081 46 2103 ις
63 2072 103 2105 τὰς
125 2073 213 2109 θυσίας
238 2074 357 2104 κοινωνοὶ
380 2076 424 2103 τοῦ
451 2075 637 2113 θυσιαστηρίου
667 2074 746 2112 εἰσίν;
767 2086 780 2103 n

27 2116 65 2144 ιπὸ
90 2119 136 2146 τῶν
177 2119 352 2158 παχυτέρων,
391 2119 476 2159 φησὶ,
520 2118 699 2157 παιίεύθητε,
745 2119 787 2149 ὅτι

28 2161 118 2190 οινωνία
145 2163 260 2192 εἰδώλων
287 2163 343 2193 ἐστὶ
375 2164 406 2192 τὸ
447 2164 510 2204 παρ’
547 2165 620 2202 ὑμῶν
649 2163 787 2204 γενόμενον

30 2177 118 2190 ιινυυνια
145 2177 260 2192 ιιοωΛων
287 2177 343 2193 εστι
375 2177 406 2192 το
447 2177 501 2204 παρ
547 2177 620 2202 υμων
667 2177 787 2202 ενομενον

30 2203 108 2243 [σγιν.
163 2218 178 2236 ιι
195 2207 274 2237 Κατὰ
294 2208 380 2247 σάρκα
402 2208 429 2237 δὲ
453 2207 581 2248 Ἰσραὴλ,
602 2220 617 2236 ιι
635 2177 706 2238 εἶπεν
719 2231 726 2242 ,
751 2209 787 2241 ὡς

30 2248 86 2279 ὖτῶν
106 2252 171 2280 κατὰ
188 2253 300 2291 Πνεῦμα
321 2252 411 2282 ὄντων.
428 2252 529 2282 Σκόπει
545 2253 588 2288 δὲ,
606 2254 662 2286 πῶς
683 2254 724 2282 ἐπὶ
741 2252 789 2291 μὲν

31 2293 57 2321 ὗν
72 2294 196 2325 Ἰουδαίων
211 2298 261 2326 οὐκ
281 2292 353 2326 εἶπεν
367 2320 375 2335 ,
400 2296 439 2326 ὅτι
465 2300 504 2337 τῷ
524 2299 587 2337 Θεῷ
604 2300 769 2326 κοινωνοῦσιν
781 2320 789 2333 ,

32 2337 90 2377 λλᾶ,
105 2353 116 2366 ι
131 2342 257 2371 Κοινωνοὶ
269 2344 313 2371 τοῦ
327 2342 514 2382 θυσιαστηρίου
529 2342 590 2372 εἰσί.
609 2355 620 2368 ι
637 2341 692 2372 Καὶ
703 2342 753 2380 γὰρ
765 2342 790 2360 ³ο

33 2383 48 2420 ’ᾧ
61 2384 117 2424 Θεῷ
133 2387 319 2426 ἀφοριζόμενον
328 2410 337 2425 ,
354 2388 392 2426 τῷ
409 2386 587 2427 θυσιαστηρίῳ
599 2386 792 2425 ἐπιτιθέμενον,

34 2429 164 2459 ατικαίετο·
185 2433 229 2460 ἐπὶ
255 2431 282 2460 δὲ
301 2433 346 2460 τοῦ
366 2431 489 2469 σώματος
513 2435 557 2461 τοῦ
586 2433 719 2470 Χριστοῦ,
743 2432 792 2470 οὐχ

35 2469 88 2505 5m:
106 2485 113 2492 '
139 2475 204 2504 ἀλλὰ
233 2475 356 2505 κοινωνία
382 2479 427 2505 τοῦ
452 2476 574 2513 σώματος
603 2479 649 2505 τοῦ
676 2477 792 2514 Χριστοῦ

36 2525 88 2560 ἴην-
113 2520 152 2548 Οὐ
180 2519 232 2559 γὰρ
257 2523 300 2550 τοῦ
327 2521 532 2560 θυσιαστηρίου,
562 2520 620 2549 ἀλλ’
643 2522 722 2550 αὖτοῦ
749 2523 794 2549 τοῦ

37 2558 123 2598 ίριστοῦ
137 2563 158 2581 ³⁸
187 2565 306 2594 κοινωνοὶ
329 2566 465 2603 γινόμεθα.
492 2566 589 2598 Δείσας
607 2560 668 2604 οὖν,
692 2565 795 2604 μήποτε

38 2607 172 2637 πολάϐωσιν
202 2611 227 2638 οἱ
256 2610 409 2648 ἀκούοντες,
441 2609 481 2638 ὅτι
509 2610 567 2639 ἐπεὶ
589 2611 602 2638 6
628 2611 675 2646 τὴν
705 2609 795 2638 θυσίαν

39 2649 69 2694 ξεῖ
87 2653 289 2692 προσδεχόμενος
304 2654 388 2691 Θεὸς,
411 2654 526 2689 ἠδύνατο
543 2655 660 2694 βλάψαι,
684 2654 736 2692 ἄρα
750 2654 797 2683 καὶ

40 2690 106 2737 illi»:
121 2697 210 2726 θυσίαν
235 2699 345 2729 ἐνταῦθα
360 2698 533 2737 λαμϐάνοντα
555 2699 652 2729 εἴδωλα
674 2698 800 2728 δύνανται

41 2734 113 2778 λάψαι
125 2740 182 2776 τοὺς
195 2742 234 2781 μὴ
249 2743 358 2777 θύοντας
369 2765 377 2779 ι
397 2734 522 2783 ’ἐπήγαγε
533 2755 541 2762 ⁷

835 303 918 323 suum
934 302 986 331 pro
996 294 1078 322 nobis
1092 293 1199 327 effudit,
1216 293 1419 330 ineffabiliaque
1436 294 1507 322 bona
1530 295 1557 322 in
1576 304 1627 324 nos

831 339 959 367 contulit.
975 340 1036 367 Non
1051 338 1120 366 dixit
1133 341 1238 372 autem,
1248 338 1433 374 Participatio,
1444 338 1493 366 sed
1510 351 1523 363 ι
1544 339 1628 367 Com-

831 381 988 416 municatio,
1013 393 1025 405 η
1047 385 1076 409 ut
1100 380 1202 417 aliquid
1219 381 1398 409 excellentius
1417 381 1530 415 indicet,
1549 390 1626 410 sum-

832 435 906 454 mam
925 431 993 462 puta
1007 426 1148 454 unionem.
1170 425 1250 460 Quod
1263 429 1357 454 autem
1379 426 1452 459 dicit,
1473 425 1630 462 hujusmodi

831 475 896 499 est:
918 471 979 499 Hoc
999 470 1075 507 quod
1095 470 1122 498 in
1145 470 1231 498 calice
1257 475 1308 503 est,
1337 471 1401 498 illud
1429 474 1470 498 est
1495 470 1569 506 quod
1596 478 1629 499 ex

833 515 933 544 Christi
957 515 1042 543 latere
1066 514 1174 542 efﬂuxit
1198 524 1204 542 :
1220 519 1249 542 et
1262 523 1295 543 ex
1310 523 1343 543 eo
1355 514 1530 551 accipientes,
1548 522 1626 543 com-

832 561 1022 593 munit-amns,
1039 560 1091 587 hoc
1102 563 1153 592 est,
1170 560 1282 587 uuimur
1294 559 1410 588 Christo.
1427 561 1526 588 Nonne
1539 559 1629 596 itaque

832 613 881 632 vos
900 604 994 641 pudet,
1023 612 1040 632 ο
1066 604 1210 636 Corinthii,
1225 604 1260 631 ab
1285 604 1337 632 isto
1363 604 1446 632 calice
1466 604 1511 640 qui
1533 612 1581 633 vos
1594 604 1629 633 ab

832 649 912 677 idolis
925 649 1055 682 liberavit,
1072 648 1107 677 ad
1122 648 1260 677 idolorum
1276 649 1404 685 poculum
1416 651 1576 677 accurrere?

870 753 882 766 α
912 741 991 770 Panis
1010 749 1091 778 quem
1115 741 1280 777 frangimus,
1304 750 1396 770 nonne
1414 741 1630 771 communicatio

836 787 958 822 corporis
977 786 1075 814 Christi
1087 791 1128 814 est
1142 789 1168 814 Ρ·
1186 787 1266 821 Quod
1284 787 1420 814 Dominus
1435 787 1463 815 in
1483 795 1562 815 cruce
1575 796 1630 816 non

833 830 1010 867 patiebatur(
1032 839 1063 858 os
1085 831 1158 858 enim
1187 834 1246 866 ejus
1276 831 1382 858 nullum
1404 835 1445 859 est
1471 832 1631 866 contritum)

832 875 884 903 hoc
901 875 959 911 jam
983 875 1111 909 sustinet,
1135 883 1198 903 cum
1214 880 1325 911 propter
1343 884 1393 904 nos
1415 875 1560 912 frangitur.
1589 878 1632 905 ln-

832 920 891 955 quit
904 919 988 952 enim,
998 931 1010 943 κ
1024 921 1115 954 Quem
1128 919 1288 954 frangimus.
1301 930 1370 946 u—a
1383 921 1549 948 Communio
1561 932 1573 945 ι
1585 929 1632 949 au<

832 967 889 992 tem
913 975 926 987 ιι
943 965 1065 1000 corporis
1085 964 1183 993 Christi
1197 968 1248 996 est,
1265 975 1277 988 υ
1299 972 1348 1000 pro
1360 973 1393 992 eo
1409 964 1478 993 dixit
1489 963 1562 1000 quod
1580 969 1631 999 est,

832 1008 1072 1044 Quemadmodum
1083 1008 1151 1037 illud
1165 1016 1264 1045 corpus
1279 1009 1388 1037 Christo
1404 1011 1511 1038 unitum
1521 1013 1572 1043 est,
1592 1010 1632 1038 sic

833 1056 860 1080 et
872 1061 922 1080 nos
939 1053 988 1088 ipsi
1011 1061 1058 1089 per
1076 1061 1175 1089 panem
1186 1054 1260 1083 hunc
1284 1054 1407 1083 unimur.

868 1099 957 1126 Vsus.
975 1102 1017 1126 l7.
1032 1109 1045 1122 α
1061 1098 1197 1133 Quoniam
1212 1107 1284 1128 unus
1296 1100 1385 1136 panis,
1398 1103 1424 1127 et
1436 1108 1522 1128 unum
1532 1108 1632 1137 corpus

834 1142 914 1169 multi
929 1150 1035 1170 sumus.
1048 1155 1060 1167 ι
1076 1143 1143 1177 Quia
1150 1143 1266 1178 dixerat,
1284 1156 1295 1168 ιι
1313 1145 1536 1173 Communicatio
1550 1146 1629 1181 181

832 1187 954 1222 corporis
979 1191 1030 1219 est.
1056 1199 1068 1211 ι»
1093 1188 1300 1217 communicaris
1322 1193 1414 1216 autem
1437 1189 1510 1218 aliud
1543 1194 1582 1218 est
1599 1190 1633 1217 ab

834 1238 866 1258 eo
882 1230 960 1265 cujus
993 1231 1130 1267 particeps
1152 1237 1193 1260 est
1209 1241 1216 1260 :
1233 1232 1288 1268 iam
1311 1233 1403 1268 majus
1430 1233 1561 1268 quiddam
1583 1233 1631 1262 de-

835 1279 982 1309 monstrat,
993 1276 1131 1312 inquiens,
1141 1276 1221 1311 Quod
1234 1276 1301 1304 illud
1311 1277 1401 1313 ipsum
1410 1285 1508 1313 corpus
1526 1286 1631 1306 sumus.

834 1319 905 1354 Quid
924 1320 999 1348 enim
1034 1325 1075 1348 est
1095 1322 1195 1356 panis?
1217 1329 1318 1357 corpus
1332 1321 1443 1350 Christi.
1460 1322 1532 1357 Quid
1544 1328 1636 1351 autem

835 1363 905 1390 ﬁunt
920 1363 958 1390 illi
978 1364 1024 1400 qui
1046 1365 1226 1401 participem?
1251 1374 1352 1402 corpus
1365 1366 1463 1394 Christi
1478 1377 1484 1394 :
1502 1375 1558 1395 non
1575 1375 1634 1396 cor-

836 1415 902 1444 pora
913 1408 1011 1442 multa,
1025 1409 1071 1437 sed
1085 1417 1170 1437 unum
1183 1417 1295 1446 corpus.
1307 1411 1548 1445 Quemadmodum
1559 1413 1634 1440 enim

836 1452 913 1488 panis
932 1461 964 1480 ex
980 1454 1074 1481 multis
1095 1455 1184 1489 granis
1205 1463 1276 1482 unus
1298 1454 1433 1488 efﬁcitur,
1464 1456 1504 1483 sic
1522 1460 1550 1484 et
1573 1465 1634 1491 nos,

838 1497 918 1524 multi
935 1505 998 1525 cum
1025 1498 1119 1533 simus,
1137 1507 1223 1526 unum
1247 1499 1386 1527 efﬁcimur
1407 1508 1506 1536 corpus
1522 1500 1635 1529 Christi.

875 1553 889 1566 ι
900 1542 1004 1570 Omnes
1021 1543 1093 1570 enim
1105 1551 1139 1570 ex
1160 1551 1213 1571 uno
1229 1551 1298 1578 pane
1320 1543 1525 1580 participamus.
1543 1554 1557 1570 »
1584 1546 1637 1572 Ita-

838 1594 891 1622 que
905 1591 932 1614 et
949 1595 1036 1615 unum
1053 1595 1158 1615 sumus.
1182 1588 1273 1622 Quare
1291 1588 1374 1624 igitur
1398 1588 1563 1616 charitatem
1578 1597 1636 1617 non

838 1631 1025 1665 observamus,
1044 1636 1072 1659 et
1089 1639 1175 1659 unum
1192 1631 1344 1660 secundum
1369 1632 1422 1660 hoc
1444 1640 1553 1668 quoque
1576 1632 1635 1660 efﬁ-

837 1675 944 1703 cimur?
955 1676 1039 1712 Atqui
1055 1677 1140 1710 Deus,
1155 1676 1254 1712 inquit,
1275 1681 1419 1713 propterea
1430 1685 1531 1713 corpus
1554 1686 1635 1706 suum

839 1720 918 1748 nobis
934 1720 1028 1754 tradit,
1049 1724 1082 1748 ut
1090 1721 1167 1748 uniat
1185 1729 1246 1755 nos,
1259 1729 1325 1749 cum
1346 1730 1409 1757 erga
1424 1722 1556 1757 seipsum,
1573 1726 1636 1750 tum

838 1771 890 1791 nos
899 1764 969 1792 inter
980 1772 1030 1793 nos
1045 1769 1151 1793 mutuo.
1172 1765 1240 1800 Quia
1250 1766 1323 1793 enim
1335 1766 1410 1801 prior
1429 1766 1520 1794 carnis
1534 1771 1637 1795 nostra)

836 1812 934 1836 natura
960 1813 1087 1844 corrupta
1105 1813 1163 1837 erat
1187 1817 1201 1836 a
1226 1813 1348 1845 peccato,
1368 1810 1474 1845 vitaque
1493 1809 1636 1845 destituta,

838 1852 915 1881 dedit
939 1853 1018 1880 nobis
1031 1861 1109 1880 suam
1134 1853 1191 1888 ipse
1205 1853 1295 1881 omnis
1310 1854 1412 1889 peccati
1437 1857 1589 1888 expertem,
1606 1859 1634 1882 et

840 1897 941 1931 vivam,
954 1897 1074 1925 similem
1097 1901 1191 1925 tamen
1209 1897 1289 1925 nobis
1303 1905 1424 1931 carnem,
1442 1902 1473 1925 ut
1486 1897 1547 1925 eain
1559 1905 1635 1926 assu-

839 1946 962 1975 mentes,
989 1941 1017 1969 in
1042 1941 1130 1977 ipsam
1152 1941 1377 1977 permisceamur,
1397 1946 1425 1969 et
1445 1941 1503 1970 sine
1523 1947 1636 1977 peccato

842 1986 965 2014 vivamus
976 1990 1109 2022 quatenus
1123 1986 1195 2014 licet.

875 2031 965 2059 Vsns.
990 2033 1032 2058 18.
1057 2042 1070 2055 ι
1102 2030 1200 2058 Videte
1221 2029 1306 2059 Israél
1327 2031 1481 2061 secundum
1514 2041 1637 2063 carnem.

841 2076 938 2103 Nonne
951 2076 996 2110 qui
1015 2075 1102 2103 edunt
1121 2075 1234 2108 hostias,
1245 2076 1337 2103 altaris
1356 2081 1421 2104 sunt
1436 2078 1602 2114 participes?
1621 2091 1633 2103 υ

845 2121 868 2147 Δ
881 2120 1058 2148 crassioribus
1069 2120 1215 2156 exemplis,
1238 2121 1334 2157 inquit,
1345 2120 1442 2149 discite
1456 2122 1532 2157 quod
1554 2123 1636 2151 idolo-

843 2172 907 2192 rum
921 2164 1081 2193 communio
1094 2165 1131 2192 sit
1155 2165 1182 2193 id
1196 2165 1272 2201 quod
1296 2173 1312 2193 a
1336 2166 1413 2194 vobis
1433 2167 1546 2202 geritur.
1561 2168 1638 2196 Dixit

803 2202 827 2234 D
845 2213 948 2243 autem,
964 2220 976 2233 α
995 2209 1077 2237 Israel
1086 2209 1239 2238 secundum
1254 2217 1374 2244 carnem,
1393 2222 1405 2234 η
1419 2211 1498 2247 quasi
1521 2211 1574 2247 ipsi
1583 2212 1638 2240 sint

844 2254 995 2281 secundum
1017 2254 1159 2289 Spiritum.
1182 2255 1288 2289 Reputa
1313 2262 1376 2282 vero
1395 2259 1487 2283 tecum
1498 2256 1571 2291 quod
1583 2264 1640 2284 non

845 2297 941 2326 dixerit
951 2298 984 2326 de
997 2298 1110 2331 Judaais,
1119 2297 1195 2334 quod
1211 2306 1274 2326 cum
1285 2300 1343 2326 Deo
1354 2300 1570 2334 communicent,
1591 2301 1641 2329 sed

845 2353 858 2366 α
877 2342 1026 2378 Participcs
1037 2342 1129 2370 altaris
1139 2347 1213 2370 sunt.
1229 2352 1243 2368 »
1258 2344 1328 2370 Nam
1340 2344 1378 2377 id,
1392 2344 1465 2380 quod
1479 2346 1539 2372 Deo
1551 2353 1644 2381 segre-

847 2391 941 2423 gatum
954 2391 1023 2421 erat,
1046 2394 1101 2414 ara:
1116 2387 1274 2423 impositum
1289 2388 1510 2417 comburebatur.
1530 2390 1560 2417 ln
1582 2398 1642 2418 cor-

848 2439 914 2466 pore
929 2435 1021 2458 antem
1036 2431 1133 2458 Christi
1161 2439 1215 2458 non
1233 2432 1273 2459 sic
1289 2439 1318 2459 se
1345 2440 1388 2460 res
1403 2432 1485 2460 habet
1501 2441 1508 2460 :
1540 2433 1588 2462 sed
1602 2438 1644 2462 est

849 2475 1064 2503 communicatio
1081 2476 1206 2511 corporis
1221 2476 1334 2504 Christi.
1353 2478 1413 2504 Non
1425 2477 1498 2505 enim
1513 2486 1578 2508 arae.
1595 2479 1643 2507 sed

850 2520 936 2555 ipsius
949 2520 1051 2548 Christi
1071 2520 1214 2556 participes
1228 2520 1374 2548 eflicimiir.
1410 2523 1534 2549 Metuens
1551 2522 1646 2558 igitur,

851 2573 885 2592 ne
907 2565 943 2592 illi
959 2565 1103 2592 audientes
1129 2566 1203 2601 quod
1221 2567 1295 2593 Deus
1314 2567 1479 2594 sacrificium
1503 2566 1558 2594 illic
1571 2567 1643 2594 acci-

852 2610 938 2645 piens,
960 2610 1073 2638 nocendi
1094 2614 1256 2645 potestatem
1273 2611 1363 2643 habet,
1384 2612 1556 2646 suspicentur
1574 2611 1646 2639 idola

858 2654 943 2681 etiam
963 2654 1022 2682 istic
1046 2654 1212 2682 sacriﬁcium
1227 2655 1386 2690 accipientia
1396 2676 1404 2690 ,
1418 2656 1460 2690 iis,
1475 2655 1521 2691 qui
1532 2663 1588 2683 non
1600 2663 1643 2683 sa-

854 2698 988 2732 criﬁcant,
1003 2706 1103 2727 nocere
1117 2707 1206 2735 posse,
1222 2699 1330 2728 intulit:

700 2781 793 2813 Varia:
813 2782 964 2814 lectiones.

55 2815 73 2832 ¹⁹
85 2817 142 2851 imi;
155 2829 180 2849 ο.

218 2822 240 2838 ⁵⁸
252 2823 291 2850 καὶ
304 2823 353 2859 γὰρ
365 2823 507 2850 κατεκαίετο
517 2823 546 2850 r6
558 2823 724 2859 ἐπιτιθέμενον
737 2831 764 2851 ο.
802 2823 822 2840 ³¹
838 2823 930 2858 Κυρίου
944 2831 972 2851 0.
