1881 3081
248 149 299 175 687

250 253 354 290 aliquid
365 253 411 286 sit,
420 257 468 281 aut
483 253 556 289 quod
570 252 649 281 idolis
664 252 838 280 immolatum
848 253 885 280 sit
895 252 997 288 aliquid
1008 255 1019 280 Ρ
1029 265 1041 277 ιι

251 299 313 326 Non
335 298 413 334 quasi
441 297 521 326 idolis
539 297 577 325 vis
591 297 679 332 aliqua
701 297 811 330 inesset,
833 302 861 325 et
883 298 925 325 vel
944 305 1043 325 nocere

250 343 293 371 vel
308 342 438 379 prodesse
461 342 630 378 potuissent,
650 341 751 370 idcirco
772 342 807 369 ab
821 342 852 370 iis
868 350 916 370 vos
937 342 1043 370 abduco

250 389 361 423 (neque
376 388 448 415 enim
466 387 615 423 quidquam
632 391 696 414 sunt
716 387 945 422 omnino)verum
970 385 1043 422 quod

249 440 306 460 non
322 431 456 460 offeratur
480 432 590 459 victima
610 432 731 460 Domino
756 436 816 459 tuo.
838 431 922 459 Infert
935 431 1040 467 igitur:

285 477 375 505 Vens.
392 479 437 504 20.
451 488 463 500 α
476 476 527 504 Sed
543 476 617 512 quod
627 484 688 512 qua:
702 480 796 512 gentes
812 476 971 509 immolant,
985 475 1041 503 da:-

249 521 352 549 moniis
363 521 526 554 immolent,
542 525 570 548 et
579 528 636 548 non
652 523 721 549 Deo.
738 533 750 545 ιι
765 522 805 548 Ne
820 521 901 556 igitur
909 520 1044 548 accurrite

248 565 284 594 ad
299 565 392 594 hostes
414 565 526 593 Domini
542 566 635 593 vestri.
651 566 723 593 Nam
744 565 777 600 si,
802 573 896 593 mensa
919 565 995 600 regia
1007 564 1045 592 di-

248 610 344 645 missa,
365 610 401 638 ad
424 610 673 638 oondemnatorum
713 617 839 638 mensam
876 617 1043 643 occurreres,

249 655 365 683 omnino
382 662 519 691 peccares;
542 663 597 682 non
610 654 684 690 quod
702 659 812 682 noceret
830 654 874 682 illa
896 654 1044 690 quidquam

250 704 297 728 aut
307 699 426 736 juvaret,
441 704 572 728 caeterum
596 699 671 735 quod
685 699 782 735 injuria
810 698 884 727 istud
906 698 1046 726 videretur

251 752 354 772 mensa
366 744 456 781 regiae.

290 801 301 814 ι
323 789 394 817 Nolo
407 793 500 817 autem
512 796 559 817 vos
576 789 721 825 participes
733 788 937 817 daemoniorum
951 787 1021 818 ﬁeri,
1032 799 1045 811 ν

358 173 360 176 .
753 145 1011 174 THEOPHYLACTI
1031 145 1209 172 BULGARUE
1228 145 1382 172 ARCHIEP.

285 210 375 237 Vxns.
393 211 437 236 19.
453 220 466 233 ιι
488 208 561 243 Quid
582 208 666 244 igitur
676 207 758 236 dico?
772 209 834 236 Non
850 208 923 244 quod
937 207 1042 236 idolum
1057 209 1086 240 Α

1838 143 1871 170 ιιι

1146 218 1160 236 (ι
1174 206 1209 237 Τί
1222 202 1266 236 οὖν
1281 218 1366 247 φημι;
1391 206 1431 235 ὅτι
1447 205 1553 235 εἴδωλόν
1573 204 1600 234 τί
1615 205 1686 234 ἐστιν
1699 214 1708 241 ;
1730 203 1750 239 ἢ
1765 204 1806 232 ὃτι
1819 205 1870 234 εἰδω·

1099 251 1205 281 λόθυτόν
1220 251 1246 280 τί
1262 252 1332 280 ἐστιν
1347 250 1391 287 ³²ς
1414 261 1429 279 ιι
1445 250 1508 289 Οὐχ
1532 250 1569 283 ὥς
1592 249 1668 288 ἰσχύν
1695 261 1758 278 τινα
1784 248 1871 288 ἐχόντων

1099 299 1150 326 τῶν
1177 297 1306 332 εἰδώλων,
1327 294 1372 324 καὶ
1395 294 1549 334 δυναμένων
1576 295 1678 334 βλάψαι
1698 293 1716 329 ἢ
1742 293 1872 333 ὠφελῆσαι,

1099 342 1195 380 ἀπάγω
1222 341 1319 370 τούτων
1345 341 1436 379 ὑμᾶς·
1466 340 1525 369 οὐδὲ
1553 339 1604 379 γὰρ
1630 339 1697 367 είσὶν
1726 338 1815 372 ὅλως·
1835 340 1874 368 ἀὶΧ

1099 385 1138 415 ὅτι
1164 387 1192 415 οὐ
1209 385 1372 425 προσάγεται
1388 384 1417 413 τὸ
1431 385 1555 424 θυόμενον
1581 385 1618 424 τῷ
1638 383 1767 423 Δεσπότῃ
1785 385 1822 423 τῷ

1099 431 1235 470 Ἐπιφὲρει
1250 426 1294 459 οὖν
1310 442 1316 448 ·

1143 486 1157 504 (ι
1172 475 1242 505 Ἀλλ’
1256 474 1295 504 ὅτι
1310 474 1326 503 ἃ
1337 473 1391 503 θύει
1403 474 1436 503 τὰ
1452 474 1512 509 ἔθνη
1524 497 1531 509 ,
1547 473 1693 511 δαιμονίοις
1714 472 1773 502 θύει
1784 497 1793 511 ,
1806 473 1847 502 καὶ
1857 474 1874 502 οὗ

1099 521 1170 560 Θεῷ.
1190 531 1204 548 ιι
1218 519 1267 554 Μὴ
1279 521 1365 548 τοίνυν
1384 519 1493 559 τρέχετε
1513 518 1557 547 ἐπὶ
1575 517 1635 551 τοὺς
1651 517 1763 557 ἐιθροὺς
1787 520 1831 546 τοῦ
1843 521 1875 547 εδι-

1099 564 1196 594 σπότου
1212 565 1286 602 ὑμῶν
1302 575 1308 582 '
1322 564 1367 594 καὶ
1382 564 1433 603 γὰρ
1447 566 1470 593 εἶ
1484 563 1626 603 βασιλικὴν
1642 562 1718 602 ἀφεὶς
1741 562 1873 601 τράπεζαν,

1100 609 1204 649 ἔτρεχες
1226 609 1270 638 ἐπὶ
1283 608 1329 644 τὴν
1343 611 1395 638 τῶν
1417 608 1568 638 καταδίκων
1581 630 1590 644 ,
1611 607 1718 640 πάντως
1736 608 1875 647 ἡμάρτανε(

1099 656 1148 694 οὐχ
1163 654 1203 683 ὅτι
1216 653 1347 683 ἔϐλαπτεν
1364 652 1450 689 ἐκείνη
1461 676 1468 689 ,
1483 652 1500 689 ἢ
1515 652 1612 692 ὠφέλει
1625 652 1664 690 ³³,
1681 652 1744 682 ἀλλ’
1766 651 1806 681 ὅτι
1824 652 1875 691 ὕϐρις

1102 698 1186 728 ἐδόκει
1200 701 1277 728 τοῦτο
1292 700 1338 734 τῆς
1355 699 1494 737 βασιλικῆς
1507 697 1640 738 τραπέζης
1655 697 1682 716 ³³
1694 698 1721 726 ’⁵.

1142 800 1154 812 «ι
1176 786 1217 816 Οὖ
1237 785 1305 815 θέλω
1321 785 1348 814 δὲ
1365 787 1433 823 ὑμᾶς
1447 783 1588 818 κοινωνοὺς
1612 785 1663 813 τῶν
1691 783 1834 823 δαιμονίων
1850 784 1876 822 γί-

252 835 280 863 Si
301 834 375 862 enim
393 833 540 869 mysticam
555 841 681 861 mensam
706 833 912 870 participantes,
938 832 1043 861 Christo

1119 834 1203 860 εσθαι.
1222 844 1234 856 »
1250 831 1285 860 Εἰ
1308 830 1359 869 γὰρ
1375 831 1421 865 τῆς
1444 831 1573 868 μυστικῆς
1606 829 1745 868 τραπέζης
1770 829 1876 868 μετέχον-

252 879 482 907 communicant:
508 878 667 906 daemonum
695 886 820 906 mensam
845 877 1045 913 participantes,

253 923 429 952 daemonibus
442 922 515 950 haud
536 923 617 951 dubio
633 923 849 951 communicant.

289 968 380 996 Vens.
402 971 447 996 2|.
470 979 484 992 ι
502 968 583 1003 182
600 969 661 996 Non
676 968 789 1003 potestis
806 968 918 995 calicem
934 966 1046 995 Domini

254 1012 362 1046 bibere,
372 1017 400 1040 et
413 1012 524 1040 calicem
533 1012 743 1041 daemoniorum.
758 1024 770 1037 ν
786 1013 855 1040 Cum
871 1020 919 1048 per
931 1012 1045 1040 modum

255 1056 460 1085 adhortationis
481 1056 679 1091 dixerat,Nolo
698 1065 745 1085 vos
761 1057 904 1093 participes
918 1065 977 1085 esse
991 1056 1046 1085 dae-

255 1101 426 1135 moniorum,
464 1109 500 1129 ne
526 1101 677 1129 admonitio
709 1102 758 1129 ista
797 1101 874 1129 ﬂocci
900 1101 1045 1137 pendatur,

254 1153 304 1182 per
328 1146 440 1174 modum
460 1146 603 1174 sententiae
627 1146 760 1182 negativae
779 1154 851 1174 nunc
875 1145 941 1174 illud
955 1146 1045 1181 ipsum

253 1190 354 1226 posuit,
373 1201 386 1215 ‹‹
412 1192 476 1219 Non
500 1191 624 1226 potestis,
648 1202 660 1214 ιι
677 1190 813 1226 inquiens,
828 1201 841 1214 α
856 1190 969 1218 calicem
985 1192 1043 1218 Do-

254 1235 322 1263 mini
337 1235 441 1270 bibere,
456 1239 484 1263 et
494 1235 607 1264 calicem
619 1235 834 1263 damoniorum.
853 1246 866 1260 ιι

289 1291 302 1304 «ι
317 1281 380 1308 Νοι]
393 1280 509 1316 potestis
521 1287 627 1308 mensae
641 1281 758 1308 Domini
781 1280 928 1316 participes
941 1287 1012 1315 esse,
1020 1284 1048 1308 et

252 1332 358 1353 mensm
377 1324 590 1353 daemoniorum.
601 1336 613 1349 ιι
629 1326 668 1352 Ex
677 1325 744 1353 solis
755 1325 917 1353 nominibus
936 1324 1045 1361 probat,

251 1369 328 1405 quod
342 1369 377 1397 ab
391 1369 552 1405 idolothytis
565 1369 701 1397 abstinere
716 1374 849 1405 oporteat.

287 1415 376 1442 Vens.
390 1416 434 1441 22.
447 1424 461 1440 (ι
476 1416 521 1441 An
530 1422 709 1450 provocamus
724 1415 891 1442 Dominum?
905 1414 1046 1451 Numquid

250 1458 381 1486 fortiores
403 1466 436 1486 eo
450 1460 571 1486 sumus?
587 1470 600 1483 ι
629 1458 690 1492 Quo
715 1458 869 1493 pudefaciat
883 1459 966 1494 ipsos,
993 1458 1046 1488 hoc

251 1503 361 1538 posuit:
374 1503 448 1530 Num
458 1506 609 1537 tentamus,
619 1502 718 1538 inquit,
733 1507 761 1530 et
773 1503 932 1531 lacessimus
945 1504 1044 1540 Deum,

251 1551 346 1575 utrum
361 1546 459 1582 punire
474 1555 526 1574 nos
542 1547 638 1582 possit,
649 1546 685 1574 ad
693 1547 785 1575 hostes
799 1547 858 1582 ejus
866 1548 1024 1577 secedentes
1032 1550 1046 1577 ?

250 1591 357 1619 Deinde
371 1591 406 1618 ad
420 1591 571 1619 absurdum
584 1590 735 1627 perducens
750 1592 915 1628 orationem,
933 1605 944 1617 -
958 1595 1047 1622 Num-

251 1634 319 1671 quid
334 1635 473 1670 fortiores,
492 1647 505 1660 »
522 1635 621 1672 inquit,
634 1647 646 1660 «ι
674 1636 733 1671 ipso
754 1639 871 1665 sumus?
899 1648 912 1661 ιι
937 1637 1044 1666 dictum

250 1678 317 1708 illud
335 1679 489 1708 Mosaicum
505 1680 582 1708 valde
598 1682 696 1709 acriter
707 1681 743 1709 iis
767 1681 795 1709 in
818 1682 981 1710 memoriam
997 1691 1045 1711 re-

251 1731 351 1752 vocans
368 1733 374 1752 :
401 1736 414 1748 ει
437 1725 630 1753 Provocarunt
643 1733 688 1753 me
703 1725 733 1753 in
753 1733 810 1754 non
828 1727 888 1754 Deo
917 1737 923 1754 :
939 1726 975 1754 ad
988 1727 1043 1755 ira-

250 1768 380 1797 cundiam
403 1777 449 1797 me
468 1770 679 1798 concitaverunt
693 1769 721 1798 in
739 1770 820 1799 idolis
831 1768 923 1800 suis“.
940 1782 954 1796 ››

285 1815 373 1842 Vzns.
396 1816 440 1842 23.
458 1825 470 1839 κ
498 1815 599 1843 Omnia
614 1815 683 1842 mihi
709 1815 800 1850 licent,
818 1815 865 1843 sed
880 1823 936 1844 non
950 1817 1043 1844 omnia

208 1884 211 1887 λ
247 1858 405 1893 expediunt.
431 1870 444 1883 ι»
468 1860 509 1887 Ne
522 1860 584 1895 quis
609 1859 644 1887 illi
657 1859 789 1896 objiciat:
815 1860 961 1896 Tantisper
975 1861 1043 1889 dum

249 1910 317 1937 pura
332 1911 396 1931 cum
418 1904 589 1932 conscientia
604 1904 820 1938 manducavero,
837 1905 911 1933 istud
927 1904 1042 1934 faciendi

247 1951 414 1982 potestatem
429 1947 516 1976 habeo
532 1949 646 1982 :Certe,
662 1949 761 1984 inquit,
778 1949 868 1977 omnia
886 1949 937 1977 tibi
950 1950 1041 1985 licent,

248 1991 473 2028 quandoquidem
489 1992 591 2028 proprii
605 1993 711 2020 arbitrii
730 1993 862 2021 dominus
875 2001 891 2021 a
904 1996 962 2023 Deo
976 2003 1042 2023 con-

247 2034 322 2063 ditus
345 2043 375 2063 es
390 2044 504 2064 :verum
530 2036 582 2064 hoc
597 2037 686 2072 ipsum
701 2041 733 2064 ut
756 2036 833 2071 edas,
848 2046 906 2066 non
929 2040 1042 2068 omnino

247 2078 298 2106 tibi
309 2079 427 2115 expedit.
455 2080 545 2108 Isthac
558 2080 631 2108 enim
643 2081 833 2117 progrediens,
852 2082 881 2109 in
895 2082 964 2111 idola
981 2092 1041 2119 pro-

248 2122 391 2158 pendebis,
408 2124 532 2160 ipsorum
548 2132 657 2153 mensas
669 2125 829 2161 frequenter
843 2127 1039 2164 participando.

290 2179 303 2193 α
319 2168 420 2197 Omnia
433 2169 501 2196 mihi
517 2169 608 2203 licent,
630 2173 658 2197 at
681 2177 737 2198 non
754 2171 846 2198 omnia
863 2171 1010 2201 aediﬁcant.
1025 2184 1038 2198 ι
1056 2178 1081 2209 D

245 2218 339 2252 Neque
362 2215 412 2243 tibi
431 2214 551 2250 prodest,
578 2214 676 2250 inquit,
691 2214 760 2243 sicut
776 2220 804 2243 et
821 2220 901 2244 antea
912 2217 978 2251 dixi,
998 2226 1043 2246 ne-

246 2269 298 2297 que
314 2259 392 2288 fratri
411 2263 459 2287 tuo
475 2270 481 2287 :
496 2259 590 2295 ipsum
602 2259 677 2287 enim
699 2268 755 2288 non
774 2260 902 2296 aediﬁcat,
918 2263 984 2298 quin
996 2271 1043 2299 po-

246 2305 302 2333 tius
326 2304 443 2332 destruit
466 2311 498 2332 ac
521 2304 618 2332 evertit
629 2304 715 2340 ipsius
737 2305 831 2333 ﬁdem.
859 2306 928 2334 Cum
953 2307 1043 2344 itaque

247 2356 335 2384 neque
346 2352 383 2384 te,
400 2356 489 2385 neque
503 2348 618 2377 fratrem
644 2349 765 2385 adjuvet,
792 2349 858 2386 quid
883 2351 935 2379 hoc
954 2351 1042 2380 facis?

280 2441 368 2467 Vnns.
393 2442 437 2467 2-1.
460 2451 473 2464 ιι
496 2441 586 2467 Nemo
606 2439 680 2476 quod
696 2448 777 2468 suum
791 2444 833 2468 est
859 2445 975 2476 quaerat,
992 2440 1041 2469 sed

245 2484 362 2521 quisque
389 2484 464 2520 quod
480 2484 600 2520 proximi
616 2489 667 2513 est.
693 2496 706 2509 η
726 2485 766 2513 Ne
786 2492 894 2520 quaeras
915 2493 985 2514 num
1009 2490 1039 2514 tu

280 2530 293 2549 κ
320 2534 404 2562 Deut.
421 2541 524 2568 xxxn,
539 2535 586 2562 21.

947 2571 1040 2600 Variae

277 2629 299 2645 ³³
327 2627 435 2664 ἐφοϐήθη
465 2628 552 2664 μήπως
582 2627 671 2658 δόξωσι
695 2629 771 2655 ταῦτα
797 2628 880 2664 λέγειν
903 2628 976 2656 αὐτὴν
1005 2629 1038 2660 ὡς

1099 888 1140 909 τες
1150 899 1158 912 ,
1176 877 1328 904 κοινωνοῦσι
1346 875 1455 914 Χριστῷ
1468 886 1474 892 ·
1491 875 1515 903 οἱ
1526 873 1659 912 δαιμόνων
1678 874 1813 914 τραπέζης
1828 885 1875 911 μετ-

1101 921 1219 960 ἔχοντεςἸ
1240 921 1317 955 δῆλον
1333 918 1374 948 ὅτι
1387 919 1495 958 δαίμοσι
1509 921 1692 948 κοινωνοῦσιν.

1141 979 1152 992 ι
1168 966 1209 995 Οὖ
1225 963 1337 993 δύνασθε
1352 963 1478 1003 ποτήριον
1498 962 1597 1003 Κυρίου
1622 962 1727 1004 πίνειν,
1752 963 1799 992 καὶ
1814 963 1877 998 ποτή-

1102 1022 1154 1050 ριον
1191 1009 1342 1047 δαιμονίων.
1375 1022 1388 1034 ι
1418 1007 1531 1044 Ἐπειδὴ
1563 1009 1589 1037 ἐν
1614 1007 1688 1042 τάξει
1717 1008 1878 1048 παραινέσεως

1100 1049 1173 1084 εἶπεν
1189 1066 1196 1073 ·
1209 1068 1221 1080 τι
1235 1054 1275 1083 Οὐ
1289 1053 1357 1082 Θέλω
1369 1055 1437 1092 ὑμᾶς
1451 1052 1590 1086 κοινωνοὺς
1603 1055 1656 1082 τῶν
1673 1053 1820 1091 δαιμονίων
1830 1052 1879 1092 γίνιη

1101 1102 1179 1129 σθαι·
1210 1111 1220 1125 ι
1243 1096 1286 1126 ἵνα
1311 1097 1349 1136 μὴ
1374 1097 1529 1138 παραίνεσις
1554 1099 1760 1138 καταφρονηθῇ,
1778 1099 1805 1127 ἓν
1827 1097 1879 1130 τάξει

1101 1143 1257 1183 ἀποφάσεως
1272 1144 1316 1171 νῦν
1333 1143 1397 1172 αὖτὸ
1419 1142 1548 1179 τέθεικεν,
1568 1141 1649 1172 εἰπών
1664 1154 1671 1161 '
1691 1156 1705 1168 ι
1724 1143 1767 1173 Οὖ
1790 1142 1878 1172 δύνασθε

1100 1188 1224 1227 ποτήριον
1238 1187 1339 1227 Κυρίου
1356 1187 1454 1223 πίνειν,
1469 1187 1514 1216 καὶ
1528 1187 1655 1226 ποτήριον
1668 1186 1824 1226 δαιμονίων.
1841 1201 1850 1212 ι

1143 1288 1158 1304 (ι
1173 1278 1215 1306 Οὐ
1227 1276 1335 1306 δύνασθε
1347 1275 1479 1316 τραπέζης
1492 1276 1592 1316 Κυρίου
1611 1276 1736 1316 μετέχειν
1746 1298 1755 1312 ,
1768 1276 1816 1305 καὶ
1828 1287 1878 1316 τρι-

1099 1321 1180 1356 πέζης
1196 1321 1348 1359 δαιμονίων.
1371 1331 1385 1348 ι)
1402 1320 1454 1350 Ἐκ
1476 1320 1562 1358 μόνων
1577 1321 1629 1350 τῶν
1650 1321 1791 1358 ὀνομάτων
1816 1332 1879 1349 κατι·

1101 1366 1223 1399 σκευάζει
1237 1388 1246 1403 ,
1265 1365 1294 1394 τὸ
1308 1365 1360 1394 δεῖν
1376 1364 1523 1405 ἀπέχεσθαι
1538 1366 1589 1394 τῶν
1608 1365 1801 1398 εἰδωλοθύτων.

1141 1424 1153 1436 α
1174 1409 1213 1439 Ἦ
1236 1410 1441 1449 παραζηλοῦμεν
1456 1409 1500 1439 τὸν
1522 1409 1640 1450 Κύριον;
1662 1409 1700 1449 μὴ
1726 1411 1877 1450 ἰσχυρότερα

1100 1455 1178 1484 αὐτοῦ
1216 1456 1318 1493 ἐσμενς
1357 1453 1553 1494 Έντρεπτικῶς
1582 1457 1658 1484 τοῦτο
1697 1455 1828 1486 τέθεικεν.
1853 1454 1878 1484 Ἢ

1062 1507 1085 1540 C
1104 1499 1278 1539 πειράζομεν,
1305 1498 1385 1538 φησὶ,
1409 1498 1455 1528 καὶ
1478 1499 1676 1538 παρακνίζομεν
1697 1499 1743 1529 τὸν
1763 1500 1849 1535 Θεὸν,
1868 1501 1881 1527 Ii

1104 1544 1214 1573 δύναται
1224 1543 1337 1584 κολάσαι
1353 1546 1424 1582 ἡμᾶς
1436 1543 1506 1584 ,πρὸς
1528 1543 1588 1577 τοὺς
1607 1543 1718 1583 ἐχθροὺς
1734 1545 1816 1575 αὖτοῧ
1831 1546 1881 1573 ἄπο-ι

1100 1590 1264 1628 χωροῦνταςς
1298 1582 1366 1618 Εἶτα
1402 1589 1438 1621 εἰς
1471 1588 1568 1617 ἄτοπον
1593 1588 1705 1627 ἀπάγων
1734 1589 1780 1618 τὸν
1806 1589 1881 1627 λέγοιμ

1099 1633 1164 1674 φησί
1176 1645 1182 1651 ·
1198 1646 1209 1659 ι
1226 1632 1273 1668 Μὴ
1294 1632 1458 1672 ἰσχυρότεροι
1483 1633 1563 1662 αὐτοῦ
1586 1633 1687 1672 ἐσμεν;
1714 1647 1727 1659 ιι
1743 1634 1881 1672 ἆναμιμήε

1100 1689 1170 1707 σκων
1191 1677 1216 1697 ³⁸
1242 1677 1342 1716 σφόδρα
1367 1678 1519 1712 πληκτικῶς
1535 1679 1581 1714 τῆς
1604 1679 1755 1715 Μωσαῦιῆς

1099 1737 1111 1750 ιι
1127 1721 1371 1762 Παρεζήλωσοίνζμε
1383 1722 1427 1751 ἐπ’
1439 1723 1468 1751 οὖ
1484 1723 1559 1762 Θεῷ,
1570 1722 1748 1763 παρώργισᾶν
1764 1722 1813 1760 μὲν
1829 1724 1852 1752 ἐν
1865 1722 1881 1741 ³³

1099 1768 1152 1801 τοῖς
1167 1767 1282 1800 εἰδώλοις
1299 1767 1396 1797 αὑτῶν.
1408 1777 1424 1795 ι)

1143 1823 1158 1841 (ι
1174 1811 1268 1841 Πάντα
1286 1823 1330 1850 μοι
1346 1811 1462 1847 ἔξεστιν,
1479 1813 1539 1841 ἀλλ’
1562 1813 1591 1841 οὖ
1607 1812 1697 1842 πάντα
1721 1813 1856 1853 συμφέρει.
1871 1823 1881 1839 ιι

1097 1856 1156 1887 Ἵνα
1178 1856 1216 1895 μή
1240 1869 1278 1891 τις
1295 1855 1355 1895 εἴπῃ
1374 1857 1462 1896 αὐτῷ,
1493 1856 1533 1885 ὅτι
1556 1856 1635 1886 Μετὰ
1659 1859 1778 1897 καθαρᾶς
1801 1857 1881 1887 ἐσθίωι

1098 1900 1270 1937 συνειδήσεως
1285 1900 1401 1935 ἐξουσίαν
1418 1901 1472 1941 ἔχω
1491 1903 1570 1930 τοῦτο
1593 1905 1678 1931 ποιεῖν
1695 1913 1701 1921 ·
1716 1902 1786 1938 Ναὶ,
1806 1902 1881 1942 puti,

1097 1946 1185 1975 πάντα
1210 1945 1257 1983 μέν
1279 1957 1319 1975 σοι
1337 1944 1437 1979 ἔξεστιν
1449 1968 1458 1983 ,
1481 1945 1507 1964 ³⁶
1523 1946 1616 1982 ἐπειδὴ
1641 1946 1720 1980 αὖτὸς
1734 1946 1809 1986 παρὰ
1822 1946 1881 1977 9εεῖ

1097 1989 1262 2024 αὖτεξοῦσιος
1297 1989 1424 2030 γέγονας·
1453 1990 1512 2019 ἀλλ’
1553 1991 1582 2019 οὗ
1621 1991 1729 2024 πάντως
1765 1991 1881 2031 συμφέρει

1097 2045 1137 2064 σοι
1163 2034 1194 2064 τὸ
1208 2034 1302 2064 ἐσθίειν
1319 2043 1327 2050 ⁸
1352 2035 1404 2075 ὁδῷ
1429 2034 1480 2074 γὰρ
1502 2034 1673 2075 προϐαίνων,
1692 2036 1806 2065 διάθεσιν
1829 2035 1881 2068 ﬁsa

1096 2079 1161 2118 πρὸς
1183 2079 1217 2108 τὰ
1245 2079 1357 2116 εἴδωλα,
1384 2080 1422 2120 τῷ
1451 2081 1568 2120 συνεχῶς
1595 2081 1729 2110 κοινωνεῖν
1752 2081 1803 2109 τῶν
1830 2091 1881 2118 τρες

1095 2126 1180 2159 πεζῶν
1197 2124 1292 2154 αὐτῶν.

1141 2179 1156 2198 (ι
1172 2168 1266 2198 Πάντα
1281 2179 1326 2207 μοι
1348 2168 1461 2205 ἔξεστιν,
1478 2169 1537 2198 ἀλλ’
1550 2169 1580 2198 οὔ
1594 2169 1684 2199 πάντα
1708 2170 1856 2207 οἰκοδομεῖ.
1873 2181 1881 2191 ι

1098 2212 1169 2243 Οὔτε
1182 2213 1222 2242 σοὶ
1237 2212 1364 2253 συμφέρει
1377 2234 1385 2249 ,
1399 2213 1464 2254 φησὶ
1477 2236 1485 2251 ,
1502 2213 1568 2243 καθὸ
1581 2213 1626 2243 καὶ
1641 2214 1785 2254 προλαϐὼν
1798 2210 1881 2249 εἶπαί

1098 2257 1156 2287 οὔτε
1176 2259 1215 2298 τῷ
1231 2258 1335 2296 ἀδελφῷ
1354 2269 1402 2287 σου
1420 2268 1427 2274 ·
1441 2258 1471 2287 οὗ
1493 2257 1544 2298 γὰρ
1561 2259 1696 2297 οἰκοδομεῖ
1719 2259 1806 2295 αὐτὸν,
1820 2259 1881 2286 ἄλλη

1098 2304 1199 2340 μᾶλλον
1215 2305 1353 2341 καθαιρεῖ,
1367 2302 1414 2331 καὶ
1425 2303 1611 2333 κατασκάπτει
1628 2303 1676 2339 τὴν
1692 2303 1783 2333 πίστιν
1797 2303 1881 2331 αὖτςῖι

1096 2345 1187 2376 Ὥστε
1215 2346 1274 2376 ἐπεὶ
1304 2346 1364 2377 οὔτε
1385 2347 1415 2376 σὲ
1438 2347 1549 2387 ὠφελεῖ,
1571 2347 1631 2377 οὔτε
1649 2348 1694 2377 τὸν
1719 2347 1841 2387 ἀδελφὸν,
1866 2344 1881 2373 τί

1094 2404 1170 2422 τουτο
1185 2403 1284 2428 ποιεις;

1139 2448 1153 2466 ι(
1177 2436 1281 2472 Μηδεὶς
1295 2436 1326 2466 τὸ
1351 2437 1445 2466 ἑαυτοῦ
1470 2437 1599 2475 ζητείτω,
1624 2436 1693 2467 ἀλλὰ
1717 2437 1748 2467 τὸ
1762 2438 1805 2466 τοῦ
1818 2436 1881 2465 πλτέ

1094 2480 1149 2511 σίον
1162 2480 1282 2516 ἕκαστος.
1299 2494 1310 2508 I
1328 2480 1373 2518 Μὴ
1386 2481 1459 2518 ζήτει
1478 2483 1571 2520 τοῦτο,
1587 2483 1612 2511 εἲ
1627 2481 1659 2511 σὺ
1679 2482 1773 2515 ἐσθίεις
1783 2481 1881 2516 καθσςὲ

1063 2571 1212 2600 lectiones.

1075 2628 1147 2664 ἰσχὶιν
1181 2628 1291 2664 ἑλόντων
1318 2632 1366 2656 τῶν
1393 2629 1514 2657 εἰδώλων.
1548 2627 1594 2655 Καί
1617 2639 1692 2664 φησιν
1723 2629 1759 2655 δτι
1781 2627 1824 2660 οὔχ
1854 2625 1881 2655 ἐς

240 2669 382 2704 δυναμένων
406 2669 498 2704 βλάψαι
523 2669 537 2702 ἢ
562 2668 689 2701 ὠσελῆσαι
715 2672 761 2695 τῶν
787 2668 905 2701 εἰδώλων,
931 2669 1020 2705 ἆπάγω

1115 2680 1142 2695 -ιν
1170 2669 1232 2704 ὒμᾶς
1256 2677 1293 2697 m.
1317 2671 1359 2698 Sit
1384 2670 1501 2705 aliquid.
1531 2670 1663 2703 'Iimebat,
1691 2677 1723 2696 ne
1744 2669 1796 2695 hac
1817 2673 1881 2692 tua

240 2710 342 2743 dicere,
367 2711 496 2745 putarent
508 2730 517 2745 ,
534 2710 615 2744 quasi
628 2709 710 2736 idolis
719 2711 759 2736 vis
774 2710 866 2744 aliqua
877 2711 993 2738 inesset:
1008 2710 1080 2737 unde
1096 2712 1138 2737 ait
1159 2719 1166 2736 :
1189 2711 1248 2738 Non
1263 2711 1328 2745 quia
1338 2710 1388 2737 illa
1400 2710 1489 2738 obesse
1497 2710 1612 2745 possint,
1627 2712 1675 2737 aut
1684 2708 1812 2745 prodesse.
1830 2705 1881 2731 id-

239 2751 307 2777 circa
330 2750 365 2777 ab
391 2751 427 2777 iis
452 2757 498 2777 vos
525 2750 639 2777 abduco.
678 2749 700 2766 ³³
724 2749 843 2780 ἔϐλαπτες
867 2749 961 2783 ἐκείνην
986 2750 1002 2783 ἢ
1025 2749 1043 2776 ὦ

1117 2758 1184 2781 ςο.

240 2789 261 2806 ³⁵
274 2788 314 2815 ἐπὶ
327 2797 354 2817 ο.
392 2790 414 2806 ³⁸
429 2789 487 2815 ἀλλ’
497 2789 526 2816 οὖ
539 2790 618 2816 πάντα
633 2791 755 2826 συμφέρει.

1226 2749 1272 2766 ³³¹
1298 2751 1443 2781 δεσποτικῆς
1471 2757 1499 2778 ο.
1538 2749 1560 2766 ³⁵
1587 2748 1766 2786 ἀναμιμνήσκει
1790 2745 1812 2771 δὲ
1847 2753 1878 2771 0-
