1881 3081
6 183 70 209 689
411 181 585 210 EXPOSlTIO
604 182 636 210 IN
656 181 764 210 EPIST.
786 183 806 210 1.

6 243 188 280 συνειδήσει,
206 244 265 274 ἀλλ’
283 245 306 273 εἰ
320 245 364 274 τὸν
380 245 493 284 ἀδελφὸν
514 245 648 282 οἰκοδομεῖ
667 245 697 274 τὸ
709 244 813 283 γινόμε-

6 300 69 318 νον.
88 289 238 329 Πολλαχοῦ
260 288 325 318 ad”
343 291 395 319 τῶν
414 290 581 319 Ἐπιστολῶν
603 292 680 319 τοῦτο
696 290 813 328 τίθησιν,

6 335 49 367 ὣς
75 333 298 372 ἀναγκαιότατον.
320 334 382 374 Οὖχ
401 333 492 367 ἅπλῶς
507 333 535 363 δὲ
557 333 658 363 κελεύει
674 334 711 373 μὴ
728 336 815 370 ζητεῖν

6 379 43 408 τὸ
71 380 170 407 οἰκεῖον
191 378 345 418 συμφέρον,
368 377 426 408 ἀλλ’
452 377 515 408 ὅταν
543 381 619 408 τοῦτο
643 379 752 418 βλάπτῃ
771 379 814 408 τὸν

6 423 142 463 ἆδελφόν.
157 424 228 453 Τότε
253 423 305 463 γὰρ
318 423 347 452 τὸ
364 423 463 453 ἐκείνου
485 423 617 464 συμφέρον
643 423 695 463 χρὴ
722 436 813 465 προτι-

9 472 75 508 μᾷν
92 467 140 497 καὶ
158 469 342 508 προαιρεῖσθαι
357 470 403 498 τοῦ
417 467 495 499 ἰδίου.

64 524 80 541 σ
95 513 157 543 Πᾶν
171 512 201 542 τὸ
220 514 247 542 ἐν
268 513 395 553 μακέλλῳ
411 513 580 552 πωλούμενον
601 511 715 551 ἐσθίετε,
732 514 813 552 μηδὲν

8 557 206 598 ἀνακρίνοντες
222 558 264 587 διὰ
280 557 327 593 τὴν
341 558 500 594 συνείδησιν.
520 572 531 585 π
547 557 660 594 Ἐπειδὴ
683 558 727 587 διὰ
749 560 813 588 πολ-

6 604 69 631 λῶν
92 602 309 638 κατεσκεύασεν,
337 601 378 631 ὅτι
401 603 440 631 δεῖ
466 602 558 636 αὐτοὺς
588 603 737 643 ἀπέχεσθαι
761 605 812 632 τῶν

6 646 196 677 εἰδωλοθύτων
212 657 219 665 -
235 645 278 676 ἵνα
302 646 340 685 μὴ
357 646 438 676 πάλιν
462 646 657 687 περιεργότεροι
681 650 725 677 τοῦ
741 648 813 677 δέον-

6 704 56 725 τος
83 691 226 730 γίνωνται,
242 690 311 720 ὥστε
325 694 512 731 παραιτεῖσθαι
537 692 582 721 καὶ
601 691 636 721 τὰ
655 693 698 722 ἐπ’
714 693 812 732 ἀγορᾶς

6 736 99 776 ὤνια,
115 736 259 769 δεδοικότες
280 736 375 775 μήπως
399 732 450 766 εἷεν
476 737 521 766 καὶ
543 737 611 767 αὐτὰ
635 737 809 775 εἰδωλόθυτα,

6 781 96 822 φησὶν
107 804 116 819 ,
128 780 169 811 ὅτι
182 795 193 807 ι
209 781 270 810 Πᾶν
285 781 314 810 τὸ
330 781 501 820 πωλούμενον
522 782 622 811 ἐσθίετε
632 804 640 818 ,
663 792 678 810 ι)
698 781 734 821 μὴ
751 783 812 811 ἅνα-

6 828 147 866 κρίνοντες
170 825 229 860 τοὺς
253 827 423 862 πωλοῧντας,
449 825 496 855 χαὶ
521 827 687 866 ἐρωτῶντες,
710 827 732 855 εἷ
760 827 811 867 ἄρα

6 871 186 900 εἰδωλόθυτόν
208 872 296 906 ἐστιν,
320 872 354 903 ὡς
369 871 548 909 πληττόμενοι
571 871 618 907 τὴν
645 871 809 907 συνείδησιν,

7 916 58 945 καὶ
76 915 221 956 καθαρίσαι
244 914 327 950 αὐτὴν
351 916 476 949 θέλοντες.
496 915 535 946 ῚΙ
559 916 604 945 καὶ
629 916 728 949 οὕτως·
750 917 811 946 Ἵνα

7 961 48 998 μὴ
67 962 160 999 πληγῇ
182 962 199 996 ἡ
220 960 366 997 συνείδησίς
381 972 443 996 σου,
460 960 503 989 διὰ
518 963 593 990 τοῦτο
613 961 650 999 μὴ
666 961 789 999 ἀνάκρινε
801 970 809 978 ⁶

6 1006 76 1038 ἴσως
91 1004 144 1045 γὰρ
161 1004 307 1043 ἂνακρίνων
333 1004 457 1044 μαθήσῃ,
479 1004 520 1034 ὅτι
542 1005 710 1035 εἰδωλόθυτόν
737 1007 811 1041 ἐστι,

6 1050 56 1079 καὶ
74 1049 245 1090 πληγήσεταί
262 1060 310 1079 σου
323 1052 341 1086 ἡ
357 1049 515 1086 συνείδησις.

56 1151 72 1168 ί(
89 1138 150 1169 Τοῦ
164 1138 215 1179 γὰρ
229 1138 328 1178 Κυρίου
344 1141 361 1174 ἡ
374 1141 408 1178 γῆ
419 1161 427 1174 ,
443 1139 488 1168 καὶ
502 1139 531 1168 τὸ
546 1138 682 1179 πλήρωμα
697 1141 786 1175 αὐτῆς.
799 1153 810 1165 ιι

6 1183 82 1223 Οὐχὶ
100 1185 152 1213 τῶν
175 1184 328 1222 δαιμονίων.
347 1185 380 1214 Εἰ
396 1182 423 1212 δὲ
438 1185 454 1219 ἡ
470 1185 504 1222 γῆ
516 1206 524 1222 ,
546 1183 592 1212 καὶ
611 1185 634 1213 οἱ
653 1184 752 1222 καρποὶ
765 1184 811 1213 καὶ

6 1229 40 1257 τὰ
57 1228 156 1268 δένδρα
175 1228 220 1257 καὶ
236 1229 303 1262 ζῶα.
320 1229 354 1258 Εἰ
379 1229 407 1258 δὲ
430 1230 510 1257 αὐτοῦ
527 1227 635 1267 πάντα,
652 1228 726 1257 οὐδὲν
744 1229 810 1258 ἀκοί-

6 1276 106 1314 θαρτον
122 1272 213 1312 φύσει,
231 1273 290 1301 ἀλλ’
307 1272 359 1302 ἀπὸ
374 1275 421 1308 τῆς
437 1272 551 1302 ἑκάστου
567 1273 692 1306 διανοίας.

53 1374 69 1393 α
90 1364 123 1393 Εἴ
137 1362 165 1392 δέ
181 1375 220 1396 τις
242 1364 320 1392 καλεῖ
335 1365 405 1401 ὑμᾶς
426 1364 478 1392 τῶν
503 1362 621 1392 ἀπίστων
632 1386 640 1399 ,
659 1363 705 1393 καὶ
721 1363 809 1393 θέλετε

8 1408 190 1448 πορεύεσθαι,
210 1411 263 1436 πᾶν
301 1411 331 1437 τὸ
356 1407 566 1448 παρατιθέμενον
599 1410 661 1446 ὑμῖν
691 1408 807 1445 ἐσθίετε,

8 1453 95 1492 μηδὲν
119 1453 302 1493 ἀνακρίνοντες
314 1451 357 1482 διὰ
371 1452 419 1488 τὴν
440 1452 601 1489 συνείδησιν.
625 1467 636 1479 ν
659 1454 756 1487 Καλῶς
771 1453 809 1490 τὸ,

12 1510 27 1525 ι
43 1497 149 1528 Θέλετε
164 1507 172 1514 ⁵
188 1511 200 1523 ιι
223 1496 282 1526 οὔτε
305 1497 356 1536 γὰρ
371 1497 568 1537 προτρέψασθαι
579 1519 588 1532 ,
614 1497 673 1527 οὔτε
690 1497 716 1516 ³⁸
738 1500 807 1528 ἀπο-

10 1543 162 1583 τρέψασθαι
176 1542 252 1575 αὐτὸς
268 1541 408 1577 ἠϐούλετο.
430 1541 522 1577 Μηδὲν
538 1541 564 1571 δὲ
580 1542 747 1582 ἀνακρίνετε,
763 1542 806 1572 ἵνα

9 1587 45 1625 μὴ
66 1589 102 1626 τῇ
130 1587 302 1627 περιττοτέρᾳ
326 1586 353 1605 ³9
376 1586 513 1626 περιεργία
538 1588 682 1624 νομισθῆτε
707 1588 807 1628 δειλιᾷν

7 1632 39 1660 τὰ
57 1632 176 1668 εἴδωλα,
191 1631 237 1660 καὶ
257 1630 300 1660 ἵνα
322 1631 472 1672 φυλάττητε
495 1631 613 1671 καθαρὰν
630 1631 675 1660 καὶ
696 1633 804 1670 ἀπλῆγα

10 1677 57 1713 τὴν
74 1676 228 1712 συνείδησιν
245 1677 329 1715 ὑμῶν.

48 1733 64 1749 α
83 1720 152 1752 Ἐὰν
164 1721 192 1750 δέ
204 1733 244 1754 τις
256 1721 319 1760 ὑμῖν
336 1720 398 1760 εἴπῃ
410 1733 416 1739 ·
432 1721 518 1751 Τοῦτο
531 1720 700 1751 εἰδωλόθυτόν
730 1722 786 1750 ἐστι
797 1733 804 1740 ο

6 1766 41 1804 μὴ
58 1765 160 1796 ἐσθίετε
170 1787 178 1801 ,
191 1765 233 1794 διὰ
249 1767 347 1795 ἐκεῖνον
365 1765 409 1795 τὸν
424 1765 579 1803 μηνύσαντα
590 1788 598 1802 ,
612 1765 657 1794 καὶ
676 1765 723 1800 τὴν
742 1778 800 1795 συν-

8 1811 109 1848 είδησιν
138 1820 145 1827 '
163 1812 208 1839 τοῦ
232 1811 282 1850 γὰρ
308 1811 409 1850 Κυρίου
429 1812 445 1846 ἡ
470 1812 520 1848 γῆ,
547 1811 591 1840 καὶ
618 1810 648 1839 τὸ
671 1810 805 1850 πλήρωμα

8 1857 100 1891 αὐτῆς.
119 1868 133 1882 ι
149 1855 210 1894 Οὐχ
235 1856 269 1888 ὡς
297 1855 435 1895 βλαϐερῶν
463 1854 611 1894 ἀπέχεσθαί
640 1866 670 1883 σε
692 1854 804 1890 κελεύοι,

8 1900 76 1929 ἀλλὰ
96 1900 133 1929 δι’
149 1900 247 1928 ἐκεῖνον
270 1899 315 1929 τὸν
331 1898 485 1937 μηνύσαντα
499 1922 506 1934 ,
522 1899 565 1928 ἵνα
581 1899 618 1937 μὴ
637 1899 744 1938 βλαϐῇ,
759 1899 806 1928 καὶ

10 1944 102 1983 νομίσῃ
116 1966 124 1978 ,
139 1944 180 1974 δτι
194 1943 228 1973 τὰ
247 1945 299 1973 τῶν
321 1944 436 1973 εἰδώλων
451 1945 498 1973 οὐκ
522 1943 663 1978 ἀπόϐλητά
688 1945 739 1973 εἶσι
752 1948 806 1977 τοῖς

13 1988 192 2027 Χριστιανοίς.
207 1988 285 2018 Ἐπεὶ
306 1988 346 2018 ὅτι
364 1989 413 2028 οὐχ
429 1991 464 2021 ὡς
481 1989 636 2026 ἀκαθάρτων
647 2011 655 2025 ,
677 1989 735 2017 οὐδὲ
757 1989 806 2017 ἀλ·-

10 2033 121 2073 λοτρίων
152 2032 234 2062 ὄντων
264 2036 308 2062 τοῦ
349 2033 480 2073 ἡμετέρου
511 2032 627 2072 Κυρίου,
659 2034 804 2072 ἀπέχεσθαι

12 2076 145 2113 διδάσκω,
166 2078 244 2113 δῆλον
276 2078 400 2107 ἐντεῦθεν.
430 2091 441 2103 ιι
457 2077 514 2106 Τοῦ
538 2077 589 2116 γὰρ
616 2077 714 2118 Κυρίου
738 2079 805 2117 ἡγῆ

11 2122 53 2150 καὶ
63 2123 93 2152 τὸ
114 2122 253 2161 πλήρωμα
267 2122 345 2157 αὐτῆς
357 2144 364 2158 ,
381 2134 396 2150 ν
415 2121 551 2158 τουτέστι,
574 2122 663 2151 πάντα
679 2122 713 2151 τὰ
733 2123 804 2158 πλη-

12 2168 102 2203 ροῧντα
118 2166 217 2203 αὐτὴν,
233 2165 272 2200 ξτὰ
292 2166 505 2206 ἐμπεριεχόμενα
531 2167 608 2205 αὐτῇ.
627 2166 664 2196 “Η
687 2166 734 2195 καὶ
760 2166 802 2195 οὕ-

12 2221 59 2244 τως
75 2220 81 2227 ·
100 2211 252 2250 Ἀπόσχου,
269 2211 333 2251 φησὶ
344 2233 353 2248 ,
368 2213 413 2239 τοῦ
435 2211 576 2250 βρώματος
597 2210 690 2240 τούτου
707 2222 714 2229 ·
729 2216 804 2242 πᾶσα

13 2254 87 2294 γὰρὴ
102 2257 139 2295 γῆ
154 2258 200 2284 τοῦ
224 2257 323 2296 Κυρίου
340 2256 415 2294 ἐστὶ,
432 2255 477 2284 καὶ
498 2255 584 2288 {iacti
599 2267 639 2285 σοι
655 2255 763 2285 ἄλλοθεν
779 2256 804 2273 ⁸ο

14 2299 210 2337 ἐμπλησθῆναι.
228 2300 368 2340 Ἀνέῳκται
383 2300 433 2340 γάρ
447 2311 488 2329 σοι
500 2300 601 2330 πάντα.

53 2355 66 2373 (ι
81 2344 236 2380 Συνείδησιν
252 2345 279 2374 δὲ
299 2345 369 2383 λέγω
392 2344 451 2384 οὐχὶ
467 2345 514 2380 τὴν
532 2346 626 2374 ἑαυτοῦ
641 2367 648 2380 ,
671 2344 740 2374 ἀλλὰ
755 2344 802 2380 τὴν

13 2390 54 2416 τοῦ
79 2389 178 2429 ἑτέρου.
197 2403 209 2416 ν
234 2389 382 2428 Τουτέιι·τι⁷
406 2392 450 2419 τοῦ
470 2388 613 2424 Ἕλληνος.
649 2388 727 2422 Ἴσως
751 2390 803 2429 γὰρ

16 2433 92 2474 (ὅπερ
106 2430 196 2473 εἷπον)
212 2434 484 2471 σκανδαλισθήσεται,
501 2433 518 2469 ἣ
537 2436 571 2467 ὡς
585 2433 733 2474 λαίμαργον
746 2435 802 2474 χρί-

14 2488 73 2514 νων,
94 2478 111 2514 ἣ
139 2480 174 2512 ὡς
189 2478 221 2507 τὰ
246 2478 343 2508 εἴδωλα
364 2478 410 2508 καὶ
432 2478 461 2508 σὲ
487 2479 684 2518 ἀποδεχόμενον
709 2478 802 2514 ἐπίσης

17 2523 82 2562 αὑτῷ
97 2523 135 2554 ⁴¹.
152 2523 223 2553 Ἀλλ’
246 2523 310 2557 ἴσως
332 2523 402 2553 εἴποι
419 2535 458 2557 τις
475 2523 507 2552 ἄν
524 2533 530 2540 ’
546 2524 597 2553 Διὰ
620 2523 645 2552 τί
660 2523 802 2563 φροντίζεις

17 2569 57 2595 τοῦ
71 2568 255 2606 μηνύσαντος;
285 2567 361 2601 εἴπας
384 2568 436 2607 γὰρ
455 2567 599 2608 προλαϐών
615 2580 622 2586 ·
646 2569 682 2598 Τί
697 2580 742 2607 μοι
757 2568 802 2597 καὶ

16 2610 69 2643 τοὺς
93 2613 141 2647 ἔξω
165 2613 280 2653 κρίνειν;
311 2614 370 2642 Οὐκ
398 2613 498 2643 ἐκείνου
525 2613 671 2653 φροντίζω,
704 2613 798 2654 φησὶν,

50 2681 56 2698 ¹
71 2683 82 2710 l
95 2684 158 2712 Cor.
172 2692 202 2718 ν,
220 2687 261 2712 12.

716 2729 808 2759 Variae

51 2779 70 2796 π

23 2818 38 2834 ⁴¹
61 2820 130 2849 αὺτὸν
147 2832 173 2853 ο,

96 2786 222 2820 πανταχοῦ
249 2784 276 2811 δὲ
301 2785 374 2811 τοῦτο
400 2786 519 2819 παραινεῖ
540 2784 570 2811 τὶ)
598 2785 719 2820 συμφέρον
752 2786 787 2819 τῷ
817 2783 922 2816 πλησίον
946 2792 972 2812 0.

826 183 871 210 AD
891 182 968 210 COR.
986 197 1019 202 —
1039 182 1114 210 CAP.
1139 183 1167 210 Χ.
1612 187 1665 214 690

834 248 858 279 Α
873 253 940 280 pura
959 245 1126 273 conscientia
1151 245 1281 279 vescaris;
1303 246 1352 274 sed
1372 255 1439 275 num
1455 248 1567 277 fratrem
1587 253 1664 277 tuum

870 289 987 318 aediﬁcet
1001 297 1032 317 ea
1046 297 1099 317 res.
1124 290 1201 326 Saepe
1216 289 1289 318 enim
1315 291 1343 318 in
1358 292 1488 327 Epistolis
1506 292 1559 321 hoc
1585 295 1664 329 ponit

869 338 1002 369 tanquam
1016 334 1137 362 maxime
1149 335 1346 363 necessarium.
1362 337 1425 363 Non
1437 341 1532 365 autem
1557 338 1662 374 simpli-

869 379 935 406 citer
954 379 1086 414 praecipit,
1107 386 1141 406 ne
1161 380 1301 415 propriam
1330 381 1472 408 utilitatem
1496 389 1662 417 quaeramus,

869 423 916 451 sed
933 431 998 451 cum
1011 423 1087 451 fratri
1102 423 1188 452 sitilla
1201 424 1388 453 incommodo.
1403 427 1475 454 Tum
1488 426 1563 454 enim
1577 427 1663 463 ipsius

870 468 1015 496 utilitatem
1031 469 1148 505 propriae
1160 468 1289 504 praeferre
1301 474 1329 498 et
1347 471 1502 507 praeeligere
1516 471 1660 500 debemus.

905 514 994 541 Vens.
1016 516 1060 541 25.
1077 525 1089 536 -
1107 515 1197 542 Omne
1217 514 1290 550 quod
1308 514 1336 542 in
1348 515 1465 543 macello
1480 516 1565 550 venit,
1585 524 1663 545 man-

868 557 977 592 ducate,
993 558 1059 586 nihil
1075 558 1277 595 interrogantes
1291 563 1403 595 propter
1417 560 1624 589 conscientiam.
1642 572 1655 586 ι

868 602 937 630 Cum
968 602 1099 631 hactenus
1132 603 1224 631 multis
1249 603 1439 632 conﬁrmasset
1466 604 1664 634 abstinendum

869 647 949 682 plane
964 647 998 675 ab
1027 647 1195 684 idolothytis,
1211 655 1246 676 ne
1258 656 1370 677 rursum
1390 649 1450 684 plus
1475 657 1555 685 aequo
1570 650 1662 679 curio-

868 691 956 720 siores
970 691 1132 726 reddantur,
1158 692 1225 720 adeo
1250 697 1281 720 ut
1303 693 1463 721 abstineant
1481 694 1563 722 etiam
1577 695 1612 723 ab
1630 696 1664 724 iis

867 744 929 772 qua:
941 736 967 764 in
985 736 1048 765 foro
1058 741 1187 770 veneunt,
1203 741 1357 766 metuentes
1368 745 1402 765 ne
1421 743 1449 766 et
1463 746 1494 766 ea
1508 739 1562 767 sint
1575 739 1662 768 idolo-

866 780 942 816 thyta
960 789 965 806 :
981 782 1078 815 Omne,
1089 782 1186 817 inquit,
1201 782 1274 818 quod
1284 782 1421 817 venditur,
1435 783 1517 817 edite,
1530 792 1588 812 non
1602 792 1661 813 exa-

867 825 1004 853 minantes
1031 825 1190 859 vendentes,
1214 831 1242 854 et
1256 827 1459 864 interrogantes
1488 836 1556 857 num
1571 829 1656 858 idolo-

866 869 974 905 thytum
987 870 1034 904 sit,
1046 874 1178 906 tanquam
1193 871 1358 900 conscientia
1374 876 1463 900 vestra
1477 874 1657 908 consternati,

867 922 951 950 quam
989 914 1042 942 hoc
1061 919 1140 951 pacto
1161 923 1277 951 purgare
1292 916 1450 944 intendatis.
1467 917 1517 945 Vel
1532 918 1571 946 sic
1588 927 1595 945 :
1616 919 1658 946 Ne

866 958 981 987 feriatur
1005 960 1086 995 183
1109 960 1278 988 conscientia
1302 965 1361 995 tua,
1380 966 1523 997 propterea
1537 970 1572 990 ne
1593 970 1661 991 exa-

867 1003 964 1031 mines.
1001 1006 1127 1032 Fortasse
1153 1012 1286 1041 namque,
1311 1005 1335 1032 si
1359 1005 1507 1042 disquiras,
1526 1007 1659 1035 rescisces

865 1047 945 1076 idolis
958 1056 1016 1076 esse
1026 1049 1200 1077 immolatum
1215 1049 1290 1086 quod
1307 1057 1397 1078 emere
1410 1051 1526 1087 cogitas,
1537 1055 1565 1079 et
1576 1051 1659 1080 ferie-

866 1097 912 1120 tur
932 1094 1100 1122 conscientia
1115 1099 1173 1122 tua.

901 1138 990 1166 Vaas.
1008 1141 1051 1166 26.
1070 1151 1081 1162 α
1100 1139 1211 1166 Domini
1228 1140 1302 1168 enim
1326 1144 1367 1168 est
1379 1144 1461 1175 terra,
1474 1145 1502 1169 et
1521 1140 1660 1176 plenitudo

865 1182 934 1218 ejus.
950 1193 962 1207 η
991 1184 1055 1211 Non
1083 1183 1297 1212 daemoniorum.
1319 1185 1400 1221 Quod
1415 1186 1437 1212 si
1454 1189 1526 1213 terra
1539 1186 1575 1213 sit
1587 1186 1658 1222 ejus,

865 1231 927 1255 tum
950 1227 1055 1255 fructus
1067 1233 1094 1256 et
1107 1228 1219 1256 arbores
1232 1234 1260 1257 et
1272 1229 1414 1257 animalia.
1430 1229 1456 1257 Si
1470 1234 1562 1258 autem
1577 1231 1660 1267 ipsius

865 1271 922 1299 sint
932 1272 1033 1306 omnia,
1049 1277 1107 1300 tum
1123 1273 1189 1301 nihil
1204 1277 1301 1302 natura
1317 1278 1358 1302 est
1370 1274 1558 1308 immundum,
1570 1275 1617 1304 sed
1626 1283 1659 1304 ex

866 1317 1080 1353 uniuscujusque
1093 1318 1230 1354 opinione.

902 1363 986 1390 Vens.
998 1365 1042 1390 27.
1061 1372 1074 1388 ‹‹
1088 1363 1184 1399 Siquis
1199 1368 1290 1391 autem
1305 1367 1383 1392 vocat
1392 1372 1440 1392 vos
1452 1364 1616 1399 inﬁdelium,
1630 1370 1660 1394 et

828 848 849 878 Β

869 1406 954 1434 vultis
967 1407 1017 1441 ire,
1034 1415 1117 1435 omne
1131 1407 1207 1444 quod
1223 1408 1301 1436 vobis
1315 1409 1472 1444 apponitur,
1491 1409 1573 1444 edite,
1594 1409 1660 1438 nihil

864 1451 1065 1487 interrogantes
1090 1457 1202 1488 propter
1216 1453 1425 1481 conscientiam.
1444 1465 1456 1478 η
1484 1455 1560 1482 Bene
1581 1453 1656 1489 dixit,

865 1508 876 1520 ιι
892 1496 990 1524 Vultis.
1005 1508 1017 1521 ι
1034 1498 1129 1532 Neque
1136 1497 1210 1524 enim
1221 1497 1279 1533 ipse
1289 1497 1430 1526 adhortari
1445 1497 1552 1533 adhoc,
1566 1507 1655 1535 neque

861 1539 998 1568 dehortari
1014 1541 1145 1569 instituit.
1164 1542 1236 1569 Nihil
1247 1545 1339 1570 autem
1351 1542 1527 1579 interrogate,
1543 1551 1578 1571 ne
1585 1543 1658 1572 idola

863 1584 947 1613 nimia
962 1585 1145 1614 sollicitudine
1169 1585 1321 1614 formidare
1336 1587 1496 1621 videamini,
1509 1592 1537 1616 et
1550 1592 1582 1616 ut
1593 1596 1656 1616 con-

860 1629 986 1658 scientias
999 1634 1101 1659 vestras
1119 1639 1199 1667 puras
1213 1635 1241 1659 et
1255 1631 1431 1660 inconcussas
1447 1632 1619 1661 custodiatis.

896 1725 985 1752 Vsus.
1002 1727 1046 1752 28.
1060 1736 1072 1748 ι
1082 1725 1111 1753 Si
1126 1726 1188 1761 quis
1201 1730 1295 1753 autem
1309 1725 1387 1754 vobis
1401 1725 1500 1754 dixerit
1517 1736 1524 1754 :
1542 1727 1602 1755 Hoc
1613 1731 1657 1756 est

860 1769 1033 1796 immolatum
1047 1769 1123 1797 idolis
1138 1779 1144 1796 :
1167 1770 1252 1797 nolite
1266 1771 1433 1798 manducare
1452 1775 1563 1806 propter
1580 1772 1657 1800 illum

859 1814 907 1848 qui
935 1813 1076 1845 indicavit.
1102 1818 1129 1841 et
1150 1814 1356 1842 conscientiam.
1381 1815 1495 1842 Domini
1517 1816 1590 1843 enim
1617 1821 1658 1844 est

860 1861 942 1890 terra,
957 1862 984 1885 et
997 1858 1138 1893 plenitudo
1148 1858 1216 1893 ejus.
1239 1870 1252 1882 η
1268 1860 1330 1886 Non
1344 1859 1427 1886 veluti
1442 1867 1457 1886 a
1472 1859 1553 1887 rebus
1568 1860 1657 1888 noxiis

862 1902 910 1930 tibi
924 1902 1057 1930 abstinere
1072 1902 1190 1935 mando;
1200 1902 1247 1930 sed
1262 1907 1374 1938 propter
1383 1910 1446 1930 eum
1458 1903 1504 1938 qui
1516 1903 1656 1937 indicavit,

861 1950 891 1974 ut
905 1947 928 1974 is
942 1955 999 1975 non
1022 1946 1146 1978 laedatur,
1157 1949 1161 1954 '
1173 1951 1255 1982 atque
1274 1951 1350 1983 putet
1365 1947 1503 1975 idolorum
1518 1955 1561 1975 res
1583 1947 1657 1976 haud

860 1991 936 2027 rejici
968 1999 983 2019 a
1008 1991 1179 2019 Christianis.
1209 1993 1279 2019 Nam
1302 1991 1376 2028 quod
1406 2000 1462 2019 non
1476 1996 1608 2028 tanquam
1621 1992 1656 2020 ab

822 2050 846 2081 Ι)
861 2035 1022 2069 immundis,
1051 2036 1092 2063 vel
1109 2036 1143 2063 ab
1171 2036 1202 2064 iis
1219 2044 1281 2072 qua:
1306 2036 1362 2064 sint
1387 2045 1402 2064 a
1418 2037 1537 2064 Domino
1560 2040 1655 2064 nostro

861 2080 957 2114 aliena,
967 2081 1160 2109 abstinendum
1168 2089 1226 2108 esse
1235 2081 1332 2114 doceo,
1343 2082 1383 2108 vel
1395 2080 1461 2108 inde
1474 2081 1587 2116 planum
1595 2084 1636 2110 est
1647 2091 1654 2108 :

862 2137 874 2149 ιι
891 2126 1002 2153 Domini
1016 2125 1091 2153 enim
1103 2130 1145 2153 est
1168 2130 1250 2158 terra,
1276 2130 1303 2153 et
1321 2125 1464 2161 plenitudo
1477 2126 1544 2162 ejus,
1563 2137 1576 2150 ι»
1601 2125 1655 2154 hoc

859 2174 910 2204 est,
923 2170 1016 2197 omnia
1041 2170 1131 2205 ipsum
1145 2170 1286 2206 replentia,
1301 2175 1328 2198 et
1345 2178 1408 2206 quae
1423 2170 1449 2198 in
1467 2178 1497 2198 ea
1510 2171 1654 2198 continen-

859 2219 914 2242 tur.
930 2215 979 2242 Vel
1001 2214 1082 2242 etiam
1103 2215 1141 2242 sic
1158 2223 1164 2241 :
1189 2215 1310 2248 Abstine,
1333 2215 1434 2250 inquit,
1449 2223 1464 2242 a
1483 2215 1546 2242 cibo
1571 2215 1623 2243 isto
1647 2224 1654 2242 :

859 2259 982 2286 universa
996 2258 1070 2286 enim
1081 2263 1153 2287 terra
1170 2259 1279 2287 Domini
1291 2262 1342 2292 est,
1358 2267 1389 2287 ac
1402 2259 1465 2287 licet
1475 2259 1524 2287 tihi
1540 2259 1654 2287 aliunde

859 2303 976 2339 impleri.
998 2305 1067 2332 Nam
1088 2308 1187 2331 cuncta
1199 2303 1248 2331 tibi
1259 2308 1326 2332 sunt
1337 2307 1439 2339 aperta.

893 2350 977 2376 Vens.
999 2351 1042 2376 29.
1060 2360 1071 2372 ιι
1090 2348 1294 2376 Conscientiam
1310 2352 1402 2376 autem
1414 2348 1486 2382 dico,
1503 2356 1560 2376 non
1575 2353 1654 2377 tuam

857 2393 905 2421 sed
925 2392 1047 2421 alterius.
1064 2405 1076 2417 υ
1089 2393 1148 2420 Hoc
1165 2397 1214 2427 est,
1233 2393 1333 2421 Graeci.
1350 2393 1475 2421 Fortasse
1503 2393 1577 2422 enim
1592 2395 1655 2427 (uti

856 2437 929 2471 dixi)
950 2437 1117 2470 offendetur,
1140 2438 1179 2465 vel
1202 2442 1333 2473 tanquam
1346 2437 1558 2473 gastrimargum
1575 2439 1654 2475 teju-

857 2483 983 2516 dicando,
997 2483 1038 2510 vel
1058 2491 1107 2510 ceu
1121 2490 1196 2516 eum,
1211 2483 1257 2518 qui
1275 2490 1352 2518 mque
1363 2490 1395 2510 ac
1414 2482 1480 2518 ipse,
1496 2482 1570 2511 idola
1584 2484 1657 2512 exci-

858 2528 922 2563 piat.
935 2527 988 2556 Sed
1000 2527 1117 2555 fortasse
1127 2527 1201 2555 dicat
1212 2527 1359 2564 quispiam,
1371 2527 1445 2563 Quid
1469 2532 1499 2555 tu
1524 2528 1656 2556 sollicitus

857 2580 886 2600 es
899 2572 934 2600 de
949 2572 995 2599 illo
1009 2571 1054 2608 qui
1076 2572 1256 2600 indicaverit?
1270 2573 1357 2608 Supra
1377 2573 1451 2600 enim
1464 2572 1565 2606 dixisti,
1581 2573 1652 2607 Quid

857 2617 924 2645 mihi
936 2617 970 2645 de
984 2617 1017 2644 iis
1031 2617 1079 2652 qui
1090 2616 1159 2645 foris
1173 2622 1239 2645 sunt
1249 2638 1256 2651 ,
1267 2617 1391 2653 judicare
1404 2613 1428 2645 'P
1441 2619 1502 2645 Non
1515 2617 1599 2650 illius,
1611 2616 1651 2644 in-

829 2729 979 2759 lectiones.

1024 2783 1048 2802 ³³
1073 2784 1088 2816 ἢ
1113 2792 1138 2813 ο.
1188 2785 1212 2802 θ’
1235 2787 1334 2820 περιττῇ
1361 2793 1398 2812 m.
1450 2783 1472 2800 “’
1500 2783 1594 2810 ἄνωθεν
1626 2791 1653 2812 ο.
