1881 3081
206 165 254 192 691

206 227 277 264 quit,
299 225 348 254 sed
374 225 456 254 vestri
477 232 572 253 curam
586 231 663 260 gero,
683 231 718 252 ne
745 224 968 253 rondemnemini
992 234 997 252 :
1014 227 1041 258 Α

206 271 309 300 idcirco
333 269 442 299 addidit
458 281 464 298 :

243 328 257 341 ι
271 318 311 345 Ut
325 315 391 352 quid
409 315 484 343 enim
500 315 609 343 libertas
623 323 686 343 mea
703 315 844 352 judicatur
861 314 895 342 ab
911 314 998 341 aliena

206 360 421 389 conscientia?»
449 360 512 388 Non
531 359 689 393 observare,
715 363 743 388 et
771 367 827 387 non
847 358 1000 395 prohiberi,

207 406 362 434 libertatem
381 404 458 432 dicit.
484 405 542 440 Ego
557 404 642 438 enim,
657 404 757 440 inquit,
781 403 862 432 libere
886 407 916 431 et
942 403 1002 431 sine

207 449 397 478 observatione
410 456 514 482 vescor,
531 449 647 477 Graecus
657 457 723 477 vero
734 456 780 476 me
795 448 1001 482 condemnabit,

206 494 308 523 Fabula
327 497 379 527 est,
397 493 534 529 inquiens,
553 493 770 521 Christianorum
785 493 879 528 religio
894 501 902 521 :
925 492 1002 519 aiunt

207 539 317 575 quidem
331 538 402 566 idola
423 545 482 565 sese
500 538 646 570 exsecrari.
665 542 693 566 et
715 538 826 566 interim
847 545 878 566 ea
893 545 955 573 quae
969 536 1002 565 iis

207 584 298 612 oblata
314 587 381 610 sunt
393 583 507 610 libenter
520 583 679 611 comedunt.

241 630 324 656 Vsus.
336 631 381 656 30.
395 639 407 651 α
421 627 450 655 Si
457 635 507 663 ego
517 635 580 655 eum
595 628 684 663 gratia
702 627 845 664 participe,
866 626 932 663 quid
946 626 1002 655 bla-

206 673 336 709 sphemor
347 673 406 708 ejus
420 672 458 699 rei
479 672 582 708 gratia,
595 680 644 708 pro
655 680 708 708 qua
719 673 818 708 gratias
830 674 897 707 ago?
907 683 919 695 ιν
932 673 1001 707 Ego,

207 718 305 754 inquit,
327 717 409 745 libere
425 717 556 752 participo
575 721 713 744 creaturas
737 717 800 750 Dei,
817 725 865 752 per
886 717 1002 752 gratiam

208 763 260 790 Dei
276 770 338 798 qum
353 769 397 789 me
410 761 534 790 stabilem
549 765 577 789 et
595 761 707 789 ﬁrmum
723 760 796 793 fecit,
810 761 880 789 adeo
895 766 925 789 ut
936 761 1002 789 nihil

209 808 351 836 observem
368 817 374 835 :
390 810 418 834 at
434 807 549 835 Graecus
577 806 776 834 conviciabilur
801 806 880 839 mihi,
905 806 1005 842 quippe

209 853 256 889 qui
268 852 396 880 simulem
423 858 466 878 me
480 850 553 878 idola
580 850 662 886 184
680 850 793 885 quidem
810 850 914 886 fugere,
927 855 955 878 et
967 855 1010 878 ta-

208 905 272 926 men
283 896 432 933 pergulam
442 895 481 923 eis
494 895 636 923 immolata
652 895 805 923 comedam.
817 895 897 930 Quod
906 898 999 923 autem

207 942 308 979 adjicit,
322 953 335 965 α
365 941 420 968 Pro
434 948 490 976 quo
512 940 613 976 gratias
625 947 686 976 ago,
702 951 714 964 ιι
742 939 900 976 hujusmodi
925 944 969 968 est
996 949 1002 966 :

207 989 278 1023 Ego,
290 985 390 1022 inquit,
411 984 510 1020 gratias
521 993 572 1020 ago
586 985 658 1017 Deo,
675 984 750 1020 quod
770 984 838 1012 adeo
853 993 899 1012 me
912 985 1000 1012 excel-

208 1040 269 1060 sum
289 1030 363 1063 fecit,
388 1037 420 1058 ac
443 1029 558 1058 Judaica
572 1029 729 1057 humilitate
753 1029 951 1063 sublimiorem,
974 1033 1004 1057 ut

210 1077 369 1104 nullatenus
392 1073 484 1102 laedar.
501 1074 615 1102 Graecus
634 1077 736 1108 autem,
758 1078 788 1100 ut
809 1073 874 1106 dixi,
893 1073 1005 1101 scanda-

210 1121 309 1149 lizatur
327 1123 354 1147 et
377 1117 562 1154 hlasphemat.

245 1166 335 1193 Vnus.
353 1167 398 1192 31.
419 1175 431 1188 α
457 1163 519 1191 Sive
534 1170 600 1199 ergo
617 1163 801 1194 manducatis,
817 1163 873 1190 sive
894 1162 1004 1196 bibitis,

210 1210 265 1238 sive
275 1208 348 1237 aliud
361 1208 426 1244 quid
440 1207 538 1241 facitis,
550 1207 645 1236 omnia
660 1208 686 1235 in
699 1207 813 1243 gloriam
827 1207 875 1235 Dei
887 1206 978 1235 facite.
990 1218 1003 1231 ν

211 1255 322 1288 Omnia,
339 1253 439 1289 inquit,
460 1252 538 1280 facite
567 1252 600 1280 ad
622 1252 736 1288 gloriam
762 1252 814 1280 Dei
831 1262 836 1279 ε
853 1253 929 1288 quasi
944 1259 1005 1287 quae

210 1307 286 1328 nunc
305 1299 373 1326 ﬁant
391 1306 406 1325 a
422 1297 507 1331 vobis,
527 1297 561 1325 ad
577 1297 626 1324 Dei
642 1297 840 1325 contumeliam
860 1297 925 1330 sint,
950 1297 1005 1324 imo

208 1344 298 1380 potius
318 1342 528 1378 blasphemiam.
542 1342 692 1369 Manducat
708 1349 773 1377 ergo
797 1342 953 1377 quisquam,
963 1341 1004 1369 vel

209 1388 279 1417 bibit
300 1389 327 1416 in
353 1387 471 1423 gloriam
488 1387 547 1422 Dei,
575 1386 684 1422 quando
712 1387 851 1414 nemiuem
876 1385 1004 1420 offendit,

210 1433 318 1470 quando
331 1440 388 1460 non
402 1436 433 1459 ut
449 1432 561 1467 gulosus
577 1435 625 1458 aut
636 1431 783 1466 voluptatis
797 1434 918 1458 sectator
937 1438 1004 1465 epu-

213 1479 301 1512 latur;
321 1476 370 1505 sed
382 1476 457 1504 velut
475 1476 499 1503 is
516 1476 562 1510 qui
588 1483 688 1510 corpus
704 1482 867 1502 conservare
882 1474 947 1501 velit
969 1473 1004 1502 ad

210 1523 318 1550 virtutis
337 1521 534 1557 operationem.
556 1519 678 1548 Omnino
695 1523 788 1546 autem
810 1526 1005 1554 quamcunque

211 1575 270 1595 rem
296 1566 322 1594 in
337 1565 452 1601 gloriam
472 1564 522 1592 Dei
547 1564 684 1599 quispiam
701 1563 768 1599 agit,
788 1563 896 1599 quando
914 1571 1004 1599 neque
1020 1567 1042 1599 c

212 1611 296 1638 alium
320 1609 451 1638 seandalo
476 1608 605 1644 quopiam
623 1607 705 1641 lazdit,
741 1615 830 1644 neque
863 1608 1007 1643 seipsum;

213 1662 313 1690 nempe
329 1653 486 1681 hominibus
509 1653 615 1688 placere
626 1652 750 1687 studens,
772 1653 813 1680 vel
848 1660 880 1680 ex
904 1652 1007 1681 affectu

214 1699 306 1734 aliquo
316 1697 489 1734 perturbato.

250 1744 340 1771 Vnus.
359 1745 405 1770 32.
421 1754 433 1766 ιι
454 1742 515 1770 Sine
527 1741 681 1770 offensione
703 1745 789 1770 estote
814 1745 842 1770 et
859 1741 962 1770 Iudaeis
980 1745 1008 1770 et

215 1788 328 1821 Graecis,
347 1792 374 1815 et
396 1787 523 1816 Ecclesiae
540 1787 598 1815 Dei.
619 1799 630 1810 ι»
644 1788 703 1814 Hoc
717 1791 767 1819 est,
784 1786 887 1814 nullam
901 1787 1008 1822 vitupe-

213 1833 327 1861 rationis
352 1833 526 1860 occasionem
548 1831 651 1859 nemini
673 1832 836 1867 praebentes.
861 1831 1009 1867 Continget

215 1882 306 1906 autem
321 1877 382 1911 hoc,
401 1877 425 1905 si
445 1885 534 1912 neque
548 1876 686 1909 Judaeum,
710 1884 797 1912 neque
816 1876 945 1904 Graecum
968 1875 1009 1904 of-

212 1922 368 1956 fendamus,
381 1929 469 1957 neque
479 1922 564 1950 etiam
577 1920 675 1949 fratres
688 1930 694 1947 :
711 1929 775 1948 nam
791 1921 826 1948 illi
842 1925 906 1948 sunt
917 1920 1011 1948 Eccle-

217 1967 266 1996 siae
286 1967 349 1994 Dei.
359 1966 492 2000 Observa,
505 1966 579 2002 quod
595 1966 686 2002 majus
695 1969 747 1999 est,
758 1965 856 1992 ultimo
878 1966 938 1992 loco
949 1973 1010 2000 pro-

218 2011 290 2039 tulit.
304 2012 373 2039 Nam
390 2015 418 2038 et
431 2010 498 2039 alios
505 2011 539 2038 ad
554 2009 637 2038 ﬁdem
653 2009 789 2037 attrahere
808 2010 948 2043 convenit,
960 2017 1010 2037 nec

215 2055 326 2083 interim
336 2060 426 2083 tamen
435 2055 532 2084 fratres
541 2055 677 2091 persequi.
694 2054 801 2081 Iudicat
809 2057 903 2080 autem
913 2061 1011 2082 omnes

216 2107 248 2128 ex
268 2100 322 2128 hoc
335 2099 466 2134 offensos,
481 2100 556 2136 quod
581 2100 718 2128 idolorum
747 2097 898 2125 immolatis
920 2105 1008 2127 vesce-

216 2149 320 2173 rentur.

252 2191 337 2218 Vsus.
354 2192 398 2218 33.
425 2202 437 2214 ι
448 2189 524 2218 Sicut
538 2192 566 2216 et
577 2196 626 2224 ego
640 2195 686 2223 per
701 2187 794 2215 omnia
806 2187 934 2216 omnibus
953 2188 1010 2224 pla-

217 2243 278 2269 eeo,
300 2243 356 2263 non
375 2242 500 2270 quaerens
523 2233 597 2269 quod
618 2232 686 2259 mihi
706 2231 773 2259 utile
799 2236 850 2267 est,
868 2232 916 2260 sed
935 2233 1008 2268 quod
1023 2225 1048 2256 D

215 2280 320 2314 multis,
337 2283 367 2307 ut
379 2279 447 2306 salvi
462 2278 538 2305 ﬁant.
555 2277 710 2305 lmitatores
733 2277 788 2304 mei
808 2281 906 2311 estote,
932 2277 1006 2306 sicut

216 2328 244 2352 et
258 2333 309 2359 ego
320 2323 434 2352 Christi.
452 2335 463 2347 ι»
480 2324 629 2358 Postquam
642 2322 731 2358 magni
744 2321 885 2358 quidpiam
895 2322 948 2349 illis
960 2322 1010 2349 im-

216 2373 354 2405 posuerat,
365 2375 427 2395 reos
437 2375 484 2395 eos
496 2367 597 2395 faciens
605 2366 800 2395 etJudaeorum
811 2372 838 2394 et
846 2367 1009 2395 Grecorum

215 2421 305 2445 noxa},
322 2412 443 2448 seipsum
453 2412 479 2440 in
492 2412 614 2440 medium
629 2411 752 2448 protulit,
762 2416 793 2439 ut
809 2412 937 2439 ostendat
948 2419 1006 2439 rem

215 2457 289 2486 haud
301 2464 359 2485 esse
370 2456 520 2485 difﬁcilem.
532 2457 584 2494 Qui
602 2465 663 2485 vero
669 2464 751 2485 suum
763 2456 941 2484 commodum
953 2464 1009 2484 non

217 2501 456 2538 quaesierit,|iquet
478 2510 511 2530 ex
523 2502 634 2536 multis,
657 2509 719 2537 qua:
734 2508 816 2536 supra
840 2508 1012 2530 commemo-

214 2547 295 2577 ravit.
310 2558 322 2570 «ι
343 2546 490 2581 Omnibus,
506 2559 518 2571 ιι
532 2547 633 2583 inquit,
649 2558 662 2570 «
682 2545 770 2573 factus
780 2553 842 2573 sum
858 2545 968 2580 omnia;
996 2559 1008 2571 1

215 2591 334 2619 maxime
360 2599 424 2620 vero
440 2599 472 2620 ex
484 2599 516 2620 eo
529 2591 601 2628 quod
616 2591 718 2626 optavit
732 2590 877 2618 anathema
887 2598 947 2618 esse
958 2600 1010 2628 pro

214 2635 357 2664 fratribus.
367 2649 378 2661 ι
391 2637 545 2665 lmitatores
556 2649 567 2660 υ
577 2636 672 2672 igitur,
681 2635 780 2672 inquit,
791 2647 803 2659 α
812 2635 866 2664 mei
875 2639 974 2665 estote.
983 2651 1008 2674 ν,

216 2681 285 2709 Illud
304 2689 379 2716 vero,
401 2693 414 2706 «ι
439 2680 684 2717 Quemadmodum
698 2685 726 2709 et
743 2687 792 2716 ego
807 2680 918 2714 Christi,
940 2693 952 2706 υ
975 2693 1010 2714 ne

715 162 971 190 THEOPHYLACT]
992 162 1171 190 BULGARLE
1191 162 1347 190 ARCHIEP.

1806 163 1851 188 693

1056 224 1114 254 ἀλλ’
1134 226 1226 264 ὑμῶν,
1246 224 1290 253 ἵνα
1315 224 1353 263 μὴ
1377 226 1614 264 καταγινώσκησθε
1630 233 1638 240 ⁸
1671 223 1713 254 διὸ
1738 224 1786 253 καὶ
1809 225 1850 252 ἅπ-

1054 270 1152 310 ήγαγεν
1168 281 1174 288 -

1095 328 1107 341 σι
1123 313 1185 344 Ἵνα
1200 314 1225 343 τί
1240 313 1292 354 γὰρ
1306 316 1323 350 ἡ
1347 314 1480 355 ἐλευθερία
1502 325 1554 352 μου
1569 313 1689 353 κρίνεται
1704 313 1759 342 ὑπὸ
1775 313 1854 347 ἄλλης

1056 359 1245 396 συνειδήσεως
1262 373 1274 386 ι
1302 358 1474 398 Ἰἰλευθιρίαν
1495 358 1525 388 τὸ
1543 357 1755 398 ἀπαρατήρητον
1771 357 1853 396 λέγει,

1057 403 1102 432 καὶ
1117 403 1261 433 ἀκώλυτον.
1288 403 1361 442 Ἐγὼ
1378 403 1426 442 μὲν
1447 402 1515 443 γὰρ’,
1531 403 1611 442 φησὶν
1621 425 1629 438 ,
1644 402 1795 441 ἐλευθέρως
1815 402 1855 430 καὶ

1057 447 1269 488 ἀπαρατηρήτως
1296 448 1375 477 ἐσθίω
1391 460 1397 466 ·
1420 449 1434 477 ὁ
1457 447 1484 476 δὲ
1505 446 1608 483 Ἕλλην
1626 450 1788 485 κατακρινεῖ
1808 458 1855 485 με,

1057 493 1102 522 καὶ
1117 493 1170 532 ἐρεῖ
1186 505 1192 511 ·
1209 495 1298 526 Μ’ὗθος
1311 494 1344 522 τὰ
1357 493 1536 535 ¹Χριστιανῶν
1556 502 1562 509 '
1579 491 1612 521 τὰ
1627 491 1730 521 εἴδωλα
1750 491 1855 530 λέγουσι

1059 537 1262 577 βδελύττεσθαι,
1299 537 1345 567 καὶ
1377 537 1411 567 τὰ
1448 538 1535 570 αὐτοῖς
1569 537 1684 575 θυόμενα
1712 536 1857 576 προθύμως

1059 581 1197 614 ἐσθίουσιν.

1101 639 1116 654 ιι
1135 628 1166 656 Εἰ
1180 627 1232 666 ἐγὼ
1253 627 1344 667 χάριτι
1366 626 1486 666 μετέχω,
1505 626 1530 656 τί
1554 628 1774 668 βλασφημοῦμαι
1796 626 1858 664 ὑπὲρ

1057 667 1087 701 οῦ
1102 672 1153 710 ἐγὼ
1174 673 1338 712 εὖγαριστῶ,
1364 684 1376 700 ν
1394 671 1468 710 Ἐγὼ
1485 671 1531 709 μὲν
1547 671 1667 711 μετέχω,
1692 671 1781 710 φησὶ,
1806 672 1854 698 τῶν

1058 719 1103 745 τοῦ
1129 718 1197 746 Θεοῦ
1221 716 1374 754 κτισμάτων
1396 716 1536 754 ἐλευθέρως
1566 716 1609 744 διὰ
1634 717 1683 752 τὴν
1708 716 1794 755 χάριν
1818 717 1857 743 τοῦ

1059 762 1129 790 Θεοῦ
1155 761 1202 796 τὴν
1218 761 1368 796 ποιήσασαν
1397 772 1429 798 με
1454 761 1558 799 ἑδραῖον
1573 760 1618 789 καὶ
1639 760 1766 798 στερεὸν,
1794 759 1857 789 ὥστε

1062 805 1142 844 μηδὲν
1163 810 1374 846 παρατηρεῖσθαι
1390 817 1396 824 '
1413 806 1473 834 ἀλλ’
1495 807 1509 834 ὁ
1530 803 1636 840 εἘλλην
1660 805 1858 845 βλασφημήσῃ

1064 862 1112 889 με,
1129 852 1163 884 ὡς
1186 851 1391 891 ὑποκρινόμενον
1418 850 1522 890 φεύγειν
1547 850 1582 879 τὰ
1605 849 1704 879 εἴδωλα
1718 872 1727 885 ,
1755 850 1804 878 καὶ
1821 851 1858 880 δια

1063 896 1275 935 γαστριμαργίαν
1292 895 1371 925 πάλιν
1390 895 1422 924 τὰ
1442 896 1471 924 ἐκ
1485 895 1585 924 τούτων
1601 894 1734 924 ἐσθίοντα.
1753 895 1798 925 Τὸ
1820 895 1859 930 δὲ,

1062 954 1072 966 α
1084 940 1169 980 Ὑπὲρ
1185 937 1213 970 οὗ
1229 940 1280 980 ἐγὼ
1295 942 1456 980 εὐχαριστῶ,
1468 953 1479 965 ιι
1494 939 1611 969 τοιοῦτόν
1630 941 1714 974 ἔστιν,
1731 939 1774 968 ὅτι
1791 939 1858 978 Ἐγὼ

1059 984 1106 1023 μὲν
1123 987 1271 1024 εὐχαριστῶ
1285 987 1322 1024 τῷ
1336 985 1399 1024 Θεῷ
1409 1009 1417 1022 ,
1433 985 1472 1014 ὅτι
1484 985 1554 1013 οὕτω
1571 995 1604 1022 με
1621 984 1724 1023 ὑψηλὸν
1737 984 1856 1019 ἐποίησε,

1059 1029 1105 1058 καὶ
1121 1029 1268 1065 Ἰουδαϊκῆς
1280 1030 1466 1066 ταπεινότητος
1483 1029 1612 1067 ἀνώτερον
1623 1050 1632 1064 ,
1647 1030 1684 1062 ὣς
1699 1030 1856 1067 μηδαμόθεν

1060 1074 1224 1112 βλάπτεσθαι
1238 1085 1244 1092 ο
1257 1074 1328 1110 ἀλλ’,
1349 1073 1413 1113 ὅπερ
1431 1074 1496 1114 ἔφην
1508 1097 1516 1111 ,
1533 1075 1547 1102 δ
1560 1073 1666 1108 Ἕλλην
1683 1074 1856 1108 σκανδαλίζει

1059 1129 1102 1147 ται
1117 1118 1161 1147 καὶ
1178 1120 1346 1158 βλασφημεῖ.

1099 1177 1110 1189 ι
1119 1163 1181 1193 Εἴτε
1190 1160 1233 1192 οῦν
1241 1165 1351 1200 ἐσθίετε,
1361 1162 1414 1192 εἴτε
1427 1163 1527 1199 πίνετε,
1540 1162 1592 1192 εἴτε
1606 1175 1630 1192 τι
1642 1166 1757 1198 ποιεῖτε,
1770 1163 1855 1193 πάντα

1059 1210 1092 1241 ιῖς
1105 1208 1180 1242 δόξαν
1191 1209 1261 1238 Θεοῦ
1274 1209 1388 1238 ποιεῖτε.
1406 1222 1418 1234 ιι
1437 1224 1477 1230 -
1495 1218 1509 1236 ι)
1530 1207 1626 1238 Πάντα
1636 1229 1644 1243 ,
1663 1208 1744 1247 φησὶ,
1757 1212 1857 1238 ποιεῖτε

1058 1254 1094 1286 εἰς
1118 1253 1192 1287 δόξαν
1209 1254 1298 1289 Θεοῦ,
1319 1255 1355 1286 ὡς
1371 1253 1403 1282 τά
1428 1264 1456 1291 γε
1479 1256 1523 1282 νῦν
1547 1253 1675 1290 γινόμενα
1699 1254 1768 1292 παρ’
1783 1254 1856 1289 ὑμῶν

1059 1297 1149 1331 ἀδοξία
1165 1298 1220 1327 ἐστὶ
1232 1300 1278 1327 τοῦ
1293 1298 1379 1334 Θεοῦ,
1397 1297 1498 1336 μᾶλλον
1515 1296 1542 1325 δὲ
1559 1297 1734 1337 βλασφημία.
1758 1297 1859 1327 Ἐσθίει

1059 1343 1087 1371 δέ
1105 1354 1144 1376 τις
1168 1343 1203 1375 εἷς
1227 1342 1302 1376 δόξαν
1318 1343 1389 1372 Θεοῦ
1411 1342 1456 1370 καὶ
1473 1341 1560 1376 πίνει,
1581 1342 1644 1370 ὅταν
1657 1342 1695 1379 μὴ
1709 1342 1756 1370 ἐπὶ
1773 1353 1859 1370 σκαν-

1059 1387 1131 1426 δάλῳ
1155 1387 1244 1422 τινὸς,
1269 1387 1332 1415 ὅταν
1351 1386 1387 1425 μὴ
1415 1386 1634 1425 γαστρίμαργος,
1657 1385 1675 1421 ἢ
1697 1387 1858 1426 φιλήδονος,

1059 1433 1118 1460 ἀλλ’
1132 1433 1167 1464 ὥς
1183 1433 1263 1461 θέλων
1289 1435 1445 1472 συγκρατεῖν
1466 1431 1496 1460 τὸ
1522 1432 1600 1468 σῶμα
1621 1430 1685 1470 πρὸς
1713 1430 1765 1465 τὴν
1783 1432 1860 1470 ἐργα-

1059 1477 1118 1505 σίαν
1134 1479 1180 1511 τῆς
1202 1477 1296 1515 ἀρετῆς
1314 1476 1352 1495 ⁴²·
1368 1477 1414 1505 καὶ
1427 1476 1518 1508 ἁπλῶς
1533 1475 1560 1503 δὲ
1583 1480 1637 1504 πᾶν
1653 1480 1774 1515 πρᾶγμα
1792 1480 1861 1505 ποιεῖ

1057 1533 1096 1553 τις
1108 1521 1143 1555 εἷς
1159 1520 1235 1554 δόξαν
1248 1521 1335 1557 Θεοῦ,
1347 1521 1410 1550 ὅταν
1427 1521 1496 1558 μήτε
1511 1520 1591 1549 ἄλλον
1609 1520 1719 1560 βλάπτῃ
1741 1522 1860 1550 σκανξα-

1058 1566 1149 1602 λίζων,
1167 1565 1234 1603 μήτε
1246 1567 1347 1602 ἑαυτὸν,
1362 1562 1426 1603 οἷον,
1446 1567 1481 1599 ὡς
1503 1565 1729 1605 ἀνθρωπάρεσχος
1756 1567 1860 1602 ποιῶν,

1061 1610 1078 1645 ἢ
1092 1609 1137 1639 ’διά
1150 1623 1209 1640 τινα
1224 1612 1331 1649 ἐμπαθῆ
1351 1610 1492 1649 λογισμόν.

1101 1755 1114 1768 κ
1133 1741 1307 1779 Ἁπρόσκοποι
1323 1740 1425 1779 γίνεσθε
1441 1740 1485 1769 καὶ
1500 1739 1639 1772 Ἰουδαίοις
1656 1739 1702 1768 καὶ
1726 1738 1860 1775 "Ellum,

1062 1785 1108 1815 καὶ
1131 1788 1164 1825 τῇ
1187 1785 1339 1825 Ἐκκλησία
1361 1788 1407 1814 τοῦ
1428 1785 1510 1814 Θεοῦ.
1526 1796 1541 1812 ν
1554 1784 1702 1819 Τουτέστι,
1721 1784 1859 1822 μηδεμίαν

1065 1831 1156 1868 μηδενὶ
1166 1830 1248 1869 ψόγου
1256 1830 1283 1848 ⁴³
1296 1829 1457 1869 παρέχοντες
1473 1828 1604 1868 ἀφορμήν.
1616 1826 1718 1858 Ἔσται
1729 1829 1762 1858 δὲ
1778 1831 1863 1862 τοῦτο,

1064 1874 1108 1903 ἐὰν
1131 1875 1198 1913 μήτε
1221 1875 1366 1910 Ἰουδαῖον,
1386 1876 1453 1912 μήτε
1472 1873 1598 1909 Ἕλληνα
1623 1874 1864 1911 σκανδαλίζωμεν,

1065 1920 1132 1958 μήτε
1154 1919 1206 1958 μὴν
1229 1919 1289 1952 τοὺς
1315 1919 1441 1959 ἀδελφούς
1459 1931 1466 1937 ι
1491 1914 1562 1947 οῦτοι
1588 1917 1640 1957 γὰρ
1710 1918 1863 1955 Ἐκκλησία

1065 1968 1109 1994 τοῦ
1121 1965 1208 2001 Θεοῦ·
1224 1963 1299 2003 ιὈρα
1315 1963 1359 1999 δὲ,
1372 1964 1402 1992 τὸ
1415 1963 1504 2000 μεῖζον
1521 1963 1635 2001 ἔσχατον
1652 1957 1711 1992 εἷπε
1727 1975 1736 1982 ο
1751 1964 1799 1992 καὶ
1814 1963 1863 2001 γὰρ

1065 2008 1178 2042 καὶτοὺς
1190 2008 1284 2041 ἄλλους
1295 2009 1449 2049 ἐφέλκεσθαι
1464 2007 1593 2046 προσήκει
1604 2007 1668 2047 πρὸς
1684 2009 1736 2042 τὴν
1748 2008 1841 2037 πίστιν
1858 2019 1863 2025 ·

1065 2055 1094 2082 οὖ
1122 2053 1174 2092 μὴν
1200 2053 1246 2082 καὶ
1274 2053 1334 2087 τοὺς
1362 2051 1488 2092 ἀδελφοὺς
1517 2052 1634 2082 διώκειν.
1663 2051 1816 2092 Ἐμφαίνει
1841 2053 1863 2080 δὲ

1066 2098 1165 2130 πάντας
1179 2098 1209 2126 ἐκ
1224 2099 1317 2127 τούτου
1337 2096 1605 2135 σκανδαλιζομένους,
1628 2097 1659 2126 ἐκ
1671 2099 1718 2126 τοῦ
1735 2097 1772 2128 τὰ
1793 2098 1862 2127 εἰδω-

1064 2143 1160 2172 λόθυτα
1176 2142 1282 2172 ἐσθίειν.

1107 2201 1118 2214 ιι
1139 2185 1234 2220 Καθὼς
1257 2186 1333 2226 κάγὼ
1354 2187 1443 2216 πάντα
1463 2190 1545 2215 πᾶσιν
1569 2185 1689 2226 ἀρέσκω,
1716 2186 1759 2224 μὴ
1781 2188 1862 2222 ζητᾶν

1064 2233 1092 2261 τὸ
1106 2233 1221 2270 ἐμαυτοῦ
1237 2232 1385 2272 συμφέρον,
1403 2231 1472 2260 ἀλλὰ
1488 2230 1518 2260 τὸ
1529 2233 1581 2260 τῶν
1597 2231 1706 2260 πολλῶν
1719 2253 1728 2266 ,
1746 2229 1795 2260 ἵνα
1812 2243 1862 2261 σω-

1064 2279 1139 2308 θῶσι.
1154 2277 1279 2314 Μιμηταί
1297 2288 1347 2315 μου
1362 2276 1463 2315 γίνεσθε
1475 2299 1482 2313 ,
1503 2276 1588 2308 καθὼς
1602 2275 1678 2314 κάγὼ
1694 2277 1831 2315 Χριστοῦ.
1847 2287 1859 2304 ιδ

1065 2321 1143 2351 Ἐπεὶ
1165 2321 1192 2350 δὲ
1208 2321 1233 2340 ⁸⁵³
1244 2320 1256 2331 ¹
1273 2321 1343 2360 μέγα
1365 2321 1450 2353 αὐτοῖς
1472 2319 1615 2358 ἐπέταξεν,
1636 2320 1802 2355 ὑπευθύνους
1819 2322 1861 2350 αὖ·

1064 2365 1121 2399 τοὺς
1141 2365 1225 2400 δείξας
1242 2366 1265 2386 “
1283 2367 1328 2395 καὶ
1351 2367 1398 2400 τῆς
1423 2364 1564 2400 Ἑλλήνων
1589 2364 1698 2400 καὶτῆς
1726 2364 1860 2395 Ἰουδαίων

1066 2411 1167 2450 βλάϐης
1180 2432 1188 2447 ,
1212 2410 1303 2440 ἑαυτὸν
1329 2411 1363 2443 εἷς
1378 2410 1408 2440 τὸ
1432 2409 1511 2448 μέσον
1530 2409 1705 2448 παρήγαγεν,
1723 2409 1770 2438 ἵνα
1798 2409 1861 2446 δείξῃ

1063 2456 1092 2484 τὸ
1116 2460 1229 2496 πρᾶγμα
1253 2455 1353 2495 ῥᾴδιον.
1381 2455 1444 2488 Πῶς
1468 2455 1496 2483 δὲ
1521 2455 1568 2483 οὐκ
1590 2454 1676 2489 ἐζήτει
1704 2455 1738 2483 τὸ
1770 2456 1860 2496 ἑαυτοῦ

1064 2500 1213 2542 συμφέρον,
1229 2501 1259 2529 ἐκ
1273 2501 1378 2529 πολλῶν
1397 2499 1487 2536 δῆλον,
1504 2494 1541 2528 ὧν
1554 2499 1601 2528 καὶ
1613 2499 1761 2538 προλαϐὼν
1779 2493 1860 2533 εἶπεν,

1065 2545 1104 2574 ὅτι
1125 2559 1135 2571 τι
1153 2547 1216 2578 Τοῖς
1230 2549 1297 2573 πᾶσι
1317 2544 1413 2583 γέγονα
1437 2543 1471 2573 τὰ
1486 2543 1574 2573 πάντα
1587 2552 1594 2559 ·
1613 2553 1628 2571 ι)
1649 2544 1773 2580 μάλιστα
1790 2544 1816 2573 δὲ
1838 2543 1860 2575 ἐξ

1065 2586 1101 2620 ὧν
1113 2589 1207 2624 εὔξατο
1223 2589 1342 2626 ἀνάθεμα
1359 2584 1425 2618 εἶναι
1441 2588 1507 2627 ὑπὲρ
1520 2589 1573 2617 τῶν
1589 2588 1711 2627 ἀδελφῶν
1724 2588 1763 2618 ⁴⁵.
1780 2602 1791 2613 ι
1811 2589 1859 2618 Μι-

1066 2634 1149 2673 μηταί
1173 2645 1222 2673 μου
1249 2634 1362 2672 γίνεσθε.
1379 2643 1394 2662 u
1412 2633 1453 2663 Τὸ
1471 2633 1516 2668 δὲ,
1544 2643 1558 2660 ¢
1575 2631 1668 2664 Καθὼς
1695 2632 1774 2670 κάγὼ
1791 2635 1858 2671 Χρι-

1065 2682 1126 2710 στοῦ
1136 2702 1144 2716 ,
1159 2690 1173 2708 »
1197 2679 1235 2716 μὴ
1255 2677 1379 2712 ἀλαζόνος
1394 2677 1470 2717 λόγον
1485 2677 1511 2696 ⁴⁶
1525 2676 1640 2716 νοήσῃς,
1655 2676 1727 2706 ἀλλὰ
1748 2688 1857 2717 προτρε-

910 2723 1005 2755 νειιοίεε
1030 2726 1181 2756 lectiones.

249 2766 271 2784 ⁴²
296 2768 376 2804 φυλῆς
400 2775 426 2795 ο-
465 2767 487 2784 ⁴³
513 2768 590 2804 λόγου
616 2775 642 2796 ο.
680 2767 726 2785 ⁸³⁴”
749 2766 832 2800 ἐπειδὴ
859 2776 887 2796 ο.
923 2768 945 2785 ⁸⁸
963 2771 1066 2805 ποιήσας
1077 2778 1102 2798 ο.
1142 2768 1164 2786 ⁸⁸
1179 2769 1213 2795 Τὸ
1233 2767 1274 2801 δὲ,
1302 2767 1408 2804 μιμηταί
1436 2776 1484 2802 μου
1507 2767 1572 2803 γίνε.
1600 2766 1683 2798 καθὼς
1707 2765 1751 2794 κά.
1776 2766 1805 2794 Χ.
1832 2773 1856 2792 ο.

214 2808 235 2824 ⁸⁸
247 2807 325 2844 λόγου
340 2807 463 2844 λογισμὸν
481 2815 511 2836 ο.
