1881 3081
45 194 95 220 693

44 254 156 294 πομένου
171 256 272 294 μᾶλλον
284 256 321 290 εἶς
341 255 390 291 τὴν
407 255 528 294 μίμησιν.
553 257 585 286 Εἰ
601 255 652 296 γὰρ
667 255 740 296 ἐγὼ,
752 255 835 294 φησὶ,
849 257 876 289 Α

46 300 158 340 Χριστὸν
183 300 358 339 ἐμιμησάμην
384 300 428 329 τὸν
452 301 693 341 καταφρονήσαντα
717 301 763 330 καὶ
788 302 835 336 τῆς

45 346 135 374 ἑαυτοῦ
163 345 230 380 ζωῆς
255 346 322 384 ῧπὲρ
351 347 398 375 τοῦ
420 346 499 381 ζῆσαι
525 348 612 382 ὑμᾶς,
636 345 711 385 πόσῳ
733 346 835 384 μᾶλλον

45 391 117 427 ὖμιῖς
129 388 176 427 ἐμέ
188 398 196 426 ς
211 389 251 419 Οὖ
267 389 319 428 γὰρ
333 393 458 419 τοσοῦτον
473 389 526 429 ἐγὼ
536 391 610 429 ὑμῶν
625 390 763 430 κρείττων,
773 389 834 420 ὅσον

44 435 137 468 ἐκεῖνος
153 434 234 472 ἐμοῦ,
251 435 266 463 ὁ
278 433 385 463 πάντων
402 435 568 475 ἆσυγκρίτως
584 434 732 475 ὑπερέχων.

324 529 470 560 ΚΕΦΑΛ.
493 530 552 560 ΙΑ’.

81 603 92 618 ι
106 590 230 621 Ἐπαινῶ
254 590 282 620 δὲ
295 592 380 629 ὑμᾶς,
405 591 514 632 ἀδελφοὶ
524 614 533 630 ,
548 591 589 621 ὅτι
602 591 689 622 πάντα
713 603 764 630 μου
784 590 834 630 μέ-

44 637 154 674 μνησθε.
174 649 187 662 ι
201 634 315 671 Ἐπειδὴ
331 636 375 665 τὸν
390 636 450 676 περὶ
476 637 528 665 τῶν
553 635 731 666 εἰδωλοθύτων
756 636 835 676 λόγον

45 679 188 721 ἆπήρτισι,
213 680 274 720 περὶ
297 679 421 718 μεγάλων
437 680 527 718 (ὄντα,
557 684 602 710 νῦν
625 681 782 722 κουφότερόν
809 693 834 710 τι

45 724 190 765 ἁμάρτημα
203 725 360 765 διορθοῦται.
381 725 466 755 Εἴωθε
481 725 532 764 γὰρ
548 725 646 764 μεταξὺ
663 727 714 755 τῶν
731 725 834 766 βαρέων

43 768 74 798 τὰ
93 770 241 810 κουφότερα
263 769 447 809 ἁμαρτήματα
471 770 580 801 τιθέναι.
597 771 633 801 Τί
650 771 676 800 δὲ
693 773 770 800 τοῦτο
785 766 834 807 ἧν;

46 815 77 843 Αἱ
100 813 147 852 μὲν
166 818 289 853 γυναῖκες
313 815 531 844 ἀκατακάλυπτοι
550 815 575 834 ⁴⁷
599 815 644 845 καὶ
659 815 773 855 ηὔχοντο
788 815 834 844 καὶ

44 858 219 899 προερήτευον
254 858 313 897 (καὶ
349 859 400 899 γὰρ
427 859 474 888 καὶ
502 862 626 899 γυναῖκες
656 860 832 900 προεφήτευον

43 903 112 941 τότε)
125 913 133 921 ⁶
149 905 175 933 οἱ
189 903 217 932 δὲ
234 903 324 943 ἄνδρες
336 903 439 942 ἐκόμων
454 929 459 939 ,
475 904 522 934 ἅτε
538 906 564 934 ἕν
581 905 723 946 φιλοσοφία
736 904 834 944 simi.

42 949 146 987 ψαντες,
161 948 209 977 καὶ
221 947 263 978 ὅτε
278 948 402 988 ηὔχοντο,
412 949 459 978 καὶ
472 949 514 978 ὅτε
525 950 715 989 προεφήτευον.
738 951 834 980 Ταῦτα

45 972 146 1002 ἔπεη,
161 972 209 977 η...
222 972 263 978 ,η
281 972 402 988 ..Ἂν-Ἴ
413 972 459 978 η...
474 972 514 978 ν..
528 972 715 989 "Furr"-..
744 972 834 980 ν.-.-
849 972 874 1004 Β

43 992 68 1021 οὲ
100 993 250 1027 Ελληνικοῦ
275 993 356 1031 νόμου
372 989 449 1029 ἦσαν.
473 993 554 1024 Ἐπεὶ
579 990 623 1024 οὖν
650 994 710 1035 περὶ
736 994 833 1024 τούτων

42 1037 187 1076 παρῄνεσεν
202 1038 310 1076 αὐτοῖς,
336 1037 399 1072 ἴσως
421 1037 464 1069 ὅτε
487 1041 594 1079 παρῆν,
609 1039 635 1074 ἐξ
653 1040 738 1074 αὐτῶν
763 1038 789 1068 δὲ
810 1040 833 1068 οἱ

43 1081 88 1119 μὲν
110 1082 281 1118 ὑπήκουσαν,
297 1083 321 1112 οἳ
346 1083 374 1112 δὲ
403 1083 572 1119 ἠπείθησαν·
599 1085 664 1124 φησὶ
689 1083 754 1124 περὶ
781 1084 833 1113 τῶν

42 1127 226 1156 ὑπακουόντων
243 1127 280 1164 ⁴⁸,
298 1125 338 1156 ὅτι
356 1127 494 1157 -Ἐπαινῶ
512 1129 598 1167 (υμᾶς,
619 1128 660 1158 ὅτι
673 1128 760 1158 πάντα
783 1140 833 1167 μου

43 1171 185 1209 μέμνησθε.
204 1185 216 1197 υ
240 1171 335 1201 Καίτοι
359 1184 387 1210 γε
414 1172 441 1201 ἓν
470 1169 501 1208 ἦν
527 1175 618 1208 τοῦτο,
641 1173 702 1212 περὶ
726 1175 770 1202 τοῦ
796 1173 834 1211 μὴ

42 1219 123 1255 κομᾷν
150 1215 212 1249 τοὺς
226 1216 322 1256 ἄνδρας
340 1227 346 1234 ·
370 1216 429 1245 ἀλλ’
445 1217 515 1255 ὅμως
539 1218 632 1254 αὐτὸς,
658 1230 670 1243 α
693 1217 802 1253 Πάντα,
818 1231 830 1242 ι·

43 1259 118 1300 φησὶ,
140 1271 155 1289 α
167 1259 305 1299 μέμνησθί
321 1272 380 1299 μου.
400 1271 414 1290 ιι
444 1260 495 1290 Ἀεὶ
518 1261 568 1302 γὰρ
583 1261 660 1291 εἴωθε
679 1263 764 1302 σοφῶς
781 1273 836 1299 μα-

41 1305 142 1334 λάττειν
167 1309 223 1339 τοῖς
241 1305 357 1339 ἐπαίνοις
381 1305 440 1339 τοὺς
456 1305 509 1335 ἀπὸ
534 1305 632 1336 τούτων
659 1307 836 1346 βελτιωοῆναι

43 1349 274 1388 προσδοκωμένους
279 1372 285 1379 .

82 1487 94 1501 α
112 1475 167 1506 Καὶ
182 1475 269 1510 καθὼς
283 1476 426 1516 παρέδωκα
442 1479 502 1515 ὑμῖν
517 1499 525 1514 ,
546 1477 593 1510 τὰς
610 1477 772 1517 παραδόσεις
786 1490 834 1507 κα-

43 1518 140 1559 τέχετε.
169 1534 182 1547 ι
196 1521 336 1551 Ἐντεῦθεν
363 1523 459 1558 δῆλον,
482 1521 521 1551 ὅτι
536 1521 581 1551 καὶ
602 1522 726 1563 ἀγράφως
748 1522 836 1553 πολλὰ

49 1547 140 1559 ηπ.-.
208 1547 332 1551 --η-η-.
365 1547 459 1558 -......,
484 1547 521 1551 -..
537 1547 581 1551 η-.
603 1547 670 1562 “Hm
692 1547 725 1556 κ.
751 1547 836 1553 ..-......

42 1565 179 1604 παρέδωκε
192 1567 237 1596 καὶ
252 1566 329 1600 αὐτὸς
347 1566 392 1595 καὶ
411 1567 435 1596 οἱ
453 1567 542 1596 λοιποὶ
559 1547 713 1597 ἀπόστολοι.
849 1547 872 1580 C

81 1666 95 1682 ι
110 1656 193 1687 Θέλω
207 1656 234 1685 δὲ
251 1657 320 1695 ὑμᾶς
341 1655 438 1686 εἰδέναι
449 1679 457 1693 ,
477 1656 518 1685 ὅτι
533 1656 630 1690 παντὸς
650 1656 742 1697 ἀνδρὸς
759 1659 775 1693 ἢ
791 1669 836 1687 κε-

41 1699 110 1739 φαλὴ
133 1703 147 1730 ὁ
159 1701 275 1740 Χριστός
296 1702 363 1730 ἐστι.
382 1714 393 1727 ιι
411 1702 490 1731 Δοκεῖ
505 1700 572 1739 μὲν,
589 1700 649 1731 ὅσον
665 1703 694 1731 ἐκ
715 1704 763 1738 τῆς
775 1703 835 1732 οἰκο-

41 1745 141 1778 λουθίας
170 1746 340 1784 διαλέγεσθαι
363 1746 427 1786 πρὸς
455 1745 515 1779 τοὺς
539 1747 582 1776 ὑπ’
604 1748 684 1776 αὐτοῦ
709 1748 834 1776 ἐπαινου-

42 1789 131 1827 μένους
146 1790 193 1819 Eni
209 1792 246 1831 τῷ
260 1791 382 1830 κατέχειν
407 1791 452 1823 τὰς
473 1790 636 1831 παραδόσεις
647 1803 653 1809 ·
725 1791 834 1832 ἀληθεία

41 1834 83 1873 Sil,
97 1834 157 1868 τοὺς
180 1835 375 1871 ἀπειθήσαντας
398 1836 558 1875 διορθοῦται.
569 1835 680 1876 paveo;
701 1836 728 1864 δὲ
744 1837 836 1876 ἀνδρὸς

43 1878 159 1918 ἀκούων,
182 1881 227 1908 τοῦ
242 1882 339 1909 πιστοῦ
353 1879 407 1909 νόει
424 1880 542 1920 κεφαλὴν
558 1874 625 1909 εἶναι
647 1881 690 1909 τὸν
703 1881 833 1919 Χριστόν.

42 1924 74 1952 Οἳ
89 1923 140 1964 γὰρ
152 1923 244 1953 πιστοί
257 1928 336 1962 ἐσμεν
349 1926 428 1963 σῶμα
445 1925 524 1954 αὐτοῦ
537 1947 546 1961 ,
562 1924 622 1964 οὐχὶ
634 1925 679 1953 καὶ
692 1926 715 1953 οἱ
727 1923 836 1960 υΕλλη-

42 1979 78 2002 νες
91 1980 97 1986 ·
111 1967 182 1999 ὥστε
197 1968 255 1998 οὐδὲ
270 1968 372 2010 κεφαλὴ
388 1969 494 1998 ἐκείνων
511 1971 525 1998 ὃ
542 1969 671 2009 Χριστός.

84 2070 94 2084 ιι
109 2057 222 2098 Κεφαλὴ
239 2058 266 2087 δὲ
280 2058 402 2096 γυναικὸς
427 2060 440 2087 ὁ
455 2058 523 2098 ἀνήρ
533 2070 540 2077 υ
556 2057 658 2099 κεφαλὴ
675 2058 701 2088 δὲ
717 2060 834 2099 Χριστοῦ

47 2102 150 2136 δΘεός.
163 2116 176 2129 ι
191 2103 302 2140 Κεφαλὴ
315 2103 439 2142 γυναικὸς
455 2106 469 2133 ὁ
483 2103 566 2143 ἀνὴρ,
587 2103 631 2133 διὰ
646 2104 675 2132 τὸ
690 2104 834 2158 κατάρχειν

62 2147 105 2157 ,η
153 2148 177 2158 υ
254 2148 309 2158 ...ω
399 2149 525 2158 ..ιηι
575 2147 700 2158 “te

44 2147 119 2182 αὐτῆς
131 2159 137 2166 ·
153 2148 270 2187 Χριστοῦ
284 2148 311 2177 δὲ
328 2149 430 2188 κεφαλὴ
448 2150 461 2177 ὁ
477 2149 558 2182 Θεὸς,
573 2149 616 2178 διὰ
629 2148 659 2177 τὸ
672 2147 752 2182 αἴτιος
768 2147 834 2178 εἶναι

42 2191 134 2230 αὐτοῦ1
149 2193 186 2226 ὡς
208 2192 303 2231 Πατὴρ
325 2193 400 2222 Υῑοῦ.
418 2193 459 2222 Οὐ
475 2194 512 2222 δεῖ
527 2193 578 2233 γὰρ
593 2193 626 2222 τὰ
642 2194 703 2232 περὶ
718 2194 835 2234 κεφαλῆς

42 2237 163 2275 εἰρημένα
179 2237 275 2274 ὁμοίως
291 2239 335 2266 καὶ
358 2237 402 2267 ἐπὶ
423 2238 542 2277 Χριστοῦ
556 2237 735 2275 ἐκλαμϐάνειν
751 2248 757 2255 ·
774 2239 833 2268 ἀλλ’

40 2282 113 2317 ἡμῶν
130 2282 179 2320 μὲν
201 2281 303 2322 κεφαλὴ
328 2283 341 2310 ὁ
362 2283 494 2323 Χριστὸς,
520 2282 564 2311 καὶ
587 2284 622 2315 ὡς
643 2282 809 2322 Δημιουργὸς
822 2305 831 2319 ,

41 2326 84 2354 καὶ
97 2327 131 2359 ὡς
144 2325 268 2364 σώματος
291 2327 370 2356 αὐτοῦ
399 2327 481 2356 ὄντων
507 2328 602 2364 ἡμῶν·
626 2329 640 2356 ὁ
665 2327 690 2356 δὲ
718 2328 831 2368 Πατὴρ,

42 2371 154 2409 Χριστοῦ
168 2371 285 2411 κεφαλὴ,
303 2373 338 2404 ὡς
361 2372 442 2406 αἴτιος
465 2373 554 2400 αὐτοῦ.
581 2372 614 2401 Εἰ
642 2372 669 2400 δὲ
692 2371 738 2401 καὶ
763 2374 832 2401 κατὰ

42 2414 202 2454 ἀνθρώπινον
224 2416 346 2450 ἐκλάόοις
360 2416 441 2450 οὕτως
457 2418 577 2454 εἰρῆσθαι
601 2416 646 2445 τὸν
663 2417 771 2456 Πατέρα
786 2419 830 2446 τοῦ

41 2460 154 2498 Χριστοῦ
182 2461 313 2500 κεφαλὴν,
339 2460 430 2500 ὥσπερ
457 2461 533 2493 αὐτὸς
558 2462 571 2490 ὁ
593 2461 710 2500 Χριστὸς
735 2461 831 2501 ἐλέχθη

40 2505 113 2540 ἡμῶν
128 2505 250 2544 κεφαλὴ,
268 2504 339 2534 οὐδὲν
362 2506 455 2538 ἀσεϐές
467 2517 473 2524 ·
490 2505 547 2534 ἐπεὶ
562 2506 606 2534 καὶ
622 2506 690 2539 Θεὸς
706 2506 719 2534 ὅ
736 2505 833 2546 Πατὴρ

41 2549 143 2587 λέγεται
157 2551 202 2578 τοῦ
228 2550 346 2589 Χριστοῦ
360 2551 431 2579 κατὰ
454 2550 484 2579 τὸ
498 2550 672 2590 ἀνθρώπινον.
688 2549 766 2580 Ἐπεὶ
781 2550 831 2590 γὰρ

41 2595 102 2632 ἡμῖν
123 2595 276 2632 ὣμοιῶσθαι
300 2594 326 2613 ⁴⁰
349 2593 521 2631 κατεδέξατο,
542 2595 587 2624 καὶ
612 2594 724 2635 ἀδελφὸς
752 2596 829 2633 ἡμῶν

42 2638 202 2677 ἐχρημάτισε
223 2639 268 2669 καὶ
283 2639 401 2678 κεφαλὴ,
424 2639 499 2668 οὐδὲν
523 2639 610 2669 καινὸν
637 2641 658 2669 εἰ
676 2638 721 2669 καὶ
738 2638 770 2669 τὰ
786 2641 832 2674 τῆς

41 2682 222 2718 ταπεινώσεως
236 2683 355 2723 ὀνόματα
374 2683 554 2724 καταδέχεται
567 2683 604 2724 ⁵ο,
627 2684 674 2713 καὶ
689 2684 733 2713 τὸν
757 2684 825 2713 κατὰ

847 2281 873 2312 D

497 192 674 221 EXPOSITIO
695 194 726 220 IN
746 193 849 221 EPIST.
871 192 881 220 l
900 192 946 219 AD
964 191 1044 220 (ΞΟΠ.
1064 206 1098 212 -
1116 192 1190 220 CAP.
1211 192 1243 219 X.

1635 194 1686 221 σοι

890 258 970 290 putes
992 253 1144 290 arrogantis
1158 261 1220 282 esse
1233 261 1400 287 sermonem,
1411 262 1507 283 verum
1516 255 1688 284 adhortantis

889 299 980 335 potius
987 298 1022 326 ad
1035 299 1230 327 imitationem.
1244 299 1273 326 Si
1284 299 1358 327 enim
1368 307 1430 335 ego,
1440 299 1539 336 inquit,
1549 301 1687 330 Christum

891 344 1014 372 imitatus
1031 351 1104 377 sum.
1126 343 1173 380 qui
1187 343 1273 372 vitam
1296 351 1374 372 suam
1393 345 1569 380 contempsit,
1592 349 1624 373 ut
1636 353 1688 374 nos

890 389 1022 422 vivamus,
1032 393 1136 425 quanto
1146 388 1236 425 potius
1245 396 1292 416 vos
1298 396 1343 416 me
1351 388 1524 417 imitabimini
1531 391 1542 416 Ρ
1549 390 1609 417 Non
1615 390 1687 418 enim

889 441 941 469 ego
955 437 1031 462 tanto
1054 441 1117 462 sum
1143 433 1242 461 melior
1265 433 1353 467 vobis,
1375 437 1481 470 quanto
1500 433 1544 462 ille
1567 441 1622 469 me,
1641 435 1688 470 qui

889 485 987 506 omnes
998 477 1248 514 incomparabiliter
1256 478 1402 506 antecellit.

1197 541 1313 569 CAPUT
1326 541 1376 569 XI.

925 595 1016 622 Vsns.
1035 598 1059 623 1.
1079 606 1091 619 σι
1111 594 1207 622 Laudo
1230 598 1322 622 autem
1336 602 1396 629 vos,
1420 594 1529 627 fratres,
1547 595 1623 632 quod
1642 604 1690 632 per

890 639 983 667 omnia
998 639 1053 667 mei
1069 647 1207 667 memores
1217 639 1316 674 estis._-
1332 638 1468 668 Absoluta
1483 639 1517 668 de
1531 639 1690 677 idolothytis

889 691 1032 718 sermone,
1049 684 1149 720 quippe
1173 684 1221 719 qui
1245 683 1278 712 de
1304 685 1415 720 magnis
1430 688 1498 718 erat,
1514 692 1588 713 nunc
1602 685 1689 714 levius

889 728 1029 765 quoddam
1044 733 1185 764 peccatum
1197 727 1278 764 185
1289 729 1408 765 corrigit.
1424 729 1495 757 Nam
1508 729 1578 758 inter
1593 729 1689 758 delicta

889 773 1024 809 graviora,
1043 773 1145 800 leviora
1160 773 1292 801 collocare
1306 774 1385 801 solet.
1413 773 1485 808 Quid
1507 778 1599 801 autem
1615 773 1688 802 istud

889 817 956 845 ﬁet?
977 817 1098 846 Feminae
1110 817 1220 853 quidem
1237 825 1290 845 non
1306 818 1395 845 velato
1409 818 1498 854 capite
1513 818 1640 852 orabant,
1655 826 1687 846 ac

889 862 1105 890 vaticinabantur
1117 864 1192 896 (nam
1207 866 1234 889 et
1247 861 1355 890 feminze
1371 866 1436 889 tunc
1450 862 1601 898 prophetiae
1615 862 1688 891 dono

889 907 969 934 clam
990 910 1089 940 erant),
1103 906 1149 934 viri
1170 911 1273 941 autem,
1288 907 1389 943 quippe
1409 907 1456 943 qui
1472 907 1500 934 in
1516 907 1687 943 philosophia

890 951 990 979 versati
1011 955 1113 986 essent,
1135 959 1244 979 comam
1274 951 1445 985 nutriebant,
1477 959 1541 979 cum
1574 951 1686 987 quando

886 999 1009 1029 orarent,
1018 1000 1078 1024 tum
1090 995 1200 1032 quando
1211 995 1415 1031 prophetarent.
1429 996 1496 1024 Haec
1507 1003 1570 1024 vero
1579 996 1686 1024 Graecae

887 1040 1092 1068 consuetudinis
1106 1044 1196 1068 erant.
1212 1040 1281 1075 Quia
1307 1040 1388 1076 igitur
1413 1039 1447 1068 de
1472 1040 1544 1068 hisce
1572 1048 1619 1068 eos
1637 1040 1687 1068 ad-

887 1089 1043 1121 monuerat,
1065 1084 1156 1112 forsan
1178 1092 1241 1112 cum
1266 1089 1368 1120 praesto
1389 1089 1471 1118 esset,
1487 1089 1567 1121 atque
1589 1093 1686 1113 eorum

887 1129 998 1166 quidam
1013 1129 1057 1157 alii
1071 1130 1338 1164 obtemperaverant,
1360 1129 1404 1156 alii
1424 1137 1489 1158 vero
1505 1137 1561 1157 non
1579 1129 1686 1158 obtem-

885 1178 1062 1210 peraverant;
1078 1173 1113 1202 de
1137 1173 1330 1202 obedientibus
1344 1174 1443 1210 inquit,
1466 1185 1478 1198 ιι
1497 1173 1593 1202 Laudo
1621 1182 1680 1209 vos,

887 1218 961 1255 quod
975 1227 1021 1254 per
1041 1219 1134 1246 omnia
1158 1219 1213 1246 mei
1229 1226 1365 1247 memores
1379 1218 1455 1246 estis.
1475 1231 1487 1243 ν
1513 1219 1598 1255 Atqui
1614 1219 1685 1247 inter

888 1268 986 1292 cetera
1010 1263 1081 1291 istuc
1104 1271 1190 1291 unum
1205 1267 1275 1296 erat,
1297 1263 1331 1291 de
1351 1271 1430 1292 coma
1454 1271 1510 1291 non
1539 1264 1685 1292 nutrienda

889 1316 937 1344 per
951 1309 1042 1342 viros;
1056 1308 1113 1344 ipse
1126 1313 1216 1336 tamen
1240 1320 1252 1332 «ι
1269 1309 1319 1336 Per
1335 1308 1437 1342 omnia,
1454 1320 1466 1333 ιι
1483 1309 1584 1344 inquit,
1601 1320 1613 1333 ι
1630 1309 1683 1336 mei

890 1353 1064 1380 meministis.
1083 1364 1095 1376 -
1111 1354 1225 1388 Semper
1240 1353 1314 1380 enim
1325 1353 1464 1389 sapienter
1476 1353 1624 1389 praeconiis
1638 1361 1686 1381 eos

890 1397 974 1425 lenire
988 1398 1068 1432 solet,
1087 1397 1121 1425 de
1136 1397 1237 1434 quibus
1256 1405 1318 1434 spes
1339 1401 1390 1430 est.
1406 1398 1480 1434 quod
1493 1406 1540 1434 per
1554 1397 1604 1426 ista
1620 1405 1685 1434 pos-

889 1442 945 1470 sint
958 1442 987 1470 in
1003 1442 1143 1470 meliorem
1154 1445 1257 1470 statum
1269 1441 1366 1478 redigi.

925 1488 1012 1514 Vens.
1026 1489 1051 1514 2.
1069 1498 1082 1511 ι
1111 1486 1352 1522 Quemadmodum
1377 1485 1477 1515 tradidi
1489 1487 1576 1520 vobis,
1603 1486 1687 1516 tradi-

889 1531 978 1559 tiones
995 1531 1154 1559 continetis.
1169 1543 1181 1555 η
1197 1531 1268 1559 Hinc
1276 1531 1449 1567 perspicuum
1467 1530 1508 1565 ﬁt,
1519 1531 1593 1567 quod
1613 1531 1686 1560 haud

892 1584 976 1612 pauca
1011 1576 1070 1604 sine
1094 1576 1204 1612 scriptis
1226 1576 1392 1604 tradiderint
1404 1580 1432 1604 et
1457 1576 1514 1612 ipse
1532 1580 1560 1604 et
1588 1576 1685 1612 reliqui

890 1620 1016 1657 apostoli.

926 1667 1016 1693 Vsus.
1031 1668 1056 1693 8.
1075 1676 1088 1689 ιι
1104 1664 1173 1693 Volo
1188 1669 1280 1693 autem
1296 1672 1344 1692 vos
1357 1665 1436 1698 scire,
1456 1664 1530 1700 quod
1541 1664 1688 1701 cujuslibet

890 1710 938 1737 viri
952 1713 1033 1745 caput
1046 1709 1170 1737 Christus
1184 1714 1233 1737 est.
1261 1721 1273 1734 υ
1289 1709 1407 1737 Videtur
1419 1709 1531 1745 quidem
1546 1714 1684 1746 quantum

889 1763 905 1782 a
925 1754 1071 1782 verborum
1099 1754 1290 1790 consequentia
1305 1754 1452 1790 colligitur,
1477 1753 1514 1782 ad
1533 1761 1581 1782 eos
1604 1754 1686 1782 verba

890 1798 988 1833 facere,
1009 1806 1080 1835 quos
1103 1806 1136 1826 eo
1151 1797 1282 1831 laudavit,
1302 1798 1375 1834 quod
1389 1803 1522 1834 praecepta
1535 1798 1590 1826 sive
1602 1798 1686 1826 tradi-

889 1843 977 1871 tiones
1000 1843 1188 1871 observassent
1210 1851 1217 1870 :
1244 1850 1337 1870 revera
1367 1846 1459 1870 autem
1492 1843 1686 1879 immorigeros

890 1887 1011 1923 corrigit.
1025 1888 1095 1915 Cum
1110 1895 1175 1914 vero
1196 1886 1342 1922 cujuslibet
1360 1886 1408 1914 viri
1419 1890 1500 1922 caput
1524 1894 1581 1914 esse
1603 1886 1686 1914 Chri-

889 1936 964 1960 stum
978 1931 1066 1964 audis,
1093 1931 1126 1959 de
1140 1931 1211 1959 ﬁdeli
1232 1931 1302 1958 istuc
1328 1930 1475 1967 intelligas.
1502 1932 1573 1959 Nam
1592 1931 1686 1959 ﬁdeles

891 1985 942 2005 nos
957 1984 1053 2004 sumus
1067 1983 1166 2012 corpus
1181 1975 1282 2011 ipsius;
1302 1983 1357 2003 non
1370 1979 1464 2003 autem
1483 1975 1572 2003 Graeci
1584 1975 1685 2004 inﬁde-

890 2022 929 2050 les
945 2030 951 2049 :
964 2029 1050 2057 quare
1063 2029 1113 2048 nec
1123 2024 1205 2056 caput
1221 2020 1331 2048 illorum
1352 2020 1485 2048 Christus.

927 2078 940 2091 σι
959 2067 1046 2102 Caput
1067 2070 1159 2093 autem
1175 2065 1298 2093 mulieris
1313 2065 1367 2098 vir;
1392 2069 1473 2100 caput
1495 2072 1558 2093 vero
1583 2064 1685 2093 Christi

890 2113 973 2140 Deus.
995 2123 1007 2135 »ι
1031 2111 1118 2147 Caput
1138 2110 1229 2138 uxoris
1245 2110 1360 2137 maritus
1387 2114 1439 2143 est,
1453 2114 1594 2146 propterea
1609 2109 1684 2146 quod

889 2156 1046 2184 dominetur
1060 2156 1088 2182 in
1101 2163 1160 2183 eam
1178 2164 1184 2182 :
1201 2155 1300 2183 Christi
1323 2163 1385 2182 vero
1403 2159 1485 2190 caput
1511 2156 1596 2189 Deus,
1609 2155 1684 2190 quod

889 2201 925 2228 sit
935 2201 993 2237 ejus
1005 2208 1097 2231 causa.
1122 2205 1154 2228 ut
1168 2201 1247 2228 Pater
1261 2199 1328 2227 Filii.
1353 2200 1416 2226 Non
1433 2203 1542 2235 oportet
1555 2199 1628 2227 enim
1650 2207 1682 2227 ea

889 2253 950 2282 qua:
965 2244 999 2272 de
1013 2246 1099 2279 capite
1112 2245 1184 2272 dicta
1199 2248 1274 2278 sunt,
1290 2252 1321 2272 ex
1336 2251 1416 2280 aequo
1435 2243 1468 2271 de
1481 2243 1588 2271 Christo
1603 2244 1678 2271 intel-

889 2286 969 2321 ligere
984 2293 991 2312 :
1015 2293 1109 2312 verum
1131 2289 1258 2312 nostrum
1274 2283 1384 2320 quidem
1395 2289 1477 2320 caput
1491 2288 1532 2311 est
1546 2284 1682 2318 Christus,

887 2335 915 2358 et
939 2334 1072 2365 quatenus
1094 2334 1136 2357 est
1162 2334 1272 2356 creator
1295 2333 1400 2362 noster,
1426 2333 1452 2356 et
1475 2333 1608 2364 quatenus
1632 2336 1682 2357 Ποε

886 2383 981 2402 sumus
996 2374 1082 2410 ipsius
1095 2382 1204 2409 corpus.
1219 2373 1321 2401 Christi
1335 2377 1425 2401 autem
1439 2377 1521 2409 caput
1537 2375 1616 2401 Pater
1627 2377 1682 2407 est,

886 2427 936 2447 ceu
949 2427 1029 2447 causa
1040 2419 1134 2454 ipsius.
1157 2418 1202 2445 Sin
1211 2419 1288 2454 juxta
1297 2418 1495 2445 humanitatem
1513 2418 1631 2454 accipias
1645 2418 1684 2446 sic

887 2464 990 2492 dictum
1005 2471 1062 2491 esse
1078 2465 1184 2491 Patrem
1196 2463 1297 2491 Christi
1317 2467 1398 2498 caput
1408 2483 1416 2496 ,
1432 2463 1541 2498 perinde
1559 2472 1590 2490 ac
1603 2462 1682 2491 Chri-

887 2513 945 2536 stus
978 2508 1069 2536 dictus
1089 2512 1130 2536 est
1154 2511 1236 2543 caput
1274 2512 1414 2540 nostrum,
1441 2507 1509 2534 nihil
1537 2507 1682 2542 impietatis

887 2553 1027 2581 admittis:
1061 2552 1283 2589 quandoquidem
1328 2557 1354 2579 et
1380 2553 1455 2580 Deus
1480 2554 1561 2580 Pater
1583 2551 1683 2579 Christi

887 2598 987 2626 dicitur
1014 2597 1165 2626 secundum
1193 2597 1407 2625 humanitatem.
1424 2596 1493 2632 Quia
1516 2596 1590 2623 enim
1603 2595 1683 2623 nobis

887 2643 1032 2671 assimilari
1054 2643 1184 2678 dignatus
1198 2646 1249 2675 est,
1277 2645 1303 2668 et
1322 2640 1407 2669 frater
1420 2645 1524 2674 noster,
1551 2643 1579 2667 et
1600 2644 1684 2674 caput

888 2692 1016 2716 nostrum
1028 2686 1124 2720 audiit,
1140 2686 1204 2714 nihil
1220 2694 1322 2714 novum
1337 2690 1387 2719 est,
1403 2686 1424 2714 si
1443 2690 1470 2713 et
1483 2684 1684 2712 humiliationis

729 2760 826 2790 Variae
849 2760 999 2790 lectiones.

78 2833 96 2850 ‘7
117 2833 331 2866 ἆκατακαλύπτως
341 2843 368 2864 0.
407 2836 428 2852 ⁵⁸
443 2835 633 2863 ὑπακουσάντων
646 2844 672 2864 0.
712 2836 733 2852 ‘9
757 2836 910 2872 ὁμοιωθῆναι
924 2843 951 2863 0.
989 2835 1011 2852 ⁸ο
1023 2833 1168 2870 ἀναδέχεται
1184 2842 1211 2861 0.
