1881 3081
224 183 274 209 695
730 178 986 207 THEOPHYLACTI
1006 177 1186 206 BULGARIE
1205 177 1363 206 ARCHIEP.
1792 181 1826 207 896

221 244 333 272 nomina
356 243 481 278 recipiat,
491 250 524 271 ac
531 250 594 270 eum
610 242 654 278 qui
662 242 739 278 juxta
754 241 926 269 divinitatem
936 242 1007 269 Patet

1073 240 1121 276 τὴν
1151 240 1263 277 θεότητα
1291 241 1402 280 Πατέρα
1430 240 1487 281 ἔχει
1521 239 1636 280 κεφαλὴν
1665 240 1730 270 κατὰ
1750 240 1774 271 τὸ
1794 243 1826 271 ἆν-

220 293 273 322 est,
281 292 362 325 caput
372 287 474 316 habeat
487 287 639 315 secundum
650 286 851 315 humanitatem
859 294 948 320 suam,
957 290 1017 314 tan-

222 341 307 370 quam
326 333 475 369 principem
489 336 517 360 et
531 333 621 360 Deum
631 339 724 360 suum.

259 379 351 406 Vns.
365 380 392 406 4.
410 388 424 401 ι
449 376 548 405 Omnis
568 376 610 404 vir
633 383 714 404 orans
728 381 776 405 aut
794 376 972 413 prophetam,
987 375 1017 403 in

222 423 311 459 capite
325 422 437 455 habens,
457 421 584 456 deturpat
605 425 688 457 caput
712 429 804 450 suum.
821 433 835 446 1
849 421 946 450 Virum
960 427 1017 448 non

221 467 336 496 omnino
362 470 444 503 caput
462 466 570 502 operire
600 465 737 501 prohibet,
763 466 812 494 sed
836 467 865 494 in
893 464 1017 494 oratione

220 516 362 541 tantumet
368 510 524 548 prophetia.
538 511 594 538 Nec
605 509 686 544 dixit,
695 511 795 538 Tectus
805 514 895 547 caput,
908 517 1015 542 verum,

223 569 236 582 ι
256 558 289 585 In
302 556 391 592 capite
406 555 521 588 habens,
538 566 552 578 ι
566 559 598 582 ut
609 554 715 583 auferat
727 563 783 583 non
797 556 888 583 solum
901 553 1015 582 velatio-

221 610 285 630 nem
312 609 359 637 per
375 601 487 636 pileum,
501 608 595 627 verum
617 600 700 627 etiam
731 600 813 636 186
830 608 879 636 per
892 606 1014 627 comam.

222 648 294 675 Nam
307 646 354 682 qui
369 653 477 673 comam
490 645 585 677 nutrit,
598 645 680 672 etiam
699 645 726 672 in
745 645 832 681 capite
855 644 947 677 habet,
967 650 1013 670 co-

219 699 293 719 mam
322 690 455 718 videlicet.
495 690 546 724 Qui
568 697 634 717 vero
656 689 792 725 pudefacit
807 694 890 726 caput
915 688 1017 717 suum?

218 737 288 772 Quia
303 744 367 763 cum
383 735 508 770 princeps
527 735 573 767 sit,
603 734 698 770 suique
714 734 793 770 juris,
817 742 846 762 se
870 735 928 770 ipse
948 735 1016 772 jugo

219 780 322 808 subdit.
336 780 424 815 Caput
433 779 508 807 enim
531 783 685 814 contegere,
704 783 746 807 est
760 783 920 814 potestatem
934 781 1015 816 capiti

220 821 374 856 imponere.
400 820 469 847 Nam
485 819 583 854 capitis
595 823 785 855 tegumentum
800 823 842 846 est
854 819 1014 848 dominato-

218 865 258 893 ris
279 865 346 897 vice,
362 865 527 900 signumque
540 863 717 899 subiectionis
731 885 737 891 .
752 865 799 892 Vel
814 863 888 892 hunc
906 864 940 893 ad
954 873 1014 893 mo-

218 905 305 933 dum:
328 895 469 932 PudEfacit
482 895 628 931 .Christu-m
653 909 735 939 caput
769 912 862 938 suum,
893 905 1013 940 seipsum
1029 895 1053 926 Β

219 950 352 977 nimirum
376 948 545 976 imminuens
566 956 598 976 ac
610 948 733 976 libertate
745 949 863 984 privaus.
880 950 921 978 Ut
939 949 1013 978 enim

218 995 346 1030 exiguum
358 1001 456 1028 corpus
472 993 608 1028 pudefacit
617 998 710 1028 caput,
722 993 761 1020 sic
777 993 823 1029 qui
839 1001 853 1021 a
869 995 929 1021 Deo
942 994 1012 1022 liber

218 1040 315 1075 suique
332 1039 403 1074 juris
422 1037 508 1065 factus
523 1042 574 1070 est,
593 1038 716 1073 seipsum
739 1042 832 1065 autem
860 1038 1012 1071 imminuit,

217 1091 249 1112 ac
259 1083 340 1111 veluti
353 1083 404 1110 sub
419 1086 552 1118 potestate
560 1087 641 1116 esset,
659 1083 695 1109 ita
705 1090 735 1110 se
746 1083 884 1118 contegit;
901 1083 1012 1111 Christo

217 1128 298 1163 capiti
311 1128 379 1162 eius,
395 1131 528 1162 tanquam
542 1127 676 1162 corporis,
687 1131 727 1154 est
741 1127 843 1154 decori.
859 1128 921 1155 Non
934 1127 1015 1156 fuerit

217 1177 309 1200 autem
318 1172 366 1199 abs
376 1179 404 1199 re
417 1179 552 1207 quazrere,
563 1179 611 1199 cur
624 1171 707 1199 veluti
715 1171 824 1205 culpam
834 1176 861 1199 et
871 1177 1012 1207 peccatum

219 1217 290 1244 istuc
313 1217 463 1252 Apostolus
485 1217 612 1251 posuerit.
648 1217 723 1243 Inter
742 1216 828 1243 multa
872 1217 925 1244 alia
952 1225 1012 1252 qua:

217 1270 281 1290 cum
304 1263 361 1289 viro
382 1265 442 1289 tum
466 1260 585 1293 feminaz,
605 1260 644 1288 illi
657 1268 757 1297 nen.pe
770 1261 798 1288 in
815 1260 940 1295 dominii,
951 1261 1013 1289 huic

217 1307 246 1334 in
266 1306 443 1342 subjectionis
456 1306 534 1341 signa
553 1306 654 1333 tradita
675 1309 765 1338 erant,
787 1306 858 1334 istud
871 1307 965 1340 etiam,
981 1311 1013 1334 ut

217 1352 262 1380 ille
274 1352 385 1387 quidem
401 1354 482 1386 caput
500 1351 615 1385 aperiat,
631 1350 680 1378 ista
700 1355 793 1378 autem
813 1355 898 1387 tegat,
914 1351 948 1379 iis
962 1359 1012 1387 pro

217 1397 343 1432 symbolo
357 1395 452 1423 datum
477 1399 544 1422 erat.
561 1395 708 1430 Quomodo
734 1395 817 1431 igitur
830 1395 911 1431 culpa
925 1400 1011 1429 vacet,

218 1446 323 1468 naturae
333 1441 403 1476 leges
416 1439 610 1475 praetergredi;
625 1447 657 1466 ac
668 1440 758 1467 virum
773 1439 886 1476 quidem
901 1448 1010 1468 comam

216 1486 331 1518 nutrire,
345 1485 487 1513 mulierem
500 1492 566 1511 vero
576 1487 678 1511 retecto
688 1492 747 1511 esse
759 1485 862 1520 capite?
877 1485 933 1512 Hoc
945 1492 1011 1520 ergo

216 1530 298 1563 tollit,
314 1538 363 1557 ceu
379 1528 546 1564 arrogantia:
561 1529 680 1564 signum,
696 1535 758 1564 qua:
776 1536 831 1556 non
847 1536 933 1564 pauca
945 1537 1011 1557 sane

1070 285 1215 326 θρώπινον,
1231 287 1267 319 ὥς
1281 285 1400 326 ἄρχοντα
1414 287 1512 324 αὺτοῦ,
1527 286 1573 315 καὶ
1586 287 1621 319 ὥς
1636 285 1704 316 Θεὸν
1715 287 1790 317 αὑτῶ.

1116 391 1128 404 α
1144 376 1203 408 Πᾶς
1214 373 1282 415 ἀνὴρ
1292 374 1504 414 προσευχόμενος
1515 373 1532 410 ἢ
1544 373 1729 415 προφητεύων,
1743 375 1800 405 κατὰ
1812 375 1827 394 ⁵⁸

1071 422 1190 463 κεφαλῆς
1212 419 1299 459 ἔχων,
1320 419 1491 459 καταισχύνει
1518 418 1566 455 τὴν
1589 419 1705 458 κεφαλὴν
1725 420 1802 451 αΰτοῧ.
1819 433 1828 447 ι

1071 468 1130 498 οὐκ
1153 464 1195 494 ἀεὶ
1217 464 1314 494 κωλύει
1334 464 1378 493 τὸν
1404 463 1487 503 ἄνδρα
1506 463 1765 502 κατακαλύπτεσθαι,
1778 464 1830 494 ἀλλὰ

1071 511 1150 550 μόνον
1163 513 1189 540 ἐν
1204 511 1341 550 προσευχῇ
1355 508 1401 538 καὶ
1417 508 1576 550 προφητεία.
1592 509 1652 539 οὐκ
1670 503 1725 538 εἷπε
1737 509 1761 538 δὲ
1771 531 1779 545 ,
1793 510 1830 540 Κι-

1072 555 1239 594 καλυμμένος
1261 553 1309 588 τὴν
1329 553 1461 593 κεφαλὴν,
1487 554 1577 590 ἀλλὰ,
1605 564 1620 582 ιι
1644 553 1720 584 Κατὰ
1741 556 1830 595 κεφαλῆς

1073 601 1162 641 ἔχων⁹
1186 613 1197 626 ν
1216 598 1261 628 ἵνα
1287 597 1368 637 ἀνέλῃ
1394 600 1423 628 οὗ
1454 599 1537 635 μόνον
1560 599 1591 628 τὸ
1616 599 1831 630 κατακαλύπτεσθαι

1070 645 1168 685 ἱματίῳ
1184 644 1220 680 ⁵²,
1236 643 1304 672 ἀλλὰ
1321 643 1366 672 καὶ
1389 644 1459 682 κόμῃ
1475 655 1482 662 ·
1506 643 1550 672 καὶ
1574 644 1588 672 ὅ
1610 645 1697 681 κομῶν
1720 643 1765 683 γὰρ
1780 645 1830 674 κατᾶ

1071 691 1188 730 κεφαλῆς
1206 687 1278 728 ἔχει,
1299 688 1348 723 τὴν
1360 688 1444 725 κόμην
1461 688 1574 724 δηλαδή.
1589 689 1653 721 Πῶς
1668 688 1694 717 δὲ
1713 690 1830 728 καταισχύ-

1071 747 1110 765 νει
1139 733 1186 769 τὴν
1209 732 1327 773 κεφαλὴν
1353 734 1449 769 αὖτοῧς
1473 732 1548 762 Διότι.
1573 733 1663 772 ἄρχων
1682 732 1781 772 γεγονὼς
1799 735 1830 763 καὶ

1069 778 1252 814 ἐξουσιαστὴς,
1266 777 1316 807 ὑπὸ
1330 776 1446 811 ἐξουσίαν
1464 781 1534 807 ποιεῖ
1553 777 1656 807 ἑαυτόν.
1685 778 1722 807 Τὸ
1735 777 1779 817 γὰρ
1793 790 1829 808 κε-

1069 824 1200 864 καλύφθαι
1244 821 1291 856 τὴν
1323 822 1440 862 κεφαλὴν
1498 821 1616 855 ἐξουσίαν
1653 821 1782 853 ἐπιτιθέναι

1069 869 1172 907 κεφαλῇ
1198 869 1267 897 ἐστιν
1283 878 1290 886 -
1304 866 1362 896 ἀντὶ
1377 866 1428 907 γὰρ
1449 866 1618 901 ἓξουσιαστοῧ
1633 868 1687 896 ἐστι
1699 867 1727 896 τὸ
1747 866 1783 896 ἐπὶ
1799 870 1831 902 τῆς

1069 914 1185 952 κεφαλῆς
1211 911 1359 950 κάλυμμα,
1375 911 1421 940 καὶ
1444 911 1553 949 σημεῖον
1578 913 1719 950 ὕποταγῆς.
1744 910 1778 942 Ἦ
1799 911 1830 941 καὶ

1067 957 1136 987 οὕτω
1151 968 1158 975 °
1184 955 1364 996 Καταισχύνει
1380 956 1423 986 τὸν
1439 956 1556 996 Χριστὸν
1571 955 1620 992 τὴν
1635 955 1746 996 κεφαλὴν
1761 958 1830 994 αὑτοῦ,

1067 1001 1291 1041 κατασμικρύνων
1309 1000 1412 1036 δηλαδὴ
1429 1000 1522 1030 ἑαυτὸν
1533 999 1579 1029 καὶ
1590 1001 1751 1040 ἀνελεύθερον
1759 1002 1829 1031 ποιῶν.

1067 1045 1118 1080 Ὦς
1129 1046 1180 1086 γὰρ
1198 1046 1228 1075 τὸ
1252 1045 1346 1084 μικρὸν
1365 1047 1444 1083 σῶμα
1465 1045 1640 1084 καταισχύνει
1655 1045 1702 1081 τὴν
1720 1045 1831 1085 διεγαλήν-

1067 1091 1136 1120 οὕτω
1151 1090 1196 1120 καὶ
1221 1092 1235 1120 ὃ
1262 1090 1313 1119 ὕπὸ
1342 1092 1414 1120 Θεοῦ
1443 1090 1491 1129 μὲν
1515 1089 1631 1130 γεγονὼς
1658 1090 1779 1130 ἐλεύθερος
1799 1089 1830 1119 καὶ

1067 1135 1230 1169 αὐτεξούσιος
1241 1157 1250 1172 ,
1265 1134 1487 1175 κατασμικρύνων
1512 1135 1538 1164 δὲ
1565 1135 1676 1171 ἑαυτὸν,
1690 1134 1733 1164 καὶ
1754 1137 1783 1168 ὡς
1798 1134 1829 1163 ὕπ’

1067 1180 1185 1214 ἐξουσίαν
1209 1179 1273 1209 ὄντα
1302 1178 1371 1208 οὕτω
1397 1180 1557 1216 καλύπτων,
1583 1180 1620 1213 εἰς
1650 1180 1767 1220 αἰσχύνην
1789 1179 1829 1208 ἐστὶ

1067 1226 1200 1265 Χριστοῦ,
1216 1223 1243 1256 ὅς
1260 1225 1317 1269 ἐστι
1334 1225 1435 1269 κειραλὴ
1459 1224 1554 1259 αὐτοῦ,
1575 1225 1610 1256 ὥς
1626 1224 1750 1262 σώματος.
1768 1223 1832 1257 Ἄξιον

1067 1270 1094 1299 δὲ
1111 1271 1242 1305 ζητῆσαι,
1265 1268 1334 1301 τίνος
1357 1267 1445 1298 ἕνεκεν
1467 1270 1502 1302 ὡς
1525 1268 1650 1307 ἔγκλημα
1672 1271 1744 1298 τοῦτο
1755 1269 1832 1304 τίθησιν
1864 1272 1865 1277 ‘

1071 1316 1085 1343 ὁ
1100 1313 1265 1345 Ἀπόστολος.
1292 1313 1432 1351 Σύμϐολον
1447 1313 1552 1342 δέδοται
1567 1316 1606 1353 τῷ
1620 1313 1694 1353 ἀνδρὶ
1707 1313 1748 1342 καὶ
1800 1325 1833 1350 γυ-

1065 1358 1147 1388 ναικί·
1159 1360 1196 1398 τῷ
1211 1357 1272 1397 μὲν,
1289 1359 1336 1393 τῆς
1351 1358 1446 1397 ἀρχῆς
1507 1357 1546 1394 δὲ,
1557 1357 1833 1397 τῆς,ὗποταγῆς,ποιλᾶ

1067 1403 1114 1441 μὲν
1132 1402 1179 1432 καὶ
1203 1402 1285 1438 ἄλλα,
1302 1402 1347 1431 καὶ
1366 1405 1445 1431 τοῦτο
1465 1401 1496 1438 δὴ
1514 1403 1544 1432 τὸ
1566 1402 1611 1432 τὸν
1628 1402 1675 1441 μὶν
1690 1402 1833 1432 ἀκατακάλυ-

1066 1458 1130 1476 πτον
1147 1442 1232 1482 εἶναι,
1249 1447 1295 1482 τὴν
1313 1446 1340 1476 δὲ
1354 1446 1528 1487 κδκαλύςρθαι.
1545 1448 1606 1480 Πῶς
1623 1443 1668 1476 οὖν
1679 1448 1723 1477 οὐκ
1737 1446 1833 1487 ἔγκλημα

1066 1491 1169 1525 τὸτοὺς
1193 1492 1268 1532 ὅρους
1293 1493 1340 1526 τῆς
1363 1490 1465 1531 φύσεως
1491 1492 1720 1531 παραϐαίνεσθαι,
1745 1491 1833 1521 καὶτὸν
1865 1519 1866 1533 Ξ

1067 1536 1113 1575 μὲν
1130 1536 1213 1577 ἄνδρα
1234 1540 1339 1576 κομᾷν,
1360 1536 1408 1571 τὴν
1433 1536 1460 1566 δὲ
1485 1540 1599 1576 γυναῖκα
1626 1536 1832 1573 ἄνακεκαλύφθαι;

216 1575 244 1602 in
260 1575 342 1602 rebus
358 1573 546 1601 ecclesiasticis
560 1577 587 1600 et
601 1576 688 1600 vastat
705 1577 732 1600 et
743 1572 840 1608 perdit.
852 1573 924 1601 Hinc
937 1574 1007 1602 enim

1069 1572 1154 1611 Τοῦτο
1180 1572 1224 1610 οὖν
1251 1572 1354 1619 ἀναιρεῖ
1381 1581 1416 1614 ὣς
1439 1572 1577 1614 αὐθαδείας
1605 1583 1730 1618 σημεῖον,
1755 1583 1795 1617 τῆς
1813 1581 1833 1609 οὗ

218 1619 345 1647 oriuntur
359 1618 490 1649 haereses.
508 1625 541 1645 ex
570 1616 763 1651 hocscilicet,
790 1617 864 1653 quod
891 1625 921 1645 ea
944 1626 1005 1654 qua:

218 1663 323 1699 legibus
359 1661 508 1689 constituta
536 1666 610 1695 sunt,
639 1662 837 1698 ,unusquisque
866 1666 1007 1699 transgre-

215 1707 313 1736 diatur.

252 1753 341 1780 Vsus.
359 1754 384 1779 5.
403 1762 415 1775 «ι
432 1751 529 1779 Omnis
553 1755 645 1779 autem
661 1751 761 1779 mulier
781 1759 864 1780 orans
878 1756 926 1780 aut
948 1761 1012 1788 pro-

218 1797 336 1834 phemus
361 1804 416 1824 non
435 1798 524 1824 velato
549 1796 638 1832 capite
664 1796 794 1832 deturpat
811 1801 895 1833 caput
914 1806 1009 1832 suum;

217 1850 302 1869 unum
321 1841 394 1868 enim
409 1845 436 1868 et
449 1840 523 1868 idem
539 1845 590 1873 est,
607 1849 639 1869 ac
653 1841 675 1868 si
692 1849 753 1869 rasa
767 1846 846 1869 esset.
860 1853 872 1866 ιι
891 1842 1012 1870 Fuerunt

215 1891 308 1915 autem
334 1890 360 1913 et
374 1885 484 1913 femina:
508 1885 659 1921 prophetiae
682 1889 723 1919 (ut
746 1885 878 1920 diximus)
905 1887 1011 1915 donum

215 1931 404 1963 habentes,‘ut
417 1930 531 1965 Philippi
542 1930 605 1958 lilia:
619 1931 733 1966 aliaeque
747 1931 851 1959 multa.
863 1932 1011 1966 Quomodo

215 1984 278 2004 vero
294 1975 432 2011 pudefacit
453 1979 534 2010 caput
551 1977 650 2003 suum?
677 1975 745 2010 Quia
762 1975 904 2011 fugitivum
920 1976 1011 2012 quod-

214 2021 280 2048 dam
293 2024 374 2054 caput
397 2019 526 2054 ostendit,
541 2024 573 2047 ut
587 2028 648 2055 quae
662 2019 795 2048 defecerit
809 2029 825 2048 a
846 2020 946 2048 tradita
959 2021 1010 2049 sibi

215 2073 229 2092 a
248 2066 307 2092 Deo
322 2068 465 2100 potestate.
481 2065 594 2092 Noveris
606 2069 701 2092 autem
718 2065 794 2100 quod
808 2065 936 2092 virumiu
950 2073 1011 2093 ora-

215 2109 290 2137 tione
304 2113 331 2136 et
346 2108 490 2145 prophetia
506 2113 577 2137 vetet
591 2117 650 2136 esse
662 2113 736 2136 tecto
751 2109 851 2144 capite,
865 2109 1010 2139 mulierem

214 2162 278 2182 vero
293 2161 349 2181 non
363 2154 428 2182 solis
443 2154 518 2182 hisce
542 2154 596 2181 illis
620 2153 800 2189 temporibus,
824 2161 918 2181 verum
937 2162 1010 2183 sem-

213 2206 270 2234 per.
285 2199 346 2226 Hoc
356 2200 431 2227 enim
441 2199 497 2226 vult
505 2206 554 2234 per
566 2198 695 2233 hocquod
710 2198 750 2225 ait
767 2207 773 2225 ε
791 2209 803 2222 «ι
817 2199 912 2226 Unum
934 2200 1008 2228 enim

213 2247 241 2271 et
256 2243 327 2272 idem
349 2248 390 2271 est
404 2251 435 2271 ac
449 2244 472 2271 si
496 2250 558 2270 rasa
575 2246 656 2269 esset.
674 2252 688 2266 »
705 2243 775 2270 Nam
792 2243 860 2271 sicut
874 2243 924 2279 ipsi
939 2252 1008 2272 nuu-

213 2297 296 2325 quam
313 2296 368 2316 non
383 2293 461 2323 turpe
486 2291 556 2314 esset
570 2286 638 2319 radi,
650 2286 686 2314 ita
702 2287 784 2315 etiam
800 2288 885 2321 istud,
909 2297 1009 2325 nempe

212 2334 288 2361 nudo
307 2333 397 2368 capite
418 2332 554 2359 incedere.
580 2332 649 2359 Nam
673 2339 752 2359 coma
780 2334 931 2368 tegumenti
951 2333 1010 2361 vice

213 2382 262 2406 est.
278 2378 327 2404 Illa
343 2377 434 2412 itaque
454 2383 516 2412 quae
532 2380 721 2411 tegumentum
737 2377 842 2413 abjicit,
856 2377 954 2406 similis
969 2382 1010 2406 est

213 2422 251 2450 illi
268 2429 330 2457 qua:
344 2428 453 2448 comam
467 2420 577 2456 abjecit.

250 2518 342 2544 Vens.
359 2519 386 2544 6.
405 2527 416 2540 α
427 2516 453 2544 Si
464 2516 536 2544 enim
552 2524 605 2544 non
617 2517 722 2544 velatur
735 2517 847 2550 mulier,
859 2517 1010 2547 tondeatur

211 2562 310 2589 etiam:
329 2561 355 2589 Si
372 2565 465 2589 mitem
479 2565 558 2597 turpe
573 2565 613 2589 est
632 2561 740 2589 mulieri
761 2561 866 2589 tonderi
886 2562 927 2590 vel
938 2563 1006 2597 radi,

211 2607 325 2634 veletur.
344 2618 356 2630 ι»
373 2605 469 2634 Adhuc
484 2605 613 2639 ostendit.
629 2605 704 2641 quod
722 2606 836 2642 retectio
848 2607 943 2643 capitis
964 2616 1008 2636 ra-

211 2659 283 2679 sura:
297 2651 392 2679 similis
415 2655 470 2686 est;
487 2655 514 2679 et
528 2650 763 2687 quemadmodum
787 2652 839 2680 ista
863 2656 942 2689 turpe
958 2657 1010 2688 est,

1067 1624 1152 1666 μικρὰ
1173 1625 1371 1664 λυμαινομένης
1395 1630 1450 1659 τοῖς
1474 1626 1705 1660 ἐκκλησιαστικαῖς
1726 1627 1832 1666 πράγμα-

1067 1681 1118 1699 σιν.
1141 1670 1279 1700 Ἐντεῦθεν
1299 1669 1350 1709 γᾶρ
1367 1670 1412 1699 καὶ
1428 1671 1455 1699 αἱ
1479 1670 1608 1710 αἱρέσεις,
1634 1672 1663 1701 ἐκ
1686 1673 1730 1700 τοῦ
1745 1670 1832 1700 ἕκαστον

1065 1714 1098 1744 τὰ
1113 1714 1290 1753 νενομισμένα
1308 1715 1468 1754 παρεξιέναι.

1110 1770 1124 1788 ιι
1143 1761 1224 1789 Πᾶσα
1249 1758 1276 1788 δὲ
1299 1759 1365 1798 γυνὴ
1391 1760 1593 1800 προσευχομένη
1618 1760 1637 1796 ἢ
1661 1759 1833 1801 προφητεύουσα

1068 1803 1286 1844 ἀκατακαλύπτῳ
1353 1805 1456 1844 κεφαλῇ
1484 1805 1660 1845 καταισχύνει
1675 1806 1720 1840 τὴν
1739 1805 1836 1843 κεφαλὴν

1065 1850 1146 1890 αὑτῆς
1163 1857 1170 1864 ⁵
1197 1847 1225 1877 ἓν
1244 1848 1294 1887 γάρ
1321 1850 1375 1878 ἐστι
1405 1848 1450 1878 καὶ
1473 1849 1502 1878 τὸ
1525 1849 1589 1879 αὖτό
1666 1849 1808 1889 ἐξυρημένῃ.
1822 1860 1833 1875 ι

1064 1888 1154 1923 ’Ἦσαν
1169 1893 1231 1932 γὰρ,
1247 1893 1311 1932 ὅπερ
1331 1893 1430 1933 ἔφημεν
1441 1916 1450 1929 ,
1470 1894 1515 1923 καὶ
1531 1888 1672 1932 γυναῖκες,
1691 1895 1719 1924 τὸ
1733 1894 1833 1933 χάρισμα

1064 1940 1111 1973 τῆς
1126 1939 1286 1978 προφητείας
1301 1937 1427 1978 ἔχουσαι,
1444 1939 1480 1971 ὡς
1496 1940 1524 1968 αἱ
1540 1937 1682 1969 Φιλίππου
1700 1938 1833 1979 θυγατέρες,

1064 1982 1110 2012 καὶ
1126 1982 1206 2012 ἄλλαι
1227 1983 1335 2012 πολλαί.
1356 1984 1419 2016 Πῶς
1440 1982 1467 2012 δὲ
1489 1984 1664 2023 καταισχύνει
1679 1985 1725 2019 τὴν
1740 1982 1833 2023 κεφαλὴν

1065 2028 1164 2062 αὑτῆς
1179 2026 1245 2057 ⁶Οτι
1260 2027 1364 2066 φυγάδα
1380 2027 1406 2046 ⁵³
1421 2027 1479 2057 τινὰ
1503 2027 1551 2064 τὴν
1572 2028 1691 2068 κεφαλὴν
1706 2027 1835 2057 ἀποδείκνυ-

1065 2083 1123 2107 σιν,
1151 2072 1331 2101 ἆποσταθεῖσα
1359 2074 1406 2108 τῆς
1434 2073 1660 2109 ἐμπιστευθείσης
1689 2075 1751 2113 αὐτῇ
1777 2071 1834 2110 παρὰ

1065 2116 1135 2146 Θεοῦ
1150 2115 1277 2150 ἐξουσίας.
1291 2116 1363 2147 Ἰσθι
1377 2117 1420 2153 δὲ,
1441 2116 1482 2147 ὅτι
1495 2117 1538 2146 τὸν
1558 2117 1606 2156 μὲν
1619 2118 1702 2158 ἄνδρα
1711 2141 1719 2156 ,
1733 2119 1764 2150 ὡς
1775 2116 1833 2156 εἴρη-

1063 2171 1124 2196 ται,
1139 2161 1165 2189 ἐν
1225 2163 1361 2201 προσευχῇ
1386 2160 1431 2191 καὶ
1453 2161 1601 2202 προςρητεία
1615 2161 1640 2179 ⁵⁴
1663 2161 1754 2192 κωλύει
1768 2172 1833 2191 κεχα-

1063 2205 1161 2245 λύφθαι
1177 2217 1183 2223 ·
1206 2205 1255 2240 τὴν
1284 2205 1312 2234 δὲ
1337 2207 1448 2244 γυναῖκα
1476 2206 1506 2235 οὗ
1528 2206 1607 2244 μόνον
1633 2208 1659 2236 ἐν
1685 2207 1777 2240 τούτοις
1796 2205 1834 2236 τοῖς

1063 2254 1178 2288 καιροῖς,
1194 2249 1262 2278 ἀλλὰ
1281 2250 1326 2279 καὶ
1349 2249 1399 2280 ἆεί.
1421 2251 1507 2280 Τοῦτο
1529 2251 1581 2290 γὰρ
1598 2251 1719 2291 βούλεται
1741 2250 1780 2280 διὰ
1799 2251 1833 2278 τοῦ

1063 2294 1146 2323 εἰπεῖν
1156 2317 1164 2329 ,
1186 2305 1201 2323 α
1216 2293 1261 2323 Ἐν
1274 2294 1325 2334 γὰρ
1341 2294 1387 2324 καὶ
1401 2294 1431 2324 τὸ
1453 2295 1518 2324 αὖτό
1540 2297 1597 2325 ἐστι
1660 2295 1802 2335 ἐξυρημένῃ.
1815 2304 1825 2322 1

1062 2337 1168 2378 Ὠσπερ
1196 2338 1248 2379 γὰρ
1273 2340 1314 2368 ἀεὶ
1329 2340 1397 2378 αὐτῇ
1421 2339 1451 2368 τὸ
1476 2339 1616 2380 ἐξυρῆσθαι
1638 2341 1762 2380 αἰσχρὸν,
1781 2339 1833 2368 οὕτω

1063 2383 1165 2420 δηλαδὴ
1197 2383 1243 2412 καὶ
1265 2383 1296 2413 τὸ
1323 2384 1552 2424 ἀποχεκαλύφθαι.
1571 2384 1606 2415 Ἣ
1632 2384 1684 2426 γὰρ
1704 2385 1769 2424 κόμη
1790 2383 1833 2413 ἀντὶ

1063 2427 1241 2467 καλύμματός
1253 2429 1335 2458 ἐστιν.
1360 2427 1446 2458 Ὥστε
1456 2431 1471 2464 ἡ
1483 2429 1674 2460 ἄποόάλλουσα
1686 2430 1715 2460 τὸ
1727 2430 1833 2467 κάλυμμα

1063 2474 1096 2512 τῇ
1111 2472 1158 2508 τὴν
1172 2472 1259 2511 κόμην
1272 2472 1480 2514 ἃποϐαλλομένῃ
1501 2473 1595 2505 ἔοικεν.

1104 2531 1117 2542 ι
1136 2517 1167 2547 El
1182 2517 1232 2557 γὰρ
1246 2518 1275 2547 οὖ
1290 2519 1523 2548 κατακαλύπτεται
1544 2519 1610 2557 γυνὴ
1621 2543 1628 2555 ,
1644 2519 1690 2549 καὶ
1706 2518 1833 2558 κειράσθω⁸

1065 2563 1088 2591 εἰ
1113 2561 1139 2590 δὲ
1172 2562 1282 2602 αἰσχρὸν
1307 2562 1412 2601 γυναικὶ
1444 2564 1474 2593 τὸ
1508 2563 1647 2604 κείρασθαι
1673 2563 1689 2599 ἢ
1716 2563 1833 2602 ξυρᾶσθαι,

1066 2608 1323 2638 κατακαλυπτέσθω.
1339 2619 1354 2636 n
1387 2607 1527 2646 Ἐπιμένει
1553 2608 1669 2646 δεικνὺς,
1687 2608 1726 2638 ὅτι
1749 2609 1764 2643 ἡ
1785 2607 1833 2635 ἄνα-

1064 2651 1178 2692 κάλυψις
1202 2653 1236 2690 τῇ
1262 2651 1367 2692 ξυρήσει
1392 2653 1482 2683 ἔοικε·
1511 2653 1558 2683 καὶ
1584 2652 1675 2694 ὥσπερ
1702 2652 1781 2689 ἐκείνη
1801 2650 1832 2679 αἶ·

916 2714 1012 2745 ναι-ἰεε
1036 2715 1189 2749 lectiones.

245 2772 266 2789 “
292 2771 465 2808 προφητεύων,
488 2771 607 2807 κάλυμμα
629 2771 691 2798 κατὰ
713 2779 753 2799 m.
816 2772 838 2789 ⁵³
855 2772 941 2808 ἱμάτια
962 2781 989 2802 ο,

1057 2774 1080 2791 ⁵³
1101 2776 1140 2802 ὅτι
1164 2775 1296 2811 δραπετίαν
1318 2775 1391 2812 (καὶ,
1418 2777 1579 2813 δραπετείαν)
1608 2776 1664 2804 τινὰ
1691 2776 1732 2804 καὶ
1756 2773 1832 2811 φυγάδα

210 2812 253 2840 τδν
267 2821 305 2839 κε’
321 2811 397 2840 ἀποό.
412 2811 600 2839 ἀποστατοῦσαν
615 2813 658 2845 τῆς
673 2811 842 2846 ἐπισταθείσης
853 2820 879 2841 o.
917 2812 940 2830 ⁵⁸
954 2814 1055 2850 νηστείᾳ
1069 2822 1097 2844 o.
