1881 3081
50 180 105 207 691

491 180 664 208 EXPOSITIO
683 180 716 209 IN
736 181 841 209 EPIST.
860 181 871 209 Ι
889 182 935 209 AD
955 180 1033 209 COR.
1054 195 1089 201 —
1108 181 1186 209 CAP.
1207 182 1248 209 XI.

1647 183 1699 210 698

49 241 153 284 ιζχρὸν,
178 240 248 271 οὕτω
275 241 321 271 καὶ
349 241 429 278 αὕτη.
458 241 509 273 Διὰ
535 242 562 272 δὲ
586 243 685 272 τούτων
711 243 757 272 καὶ
784 243 850 284 ὅπερ
866 246 892 277 Α

928 247 979 272 aet
993 243 1038 271 illa
1055 252 1062 271 :
1078 244 1130 271 Per
1144 243 1304 272 haecautem
1326 243 1354 271 id
1375 243 1449 280 quod
1464 251 1546 278 supra
1572 243 1627 272 dixi
1640 244 1698 271 sub-

48 281 126 316 ιῖπον
155 285 277 326 ἐμφαίνει
287 309 297 325 ,
323 286 365 316 ὅτι
385 287 425 316 ἀεὶ
441 287 555 328 αἰσχρὸν
617 288 722 326 γυναικὶ
737 289 767 317 τὸ
784 281 848 318 (ivd-

46 331 227 372 κεκαλύφθαι.

94 387 110 404 α
128 375 207 416 Ἀνὴρ
231 376 280 414 μὲν
301 376 352 416 γὰρ
379 377 427 406 οὐκ
453 376 552 417 ὀφείλει
578 377 847 415 κατακαλύπτεσθαι,

44 419 132 462 εἰκὼν
149 421 195 450 καὶ
211 420 272 455 δόξα
288 421 358 451 Θεοῦ
372 420 509 461 ὑπάρχων.
532 433 546 450 ι
566 422 680 462 Πρώτην
699 422 746 461 μὲν
760 423 846 452 αἰτίαν

44 460 120 495 εἶχεν
127 488 137 502 ,
153 463 193 495 ὅτι
210 465 328 506 κεφαλὴν
339 465 396 505 ἔχει
410 460 600 505 τὸνγΧριστὸν,
615 467 662 496 καὶ
674 460 704 497 οὗ
715 468 754 497 δεῖ
768 467 846 497 αὐτὸν

44 509 217 547 κεκαλύφθαι
232 521 240 529 ·
264 512 309 539 ν’ὗν
327 509 354 539 δὲ
370 509 415 540 καὶ
439 511 562 550 δευτέραν
584 510 705 548 τίθησιν,
726 512 765 542 ὅτι
784 512 846 546 δόξα

44 555 121 584 Θεοῦ
139 556 197 584 ἔστι
207 565 220 595 ν·
235 555 384 591 τουτέστιν,
399 554 517 595 ὕπαρχος
530 556 601 585 Θεοῦ
612 579 619 592 ,
640 556 686 586 καὶ
701 558 777 586 εἰκὼν
794 559 844 587 αὖ-

43 601 105 628 τοῧ.
125 602 174 629 Δεῖ
189 594 233 628 οὖν
244 600 288 629 τὸν
305 600 422 639 ἄρχοντα
444 603 489 629 τοῦ
504 600 696 638 παμϐασιλίως
714 601 782 640 μετὰ
793 604 845 632 τῶν

44 643 194 682 συμϐόλων
214 645 260 679 τῆς
279 646 363 684 ἀρχῆς
385 645 457 684 αὐτῷ
473 645 676 683 ἐπιφαίνεσθαι,
693 646 773 686 ἤγουν
797 649 843 682 τῆς

43 689 275 718 ἄκατακαλύπτου
302 690 419 730 κεφαλῆς
436 699 444 707 ‘
472 689 538 725 αὕτη
563 690 614 730 γὰρ
639 690 771 729 σύμϐολον
799 694 844 721 τοῦ

42 732 84 770 μὴ
105 733 151 762 ὑπ’
169 732 285 766 ἐξουσίαν
307 727 375 762 εἶναί
404 745 455 763 τινι
470 735 522 763 τῶν
538 727 660 772 ἐπιγείων
674 727 723 765 ’τὸν
748 736 842 776 ἄνδρα,

42 777 109 806 ἀλλ’
128 778 207 807 αὐτὸν
224 778 315 818 ἄρχειν
333 778 440 807 πάντων
453 802 460 816 ,
478 781 512 812 ὡς
523 780 610 808 εἰκόνα
625 781 708 810 Θεοῦ.

89 835 103 848 ε
120 822 194 858 Γυνὴ
209 822 236 852 δὲ
251 822 313 856 δόξα
338 824 428 861 ἀνδρός
445 824 511 852 ἐστι.
529 837 540 850 ν
558 825 714 862 Τουτέστιν,
730 825 781 854 ὑπὸ
797 829 843 855 τοῦ

43 867 145 906 ἀνδρὸς
161 866 273 908 ἄρχεται
287 879 293 886 ·
316 867 355 896 δεῖ
375 864 420 897 οὖν
436 867 518 903 αὖτὴν
545 869 613 906 μετὰ
634 870 686 898 τῶν
701 870 842 908 συμϐόλων

39 913 92 947 τῆς
109 913 246 951 ὗποταῇἦς
259 911 407 952 φαίνεσθαι,
422 911 500 941 ἅτινά
516 914 614 943 ἔστιτὸ
629 914 844 955 συγκεκαλύφθαι

39 955 92 992 τὴν
109 957 241 996 κεφαλήν.

87 1012 106 1030 α
121 1002 163 1031 Οὔ
179 1002 229 1041 γάρ
243 1002 312 1031 ἔστιν
334 1001 400 1040 ἀνὴρ
426 1003 456 1031 ἐκ
471 1001 610 1042 γυναικὸς,
636 1003 705 1033 ἀλλὰ
731 1004 796 1043 γυνὴ
818 1005 844 1039 ἐξ

38 1045 149 1085 ἄνδράς.
170 1046 222 1076 Καὶ
237 1046 288 1086 γὰρ
304 1048 351 1076 οὐκ
376 1047 483 1082 ἐκτίσθη
499 1046 566 1086 ἀνὴρ
581 1048 624 1077 διὰ
645 1047 694 1083 τὴν
716 1051 844 1087 γυναῖκα,

35 1090 114 1120 ἀλλὰ
129 1090 197 1130 γυνὴ
221 1091 263 1119 διὰ
279 1091 324 1120 τὸν
348 1091 440 1130 ἄνδρα.
457 1105 469 1117 ι-
496 1091 553 1124 Τὰς
569 1092 654 1126 αἰτίας
678 1092 751 1131 λέγει
765 1095 799 1122 δι’
814 1094 844 1127 ἃς

35 1134 171 1175 ὑπερέχει
185 1136 199 1164 ὁ
214 1135 281 1175 ἀνὴρ
296 1137 343 1171 τῆς
358 1136 479 1175 γυναικός
495 1148 502 1154 ·
519 1135 560 1166 ὅτι
574 1149 602 1166 τι
618 1137 649 1166 ἐκ
663 1139 710 1172 τῆς
728 1139 844 1178 πλευρᾶς

36 1181 125 1209 αὐτοῦ
149 1182 166 1215 ἡ
182 1179 248 1218 γυνὴ
259 1203 266 1216 ,
291 1180 335 1209 καὶ
351 1179 390 1209 ὅτι
409 1182 457 1210 οὐκ
482 1182 581 1215 ἐκεῖνος
597 1182 631 1211 δι’
649 1182 765 1219 ἐκείνην,
782 1184 843 1212 ἀλλ’

36 1224 133 1260 ἐκείνη
145 1225 179 1253 δι’
189 1225 287 1254 ἐκεῖνον
300 1225 337 1255 ⁵⁵.
346 1240 366 1267 ἕ
384 1225 545 1264 Ποιήσωμεν
560 1240 572 1252 ι
588 1226 651 1265 γὰρ,
667 1227 743 1267 φησὶ,
756 1242 767 1253 ι
780 1230 843 1267 βοη-

35 1269 81 1298 θὸν
104 1270 189 1310 αὗτῷ.
211 1282 226 1298 ι
247 1271 309 1302 Πῶς
332 1265 377 1299 οὖν
397 1271 411 1299 ὁ
436 1270 503 1310 ἀνὴρ
529 1265 748 1311 κατακαλύῷεται
773 1265 842 1301 οὕτω

34 1314 165 1351 τιμηθεὶς
180 1314 231 1344 ὑπὸ
252 1315 341 1350 Θεοῐῖ;
363 1314 403 1345 Τὸ
431 1315 484 1355 γὰρ
510 1318 556 1351 τῆς
582 1317 706 1355 γυναικὸς
729 1317 842 1356 ἁρπάζει

34 1360 153 1399 σχῆμα,
167 1358 212 1388 καὶ
226 1359 322 1389 ταύτὸν
335 1359 423 1398 ποιεῖ,
439 1360 587 1400 ὡσπερανεὶ
602 1361 721 1399 διάδημα
738 1361 840 1398 λαϐὼν,

33 1406 121 1433 τοῦτο
133 1402 184 1441 μὲν
195 1404 352 1445 ἆποῤῥίψειε
366 1405 414 1440 τῆς
429 1406 557 1445 κεφαλῆς,
569 1405 688 1435 δουλικὸν
706 1406 732 1435 δὲ
747 1409 840 1446 σχῆμα

37 1447 137 1479 λάϐοι.

81 1503 97 1520 ιι
111 1493 168 1522 Διὰ
181 1495 261 1522 τοῦτο
277 1492 377 1533 ὀφείλει
391 1495 409 1530 ἡ
424 1493 488 1532 γυνὴ
505 1494 623 1528 ἐξουσίαν
645 1495 716 1534 ἔχειν
730 1495 774 1525 ἐπὶ
793 1498 840 1532 τῆς

33 1539 161 1578 κεφαλῆς
173 1537 216 1566 διὰ
231 1537 291 1570 τοὺς
304 1538 440 1593 ἀγγέλους.
457 1551 469 1565 ι
487 1538 537 1569 Διὰ
552 1539 585 1568 τὰ
601 1539 727 1579 εἰρημένα
742 1541 839 1577 πάντα,
855 1561 878 1593 C

92 1583 98 1592 ι
163 1583 225 1593 ,η
270 1584 279 1593 ι
392 1582 399 1593 ς
450 1583 506 1593 ..ν
578 1583 644 1593 ι...,
714 1584 785 1593 ,..

33 1583 118 1622 φησὶν
132 1604 142 1618 ,
158 1583 255 1622 ὀφείλει
266 1584 282 1617 ἡ
297 1581 362 1621 γυνὴ
375 1582 405 1612 τὸ
421 1585 466 1612 τοῦ
480 1583 675 1618 ἐξουσιάζεσθαι
691 1584 835 1623 σύμϐολον,

31 1627 177 1662 τουτέστι,
203 1626 233 1656 τὸ
255 1627 385 1665 κάλυμμα
413 1627 483 1668 ἔχειν
509 1628 553 1657 ἐπὶ
579 1631 627 1665 τῆς
651 1630 783 1669 κεφαλῆς,
814 1631 837 1660 εἰ

33 1671 102 1710 μήτι
116 1671 202 1709 ἄλλο,
217 1671 275 1704 τοὺς
290 1671 421 1710 ἆγγίλους
437 1671 581 1710 αἰδουμένη
593 1696 602 1712 ,
617 1672 660 1702 ἵνα
678 1673 715 1712 μὴ
731 1675 777 1704 καὶ
791 1675 837 1703 αὖ-

30 1718 87 1750 τοῖς
110 1718 152 1749 ὡς
172 1716 346 1756 ἀναίσχυντος
359 1716 497 1756 φαίνηται.
516 1715 628 1758 ιὨσπερ
643 1718 694 1757 γὰρ
709 1718 739 1747 τὸ
753 1730 836 1748 κατα-

29 1760 223 1791 καλύπτεσθαι
254 1761 327 1790 κᾶτω
351 1761 434 1791 νεύειν
462 1764 660 1802 παρασκευάζει
687 1763 732 1792 καὶ
752 1763 837 1802 ἐντρέ-

29 1809 149 1841 πεσθαι,
167 1805 254 1835 καὶτὸ
265 1808 311 1835 τοῦ
330 1805 479 1846 ἀρχομένου
495 1808 590 1846 σχῆμα
605 1807 752 1846 διατηρεῖν·
769 1808 837 1836 οὕτω

28 1851 59 1880 τὸ
79 1849 302 1891 ἆνακεκαλύφθαι
324 1850 512 1891 ἀναισχυντίαν
535 1852 667 1891 ἐμφαίνειν
692 1851 725 1887 ἣν
749 1852 794 1881 καὶ
813 1854 836 1882 οἱ

29 1896 87 1928 τοῖς
109 1896 221 1929 πιστοῖς
243 1894 426 1935 παρεπόμενοι
445 1895 553 1935 ἄγγελοι
586 1895 774 1936 βδελύσσονται
799 1897 835 1928 ⁵⁶.

32 1940 159 1978 Κλήμης
181 1939 208 1968 δὲ
222 1941 236 1969 ὃ
263 1939 443 1980 Στρωματεὺς
465 1940 590 1980 ἀγγέλους
612 1941 705 1977 ἐνόησε
731 1952 836 1981 περιερ-

29 1985 143 2025 γότερον
156 2006 165 2020 ,
189 1983 248 2018 τοὺς
267 1986 315 2020 τῆς
331 1983 497 2021 Ἐκκλησίας
519 1985 645 2019 δικαίους.
672 1987 834 2016 Κατακολυ-

30 2030 145 2059 πτέσθω
163 2029 235 2068 γὰρ,
265 2029 361 2069 φησὶν,
385 2027 428 2059 ἵνα
455 2029 492 2068 μὴ
521 2030 626 2064 τούτους
652 2031 688 2064 εἰς
711 2032 836 2070 πορνείαν

33 2073 208 2113 σκανδαλίσῃ
213 2096 220 2102 .

73 2134 85 2144 -
101 2118 186 2153 Πλὴν
198 2118 256 2148 οὔτε
269 2119 337 2159 ἀνὴρ
353 2118 435 2159 χωρὶς
446 2120 582 2158 γυναικὸς,
600 2119 659 2149 οὔτε
672 2119 738 2158 γυνὴ
754 2120 835 2159 χωρὶς

32 2164 153 2204 ἀνδρὸς,
173 2166 200 2193 ἐν
227 2163 326 2204 Κυρίῳ.
344 2178 357 2189 ιι
383 2165 478 2193 Ταῦτα
505 2164 592 2202 λέγει,
615 2165 707 2200 ἐπειδή
733 2166 834 2200 πολλὴν

29 2208 171 2248 ὑπεροχὴν
194 2207 292 2237 δέδωκε
314 2210 352 2248 τῷ
379 2208 471 2248 ἀνδρὶ,
497 2209 600 2246 δείξας,
627 2209 667 2239 ὅτι
683 2212 699 2245 ἡ
722 2209 787 2248 γυνή
803 2210 828 2244 ἐξ

29 2255 113 2283 αὐτοῦ
131 2253 179 2282 καὶ
203 2252 236 2282 δι’
259 2253 337 2283 αὐτὸν
363 2253 409 2283 καὶ
435 2253 478 2283 ὑπ’
502 2254 588 2283 αὐτόν.
604 2253 667 2284 Ἵνα
690 2249 734 2284 οὖν
760 2254 828 2290 μήτε

29 2297 91 2331 τοὺς
115 2297 215 2336 ἄνδρας
236 2297 322 2338 ἐπάρῃ
338 2298 417 2328 πλέον
432 2301 476 2327 τοῦ
493 2297 611 2335 δέοντος,
635 2299 703 2338 μήτε
728 2299 830 2332 ἐκείνας

29 2341 207 2382 ταπεινώσῃ,
221 2342 314 2382 φησὶν,
331 2343 372 2373 ὅτι
392 2344 495 2379 ἀληθῶς
512 2343 559 2381 μὲν
576 2345 602 2373 ἐν
622 2346 656 2384 τῇ
677 2343 770 2383 πρώτῃ
783 2344 830 2380 δη-

31 2386 164 2427 μιουργίᾳ
189 2387 261 2417 οὕτω
280 2387 370 2426 γέγονε
389 2387 455 2427 γυνὴ
474 2387 500 2422 ἐξ
526 2389 617 2427 ἀνδρός
634 2399 641 2406 '
663 2390 708 2417 ν’ὖν
725 2387 751 2417 δὲ
773 2387 831 2418 οὔτε

29 2431 100 2472 ἀνὴρ
118 2431 202 2471 χωρὶς
225 2432 347 2470 γυναικὸς
361 2437 498 2471 γεννᾶται.
525 2446 537 2459 α
560 2432 636 2468 Πλὴν
651 2434 678 2462 ἐν
697 2433 799 2474 Κυρίῳ·
817 2446 830 2461 n

29 2477 173 2512 τουτέστι,
187 2479 233 2505 τοῦ
245 2477 315 2507 Θεοῦ
328 2477 358 2506 τὸ
374 2481 428 2506 πᾶν
444 2480 598 2512 ποιοῦντος,
613 2477 659 2506 καὶ
673 2479 833 2517 ζωογονοῦν-

30 2532 74 2554 τος
85 2521 119 2550 τὸ
133 2520 240 2560 σπέρμα
249 2544 256 2557 ,
268 2521 314 2550 καὶ
324 2521 373 2557 τὴν
388 2521 492 2561 μήτραν
508 2522 675 2562 ῥωννύοντος.

76 2577 93 2595 ι
107 2564 221 2605 Ὥσπερ
236 2565 287 2605 γὰρ
300 2568 317 2602 ἡ
339 2566 405 2605 γυνὴ
426 2567 456 2596 ἐκ
480 2569 526 2595 τοῦ
547 2567 655 2606 ἀνδρὸς,
678 2567 746 2596 οὕτω
760 2567 805 2596 καὶ
821 2569 835 2596 ὁ

32 2609 104 2649 ἀνὴρ
117 2609 162 2639 διὰ
176 2612 222 2646 τῆς
237 2610 369 2650 γυναικός.
387 2624 399 2636 ι
412 2610 446 2641 Ἡ
466 2611 514 2649 μὲν
527 2611 593 2650 γυνὴ
606 2633 614 2647 ,
632 2611 710 2651 φησὶν
720 2634 727 2647 ,
743 2611 774 2641 ἐκ
788 2614 835 2641 τοῦ

33 2654 130 2695 ἀνδρός
141 2665 147 2671 ·
162 2655 201 2684 ἔτι
214 2654 267 2694 γὰρ
284 2655 434 2696 παραμένει
455 2657 493 2696 τῷ
508 2656 582 2697 ἀνδρὶ
604 2659 681 2686 τοῦτο
695 2655 829 2697 ἀκέραιον,

71 2751 90 2766 ³
112 2748 184 2776 Gen.
204 2755 240 2782 ιι,
259 2751 301 2776 18.

903 288 1002 321 innuit,
1017 296 1162 324 nunquam
1187 295 1245 315 nan
1267 292 1347 324 turpe
1367 295 1436 321 esse,
1457 287 1603 316 mulierem
1617 293 1698 324 caput

902 341 982 361 suum
991 337 1111 368 retegere
1126 332 1166 360 vel
1176 331 1291 360 nudare.

937 378 1027 406 Vens.
1038 380 1066 405 7.
1081 389 1094 402 α
1109 378 1156 405 Vir
1167 377 1278 414 quidem
1290 385 1346 405 non
1365 376 1448 405 debet
1455 377 1549 410 velari,
1565 377 1698 413 quoniam

901 422 993 458 imago
1007 427 1035 450 et
1058 422 1144 459 gloria
1155 422 1208 450 Dei
1222 425 1274 450 est.
1301 434 1314 446 υ
1335 421 1457 449 Primam
1473 421 1585 458 quidem
1616 421 1697 456 187

901 475 1013 496 causam
1040 467 1121 502 dixit,
1146 467 1220 503 quod
1240 466 1378 496 Christum
1399 470 1483 502 caput
1510 465 1619 499 habeat,
1647 474 1698 494 nec

901 516 1026 548 oporteat
1035 513 1126 548 ipsum
1138 512 1201 548 tegi:
1213 511 1273 548 jam
1286 519 1350 539 vero
1358 511 1507 539 secundam
1519 511 1608 546 ponit,
1623 510 1698 546 quod

901 557 986 592 gloria
1012 557 1062 584 Dei
1093 557 1140 591 sit,
1172 556 1224 584 hoc
1247 561 1299 590 est,
1332 556 1449 584 vicarius
1481 556 1531 583 Dei
1565 559 1592 583 et
1607 556 1698 592 imago

900 601 997 637 ipsius.
1021 603 1138 636 Oportet
1151 601 1241 637 itaque
1256 609 1319 629 eum
1341 601 1386 636 qui
1400 600 1504 628 summi
1524 600 1697 636 imperatoris

900 645 970 674 vices
999 646 1079 682 gerit,
1102 654 1166 673 cum
1182 646 1288 681 imperii
1303 645 1343 673 sui
1359 644 1512 680 insignibus
1524 653 1619 673 coram
1637 645 1697 680 ipso

899 698 1041 726 apparere,
1053 690 1106 718 hoc
1119 695 1170 722 est.
1185 695 1279 726 aperto
1298 690 1396 726 capite.
1413 689 1491 718 Istud
1505 689 1582 717 enim
1596 689 1695 717 indicio

898 739 950 769 est,
966 735 1056 763 virum
1084 735 1148 763 nulli
1171 739 1287 763 terrena:
1307 735 1432 771 potestati
1456 742 1515 762 esse
1542 734 1694 768 subditum,

898 779 947 808 sed
962 781 1052 816 ipsum
1075 780 1209 808 dominari
1232 780 1374 813 omnibus,
1387 788 1437 807 ceu
1460 779 1610 815 imaginem
1636 779 1695 806 Dei.

936 836 949 848 αι
965 825 1063 852 Mulier
1082 829 1174 852 autem
1188 824 1272 861 gloria
1288 825 1337 852 viri
1355 832 1406 858 es.,
1426 836 1438 847 ι
1455 825 1514 852 Hoc
1536 828 1587 858 est,
1603 824 1696 851 mariti

898 869 1054 897 dominatni
1070 869 1179 897 subdita
1199 874 1251 897 est.
1275 870 1364 904 Quare
1384 877 1434 904 par
1448 873 1498 902 est,
1512 873 1542 896 ut
1556 876 1618 896 cum
1630 869 1695 896 sub-

897 914 1026 950 jectionis
1049 921 1107 942 sua:
1126 913 1234 942 indiciis
1255 918 1394 950 appareat,
1414 921 1476 949 qua:
1489 917 1555 941 sunt
1568 917 1694 941 contecto

899 967 959 987 esse
973 959 1072 994 capite.

934 1004 1021 1031 Vens.
1048 1006 1105 1037 8,9.
1124 1015 1136 1027 ιι
1153 1004 1215 1031 Non
1240 1003 1315 1031 enim
1341 1003 1382 1031 vir
1395 1011 1427 1031 ex
1452 1003 1567 1032 muliere
1581 1008 1633 1039 est,
1646 1003 1694 1032 sed

899 1048 998 1076 mulier
1012 1056 1044 1076 ex
1060 1049 1130 1076 viro.
1146 1048 1253 1076 Etenim
1264 1055 1319 1076 non
1341 1053 1382 1076 est
1401 1053 1508 1076 creatus
1525 1049 1565 1076 vir
1581 1050 1692 1085 propter

899 1093 1053 1127 mulierem,
1072 1093 1120 1121 sed
1133 1093 1234 1120 mulier
1258 1097 1369 1128 propter
1383 1093 1481 1121 virum.
1500 1104 1514 1118 ι»
1535 1094 1638 1122 Causas
1652 1093 1694 1122 di-

897 1138 934 1166 cit
959 1142 1070 1174 propter
1083 1145 1153 1173 quas
1176 1138 1217 1165 vir
1232 1138 1340 1166 mulieri
1367 1143 1487 1174 prmest:
1515 1138 1646 1166 nimirum
1667 1142 1695 1166 et

898 1183 961 1219 quia
982 1183 1083 1210 mulier
1100 1191 1132 1210 ex
1157 1183 1207 1210 viri
1222 1187 1296 1210 costa
1323 1187 1375 1214 est,
1391 1187 1420 1210 et
1434 1183 1497 1219 quia
1518 1184 1559 1211 vir
1572 1191 1630 1211 non
1653 1188 1694 1212 est

897 1231 1008 1263 propter
1024 1227 1112 1260 illam,
1124 1227 1170 1254 sed
1184 1227 1240 1262 illa,
1256 1231 1367 1263 propter
1379 1228 1478 1262 ipsum.
1496 1239 1507 1251 α
1520 1228 1665 1256 Faciamus
1679 1239 1690 1252 υ

897 1272 984 1305 enim,
999 1272 1098 1307 inquit,
1117 1283 1130 1295 α
1145 1271 1313 1308 adjutorium
1335 1271 1383 1307 ipsi
1397 1274 1427 1299 η’.
1445 1282 1458 1298 ι)
1478 1273 1530 1307 Qui
1555 1272 1636 1308 igitur
1653 1273 1693 1301 vir

897 1321 1067 1352 contegetur,
1089 1317 1134 1352 qui
1150 1321 1228 1344 tanto
1255 1317 1359 1345 honore
1375 1326 1390 1345 n
1404 1319 1463 1345 Deo
1491 1317 1608 1345 affectus
1632 1319 1692 1345 est?

896 1361 1016 1389 Feminae
1039 1361 1112 1388 enim
1139 1361 1264 1389 habitum
1279 1361 1331 1389 sibi
1347 1361 1451 1397 arripit,
1467 1369 1497 1389 ac
1524 1362 1636 1397 perinde
1651 1361 1691 1390 fa-

895 1405 943 1438 cit,
959 1413 990 1433 ac
1004 1405 1026 1432 si
1044 1405 1172 1434 diadema
1199 1414 1279 1434 suum
1298 1407 1388 1442 capite
1409 1411 1546 1442 arreptum
1568 1407 1689 1442 abjiciat,

895 1450 1074 1486 habitumque
1099 1451 1225 1478 servilem
1256 1456 1386 1480 assumat.

930 1497 1020 1523 Vens.
1037 1499 1079 1523 ιο.
1097 1505 1112 1522 α
1127 1497 1300 1531 Quapropter
1310 1496 1409 1523 mulier
1422 1495 1504 1524 debet
1517 1500 1689 1531 potestatem

893 1538 994 1568 habere
1016 1540 1041 1567 in
1065 1540 1162 1575 capite,
1191 1544 1301 1576 propter
1323 1540 1445 1575 angelos.
1473 1552 1485 1564 ι
1502 1542 1616 1576 Propter
1631 1541 1691 1570 haec

893 1585 989 1613 omnia
1000 1585 1139 1621 praedicta,
1153 1585 1252 1621 inquit,
1270 1585 1369 1613 mulier
1380 1586 1409 1613 in
1421 1586 1507 1621 capite
1515 1593 1566 1614 suo
1581 1587 1690 1622 signum

891 1629 990 1657 habere
1009 1629 1091 1658 debet
1114 1630 1294 1666 subjectionis
1317 1638 1384 1664 suae,
1401 1635 1591 1666 tegumentum
1615 1631 1688 1660 vide-

892 1674 967 1708 licet,
983 1675 1006 1702 si
1022 1674 1090 1702 nihil
1104 1674 1188 1708 aliud,
1217 1675 1328 1710 angelos
1351 1679 1445 1703 tamen
1473 1677 1600 1710 reverita,
1616 1684 1651 1704 ne
1663 1681 1691 1704 et

891 1719 959 1755 ipsis
975 1724 1106 1756 tanquam
1130 1720 1274 1755 impudens
1296 1719 1429 1748 videatur.
1457 1721 1497 1748 Ut
1512 1721 1586 1748 enim
1604 1721 1689 1749 obve-

892 1764 946 1792 lare
967 1769 1058 1800 caput,
1083 1765 1177 1792 oeulos
1198 1764 1342 1792 demittere
1365 1764 1442 1798 facit,
1457 1769 1484 1793 et
1501 1766 1688 1800 verecundari,

891 1808 1014 1845 adeoque
1038 1808 1139 1837 subditi
1160 1808 1279 1836 formam
1303 1817 1430 1843 servare;
1454 1810 1493 1837 sic
1507 1811 1626 1838 revelato
1640 1818 1689 1838 ca-

891 1853 947 1889 pite
967 1853 1085 1889 ingredi,
1112 1853 1312 1888 impudentiam
1340 1852 1470 1886 declarat,
1490 1861 1573 1888 quam
1599 1859 1627 1882 et
1639 1863 1689 1882 an-

890 1896 952 1933 geli,
968 1897 1017 1932 qni
1037 1896 1209 1925 Christianos
1230 1897 1409 1930 comitantur,
1424 1902 1610 1924 exsecrantur.
1627 1897 1687 1925 Cle-

891 1949 968 1969 mens
992 1949 1061 1969 vero
1084 1942 1280 1969 Stromatensis
1295 1941 1442 1974 curiosius,
1457 1949 1505 1977 per
1517 1941 1639 1977 angelos,
1659 1942 1687 1969 in

891 1986 1012 2014 Ecclesia
1024 1987 1112 2022 justos
1125 1986 1267 2014 intellexit.
1284 1986 1432 2014 Obveletur
1447 1986 1638 2022 enim,inquit,
1654 1995 1688 2014 ne

889 2030 940 2060 hos
950 2031 986 2059 ad
1001 2030 1215 2059 fornicationem
1231 2030 1406 2059 scandalizet.

926 2124 1014 2150 Vens.
1026 2125 1068 2150 11.
1084 2133 1097 2146 α
1119 2123 1320 2150 Verumtamen
1335 2129 1424 2158 neque
1435 2121 1475 2149 vir
1493 2122 1552 2149 sine
1562 2122 1685 2156 muliere,

889 2175 978 2203 neque
993 2167 1093 2195 mulier
1111 2167 1170 2194 sine
1186 2167 1253 2200 viro,
1269 2167 1297 2194 in
1312 2167 1446 2195 Domino.
1463 2180 1474 2190 υ
1492 2168 1559 2195 Haec
1580 2167 1686 2203 adjicit,

843 2204 868 2235 Ῑ)
886 2212 950 2248 quia
963 2212 1114 2248 plurimum
1127 2211 1299 2240 excellentiae
1324 2212 1382 2239 viro
1397 2211 1520 2245 dederat,
1541 2220 1688 2240 common~

881 2260 974 2286 strans
982 2256 1056 2293 quod
1069 2256 1169 2284 mulier
1184 2265 1216 2284 ex
1230 2257 1299 2292 ipso,
1313 2260 1340 2284 et
1353 2261 1464 2292 propter
1478 2257 1579 2292 ipsum,
1594 2261 1622 2284 et
1635 2258 1685 2285 sub

884 2302 943 2338 ipso
955 2302 1000 2330 sit.
1023 2302 1064 2329 Ne
1087 2301 1170 2337 igitur
1185 2301 1257 2329 viros
1279 2301 1338 2336 plus
1350 2309 1432 2337 quam
1455 2309 1504 2337 par
1523 2302 1559 2329 sit
1577 2301 1684 2336 efferat,

885 2354 974 2383 neque
986 2347 1045 2374 illas
1056 2346 1206 2381 deprimat,
1220 2347 1336 2380 Revera,
1351 2346 1447 2382 inquit,
1464 2347 1491 2374 in
1507 2347 1594 2382 prima
1608 2355 1684 2375 crea-

886 2392 961 2419 tione
975 2391 1012 2419 ita
1033 2390 1130 2418 mulier
1145 2399 1160 2418 e
1173 2391 1232 2418 viro
1256 2391 1367 2418 condita
1383 2391 1435 2418 fuit
1464 2401 1472 2420 :
1488 2400 1563 2419 nunc
1590 2396 1685 2420 autem

887 2444 924 2465 ne
943 2436 985 2464 vir
1009 2435 1120 2472 quidem
1139 2435 1197 2463 sine
1221 2435 1336 2463 muliere
1351 2436 1478 2464 nascitur.
1497 2448 1509 2460 ιι
1536 2438 1686 2464 Verumta-

889 2489 952 2509 men
967 2481 995 2508 in
1008 2480 1165 2514 Domino,»
1176 2480 1228 2507 hoc
1241 2484 1292 2513 est,
1305 2482 1365 2508 Deo
1380 2481 1540 2508 universum
1554 2480 1686 2516 faciente,

888 2530 916 2554 et
927 2525 1079 2553 viviﬁcante
1094 2532 1197 2558 semen,
1211 2526 1409 2560 matricemque
1429 2525 1612 2553 confortante.

924 2571 1014 2598 Vens.
1028 2573 1069 2597 t2.
1088 2581 1100 2594 α
1120 2571 1188 2597 Nam
1203 2570 1275 2598 sicut
1293 2570 1393 2598 mulier
1411 2570 1444 2598 de
1464 2571 1532 2604 viro,
1552 2571 1590 2598 ita
1604 2574 1631 2597 et
1645 2570 1684 2597 vir

888 2623 937 2652 per
960 2615 1113 2644 mulierem.
1133 2626 1146 2639 ι
1172 2615 1272 2643 Mulier
1297 2615 1420 2652 quidem,
1444 2615 1543 2651 inquit,
1566 2623 1600 2643 ex
1628 2615 1685 2642 viro

892 2664 942 2694 est;
968 2667 1035 2688 nam
1053 2660 1143 2689 adhuc
1156 2660 1214 2688 viro
1234 2660 1286 2688 hoc
1311 2661 1447 2696 integrum
1462 2664 1556 2694 restat,
1583 2659 1682 2687 mulie-

736 2789 829 2819 νει-ἰαί
851 2790 999 2820 lectiones.

72 2837 95 2854 ⁵⁸
112 2836 186 2864 nam
202 2845 228 2865 ο.
267 2836 290 2854 ⁸⁵
309 2837 520 2873 βδελυχοήσονται
536 2846 562 2866 o.
