1881 3081
63 193 112 218 ⁴701

65 253 223 291 μεταλαϐεῖν
248 256 300 283 τῶν
325 254 496 294 μυστηρίων,
521 257 574 284 τῶν
599 255 646 294 μὲν
671 254 854 284 πλουτοῦντων
868 257 894 288 Α

64 298 236 338 εἰσφερόντων
248 298 282 328 τὰ
295 300 428 337 ἐδέσματα
440 323 448 338 ,
464 301 515 329 τῶν
529 299 556 329 δὲ
570 299 691 335 πενήτων
707 300 751 328 ὑπ’
767 299 855 328 αὐτῶν

64 343 232 381 καλουμένων
254 344 299 373 καὶ
313 344 490 380 ἑστιωμένων.
505 344 557 374 Διὰ
569 344 654 374 τοίνυν
666 343 713 377 τὰς
727 344 854 384 διχοστα-

64 387 120 421 σίας
144 388 270 428 διιξθάρη
292 388 323 418 τὸ
346 389 497 422 θαυμαστὸν
522 391 600 418 τοῦτο
628 388 673 418 καὶ
694 389 856 429 φιλάλληλον

63 432 106 461 χαὶ
122 432 263 474 φιλόσοφον
277 432 350 468 ἔθος,
377 433 423 463 καὶ
446 435 475 463 οὗ
490 433 564 474 παρὰ
589 433 697 463 πάντων
723 434 852 472 ἐτηρεῖτο.

63 477 160 517 Γράφει
188 472 233 507 οὖν
255 479 270 506 ὁ
294 479 402 511 Παῦλος
426 472 626 518 διορθούμενος·
648 478 694 508 καὶ
710 478 735 507 ἰν
757 477 804 516 μὲν
817 479 855 518 τῷ

62 522 112 561 πρὸ
141 521 235 551 τούτου
263 523 431 560 ἐγκλήματι,
461 523 551 558 ἕπειδὴ
580 522 692 556 πολλοὺς
719 518 776 562 εἶχε
797 522 856 555 τοὺς

62 566 248 604 πειθομένους,
267 577 281 595 ιι
296 567 415 597 Ἐπαινῶ
431 567 458 596 δὲ
483 569 551 605 ὑμᾶς
562 590 569 604 ,
589 578 604 596 n
623 567 702 608 φησίν
714 579 720 586 ·
743 569 854 597 ἐνταῦθα

61 610 86 640 δὲ
105 611 194 644 ἄλλως
215 610 320 650 ἔχοντος
334 615 379 641 τοῦ
403 612 576 652 πράγματος,
592 612 658 652 φησί
674 621 681 628 ·
699 626 711 638 ι
726 613 812 642 Τοῦτο
826 611 853 641 Si

62 656 253 694 παραγγέλλων
276 658 323 686 οὐχ
338 657 437 686 ἐπαινῶ
453 668 460 675 ·
478 670 488 682 -
505 656 638 686 τουτέστιν
648 680 656 693 ,
678 658 736 687 Οὐχ
752 658 853 686 ἐπαινῶ

61 702 142 738 ὑμᾶς,
169 700 210 729 ὅτι
235 700 302 734 ὅλως
326 701 502 741 παραγγέλλω
529 703 590 739 ὑμῖν
615 702 675 742 περὶ
697 701 808 740 τούτου,
824 697 853 732 οἶ

62 745 148 783 μέλλω
170 746 257 784 ἐρεῖν,
275 745 320 774 καὶ
346 747 479 785 παραινῶ.
507 743 585 776 Ἔδει
606 746 658 786 γὰρ
683 747 726 787 ἀφ’
751 748 851 776 ἑαυτῶν

60 789 200 825 συνιέντας,
217 790 284 827 μήτε
301 790 456 832 ἇμαρτῆσαι
470 790 536 824 ὅλως
549 815 556 829 ,
581 791 650 829 μήτε
672 791 853 832 παραγγελίας

60 834 195 871 δεηθῆναι.

97 939 108 951 ι
122 925 192 955 Ὅτι
207 928 253 956 οὐχ
274 927 309 960 εἷς
321 926 350 956 τὸ
364 931 481 966 κρεῖττον
492 950 499 964 ,
517 927 586 956 ἀλλὰ
600 927 635 962 εἰς
650 927 680 957 τὸ
693 923 772 964 ἧττον
788 939 848 957 συν-
866 921 890 953 Β

59 970 204 1010 ἔρχεσθε.»
236 970 312 1000 Ἔδει
334 972 402 1009 ὑμᾶς
421 973 458 1006 εἷς
481 973 511 1002 τὸ
532 976 649 1012 κρεῖττον
675 972 848 1011 προϐαίνειν,

58 1015 100 1044 καὶ
123 1015 172 1048 τὰς
193 1015 355 1050 συνελεύσεις
376 1019 508 1046 ποιεῖσθαι
532 1017 732 1057 φιλοτιμοτέρας
752 1029 759 1036 ·
775 1019 849 1056 ὗμεῖς

57 1059 83 1088 δὲ
98 1060 272 1095 ἠλαττώσατε
288 1061 334 1090 διαὶ
350 1061 379 1091 τὸ
394 1061 446 1097 ἤδη
463 1064 599 1101 κρατῆσαν
625 1062 681 1095 ἔθος
697 1073 704 1081 ε
720 1062 765 1092 καὶ
786 1074 846 1092 συν-

57 1104 163 1144 έρχεσθε
192 1105 240 1144 μὲν
269 1106 296 1133 ἐν
371 1110 420 1147 μιᾷ
446 1106 615 1147 Ἐκκλησία,
642 1108 672 1136 οὗ
699 1107 752 1145 μὴν
779 1107 849 1137 ὥστε

57 1150 229 1179 συνδειπνεῖν.
251 1151 338 1180 Τοῦτο
362 1145 405 1179 οὖν
432 1152 505 1187 ἐστι,
533 1162 548 1180 ιι
561 1145 601 1181 Τὸ
616 1147 694 1187 ἧττον
712 1163 719 1170 ·
735 1165 748 1178 ι
773 1163 850 1182 τουτ-

57 1194 124 1224 έστιν
132 1217 140 1231 ,
157 1194 198 1224 d0
216 1196 384 1225 ἐλαττοῦσθε.

94 1253 106 1265 ιι
123 1240 237 1279 Πρῶτον
254 1239 301 1277 μὲν
321 1240 383 1281 γὰρ,
401 1240 599 1280 συνερχομένων
625 1241 651 1270 ἐν
725 1240 848 1277 Ἐκκλη-

56 1283 108 1323 σία,
125 1284 215 1313 ἀκούω
234 1285 372 1323 σχίσματα
388 1286 414 1314 ἐν
437 1285 498 1322 ὖμῖν
511 1284 652 1324 ὑπάρχειν.
671 1299 683 1311 ιι
699 1287 757 1316 Οὔκ
772 1286 848 1321 εὐθὺς

56 1329 88 1361 εἷς
113 1328 158 1357 τὸν
185 1328 245 1368 περὶ
268 1331 320 1358 τῶν
343 1332 479 1369 τραπεζῶν
500 1330 576 1369 λόγον
602 1329 752 1366 εἰσϐάλλει,
777 1332 848 1362 ἀλλὰ

55 1373 183 1413 πρότερον
207 1373 319 1409 πλήττει
344 1374 457 1409 αὐτοὺς,
485 1375 525 1404 ὅτι
547 1375 686 1414 σχίσματα
710 1376 737 1404 ἐν
759 1376 848 1410 αὐτοῖς

56 1420 113 1448 εἶσι.
141 1417 199 1448 Καὶ
222 1421 273 1458 γὰρ
288 1418 370 1453 ὄντως
395 1420 460 1449 διότι
483 1419 677 1460 ἇπεσχισμένοι
704 1416 786 1458 ἦσαν,
804 1421 848 1450 διὰ

54 1466 128 1493 τοῦτο
142 1463 198 1502 ἰδίᾳ
211 1463 301 1498 ἤσθιον
315 1463 437 1497 ἕκαστος.

96 1518 110 1537 ιι
125 1508 183 1538 Καὶ
209 1508 287 1547 μέρος
308 1520 334 1537 τι
350 1508 477 1540 πιστεύω.
503 1520 517 1538 n
536 1508 595 1540 Ἵνα
611 1509 650 1548 μὴ
667 1510 760 1540 εἴπωσι
774 1522 781 1529 ·
810 1510 847 1541 Τί

55 1551 102 1595 γὰρ
114 1553 135 1582 εἷ
145 1553 291 1592 ψεύδονται
301 1554 324 1582 οἱ
340 1554 547 1590 διαϐάλλοντες;
563 1553 632 1591 οὔτε,
647 1554 687 1584 δτι
703 1555 843 1594 Πιστεύω,
863 1561 886 1595 c

54 1592 138 1633 εἶπεν,
162 1596 209 1626 ἵνα
233 1596 270 1636 μὴ
292 1598 542 1638 ἀναισχυντοτέρους
557 1598 656 1640 ποιήσῃ
670 1611 677 1618 ·
705 1598 782 1636 οὔτε,
806 1599 846 1629 ὅτι

55 1641 167 1671 Ἀπιστῶ
178 1665 186 1680 ,
202 1641 244 1671 ἵνα
267 1641 304 1681 μὴ
320 1642 381 1682 δόξῃ
406 1643 494 1681 μάτην
517 1645 642 1685 ἐπιτιμᾷν
653 1655 660 1663 ⁸
687 1644 756 1674 ἀλλὰ
768 1667 775 1680 ,
791 1646 846 1674 Μι-

54 1686 112 1726 κρόν
135 1699 180 1724 τι,
205 1688 284 1728 φησὶ,
309 1687 444 1717 πιστεύω·
469 1687 526 1726 ἅμα
553 1688 579 1717 δὲ
604 1689 648 1718 χαὶ
673 1689 757 1726 εἰκὸς,
779 1689 847 1727 μηδὲ

54 1731 151 1766 πάντας
179 1731 352 1772 παραϐαίνειν
376 1732 407 1762 τὸ
421 1732 494 1770 ἔθος,
515 1733 574 1763 ἀλλ’
590 1734 620 1763 ἐκ
645 1733 740 1774 μέρους
765 1735 846 1768 τινάς.

94 1833 108 1851 ιι
123 1824 174 1852 Δεῖ
187 1822 239 1862 γὰρ
263 1821 308 1851 καὶ
333 1821 446 1861 αἱρέσεις
474 1823 500 1852 ἓν
521 1824 581 1861 ὑμῖν
600 1818 680 1852 εἶναι.
700 1836 713 1849 ιι
736 1824 777 1853 Οὖ
800 1824 846 1859 τὰς

51 1868 101 1896 τῶν
124 1867 267 1906 δογμάτων
292 1866 404 1906 αἱρέσεις
427 1867 512 1906 λέγει,
533 1867 602 1897 ἀλλὰ
629 1867 676 1901 τὰς
692 1869 744 1897 τῶν
760 1869 845 1899 τοιού-

52 1923 101 1940 των
118 1911 277 1951 σχισμάτων
288 1933 297 1949 ,
311 1911 357 1945 τὰς
375 1912 436 1952 περὶ
450 1914 502 1942 τῶν
523 1914 671 1952 τραπεζῶν.
689 1913 725 1943 Τί
746 1912 774 1942 δέ
789 1914 846 1944 ἔστι

53 1956 95 1991 τὸ,
114 1967 130 1985 ιι
146 1959 213 1992 Δεί;
234 1956 290 1986 ἀντὶ
306 1959 366 1993 τοῦ,
393 1956 545 1996 ἐνδέχεται,
559 1956 577 1993 ἢ
600 1957 661 1994 καὶ,
675 1957 715 1987 ὅτι
728 1957 844 1997 Ἀνάγκη

53 2000 120 2029 ἐστὶν
143 1998 301 2042 ἀνθρώπους
313 2000 388 2034 ὄντας
408 2002 478 2040 ὑμᾶς
502 2001 539 2039 μὴ
556 2002 655 2035 πάντας
679 2003 842 2042 ὁρθοποδιῖν,

52 2045 100 2086 Διᾷ
122 2048 201 2074 τοῦτο
226 2041 270 2074 οὖν
287 2046 332 2075 καὶ
358 2046 494 2076 πιστεύω·
520 2046 610 2086 ὥσπερ
634 2047 680 2076 καὶ
706 2049 720 2076 ὁ
747 2047 846 2086 Κύριος

54 2083 120 2118 εἶπεν
136 2100 143 2108 ·
165 2100 181 2119 α
193 2089 305 2129 Ἀνάγκη
326 2091 408 2120 ἐλθεῖν
424 2091 457 2119 τὰ
479 2083 636 2128 σκάνδαλα,
660 2102 674 2120 ι)
695 2093 753 2120 ἀντὶ
774 2083 820 2122 τοῦ
833 2116 842 2132 ,

55 2133 128 2164 Ἐπεὶ
154 2135 267 2177 πονηροί
295 2136 360 2164 εἰσιν
400 2136 426 2164 ἐν
463 2137 500 2176 τῷ
528 2136 637 2177 κόσμῳ,
667 2136 769 2176 ἀνάγκη
799 2138 844 2167 καὶ

53 2179 188 2208 σκάνδαλα
204 2179 271 2208 εἶναι
281 2201 290 2216 ,
308 2179 355 2209 καὶ
368 2179 503 2220 ἔρχεσθαι.

91 2235 106 2282 ξ
118 2223 180 2255 Ἵνα
193 2225 226 2282 οἱ,
232 2225 336 2263 δόκιμοι
354 2225 462 2282 ῗανερρὶ
476 2225 646 2282 γένωντριιέν
671 2226 743 2264 ὑμῖν.
755 2237 776 2282 ι)1
790 2226 842 2264 Τὸ,
859 2251 884 2282 D

58 2279 70 2297 ιι
81 2268 138 2299 Ἵνα
148 2292 157 2307 ,
173 2280 187 2298 η
214 2270 326 2299 ἐνταῦθα
348 2271 396 2299 οὐκ
419 2271 592 2310 αἰτιολογικόν
607 2271 677 2300 ἐστιν
689 2295 696 2308 ,
714 2271 782 2300 ἀλλὰ
797 2274 844 2308 τῆς

53 2313 185 2347 ἐκϐάσεως
198 2317 244 2344 τοῦ
263 2314 436 2353 πράγματος,
447 2317 483 2348 ὡς
504 2316 669 2355 πολλαχόθεν
686 2317 775 2352 δῆλον.
792 2316 844 2346 Ἐκ

53 2357 101 2398 γὰρ
125 2361 172 2387 τοῦ
186 2357 246 2392 τοὺς
261 2359 498 2399 ἂλαζονιχωτέρους
521 2360 558 2398 μὴ
579 2360 771 2400 καταδέχεσθαι
795 2360 844 2396 τὴν

53 2404 165 2432 ἑστίασιν
187 2406 358 2443 φανεροῦνται
381 2405 404 2433 οἱ
432 2404 549 2443 δόκιμοι,
576 2406 726 2443 τουτέστιν,
745 2406 767 2435 οἱ
795 2406 844 2436 πέ-

53 2459 143 2484 νητες,
165 2448 206 2477 ὅτι
230 2448 336 2488 φέρουσι
365 2449 549 2489 παρορώμεναι
562 2459 570 2467 ’
592 2449 718 2490 πρότερον
745 2450 773 2480 3i
793 2451 840 2480 οὐκ

54 2493 156 2532 ἐφαίνετ
177 2495 194 2529 ἡ
210 2493 337 2533 καρτερία
359 2495 458 2525 αὐτῶν.
489 2493 528 2525 Ἢ
555 2495 676 2532 δοκίμους
696 2494 767 2534 λέγει
786 2494 847 2529 τοὺς

54 2537 90 2565 ἔτι
103 2537 132 2566 τὸ
148 2538 204 2572 ἔθος
217 2538 397 2580 φυλάττοντας
412 2548 420 2557 ’
443 2540 472 2568 οὗ
493 2539 543 2579 γὰρ
559 2540 657 2574 πάντες
680 2542 757 2570 τοῦτο
773 2551 848 2580 παρ-

55 2581 158 2613 έλυσαν.
185 2584 246 2613 Τῶν
273 2578 316 2613 οὖν
347 2583 560 2623 παραλυσάντων
587 2584 723 2623 ἀδοκίμων
750 2595 847 2626 φαινο-

55 2626 136 2663 μένων
146 2649 154 2662 ,
172 2628 196 2657 οἱ
210 2628 385 2668 φυλάττοντες
410 2631 586 2669 φανεροῦνται
599 2631 634 2663 ὡς
648 2630 765 2669 δόκιμοι.

98 2771 112 2789 ιι
127 2762 331 2803 Συνερχομένων
355 2759 399 2794 οὖν
422 2765 496 2804 ὑμῶν
512 2764 555 2795 ἐπὶ
570 2765 600 2795 τὸ
625 2766 703 2805 αὐτὸ,
724 2767 771 2798 οὐκ
793 2765 850 2796 ἔστι

90 2831 102 2845 ι
118 2828 215 2858 Matth.
232 2837 326 2865 xvur,
342 2834 368 2860 1.

522 191 700 220 EXPOSITIO
719 192 752 219 IN
770 191 877 219 EPIST.
897 191 907 219 i
926 192 972 219 Al)
993 191 1074 220 COR.
1094 206 1128 212 —
1147 192 1222 220 CAP.
1244 193 1286 219 Xl.

1655 194 1707 221 702

909 253 1014 289 diebus,
1027 253 1103 282 festis
1118 253 1247 288 fortasse,
1267 258 1331 290 post
1344 255 1538 290 mysteriorum
1554 256 1706 292 participa-

909 299 1012 327 tionem
1036 299 1224 327 communiter
1245 298 1477 333 convivabantur,
1501 299 1634 329 divitibus
1658 300 1706 328 ni-

909 344 1012 372 mirum
1031 343 1134 372 fercula
1154 342 1345 378 efferentibus,
1362 343 1528 380 pauperibus
1555 348 1647 372 autem
1671 344 1706 373 ab

909 388 976 424 ipsis
990 388 1025 416 ad
1039 388 1163 416 convivia
1176 389 1291 417 vocatis.
1303 390 1342 416 At
1353 397 1402 425 per
1419 388 1604 417 dissensiones
1617 389 1706 417 admi-

908 433 1013 461 randus
1028 433 1074 461 ille
1088 433 1170 467 ritus,
1185 440 1240 469 quo
1255 437 1352 462 mutua
1367 432 1498 466 charitas,
1513 437 1542 461 et
1553 432 1703 462 christiana

907 477 1081 514 philosophia
1095 478 1299 512 continebatur,
1311 482 1457 513 corruptus
1468 482 1521 511 est,
1536 485 1587 506 nee
1602 478 1637 506 ab
1649 486 1706 507 om-

906 522 987 550 nibus
1000 523 1169 551 servabatur.
1183 523 1283 551 Scribit
1296 523 1380 559 igitur
1395 523 1506 556 Paulus,
1523 527 1553 551 ut
1569 523 1623 551 hoc
1638 531 1703 551 cor-

908 567 988 604 rigat.
1014 568 1084 596 Cum
1111 571 1203 596 autem
1227 568 1257 595 iu
1281 567 1448 603 praecedenti
1477 567 1577 596 delicto
1602 567 1705 596 multos

907 613 1066 643 obedientes
1073 614 1195 648 haberet,
1212 625 1224 639 ιι
1239 615 1343 642 Laudo
1352 622 1412 648 vos,
1433 626 1444 638 η
1454 614 1544 649 inquit
1559 614 1625 642 :hic
1638 622 1702 642 vero

906 667 986 687 secus
1008 659 1128 687 habente
1151 667 1190 691 re,
1211 670 1225 684 ι
1249 660 1310 687 Hoc
1330 663 1423 687 autem
1453 659 1616 694 praecipiens
1644 667 1704 687 non

906 703 999 738 laudo,
1013 714 1029 730 ν
1045 705 1085 732 ait
1099 714 1105 732 :
1121 704 1173 732 hoc
1188 708 1240 739 est,
1254 712 1311 732 non
1325 704 1406 732 laudo
1428 712 1487 738 vos,
1502 704 1577 740 quod
1592 712 1704 739 prorsus

906 748 958 777 hac
975 749 1010 777 de
1027 757 1068 781 re,
1085 748 1121 777 de
1138 757 1191 785 qua
1216 749 1341 777 dictums
1355 757 1429 783 sum,
1451 749 1610 784 praecipiam
1627 749 1703 777 vobis

905 797 933 821 et
948 793 1088 822 adhorter.
1102 794 1234 830 Oportuit
1245 794 1321 822 enim
1337 798 1369 822 ut
1391 801 1439 829 per
1456 802 1504 821 vos
1516 794 1589 829 ipsos
1601 793 1703 822 intelli-

904 842 1010 874 gentes,
1026 845 1077 866 nec
1088 838 1239 874 peccaretis
1255 838 1380 872 omnino,
1395 846 1447 866 nec
1468 842 1608 874 praecepto
1625 838 1696 866 indi-

904 882 1014 918 geretis.

942 941 956 954 ‹ι
968 929 1046 964 Quod
1055 936 1111 957 non
1123 929 1151 957 in
1161 929 1268 960 melius,
1281 929 1329 957 sed
1341 930 1369 957 in
1377 929 1500 957 deterius
1511 929 1676 958 convenitis.
1688 941 1701 954 ιι

904 973 1026 1002 Decebat
1046 981 1094 1002 vos
1114 973 1150 1002 ad
1180 974 1297 1002 meliora
1318 973 1456 1009 progredi,
1487 977 1700 1010 conventusque

903 1017 992 1046 facere
1006 1018 1170 1046 liberaliores
1188 1027 1195 1047 :
1213 1026 1261 1046 vos
1275 1023 1368 1046 autem
1386 1017 1626 1052 consuetudinem,
1639 1026 1702 1054 qua

903 1062 1059 1091 obtinuerat
1081 1063 1152 1098 apud
1175 1070 1234 1097 vos,
1266 1063 1457 1096 imminuistis;
1488 1071 1521 1090 ac
1550 1063 1701 1092 convenitis

901 1107 1014 1144 quidem
1031 1108 1059 1135 in
1081 1115 1135 1136 una
1156 1107 1284 1141 Ecclesia,
1304 1115 1360 1135 non
1377 1113 1469 1136 tamen
1491 1111 1522 1135 ut
1547 1107 1628 1136 simul
1643 1115 1701 1136 cm-

901 1152 983 1180 netis.
1007 1153 1067 1180 Hoc
1088 1153 1169 1189 igitur
1189 1157 1232 1181 est
1247 1163 1260 1177 ιι
1277 1152 1418 1187 Deterius,
1442 1163 1455 1177 ι
1481 1152 1507 1180 id
1522 1156 1574 1187 est,
1600 1152 1628 1181 in
1646 1160 1701 1190 quo

861 1216 863 1219 -
903 1196 1031 1225 deﬁcitis.

939 1243 1028 1270 Vsus.
1043 1245 1084 1270 18.
1099 1254 1112 1266 ι
1126 1242 1249 1270 Primum
1262 1242 1377 1278 quidem
1388 1242 1612 1270 convenientibus
1623 1243 1701 1271 vobis

903 1285 932 1313 in
946 1287 1078 1321 Ecclesia,
1092 1287 1176 1315 audio
1199 1286 1348 1315 schismata
1364 1287 1434 1315 inter
1448 1295 1497 1314 vos
1515 1294 1583 1315 esse.
1601 1296 1615 1313 υ
1637 1288 1700 1315 Non

901 1331 994 1358 statim
1008 1331 1166 1367 aggreditur
1180 1339 1336 1360 sermonem
1363 1331 1398 1359 de
1415 1332 1527 1365 mensis,
1555 1331 1604 1359 sed
1623 1332 1701 1367 prius

903 1383 950 1404 eos
969 1375 1042 1410 ferit,
1063 1375 1138 1412 quod
1161 1376 1309 1404 schismata
1320 1376 1393 1404 inter
1413 1384 1461 1404 eos
1483 1380 1573 1404 essent
1606 1387 1612 1405 :
1636 1383 1700 1404 nam

902 1428 995 1448 revera
1031 1421 1094 1456 quia
1126 1420 1204 1449 divisi
1224 1425 1312 1454 erant,
1343 1421 1445 1450 idcirco
1471 1421 1600 1457 privatim
1627 1428 1700 1449 unus

901 1464 1019 1501 quisque
1035 1464 1147 1493 edebat.

939 1520 951 1533 α
972 1510 1007 1536 Et
1026 1517 1059 1536 ex
1075 1513 1150 1544 parte
1169 1509 1261 1538 credo.
1281 1520 1296 1535 υ
1316 1511 1357 1538 Ne
1383 1509 1486 1544 dicant,
1512 1509 1582 1545 Quid
1605 1513 1698 1538 autem

899 1555 920 1584 si
945 1555 1115 1584 mentiuntur
1125 1556 1337 1584 calumniatores
1362 1557 1467 1584 nostri?
1490 1558 1583 1592 Neque
1604 1557 1701 1592 credo,

902 1600 979 1633 dixit,
1001 1608 1035 1628 ne
1054 1600 1270 1636 impudentiores
1290 1601 1371 1629 faciat
1397 1611 1404 1630 :
1420 1609 1509 1636 neque
1524 1609 1578 1629 non
1602 1601 1701 1636 credo,

901 1653 936 1673 ne
948 1645 1074 1673 videatur
1088 1653 1135 1673 eos
1150 1645 1250 1674 frustra
1263 1646 1423 1682 objurgare;
1439 1645 1497 1679 sed,
1509 1647 1609 1674 Parum
1623 1645 1702 1682 quid-

901 1689 965 1717 dam
992 1689 1086 1724 credo,
1118 1689 1218 1726 inquit.
1242 1691 1398 1718 Verisimile
1432 1691 1500 1718 item
1529 1694 1582 1724 est,
1611 1698 1702 1726 neque

901 1741 999 1762 omnes
1014 1742 1119 1763 morem
1133 1735 1219 1763 istum
1235 1735 1399 1771 transgredi,
1415 1735 1462 1763 sed
1471 1743 1503 1764 ex
1524 1739 1602 1771 parte
1617 1743 1700 1772 quos-

901 1778 978 1806 dam.

936 1824 1023 1851 Vens.
1043 1826 1084 1851 l9.
1102 1835 1115 1847 ιι
1131 1824 1250 1859 Oportet
1270 1824 1343 1851 enim
1370 1828 1397 1851 et
1414 1824 1531 1852 haereses
1553 1825 1626 1852 inter
1651 1833 1700 1853 vos

900 1875 971 1895 esse.
984 1877 1000 1893 ν
1013 1868 1073 1894 Non
1093 1867 1256 1903 dogmatum
1272 1867 1390 1896 haereses
1405 1868 1484 1901 dicit,
1499 1867 1549 1895 sed
1560 1869 1697 1896 schisma-

900 1915 959 1939 tum
976 1911 1144 1946 hujusmodi,
1172 1911 1208 1939 de
1222 1912 1324 1940 mensis
1346 1912 1456 1940 scilicet.
1474 1911 1548 1946 Quid
1572 1920 1636 1940 vero
1648 1917 1698 1948 est,

903 1968 915 1981 α
930 1957 1064 1992 Oportet?
1077 1968 1089 1980 -
1108 1964 1169 1992 pro,
1182 1956 1312 1992 possibile
1328 1960 1380 1991 est,
1401 1957 1441 1985 vel
1457 1965 1568 1985 necesse
1583 1961 1624 1985 est
1638 1965 1698 1992 vos,

900 2011 965 2032 cum
980 2003 1106 2031 homines
1125 2004 1184 2031 sitis
1194 2024 1202 2036 ,
1216 2011 1272 2031 non
1294 2011 1391 2032 omnes
1405 2008 1478 2032 recta
1493 2004 1606 2039 ingredi.
1623 2005 1700 2033 Hane

898 2050 982 2086 igitur
996 2049 1031 2078 ob
1046 2057 1106 2078 rem
1129 2050 1214 2078 etiam
1235 2049 1318 2078 credo
1344 2059 1351 2078 :
1368 2050 1478 2086 perinde
1501 2058 1533 2078 ac
1561 2051 1698 2079 Dominus

899 2097 984 2125 etiam
998 2096 1086 2125 dixit:
1116 2108 1129 2122 ιι
1152 2099 1269 2125 Necesse
1293 2101 1336 2125 est
1355 2097 1446 2125 venire
1460 2097 1586 2125 scandala
1607 2103 1621 2119 η
1650 2108 1655 2125 :
1684 2110 1696 2123 ι

896 2141 949 2170 hoc
962 2147 1014 2175 est,
1027 2143 1097 2170 Cum
1112 2142 1190 2178 pravi
1205 2142 1258 2170 sint
1277 2142 1305 2170 in
1330 2142 1448 2176 mundo,
1473 2150 1533 2170 esse
1553 2146 1580 2170 et
1603 2143 1696 2171 venire

898 2186 1026 2214 scandala
1041 2194 1152 2214 necesse
1167 2191 1218 2214 est.

936 2244 950 2258 α
965 2234 1006 2262 Ut
1018 2234 1065 2269 qui
1078 2233 1184 2269 probati
1203 2237 1279 2266 sunt,
1293 2233 1435 2261 manifesti
1452 2233 1519 2261 fiant
1531 2233 1557 2260 in
1574 2233 1663 2262 vobis.
1683 2244 1698 2261 ιι

897 2279 1070 2316 Conjunctio,
1085 2291 1098 2304 ι
1114 2281 1164 2313 Ut,
1182 2291 1194 2304 ι
1210 2280 1253 2308 hic
1266 2288 1321 2308 non
1336 2284 1377 2308 est
1396 2281 1522 2313 causalis,
1537 2280 1585 2308 sed
1608 2281 1642 2309 ad
1659 2285 1700 2312 re!

898 2331 1026 2355 eventum
1052 2331 1080 2355 et
1101 2327 1204 2355 exitum
1231 2327 1358 2363 pertinet,
1385 2327 1423 2355 uti
1453 2328 1545 2356 multis
1575 2328 1604 2355 in
1630 2328 1699 2357 locis

899 2371 1073 2408 perspicuum
1094 2375 1144 2399 est.
1161 2372 1230 2400 Cum
1255 2372 1329 2399 enim
1350 2373 1553 2408 arrogantiores
1573 2381 1701 2401 commu-

898 2424 960 2444 nem
977 2417 1059 2444 istam
1074 2424 1183 2445 canam
1197 2425 1251 2444 non
1271 2417 1433 2452 acciperent,
1450 2417 1696 2446 manifestabantur

900 2461 1018 2497 probati,
1043 2461 1071 2489 id
1096 2465 1149 2495 est,
1176 2469 1318 2498 pauperes,
1349 2462 1422 2498 quod
1447 2462 1580 2498 patienter
1612 2462 1700 2491 ferant

900 2513 958 2533 sese
973 2506 1073 2542 negligi
1093 2514 1100 2534 :
1117 2510 1196 2534 antea
1216 2511 1307 2534 autem
1325 2515 1381 2534 non
1402 2507 1553 2543 apparebat
1573 2516 1698 2543 perseve-

902 2551 991 2578 rantia
1016 2558 1122 2579 eorum.
1149 2551 1198 2579 Vel
1223 2551 1352 2587 probatos
1368 2551 1435 2580 dicit
1449 2560 1506 2584 eos,
1522 2553 1568 2588 qui
1593 2559 1699 2580 morem

902 2603 990 2624 scenae
1011 2595 1101 2624 adhuc
1120 2596 1312 2624 custodiebant
1332 2605 1407 2624 :non
1431 2597 1505 2624 enim
1533 2596 1614 2631 190
1633 2604 1698 2624 eum

903 2648 997 2668 omnes
1023 2639 1209 2669 dissolverant.
1240 2642 1308 2669 Cum
1335 2641 1419 2677 igitur
1449 2641 1625 2669 dissolventes
1653 2648 1699 2668 re-

904 2685 980 2721 probi
1002 2689 1175 2721 apparerent,
1196 2685 1373 2714 observantes
1421 2684 1627 2713 manifestantur
1647 2692 1698 2713 ceu

904 2729 1022 2766 probati.

939 2775 1032 2803 ans.
1048 2776 1092 2802 2ο.
1110 2785 1123 2799 α
1137 2774 1369 2804 Convenienlibus
1383 2774 1466 2812 igitur
1479 2774 1558 2802 vobis
1571 2774 1598 2802 in
1613 2774 1697 2807 idem,
