1881 3081
201 188 252 215 703

711 184 968 213 THEOPHYLACTI
987 185 1166 214 BULGARI/E
1185 185 1343 213 ARCHIEP.
1776 187 1816 214 'Iol

197 257 253 278 non
266 253 308 277 est
323 247 497 276 Dominicam
511 255 621 275 cmuam
636 246 811 275 manducare.
833 256 847 274 ι)
864 247 992 276 Conven-

1061 248 1184 288 ίυριακὸν
1200 248 1305 277 δεῖπνον
1322 250 1426 287 φαγεῖν.
1451 258 1465 275 ι
1482 245 1518 277 Ἦ
1533 246 1581 284 μὲν
1605 246 1761 284 συνέλευσις,
1780 260 1816 285 φη.

198 299 255 330 tus,
278 293 375 330 inquit,
391 292 556 320 charitatem
577 291 681 320 indicat
693 295 722 320 et
741 292 972 320 consociationem
988 301 995 320 :

198 339 272 376 atqui
287 346 356 375 opus
367 346 425 366 non
442 337 483 365 ﬁt.
500 337 676 365 Dominicam
694 340 787 365 autem
810 344 920 365 cenam
929 345 996 365 con-

198 384 299 412 vivium
314 386 404 417 vocat,
427 382 512 410 veluti
537 381 725 410 imitationem
749 381 902 410 tremendae
925 382 997 410 illius

198 436 296 463 came.
324 436 408 464 quam
436 427 573 455 Dominus
598 434 652 455 una
682 434 745 454 cum
777 426 915 462 discipulis
941 426 998 454 suis

199 472 384 502 manducavit.
410 473 558 507 Propterea
579 475 608 499 et
631 478 741 499 cmnam
758 470 903 507 prandium
916 479 997 499 voca-

199 518 246 546 vit.
272 517 369 546 Videte
391 516 483 552 igitur,
508 515 610 551 inquit,
635 523 690 552 quo
721 514 864 549 orbemini,
898 522 999 552 nempe

199 563 354 592 imitatione
368 568 471 590 mensae
486 560 650 589 Dominica.

233 609 327 636 Vsas.
343 609 388 634 21.
405 617 418 631 ιι
433 606 628 642 Unusquisque
642 604 718 633 enim
732 606 870 642 propriam
885 613 997 634 caenam

199 652 345 688 prmsumit
369 651 405 680 ad
426 650 659 679 manducandum.
692 661 704 674 ιι
730 650 904 678 Dominicam
926 651 997 679 hanc

197 705 304 726 caenam
325 696 461 732 privatam
474 695 586 723 fecistis.
599 694 729 730 Quandiu
739 695 816 723 enim
836 695 998 723 communis

197 746 281 775 esset,
296 741 442 769 Dominica
453 747 529 769 ccena
549 740 718 767 vocabatur:
734 739 846 767 Domini
858 740 933 767 enim
952 747 996 768 res

199 786 328 815 omnibus
350 785 436 814 servis
463 789 528 812 sunt
554 791 726 812 communes.
759 783 898 819 Quoniam
931 791 995 812 vero

198 831 385 867 unusquisque
415 829 561 857 antevertit
583 829 722 864 propriam
747 836 855 856 cumam
879 828 996 856 mandu-

197 874 296 909 cando,
312 882 362 902 nec
378 877 518 909 exspectat
540 881 681 908 pauperes,
697 871 744 900 sed
767 873 895 908 privatim
919 872 992 908 apud

1052 293 1109 330 σὶν,
1136 293 1243 332 ἀγάπην
1271 292 1432 322 ἐνδείκνυται
1458 291 1505 322 καὶ
1526 292 1723 330 συναγελασμόν
1737 303 1743 310 ·
1764 293 1817 328 πλὴν

1051 340 1081 368 οὗ
1102 337 1204 375 γίνεται
1226 337 1257 367 τὸ
1276 336 1362 377 ἔργον.
1385 336 1521 376 κυριακὸν
1543 336 1571 366 δὲ
1587 337 1690 366 δεῖπνον
1703 337 1818 372 καλεῖτὴν

1052 382 1218 412 συνεστίασιν
1236 381 1275 420 ⁸⁷,
1292 383 1327 415 ὡς
1349 380 1463 420 μίμησιν
1483 380 1584 410 ἐκείνου
1597 383 1645 410 τοῦ
1663 383 1778 421 φρικτοΰ,
1790 381 1819 410 ὃὸ

1052 427 1148 467 Κύριος
1168 427 1298 467 συνέφαγε
1318 427 1372 460 τοῖς
1394 428 1528 467 μαθηταῖς
1540 437 1547 443 ·
1569 424 1608 454 διὸ
1627 426 1672 454 καὶ
1696 425 1818 455 δεῖπνοντὸ

1052 465 1158 506 ἄριστον
1180 465 1313 501 ἐκάλεσεν.
1337 469 1422 501 Ἴδετε
1438 465 1493 507 οὖν,
1508 469 1594 509 φησὶ,
1610 469 1678 505 τίνος
1694 474 1817 510 στερεῖσθε,

1051 520 1096 547 τοῦ
1111 517 1249 555 μιμεῖσθαι
1263 515 1311 553 τὴν
1328 514 1498 552 Δεσποτικὴν
1514 514 1656 555 τράπεζαν.

1096 619 1111 638 u
1125 607 1265 641 Ἕκαστος
1279 607 1332 648 γὰρ
1355 606 1385 636 τὸ
1410 606 1477 636 ἴδιον
1505 606 1610 635 δεῖπνον
1624 605 1790 646 προλαμϐάνει
1801 607 1819 635 ἓν

1051 654 1088 692 τῷ
1114 656 1216 692 φαγεῖν.
1235 664 1248 678 ιι
1271 652 1309 681 Τὸ
1332 650 1465 690 Κυριακὸν
1487 652 1570 680 τοῦτο
1592 651 1696 680 δεῖπνον
1716 651 1820 680 ἰδιωτικὸν

1050 696 1225 732 πεποιήκατε.
1251 695 1325 729 "Em:
1346 695 1393 734 μὲν
1411 695 1462 735 γὰρ
1483 691 1515 730 ἧν
1535 695 1637 732 κοινὸν,
1653 696 1697 724 καὶ
1714 695 1820 734 κυριακὸν

1050 742 1153 771 δεῖπνον
1171 740 1275 780 ἐλέγετο
1296 753 1303 760 ·
1317 740 1351 770 τὰ
1365 739 1417 780 γὰρ
1439 742 1485 769 τοῦ
1499 739 1638 770 Δεσπότου
1653 739 1752 769 πάντων
1764 739 1820 769 κοινὰ

1051 788 1100 815 τῶν
1117 785 1226 815 δούλων.
1246 785 1324 815 Ἐπεὶ
1349 784 1376 814 δὲ
1401 783 1512 817 ἕκαστος
1530 783 1721 823 ’προλαμϐάνει
1735 784 1820 823 τρώγων

1049 830 1080 860 τὸ
1102 830 1170 860 ἴδιον
1193 831 1316 866 δεῖπνον,
1343 829 1390 858 καὶ
1410 830 1458 858 οὐκ
1484 829 1612 866 ἀναμένει
1638 828 1694 862 τοὺς
1714 829 1819 863 πένητας,

1047 875 1105 905 ἀλλ’
1121 875 1174 915 ἰδίᾳ
1188 876 1268 905 ἐσθίει
1282 876 1341 904 καθ’
1361 873 1469 910 ἑαυτὸν,
1487 873 1640 911 ἠτιμάσατε
1650 873 1675 891 ⁸⁵
1692 873 1720 902 τὸ
1740 874 1819 903 δεῖπνον

197 927 257 948 sese
284 919 350 952 edit,
378 917 544 946 contumelia
577 917 707 945 effecistis
720 924 828 946 umnam
858 921 989 952 vestram,

1064 922 1136 958 μῶν,
1152 920 1211 948 ἀντὶ
1230 921 1366 959 Κυριακόῦ
1389 917 1521 948 ἰδιωτικὸν
1542 918 1711 954 ποιήσαντες.

197 972 246 1001 pro
259 963 402 992 Dominica
416 963 553 999 privatam
568 961 707 990 facientes.

235 1020 248 1033 ι
266 1010 301 1036 Et
313 1008 382 1036 alius
395 1007 506 1043 quidem
524 1006 619 1040 esurit,
634 1006 703 1034 alius
724 1013 789 1035 vero
804 1005 896 1034 ebrius
912 1009 966 1034 est.
984 1015 999 1032 τι

199 1054 306 1088 Pauper
326 1052 437 1088 quidem
465 1051 561 1084 esurit,
584 1051 730 1086 opulentus
752 1058 817 1079 vero
841 1050 1001 1079 inebriatur.

201 1099 264 1126 Duo
277 1101 368 1125 autem
382 1096 427 1124 hic
441 1100 506 1124 sunt
525 1096 642 1131 piacula,
662 1099 689 1123 et
706 1095 779 1131 quod
801 1099 1001 1130 pratereuntur

199 1149 344 1178 pauperes,
367 1145 394 1169 et
414 1141 488 1176 quod
512 1148 560 1168 vos
573 1140 759 1174 inebriamini,
774 1139 824 1167 soli
842 1140 874 1168 iis
887 1139 1000 1168 saturati

203 1194 266 1224 quae
293 1187 374 1215 etiam
401 1185 568 1222 pauperibus
593 1185 735 1221 oportebat
767 1188 895 1220 apparata
929 1192 1000 1213 esse.

201 1231 363 1268 Emphatiee
377 1235 469 1259 autem
484 1230 564 1265 dixit,
580 1241 593 1255 ι
607 1230 706 1258 Ebrius
720 1234 772 1258 est.
787 1239 801 1255 υ

236 1279 327 1305 Vsas.
340 1279 385 1304 22.
403 1288 417 1301 ιι
438 1275 568 1312 Nunquid
591 1275 667 1303 enim
691 1274 793 1303 domos
813 1282 870 1303 non
895 1273 1002 1303 habetis

200 1322 234 1351 ad
249 1322 383 1350 edendum
408 1324 436 1349 et
455 1320 653 1349 bibendum?»
678 1320 704 1348 Si
726 1320 800 1348 enim
819 1319 1003 1348 communiter

198 1371 227 1395 et
238 1367 345 1403 publice
354 1374 412 1394 non
426 1365 490 1394 estis
514 1365 598 1399 esuri,
619 1373 668 1393 cur
689 1372 745 1392 non
769 1364 798 1392 in
823 1363 930 1393 adibus
951 1371 1002 1401 ve-

200 1412 265 1440 stris
277 1411 377 1440 editis?

240 1469 253 1481 α
270 1460 326 1485 Aut
337 1455 488 1484 Ecclesiam
503 1455 555 1483 Dei
581 1454 777 1483 contemnitis?
792 1465 804 1478 ι
832 1454 903 1482 Cum
927 1452 1002 1481 enim

201 1502 379 1530 Dominicam
402 1507 511 1529 cuinam
537 1499 672 1536 privatam
698 1497 808 1532 feceris,
834 1498 1003 1526 manducans

201 1547 273 1583 apud
305 1546 435 1582 teipsum,
474 1544 502 1573 in
536 1544 688 1572 Ecclesiam
719 1547 747 1571 et
779 1543 871 1570 locum
905 1550 936 1571 es
964 1542 1005 1570 in-

199 1591 298 1627 jurius.

241 1646 251 1660 ι
267 1636 302 1663 Et
316 1633 474 1670 pudefacitis
492 1641 549 1661 non
561 1632 701 1661 habentes.
718 1642 732 1658 ιο
749 1632 811 1660 Non
823 1635 932 1660 tantum
951 1639 998 1659 cu-

200 1683 262 1708 rant
281 1686 422 1714 pauperes,
443 1677 543 1713 inquit,
566 1676 639 1713 quod
663 1676 816 1711 nontalitis
835 1684 893 1709 eos,
909 1683 999 1712 quan-

202 1728 263 1752 tum
278 1723 352 1759 quod
367 1722 509 1758 pudeﬁunt
526 1721 674 1757 redarguti,
691 1721 768 1758 quod
791 1721 841 1757 ipsi
864 1720 930 1749 nihil
953 1720 1001 1748 ba-

202 1769 293 1803 beant,
317 1768 393 1796 vobis
411 1767 551 1804 splendide
562 1766 800 1800 accumbentibus,
820 1774 852 1794 ac
872 1766 935 1794 vino
957 1765 1000 1794 in-

203 1812 387 1850 dulgentibus.

241 1870 254 1883 ιι
268 1858 340 1895 Quid
361 1858 439 1886 vobis
460 1858 568 1886 dicam?
590 1856 721 1885 Laudabo
735 1857 803 1884 vos?
822 1857 854 1884 In
874 1855 929 1884 hoc
944 1863 1001 1883 non

202 1904 294 1932 laudo.
312 1914 326 1928 ››
342 1905 407 1932 Post
421 1903 522 1932 erroris
541 1901 804 1931 demonstrationem
818 1901 912 1929 mitius
937 1908 1002 1928 cum

200 1949 253 1977 illis
278 1949 408 1985 loquitur.
426 1949 496 1976 Cum
519 1947 594 1976 enim
609 1947 700 1975 dicere
724 1946 870 1982 potuisset,
896 1946 947 1973 ista
962 1945 1002 1972 in-

203 1994 326 2022 numeris
341 1993 477 2021 mortibus
494 1993 586 2028 digna,
601 1992 659 2027 ipse
676 1991 742 2026 quid
757 1991 815 2018 ait?
838 2002 850 2014 α
867 1989 1002 2018 Laudabo

203 2040 270 2067 vos?
284 2040 317 2066 In
332 2038 384 2065 hoc
397 2045 454 2065 non
473 2036 564 2064 laudo.
588 2045 602 2062 ι)
618 2037 679 2063 Hoc
699 2039 792 2062 autem
811 2034 888 2068 facit,
902 2038 932 2062 ut
954 2041 1003 2062 eos

202 2082 401 2111 clementiores
413 2089 476 2117 erga
498 2087 630 2116 pauperes
650 2079 754 2107 reddat.
772 2079 800 2107 Si
820 2078 895 2106 enim
909 2086 956 2106 eos
970 2078 1006 2106 ad

205 2127 289 2155 ﬁnem
323 2134 408 2162 usque
438 2124 629 2153 vehementius
656 2124 846 2160 percussisset,
872 2122 1004 2150 adversus

204 2173 299 2207 inopes
316 2170 483 2199 crudeliores
507 2169 570 2198 facti
581 2173 682 2201 essent,
703 2168 802 2204 quippe
822 2167 887 2203 quia
908 2175 1005 2196 eorum

203 2224 283 2244 causa
296 2216 330 2244 ab
342 2215 477 2252 Apostolo
491 2213 642 2250 ignominia
653 2212 755 2241 affecti.

239 2263 323 2289 Vsns.
340 2264 384 2288 23.
402 2272 414 2284 «ι
430 2261 488 2296 Ego
503 2258 577 2287 enim
599 2258 690 2294 accepi
704 2266 719 2286 a
734 2257 866 2291 Domino,
887 2257 961 2293 quod
975 2261 1003 2285 et

203 2305 302 2335 tradidi
326 2306 413 2334 vobis.
441 2316 453 2330 ιι
478 2304 564 2339 Cujus
585 2304 623 2332 rei
647 2303 733 2338 gratia
761 2302 956 2340 mysteriorum
976 2306 1003 2330 et

203 2358 322 2386 vespera:
353 2350 423 2377 illius
455 2349 596 2377 meminit?
629 2348 749 2376 Omnino
784 2348 945 2380 necessario,
972 2350 1003 2375 ut

203 2395 364 2432 persuadeat
376 2394 451 2431 quod
460 2394 599 2423 Dominus
614 2398 677 2421 tuus
691 2400 788 2421 omnes
799 2392 895 2420 eadem
906 2399 1003 2420 mensa

203 2443 327 2479 excipere
338 2442 466 2478 dignatus
479 2442 525 2475 sit,
546 2445 575 2470 tu
596 2449 661 2469 vero
682 2440 797 2468 fratrem
815 2439 939 2476 ejusdem
959 2443 1000 2468 te-

202 2495 265 2517 cum
287 2487 395 2522 generis
424 2491 451 2515 et
479 2490 585 2515 natura;
615 2486 749 2514 aversaris
774 2488 802 2512 et
826 2484 1003 2520 dedignaris?

204 2536 242 2561 At
262 2532 309 2569 qui
332 2532 369 2560 ait
389 2540 405 2559 a
427 2531 550 2560 Domino
577 2539 606 2559 se
631 2530 710 2566 191
731 2529 885 2565 accepisse?
906 2531 1003 2565 Neque

204 2577 279 2606 enim
298 2581 357 2605 tum
372 2576 477 2610 aderat,
502 2576 549 2604 sed
573 2580 730 2611 persecutor
752 2578 820 2602 erat.
837 2575 878 2602 Ut
899 2573 1001 2608 discas,

204 2622 278 2658 quod
300 2622 455 2650 etiamnum
478 2621 537 2657 ipse
557 2624 602 2648 est
622 2620 668 2656 qui
697 2619 811 2656 mystica
830 2626 927 2647 mensa
944 2626 1002 2655 my-

203 2667 287 2696 steria
300 2667 344 2696 illa
356 2667 448 2701 tradit,
460 2673 539 2702 atque
553 2670 637 2702 atque
649 2668 719 2692 tum.

1100 1021 1114 1039 (ι
1130 1010 1185 1040 Καὶ
1202 1009 1228 1043 ὃς
1245 1009 1292 1048 μὲν
1311 1013 1405 1049 πεινᾷ,
1424 1008 1451 1043 ὃς
1466 1008 1495 1038 δὲ
1507 1008 1611 1047 μεθύει.
1626 1021 1640 1034 ι
1655 1007 1687 1039 Ὁ
1701 1006 1772 1043 πένης
1783 1007 1818 1045 μὲν

1055 1059 1150 1096 πεινᾷ,
1166 1058 1180 1084 δ
1205 1054 1232 1083 δὲ
1258 1054 1383 1087 πλούσιος
1411 1053 1512 1092 μεθύει.
1545 1052 1601 1083 Δύο
1621 1052 1650 1082 δὲ
1675 1052 1822 1092 ἐγκλήματα,

1055 1100 1096 1130 ὅτι
1125 1111 1154 1129 τε
1179 1101 1347 1140 παρορῶνται
1373 1100 1397 1128 οἱ
1421 1098 1547 1134 πένητες,
1570 1098 1618 1128 καὶ
1646 1097 1685 1127 δτι
1706 1099 1772 1135 ὑμεῖς
1788 1108 1822 1135 με·

1055 1145 1148 1181 θύετε,
1179 1144 1253 1182 μόνοι
1280 1143 1428 1182 σιτούμενοι
1456 1143 1473 1172 ἃ
1505 1142 1552 1172 καὶ
1577 1143 1631 1176 τοῖς
1658 1142 1758 1177 πένησιν
1785 1141 1822 1170 {Su

1055 1189 1281 1263 τξὶαρεσκιυάσθαι.
1310 1188 1498 1228 Ἐμφαντικῶς
1525 1187 1554 1218 δὲ
1575 1187 1626 1225 τὸ,
1652 1200 1664 1214 ι
1692 1187 1791 1222 Μεθύει,
1808 1195 1819 1214 ν

1056 1246 1068 1263 ε
1081 1245 1125 1263 πε.
1148 1247 1150 1261 ;

1056 1245 1125 1265 ειπε.
1148 1247 1150 1261 ἰ

1102 1290 1116 1308 (ι
1138 1277 1185 1313 Μὴ
1210 1278 1261 1318 γὰρ
1287 1277 1371 1310 οἰκίας
1395 1278 1443 1306 οὖκ
1472 1276 1548 1317 ἔχετε
1572 1278 1609 1310 εἷς
1632 1276 1662 1306 τί)
1690 1275 1774 1306 ἐσθίειν
1788 1274 1821 1303 καὶ

1056 1323 1159 1362 πίνειν;
1173 1336 1184 1349 ι
1201 1324 1235 1353 Εἰ
1252 1322 1304 1362 γὰρ
1328 1322 1367 1360 μὴ
1389 1323 1483 1354 κοινῶς
1505 1321 1618 1361 μέλλετε
1640 1318 1822 1358 ἐσθίειν,διὰτί

1057 1368 1096 1407 μὴ
1108 1369 1135 1397 ἐν
1148 1373 1206 1401 ταῖς
1219 1366 1314 1401 οἰκίαις
1329 1367 1404 1406 ὑμῶν
1417 1365 1516 1396 ἐσθίετε
1525 1371 1547 1404 ;¹

1100 1464 1115 1483 α
1129 1452 1169 1484 Ἦ
1192 1455 1238 1489 τῆς
1256 1451 1422 1488 Ἐκκλησίας
1446 1454 1491 1481 τοῦ
1514 1452 1586 1481 Θεοῦ
1613 1454 1821 1491 καταφρονεῑτιμι

1056 1497 1142 1529 Ὅταν
1165 1497 1217 1537 γὰρ
1243 1497 1274 1527 τὸ
1302 1496 1436 1537 κυριακὸν
1460 1496 1565 1525 δεῖπνον
1594 1496 1722 1525 ἰδιωτικὸν
1743 1495 1819 1533 ποιῇς,

1058 1543 1150 1574 ἕσθίων
1172 1542 1231 1573 καθ’
1255 1541 1349 1572 ἑαυτὸν
1362 1541 1401 1579 ⁸⁸,
1420 1542 1456 1575 εἰς
1483 1540 1531 1576 τὴν
1554 1539 1718 1576 Ἐκκλησίαν
1737 1537 1822 1568 καὶτὸν

1013 1592 1036 1624 C
1054 1588 1132 1618 τόπον
1147 1587 1272 1626 ὑϐρίζεις.

1099 1643 1113 1661 (ι
1137 1631 1192 1662 Καὶ
1217 1630 1407 1671 καταισχύνετε
1433 1630 1493 1664 τοὺς
1522 1629 1559 1669 μὴ
1585 1629 1704 1670 ἔχοντας.
1722 1641 1733 1654 ι
1747 1628 1824 1658 Οὗτο-

1054 1680 1147 1707 σοῖἳτον
1160 1700 1168 1715 ,
1194 1676 1276 1717 φησὶ,
1300 1675 1375 1714 μέλει
1397 1679 1451 1709 τοῖς
1479 1674 1609 1711 πένησιν,
1632 1673 1673 1704 ὅτι
1688 1674 1715 1704 οὗ
1740 1671 1824 1717 τρίφιτι

1054 1722 1165 1760 αὐτοὺς,
1187 1721 1264 1757 ὅσον,
1284 1720 1325 1750 δτι
1349 1721 1585 1760 καταισχύνονται,
1614 1718 1774 1758 ἐλεγχόμενοι
1789 1715 1823 1745 ἐπὶ

1053 1769 1092 1806 τῷ
1116 1767 1153 1805 μὴ
1180 1766 1253 1795 αὐτοὶ
1283 1764 1371 1806 ἔχειν,
1397 1766 1473 1804 ὑμῶν
1497 1763 1645 1803 φιλοτίμως
1671 1760 1822 1801 ἀνακειμένων

1054 1812 1100 1842 καὶ
1115 1810 1263 1850 μεθυόντων

1097 1870 1108 1883 ιι
1123 1856 1160 1886 Τί
1181 1857 1242 1893 ὑμῖν
1265 1854 1333 1885 εἴπω
1351 1855 1397 1891 ⁶7;
1415 1853 1568 1885 Ἐπαινίσω
1591 1855 1682 1892 huic;
1702 1852 1744 1883 Ἐν
1757 1850 1822 1888 τούτῳ

1055 1901 1103 1931 οὖκ
1117 1901 1226 1930 ἐπαινῶ.
1242 1914 1254 1926 ι
1278 1899 1356 1930 Μετὰ
1370 1899 1419 1936 τὴν
1444 1898 1576 1933 ἀπόδειξιν
1593 1901 1642 1928 τοῦ
1665 1897 1821 1935 πταίσματος,

1055 1944 1222 1986 ἡμερώτερον
1250 1945 1336 1977 αὐτοῖς
1359 1944 1521 1984 διαλέγεται,
1545 1942 1640 1983 Ἕχων
1665 1942 1714 1982 γὰρ
1741 1941 1819 1973 εἰπεῖν,

1055 1991 1148 2021 Ταῦτα
1163 1989 1264 2028 μυρίων
1277 1989 1396 2019 θανάτων
1411 1989 1483 2025 ἄξια,
1495 1990 1509 2018 ὁ
1521 1987 1548 2018 δὲ
1566 1988 1592 2017 τί
1607 1999 1700 2028 φησιν;
1716 2001 1726 2012 ι
1738 1986 1815 2016 Ἐπαι-

1057 2034 1126 2064 νέσω
1141 2035 1226 2071 ὑμᾶς
1251 2036 1278 2064 ἐν
1289 2034 1384 2074 ίτούτῳ
1404 2035 1452 2063 οὐκ
1466 2034 1575 2064 ἐπαινῶ.
1595 2046 1606 2059 ι
1623 2034 1649 2063 Τ
1651 2034 1708 2062 οὖτα
1719 2030 1743 2060 δὲ
1754 2032 1820 2063 ποιεῖ,

1057 2078 1101 2108 ιἕνα
1122 2079 1306 2119 ἡμερωτέρους
1326 2078 1418 2112 αὐτοὺς
1435 2080 1489 2112 τοῖς
1513 2077 1610 2113 πένησι
1626 2075 1781 2114 καταστήσῃ.
1800 2072 1824 2102 Ei

1057 2123 1109 2163 γὰρ
1133 2118 1304 2164 σφοδρότερον
1327 2122 1474 2159 ἐπέπληξεν
1497 2123 1560 2163 ἄχρι
1583 2123 1691 2159 τέλους,
1713 2118 1823 2164 ἡγρίαινοιι

1059 2159 1100 2198 ἓν.
1113 2159 1178 2208 προς
1202 2159 1331 2204 ὲκείνους,
1352 2169 1387 2202 ὥς
1410 2168 1446 2197 δι’
1467 2159 1561 2201 αὐτούς
1580 2165 1759 2206 ἀτιμασθέντες
1769 2159 1824 2200 παρὰ

1059 2215 1105 2242 τοῦ
1120 2213 1291 2244 Ἀποστόλου.

1102 2269 1117 2285 α
1135 2257 1207 2298 Ἐγὼ
1228 2258 1280 2298 γὰρ
1304 2257 1456 2298 παρέλαϐον
1483 2256 1598 2286 ἀπὸτοῦ
1621 2254 1735 2294 Κυρίου,
1758 2252 1770 2281 ὂ
1792 2248 1826 2298 καὶ

1056 2302 1198 2341 παρέδωκα
1227 2305 1299 2340 ὑμῖν.
1330 2312 1345 2331 a
1390 2303 1416 2332 Τ
1419 2301 1469 2335 ίνος
1498 2301 1585 2331 ἕνεκεν
1619 2302 1671 2330 τῶν
1699 2294 1823 2337 μυστηρίων

1057 2346 1191 2386 μέμνηται
1214 2347 1260 2376 καὶ
1283 2348 1333 2382 τῆς
1357 2346 1470 2386 ἑσπέρας
1493 2345 1610 2382 ἐκείνης
1636 2344 1738 2385 Σφόδρα
1759 2341 1823 2386 ἀναγ-

1057 2390 1139 2424 καίως
1153 2402 1159 2409 ·
1176 2391 1220 2420 ἵνα
1233 2391 1312 2430 πείσῃ
1334 2390 1385 2427 ⁸⁷⁸,
1409 2390 1451 2420 ὅτι
1468 2389 1504 2421 Ὅ
1521 2389 1657 2426 Δεσπότης
1678 2399 1722 2418 σου
1735 2387 1775 2420 τῆς
1787 2383 1823 2412 αὖ·

1057 2439 1104 2472 τ’ἦς
1121 2435 1223 2469 πάντας
1247 2428 1344 2472 ἠξίωσε
1368 2435 1517 2476 τραπέζης,
1539 2434 1586 2464 καὶ
1612 2435 1644 2464 σὺ
1668 2433 1708 2463 τὸν
1730 2428 1821 2476 ὁμογξνῆ

1056 2483 1188 2521 παρωθεῖς
1204 2480 1249 2510 καὶ
1273 2473 1410 2516 ἀπαξιοῐςς
1439 2481 1501 2514 Πῶς
1525 2480 1553 2509 δέ
1568 2491 1632 2520 φησι
1646 2477 1717 2517 παρὰ
1728 2473 1821 2521 τοῦὲν·

1058 2514 1113 2564 ρίου
1140 2524 1351 2566 παρειληφέναι;
1380 2514 1440 2555 οὗδὲ
1464 2525 1516 2564 γὰρ
1550 2514 1639 2565 παρῆν
1663 2514 1738 2560 τὸτε,
1759 2514 1819 2566 ’ἀλζᾶ

1057 2562 1168 2606 διώκτης
1181 2562 1232 2606 ἦν.
1248 2562 1308 2600 Ἵνα
1332 2569 1435 2609 μάθῃς,
1461 2562 1508 2599 ὅτι⁷
1524 2569 1571 2599 καὶ
1593 2562 1709 2608 ’σήμερον
1787 2562 1821 2613 τῆξ

1057 2617 1185 2653 μυστικῆς
1212 2614 1342 2654 τραπέζης
1372 2608 1449 2648 αὖτός
1474 2615 1544 2643 ἐστιν
1580 2616 1595 2645 ὁ
1627 2608 1774 2653 παραδιδοὺς
1796 2608 1820 2633 τὰ

1057 2659 1209 2700 μυστήρια,
1224 2659 1315 2700 ὥσπερ
1331 2659 1377 2689 καὶ
1389 2659 1460 2691 τότε.

919 2718 1015 2749 Varia
1039 2717 1191 2750 lectiones.

240 2789 262 2805 ⁸⁸
287 2788 394 2814 ἑστίασιν
421 2795 448 2816 0.
487 2787 508 2804 ⁸⁵
535 2787 673 2823 ἠτιμάσατέ
701 2796 760 2822 φησι
774 2795 814 2815 m.

207 2829 266 2864 ὓμῖν
276 2829 347 2856 δοκεῖ
358 2836 395 2856 m.
435 2827 456 2844 ⁵⁷
469 2829 479 2841 ‘
493 2828 536 2854 ἵνα
548 2827 613 2863 δείξῃ
626 2835 665 2855 m.

866 2786 888 2803 ⁸⁸
913 2786 967 2813 καθ’
993 2785 1080 2813 ἑαυτὸν
1106 2785 1132 2813 ἓν
1158 2786 1189 2820 τῇ
1217 2784 1372 2819 Ἐκκλησίᾳ,
1388 2784 1429 2811 καὶ
1453 2783 1497 2810 τὸν
1518 2784 1594 2810 τόπον
1620 2782 1672 2816 ὒὸρ.
1695 2787 1722 2808 ο.

1755 2771 1821 2797 Ιττί
