1881 3081
72 147 124 173 705

521 147 697 175 EXPOSITIO
717 148 749 175 IN
769 148 873 176 EPIST.
894 148 904 176 l
923 149 970 176 AD
989 149 1066 178 COR.
1090 166 1121 171 ——
1143 152 1217 180 CAP.
1238 154 1281 181 XI.

1666 159 1717 186 706

113 218 130 237 ε
143 207 211 256 Ὅτι
231 210 248 256 _6
265 207 360 256 Κύριος
380 207 529 256 Ἰησοῦς-ἐν
602 209 677 256 νυκτὶ
685 233 698 256 ,Δ
753 210 863 250 παρεδί-
878 214 902 245 Α

955 216 1046 244 Vsus.
1063 216 1107 242 24.
1126 225 1139 238 α
1165 215 1305 250 Quoniam
1318 216 1457 245 Dominus
1476 219 1567 253 Iesus.
1586 219 1615 248 in
1637 225 1720 256 nocte

69 252 149 294 δοτο,
175 252 271 282 ἔλαϐεν
295 253 393 292 ἄρτον,
409 253 453 282 καὶ
472 253 668 294 εὐχαριστήσας
683 253 797 290 ἔκλασε,
817 256 864 285 καὶ

70 292 128 327 εἶπε
141 309 148 316 ·
164 298 285 334 Λάϐετε,
302 297 399 337 φάγετε
411 308 418 317 ·
441 297 520 328 τοῦτό
542 310 592 338 μου
608 299 664 329 ἐστὶ
685 299 715 328 τὸ
735 301 813 338 σῶμα
833 301 865 330 τὸ

70 343 137 383 ὑπὲρ
160 344 237 381 ὑμῶν
260 341 407 381 κλώμενον.
422 353 437 372 ιι
459 342 675 381 Ἀναμνήσθητε,
701 344 797 384 φησὶν,
824 345 864 374 ὅτι

69 387 170 423 ταύτην
186 386 302 426 ἐσχάτην
325 389 388 428 ὑμῖν
410 387 508 417 δέδωκε
531 387 579 424 τὴν
595 389 803 428 μυσταγωγίαν,
820 389 865 419 καὶ

71 432 96 461 ἓν
109 433 225 474 αὐτῇ-τῇ
243 431 316 461 νυκτὶ
366 431 529 473 σφάττεσθαι
542 432 638 471 ἔμελλε
648 427 718 472 “xui
733 433 777 462 τὸν
798 445 868 474 προ-

70 476 148 513 ὂᾶι-ην
165 471 222 516 εἶχε
234 477 369 506 συνέστιον
379 471 407 497 ‘3
417 488 424 495 ·
435 476 482 506 καὶ
494 477 526 506 σὺ
537 471 717 511 ἀπαξιοῖςῗτὸν
734 471 845 519 ἀδελφόν
856 491 864 516 ;

71 521 124 552 Καὶ
149 522 291 562 ἐδιδάχθης
316 521 363 560 μὲν
392 522 557 563 εὖχαριστεῖν
573 533 580 540 ·
606 522 651 552 καὶ
674 521 726 562 γὰρ
747 524 867 557 κάκεῖνος

71 565 249 606 εὖχαρίστησε
260 590 268 603 ,
291 566 375 596 τύπον
392 569 456 605 ἡμῖν
479 567 566 600 διδούς
582 576 590 585 ’
606 566 700 601 ἀνάξια
716 568 743 597 δὲ
758 571 804 604 τῆς
826 569 868 598 εὖ·

69 610 212 651 χαριστίας
242 615 341 651 ποιεῖς,
375 611 487 651 ὑϐρίζων
515 611 563 647 τὴν
599 611 781 650 Ἐκκλησίαν,
821 613 867 642 καὶ

69 657 212 690 πεινῶντος
237 656 337 693 ἄλλου,
363 656 440 690 αὐτὸς
457 656 573 695 μεθύων.
601 658 657 687 Καὶ
677 660 691 688 ὁ
716 657 763 696 μὲν
786 661 867 687 πᾶσιν

70 695 125 730 εἷπε
140 702 254 737 κοινῶς,
271 714 283 727 ι
295 700 413 738 Λάϐετε,
430 701 538 741 φάγετε,
551 714 563 727 ι
573 703 619 731 καὶ
633 704 729 739 ταῦτα,
743 702 774 732 τὸ
789 703 868 740 σῶμα

71 746 166 780 αὐτοῦ,
188 745 204 776 8
232 745 299 786 ὑπὲρ
322 746 434 776 πάντων
459 745 553 782 ἐπίσης
580 746 693 783 ἔκλασε,
720 747 806 780 διδοὺς
834 748 868 780 εἰς

71 791 182 820 θάνατον
197 802 206 811 ·
221 790 254 820 σὺ
268 791 296 820 δὲ
309 789 335 810 ⁵9
349 790 548 831 προλαμϐάνῃς
559 791 652 821 ἐσθίων
662 813 670 828 ,
686 792 733 822 καὶ
748 791 807 822 οὐδὲ
823 791 869 821 τὸν

72 835 155 865 κοινὸν
179 835 260 876 ἄρτον
285 837 320 869 εἷς
342 836 372 865 τὸ
393 835 473 866 μέσον
493 834 582 874 τίθης,
597 836 656 866 οὐδὲ
683 837 749 877 κλᾷς
776 835 870 873 αὐτὸν,

70 879 112 909 ἵνα
127 880 192 920 δοθῇ
206 881 315 915 πολλοῖς
325 902 334 917 ,
350 881 420 911 ἀλλὰ
432 882 522 921 σαυτῷ
535 880 667 921 κατέχεις.

114 1031 126 1044 σι
157 1018 248 1048 Τοὸτο
264 1019 362 1047 ποιεῖτε
387 1017 423 1051 εἰς
446 1017 495 1053 τὴν
519 1016 587 1055 ὶμὴν
611 1015 770 1055 ἀνάμνησιν.
789 1027 805 1044 ι
831 1015 867 1046 Τί

72 1062 167 1102 λέγεις;
192 1064 228 1092 Εἰ
243 1061 291 1100 μὲν
310 1063 378 1093 Υἱοΰ
395 1061 545 1098 ἀνάμνησιν
571 1060 590 1098 ἢ
615 1061 722 1101 Πατρὸς
749 1061 864 1097 ἰποίεις,

73 1107 189 1146 ἐπλήγης
215 1106 248 1136 ἂν
273 1107 324 1136 ὑπὸ
338 1109 385 1136 τοῦ
410 1106 569 1142 συνειδότος,
595 1107 618 1135 εί
645 1105 683 1144 μὴ
708 1105 742 1135 τὰ
761 1117 866 1144 νενομι-

73 1151 154 1190 σμένα
164 1151 339 1191 ἐπλήρωσας,
357 1151 402 1180 καὶ
417 1151 531 1188 πένητας
552 1149 680 1184 ἐκάλεσας
693 1161 700 1168 ·
717 1150 866 1188 ἀνάμνησιν

74 1196 99 1225 δὲ
124 1197 208 1226 τελῶν
232 1198 279 1226 τοῦ
295 1195 452 1233 Δεσπότου,
475 1195 535 1225 οὐδὲ
562 1195 694 1236 τραπέζης
723 1195 815 1228 ἅπλῶς
841 1195 867 1214 ⁷⁰

74 1241 230 1279 μεταδίδως.

113 1297 126 1314 σ
142 1285 286 1319 Ὡσαύτως
308 1285 354 1315 καὶ
377 1285 408 1314 τὸ
429 1283 556 1325 ποτήριον
571 1283 640 1322 μετὰ
654 1283 686 1314 τὸ
708 1284 865 1320 δειπνῆσαι,

74 1332 152 1372 λέγων
168 1341 175 1349 ⁸
190 1333 280 1362 Τοῦτο
293 1331 323 1360 τὸ
339 1330 465 1372 ¹ποτήριον
479 1332 496 1366 ἡ
513 1329 600 1365 Καινὴ
615 1328 824 1366 Διαθήκη-ἐστὶν
839 1330 864 1358 ἐν

73 1370 111 1416 τῷν
121 1377 178 1418 ἐμῷ
199 1375 306 1418 αἵματι.
318 1390 330 1402 ιι
345 1370 436 1406 ’Ἦσαν
452 1374 498 1404 καὶ
515 1375 542 1404 ἐν
608 1374 719 1415 Παλαιᾷ
733 1374 865 1414 ποτήρια,

75 1421 99 1450 ἐν
110 1416 145 1454 οἷς
158 1416 188 1451 τὸ
205 1416 274 1459 αἷμα
294 1422 347 1450 τῶν
369 1419 472 1459 ἀλόγων
487 1419 612 1449 ἔσπενδον
630 1418 699 1458 μετὰ
721 1419 752 1449 τὸ
774 1421 866 1456 θ’ῧσαι,

74 1465 150 1506 φιάλῃ
174 1465 224 1495 καὶ
239 1465 358 1505 ποτηρίῳ
381 1467 460 1494 τοῦτο
484 1464 634 1504 δεχόμενοι.
657 1463 731 1494 Ἀντὶ
746 1466 793 1493 τοῦ
819 1463 865 1493 αἵ-

74 1521 149 1548 ματος
161 1510 250 1541 τοίνυν
265 1512 318 1540 τῶν
341 1509 460 1549 ἀλόγων,
478 1508 493 1539 ὃ
514 1509 562 1545 τὴν
584 1507 710 1539 Παλαιὰν
724 1508 862 1545 Διαθήκην

922 270 976 299 qua
997 259 1166 293 tradebatur,
1190 260 1294 296 accepit
1313 268 1425 296 panem,
1445 265 1472 290 et
1491 267 1638 299 postquam
1656 274 1718 302 gra-

917 307 969 334 tias
983 305 1092 342 egisset,
1109 304 1197 340 fregit,
1220 312 1252 333 ac
1273 304 1351 338 dixit,
1368 305 1501 341 Accipite,
1527 309 1692 338 manducate
1709 319 1716 338 :

917 352 978 379 Hoc
990 354 1033 378 est
1045 357 1146 385 corpus
1158 356 1264 382 meum,
1277 349 1349 385 quod
1368 358 1417 385 pro
1439 351 1517 379 vobis
1537 351 1678 388 frangitur.
1688 350 1715 379 ἰ

918 394 1126 426 Reoordamini,
1142 394 1242 429 inquit.
1257 394 1332 429 quod
1355 394 1427 422 hanc
1441 395 1565 424 ultimam
1581 397 1658 425 vobis
1668 398 1717 426 de-

918 440 991 469 derit
1011 439 1228 472 institutionem;
1248 438 1378 474 quodque
1399 447 1430 468 ea
1452 440 1536 468 etiam
1560 446 1641 470 nocte
1664 451 1717 479 qua

919 484 1082 513 mactandus
1103 487 1171 517 erat,
1196 484 1285 519 ipsum
1309 483 1479 519 proditorem
1502 486 1646 515 convivam
1666 487 1717 516 ha-

921 530 1011 558 buerit
1035 539 1041 557 :
1062 530 1096 556 Et
1119 533 1148 556 tu
1174 527 1287 556 fratrem
1310 532 1388 556 tuum
1413 529 1555 566 indignum
1575 531 1683 567 judicas
1706 534 1718 560 ἓ

922 574 1043 602 Edoctus
1062 581 1092 601 es
1116 573 1200 601 etiam
1218 573 1319 608 gratias
1341 581 1436 610 agere;
1452 575 1678 611 quandoquidem
1691 581 1718 604 et

921 619 966 647 ille
990 618 1092 655 gratias
1119 617 1222 654 egerit,
1243 618 1398 654 exemplum
1424 619 1504 647 nobis
1532 620 1686 656 relinquens
1709 630 1716 648 :

921 663 996 700 atqui
1010 667 1040 691 tu
1062 662 1173 699 indigna
1197 663 1345 699 gratiarum
1366 664 1476 692 actione
1497 665 1659 699 committis,
1678 665 1717 693 in-

918 708 1019 745 juriam
1046 707 1165 736 inferens
1187 708 1324 742 Ecclesiae,
1357 708 1466 744 alioque
1494 709 1631 738 esuriente
1661 710 1719 746 ipse

921 753 1072 781 inebriaris.
1095 754 1132 780 At
1155 760 1218 780 vero
1248 752 1292 780 ille
1314 754 1498 781 communiter
1524 754 1653 783 omnibus
1677 754 1718 783 di-

923 798 977 830 xit,
996 797 1136 833 Accipite,
1160 797 1246 829 edite,
1260 797 1342 833 idque
1356 806 1455 834 corpus
1468 806 1564 833 suum,
1580 799 1653 836 quod
1668 807 1717 836 pro

923 842 1053 870 omnibus
1076 849 1109 869 ex
1126 849 1206 878 aequo
1232 841 1328 878 fregit,
1348 842 1375 869 in
1400 848 1519 871 mortem
1541 844 1666 878 tradens;
1687 848 1716 873 tu

922 895 987 914 vero
1001 885 1108 914 edendo
1131 887 1288 921 antevertis,
1307 895 1397 923 neque
1419 896 1596 916 communem
1618 897 1716 925 panem

882 921 907 953 Β
922 930 1081 960 inmedium
1104 931 1195 966 ponis,
1222 939 1310 967 neque
1342 921 1444 968 frangis
1464 932 1553 968 ipSum
1577 921 1626 961 uti.
1636 933 1718 961 detur

923 976 1029 1010 multis,
1042 983 1138 1003 verum
1152 975 1200 1003 tibi
1214 976 1265 1011 ipsi
1276 976 1408 1004 contines.

959 1032 971 1045 α
988 1022 1049 1049 Hoc
1063 1019 1141 1047 facite
1152 1020 1180 1047 in
1193 1027 1283 1048 meam
1296 1021 1598 1050 commemorationem.
1617 1035 1630 1047 ιι
1644 1023 1716 1057 Quid

920 1065 976 1093 ais?
996 1064 1024 1092 Si
1049 1064 1108 1092 Filii
1135 1064 1175 1092 vel
1203 1064 1293 1092 Patris
1324 1066 1613 1094 commemorationem
1645 1066 1715 1095 face-

921 1118 975 1145 res,
995 1109 1160 1138 conscientia
1191 1113 1238 1137 tua
1266 1109 1406 1145 perculsus
1436 1118 1522 1144 esses,
1562 1111 1614 1139 nisi
1646 1112 1716 1140 ritus

921 1162 1019 1184 omnes
1045 1153 1214 1190 perfecisses,
1236 1162 1268 1182 ac
1287 1161 1421 1190 pauperes
1441 1155 1583 1184 invitasses
1605 1166 1611 1184 :
1637 1165 1716 1185 com-

921 1199 1150 1227 memorationem
1166 1203 1258 1226 autem
1278 1198 1389 1226 Domini
1409 1198 1519 1234 faciens,
1542 1208 1577 1228 ne
1591 1209 1715 1230 mensam

920 1244 1030 1281 quidem
1045 1248 1121 1272 tuam
1137 1243 1293 1279 simpliciter
1306 1243 1440 1280 impertis.

956 1290 1046 1317 Vsas.
1066 1291 1109 1316 25.
1136 1300 1148 1312 ε
1172 1288 1306 1316 Similiter
1326 1292 1353 1316 et
1366 1288 1480 1316 calicem
1494 1294 1640 1326 postquam
1657 1299 1715 1319 cce-

920 1338 1024 1368 nasset,
1046 1333 1142 1361 dicens
1157 1341 1164 1360 :
1180 1332 1232 1360 Hic
1247 1333 1316 1360 calix
1332 1334 1439 1361 Novum
1454 1334 1659 1363 Testamentum
1674 1340 1716 1364 est

921 1379 949 1406 in
963 1386 1026 1406 meo
1047 1378 1191 1414 sanguine.
1210 1389 1222 1402 -
1239 1379 1362 1406 Fuerunt
1375 1378 1457 1406 etiam
1479 1378 1508 1406 in
1522 1379 1609 1407 Veteri
1623 1381 1717 1408 Testa-

921 1427 1018 1451 mento
1042 1423 1148 1458 pocula,
1170 1422 1269 1458 quibus
1299 1422 1462 1458 sanguinem
1491 1423 1635 1452 brutorum
1654 1429 1717 1460 post

920 1467 1061 1496 victimam
1082 1467 1205 1495 oblatam
1227 1467 1354 1501 libarent,
1376 1475 1458 1503 quem
1474 1467 1564 1504 phiala
1577 1472 1604 1496 et
1618 1469 1716 1505 poculo

917 1513 1097 1549 excipiebant.
1131 1513 1184 1540 Pro
1211 1512 1344 1548 sanguine
1370 1512 1461 1548 itaque
1485 1513 1644 1548 brutorum,
1667 1514 1714 1550 qui

74 1555 228 1596 ἔσφράγισε,
255 1555 287 1585 τὸ
307 1555 369 1594 ἐμὸν
394 1549 462 1593 αἷμα
489 1556 533 1583 ν’ὗν
557 1553 667 1591 τίθημι,
690 1552 739 1596 τὴν
761 1553 862 1590 Καινὴν
880 1555 903 1588 C
917 1559 932 1586 \

947 1562 1005 1586 stus
1029 1558 1239 1586 Testamentum
1279 1557 1362 1584 veluti
1399 1557 1486 1592 sigillo
1523 1549 1714 1594 consignabat,

73 1593 204 1638 Διαθήκην
224 1600 430 1640 ἐπισφραγίζων.
444 1598 492 1634 Μὴ
512 1597 661 1638 θορυϐηθῇς
678 1593 740 1634 οὖν,
753 1597 864 1637 αἵματος

72 1644 178 1674 ἀκούων.
192 1644 250 1675 Καὶ
268 1645 320 1684 γὰρ
340 1645 362 1674 εἰ
381 1645 412 1674 τὸ
423 1644 476 1673 τῶν
491 1643 595 1682 ἀλόγων
612 1642 691 1678 ἐδέξω
706 1645 733 1673 ἐν
799 1645 863 1674 Πα-

73 1689 133 1729 λαιᾷ
141 1712 149 1726 ,
164 1689 242 1730 πόσῳ
258 1690 358 1728 μᾶλλον
373 1688 404 1718 τὸ
422 1691 491 1718 θεῖον
505 1689 568 1725 νῧν;

112 1832 126 1850 α
140 1822 229 1851 Τοῦτο
251 1825 349 1851 ποιεῖτε
371 1821 462 1855 ὁσάκις
485 1821 516 1851 ἂν
531 1821 639 1859 πίνητε,
664 1822 700 1855 εἷς
724 1821 773 1857 τὴν
796 1822 863 1860 ἐμὴν

73 1865 228 1904 ἀνάμνησιν.
243 1880 254 1892 ι
270 1865 325 1897 Καὶ
339 1866 382 1896 διὰ
397 1869 443 1896 τοῦ
457 1866 598 1906 ποτηρίου,
624 1866 702 1906 φησὶν
715 1889 722 1904 ,
742 1865 864 1904 ἀνάμνη-

73 1920 110 1939 σιν
123 1912 208 1944 τελεῖς
229 1913 276 1940 τοῦ
297 1913 461 1941 Δεσποτιχοῦ
487 1911 616 1941 θανάτου.
642 1912 704 1943 Πῶς
725 1905 770 1940 οὖν
786 1911 864 1945 αὐτὸς

73 1953 143 1992 μόνος
163 1956 250 1989 πίνεις
279 1956 324 1985 καὶ
339 1955 461 1995 μεθύεις,
490 1959 537 1986 τοῦ
561 1957 671 1996 φρικτοΰ
684 1955 707 1973 “¹¹
734 1955 862 1996 ποτηρίου

72 2003 146 2028 πᾶσιν
161 1999 258 2036 ἐπίσης
273 1999 406 2036 δοθέντος;

112 2054 126 2073 ι
140 2043 254 2078 Ὁσάκις
276 2044 328 2084 γὰρ
347 2044 379 2073 ἂν
395 2043 501 2081 ἐσθίητε
517 2044 562 2074 τὸν
580 2044 658 2083 ἄρτον
681 2046 773 2074 τοῦτον
786 2067 794 2081 ,
816 2044 862 2074 καὶ

73 2087 100 2116 τὸ
117 2088 239 2128 ποτήριον
254 2090 331 2118 τοῦτο
354 2088 463 2126 πίνητε,
486 2088 531 2118 τὸν
556 2088 669 2117 θάνατον
692 2091 738 2118 τοῦ
763 2089 862 2129 Κυρίου

74 2133 262 2172 καταγγέλλετε
291 2132 368 2173 ἄχρις
388 2132 414 2150 ⁷³
429 2133 460 2162 ἂν
487 2132 562 2172 ἔλθῃ.
594 2146 606 2159 ιι
637 2133 735 2170 Οὕτω,
761 2134 860 2174 φησὶν,

916 1609 1011 1630 meum
1033 1609 1083 1638 ego
1104 1609 1177 1629 nunc
1200 1601 1360 1637 sanguinem
1395 1609 1479 1636 pono,
1504 1603 1612 1630 Novum
1633 1604 1716 1631 Testa

917 1650 1042 1674 mentum
1063 1654 1096 1674 eo
1113 1654 1163 1674 ceu
1178 1645 1267 1682 sigillo
1291 1646 1428 1674 muniens.
1444 1647 1484 1674 Ne
1499 1647 1617 1674 turberis
1631 1646 1716 1682 igitur

915 1691 1079 1728 sanguinem
1093 1691 1216 1720 audiens.
1233 1692 1305 1719 Nam
1322 1691 1344 1718 si
1369 1691 1571 1719 irrationalium
1585 1699 1713 1728 pecorum

915 1736 1073 1773 sanguinem
1096 1736 1222 1772 accepisti
1244 1736 1273 1763 in
1288 1735 1381 1764 Veteri
1401 1737 1589 1770 Testamento,
1611 1741 1715 1772 quanto

916 1781 1008 1817 potius
1022 1789 1098 1808 nunc
1111 1780 1258 1809 divinum?

954 1837 967 1849 κ
988 1827 1049 1853 Hoc
1060 1824 1150 1859 facite,
1164 1825 1273 1860 quoties
1288 1825 1421 1859 biberitis,
1434 1825 1462 1852 in
1482 1833 1572 1853 meam
1593 1833 1715 1854 comme-

916 1870 1111 1898 merotionem.
1129 1881 1141 1894 ι-
1160 1871 1212 1897 Per
1238 1869 1367 1905 poculum
1389 1869 1591 1905 istuc,'inquit,
1611 1877 1716 1898 memo-

915 1914 984 1943 riam
999 1913 1067 1942 facis
1093 1914 1246 1942 Dominica:
1265 1914 1373 1942 mortis.
1401 1914 1455 1949 Qui
1482 1913 1563 1949 igitur
1586 1917 1617 1941 tu
1637 1914 1713 1942 solus

916 1958 988 1987 bibis
998 1962 1026 1987 et
1046 1958 1201 1993 inebriaris,
1228 1958 1372 1986 tremendo
1395 1958 1448 1986 isto
1474 1958 1559 1986 calice
1582 1958 1714 1986 omnibus

915 2011 950 2032 ex
963 2011 1041 2039 aequo
1059 2004 1178 2032 tradito?

950 2049 1040 2077 Vsns.
1055 2051 1104 2077 26.
1123 2048 1262 2083 «Quoties
1281 2048 1353 2076 enim
1374 2047 1485 2076 ederitis
1507 2054 1610 2083 panem
1630 2047 1713 2081 hunc,

914 2093 1026 2121 calicem
1047 2093 1120 2121 hunc
1133 2093 1266 2126 biberitis.
1289 2097 1409 2121 mortem
1432 2092 1547 2121 Domini
1570 2092 1714 2120 annuntia-

914 2137 978 2166 bitis
994 2137 1080 2166 donec
1093 2138 1194 2166 veniat.
1209 2149 1222 2162 ι
1240 2139 1290 2170 Eo,
1304 2137 1403 2174 inquit,
1419 2136 1521 2165 affectu
1534 2137 1638 2165 debetis
1652 2144 1712 2165 esse

74 2176 183 2223 όφείλιτε
212 2178 378 2223 διαχεῖσθαι,
400 2177 549 2217 ὡσπερανεὶ
574 2178 601 2206 ἓν
627 2178 694 2217 αὐτῇ
705 2179 801 2223 Δἐκείνῃ
875 2191 901 2223 D
918 2182 932 2210 i1

947 2182 1028 2215 ibuti,
1041 2182 1152 2218 perinde
1186 2182 1262 2218 quasi
1282 2182 1310 2210 in
1329 2182 1376 2210 illa
1396 2182 1454 2218 ipsa
1475 2182 1572 2210 essetis
1589 2189 1713 2217 vespera,

74 2221 185 2262 ἑσπέρᾳ,
209 2222 256 2252 καὶ
277 2222 320 2251 ἐπ’
337 2223 418 2257 αὐτῆς
439 2222 558 2260 κείμενοι
582 2224 629 2257 τῆς
652 2221 792 2259 στιϐάδος,
814 2223 860 2252 καὶ

74 2266 131 2304 παρ’
157 2267 238 2296 αὐτοῦ
264 2269 310 2296 τοῦ
334 2267 453 2307 Χριστοῦ
477 2266 660 2306 λαμϐάνοντες
686 2267 733 2302 τὴν
759 2267 861 2300 θυσίαν.

75 2309 140 2339 Αὐτὸ
154 2311 204 2352 γὰρ
229 2311 312 2341 ἐκεῖνο
336 2311 366 2341 τὸ
382 2311 487 2341 δεῖπνόν
505 2313 579 2348 ἐστι,
605 2311 650 2341 καὶ
667 2312 747 2341 αὐτὸν
763 2313 862 2342 ἐκεῖνον

74 2353 113 2382 τὸν
133 2355 242 2386 θάνατον
267 2356 503 2396 καταγγέλλομεν,
518 2356 666 2393 τουτέστιν,
687 2357 858 2387 ὑποδεικνύο-

74 2409 135 2439 μεν,
152 2401 214 2441 ἄχρι
228 2402 275 2437 τῆς
289 2401 410 2442 δευτέρας
424 2400 578 2440 παρουσίας.

112 2455 126 2472 ε
143 2443 244 2483 Ὥστε,
258 2445 285 2478 ὃς
307 2445 338 2474 ἂν
355 2445 427 2486 ἐσθίῃ
451 2445 496 2475 τὸν
518 2445 597 2485 ἄρτον
621 2447 732 2484 τοῦτον,
758 2445 776 2482 ἢ
794 2446 859 2487 πίνῃ

75 2487 101 2516 τὸ
114 2489 235 2530 ποτήριον
258 2492 303 2520 τοῦ
329 2489 431 2531 Κυρίου
454 2490 579 2527 ἀναξίως,
605 2489 695 2530 ἔνοχος
718 2490 793 2520 ἔσται
814 2494 859 2521 τοῦ

75 2531 189 2570 σώματος
204 2535 250 2563 καὶ
265 2533 377 2572 αἵματος
397 2537 444 2564 τοῦ
464 2535 576 2575 Κυρίου.
594 2547 607 2561 ι
627 2534 730 2569 Αὐτοὺς
745 2535 860 2565 αἰνίττε-

75 2586 115 2606 ται
128 2577 235 2613 ἀναξίως
258 2578 530 2618 μεταλαμϐάνοντας,
553 2580 588 2613 ὥς
609 2581 786 2620 περιορῶντας
801 2580 860 2614 τοὺς

76 2620 191 2658 πένητας.
206 2624 268 2658 Πῶς
289 2623 317 2653 δὲ
335 2624 424 2664 ἔνοχος
444 2623 544 2663 γίνεται
564 2625 579 2653 ὁ
593 2624 704 2658 ἀναξίως
721 2627 858 2664 μεταλαμ-

76 2664 168 2704 ϐάνων,
182 2667 228 2702 Ὡς
243 2668 290 2698 καὶ
305 2663 500 2709 αὖτὸξὲκχέας
521 2668 552 2698 τὸ
568 2663 648 2707 αἷμα.
674 2667 784 2710 Ὥσπερ
807 2669 858 2710 γὰρ

917 2226 1059 2263 eidemque
1072 2227 1268 2255 accumberetis
1289 2231 1362 2261 toro,
1379 2231 1406 2254 et
1420 2226 1454 2254 ab
1471 2226 1530 2262 ipso
1545 2226 1653 2254 Christo
1667 2233 1713 2254 ac-

917 2271 1042 2307 ciperetis
1053 2272 1216 2300 sacrificium
1238 2271 1321 2300 istud.
1338 2272 1386 2299 llla
1409 2271 1466 2307 ipsa
1481 2271 1556 2299 enim
1567 2278 1647 2299 ccena
1661 2274 1712 2303 est,

918 2321 947 2344 et
958 2316 1034 2344 illam
1047 2316 1137 2352 ipsam
1151 2321 1270 2345 mortem
1296 2317 1504 2350 annuntiamus,
1527 2315 1580 2343 hoc
1597 2319 1640 2343 est
1662 2315 1712 2344 de-

916 2364 1113 2395 monstramus,
1129 2361 1162 2390 ad
1175 2360 1326 2389 secundum
1340 2368 1426 2397 usque
1441 2361 1500 2397 ejus
1517 2360 1675 2388 adventum.

951 2451 1031 2478 Vsus.
1044 2453 1088 2478 21.
1101 2461 1114 2475 ι
1129 2451 1223 2486 Itaque
1236 2449 1390 2486 quicunque
1402 2449 1713 2485 manducaveritpanem

914 2494 997 2530 hunc,
1014 2499 1061 2523 aut
1073 2494 1172 2523 biberit
1183 2495 1297 2523 calicem
1312 2495 1424 2523 Domini
1447 2495 1568 2531 indigne,
1583 2501 1647 2522 reus
1660 2494 1712 2522 erit

913 2540 1038 2576 corporis
1050 2543 1076 2568 et
1088 2539 1229 2576 sanguinis
1242 2540 1360 2568 Domini.
1378 2551 1391 2564 ι
1409 2539 1490 2575 192
1513 2541 1588 2576 ipsos
1602 2538 1713 2574 oblique

913 2585 1070 2621 perstringit
1080 2584 1192 2621 indigne
1205 2585 1415 2617 manducantes,
1430 2583 1651 2620 quandoquidem
1663 2590 1711 2610 no-

912 2637 960 2667 pes
979 2630 1127 2666 negligant.
1143 2631 1203 2665 Qua
1222 2637 1286 2658 vero
1297 2630 1402 2658 ratione
1416 2637 1481 2657 reus
1495 2628 1526 2656 fit
1538 2627 1584 2663 qui
1598 2626 1711 2662 indigne

912 2675 1046 2703 assumit?
1068 2675 1184 2703 Perinde
1203 2674 1332 2703 nimirum
1351 2683 1383 2703 ac
1401 2675 1458 2710 ipse
1475 2673 1520 2709 qui
1540 2670 1703 2708 sanguinem

766 2737 858 2768 Variae
879 2738 1031 2768 lectiones.

107 2793 127 2811 ⁸⁸
140 2798 293 2826 συνεσθίοντα
306 2807 333 2828 o.
371 2799 393 2817 ⁸⁵
409 2799 451 2826 καὶ
465 2799 493 2827 σύ
506 2807 533 2828 o.

573 2800 594 2818 ⁷ο
611 2799 694 2832 αὐτοῖς
707 2808 735 2829 o.
773 2799 793 2818 '”
821 2802 968 2828 δεσποτικοῦ
984 2809 1011 2829 o.

1050 2800 1072 2818 τ*
1086 2800 1133 2832 ἕως
1143 2808 1171 2829 ο.
