1881 3081
188 137 241 163 707

698 132 954 160 THEOPHYLACTI
973 131 1151 159 BULGARl/E
1170 130 1328 158 ARCHIEP.
1773 129 1814 156 708

186 195 297 225 Domini
309 195 446 224 effuderit.
457 196 499 223 Ut
507 195 580 223 enim
593 195 641 231 qui
652 199 712 223 tum
723 199 898 231 pupugemnt
908 194 984 222 Chri-

1046 194 1086 223 ιαὶ
1101 193 1161 224 τότε
1176 194 1200 223 οἱ
1219 192 1408 229 κεντήσαντες,
1424 191 1473 231 οὐχ
1493 190 1537 220 ἵνα
1552 190 1646 220 πίωσιν
1671 190 1814 226 ἐκέντησαν,

186 245 272 275 stum,
285 249 342 269 non
357 245 388 269 ut
401 240 525 269 biberent
538 244 722 276 pupugerunt,
744 247 839 268 verum
852 244 883 267 ut
895 239 985 268 effun-

186 285 284 314 derent
299 294 305 313 :
319 286 360 314 sic
373 285 483 322 indigne
497 285 600 318 bibens,
625 285 745 320 nihilque
763 285 828 313 inde
842 284 984 313 commodi

185 330 319 362 referens.
343 330 506 366 sanguinem
523 329 621 357 frustra
637 328 749 357 effudit.
775 330 872 363 Porro,
893 328 984 357 Judaei

186 375 297 411 quidem
323 375 508 403 dilacerarunt
535 374 606 410 regis
618 373 795 410 chlamydem
820 378 868 402 :at
882 374 927 410 qui
943 374 983 401 in-

185 420 271 456 digne
289 419 448 453 manducat,
468 420 496 447 in
519 427 629 448 caenum
644 423 671 447 et
695 420 722 447 in
745 419 847 453 lutum,
862 419 984 447 animam

185 473 264 494 suam
278 465 411 498 videlicet,
427 465 499 493 hanc
512 464 688 501 chlamydem
702 464 806 500 injecit.
821 465 918 492 Nonne
933 463 982 499 igi—

185 513 232 538 tur
246 517 295 546 par
309 514 337 538 et
357 510 472 538 minime
495 509 635 537 dissimilis
657 513 699 537 est
724 508 891 545 ignominia?
913 510 983 536 Pro-

185 558 279 591 pterea
294 558 323 583 et
336 554 395 590 ipse
410 554 485 582 istius
497 561 563 582 reus
576 557 627 582 est.

219 601 310 628 Vaas.
326 602 372 627 28.
397 609 410 623 α
428 599 531 626 Probet
545 603 639 626 autem
653 598 775 634 seipsum
790 597 890 633 homo,
905 601 933 625 et
945 597 985 626 sic

185 642 221 672 de
244 652 312 680 pane
339 643 387 671 illo
411 643 486 676 edat,
515 646 543 671 et
573 642 609 670 de
637 642 721 671 calice
747 642 834 671 bibat.
862 654 874 667 -
894 642 984 671 Paulo

185 688 215 716 in
235 696 313 716 more
337 691 391 722 est,
413 687 501 715 sicubi
530 686 560 714 in
587 686 709 714 medium
730 686 884 723 cujuspiam
907 694 985 722 argu-

186 733 276 760 menti
311 732 435 760 inciderit
469 731 544 760 aliud
578 731 774 765 necessarium,
810 731 864 759 hoc
899 730 984 759 etiam

184 781 349 813 pertractare
366 786 373 804 :
397 775 633 812 quemadmodum
647 778 799 804 etiamnum
821 775 873 804 alio
887 783 984 811 propo-

185 821 240 850 sito
256 825 419 858 argumento
433 821 468 849 de
484 821 597 855 mensis,
608 821 688 848 simul
700 825 783 857 atque
796 821 822 848 in
838 820 984 856 mysterio-

184 874 248 895 rum
260 874 417 894 sermonem
435 865 542 900 indicit,
556 866 628 894 hunc
648 866 731 894 veluti
748 865 871 894 maxime
885 873 983 893 neces-

185 911 291 941 sarium
313 911 439 945 absolvit,
464 919 497 938 ac
513 918 652 938 summam
675 910 813 938 bonorum
835 913 980 945 monstrat,

184 964 247 984 cum
262 964 327 992 pura
337 955 506 984 conscientia
526 955 666 989 accedere,
678 955 769 990 aitque
794 963 801 983 :
817 955 881 983 Non
899 955 984 983 alium

185 1000 236 1029 tibi
249 1001 375 1037 judicem
394 1000 527 1036 praeﬁcio,
547 1007 642 1028 verum
659 1000 778 1036 teipsum
798 1000 909 1036 tibiipsi.
930 1001 984 1028 Ju-

185 1045 244 1074 dica
258 1046 342 1082 igitur
355 1049 381 1073 et
392 1045 500 1081 explora
514 1044 711 1073 conscientiam
727 1048 816 1079 tuam,
841 1049 869 1073 et
886 1045 924 1072 sic
938 1052 983 1072 ac-

185 1090 261 1123 cede,
277 1098 333 1118 non
347 1090 457 1125 quando
470 1089 571 1117 fuerint
590 1088 676 1124 feriae,
700 1088 748 1118 sed
763 1089 873 1125 quando
885 1097 984 1125 purum

187 1136 306 1170 teipsum
323 1142 356 1162 ac
368 1134 482 1170 dignum
495 1133 642 1162 inveneris.

223 1181 313 1207 Vsas.
327 1182 372 1208 29.
390 1190 402 1203 ει
424 1179 476 1214 Qui
491 1179 565 1206 enim
579 1178 729 1207 manducat
742 1182 769 1206 et
781 1178 851 1206 bibit
864 1178 984 1214 indigne,

183 1223 322 1260 judicium
347 1223 397 1251 sibi
422 1223 570 1252 manducat
593 1227 619 1251 et
650 1223 726 1251 bibit.
750 1234 764 1248 ι
789 1224 851 1252 Νοιι
873 1228 984 1260 propter

186 1269 380 1305 mysteriorum
390 1273 516 1296 naturam
528 1270 538 1302 (
550 1267 593 1296 hae
607 1267 697 1296 cenim
713 1271 779 1296 sunt
793 1267 919 1303 viviﬁca),
940 1275 983 1296 ve-

186 1321 251 1342 rum
266 1317 378 1349 propter
399 1312 555 1341 accedentis
569 1313 747 1348 iniquitatem
773 1321 781 1341 :
799 1313 985 1349 quemadmo-

185 1357 253 1387 dum
266 1363 294 1386 et
304 1359 344 1386 sol
359 1358 445 1386 oculis
456 1358 592 1393 corruptis
607 1361 648 1385 est
661 1357 769 1385 noxius.

222 1414 234 1427 α
252 1404 312 1430 Non
327 1402 478 1438 dijudicans
497 1409 596 1438 corpus
607 1402 733 1429 Domini.
750 1413 763 1425 ια
781 1402 841 1429 Hoc
856 1405 908 1435 est,
927 1408 985 1429 non

186 1447 342 1483 explorans,
356 1455 414 1474 non
429 1446 582 1482 intelligens
602 1446 752 1482 propositae
768 1446 807 1473 rei
826 1445 985 1481 amplitudi-

184 1499 259 1519 nem.
285 1492 313 1520 Si
334 1492 409 1519 enim
434 1491 603 1518 disceremus
623 1497 746 1526 unquam
766 1490 894 1525 quisnam
911 1494 985 1519 esset

186 1536 232 1571 qui
247 1535 326 1563 nobis
340 1535 512 1571 proponitur,
537 1543 592 1562 non
614 1525 803 1570 indigeremus
823 1534 921 1568 altero,
936 1534 984 1563 sed
1002 1525 1025 1557 (δ

185 1579 260 1607 istud
275 1579 365 1614 ipsum
380 1587 432 1606 nos
443 1579 550 1606 sobrios
562 1578 699 1607 redderet.

221 1625 312 1652 Vens.
329 1627 373 1652 30.
391 1635 404 1648 α
426 1623 493 1652 Ideo
511 1623 584 1651 inter
600 1631 648 1652 vos
663 1623 743 1651 multi
758 1623 874 1657 inﬁrmi,
889 1628 918 1652 et
931 1624 984 1651 im-

185 1669 306 1702 becilles,
325 1673 353 1697 et
364 1668 507 1696 dormiunt
531 1669 621 1696 multi.
639 1680 652 1694 κ
668 1668 793 1704 Accipite
808 1668 984 1697 demonstra-

185 1713 292 1740 tionem
304 1713 338 1740 ab
353 1712 386 1740 iis
400 1720 462 1748 quae
476 1712 548 1748 apud
562 1720 612 1740 vos
626 1713 801 1748 contingunt.
824 1713 895 1741 Hinc
912 1713 986 1742 enim

186 1757 342 1785 immaturae
371 1761 485 1791 mortes,
513 1757 659 1793 morbique
687 1757 823 1789 diuturni,
852 1765 884 1785 eo
911 1758 986 1794 quod

186 1802 266 1830 multi
287 1801 399 1837 indigne
422 1806 574 1829 assumant.
598 1801 669 1838 Quid
693 1802 797 1838 igitur?
812 1803 883 1830 Num
899 1803 918 1830 ii
939 1803 986 1839 qui

185 1847 221 1875 ad
234 1851 389 1874 extremam
412 1854 497 1882 usque
516 1851 684 1874 senectutem
706 1847 860 1876 incolumes
872 1855 986 1876 servan-

183 1895 239 1925 tur,
256 1896 365 1927 peccata
381 1899 437 1919 non
449 1891 614 1919 admittunt?
629 1892 746 1920 Peccant
763 1900 830 1920 sane
844 1902 852 1920 :
865 1893 914 1920 sed
929 1900 986 1920 non

185 1936 266 1972 hujus
297 1936 429 1972 temporis
457 1944 546 1972 pinna:
566 1937 633 1964 solae
662 1937 773 1973 indigne
794 1937 987 1965 accedentibus

185 1981 327 2009 destinata:
346 1985 410 2009 unt
429 1989 435 2008 :
456 1981 504 2009 sed
524 1981 554 2008 in
569 1980 661 2008 futuro
681 1989 791 2016 quoque
817 1981 917 2009 saeculo
932 1981 987 2009 illis

185 2026 309 2062 graviora
329 2029 394 2053 sunt
407 2025 550 2061 reposita:
578 2032 666 2060 neque
679 2024 723 2052 hic
742 2033 793 2053 nos
815 2025 902 2060 puniti
915 2033 987 2053 esse-

184 2077 258 2104 mus,
273 2070 322 2098 nisi
337 2070 556 2106 deliquissemus,
572 2069 684 2105 perinde
706 2077 739 2096 ac
750 2069 808 2104 ipse
819 2069 878 2105 jam
893 2069 985 2098 infert.

221 2115 310 2143 Vens.
327 2117 371 2142 3i.
389 2124 403 2141 α
418 2115 447 2142 Si
471 2114 543 2142 enim
560 2121 611 2141 nos
629 2114 705 2149 ipsos
715 2113 913 2149 judicaremus,
930 2122 987 2143 non

181 2159 380 2197 judicaremur.
406 2170 418 2183 ιι
431 2160 494 2186 Non
516 2158 595 2192 dixit,
616 2157 644 2185 Si
659 2165 709 2185 nos
723 2158 798 2193 ipsos
812 2159 986 2194 puniremus,

183 2204 232 2232 sed
252 2208 371 2238 tantum,
387 2215 401 2229 ι
423 2204 450 2231 Si
462 2203 651 2239 judicaremus
667 2214 680 2227 »
696 2207 724 2230 et
737 2203 984 2233 condemnaremus

1046 2201 1179 2241 ἐκρίνομεν
1190 2215 1203 2228 ι
1224 2202 1269 2231 καὶ
1288 2202 1517 2240 κατεγινώσκομεν
1531 2203 1649 2238 ἑαυτῶν,
1665 2202 1711 2231 οὐκ
1729 2199 1757 2228 ἂν
1770 2196 1816 2227 οὐδὲ

183 2257 234 2278 nos
251 2250 336 2286 ipsos,
345 2257 381 2277 ne
402 2248 447 2275 hic
471 2247 585 2284 quidem
606 2247 858 2276 condemnaremur
878 2256 894 2277 a
915 2251 985 2283 Deo,

184 2302 278 2322 verum
295 2298 324 2321 et
337 2292 480 2329 praesentia
493 2296 521 2319 et
533 2291 628 2320 futura
642 2292 772 2328 supplicia
787 2292 986 2330 effugeremus.

221 2340 310 2366 Vsus.
326 2340 371 2366 32.
399 2348 412 2361 α
437 2337 507 2365 Cum
522 2342 615 2365 autem
638 2346 652 2365 a
676 2338 796 2366 Domino
815 2338 985 2374 judicamur,

182 2383 357 2418 corripimur,
380 2386 411 2409 ut
427 2389 484 2409 non
503 2389 567 2410 cum
589 2382 694 2411 mundo
725 2382 953 2411 condemnemur.
970 2394 984 2408 υ

187 2428 267 2463 193
287 2426 517 2462 Quandoquidem
539 2434 599 2454 rem
624 2427 692 2455 adeo
716 2427 804 2455 levem
826 2432 854 2455 et
877 2427 983 2455 facilem

182 2480 237 2500 non
255 2471 384 2504 facimus,
407 2471 460 2499 hoc
475 2476 516 2499 est
534 2471 609 2507 quod
622 2479 673 2499 nos
688 2472 763 2508 ipsos
778 2480 836 2499 non
851 2472 984 2500 condem-

181 2523 296 2549 namus;
311 2523 400 2552 neque
425 2517 498 2544 Deus
519 2516 662 2544 nobiscum
676 2517 744 2544 adeo
759 2515 908 2544 crudeliter
919 2516 984 2552 agit,

183 2568 279 2589 verum
296 2561 339 2588 hic
359 2560 471 2596 corripit
487 2564 514 2588 et
535 2560 661 2597 castigat,
685 2565 715 2588 ut
735 2560 792 2589 illic
812 2561 984 2590 misereatur.

183 2606 357 2642 Castigamur
383 2606 460 2634 enim
479 2605 535 2640 hic,
565 2605 669 2642 inquit;
691 2613 748 2633 non
774 2605 914 2642 punimur,
939 2606 987 2634 sed

184 2659 199 2679 δ
214 2652 295 2680 Patre
306 2651 502 2686 admonemur,
517 2661 530 2675 ι
553 2657 587 2678 ne
600 2657 665 2679 cum
679 2649 796 2686 mundo,
811 2661 825 2675 ι
842 2650 871 2680 id
881 2654 935 2684 est,
949 2650 988 2679 in-

1039 240 1098 268 ἆλλ’
1114 251 1120 257 ·
1134 238 1179 267 ἵνα
1191 237 1319 278 ἐκχέωσιν
1335 248 1342 255 ·
1359 237 1429 267 οὕτω
1443 236 1490 266 καὶ
1504 238 1517 266 ὁ
1537 235 1651 270 ἀναξίως
1670 234 1718 273 μὲν
1731 234 1813 273 πίνων,

1039 283 1122 322 μηδὲν
1147 282 1175 312 δὲ
1202 283 1319 311 ἐντεῦθεν
1344 280 1544 321 καρπούμενος,
1579 279 1668 319 μάτην
1691 279 1772 319 ἐξέχεε
1793 279 1816 308 τὸ

1039 324 1116 367 αἷμα.
1135 328 1191 358 Καὶ
1205 329 1230 357 οἱ
1254 326 1301 365 μὲν
1327 326 1452 356 Ἰουδαῖοι
1474 324 1612 366 διέρρηξαν
1633 327 1680 354 τοῦ
1705 323 1818 363 βασιλέως

1038 373 1086 409 τὴν
1101 372 1229 413 χλαμύδα
1245 383 1252 390 ·
1267 373 1282 401 ὁ
1295 371 1323 400 δὲ
1342 371 1454 406 ἀναξίως
1470 371 1618 405 κοινωνῶν,
1638 370 1676 402 εἷς
1691 368 1817 413 βέρϐορον,

1039 418 1086 454 τὴν
1102 409 1187 447 ἀὑτοῦ
1202 428 1272 457 φημι
1297 416 1400 457 ψυχὴν,
1423 415 1523 451 ταύτην
1548 414 1683 445 ἐνέϐαλεν.
1702 409 1766 454 Ἆρα
1779 414 1816 443 οὐκ

1038 462 1083 499 ἴση
1102 462 1134 502 ﬁ]
1145 462 1257 501 ἀτιμίας
1283 461 1326 492 διὰ
1352 463 1429 491 τοῦτο
1453 459 1499 490 καὶ
1515 459 1592 493 αὐτὸς
1619 459 1717 495 ταύτης
1745 458 1819 498 ἔνοχός

1040 510 1106 538 ἔστι.

1082 607 1098 624 α
1113 595 1289 634 Δοκιμαζέτω
1311 594 1339 625 δὲ
1363 594 1500 635 ἄνθρωπος
1520 592 1632 630 ἑαυτὸν,
1649 593 1696 622 καὶ
1709 592 1784 625 οὕτως
1795 592 1818 620 ἐκ

1038 643 1084 671 τοῦ
1109 641 1189 680 ἄρτου
1212 640 1339 677 ἐσθιέτω,
1365 640 1410 669 καὶ
1433 640 1463 668 ἐκ
1480 641 1527 668 τοῦ
1542 638 1671 676 ποτηρίου
1693 637 1790 666 πινέτω.
1803 648 1813 664 ιι

1040 685 1141 716 Εῗωθεν
1165 687 1179 714 ὁ
1195 686 1318 720 Παῦλος,
1340 683 1447 714 ἐπειδὰν
1473 685 1498 712 ἐν
1514 683 1588 723 μέσῳ
1599 684 1627 703 ⁷³
1647 682 1716 715 τινος
1737 681 1817 710 ὑποθέ-

1040 742 1104 764 σεως
1129 730 1205 770 ἑτέρα
1234 729 1370 770 ἀναγκαία
1395 729 1574 768 παρεμπέσῃ,
1600 727 1647 757 καὶ
1672 727 1763 762 ταύτην
1780 727 1817 755 ἐπ-

1039 768 1191 815 εξέρχεσθαι
1207 783 1213 790 “
1234 773 1324 813 ὥσπερ
1347 768 1391 802 οὖν
1416 774 1461 803 καὶ
1484 776 1530 802 νῦν
1548 772 1642 813 ἑτέρας
1663 773 1817 811 προκειμένης

1038 819 1185 853 ὓποθέσεως
1201 821 1248 855 ἧς
1273 819 1334 858 περὶ
1357 820 1410 848 τῶν
1435 819 1588 856 τραπεζῶν,
1615 817 1708 852 ἐπειδὴ
1731 817 1763 849 εἰς
1783 815 1816 844 τοι

1040 867 1092 894 τῶν
1108 864 1258 904 μυστηρίων
1282 864 1389 893 ἐνέπεσε
1411 863 1500 902 λόγον,
1526 862 1729 902 ἐπεξεργάζεται
1743 864 1816 890 τοῦτον

1041 911 1075 943 ὡς
1102 908 1328 948 ἀναγκαιότατον,
1360 908 1406 937 καὶ
1430 908 1459 937 τὸ
1481 907 1626 948 κεφάλαιον
1650 908 1703 936 τῶν
1729 906 1815 945 ἀγαθῶν

1039 954 1221 990 ὗποδείκνυσι,
1237 953 1268 983 τὸ
1284 952 1352 992 μετὰ
1375 954 1493 992 καθαροῦ
1507 951 1650 992 προσιέναι
1666 950 1798 982 συνειδότος
1811 960 1816 967 ⁸

1038 998 1082 1028 καί
1095 1010 1191 1039 φησιν,
1208 997 1247 1028 ὅτι
1264 999 1325 1037 Οὐχ
1339 996 1573 1039 ἔτερονγδικαστὴν
1587 998 1691 1037 ἐφιστῶ
1707 1007 1756 1034 σοι,
1772 993 1816 1024 ἀλλ’

1038 1043 1132 1073 ἑαυτὸν
1147 1044 1248 1084 σαυτῷ.
1277 1043 1393 1073 Δίκασον
1419 1038 1464 1072 οῦν
1486 1044 1524 1081 τῷ
1545 1042 1678 1071 συνειδότι
1703 1053 1763 1076 σου,
1783 1039 1818 1068 καὶ

1038 1088 1107 1118 οὕτω
1122 1088 1249 1128 πρόσιθι,
1265 1088 1302 1127 μὴ
1319 1087 1384 1117 ὅταν
1396 1086 1473 1128 ἑορτὴ
1515 1086 1550 1123 ⁷⁸,
1567 1087 1627 1116 ἀλλ’
1641 1085 1704 1116 ὅταν
1718 1084 1816 1125 καθαρὸν
1865 1102 1866 1111 ι

1038 1134 1148 1163 σεαυτὸν
1164 1133 1209 1162 καὶ
1224 1133 1295 1167 ἄξιον
1311 1132 1398 1173 εὕρῃς.

1083 1189 1098 1208 ς(
1111 1178 1145 1208 Ὁ
1159 1177 1210 1218 γὰρ
1227 1177 1320 1207 ἐσθίων
1344 1176 1390 1206 καὶ
1405 1177 1489 1206 πίνων
1513 1175 1626 1211 ἀναξίως
1650 1177 1730 1216 κρῖμα
1748 1175 1818 1213 ἑαυτῷ

1039 1222 1118 1252 ἐσθίει
1132 1222 1178 1252 καὶ
1194 1222 1275 1252 πίνει.
1291 1235 1303 1248 ν
1317 1223 1358 1251 Οὖ
1381 1221 1424 1251 διὰ
1445 1221 1492 1258 τὴν
1513 1223 1565 1250 τῶν
1586 1221 1739 1261 μυστηρίων
1756 1219 1818 1260 φύσιν

1039 1269 1144 1307 (ταῦτα
1167 1267 1218 1308 γὰρ
1244 1267 1366 1307 ζωηρὰ),
1391 1267 1460 1296 ἀλλὰ
1480 1266 1523 1296 διὰ
1540 1265 1588 1301 τὴν
1615 1269 1663 1296 τοῦ
1687 1265 1818 1305 προσιόντος

1039 1312 1199 1348 ἆναξιότητα
1213 1324 1219 1330 ·
1245 1311 1336 1351 ὥσπερ
1359 1311 1404 1340 καὶ
1426 1313 1440 1341 ὁ
1465 1311 1539 1347 ἥλιος
1558 1311 1613 1345 τοῖς
1633 1311 1681 1344 τὰς
1697 1311 1763 1351 ὄψεις
1773 1310 1817 1338 διε·

1041 1357 1197 1398 φθαρμένοις
1215 1356 1352 1396 βλαϐερός.

1080 1415 1092 1428 α
1108 1402 1154 1438 Μὴ
1170 1401 1310 1441 διακρίνων
1323 1401 1353 1430 τὸ
1373 1401 1453 1439 σῶμα
1466 1403 1513 1430 τοῦ
1530 1399 1645 1440 Κυρίου.
1660 1413 1674 1426 I
1687 1399 1816 1433 Τουτέστι,

1040 1446 1077 1485 μὴ
1093 1446 1231 1482 ἐξετάζων,
1246 1445 1283 1484 μὴ
1301 1447 1395 1475 ἐννοῶν
1411 1446 1437 1465 ⁷⁵
1450 1445 1481 1474 τὸ
1499 1447 1547 1474 τοῦ
1561 1445 1737 1484 προκειμένου
1752 1443 1818 1482 μέγε-

1039 1494 1091 1524 θος.
1109 1492 1141 1521 Εἰ
1156 1491 1207 1531 γὰρ
1230 1491 1360 1529 μάθοιμεν
1385 1490 1424 1523 τίς
1439 1489 1503 1519 ποτέ
1528 1491 1600 1520 ἐστιν
1618 1491 1632 1519 ὁ
1648 1489 1816 1529 προκείμενος,

1038 1536 1068 1564 οὗ
1084 1535 1231 1574 δεησόμεθα
1253 1535 1357 1575 ἑτέρου,
1378 1534 1435 1564 ἀλλ’
1458 1534 1521 1564 αὐτὸ
1546 1537 1628 1564 τοῦτο
1653 1535 1740 1575 νήφειν
1763 1535 1819 1570 ἡμᾶς

1039 1580 1250 1620 παρασκευάσει.

1085 1636 1100 1654 ιι
1118 1624 1168 1655 Διὰ
1183 1628 1260 1654 τοῦτο
1274 1626 1301 1655 ἐν
1312 1625 1375 1663 ὓμῖν
1385 1623 1479 1654 πολλοὶ
1494 1625 1611 1657 ἀσθενεῖς
1627 1623 1672 1653 καὶ
1687 1623 1818 1664 ἄῤῥωστοι,

1039 1669 1085 1699 καὶ
1106 1671 1252 1708 κοιμῶνται
1272 1668 1369 1698 ἱκανοί.
1389 1679 1403 1697 ι
1423 1668 1476 1698 Ἐκ
1497 1670 1550 1698 τῶν
1566 1670 1632 1709 παρ’
1645 1670 1706 1707 ὑμῖν
1723 1666 1815 1707 γινομέ-

1039 1725 1091 1743 νων
1116 1714 1212 1744 λάϐετε
1235 1714 1283 1747 τὰς
1306 1713 1460 1748 ἀποδείξεις.
1489 1713 1543 1742 Διὰ
1568 1716 1648 1743 τοῦτο
1675 1713 1724 1752 γὰρ
1752 1712 1818 1750 ἄωροι

1040 1758 1162 1798 θάνατοι,
1178 1759 1222 1788 καὶ
1240 1758 1340 1798 μακραὶ
1356 1758 1444 1795 νόσοι,
1469 1758 1535 1787 διότι
1558 1758 1673 1792 ἀναξίως
1696 1757 1816 1796 μεταλαμ-
1865 1749 1866 1769 ³

1041 1803 1152 1833 ϐαίνουσι
1166 1803 1271 1835 πολλοί.
1297 1802 1332 1833 Τί
1355 1800 1416 1840 οῧν;
1434 1804 1458 1832 οἱ
1474 1802 1564 1832 ἄνοσοι
1582 1803 1738 1842 τηρούμενοι
1752 1801 1816 1840 μέχρι

1042 1848 1190 1887 βαθυτάτου
1212 1849 1300 1887 γήρως
1312 1871 1320 1885 ,
1336 1849 1385 1887 οὐχ
1407 1847 1622 1887 ἃμαρτάνουσιν;
1645 1845 1817 1886 Ἅμαρτάνουσι

1041 1893 1106 1931 μὲν,
1122 1892 1182 1922 ἀλλ’
1197 1894 1247 1932 οὐχ
1263 1894 1289 1922 αἱ
1305 1894 1418 1922 ἐνταῦθα
1429 1891 1552 1925 κολάσεις
1566 1891 1649 1930 μόναι
1664 1896 1716 1924 τοῖς
1726 1889 1817 1924 ἀναξίως

1039 1941 1204 1975 προσιοῦσιν,
1223 1938 1282 1966 ἀλλ’
1298 1937 1352 1966 ἐκεῖ
1364 1935 1542 1976 χαλεπώτερα
1565 1937 1657 1970 αὐτοῖς
1669 1936 1815 1965 ἀπόκεινται-

1039 1980 1133 2020 Ἣμεῖς
1147 1983 1173 2011 δὲ
1186 1983 1241 2012 οὐδ’
1259 1981 1290 2011 ἂν
1311 1983 1423 2011 ἐνταῦθα
1436 1981 1618 2018 ίκολάσθημεν
1629 2003 1637 2018 ,
1652 1982 1675 2010 εἷ
1695 1980 1731 2020 μὴ
1745 1981 1816 2017 ἡμαρ-

1038 2026 1152 2066 τοὶνομεν
1165 2037 1173 2045 ·
1186 2026 1277 2067 ὥσπερ
1290 2027 1321 2063 δὴ
1334 2026 1380 2055 καὶ
1395 2026 1472 2058 αὐτὸς
1491 2025 1612 2065 ἐπιφέρει
1626 2037 1634 2044 ·

1085 2122 1099 2140 ιι
1112 2112 1145 2152 Εἰ
1157 2111 1209 2152 γὰρ
1223 2111 1330 2145 ἑαυτοὺς
1350 2112 1497 2151 ἐκρίνομεν,
1515 2112 1564 2142 οὐκ
1585 2112 1616 2142 ἂν
1634 2110 1814 2152 ἐκρινόμεθαά

1042 2156 1102 2216 96x
1113 2151 1184 2186 εἶπεν
1215 2157 1248 2187 El
1263 2157 1370 2190 ἑαυτοὺς
1386 2158 1547 2195 ἐκολάζομεν
1558 2178 1567 2193 ,
1584 2157 1655 2187 ἀλλὰ
1671 2157 1755 2216 μόνον.
1770 2166 1779 2178 ⁸

1057 2201 1178 2216 ..-[,.-.,-,.
1191 2215 1200 2216 κ
1224 2202 1266 2216 ..με
1288 2213 1385 2216 ______,.,,
1405 2202 1517 2216 (ww-..
1533 2203 1632 2216 μηδι..
1668 2214 1675 2216 .
1729 2198 1806 2216 1...}.1.

1041 2246 1153 2275 ἐνταῦθα
1178 2247 1386 2286 κατεκρινόμεθα
1411 2247 1484 2287 παρὰ
1511 2249 1557 2276 τοῦ
1585 2248 1673 2282 Θεοῦ,
1702 2245 1756 2273 ἀλλ’
1782 2241 1816 2274 ἐξ·

1041 2290 1183 2330 εφεύγομεν
1200 2291 1232 2320 ἂν
1246 2291 1290 2320 καὶ
1303 2291 1349 2325 τὰς
1362 2293 1474 2320 ἐνταῦθα
1489 2292 1612 2325 κολάσεις
1622 2314 1630 2330 ,
1646 2291 1691 2320 καὶ
1706 2289 1749 2321 τὰς
1763 2288 1814 2316 ἐκεῖ.

1087 2346 1101 2363 (ι
1118 2335 1274 2373 Κρινόμενοι
1291 2337 1316 2365 δὲ
1330 2336 1381 2365 ὑπὸ
1396 2335 1494 2375 Κυρίου
1504 2359 1511 2372 ,
1523 2336 1701 2373 παιδευόμεθα
1712 2357 1718 2366 ,
1734 2332 1771 2361 ἵνα
1784 2329 1813 2375 μὴ

1042 2379 1088 2408 σὺν
1111 2381 1149 2419 τῷ
1173 2380 1267 2421 κόσμῳ
1287 2374 1501 2420 κατακριθῶμεν.
1521 2394 1532 2407 ι
1552 2380 1683 2417 Ἐπειδὴ,
1704 2374 1815 2421 φηενὶντξ³

1041 2423 1109 2453 οὕτω
1133 2426 1228 2463 κοῦφον
1244 2425 1290 2454 καὶ
1306 2426 1419 2466 ἐλαφρὸν
1440 2427 1470 2454 οὐ
1493 2428 1635 2463 ποιοῦμεν,
1649 2423 1778 2457 τουτέστι,
1789 2418 1812 2447 τὸ

1040 2468 1248 2508 καταγινώσκειν
1261 2469 1287 2489 ⁷⁶
1312 2471 1431 2505 ἑαυτῶν,
1455 2469 1515 2498 οὐδὲ
1537 2469 1620 2503 οὕτως
1644 2469 1750 2509 ἀφειδῶς
1763 2467 1813 2501 ἡμῖν

1041 2514 1055 2542 ὁ
1065 2513 1132 2547 Θεὸς
1144 2513 1293 2554 κέχρηται,
1309 2515 1368 2544 ἀλλ’
1384 2509 1435 2544 ὧδε
1447 2515 1585 2552 παιδεύει,
1600 2513 1643 2543 ἵνα
1661 2516 1712 2543 ἐκεῖ
1727 2509 1813 2554 ἐλεῆσᾯς

1045 2549 1229 2596 Παιδευόμεθα
1244 2559 1294 2599 γὰρ
1305 2582 1314 2597 ,
1331 2559 1409 2598 φησὶν
1419 2581 1427 2596 ,
1448 2554 1500 2588 ὧδε
1509 2582 1516 2595 ,
1538 2560 1566 2588 οὖ
1580 2549 1742 2595 κολαζόμεθα
1752 2577 1759 2590 ,
1771 2549 1815 2582 ἀλλ’

1042 2602 1093 2632 ὑπὸ
1112 2603 1217 2643 Πατρὸς
1231 2604 1421 2642 νουθετούμεθα
1431 2626 1439 2642 ,
1455 2617 1468 2631 ι
1482 2603 1526 2633 ἵνα
1542 2603 1578 2641 μὴ
1592 2604 1638 2633 σὺν
1652 2605 1690 2642 τῷ
1703 2601 1792 2637 κόσμῳ»
1802 2605 1812 2622 ⁸

1039 2649 1175 2686 τουτέστι,
1200 2650 1260 2683 τοῖς
1279 2647 1418 2688 ἀπίστοις,
1434 2650 1637 2688 κατακριθῶμεν
1661 2648 1723 2677 ἐκεῖ.
1746 2644 1813 2680 Περισ

890 2709 984 2739 Variae
1006 2709 1156 2740 lectiones.

219 2775 240 2790 7"
256 2775 331 2809 μέσον
345 2781 373 2802 ο.
411 2771 433 2789 1"
447 2772 485 2806 εἴη
501 2781 528 2800 o.
566 2771 589 2790 ⁷⁸
604 2772 667 2808 μηδὲ
681 2775 744 2799 νοῶν
759 2780 785 2800 0.
824 2771 847 2790 ⁷⁸
861 2772 1019 2807 κατακρίνειν
1035 2780 1075 2801 ιιι.
