1867 3081
229 153 277 179 711

731 149 988 178 THEOPHYLACTI
1006 149 1184 177 BULGAHhE
1204 149 1362 178 ARCHIEP.

1806 154 1842 179 7l2

229 217 321 240 autem
341 220 398 240 non
419 212 472 246 sic;
491 219 586 240 verum
598 211 620 239 is
643 215 735 240 mente
756 212 848 240 sobria
865 215 964 240 cuncta
987 211 1014 240 lo

1080 212 1217 251 προφήτης
1230 213 1280 251 οὐχ
1303 211 1402 248 οὕτως,
1425 211 1494 241 ἀλλὰ
1520 211 1588 250 μετᾶ
1611 212 1726 246 διανοίας
1739 213 1842 253 νηφούσης

228 258 330 293 quitur.
346 258 407 285 Hoc
422 257 507 292 igitur
520 260 561 284 est
576 257 693 292 primum
707 257 819 293 signum
834 256 905 284 vatis
919 256 1023 285 daemo-

228 302 309 335 niaci,
322 305 349 329 et
363 301 504 337 propheta:
518 301 610 329 divini.

264 348 354 374 Vens.
371 349 397 374 3.
409 345 476 374 Ideo
491 350 589 373 notum
609 345 686 373 vobis
702 345 784 379 facio,
801 345 875 382 quod
894 353 976 373 nemo
995 345 1024 373 in

227 391 330 428 Spiritu
340 391 391 418 Dei
400 391 524 426 loquens,
532 390 598 418 dicit
609 390 754 418 anathema
768 392 782 417 J
787 398 865 418 esum
877 399 884 418 :
900 394 929 418 et
941 398 1023 418 nemo

228 439 319 472 potest
348 436 439 464 dicere
472 435 622 463 Dominum
654 437 759 467 Jesum,
785 435 837 463 nisi
868 435 897 462 in
921 435 1023 470 Spiritu

226 484 331 509 sancto.
349 491 363 504 ι
387 480 481 508 Etiam
501 479 554 508 hoc
573 480 621 507 tibi
639 480 747 515 signum
767 480 802 507 sit
826 479 904 513 vatis,
924 487 1024 515 nempe

226 525 372 559 exsecrari,
398 524 595 560 blasphemare,
611 524 793 560 conviciisque
820 524 955 552 incessere
978 525 1022 552 Je-

225 578 307 598 sum:
324 569 464 605 prophetae
485 577 559 603 vero,
582 569 654 596 haud
671 569 737 596 citra
758 569 926 605 praeconium
943 569 1022 596 nomi

225 623 290 642 nare
301 614 413 642 Domini
445 621 556 642 nomen.
579 613 652 648 Quid
672 614 753 649 igitur
769 613 959 641 catechumeni
984 613 1022 640 l'a-

225 659 318 688 ciunt?
339 658 486 695 Quomodo
508 659 553 686 isti
585 658 710 686 nondum
737 659 868 686 habentes
888 658 1021 693 Spiritum

225 704 507 738 sanctum,nominant
518 704 637 731 Jesum?
656 704 758 730 Verum
770 702 805 730 de
825 703 866 730 his
878 710 951 730 nunc
964 710 1021 730 non

224 753 266 777 est
277 756 378 782 sermo,
392 752 523 776 caeterum
537 747 573 776 de
591 747 719 775 ﬁdelibus
732 751 759 774 et
770 747 934 775 inﬁdelibus.
947 746 1020 783 Quid

223 801 286 821 vero
296 793 458 821 daemones?
470 794 567 821 Nonne
583 800 683 820 nomen
698 792 809 819 Domini
822 792 1020 820 nominabant?

223 839 299 872 Imo;
313 838 359 866 sed
372 838 465 874 ﬂagris
482 837 545 866 caesi
565 841 593 865 et
615 836 702 865 coacti
722 841 820 871 suapte
834 844 899 865 vero
922 840 1020 872 sponte

222 886 251 910 et
263 882 315 910 nisi
329 883 500 918 vapulantes,
514 889 667 917 nunquam.

257 928 346 955 Vnss.
360 931 388 956 4.
402 938 415 951 α
432 926 588 956 Divisiones
599 930 692 953 autem
704 925 842 954 donorum
853 929 928 959 sunt,
944 925 1018 953 idem

221 980 285 1000 vero
308 972 434 1008 Spiritus.
465 983 476 995 ιι
503 972 571 999 Cum
595 970 745 999 discrimen
770 971 844 998 inter
867 978 964 998 verum
992 974 1020 998 et

219 1016 320 1045 falsum
335 1016 498 1052 prophetam
520 1015 680 1049 indicasset,
700 1015 784 1043 etiam
803 1015 838 1043 de
857 1014 938 1043 donis
957 1015 1018 1050 Spi-

220 1061 288 1089 ritus
300 1061 420 1094 disserit,
437 1064 466 1088 ut
478 1068 526 1088 eos
538 1060 623 1088 etiam
635 1060 767 1095 corrigat,
782 1059 828 1095 qui
847 1059 876 1087 in
891 1059 950 1087 istis
961 1059 1015 1086 dis-

220 1105 318 1134 sident.
331 1107 371 1133 Ac
385 1105 504 1141 primum
523 1112 587 1132 eum
608 1108 698 1139 curat,
720 1104 769 1140 qui
794 1103 887 1131 minus
910 1103 1016 1131 donum

219 1150 331 1186 accepit,
348 1158 380 1178 ac
402 1154 545 1186 propterea
567 1153 674 1177 mmret.
698 1150 754 1177 Cur
774 1148 847 1176 enim
869 1148 956 1181 doles,
970 1148 1017 1176 in-

219 1195 288 1232 quit,
302 1194 377 1230 quod
391 1202 447 1222 non
469 1198 576 1222 tantum
598 1193 725 1229 accepisti
743 1197 826 1228 atque
848 1192 935 1221 alius?
954 1194 1016 1220 Non

219 1240 295 1268 enim
309 1239 432 1267 debitum
448 1243 500 1273 est,
516 1239 565 1267 sed
583 1238 718 1266 charisma
743 1242 771 1266 et
785 1237 898 1266 donum.
921 1239 1015 1273 Itaque

218 1284 320 1321 gratias
334 1292 394 1320 age,
417 1283 490 1320 quod
511 1283 577 1311 nihil
597 1283 646 1311 tibi
668 1285 741 1311 Deus
761 1291 827 1311 cum
841 1282 952 1316 debeat,
969 1282 1019 1309 ali-

216 1329 281 1364 quid
292 1337 358 1357 sane
367 1328 492 1357 dederit:
516 1329 572 1356 imo
594 1336 657 1356 vero
683 1327 756 1355 idem
779 1331 830 1361 est,
853 1327 901 1363 qui
921 1331 950 1354 et
969 1327 1018 1355 tibi

217 1378 244 1402 et
259 1374 296 1402 illi
309 1374 425 1410 largitus
443 1377 485 1402 est
502 1375 583 1401 Deus.
604 1375 665 1401 Non
680 1372 756 1401 enim
780 1372 830 1400 tibi
843 1371 954 1408 angelus
969 1371 1014 1399 de-
1033 1402 1055 1414 η

216 1417 266 1450 dit,
284 1418 322 1446 illi
343 1404 407 1446 vero
428 1420 501 1446 Dens
520 1427 527 1444 :
550 1425 645 1445 verum
663 1417 736 1445 idem
752 1417 859 1451 utrique
879 1404 1011 1451 Spiritus.
1032 1404 1055 1434 α

1031 876 1055 907 Β

252 1509 340 1537 Vens.
351 1510 378 1535 5.
396 1519 408 1532 ιι
420 1508 461 1535 Ac
475 1506 624 1534 divisiones
632 1505 869 1534 ministrationum
881 1509 954 1537 sunt,
965 1504 1014 1532 sed

216 1553 291 1581 idem
307 1552 453 1580 Dominus.
473 1563 484 1574 ιι
501 1551 628 1579 Meminit
640 1554 666 1578 et
682 1550 752 1583 Filii,
768 1554 899 1585 tanquam
912 1549 1015 1578 datoris

217 1598 364 1625 bonorum.
379 1597 528 1624 Dolentem
549 1603 630 1631 porro
645 1595 745 1631 majori
768 1594 956 1622 consolatione
970 1602 1012 1622 re-

216 1642 319 1676 ficiens,
336 1652 348 1665 ι
373 1640 614 1673 Ministrationum,
631 1649 644 1665 »
660 1639 738 1668 dixit.
757 1639 809 1674 Qui
831 1639 904 1667 enim
924 1639 1013 1667 chari-

215 1686 311 1715 smatis
334 1685 499 1713 vocabulum
520 1683 670 1717 audiverat,
693 1688 720 1712 et
742 1684 835 1711 minus
860 1687 1012 1720 acceperat,

216 1731 332 1759 fortasse
343 1730 406 1767 angi
421 1733 504 1765 queat
519 1729 623 1763 animo,
637 1737 686 1757 ceu
710 1729 782 1756 circa
797 1728 901 1757 donum
917 1729 1013 1756 immi-

215 1779 300 1804 nutus
322 1784 329 1803 :
349 1775 395 1812 qui
415 1782 480 1802 vero
503 1774 647 1802 ministerii
669 1781 766 1802 vocem
789 1774 933 1807 audiverit,
956 1781 1013 1801 non

214 1821 254 1849 ita
268 1830 274 1848 :
287 1820 390 1848 laboris
408 1819 484 1848 enim
497 1823 524 1848 et
536 1818 645 1847 sudoris
657 1819 709 1846 hoc
724 1823 768 1846 est
778 1818 919 1846 indicium.
937 1817 1011 1853 Quid

215 1866 289 1894 enim
311 1865 397 1899 doles,
415 1865 437 1893 si
455 1864 539 1892 alium
560 1863 619 1900 plus
632 1871 714 1900 quam
733 1867 760 1891 te
778 1863 904 1892 laborare
919 1862 1010 1900 jussit,

215 1918 328 1947 parcens
343 1909 466 1938 videlicet
482 1909 549 1937 tibi?

250 1957 339 1984 Vens.
358 1958 386 1983 6.
412 1966 425 1979 α
449 1954 604 1982 Divisiones
627 1953 708 1981 etiam
730 1952 920 1989 operationum
935 1954 1010 1985 sunt,

213 2000 286 2028 idem
299 2008 363 2028 vero
385 2001 461 2027 Deus
475 1999 521 2034 qui
536 2002 664 2034 operatur
687 1998 780 2025 omnia
797 1997 825 2024 in
839 1997 976 2025 omnibus.
996 2008 1009 2021 ν

215 2045 302 2073 Patris
325 2043 369 2071 hic
384 2043 555 2071 mentionem
573 2042 649 2075 facit,
670 2042 715 2077 qui
735 2046 864 2076 operatur
875 2042 968 2069 omnia
982 2041 1010 2068 in

214 2088 344 2118 omnibus
369 2087 504 2115 ﬁdelibus.
535 2087 573 2114 En
596 2086 640 2113 hic
662 2085 827 2114 Trinitatem
851 2086 1008 2121 perlectam.
1025 2087 1050 2119 Ι)

214 2135 327 2161 Donum
341 2136 444 2166 autem,
465 2135 493 2158 et
511 2130 643 2166 operatio,
665 2134 693 2158 et
712 2129 906 2164 ministerium,
930 2130 1011 2166 195

214 2177 311 2206 eadem
343 2180 423 2211 sunt,
447 2175 499 2204 etsi
530 2174 688 2203 nominibus
716 2173 858 2202 differunt.
887 2175 1012 2211 Equalia

213 2223 288 2251 enim
303 2226 367 2251 sunt
386 2229 448 2258 quae
464 2229 479 2248 a
500 2220 602 2256 Spiritu
625 2224 652 2247 et
675 2219 743 2248 Filio
764 2224 791 2248 et
805 2220 886 2248 Patre
900 2220 1009 2248 dantur.

214 2268 281 2296 Vide
301 2271 396 2296 autem
418 2264 560 2302 quomodo
588 2265 709 2301 Spiritus
731 2264 858 2292 meminit
879 2265 1010 2300 primum,

213 2317 352 2348 postremo
371 2319 436 2339 vero
456 2310 552 2346 Patris,
573 2318 670 2339 eorum
696 2317 778 2338 causa
803 2309 848 2346 qui
863 2309 891 2337 in
912 2309 1009 2338 ordine

212 2357 328 2385 nimium
343 2355 527 2384 suntcuriosi.

248 2402 338 2430 Vens.
352 2403 378 2429 7.
397 2412 409 2424 ιι
426 2400 517 2429 Cuivis
530 2403 623 2428 autem
644 2399 724 2428 datur
744 2399 928 2427 manifestatio
947 2398 1006 2435 Spi-

212 2447 280 2475 ritus
292 2446 327 2474 ad
340 2445 498 2473 utilitatem.
520 2456 532 2470 -
557 2446 597 2474 Ne
611 2445 671 2481 quis
692 2444 776 2479 dicat,
800 2443 871 2480 Quid
889 2443 911 2472 si
934 2443 1007 2471 idem

212 2492 249 2519 sit
262 2491 406 2525 Dominus,
430 2494 458 2518 et
472 2489 546 2518 idem
566 2489 692 2525 Spiritus,
714 2494 741 2517 et
755 2488 828 2516 idem
842 2490 927 2522 Deus,
942 2495 1006 2516 cum

212 2544 262 2573 ego
294 2535 400 2564 interim
429 2535 521 2562 minus
551 2534 720 2570 acceperim?
751 2533 808 2561 Hoc
827 2533 888 2566 tibi,
910 2533 1006 2569 inquit,

210 2581 278 2610 utile
299 2585 357 2609 erat
378 2584 407 2608 et
420 2578 586 2608 conferebat.
609 2578 724 2614 Spiritus
738 2582 829 2606 autem
845 2577 1008 2606 manifesta-

211 2626 312 2654 tionem
326 2626 402 2662 signa
420 2624 499 2653 dixit.
523 2626 573 2652 Per
594 2624 654 2651 hac
677 2623 751 2651 enim
768 2623 1009 2651 demonstrabatnr

211 2672 343 2708 Spiritum
376 2671 492 2698 libenter
516 2669 545 2697 in
567 2668 711 2705 baptizatis
732 2668 908 2696 commorari.
937 2667 1008 2702 Quid

1078 258 1166 286 πάντα
1202 256 1342 297 φθέγγεται
1367 266 1374 274 ·
1400 255 1470 287 ὥστε
1512 259 1590 286 τοῦτο
1626 258 1732 296 πρῶτον
1756 261 1840 296 σημεῖ-π

1079 301 1197 339 μάντεως
1214 301 1403 338 δαιμονιώδους
1417 301 1463 330 χαὶ
1476 301 1613 341 προφήτου
1629 301 1711 331 θείου.

1121 357 1136 375 α
1161 345 1209 376 Διὸ
1232 346 1351 385 γνωρίζω
1365 347 1450 385 ὑμῖν,
1472 345 1512 375 ὅτι
1538 346 1621 378 οὐδεὶς
1647 345 1778 384 Πνεύματι
1791 347 1841 377 8ιῶ

1076 390 1182 425 λαλῶν,
1200 390 1272 429 λέγει
1297 391 1417 429 ἀνάθεμα
1432 389 1534 426 Ἰησοῦν
1549 401 1556 409 σ
1583 390 1629 420 καὶ
1655 390 1736 423 οὐδεὶς
1757 391 1842 420 seu".

1076 436 1158 464 εἰπεῖν
1174 434 1272 474 Κύριον
1298 435 1419 471 Ἰησοῦν,
1448 437 1471 465 εἷ
1500 434 1538 473 μὴ
1553 436 1580 465 ἐν
1596 435 1734 473 Πνεύματι
1756 435 1840 475 ἁγίῳ.»

1078 479 1133 509 Καὶ
1158 481 1248 514 τοῦτο,
1269 481 1353 520 φησὶ,
1377 479 1487 517 σημεῖον
1517 481 1586 509 ἔστω
1609 491 1653 509 σοι
1677 479 1800 518 μάντεως,
1820 481 1841 510 ai

1077 523 1283 562 ἀναθεματίζειν
1296 547 1304 559 ,
1321 523 1380 560 ἤτοι
1402 525 1571 564 βλασφημεῖν
1592 525 1640 553 καὶ
1661 525 1840 563 κακολογεῖντίκ

1076 567 1181 604 Ἰησοῦν
1197 579 1204 587 ·
1220 568 1265 598 καὶ
1280 564 1329 605 αὖ,
1344 568 1498 609 προφήτου,
1515 569 1546 598 τὸ
1560 568 1697 607 ὀνομάζειν
1712 569 1838 609 ⁸¹

1075 613 1104 642 τὸ
1119 615 1165 642 τοῦ
1184 612 1286 652 Κυρίου
1312 613 1407 652 ὄνομα.
1424 614 1461 643 Τί
1480 609 1525 642 οὖν
1541 614 1564 643 οἱ
1579 613 1784 653 κατηχούμενοις
1802 616 1840 647 πῶς

1075 658 1112 695 μή
1137 658 1240 697 ἔχοντες
1266 657 1340 687 οὔπω
1378 659 1487 696 Πνεῦμα
1522 657 1612 697 ἅγιον,
1641 658 1788 696 ὀνομάζουσι
1810 659 1840 687 τὸν

1074 702 1193 741 Ἰησοῦνς
1209 702 1279 732 Ἀλλ’
1297 703 1327 732 οὖ
1348 702 1410 742 περὶ
1432 702 1534 732 τούτων
1557 705 1603 731 νῦν
1619 704 1634 731 δ
1658 702 1748 742 λόγος,
1763 702 1812 742 περὶ
1823 703 1840 722 ¹²

1074 747 1102 777 δὲ
1120 748 1221 776 πιστῶν
1244 747 1290 776 λαὶ
1306 746 1436 777 ἀπίστων.
1451 747 1488 777 Τί
1508 746 1536 776 δὲ
1553 747 1576 776 οἱ
1591 746 1727 784 δαίμονες
1740 748 1781 776 οὖιι
1792 747 1840 776 ἐσιό-

1074 793 1156 830 μαζον
1187 792 1216 821 τὸ
1243 791 1326 830 ὄνομα
1351 794 1397 821 τοῦ
1423 791 1542 830 Κυρίου;
1570 791 1654 821 Ἀλλὰ
1685 792 1839 830 μαστιζόμενοι

1073 836 1119 866 καὶ
1143 832 1353 874 ἀναγκαζόμενοι
1369 847 1376 854 ·
1397 836 1500 870 ἑκόντες
1529 836 1557 866 δὲ
1583 836 1631 866 καὶ
1658 837 1696 875 μὴ
1725 837 1838 874 μαστιγού-

1074 892 1147 919 μενοι
1162 881 1286 918 μηδαμοῦ
1300 881 1339 911 ⁸³.

1118 936 1131 952 (ι
1156 925 1303 965 Διαιρέσεις
1329 925 1356 954 δὲ
1379 925 1558 965 χαρισμάτων
1592 926 1663 961 εἶσὶ,
1692 927 1722 956 τὸ
1749 926 1773 955 δὲ
1795 925 1839 955 αὐτὸ

1073 970 1195 1007 Πνεῦμα.
1212 983 1224 996 ιι
1244 970 1322 1000 Μετὰ
1337 969 1367 998 τὸ
1383 969 1466 1004 δεὶξαι
1483 970 1509 989 ⁸³
1530 970 1579 1006 τὴν
1595 970 1726 1010 διαφορὰν
1739 974 1779 1000 103
1791 982 1838 1011 προ-

1073 1014 1155 1054 φήτου
1178 1015 1224 1044 καὶ
1238 1018 1282 1044 103
1297 1015 1536 1055 ψευδοπροᾳήτου,
1560 1015 1606 1044 καὶ
1623 1015 1686 1055 περὶ
1709 1017 1757 1045 τῶν
1779 1027 1837 1056 χαρι-

1071 1059 1180 1098 σμάτων
1195 1059 1220 1078 ⁸⁵
1236 1060 1317 1100 φησὶν
1330 1082 1338 1095 ,
1360 1059 1405 1089 ἵνα
1420 1059 1466 1088 καὶ
1482 1059 1541 1093 τοὺς
1558 1061 1583 1088 ἐν
1607 1060 1711 1093 τούτοις
1731 1060 1839 1089 διστοσιέ-

1071 1106 1161 1138 ζοντας
1183 1104 1372 1144 διορθώσηται.
1399 1103 1452 1134 Καὶ
1477 1106 1583 1144 πρῶτον
1611 1104 1748 1143 θεραπεύει
1765 1105 1801 1134 τὸν
1819 1104 1838 1133 τὸ

1070 1148 1177 1178 ἔλαττον
1197 1149 1321 1188 χάρισμα
1348 1148 1482 1185 λαϐόντα,
1504 1149 1551 1178 καὶ
1566 1148 1609 1178 διὰ
1625 1152 1704 1179 τοῦτο
1727 1150 1836 1188 ἀλγοῦντι.

1069 1192 1147 1226 Τίνος
1160 1193 1212 1233 γὰρ
1233 1193 1320 1223 ἕνεκεν
1336 1194 1436 1232 ἀλγεῖς,
1455 1192 1495 1222 ὅτι
1510 1194 1559 1223 οὒκ
1572 1193 1670 1227 ἔλαϐες
1685 1193 1742 1223 ὅσον
1760 1193 1836 1233 ἕτεροις

1076 1237 1122 1272 Μὴ
1139 1237 1190 1277 γὰρ
1216 1237 1308 1278 ὀφειλή
1337 1239 1424 1274 ἐστιν,
1453 1237 1523 1267 ἀλλὰ
1549 1238 1674 1278 χάρισμα
1701 1238 1743 1268 καὶ
1766 1238 1836 1277 δωρεά.

1073 1281 1158 1311 ⁶Ώστε
1183 1282 1351 1322 εὐχαρίστει,
1383 1281 1424 1312 ὅτι
1446 1282 1520 1312 οὐδέν
1537 1294 1578 1312 σοι
1603 1283 1716 1322 ὀφείλων
1740 1285 1751 1312 6
1774 1282 1836 1318 Θεὸς,

1073 1327 1141 1360 ὅλως
1152 1326 1177 1345 ⁸⁸
1193 1327 1292 1356 δέδωκέ
1306 1339 1331 1356 τι
1344 1339 1351 1345 ·
1378 1327 1449 1357 ἀλλὰ
1466 1327 1512 1357 καὶ
1527 1329 1542 1357 ὁ
1557 1327 1637 1360 αὖτός
1660 1329 1714 1357 ἐστι
1728 1327 1797 1365 δοτὴρ
1807 1327 1837 1355 aui

1075 1371 1115 1400 σοὶ
1130 1371 1244 1411 χᾶχείνῳ
1260 1373 1274 1400 ὃ
1288 1371 1366 1404 Θεός.
1393 1373 1434 1402 Οὖ
1451 1371 1503 1411 γὰρ
1523 1371 1566 1402 σοὶ
1585 1372 1636 1409 μὲν
1661 1372 1765 1411 ἅγγελος
1778 1371 1836 1400 δέδω-

1072 1427 1116 1445 κεν
1129 1440 1137 1454 ,
1155 1416 1247 1456 ἐκείνῳ
1266 1415 1294 1445 δὲ
1309 1416 1400 1450 ὁθεός
1413 1425 1421 1433 '
1443 1416 1513 1446 ἀλλὰ
1528 1416 1560 1446 τὸ
1574 1416 1640 1446 αὐτὸ
1656 1417 1762 1454 Πνεῦμα
1773 1417 1834 1455 ἀμοι-

1071 1472 1162 1500 τεροις.

1115 1517 1130 1534 ιι
1157 1505 1211 1536 Καὶ
1241 1506 1382 1546 διαιρέσεις
1415 1507 1553 1536 διακονιῶν
1589 1506 1672 1544 εἰσιν,
1697 1509 1712 1537 δ
1737 1506 1761 1536 δὲ
1783 1505 1835 1536 αὐτὸς

1070 1549 1178 1590 Κύριος.
1207 1564 1218 1576 υ
1238 1551 1382 1588 Μέμνηται
1404 1551 1450 1580 καὶ
1472 1553 1518 1580 τοῦ
1539 1551 1622 1587 Υἷοῦ,
1636 1553 1672 1585 ὣς
1693 1551 1834 1590 δοτῆροςτῦν

1070 1595 1186 1633 ἀγαθῶν.
1215 1595 1460 1634 Παραμυθοάμενος
1487 1595 1515 1624 δὲ
1543 1594 1625 1624 πλέον
1651 1596 1696 1625 τὸν
1717 1596 1834 1634 ἀλγοῦντι,

1074 1649 1088 1667 (ι
1102 1641 1249 1669 Διακονιῶν
1260 1661 1268 1675 ,
1285 1651 1301 1667 ι»
1316 1634 1398 1669 εἶπεν.
1419 1639 1453 1670 Ὁ
1466 1639 1513 1677 μὲν
1532 1639 1584 1678 γὰρ
1599 1640 1724 1680 χάρισμα
1737 1638 1834 1674 ἀκούσας,

1069 1683 1114 1713 καὶ
1131 1684 1240 1714 ἔλαττον
1259 1683 1368 1723 λαϐὼν,
1386 1683 1449 1717 ἴσως
1473 1684 1505 1713 ἂν
1532 1685 1673 1724 ἀλγήσειεν
1692 1687 1726 1719 ὥς
1748 1685 1835 1714 ἐλαι-ιω·
1856 1683 1858 1719 1

1068 1727 1120 1762 θεὶς
1135 1728 1195 1768 περὶ
1219 1728 1267 1764 τὴν
1284 1729 1384 1768 δωρεάν
1401 1740 1408 1747 ⁸
1425 1730 1439 1758 ὁ
1463 1729 1490 1758 δὲ
1514 1728 1668 1766 διακονίαν,
1685 1730 1732 1770 οὔχ

1068 1773 1148 1803 πόνου
1176 1772 1228 1812 γὰρ
1255 1773 1301 1802 καὶ
1324 1774 1435 1814 ἱδρῶτος
1459 1772 1617 1803 ἐνδεικτικὸν
1652 1778 1735 1804 τοῦτο.
1756 1772 1833 1810 Τίγὶρ

1068 1817 1171 1857 ἀλγεῖς,
1195 1819 1218 1847 εἶ
1232 1817 1320 1858 ἕτερον
1341 1817 1452 1848 πλείονα
1474 1820 1591 1854 πονῆσαι
1605 1816 1634 1843 ⁸7
1654 1819 1783 1853 ἐκέλευσε,
1801 1816 1833 1845 σοὶἶ

1066 1862 1223 1902 φεισάμενος
1232 1874 1240 1900 ;

1110 1961 1124 1980 α
1149 1950 1204 1981 Καὶ
1230 1951 1370 1991 διαιρέσεις
1393 1951 1580 1992 ἐνεργημάτων
1602 1952 1687 1988 εἰσὶν,
1703 1953 1717 1982 ὁ
1730 1950 1756 1981 δὲ
1774 1948 1830 1980 uiuit

1065 1994 1133 2028 Θεὸς
1147 1997 1161 2024 ὁ
1176 1995 1289 2035 ἐνεργῶν
1305 1996 1340 2025 τὰ
1362 1996 1451 2026 πάντα
1466 1997 1492 2026 ἐν
1514 2001 1608 2028 πᾶσιν.
1633 2008 1650 2027 α
1669 1996 1789 2028 Ἐνταῦθα
1801 1992 1832 2022 Hi

1065 2042 1110 2069 103
1136 2040 1241 2080 Πατρὸς
1259 2040 1396 2078 ἐμνήσθη,
1419 2041 1447 2074 ὃς
1469 2042 1570 2081 ἐνεργεῖ
1593 2041 1629 2071 τὰ
1653 2038 1831 2081 ἐνεργήματαίν

1067 2090 1134 2114 πᾶσι
1161 2088 1215 2117 τοῖς
1237 2089 1349 2119 πιστοῖς.
1376 2085 1430 2115 Καὶ
1454 2085 1510 2114 ἰδοὺ
1537 2097 1579 2115 σοι
1606 2087 1624 2122 ἡ
1648 2085 1730 2126 Τριὰς
1744 2086 1831 2122 ἀπηρτι-
1855 2085 1856 2114 ἓ

1067 2129 1164 2167 σμένη.
1192 2128 1322 2169 Χάρισμα
1354 2130 1399 2166 δὲ,
1425 2129 1470 2159 καὶ
1490 2130 1643 2170 ἐνέργημα,
1671 2130 1715 2160 χαὶ
1739 2126 1830 2159 διακονία

1066 2173 1151 2203 ταῦτά
1175 2174 1258 2209 εἰσιν,
1275 2175 1298 2203 εἶ
1322 2174 1368 2202 χαὶ
1393 2179 1447 2207 τοῖς
1470 2174 1583 2212 ὀνόμασι
1606 2175 1781 2215 διαφέρουσιν·
1798 2170 1829 2199 ἴσα

1066 2217 1118 2258 γὰρ
1143 2218 1177 2247 τὰ
1191 2218 1265 2256 παρὰ
1288 2221 1332 2248 τοῦ
1350 2218 1504 2257 Πνεῦματος
1529 2218 1574 2249 καὶ
1599 2214 1666 2249 Υίοῦ
1690 2219 1732 2248 καὶ
1751 2214 1829 2253 "vix

1067 2263 1201 2301 διδόμενα.
1228 2262 1304 2303 Ὅρα
1333 2263 1375 2299 δὲ,
1401 2265 1457 2296 πῶς
1479 2265 1528 2293 τοῦ
1553 2263 1709 2303 Πνεύματος
1738 2261 1829 2300 ἐμνήσθη

1065 2309 1186 2347 πρῶτον,
1213 2309 1366 2337 τελευταῖον
1389 2307 1417 2337 δὲ
1442 2309 1490 2337 103
1506 2307 1629 2347 Πατρὸς,
1656 2307 1699 2337 διὰ
1722 2305 1774 2339 τοὺς
1794 2302 1827 2337 τῆν

1064 2351 1138 2385 τάξιν
1151 2352 1414 2392 περιεργαζομένους.

1105 2407 1121 2425 ιι
1138 2396 1264 2437 Ἑκάστῳ
1276 2397 1304 2426 δὲ
1320 2396 1422 2426 δίδοται
1441 2399 1458 2432 ἡ
1474 2396 1620 2437 φανέρωσις
1638 2400 1684 2426 103
1697 2394 1825 2437 Πνιῦματος

1062 2441 1126 2480 πρὸς
1139 2441 1169 2470 τὸ
1188 2435 1329 2482 ωμῲέρον.
1343 2452 1359 2470 ι)
1380 2441 1441 2471 Ἵνα
1520 2435 1584 2481 λέγῃ
1604 2454 1642 2475 τις
1657 2453 1664 2460 ·
1688 2439 1723 2471 Τί
1735 2439 1788 2478 γὰρ,
1807 2435 1821 2482 fi

1060 2487 1074 2514 ὁ
1090 2485 1167 2519 αὐτὸς
1189 2486 1286 2525 Κύριος
1298 2508 1306 2522 ,
1328 2486 1374 2515 καὶ
1395 2485 1424 2515 τὸ
1447 2485 1513 2516 αὐτὸ
1530 2487 1641 2525 Πνεῦμα
1652 2507 1661 2523 ,
1682 2485 1724 2514 καὶ
1742 2479 1823 2512 ὀαῦτδς

1062 2530 1144 2566 Θεὸς,
1162 2529 1214 2569 ἐγὼ
1237 2530 1264 2559 δὲ
1280 2531 1389 2560 ἔλαττον
1405 2530 1518 2567 ἔλαϐονς
1535 2531 1616 2572 φησὶν
1626 2553 1634 2567 ,
1650 2530 1690 2560 ὅτι
1710 2526 1784 2560 Τοῦτό
1794 2534 1822 2572 6:“

1062 2574 1196 2616 συνέφερε.
1223 2574 1383 2615 Φανὲρωσιν
1398 2574 1426 2605 δὲ
1446 2577 1492 2605 103
1510 2570 1681 2614 Πνεύματος,
1696 2573 1726 2603 τὰ
1747 2570 1822 2616 σημιῖξ

1062 2615 1143 2658 λέγειν.
1171 2618 1223 2650 Διὰ
1244 2619 1345 2650 τούτων
1371 2619 1422 2660 γὰρ
1448 2619 1578 2650 ἐδείκνυτο
1604 2620 1635 2650 τὸ
1663 2620 1766 2655 Πνεῦμα
1788 2615 1824 2642 τθῖί

1065 2665 1247 2702 βαπτισθεῖσιν
1293 2666 1502 2706 ἰμφιλοχωροῦν.
1539 2663 1629 2695 "an;
1675 2662 1700 2692 τί
1737 2662 1823 2698 ἀλγεῐςῑ

909 2708 1002 2737 Varia:
1024 2708 1176 2739 lectiones.

247 2762 266 2779 ⁸1
280 2761 411 2797 προθύμως
425 2768 452 2788 ο.
526 2759 548 2776 ⁸⁵
576 2758 643 2784 ἀλλὰ
670 2758 724 2794 περὶ
737 2767 763 2787 o.

212 2802 234 2819 ³⁸
250 2801 286 2831 1'0.
305 2802 383 2837 ὅμως.
422 2800 445 2819 ³⁷
459 2802 560 2834 ποιῆσαι
575 2807 602 2827 0.

839 2758 861 2775 ⁸³
879 2758 1012 2794 μηδαμῶς,
1033 2757 1075 2784 καὶ
1099 2757 1209 2794 οὖδαμοῦ
1224 2766 1249 2786 ο.

1625 2758 1646 2775 sti
1670 2755 1787 2790 θαυμάτων
1803 2756 1821 2775 o.

1325 2758 1346 2775 ⁸⁸
1373 2758 1501 2790 ἄτιοόεῖεαι
1524 2767 1552 2788 o.

1856 1714 1858 1795 ἐ

1855 1910 1857 2008 l

1855 2034 1856 2100 ι
