  <div class='ocr_page' id='page_1' title='image "/cluster/home/n/w/nwhite01/storage/ocr_20150623/124/njp.32101010942728/484.png"; bbox 0 0 1867 3081; ppageno 0'>
   <div class='ocr_carea' id='block_1_1' title="bbox 31 157 76 184">
    <p class='ocr_par' dir='ltr' id='par_1_1' title="bbox 31 157 76 184">
     <span class='ocr_line' id='line_1_1' title="bbox 31 157 76 184; baseline 0.022 -1"><span class='ocrx_word' id='word_1_1' title='bbox 31 157 76 184; x_wconf 84' lang='grc'><strong>713</strong></span> 
     </span>
    </p>
   </div>
   <div class='ocr_carea' id='block_1_2' title="bbox 456 155 1232 184">
    <p class='ocr_par' dir='ltr' id='par_1_2' title="bbox 456 155 1232 184">
     <span class='ocr_line' id='line_1_2' title="bbox 456 155 1232 184; baseline 0 0"><span class='ocrx_word' id='word_1_2' title='bbox 456 155 632 184; x_wconf 85' lang='lat' dir='ltr'><strong>EXPOSITIO</strong></span> <span class='ocrx_word' id='word_1_3' title='bbox 652 156 685 184; x_wconf 89' lang='lat' dir='ltr'><strong>IN</strong></span> <span class='ocrx_word' id='word_1_4' title='bbox 704 155 810 183; x_wconf 82' lang='lat' dir='ltr'><strong>EPIST.</strong></span> <span class='ocrx_word' id='word_1_5' title='bbox 831 155 841 182; x_wconf 88' lang='grc' dir='ltr'><strong>Ι</strong></span> <span class='ocrx_word' id='word_1_6' title='bbox 860 156 906 182; x_wconf 81' lang='grc' dir='ltr'><strong>ΑΙ)</strong></span> <span class='ocrx_word' id='word_1_7' title='bbox 926 156 1006 184; x_wconf 77' lang='lat' dir='ltr'><strong>COR.</strong></span> <span class='ocrx_word' id='word_1_8' title='bbox 1024 170 1061 176; x_wconf 91' lang='lat'><strong>—-</strong></span> <span class='ocrx_word' id='word_1_9' title='bbox 1079 156 1154 184; x_wconf 82' lang='lat' dir='ltr'><strong>CAP.</strong></span> <span class='ocrx_word' id='word_1_10' title='bbox 1175 157 1232 184; x_wconf 81' lang='lat' dir='ltr'><strong>Xll.</strong></span> 
     </span>
    </p>
   </div>
   <div class='ocr_carea' id='block_1_3' title="bbox 1613 159 1664 186">
    <p class='ocr_par' dir='ltr' id='par_1_3' title="bbox 1613 159 1664 186">
     <span class='ocr_line' id='line_1_3' title="bbox 1613 159 1664 186; baseline 0.02 -1"><span class='ocrx_word' id='word_1_11' title='bbox 1613 159 1664 186; x_wconf 77' lang='lat' dir='ltr'><strong>7H</strong></span> 
     </span>
    </p>
   </div>
   <div class='ocr_carea' id='block_1_4' title="bbox 33 217 812 259">
    <p class='ocr_par' dir='ltr' id='par_1_4' title="bbox 33 218 809 259">
     <span class='ocr_line' id='line_1_4' title="bbox 33 218 809 259; baseline -0.001 -10"><span class='ocrx_word' id='word_1_12' title='bbox 33 218 120 250; x_wconf 71' lang='grc' dir='ltr'>Κάντι</span> <span class='ocrx_word' id='word_1_13' title='bbox 134 218 184 258; x_wconf 77' lang='grc' dir='ltr'><strong>γὰρ</strong></span> <span class='ocrx_word' id='word_1_14' title='bbox 207 220 296 257; x_wconf 74' lang='grc' dir='ltr'>μεῖζον</span> <span class='ocrx_word' id='word_1_15' title='bbox 320 218 384 258; x_wconf 76' lang='grc' dir='ltr'>ἔχῃς</span> <span class='ocrx_word' id='word_1_16' title='bbox 402 218 544 259; x_wconf 76' lang='grc' dir='ltr'><strong>χάρισμα,</strong></span> <span class='ocrx_word' id='word_1_17' title='bbox 562 218 612 248; x_wconf 75' lang='grc' dir='ltr'>κᾶν</span> <span class='ocrx_word' id='word_1_18' title='bbox 636 230 666 248; x_wconf 88' lang='grc' dir='ltr'><strong>τε</strong></span> <span class='ocrx_word' id='word_1_19' title='bbox 683 218 809 255; x_wconf 83' lang='grc' dir='ltr'>ἔλαττον,</span> 
     </span>
    </p>
   </div>
   <div class='ocr_carea' id='block_1_5' title="bbox 895 217 1664 259">
    <p class='ocr_par' dir='ltr' id='par_1_5' title="bbox 895 217 1664 254">
     <span class='ocr_line' id='line_1_5' title="bbox 895 217 1664 254; baseline 0.004 -8"><span class='ocrx_word' id='word_1_20' title='bbox 895 218 950 246; x_wconf 93' lang='lat' dir='ltr'><strong>itur</strong></span> <span class='ocrx_word' id='word_1_21' title='bbox 970 218 1068 247; x_wconf 76' lang='lat' dir='ltr'><strong>doles?</strong></span> <span class='ocrx_word' id='word_1_22' title='bbox 1082 218 1145 246; x_wconf 83' lang='lat' dir='ltr'><strong>Sive</strong></span> <span class='ocrx_word' id='word_1_23' title='bbox 1160 217 1235 246; x_wconf 88' lang='lat' dir='ltr'><strong>enim</strong></span> <span class='ocrx_word' id='word_1_24' title='bbox 1258 218 1356 254; x_wconf 84' lang='lat' dir='ltr'><strong>majus,</strong></span> <span class='ocrx_word' id='word_1_25' title='bbox 1384 219 1442 247; x_wconf 83' lang='lat' dir='ltr'><strong>sive</strong></span> <span class='ocrx_word' id='word_1_26' title='bbox 1463 219 1557 248; x_wconf 90' lang='lat' dir='ltr'><strong>minus</strong></span> <span class='ocrx_word' id='word_1_27' title='bbox 1580 219 1664 248; x_wconf 86' lang='lat' dir='ltr'><strong>habes</strong></span> 
     </span>
    </p>
   </div>
   <div class='ocr_carea' id='block_1_6' title="bbox 29 262 812 303">
    <p class='ocr_par' dir='ltr' id='par_1_6' title="bbox 29 262 812 303">
     <span class='ocr_line' id='line_1_6' title="bbox 29 262 812 303; baseline -0.001 -10"><span class='ocrx_word' id='word_1_28' title='bbox 29 264 146 294; x_wconf 77' lang='grc' dir='ltr'>δείκνυσιν</span> <span class='ocrx_word' id='word_1_29' title='bbox 156 263 194 301; x_wconf 80' lang='grc'><strong>⁸⁸,</strong></span> <span class='ocrx_word' id='word_1_30' title='bbox 210 262 252 292; x_wconf 71' lang='grc' dir='ltr'>ὅτι</span> <span class='ocrx_word' id='word_1_31' title='bbox 273 262 342 303; x_wconf 70' lang='grc' dir='ltr'>ἔχεις</span> <span class='ocrx_word' id='word_1_32' title='bbox 355 263 386 292; x_wconf 85' lang='grc' dir='ltr'><strong>τὸ</strong></span> <span class='ocrx_word' id='word_1_33' title='bbox 405 265 520 300; x_wconf 65' lang='grc' dir='ltr'>Πνεῦμα</span> <span class='ocrx_word' id='word_1_34' title='bbox 533 275 541 282; x_wconf 85' lang='grc'><strong>·</strong></span> <span class='ocrx_word' id='word_1_35' title='bbox 554 264 599 293; x_wconf 80' lang='grc' dir='ltr'><strong>χαὶ</strong></span> <span class='ocrx_word' id='word_1_36' title='bbox 612 263 638 293; x_wconf 85' lang='grc' dir='ltr'><strong>τί</strong></span> <span class='ocrx_word' id='word_1_37' title='bbox 661 275 702 293; x_wconf 88' lang='grc' dir='ltr'><strong>σοι</strong></span> <span class='ocrx_word' id='word_1_38' title='bbox 718 264 812 302; x_wconf 66' lang='grc' dir='ltr'>μέλας</span> 
     </span>
    </p>
   </div>
   <div class='ocr_carea' id='block_1_7' title="bbox 65 348 812 397">
    <p class='ocr_par' dir='ltr' id='par_1_7' title="bbox 65 348 812 397">
     <span class='ocr_line' id='line_1_7' title="bbox 65 348 812 397; baseline 0.001 -14"><span class='ocrx_word' id='word_1_39' title='bbox 65 348 127 397; x_wconf 70' lang='grc' dir='ltr'><strong>σ⁷ῼ</strong></span> <span class='ocrx_word' id='word_1_40' title='bbox 150 353 197 397; x_wconf 52' lang='grc' dir='ltr'>μὲν</span> <span class='ocrx_word' id='word_1_41' title='bbox 219 352 263 397; x_wconf 54' lang='lat'><strong>613:</strong></span> <span class='ocrx_word' id='word_1_42' title='bbox 287 355 334 383; x_wconf 80' lang='grc' dir='ltr'><strong>τοῦ</strong></span> <span class='ocrx_word' id='word_1_43' title='bbox 349 353 509 391; x_wconf 81' lang='grc' dir='ltr'>Πνεύματος</span> <span class='ocrx_word' id='word_1_44' title='bbox 535 352 636 383; x_wconf 78' lang='grc' dir='ltr'>δίδοται</span> <span class='ocrx_word' id='word_1_45' title='bbox 661 352 738 393; x_wconf 87' lang='grc' dir='ltr'>λόγος</span> <span class='ocrx_word' id='word_1_46' title='bbox 768 366 812 384; x_wconf 88' lang='grc' dir='ltr'>σο-</span> 
     </span>
    </p>
   </div>
   <div class='ocr_carea' id='block_1_8' title="bbox 27 393 812 438">
    <p class='ocr_par' dir='ltr' id='par_1_8' title="bbox 27 393 812 438">
     <span class='ocr_line' id='line_1_8' title="bbox 27 393 812 438; baseline 0.001 -11"><span class='ocrx_word' id='word_1_47' title='bbox 27 399 89 438; x_wconf 77' lang='grc' dir='ltr'>φίας,</span> <span class='ocrx_word' id='word_1_48' title='bbox 107 393 122 427; x_wconf 65' lang='lat'><strong>5</strong></span> <span class='ocrx_word' id='word_1_49' title='bbox 140 394 205 429; x_wconf 78' lang='grc' dir='ltr'>οἷον</span> <span class='ocrx_word' id='word_1_50' title='bbox 230 393 302 438; x_wconf 77' lang='grc' dir='ltr'>εἶχεν</span> <span class='ocrx_word' id='word_1_51' title='bbox 326 397 469 434; x_wconf 79' lang='grc' dir='ltr'>Ἰωάννης,</span> <span class='ocrx_word' id='word_1_52' title='bbox 495 400 509 428; x_wconf 88' lang='lat'><strong>6</strong></span> <span class='ocrx_word' id='word_1_53' title='bbox 525 399 573 434; x_wconf 81' lang='grc' dir='ltr'><strong>τῆς</strong></span> <span class='ocrx_word' id='word_1_54' title='bbox 597 400 710 437; x_wconf 76' lang='grc' dir='ltr'>βροντῆς</span> <span class='ocrx_word' id='word_1_55' title='bbox 734 399 788 432; x_wconf 76' lang='grc' dir='ltr'>υἱός</span> <span class='ocrx_word' id='word_1_56' title='bbox 805 411 812 418; x_wconf 87' lang='grc'><strong>·</strong></span> 
     </span>
    </p>
   </div>
   <div class='ocr_carea' id='block_1_9' title="bbox 28 439 807 481">
    <p class='ocr_par' dir='ltr' id='par_1_9' title="bbox 28 439 807 481">
     <span class='ocr_line' id='line_1_9' title="bbox 28 439 807 481; baseline -0.001 -9"><span class='ocrx_word' id='word_1_57' title='bbox 28 439 75 472; x_wconf 78' lang='grc' dir='ltr'>οἷον</span> <span class='ocrx_word' id='word_1_58' title='bbox 90 443 163 477; x_wconf 73' lang='grc' dir='ltr'>αὐτὸς</span> <span class='ocrx_word' id='word_1_59' title='bbox 187 443 201 471; x_wconf 91' lang='lat'><strong>6</strong></span> <span class='ocrx_word' id='word_1_60' title='bbox 227 443 346 476; x_wconf 78' lang='grc' dir='ltr'>Παῦλος.</span> <span class='ocrx_word' id='word_1_61' title='bbox 363 442 524 480; x_wconf 83' lang='grc' dir='ltr'>Σημείωσαι</span> <span class='ocrx_word' id='word_1_62' title='bbox 547 443 575 472; x_wconf 81' lang='grc' dir='ltr'>δὲ</span> <span class='ocrx_word' id='word_1_63' title='bbox 602 443 650 481; x_wconf 86' lang='grc' dir='ltr'><strong>τὸ,</strong></span> <span class='ocrx_word' id='word_1_64' title='bbox 670 454 684 471; x_wconf 86' lang='grc' dir='ltr'><strong>ιι</strong></span> <span class='ocrx_word' id='word_1_65' title='bbox 699 443 767 480; x_wconf 80' lang='grc' dir='ltr'>Διὰ,</span> <span class='ocrx_word' id='word_1_66' title='bbox 793 454 807 472; x_wconf 72' lang='grc' dir='ltr'>ι)</span> 
     </span>
    </p>
   </div>
   <div class='ocr_carea' id='block_1_10' title="bbox 29 487 309 525">
    <p class='ocr_par' dir='ltr' id='par_1_10' title="bbox 29 487 309 525">
     <span class='ocr_line' id='line_1_10' title="bbox 29 487 309 525; baseline 0 -9"><span class='ocrx_word' id='word_1_67' title='bbox 29 488 66 516; x_wconf 74' lang='grc' dir='ltr'>ἐπὶ</span> <span class='ocrx_word' id='word_1_68' title='bbox 79 489 121 517; x_wconf 79' lang='grc' dir='ltr'><strong>τοῦ</strong></span> <span class='ocrx_word' id='word_1_69' title='bbox 141 487 309 525; x_wconf 80' lang='grc' dir='ltr'>Πνεύματος.</span> 
     </span>
    </p>
   </div>
   <div class='ocr_carea' id='block_1_11' title="bbox 63 530 808 572">
    <p class='ocr_par' dir='ltr' id='par_1_11' title="bbox 63 530 808 572">
     <span class='ocr_line' id='line_1_11' title="bbox 63 530 808 572; baseline 0.005 -14"><span class='ocrx_word' id='word_1_70' title='bbox 63 546 74 558; x_wconf 86' lang='grc' dir='ltr'><strong>ι</strong></span> <span class='ocrx_word' id='word_1_71' title='bbox 86 530 171 572; x_wconf 76' lang='grc' dir='ltr'>Ἄλλῳ</span> <span class='ocrx_word' id='word_1_72' title='bbox 181 531 208 560; x_wconf 81' lang='grc' dir='ltr'>δὲ</span> <span class='ocrx_word' id='word_1_73' title='bbox 225 531 300 570; x_wconf 84' lang='grc' dir='ltr'><strong>λόγος</strong></span> <span class='ocrx_word' id='word_1_74' title='bbox 311 531 433 570; x_wconf 86' lang='grc' dir='ltr'>γνώσεως</span> <span class='ocrx_word' id='word_1_75' title='bbox 447 531 516 560; x_wconf 78' lang='grc' dir='ltr'>κατὰ</span> <span class='ocrx_word' id='word_1_76' title='bbox 533 532 561 561; x_wconf 77' lang='grc' dir='ltr'><strong>τὸ</strong></span> <span class='ocrx_word' id='word_1_77' title='bbox 578 532 644 562; x_wconf 77' lang='grc' dir='ltr'>αὐτὸ</span> <span class='ocrx_word' id='word_1_78' title='bbox 661 534 780 571; x_wconf 73' lang='grc' dir='ltr'>Πνεῦμα.</span> <span class='ocrx_word' id='word_1_79' title='bbox 794 544 808 562; x_wconf 82' lang='lat' dir='ltr'><strong>n</strong></span> 
     </span>
    </p>
   </div>
   <div class='ocr_carea' id='block_1_12' title="bbox 27 572 814 618">
    <p class='ocr_par' dir='ltr' id='par_1_12' title="bbox 27 572 814 618">
     <span class='ocr_line' id='line_1_12' title="bbox 27 572 814 618; baseline 0.001 -12"><span class='ocrx_word' id='word_1_80' title='bbox 27 572 96 611; x_wconf 78' lang='grc' dir='ltr'>Οἷον,</span> <span class='ocrx_word' id='word_1_81' title='bbox 111 572 182 617; x_wconf 76' lang='grc' dir='ltr'>εἶχον</span> <span class='ocrx_word' id='word_1_82' title='bbox 197 577 221 606; x_wconf 80' lang='grc' dir='ltr'>οἱ</span> <span class='ocrx_word' id='word_1_83' title='bbox 240 576 336 606; x_wconf 84' lang='grc' dir='ltr'>πολλοὶ</span> <span class='ocrx_word' id='word_1_84' title='bbox 351 577 403 605; x_wconf 78' lang='grc' dir='ltr'><strong>τῶν</strong></span> <span class='ocrx_word' id='word_1_85' title='bbox 417 578 534 613; x_wconf 79' lang='grc' dir='ltr'><strong>πιστῶν,</strong></span> <span class='ocrx_word' id='word_1_86' title='bbox 555 579 652 615; x_wconf 83' lang='grc' dir='ltr'>γνῶσιν</span> <span class='ocrx_word' id='word_1_87' title='bbox 673 577 721 615; x_wconf 80' lang='grc' dir='ltr'>μὲν</span> <span class='ocrx_word' id='word_1_88' title='bbox 736 578 814 618; x_wconf 79' lang='grc' dir='ltr'>ἔχον-</span> 
     </span>
    </p>
   </div>
   <div class='ocr_carea' id='block_1_13' title="bbox 28 620 812 663">
    <p class='ocr_par' dir='ltr' id='par_1_13' title="bbox 28 620 812 663">
     <span class='ocr_line' id='line_1_13' title="bbox 28 620 812 663; baseline 0.003 -13"><span class='ocrx_word' id='word_1_89' title='bbox 28 633 62 655; x_wconf 82' lang='grc' dir='ltr'><strong>τες</strong></span> <span class='ocrx_word' id='word_1_90' title='bbox 75 622 163 659; x_wconf 76' lang='grc' dir='ltr'>αὐτοὶ,</span> <span class='ocrx_word' id='word_1_91' title='bbox 184 621 280 655; x_wconf 77' lang='grc' dir='ltr'>ἄλλους</span> <span class='ocrx_word' id='word_1_92' title='bbox 297 620 325 650; x_wconf 80' lang='grc' dir='ltr'>δὲ</span> <span class='ocrx_word' id='word_1_93' title='bbox 348 621 452 656; x_wconf 78' lang='grc' dir='ltr'>διδάξαι</span> <span class='ocrx_word' id='word_1_94' title='bbox 477 621 516 663; x_wconf 36' lang='grc' dir='ltr'>μὶὴ</span> <span class='ocrx_word' id='word_1_95' title='bbox 541 621 684 661; x_wconf 76' lang='grc' dir='ltr'>ἰσχύοντες.</span> <span class='ocrx_word' id='word_1_96' title='bbox 709 621 744 652; x_wconf 87' lang='grc' dir='ltr'><strong>Ἦ</strong></span> <span class='ocrx_word' id='word_1_97' title='bbox 760 624 812 663; x_wconf 83' lang='grc' dir='ltr'><strong>γὰρ</strong></span> 
     </span>
    </p>
   </div>
   <div class='ocr_carea' id='block_1_14' title="bbox 28 660 813 706">
    <p class='ocr_par' dir='ltr' id='par_1_14' title="bbox 28 660 813 706">
     <span class='ocr_line' id='line_1_14' title="bbox 28 660 813 706; baseline 0.003 -12"><span class='ocrx_word' id='word_1_98' title='bbox 28 666 96 706; x_wconf 78' lang='grc' dir='ltr'>σοφία</span> <span class='ocrx_word' id='word_1_99' title='bbox 119 665 257 702; x_wconf 77' lang='grc' dir='ltr'><strong>διδάσκει,</strong></span> <span class='ocrx_word' id='word_1_100' title='bbox 281 665 378 706; x_wconf 83' lang='grc' dir='ltr'>σάφειά</span> <span class='ocrx_word' id='word_1_101' title='bbox 403 677 442 699; x_wconf 88' lang='grc' dir='ltr'><strong>τις</strong></span> <span class='ocrx_word' id='word_1_102' title='bbox 473 660 561 702; x_wconf 72' lang='grc' dir='ltr'>οὖσα,</span> <span class='ocrx_word' id='word_1_103' title='bbox 582 660 622 699; x_wconf 22' lang='grc' dir='ltr'><strong>νὼς</strong></span> <span class='ocrx_word' id='word_1_104' title='bbox 648 667 694 696; x_wconf 75' lang='grc' dir='ltr'><strong>καὶ</strong></span> <span class='ocrx_word' id='word_1_105' title='bbox 719 660 813 696; x_wconf 43' lang='lat' dir='ltr'><strong>dictum;</strong></span> 
     </span>
    </p>
   </div>
   <div class='ocr_carea' id='block_1_15' title="bbox 27 710 812 750">
    <p class='ocr_par' dir='ltr' id='par_1_15' title="bbox 27 710 812 750">
     <span class='ocr_line' id='line_1_15' title="bbox 27 710 812 750; baseline 0 -11"><span class='ocrx_word' id='word_1_106' title='bbox 27 713 102 750; x_wconf 74' lang='grc' dir='ltr'>φοῧσα</span> <span class='ocrx_word' id='word_1_107' title='bbox 121 710 154 740; x_wconf 76' lang='grc' dir='ltr'><strong>τὰ</strong></span> <span class='ocrx_word' id='word_1_108' title='bbox 177 711 294 750; x_wconf 78' lang='grc' dir='ltr'>κρυπτά.</span> <span class='ocrx_word' id='word_1_109' title='bbox 322 711 468 750; x_wconf 80' lang='grc' dir='ltr'>Πανταχοῧ</span> <span class='ocrx_word' id='word_1_110' title='bbox 492 710 520 740; x_wconf 69' lang='grc' dir='ltr'>δὶ</span> <span class='ocrx_word' id='word_1_111' title='bbox 546 713 592 740; x_wconf 74' lang='grc' dir='ltr'><strong>τοῦ</strong></span> <span class='ocrx_word' id='word_1_112' title='bbox 621 711 702 740; x_wconf 56' lang='lat' dir='ltr'><strong>adeo?)</strong></span> <span class='ocrx_word' id='word_1_113' title='bbox 729 712 812 742; x_wconf 68' lang='grc' dir='ltr'>Πνεόι</span> 
     </span>
    </p>
   </div>
   <div class='ocr_carea' id='block_1_16' title="bbox 28 754 811 795">
    <p class='ocr_par' dir='ltr' id='par_1_16' title="bbox 28 754 811 795">
     <span class='ocr_line' id='line_1_16' title="bbox 28 754 811 795; baseline 0.003 -11"><span class='ocrx_word' id='word_1_114' title='bbox 28 767 98 790; x_wconf 81' lang='grc' dir='ltr'>ματος</span> <span class='ocrx_word' id='word_1_115' title='bbox 124 755 278 793; x_wconf 77' lang='grc' dir='ltr'><strong>μέμνηται,</strong></span> <span class='ocrx_word' id='word_1_116' title='bbox 316 754 575 795; x_wconf 75' lang='grc' dir='ltr'>παραμυθούμενος,</span> <span class='ocrx_word' id='word_1_117' title='bbox 617 757 654 789; x_wconf 84' lang='grc' dir='ltr'>ὡς</span> <span class='ocrx_word' id='word_1_118' title='bbox 681 757 811 791; x_wconf 76' lang='grc' dir='ltr'><strong>πολλάκις</strong></span> 
     </span>
    </p>
   </div>
   <div class='ocr_carea' id='block_1_17' title="bbox 27 799 511 839">
    <p class='ocr_par' dir='ltr' id='par_1_17' title="bbox 27 799 511 839">
     <span class='ocr_line' id='line_1_17' title="bbox 27 799 511 839; baseline 0 -10"><span class='ocrx_word' id='word_1_119' title='bbox 27 800 120 839; x_wconf 77' lang='grc' dir='ltr'>εἴρηται</span> <span class='ocrx_word' id='word_1_120' title='bbox 129 823 137 837; x_wconf 79' lang='lat'><strong>,</strong></span> <span class='ocrx_word' id='word_1_121' title='bbox 153 799 199 829; x_wconf 73' lang='grc' dir='ltr'><strong>τὸν</strong></span> <span class='ocrx_word' id='word_1_122' title='bbox 213 799 243 829; x_wconf 79' lang='grc' dir='ltr'><strong>τὸ</strong></span> <span class='ocrx_word' id='word_1_123' title='bbox 256 799 366 829; x_wconf 77' lang='grc' dir='ltr'>ἔλαττον</span> <span class='ocrx_word' id='word_1_124' title='bbox 380 799 511 830; x_wconf 77' lang='grc' dir='ltr'>λαϐόντα.</span> 
     </span>
    </p>
   </div>
   <div class='ocr_carea' id='block_1_18' title="bbox 867 262 1662 300">
    <p class='ocr_par' dir='ltr' id='par_1_18' title="bbox 867 262 1662 300">
     <span class='ocr_line' id='line_1_18' title="bbox 867 262 1662 300; baseline 0.003 -9"><span class='ocrx_word' id='word_1_125' title='bbox 867 262 986 297; x_wconf 85' lang='lat' dir='ltr'><strong>donum,</strong></span> <span class='ocrx_word' id='word_1_126' title='bbox 1004 262 1124 291; x_wconf 86' lang='lat' dir='ltr'><strong>ostendit</strong></span> <span class='ocrx_word' id='word_1_127' title='bbox 1133 263 1269 298; x_wconf 82' lang='lat' dir='ltr'><strong>Spiritum</strong></span> <span class='ocrx_word' id='word_1_128' title='bbox 1291 262 1319 290; x_wconf 92' lang='lat' dir='ltr'><strong>in</strong></span> <span class='ocrx_word' id='word_1_129' title='bbox 1330 267 1358 291; x_wconf 90' lang='lat' dir='ltr'><strong>te</strong></span> <span class='ocrx_word' id='word_1_130' title='bbox 1371 271 1441 291; x_wconf 85' lang='lat' dir='ltr'><strong>esse.</strong></span> <span class='ocrx_word' id='word_1_131' title='bbox 1456 265 1492 292; x_wconf 85' lang='lat' dir='ltr'><strong>Et</strong></span> <span class='ocrx_word' id='word_1_132' title='bbox 1506 265 1574 300; x_wconf 93' lang='lat' dir='ltr'><strong>quid</strong></span> <span class='ocrx_word' id='word_1_133' title='bbox 1591 266 1662 293; x_wconf 88' lang='lat' dir='ltr'><strong>ultra</strong></span> 
     </span>
    </p>
   </div>
   <div class='ocr_carea' id='block_1_19' title="bbox 867 309 968 336">
    <p class='ocr_par' dir='ltr' id='par_1_19' title="bbox 867 309 968 336">
     <span class='ocr_line' id='line_1_19' title="bbox 867 309 968 336; baseline 0 0"><span class='ocrx_word' id='word_1_134' title='bbox 867 315 946 336; x_wconf 86' lang='lat' dir='ltr'><strong>cures</strong></span> <span class='ocrx_word' id='word_1_135' title='bbox 955 309 968 336; x_wconf 72' lang='grc' dir='ltr'><strong><em>Ρ</em></strong></span> 
     </span>
    </p>
   </div>
   <div class='ocr_carea' id='block_1_20' title="bbox 903 352 1664 388">
    <p class='ocr_par' dir='ltr' id='par_1_20' title="bbox 903 352 1664 388">
     <span class='ocr_line' id='line_1_20' title="bbox 903 352 1664 388; baseline 0.003 -8"><span class='ocrx_word' id='word_1_136' title='bbox 903 353 989 381; x_wconf 78' lang='lat' dir='ltr'><strong>Vsus.</strong></span> <span class='ocrx_word' id='word_1_137' title='bbox 1003 356 1031 380; x_wconf 88' lang='lat'><strong>8.</strong></span> <span class='ocrx_word' id='word_1_138' title='bbox 1044 365 1057 377; x_wconf 80' lang='grc' dir='ltr'><strong>ιι</strong></span> <span class='ocrx_word' id='word_1_139' title='bbox 1074 352 1129 380; x_wconf 76' lang='lat' dir='ltr'><strong>Alii</strong></span> <span class='ocrx_word' id='word_1_140' title='bbox 1143 352 1255 388; x_wconf 88' lang='lat' dir='ltr'><strong>quidem</strong></span> <span class='ocrx_word' id='word_1_141' title='bbox 1266 360 1313 388; x_wconf 89' lang='lat' dir='ltr'><strong>per</strong></span> <span class='ocrx_word' id='word_1_142' title='bbox 1323 353 1456 388; x_wconf 75' lang='lat' dir='ltr'><strong>Spiritum</strong></span> <span class='ocrx_word' id='word_1_143' title='bbox 1466 352 1550 381; x_wconf 90' lang='lat' dir='ltr'><strong>datur</strong></span> <span class='ocrx_word' id='word_1_144' title='bbox 1571 361 1664 382; x_wconf 82' lang='lat' dir='ltr'><strong>sermo</strong></span> 
     </span>
    </p>
   </div>
   <div class='ocr_carea' id='block_1_21' title="bbox 866 396 1663 433">
    <p class='ocr_par' dir='ltr' id='par_1_21' title="bbox 866 396 1663 433">
     <span class='ocr_line' id='line_1_21' title="bbox 866 396 1663 433; baseline 0.001 -8"><span class='ocrx_word' id='word_1_145' title='bbox 866 398 1018 433; x_wconf 74' lang='lat' dir='ltr'><strong>sapientiae.</strong></span> <span class='ocrx_word' id='word_1_146' title='bbox 1037 409 1049 422; x_wconf 83' lang='lat'><strong><em>-</em></strong></span> <span class='ocrx_word' id='word_1_147' title='bbox 1068 397 1183 432; x_wconf 82' lang='lat' dir='ltr'><strong>Qualem</strong></span> <span class='ocrx_word' id='word_1_148' title='bbox 1197 396 1316 424; x_wconf 84' lang='lat' dir='ltr'><strong>habebat</strong></span> <span class='ocrx_word' id='word_1_149' title='bbox 1325 399 1446 425; x_wconf 86' lang='lat' dir='ltr'><strong>Joannes</strong></span> <span class='ocrx_word' id='word_1_150' title='bbox 1460 398 1567 426; x_wconf 86' lang='lat' dir='ltr'><strong>tonitru</strong></span> <span class='ocrx_word' id='word_1_151' title='bbox 1581 398 1663 431; x_wconf 85' lang='lat' dir='ltr'><strong>filius,</strong></span> 
     </span>
    </p>
   </div>
   <div class='ocr_carea' id='block_1_22' title="bbox 867 442 1665 479">
    <p class='ocr_par' dir='ltr' id='par_1_22' title="bbox 867 442 1665 479">
     <span class='ocr_line' id='line_1_22' title="bbox 867 442 1665 479; baseline 0.001 -9"><span class='ocrx_word' id='word_1_152' title='bbox 867 442 975 478; x_wconf 88' lang='lat' dir='ltr'><strong>qualem</strong></span> <span class='ocrx_word' id='word_1_153' title='bbox 994 446 1021 470; x_wconf 87' lang='lat' dir='ltr'><strong>et</strong></span> <span class='ocrx_word' id='word_1_154' title='bbox 1035 442 1092 478; x_wconf 89' lang='lat' dir='ltr'><strong>ipse</strong></span> <span class='ocrx_word' id='word_1_155' title='bbox 1107 443 1217 470; x_wconf 80' lang='lat' dir='ltr'><strong>Paulus.</strong></span> <span class='ocrx_word' id='word_1_156' title='bbox 1233 442 1355 470; x_wconf 84' lang='lat' dir='ltr'><strong>Observa</strong></span> <span class='ocrx_word' id='word_1_157' title='bbox 1370 446 1465 470; x_wconf 90' lang='lat' dir='ltr'><strong>autem</strong></span> <span class='ocrx_word' id='word_1_158' title='bbox 1493 442 1665 479; x_wconf 69' lang='lat' dir='ltr'><strong>prepositio—</strong></span> 
     </span>
    </p>
   </div>
   <div class='ocr_carea' id='block_1_23' title="bbox 866 486 1413 523">
    <p class='ocr_par' dir='ltr' id='par_1_23' title="bbox 866 486 1413 523">
     <span class='ocr_line' id='line_1_23' title="bbox 866 486 1413 523; baseline 0 -9"><span class='ocrx_word' id='word_1_159' title='bbox 866 495 944 521; x_wconf 89' lang='lat' dir='ltr'><strong>nem,</strong></span> <span class='ocrx_word' id='word_1_160' title='bbox 959 499 972 511; x_wconf 80' lang='lat'><strong>-</strong></span> <span class='ocrx_word' id='word_1_161' title='bbox 987 488 1050 520; x_wconf 85' lang='lat' dir='ltr'><strong>Per.</strong></span> <span class='ocrx_word' id='word_1_162' title='bbox 1064 498 1076 511; x_wconf 73' lang='grc' dir='ltr'><strong>ι</strong></span> <span class='ocrx_word' id='word_1_163' title='bbox 1089 487 1204 523; x_wconf 81' lang='lat' dir='ltr'><strong>Spiritui</strong></span> <span class='ocrx_word' id='word_1_164' title='bbox 1218 486 1262 514; x_wconf 88' lang='lat' dir='ltr'><strong>hic</strong></span> <span class='ocrx_word' id='word_1_165' title='bbox 1272 487 1413 522; x_wconf 84' lang='lat' dir='ltr'><strong>applicari.</strong></span> 
     </span>
    </p>
   </div>
   <div class='ocr_carea' id='block_1_24' title="bbox 904 531 1663 565">
    <p class='ocr_par' dir='ltr' id='par_1_24' title="bbox 904 531 1663 565">
     <span class='ocr_line' id='line_1_24' title="bbox 904 531 1663 565; baseline 0.003 -7"><span class='ocrx_word' id='word_1_166' title='bbox 904 543 918 556; x_wconf 72' lang='grc' dir='ltr'><strong>α</strong></span> <span class='ocrx_word' id='word_1_167' title='bbox 936 531 990 559; x_wconf 72' lang='lat' dir='ltr'><strong>Alii</strong></span> <span class='ocrx_word' id='word_1_168' title='bbox 1009 535 1103 559; x_wconf 88' lang='lat' dir='ltr'><strong>autem</strong></span> <span class='ocrx_word' id='word_1_169' title='bbox 1117 539 1210 559; x_wconf 81' lang='lat' dir='ltr'><strong>sermo</strong></span> <span class='ocrx_word' id='word_1_170' title='bbox 1224 531 1356 565; x_wconf 79' lang='lat' dir='ltr'><strong>scientiae,</strong></span> <span class='ocrx_word' id='word_1_171' title='bbox 1367 532 1520 560; x_wconf 84' lang='lat' dir='ltr'><strong>secundum</strong></span> <span class='ocrx_word' id='word_1_172' title='bbox 1533 531 1663 561; x_wconf 86' lang='lat' dir='ltr'><strong>eumdem</strong></span> 
     </span>
    </p>
   </div>
   <div class='ocr_carea' id='block_1_25' title="bbox 866 575 1663 614">
    <p class='ocr_par' dir='ltr' id='par_1_25' title="bbox 866 575 1663 614">
     <span class='ocr_line' id='line_1_25' title="bbox 866 575 1663 614; baseline 0.001 -10"><span class='ocrx_word' id='word_1_173' title='bbox 866 575 1007 612; x_wconf 82' lang='lat' dir='ltr'><strong>Spiritum.</strong></span> <span class='ocrx_word' id='word_1_174' title='bbox 1022 587 1035 600; x_wconf 69' lang='grc' dir='ltr'><strong>ν</strong></span> <span class='ocrx_word' id='word_1_175' title='bbox 1049 575 1167 612; x_wconf 86' lang='lat' dir='ltr'><strong>Qualem</strong></span> <span class='ocrx_word' id='word_1_176' title='bbox 1187 575 1324 604; x_wconf 80' lang='lat' dir='ltr'><strong>habebant</strong></span> <span class='ocrx_word' id='word_1_177' title='bbox 1337 576 1458 613; x_wconf 87' lang='lat' dir='ltr'><strong>plerique</strong></span> <span class='ocrx_word' id='word_1_178' title='bbox 1472 576 1605 610; x_wconf 74' lang='lat' dir='ltr'><strong>fidelium,</strong></span> <span class='ocrx_word' id='word_1_179' title='bbox 1616 578 1663 614; x_wconf 89' lang='lat' dir='ltr'><strong>qui</strong></span> 
     </span>
    </p>
   </div>
   <div class='ocr_carea' id='block_1_26' title="bbox 866 620 1663 656">
    <p class='ocr_par' dir='ltr' id='par_1_26' title="bbox 866 620 1663 656">
     <span class='ocr_line' id='line_1_26' title="bbox 866 620 1663 656; baseline 0.003 -8"><span class='ocrx_word' id='word_1_180' title='bbox 866 620 917 656; x_wconf 85' lang='lat' dir='ltr'><strong>ipsi</strong></span> <span class='ocrx_word' id='word_1_181' title='bbox 937 620 1049 656; x_wconf 80' lang='lat' dir='ltr'><strong>quidem</strong></span> <span class='ocrx_word' id='word_1_182' title='bbox 1057 621 1203 648; x_wconf 83' lang='lat' dir='ltr'><strong>scientiam</strong></span> <span class='ocrx_word' id='word_1_183' title='bbox 1218 620 1361 656; x_wconf 87' lang='lat' dir='ltr'><strong>habentes,</strong></span> <span class='ocrx_word' id='word_1_184' title='bbox 1383 621 1451 649; x_wconf 88' lang='lat' dir='ltr'><strong>alios</strong></span> <span class='ocrx_word' id='word_1_185' title='bbox 1476 621 1577 650; x_wconf 86' lang='lat' dir='ltr'><strong>docere</strong></span> <span class='ocrx_word' id='word_1_186' title='bbox 1606 629 1663 650; x_wconf 90' lang='lat' dir='ltr'><strong>non</strong></span> 
     </span>
    </p>
   </div>
   <div class='ocr_carea' id='block_1_27' title="bbox 866 665 1664 702">
    <p class='ocr_par' dir='ltr' id='par_1_27' title="bbox 866 665 1664 702">
     <span class='ocr_line' id='line_1_27' title="bbox 866 665 1664 702; baseline 0.001 -9"><span class='ocrx_word' id='word_1_187' title='bbox 866 669 1002 702; x_wconf 81' lang='lat' dir='ltr'><strong>poterant.</strong></span> <span class='ocrx_word' id='word_1_188' title='bbox 1041 665 1178 701; x_wconf 87' lang='lat' dir='ltr'><strong>Sapientia</strong></span> <span class='ocrx_word' id='word_1_189' title='bbox 1216 673 1336 702; x_wconf 86' lang='lat' dir='ltr'><strong>namque</strong></span> <span class='ocrx_word' id='word_1_190' title='bbox 1365 665 1458 701; x_wconf 82' lang='lat' dir='ltr'><strong>docet,</strong></span> <span class='ocrx_word' id='word_1_191' title='bbox 1487 666 1664 702; x_wconf 85' lang='lat' dir='ltr'><strong>perspicuitas</strong></span> 
     </span>
    </p>
   </div>
   <div class='ocr_carea' id='block_1_28' title="bbox 865 709 1664 746">
    <p class='ocr_par' dir='ltr' id='par_1_28' title="bbox 865 709 1664 746">
     <span class='ocr_line' id='line_1_28' title="bbox 865 709 1664 746; baseline 0.003 -9"><span class='ocrx_word' id='word_1_192' title='bbox 865 710 993 746; x_wconf 67' lang='lat' dir='ltr'><strong>quaedam</strong></span> <span class='ocrx_word' id='word_1_193' title='bbox 1007 709 1133 744; x_wconf 82' lang='lat' dir='ltr'><strong>existens,</strong></span> <span class='ocrx_word' id='word_1_194' title='bbox 1151 717 1213 746; x_wconf 63' lang='lat' dir='ltr'><strong>quae</strong></span> <span class='ocrx_word' id='word_1_195' title='bbox 1227 709 1389 739; x_wconf 85' lang='lat' dir='ltr'><strong>abscondita</strong></span> <span class='ocrx_word' id='word_1_196' title='bbox 1401 709 1570 739; x_wconf 87' lang='lat' dir='ltr'><strong>manifestat.</strong></span> <span class='ocrx_word' id='word_1_197' title='bbox 1595 711 1664 740; x_wconf 89' lang='lat' dir='ltr'><strong>Ubi-</strong></span> 
     </span>
    </p>
   </div>
   <div class='ocr_carea' id='block_1_29' title="bbox 865 754 1665 791">
    <p class='ocr_par' dir='ltr' id='par_1_29' title="bbox 865 754 1665 791">
     <span class='ocr_line' id='line_1_29' title="bbox 865 754 1665 791; baseline 0.003 -9"><span class='ocrx_word' id='word_1_198' title='bbox 865 762 918 791; x_wconf 85' lang='lat' dir='ltr'><strong>que</strong></span> <span class='ocrx_word' id='word_1_199' title='bbox 945 759 1038 782; x_wconf 88' lang='lat' dir='ltr'><strong>autem</strong></span> <span class='ocrx_word' id='word_1_200' title='bbox 1061 754 1183 790; x_wconf 86' lang='lat' dir='ltr'><strong>ejusdem</strong></span> <span class='ocrx_word' id='word_1_201' title='bbox 1210 755 1330 791; x_wconf 83' lang='lat' dir='ltr'><strong>Spiritus</strong></span> <span class='ocrx_word' id='word_1_202' title='bbox 1355 755 1491 790; x_wconf 87' lang='lat' dir='ltr'><strong>meminit,</strong></span> <span class='ocrx_word' id='word_1_203' title='bbox 1516 755 1665 784; x_wconf 85' lang='lat' dir='ltr'><strong>consolans</strong></span> 
     </span>
    </p>
   </div>
   <div class='ocr_carea' id='block_1_30' title="bbox 865 799 1609 836">
    <p class='ocr_par' dir='ltr' id='par_1_30' title="bbox 865 799 1609 836">
     <span class='ocr_line' id='line_1_30' title="bbox 865 799 1609 836; baseline 0.001 -9"><span class='ocrx_word' id='word_1_204' title='bbox 865 801 916 834; x_wconf 92' lang='lat' dir='ltr'><strong>(ut</strong></span> <span class='ocrx_word' id='word_1_205' title='bbox 928 799 1028 836; x_wconf 68' lang='lat' dir='ltr'><strong>saepius</strong></span> <span class='ocrx_word' id='word_1_206' title='bbox 1047 799 1153 828; x_wconf 89' lang='lat' dir='ltr'><strong>dictum</strong></span> <span class='ocrx_word' id='word_1_207' title='bbox 1168 802 1177 832; x_wconf 94' lang='lat'>)</span> <span class='ocrx_word' id='word_1_208' title='bbox 1196 807 1272 833; x_wconf 89' lang='lat' dir='ltr'><strong>eum,</strong></span> <span class='ocrx_word' id='word_1_209' title='bbox 1288 799 1335 836; x_wconf 91' lang='lat' dir='ltr'><strong>qui</strong></span> <span class='ocrx_word' id='word_1_210' title='bbox 1350 800 1442 828; x_wconf 90' lang='lat' dir='ltr'><strong>minus</strong></span> <span class='ocrx_word' id='word_1_211' title='bbox 1455 805 1609 836; x_wconf 85' lang='lat' dir='ltr'><strong>acceperat.</strong></span> 
     </span>
    </p>
   </div>
   <div class='ocr_carea' id='block_1_31' title="bbox 63 843 812 885">
    <p class='ocr_par' dir='ltr' id='par_1_31' title="bbox 63 843 807 885">
     <span class='ocr_line' id='line_1_31' title="bbox 63 843 807 885; baseline 0.003 -12"><span class='ocrx_word' id='word_1_212' title='bbox 63 855 78 873; x_wconf 77' lang='grc' dir='ltr'>ι</span> <span class='ocrx_word' id='word_1_213' title='bbox 100 843 203 884; x_wconf 77' lang='grc' dir='ltr'>Έτέρῳ</span> <span class='ocrx_word' id='word_1_214' title='bbox 227 843 256 873; x_wconf 74' lang='grc' dir='ltr'>δὲ</span> <span class='ocrx_word' id='word_1_215' title='bbox 277 844 381 882; x_wconf 81' lang='grc' dir='ltr'>πίστις,</span> <span class='ocrx_word' id='word_1_216' title='bbox 407 845 434 873; x_wconf 73' lang='grc' dir='ltr'>ἐν</span> <span class='ocrx_word' id='word_1_217' title='bbox 458 846 498 884; x_wconf 82' lang='grc' dir='ltr'><strong>τῷ</strong></span> <span class='ocrx_word' id='word_1_218' title='bbox 524 845 595 885; x_wconf 81' lang='grc' dir='ltr'>αὐτῷ</span> <span class='ocrx_word' id='word_1_219' title='bbox 623 844 771 883; x_wconf 77' lang='grc' dir='ltr'>Πνεύματι.</span> <span class='ocrx_word' id='word_1_220' title='bbox 794 858 807 875; x_wconf 77' lang='lat'>»</span> 
     </span>
    </p>
   </div>
   <div class='ocr_carea' id='block_1_32' title="bbox 895 843 1662 885">
    <p class='ocr_par' dir='ltr' id='par_1_32' title="bbox 899 844 1662 881">
     <span class='ocr_line' id='line_1_32' title="bbox 899 844 1662 881; baseline 0.003 -10"><span class='ocrx_word' id='word_1_221' title='bbox 899 845 986 872; x_wconf 76' lang='lat' dir='ltr'><strong>Vsus.</strong></span> <span class='ocrx_word' id='word_1_222' title='bbox 999 846 1026 871; x_wconf 86' lang='lat'><strong>9.</strong></span> <span class='ocrx_word' id='word_1_223' title='bbox 1052 855 1065 868; x_wconf 82' lang='grc' dir='ltr'><strong>ι</strong></span> <span class='ocrx_word' id='word_1_224' title='bbox 1079 844 1134 872; x_wconf 79' lang='lat' dir='ltr'><strong>Alii</strong></span> <span class='ocrx_word' id='word_1_225' title='bbox 1149 847 1243 872; x_wconf 87' lang='lat' dir='ltr'><strong>autem</strong></span> <span class='ocrx_word' id='word_1_226' title='bbox 1259 844 1339 878; x_wconf 80' lang='lat' dir='ltr'><strong>ﬁdes,</strong></span> <span class='ocrx_word' id='word_1_227' title='bbox 1358 844 1385 872; x_wconf 93' lang='lat' dir='ltr'><strong>in</strong></span> <span class='ocrx_word' id='word_1_228' title='bbox 1399 844 1498 873; x_wconf 89' lang='lat' dir='ltr'><strong>eodem</strong></span> <span class='ocrx_word' id='word_1_229' title='bbox 1519 845 1634 881; x_wconf 87' lang='lat' dir='ltr'><strong>Spiritu.</strong></span> <span class='ocrx_word' id='word_1_230' title='bbox 1650 857 1662 869; x_wconf 76' lang='grc' dir='ltr'><strong>ιι</strong></span> 
     </span>
    </p>
   </div>
   <div class='ocr_carea' id='block_1_33' title="bbox 26 888 811 929">
    <p class='ocr_par' dir='ltr' id='par_1_33' title="bbox 26 888 811 929">
     <span class='ocr_line' id='line_1_33' title="bbox 26 888 811 929; baseline 0.005 -11"><span class='ocrx_word' id='word_1_231' title='bbox 26 890 80 929; x_wconf 82' lang='grc' dir='ltr'><strong>Οὐχ</strong></span> <span class='ocrx_word' id='word_1_232' title='bbox 93 891 109 925; x_wconf 85' lang='grc' dir='ltr'><strong>ἡ</strong></span> <span class='ocrx_word' id='word_1_233' title='bbox 124 892 177 919; x_wconf 82' lang='grc' dir='ltr'><strong>τῶν</strong></span> <span class='ocrx_word' id='word_1_234' title='bbox 191 889 344 928; x_wconf 76' lang='grc' dir='ltr'><strong>δογμάτων,</strong></span> <span class='ocrx_word' id='word_1_235' title='bbox 362 888 422 918; x_wconf 77' lang='grc' dir='ltr'>ἀλλ’</span> <span class='ocrx_word' id='word_1_236' title='bbox 436 891 454 925; x_wconf 84' lang='grc' dir='ltr'>ἡ</span> <span class='ocrx_word' id='word_1_237' title='bbox 476 890 528 919; x_wconf 83' lang='grc' dir='ltr'><strong>τῶν</strong></span> <span class='ocrx_word' id='word_1_238' title='bbox 543 890 671 928; x_wconf 81' lang='grc' dir='ltr'>σημείων,</span> <span class='ocrx_word' id='word_1_239' title='bbox 689 891 705 926; x_wconf 80' lang='grc' dir='ltr'>ἡ</span> <span class='ocrx_word' id='word_1_240' title='bbox 718 891 763 920; x_wconf 76' lang='grc' dir='ltr'>καὶ</span> <span class='ocrx_word' id='word_1_241' title='bbox 779 893 811 922; x_wconf 85' lang='grc' dir='ltr'><strong>τὰ</strong></span> 
     </span>
    </p>
   </div>
   <div class='ocr_carea' id='block_1_34' title="bbox 26 933 244 973">
    <p class='ocr_par' dir='ltr' id='par_1_34' title="bbox 26 933 244 973">
     <span class='ocr_line' id='line_1_34' title="bbox 26 933 244 973; baseline 0.005 -11"><span class='ocrx_word' id='word_1_242' title='bbox 26 933 67 973; x_wconf 80' lang='grc' dir='ltr'><strong>ὄρη</strong></span> <span class='ocrx_word' id='word_1_243' title='bbox 82 935 244 971; x_wconf 81' lang='grc' dir='ltr'>μεθιστῶσα.</span> 
     </span>
    </p>
   </div>
   <div class='ocr_carea' id='block_1_35' title="bbox 60 977 813 1020">
    <p class='ocr_par' dir='ltr' id='par_1_35' title="bbox 60 977 813 1020">
     <span class='ocr_line' id='line_1_35' title="bbox 60 977 813 1020; baseline 0.007 -14"><span class='ocrx_word' id='word_1_244' title='bbox 60 978 164 1019; x_wconf 73' lang='grc' dir='ltr'>«Ἄλλῳ</span> <span class='ocrx_word' id='word_1_245' title='bbox 178 977 209 1008; x_wconf 79' lang='grc' dir='ltr'>δὲ</span> <span class='ocrx_word' id='word_1_246' title='bbox 218 978 376 1018; x_wconf 77' lang='grc' dir='ltr'>χαρίσματα</span> <span class='ocrx_word' id='word_1_247' title='bbox 391 977 524 1017; x_wconf 75' lang='grc' dir='ltr'>ἰαμάτων,</span> <span class='ocrx_word' id='word_1_248' title='bbox 540 979 568 1008; x_wconf 75' lang='grc' dir='ltr'>ιν</span> <span class='ocrx_word' id='word_1_249' title='bbox 581 980 620 1019; x_wconf 89' lang='grc' dir='ltr'><strong>τῷ</strong></span> <span class='ocrx_word' id='word_1_250' title='bbox 635 979 708 1020; x_wconf 82' lang='grc' dir='ltr'><strong>αὖτῷ</strong></span> <span class='ocrx_word' id='word_1_251' title='bbox 726 981 813 1011; x_wconf 79' lang='grc' dir='ltr'>Πνεύ-</span> 
     </span>
    </p>
   </div>
   <div class='ocr_carea' id='block_1_36' title="bbox 26 1023 812 1065">
    <p class='ocr_par' dir='ltr' id='par_1_36' title="bbox 26 1023 812 1065">
     <span class='ocr_line' id='line_1_36' title="bbox 26 1023 812 1065; baseline 0.005 -14"><span class='ocrx_word' id='word_1_252' title='bbox 26 1035 93 1060; x_wconf 83' lang='grc' dir='ltr'>ματι.</span> <span class='ocrx_word' id='word_1_253' title='bbox 108 1037 119 1049; x_wconf 81' lang='grc' dir='ltr'>ι</span> <span class='ocrx_word' id='word_1_254' title='bbox 132 1023 173 1053; x_wconf 74' lang='grc' dir='ltr'><strong>Τὸ</strong></span> <span class='ocrx_word' id='word_1_255' title='bbox 189 1023 344 1063; x_wconf 76' lang='grc' dir='ltr'>θεραπεύειν</span> <span class='ocrx_word' id='word_1_256' title='bbox 369 1027 460 1054; x_wconf 73' lang='grc' dir='ltr'>πᾶσαν</span> <span class='ocrx_word' id='word_1_257' title='bbox 482 1023 559 1053; x_wconf 86' lang='grc' dir='ltr'>νόσον</span> <span class='ocrx_word' id='word_1_258' title='bbox 576 1023 623 1053; x_wconf 75' lang='grc' dir='ltr'>καὶ</span> <span class='ocrx_word' id='word_1_259' title='bbox 645 1028 736 1054; x_wconf 72' lang='grc' dir='ltr'>πᾶσαν</span> <span class='ocrx_word' id='word_1_260' title='bbox 760 1038 812 1065; x_wconf 79' lang='grc' dir='ltr'>μα·</span> 
     </span>
    </p>
   </div>
   <div class='ocr_carea' id='block_1_37' title="bbox 25 1067 121 1100">
    <p class='ocr_par' dir='ltr' id='par_1_37' title="bbox 25 1067 121 1100">
     <span class='ocr_line' id='line_1_37' title="bbox 25 1067 121 1100; baseline 0.042 -4"><span class='ocrx_word' id='word_1_261' title='bbox 25 1067 121 1100; x_wconf 74' lang='grc' dir='ltr'>λαχίαν.</span> 
     </span>
    </p>
   </div>
   <div class='ocr_carea' id='block_1_38' title="bbox 65 1109 812 1154">
    <p class='ocr_par' dir='ltr' id='par_1_38' title="bbox 65 1109 812 1154">
     <span class='ocr_line' id='line_1_38' title="bbox 65 1109 812 1154; baseline -0.001 -12"><span class='ocrx_word' id='word_1_262' title='bbox 65 1112 177 1154; x_wconf 76' lang='grc' dir='ltr'>αἊλλῳ</span> <span class='ocrx_word' id='word_1_263' title='bbox 201 1113 229 1144; x_wconf 64' lang='grc' dir='ltr'>δὲ</span> <span class='ocrx_word' id='word_1_264' title='bbox 251 1112 421 1152; x_wconf 71' lang='grc' dir='ltr'>ἐνεργήματα</span> <span class='ocrx_word' id='word_1_265' title='bbox 446 1113 594 1151; x_wconf 79' lang='grc' dir='ltr'>δυνάμεων.</span> <span class='ocrx_word' id='word_1_266' title='bbox 617 1123 632 1142; x_wconf 77' lang='lat' dir='ltr'><strong>s</strong></span> <span class='ocrx_word' id='word_1_267' title='bbox 657 1109 744 1147; x_wconf 75' lang='grc' dir='ltr'>Οὗτος</span> <span class='ocrx_word' id='word_1_268' title='bbox 767 1113 812 1142; x_wconf 75' lang='grc' dir='ltr'><strong>καὶ</strong></span> 
     </span>
    </p>
   </div>
   <div class='ocr_carea' id='block_1_39' title="bbox 25 1157 813 1198">
    <p class='ocr_par' dir='ltr' id='par_1_39' title="bbox 25 1157 813 1198">
     <span class='ocr_line' id='line_1_39' title="bbox 25 1157 813 1198; baseline -0.001 -11"><span class='ocrx_word' id='word_1_269' title='bbox 25 1161 189 1198; x_wconf 82' lang='grc' dir='ltr'>τιμωρεῖσθαι</span> <span class='ocrx_word' id='word_1_270' title='bbox 215 1157 332 1194; x_wconf 79' lang='grc' dir='ltr'>ἠδύνατο</span> <span class='ocrx_word' id='word_1_271' title='bbox 357 1157 418 1192; x_wconf 82' lang='grc' dir='ltr'>τοὺς</span> <span class='ocrx_word' id='word_1_272' title='bbox 445 1159 577 1194; x_wconf 77' lang='grc' dir='ltr'><strong>ἀπειθεῖς,</strong></span> <span class='ocrx_word' id='word_1_273' title='bbox 607 1160 642 1192; x_wconf 82' lang='grc' dir='ltr'><strong>ὡς</strong></span> <span class='ocrx_word' id='word_1_274' title='bbox 668 1161 682 1188; x_wconf 88' lang='lat'><strong>6</strong></span> <span class='ocrx_word' id='word_1_275' title='bbox 708 1158 813 1190; x_wconf 71' lang='grc' dir='ltr'>Παῦλος</span> 
     </span>
    </p>
   </div>
   <div class='ocr_carea' id='block_1_40' title="bbox 26 1202 810 1243">
    <p class='ocr_par' dir='ltr' id='par_1_40' title="bbox 26 1202 810 1243">
     <span class='ocr_line' id='line_1_40' title="bbox 26 1202 810 1243; baseline -0.001 -12"><span class='ocrx_word' id='word_1_276' title='bbox 26 1202 136 1242; x_wconf 76' lang='grc' dir='ltr'>ἐπήρωσε</span> <span class='ocrx_word' id='word_1_277' title='bbox 155 1203 201 1233; x_wconf 81' lang='grc' dir='ltr'><strong>τὸν</strong></span> <span class='ocrx_word' id='word_1_278' title='bbox 224 1202 346 1241; x_wconf 79' lang='grc' dir='ltr'>Ἐλύμαν</span> <span class='ocrx_word' id='word_1_279' title='bbox 358 1225 367 1239; x_wconf 88' lang='lat'><strong>,</strong></span> <span class='ocrx_word' id='word_1_280' title='bbox 383 1203 429 1232; x_wconf 78' lang='grc' dir='ltr'>καὶ</span> <span class='ocrx_word' id='word_1_281' title='bbox 450 1204 464 1232; x_wconf 97' lang='lat'><strong>6</strong></span> <span class='ocrx_word' id='word_1_282' title='bbox 481 1203 583 1243; x_wconf 84' lang='grc' dir='ltr'>Πέτρος</span> <span class='ocrx_word' id='word_1_283' title='bbox 597 1202 719 1233; x_wconf 79' lang='grc' dir='ltr'>Ἀνανίαν</span> <span class='ocrx_word' id='word_1_284' title='bbox 739 1203 810 1231; x_wconf 74' lang='grc' dir='ltr'>ἀνεῖ-</span> 
     </span>
    </p>
   </div>
   <div class='ocr_carea' id='block_1_41' title="bbox 26 1246 811 1301">
    <p class='ocr_par' dir='ltr' id='par_1_41' title="bbox 26 1246 811 1301">
     <span class='ocr_line' id='line_1_41' title="bbox 26 1246 811 1301; baseline 0 -25"><span class='ocrx_word' id='word_1_285' title='bbox 26 1248 64 1301; x_wconf 51' lang='grc' dir='ltr'>λεν</span> <span class='ocrx_word' id='word_1_286' title='bbox 84 1259 90 1266; x_wconf 86' lang='grc'>·</span> <span class='ocrx_word' id='word_1_287' title='bbox 102 1247 164 1288; x_wconf 67' lang='grc' dir='ltr'>ὅπερ</span> <span class='ocrx_word' id='word_1_288' title='bbox 189 1249 206 1277; x_wconf 84' lang='lat'><strong>6</strong></span> <span class='ocrx_word' id='word_1_289' title='bbox 219 1247 252 1276; x_wconf 79' lang='grc' dir='ltr'><strong>τὰ</strong></span> <span class='ocrx_word' id='word_1_290' title='bbox 274 1247 431 1287; x_wconf 71' lang='grc' dir='ltr'>χαρίσματα</span> <span class='ocrx_word' id='word_1_291' title='bbox 447 1249 500 1277; x_wconf 77' lang='grc' dir='ltr'><strong>τῶν</strong></span> <span class='ocrx_word' id='word_1_292' title='bbox 515 1247 639 1286; x_wconf 81' lang='grc' dir='ltr'>ἰαμάτων</span> <span class='ocrx_word' id='word_1_293' title='bbox 654 1246 748 1276; x_wconf 82' lang='grc' dir='ltr'>λαϐὼν</span> <span class='ocrx_word' id='word_1_294' title='bbox 765 1247 811 1276; x_wconf 76' lang='grc' dir='ltr'><strong>οὐκ</strong></span> 
     </span>
    </p>
   </div>
   <div class='ocr_carea' id='block_1_42' title="bbox 26 1303 98 1323">
    <p class='ocr_par' dir='ltr' id='par_1_42' title="bbox 26 1303 98 1323">
     <span class='ocr_line' id='line_1_42' title="bbox 26 1303 98 1323; baseline 0.042 -3"><span class='ocrx_word' id='word_1_295' title='bbox 26 1303 60 1323; x_wconf 75' lang='grc' dir='ltr'><strong>ειν</strong></span> <span class='ocrx_word' id='word_1_296' title='bbox 64 1304 98 1323; x_wconf 86' lang='grc' dir='ltr'><strong>εν.</strong></span> 
     </span>
    </p>
   </div>
   <div class='ocr_carea' id='block_1_43' title="bbox 46 1303 812 1379">
    <p class='ocr_par' dir='ltr' id='par_1_43' title="bbox 46 1303 812 1379">
     <span class='ocr_line' id='line_1_43' title="bbox 46 1303 812 1379; baseline 0.001 -14"><span class='ocrx_word' id='word_1_297' title='bbox 46 1303 179 1379; x_wconf 40' lang='grc' dir='ltr'><strong>χῗιξΑλλῳ</strong></span> <span class='ocrx_word' id='word_1_298' title='bbox 195 1337 224 1367; x_wconf 79' lang='grc' dir='ltr'>δὲ</span> <span class='ocrx_word' id='word_1_299' title='bbox 244 1337 410 1378; x_wconf 79' lang='grc' dir='ltr'>προφητεία,</span> <span class='ocrx_word' id='word_1_300' title='bbox 425 1337 500 1377; x_wconf 79' lang='grc' dir='ltr'>ἄλλῳ</span> <span class='ocrx_word' id='word_1_301' title='bbox 516 1336 544 1366; x_wconf 67' lang='grc' dir='ltr'>δὶ</span> <span class='ocrx_word' id='word_1_302' title='bbox 566 1337 710 1378; x_wconf 71' lang='grc' dir='ltr'>διακρίσεις</span> <span class='ocrx_word' id='word_1_303' title='bbox 725 1349 812 1366; x_wconf 77' lang='grc' dir='ltr'>πνευ-</span> 
     </span>
    </p>
   </div>
   <div class='ocr_carea' id='block_1_44' title="bbox 26 1380 811 1422">
    <p class='ocr_par' dir='ltr' id='par_1_44' title="bbox 26 1380 811 1422">
     <span class='ocr_line' id='line_1_44' title="bbox 26 1380 811 1422; baseline 0 -12"><span class='ocrx_word' id='word_1_304' title='bbox 26 1380 118 1419; x_wconf 76' lang='grc' dir='ltr'>μάτων.</span> <span class='ocrx_word' id='word_1_305' title='bbox 135 1393 151 1412; x_wconf 69' lang='grc' dir='ltr'><strong><em>ι</em></strong></span> <span class='ocrx_word' id='word_1_306' title='bbox 170 1382 303 1413; x_wconf 80' lang='grc' dir='ltr'>Τουτέστι</span> <span class='ocrx_word' id='word_1_307' title='bbox 315 1404 324 1418; x_wconf 92' lang='grc'><strong>,</strong></span> <span class='ocrx_word' id='word_1_308' title='bbox 342 1382 373 1412; x_wconf 80' lang='grc' dir='ltr'>τὸ</span> <span class='ocrx_word' id='word_1_309' title='bbox 397 1382 495 1412; x_wconf 79' lang='grc' dir='ltr'>εἰδέναι</span> <span class='ocrx_word' id='word_1_310' title='bbox 507 1405 516 1421; x_wconf 95' lang='grc'><strong>,</strong></span> <span class='ocrx_word' id='word_1_311' title='bbox 532 1381 572 1416; x_wconf 86' lang='grc' dir='ltr'><strong>τίς</strong></span> <span class='ocrx_word' id='word_1_312' title='bbox 589 1384 603 1411; x_wconf 83' lang='lat'><strong>6</strong></span> <span class='ocrx_word' id='word_1_313' title='bbox 617 1382 811 1422; x_wconf 78' lang='grc' dir='ltr'>πνευματικὸς,</span> 
     </span>
    </p>
   </div>
   <div class='ocr_carea' id='block_1_45' title="bbox 26 1426 810 1468">
    <p class='ocr_par' dir='ltr' id='par_1_45' title="bbox 26 1426 810 1468">
     <span class='ocr_line' id='line_1_45' title="bbox 26 1426 810 1468; baseline 0.001 -14"><span class='ocrx_word' id='word_1_314' title='bbox 26 1426 66 1455; x_wconf 76' lang='grc' dir='ltr'><strong>καὶ</strong></span> <span class='ocrx_word' id='word_1_315' title='bbox 78 1427 115 1461; x_wconf 84' lang='grc' dir='ltr'><strong>τίς</strong></span> <span class='ocrx_word' id='word_1_316' title='bbox 127 1429 141 1456; x_wconf 87' lang='lat'><strong>6</strong></span> <span class='ocrx_word' id='word_1_317' title='bbox 161 1427 201 1467; x_wconf 84' lang='grc' dir='ltr'>μὴ</span> <span class='ocrx_word' id='word_1_318' title='bbox 222 1426 401 1466; x_wconf 78' lang='grc' dir='ltr'>πνευματικός</span> <span class='ocrx_word' id='word_1_319' title='bbox 414 1437 421 1444; x_wconf 89' lang='grc'>·</span> <span class='ocrx_word' id='word_1_320' title='bbox 447 1427 486 1461; x_wconf 87' lang='grc' dir='ltr'><strong>τίς</strong></span> <span class='ocrx_word' id='word_1_321' title='bbox 508 1428 522 1456; x_wconf 86' lang='lat'><strong>6</strong></span> <span class='ocrx_word' id='word_1_322' title='bbox 538 1426 689 1468; x_wconf 78' lang='grc' dir='ltr'>προφήτης,</span> <span class='ocrx_word' id='word_1_323' title='bbox 704 1426 750 1456; x_wconf 74' lang='grc' dir='ltr'><strong>καὶ</strong></span> <span class='ocrx_word' id='word_1_324' title='bbox 773 1426 810 1458; x_wconf 85' lang='grc' dir='ltr'><strong>τίς</strong></span> 
     </span>
    </p>
   </div>
   <div class='ocr_carea' id='block_1_46' title="bbox 26 1471 172 1502">
    <p class='ocr_par' dir='ltr' id='par_1_46' title="bbox 26 1471 172 1502">
     <span class='ocr_line' id='line_1_46' title="bbox 26 1471 172 1502; baseline 0.027 -4"><span class='ocrx_word' id='word_1_325' title='bbox 26 1471 38 1498; x_wconf 94' lang='lat'><strong>6</strong></span> <span class='ocrx_word' id='word_1_326' title='bbox 48 1471 172 1502; x_wconf 77' lang='grc' dir='ltr'>ἄπατεών.</span> 
     </span>
    </p>
   </div>
   <div class='ocr_carea' id='block_1_47' title="bbox 865 888 1661 926">
    <p class='ocr_par' dir='ltr' id='par_1_47' title="bbox 865 888 1661 926">
     <span class='ocr_line' id='line_1_47' title="bbox 865 888 1661 926; baseline 0.003 -10"><span class='ocrx_word' id='word_1_327' title='bbox 865 890 928 916; x_wconf 89' lang='lat' dir='ltr'><strong>Non</strong></span> <span class='ocrx_word' id='word_1_328' title='bbox 954 888 1022 916; x_wconf 81' lang='lat' dir='ltr'><strong>ﬁdes</strong></span> <span class='ocrx_word' id='word_1_329' title='bbox 1040 888 1212 924; x_wconf 83' lang='lat' dir='ltr'><strong>dogmatum,</strong></span> <span class='ocrx_word' id='word_1_330' title='bbox 1236 888 1285 917; x_wconf 87' lang='lat' dir='ltr'><strong>sed</strong></span> <span class='ocrx_word' id='word_1_331' title='bbox 1306 889 1514 924; x_wconf 87' lang='lat' dir='ltr'><strong>miraculorum,</strong></span> <span class='ocrx_word' id='word_1_332' title='bbox 1535 897 1598 926; x_wconf 71' lang='lat' dir='ltr'><strong>quae</strong></span> <span class='ocrx_word' id='word_1_333' title='bbox 1619 891 1661 918; x_wconf 85' lang='lat' dir='ltr'><strong>vel</strong></span> 
     </span>
    </p>
   </div>
   <div class='ocr_carea' id='block_1_48' title="bbox 867 933 1143 961">
    <p class='ocr_par' dir='ltr' id='par_1_48' title="bbox 867 933 1143 961">
     <span class='ocr_line' id='line_1_48' title="bbox 867 933 1143 961; baseline 0 0"><span class='ocrx_word' id='word_1_334' title='bbox 867 937 975 961; x_wconf 90' lang='lat' dir='ltr'><strong>montes</strong></span> <span class='ocrx_word' id='word_1_335' title='bbox 986 933 1143 961; x_wconf 77' lang='lat' dir='ltr'><strong>transfert&quot;.</strong></span> 
     </span>
    </p>
   </div>
   <div class='ocr_carea' id='block_1_49' title="bbox 904 977 1664 1015">
    <p class='ocr_par' dir='ltr' id='par_1_49' title="bbox 904 977 1664 1015">
     <span class='ocr_line' id='line_1_49' title="bbox 904 977 1664 1015; baseline 0.003 -10"><span class='ocrx_word' id='word_1_336' title='bbox 904 989 916 1002; x_wconf 72' lang='grc' dir='ltr'><strong>ε</strong></span> <span class='ocrx_word' id='word_1_337' title='bbox 931 977 984 1006; x_wconf 77' lang='lat' dir='ltr'><strong>Alii</strong></span> <span class='ocrx_word' id='word_1_338' title='bbox 1008 982 1100 1006; x_wconf 89' lang='lat' dir='ltr'><strong>autem</strong></span> <span class='ocrx_word' id='word_1_339' title='bbox 1125 977 1200 1006; x_wconf 88' lang='lat' dir='ltr'><strong>dona</strong></span> <span class='ocrx_word' id='word_1_340' title='bbox 1221 978 1416 1012; x_wconf 85' lang='lat' dir='ltr'><strong>sanationum,</strong></span> <span class='ocrx_word' id='word_1_341' title='bbox 1437 979 1466 1006; x_wconf 91' lang='lat' dir='ltr'><strong>in</strong></span> <span class='ocrx_word' id='word_1_342' title='bbox 1490 978 1588 1007; x_wconf 83' lang='lat' dir='ltr'><strong>eodem</strong></span> <span class='ocrx_word' id='word_1_343' title='bbox 1605 979 1664 1015; x_wconf 88' lang='lat' dir='ltr'><strong>Spi-</strong></span> 
     </span>
    </p>
   </div>
   <div class='ocr_carea' id='block_1_50' title="bbox 864 1022 1660 1060">
    <p class='ocr_par' dir='ltr' id='par_1_50' title="bbox 864 1022 1660 1060">
     <span class='ocr_line' id='line_1_50' title="bbox 864 1022 1660 1060; baseline 0 -9"><span class='ocrx_word' id='word_1_344' title='bbox 864 1023 931 1052; x_wconf 89' lang='lat' dir='ltr'><strong>ritu.</strong></span> <span class='ocrx_word' id='word_1_345' title='bbox 945 1034 959 1047; x_wconf 74' lang='grc' dir='ltr'><strong>ι</strong></span> <span class='ocrx_word' id='word_1_346' title='bbox 970 1024 1010 1051; x_wconf 89' lang='lat' dir='ltr'><strong>Ut</strong></span> <span class='ocrx_word' id='word_1_347' title='bbox 1020 1026 1099 1051; x_wconf 89' lang='lat' dir='ltr'><strong>curet</strong></span> <span class='ocrx_word' id='word_1_348' title='bbox 1112 1030 1228 1051; x_wconf 87' lang='lat' dir='ltr'><strong>omnem</strong></span> <span class='ocrx_word' id='word_1_349' title='bbox 1238 1022 1433 1059; x_wconf 67' lang='lat' dir='ltr'><strong>aegritudinem</strong></span> <span class='ocrx_word' id='word_1_350' title='bbox 1447 1027 1475 1051; x_wconf 88' lang='lat' dir='ltr'><strong>et</strong></span> <span class='ocrx_word' id='word_1_351' title='bbox 1489 1023 1660 1060; x_wconf 73' lang='lat' dir='ltr'><strong>languorem.</strong></span> 
     </span>
    </p>
   </div>
   <div class='ocr_carea' id='block_1_51' title="bbox 903 1114 1662 1151">
    <p class='ocr_par' dir='ltr' id='par_1_51' title="bbox 903 1114 1662 1151">
     <span class='ocr_line' id='line_1_51' title="bbox 903 1114 1662 1151; baseline 0.003 -10"><span class='ocrx_word' id='word_1_352' title='bbox 903 1114 994 1143; x_wconf 72' lang='lat' dir='ltr'><strong>Vnus.</strong></span> <span class='ocrx_word' id='word_1_353' title='bbox 1021 1116 1064 1142; x_wconf 83' lang='lat'><strong>10.</strong></span> <span class='ocrx_word' id='word_1_354' title='bbox 1083 1125 1096 1139; x_wconf 76' lang='grc' dir='ltr'><strong>ι</strong></span> <span class='ocrx_word' id='word_1_355' title='bbox 1113 1114 1166 1142; x_wconf 77' lang='lat' dir='ltr'><strong>Alii</strong></span> <span class='ocrx_word' id='word_1_356' title='bbox 1190 1118 1285 1143; x_wconf 84' lang='lat' dir='ltr'><strong>autem</strong></span> <span class='ocrx_word' id='word_1_357' title='bbox 1298 1115 1473 1151; x_wconf 86' lang='lat' dir='ltr'><strong>operationes</strong></span> <span class='ocrx_word' id='word_1_358' title='bbox 1487 1115 1633 1143; x_wconf 88' lang='lat' dir='ltr'><strong>virtutum.</strong></span> <span class='ocrx_word' id='word_1_359' title='bbox 1650 1127 1662 1139; x_wconf 85' lang='lat'><strong><em>-</em></strong></span> 
     </span>
    </p>
   </div>
   <div class='ocr_carea' id='block_1_52' title="bbox 867 1158 1665 1196">
    <p class='ocr_par' dir='ltr' id='par_1_52' title="bbox 867 1158 1665 1196">
     <span class='ocr_line' id='line_1_52' title="bbox 867 1158 1665 1196; baseline 0.003 -10"><span class='ocrx_word' id='word_1_360' title='bbox 867 1159 920 1186; x_wconf 80' lang='lat' dir='ltr'><strong>Iste</strong></span> <span class='ocrx_word' id='word_1_361' title='bbox 942 1158 1132 1187; x_wconf 86' lang='lat' dir='ltr'><strong>inobedientes</strong></span> <span class='ocrx_word' id='word_1_362' title='bbox 1157 1159 1242 1195; x_wconf 73' lang='lat' dir='ltr'><strong>etiam</strong></span> <span class='ocrx_word' id='word_1_363' title='bbox 1269 1160 1366 1196; x_wconf 87' lang='lat' dir='ltr'><strong>punire</strong></span> <span class='ocrx_word' id='word_1_364' title='bbox 1383 1159 1497 1196; x_wconf 66' lang='lat' dir='ltr'><strong>lpotuit,</strong></span> <span class='ocrx_word' id='word_1_365' title='bbox 1512 1164 1543 1188; x_wconf 85' lang='lat' dir='ltr'><strong>ut</strong></span> <span class='ocrx_word' id='word_1_366' title='bbox 1564 1160 1665 1188; x_wconf 83' lang='lat' dir='ltr'><strong>Paulus</strong></span> 
     </span>
    </p>
   </div>
   <div class='ocr_carea' id='block_1_53' title="bbox 865 1203 1666 1240">
    <p class='ocr_par' dir='ltr' id='par_1_53' title="bbox 865 1203 1666 1240">
     <span class='ocr_line' id='line_1_53' title="bbox 865 1203 1666 1240; baseline 0.004 -9"><span class='ocrx_word' id='word_1_367' title='bbox 865 1203 1009 1232; x_wconf 63' lang='lat' dir='ltr'><strong>excmcavit</strong></span> <span class='ocrx_word' id='word_1_368' title='bbox 1023 1205 1162 1240; x_wconf 83' lang='lat' dir='ltr'><strong>Elymam,</strong></span> <span class='ocrx_word' id='word_1_369' title='bbox 1177 1208 1205 1232; x_wconf 87' lang='lat' dir='ltr'><strong>et</strong></span> <span class='ocrx_word' id='word_1_370' title='bbox 1219 1206 1315 1233; x_wconf 88' lang='lat' dir='ltr'><strong>Petrus</strong></span> <span class='ocrx_word' id='word_1_371' title='bbox 1331 1205 1468 1234; x_wconf 80' lang='lat' dir='ltr'><strong>Ananiam</strong></span> <span class='ocrx_word' id='word_1_372' title='bbox 1483 1205 1595 1234; x_wconf 85' lang='lat' dir='ltr'><strong>sustulit</strong></span> <span class='ocrx_word' id='word_1_373' title='bbox 1613 1214 1620 1234; x_wconf 90' lang='lat'><strong>:</strong></span> <span class='ocrx_word' id='word_1_374' title='bbox 1637 1205 1666 1234; x_wconf 89' lang='lat' dir='ltr'><strong>id</strong></span> 
     </span>
    </p>
   </div>
   <div class='ocr_carea' id='block_1_54' title="bbox 866 1248 1626 1286">
    <p class='ocr_par' dir='ltr' id='par_1_54' title="bbox 866 1248 1626 1286">
     <span class='ocr_line' id='line_1_54' title="bbox 866 1248 1626 1286; baseline 0.003 -10"><span class='ocrx_word' id='word_1_375' title='bbox 866 1248 941 1284; x_wconf 89' lang='lat' dir='ltr'><strong>quod</strong></span> <span class='ocrx_word' id='word_1_376' title='bbox 963 1257 1021 1277; x_wconf 92' lang='lat' dir='ltr'><strong>non</strong></span> <span class='ocrx_word' id='word_1_377' title='bbox 1039 1250 1213 1278; x_wconf 86' lang='lat' dir='ltr'><strong>sanationum</strong></span> <span class='ocrx_word' id='word_1_378' title='bbox 1240 1249 1378 1286; x_wconf 83' lang='lat' dir='ltr'><strong>accipiens</strong></span> <span class='ocrx_word' id='word_1_379' title='bbox 1399 1250 1471 1279; x_wconf 89' lang='lat' dir='ltr'><strong>dona</strong></span> <span class='ocrx_word' id='word_1_380' title='bbox 1497 1249 1626 1279; x_wconf 87' lang='lat' dir='ltr'><strong>habebat.</strong></span> 
     </span>
    </p>
   </div>
   <div class='ocr_carea' id='block_1_55' title="bbox 903 1338 1664 1374">
    <p class='ocr_par' dir='ltr' id='par_1_55' title="bbox 903 1338 1664 1374">
     <span class='ocr_line' id='line_1_55' title="bbox 903 1338 1664 1374; baseline 0.005 -9"><span class='ocrx_word' id='word_1_381' title='bbox 903 1348 915 1361; x_wconf 83' lang='lat'><strong><em>-</em></strong></span> <span class='ocrx_word' id='word_1_382' title='bbox 932 1338 985 1365; x_wconf 76' lang='lat' dir='ltr'><strong>Alii</strong></span> <span class='ocrx_word' id='word_1_383' title='bbox 1013 1342 1107 1366; x_wconf 88' lang='lat' dir='ltr'><strong>autem</strong></span> <span class='ocrx_word' id='word_1_384' title='bbox 1132 1338 1284 1374; x_wconf 84' lang='lat' dir='ltr'><strong>prophetia,</strong></span> <span class='ocrx_word' id='word_1_385' title='bbox 1306 1338 1351 1367; x_wconf 89' lang='lat' dir='ltr'><strong>alii</strong></span> <span class='ocrx_word' id='word_1_386' title='bbox 1379 1347 1444 1368; x_wconf 88' lang='lat' dir='ltr'><strong>vero</strong></span> <span class='ocrx_word' id='word_1_387' title='bbox 1483 1339 1664 1369; x_wconf 86' lang='lat' dir='ltr'><strong>discretiones</strong></span> 
     </span>
    </p>
   </div>
   <div class='ocr_carea' id='block_1_56' title="bbox 865 1381 1665 1421">
    <p class='ocr_par' dir='ltr' id='par_1_56' title="bbox 865 1381 1665 1421">
     <span class='ocr_line' id='line_1_56' title="bbox 865 1381 1665 1421; baseline 0.005 -12"><span class='ocrx_word' id='word_1_388' title='bbox 865 1381 1023 1418; x_wconf 88' lang='lat' dir='ltr'><strong>spirituum.</strong></span> <span class='ocrx_word' id='word_1_389' title='bbox 1040 1394 1053 1407; x_wconf 78' lang='grc' dir='ltr'><strong>ι</strong></span> <span class='ocrx_word' id='word_1_390' title='bbox 1066 1384 1127 1411; x_wconf 79' lang='lat' dir='ltr'><strong>Hoc</strong></span> <span class='ocrx_word' id='word_1_391' title='bbox 1141 1387 1193 1417; x_wconf 87' lang='lat' dir='ltr'><strong>est,</strong></span> <span class='ocrx_word' id='word_1_392' title='bbox 1209 1388 1240 1411; x_wconf 93' lang='lat' dir='ltr'><strong>ut</strong></span> <span class='ocrx_word' id='word_1_393' title='bbox 1254 1384 1334 1416; x_wconf 81' lang='lat' dir='ltr'><strong>sciat.</strong></span> <span class='ocrx_word' id='word_1_394' title='bbox 1354 1384 1481 1420; x_wconf 85' lang='lat' dir='ltr'><strong>quisnam</strong></span> <span class='ocrx_word' id='word_1_395' title='bbox 1505 1384 1665 1421; x_wconf 88' lang='lat' dir='ltr'><strong>spiritualis,</strong></span> 
     </span>
    </p>
   </div>
   <div class='ocr_carea' id='block_1_57' title="bbox 866 1427 1665 1466">
    <p class='ocr_par' dir='ltr' id='par_1_57' title="bbox 866 1427 1665 1466">
     <span class='ocr_line' id='line_1_57' title="bbox 866 1427 1665 1466; baseline 0.005 -12"><span class='ocrx_word' id='word_1_396' title='bbox 866 1431 894 1454; x_wconf 91' lang='lat' dir='ltr'><strong>et</strong></span> <span class='ocrx_word' id='word_1_397' title='bbox 906 1427 968 1462; x_wconf 91' lang='lat' dir='ltr'><strong>quis</strong></span> <span class='ocrx_word' id='word_1_398' title='bbox 986 1435 1042 1456; x_wconf 83' lang='lat' dir='ltr'><strong>non</strong></span> <span class='ocrx_word' id='word_1_399' title='bbox 1055 1427 1219 1463; x_wconf 78' lang='lat' dir='ltr'><strong>spiritualis;</strong></span> <span class='ocrx_word' id='word_1_400' title='bbox 1233 1429 1296 1465; x_wconf 86' lang='lat' dir='ltr'><strong>quis</strong></span> <span class='ocrx_word' id='word_1_401' title='bbox 1311 1428 1466 1465; x_wconf 87' lang='lat' dir='ltr'><strong>propheta,</strong></span> <span class='ocrx_word' id='word_1_402' title='bbox 1485 1433 1513 1458; x_wconf 85' lang='lat' dir='ltr'><strong>et</strong></span> <span class='ocrx_word' id='word_1_403' title='bbox 1533 1429 1596 1466; x_wconf 89' lang='lat' dir='ltr'><strong>quis</strong></span> <span class='ocrx_word' id='word_1_404' title='bbox 1608 1430 1665 1458; x_wconf 92' lang='lat' dir='ltr'><strong>im-</strong></span> 
     </span>
    </p>
   </div>
   <div class='ocr_carea' id='block_1_58' title="bbox 871 1476 974 1507">
    <p class='ocr_par' dir='ltr' id='par_1_58' title="bbox 871 1476 974 1507">
     <span class='ocr_line' id='line_1_58' title="bbox 871 1476 974 1507; baseline 0.01 -9"><span class='ocrx_word' id='word_1_405' title='bbox 871 1476 974 1507; x_wconf 84' lang='lat' dir='ltr'><strong>poslnr.</strong></span> 
     </span>
    </p>
   </div>
   <div class='ocr_carea' id='block_1_59' title="bbox 64 1514 812 1557">
    <p class='ocr_par' dir='ltr' id='par_1_59' title="bbox 64 1514 812 1557">
     <span class='ocr_line' id='line_1_59' title="bbox 64 1514 812 1557; baseline -0.001 -11"><span class='ocrx_word' id='word_1_406' title='bbox 64 1526 77 1545; x_wconf 82' lang='grc' dir='ltr'><strong>α</strong></span> <span class='ocrx_word' id='word_1_407' title='bbox 98 1514 184 1557; x_wconf 66' lang='grc' dir='ltr'><strong>1Ἀλλῳ</strong></span> <span class='ocrx_word' id='word_1_408' title='bbox 209 1516 237 1546; x_wconf 74' lang='grc' dir='ltr'>δὲ</span> <span class='ocrx_word' id='word_1_409' title='bbox 254 1516 328 1556; x_wconf 76' lang='grc' dir='ltr'>’γένη</span> <span class='ocrx_word' id='word_1_410' title='bbox 349 1517 478 1554; x_wconf 73' lang='grc' dir='ltr'>γλωσσῶν</span> <span class='ocrx_word' id='word_1_411' title='bbox 495 1526 502 1534; x_wconf 86' lang='grc'><strong>·</strong></span> <span class='ocrx_word' id='word_1_412' title='bbox 527 1517 600 1557; x_wconf 78' lang='grc' dir='ltr'>ἄλλῳ</span> <span class='ocrx_word' id='word_1_413' title='bbox 628 1516 656 1545; x_wconf 79' lang='grc' dir='ltr'>δὲ</span> <span class='ocrx_word' id='word_1_414' title='bbox 686 1517 812 1556; x_wconf 78' lang='grc' dir='ltr'>ἑρμηνεία</span> 
     </span>
    </p>
   </div>
   <div class='ocr_carea' id='block_1_60' title="bbox 895 1514 1663 1557">
    <p class='ocr_par' dir='ltr' id='par_1_60' title="bbox 908 1516 1663 1554">
     <span class='ocr_line' id='line_1_60' title="bbox 908 1516 1663 1554; baseline 0.007 -12"><span class='ocrx_word' id='word_1_415' title='bbox 908 1527 921 1542; x_wconf 80' lang='grc' dir='ltr'><strong>ιι</strong></span> <span class='ocrx_word' id='word_1_416' title='bbox 938 1516 988 1544; x_wconf 76' lang='lat' dir='ltr'><strong>Alii</strong></span> <span class='ocrx_word' id='word_1_417' title='bbox 1005 1520 1097 1545; x_wconf 78' lang='lat' dir='ltr'><strong>autem</strong></span> <span class='ocrx_word' id='word_1_418' title='bbox 1119 1525 1221 1554; x_wconf 83' lang='lat' dir='ltr'><strong>genera</strong></span> <span class='ocrx_word' id='word_1_419' title='bbox 1234 1518 1404 1554; x_wconf 74' lang='lat' dir='ltr'><strong>linguarum,</strong></span> <span class='ocrx_word' id='word_1_420' title='bbox 1425 1519 1472 1546; x_wconf 88' lang='lat' dir='ltr'><strong>alii</strong></span> <span class='ocrx_word' id='word_1_421' title='bbox 1488 1527 1552 1547; x_wconf 89' lang='lat' dir='ltr'><strong>vero</strong></span> <span class='ocrx_word' id='word_1_422' title='bbox 1579 1519 1663 1548; x_wconf 87' lang='lat' dir='ltr'><strong>inter-</strong></span> 
     </span>
    </p>
   </div>
   <div class='ocr_carea' id='block_1_61' title="bbox 25 1560 813 1602">
    <p class='ocr_par' dir='ltr' id='par_1_61' title="bbox 25 1560 813 1602">
     <span class='ocr_line' id='line_1_61' title="bbox 25 1560 813 1602; baseline 0.003 -14"><span class='ocrx_word' id='word_1_423' title='bbox 25 1560 153 1598; x_wconf 80' lang='grc' dir='ltr'>γλωσσῶν.</span> <span class='ocrx_word' id='word_1_424' title='bbox 169 1575 182 1588; x_wconf 79' lang='grc' dir='ltr'><strong>ι</strong></span> <span class='ocrx_word' id='word_1_425' title='bbox 214 1561 289 1592; x_wconf 84' lang='grc' dir='ltr'>Πολὺ</span> <span class='ocrx_word' id='word_1_426' title='bbox 317 1561 349 1602; x_wconf 74' lang='grc' dir='ltr'>τὸ</span> <span class='ocrx_word' id='word_1_427' title='bbox 367 1562 419 1590; x_wconf 85' lang='grc' dir='ltr'><strong>τῶν</strong></span> <span class='ocrx_word' id='word_1_428' title='bbox 443 1561 572 1600; x_wconf 77' lang='grc' dir='ltr'>γλωσσῶν</span> <span class='ocrx_word' id='word_1_429' title='bbox 596 1561 717 1601; x_wconf 80' lang='grc' dir='ltr'>χάρισμα</span> <span class='ocrx_word' id='word_1_430' title='bbox 740 1561 813 1602; x_wconf 75' lang='grc' dir='ltr'>παρὰ</span> 
     </span>
    </p>
   </div>
   <div class='ocr_carea' id='block_1_62' title="bbox 28 1601 813 1646">
    <p class='ocr_par' dir='ltr' id='par_1_62' title="bbox 28 1601 813 1646">
     <span class='ocr_line' id='line_1_62' title="bbox 28 1601 813 1646; baseline 0.003 -12"><span class='ocrx_word' id='word_1_431' title='bbox 28 1605 161 1644; x_wconf 80' lang='grc' dir='ltr'>Κορινθίοις</span> <span class='ocrx_word' id='word_1_432' title='bbox 185 1602 240 1642; x_wconf 74' lang='grc' dir='ltr'><strong>ἦν,</strong></span> <span class='ocrx_word' id='word_1_433' title='bbox 257 1606 297 1646; x_wconf 77' lang='grc' dir='ltr'><strong>ἐφ’</strong></span> <span class='ocrx_word' id='word_1_434' title='bbox 320 1601 343 1646; x_wconf 79' lang='grc' dir='ltr'>ᾧ</span> <span class='ocrx_word' id='word_1_435' title='bbox 369 1606 416 1635; x_wconf 71' lang='grc' dir='ltr'><strong>καὶ</strong></span> <span class='ocrx_word' id='word_1_436' title='bbox 439 1607 541 1644; x_wconf 85' lang='grc' dir='ltr'>μᾶλλον</span> <span class='ocrx_word' id='word_1_437' title='bbox 565 1606 755 1643; x_wconf 80' lang='grc' dir='ltr'>ἐθρασύνοντο,</span> <span class='ocrx_word' id='word_1_438' title='bbox 780 1609 813 1640; x_wconf 81' lang='grc' dir='ltr'>ὡς</span> 
     </span>
    </p>
   </div>
   <div class='ocr_carea' id='block_1_63' title="bbox 26 1650 810 1690">
    <p class='ocr_par' dir='ltr' id='par_1_63' title="bbox 26 1650 810 1690">
     <span class='ocr_line' id='line_1_63' title="bbox 26 1650 810 1690; baseline 0.003 -11"><span class='ocrx_word' id='word_1_439' title='bbox 26 1650 115 1679; x_wconf 77' lang='grc' dir='ltr'>δοθέντι</span> <span class='ocrx_word' id='word_1_440' title='bbox 136 1651 237 1690; x_wconf 84' lang='grc' dir='ltr'>πρώτῳ</span> <span class='ocrx_word' id='word_1_441' title='bbox 265 1655 318 1684; x_wconf 82' lang='grc' dir='ltr'>τοῖς</span> <span class='ocrx_word' id='word_1_442' title='bbox 335 1651 508 1687; x_wconf 79' lang='grc' dir='ltr'>ἀποστόλοις,</span> <span class='ocrx_word' id='word_1_443' title='bbox 525 1650 571 1680; x_wconf 78' lang='grc' dir='ltr'><strong>καὶ</strong></span> <span class='ocrx_word' id='word_1_444' title='bbox 595 1651 639 1680; x_wconf 83' lang='grc' dir='ltr'><strong>διὰ</strong></span> <span class='ocrx_word' id='word_1_445' title='bbox 662 1653 740 1681; x_wconf 73' lang='grc' dir='ltr'>τοῦτο</span> <span class='ocrx_word' id='word_1_446' title='bbox 766 1651 810 1681; x_wconf 78' lang='grc' dir='ltr'>δο-</span> 
     </span>
    </p>
   </div>
   <div class='ocr_carea' id='block_1_64' title="bbox 25 1694 813 1736">
    <p class='ocr_par' dir='ltr' id='par_1_64' title="bbox 25 1694 813 1736">
     <span class='ocr_line' id='line_1_64' title="bbox 25 1694 813 1736; baseline 0.005 -14"><span class='ocrx_word' id='word_1_447' title='bbox 25 1697 104 1725; x_wconf 71' lang='grc' dir='ltr'>κοῦντι</span> <span class='ocrx_word' id='word_1_448' title='bbox 120 1696 220 1735; x_wconf 82' lang='grc' dir='ltr'>μείζονι</span> <span class='ocrx_word' id='word_1_449' title='bbox 235 1697 287 1725; x_wconf 75' lang='grc' dir='ltr'><strong>τῶν</strong></span> <span class='ocrx_word' id='word_1_450' title='bbox 309 1695 411 1726; x_wconf 79' lang='grc' dir='ltr'>ἄλλων.</span> <span class='ocrx_word' id='word_1_451' title='bbox 427 1695 467 1725; x_wconf 80' lang='grc' dir='ltr'>Τὸ</span> <span class='ocrx_word' id='word_1_452' title='bbox 487 1696 509 1724; x_wconf 82' lang='grc' dir='ltr'>δ’</span> <span class='ocrx_word' id='word_1_453' title='bbox 525 1696 576 1736; x_wconf 79' lang='grc' dir='ltr'><strong>οὐχ</strong></span> <span class='ocrx_word' id='word_1_454' title='bbox 593 1694 676 1729; x_wconf 76' lang='grc' dir='ltr'>οὕτως</span> <span class='ocrx_word' id='word_1_455' title='bbox 691 1695 758 1735; x_wconf 79' lang='grc' dir='ltr'>ἔχει.</span> <span class='ocrx_word' id='word_1_456' title='bbox 772 1697 798 1726; x_wconf 88' lang='grc' dir='ltr'><strong>Τ</strong></span> <span class='ocrx_word' id='word_1_457' title='bbox 799 1698 813 1726; x_wconf 83' lang='grc' dir='ltr'>ὸ</span> 
     </span>
    </p>
   </div>
   <div class='ocr_carea' id='block_1_65' title="bbox 25 1738 812 1780">
    <p class='ocr_par' dir='ltr' id='par_1_65' title="bbox 25 1738 812 1780">
     <span class='ocr_line' id='line_1_65' title="bbox 25 1738 812 1780; baseline 0.003 -13"><span class='ocrx_word' id='word_1_458' title='bbox 25 1738 72 1778; x_wconf 84' lang='grc' dir='ltr'><strong>γὰρ</strong></span> <span class='ocrx_word' id='word_1_459' title='bbox 93 1742 138 1775; x_wconf 80' lang='grc' dir='ltr'><strong>τῆς</strong></span> <span class='ocrx_word' id='word_1_460' title='bbox 159 1740 334 1773; x_wconf 78' lang='grc' dir='ltr'>διδασκαλίας</span> <span class='ocrx_word' id='word_1_461' title='bbox 359 1740 480 1780; x_wconf 76' lang='grc' dir='ltr'>χάρισμα</span> <span class='ocrx_word' id='word_1_462' title='bbox 505 1742 594 1778; x_wconf 81' lang='grc' dir='ltr'>μεῖζον</span> <span class='ocrx_word' id='word_1_463' title='bbox 606 1762 614 1775; x_wconf 92' lang='grc'><strong>,</strong></span> <span class='ocrx_word' id='word_1_464' title='bbox 631 1740 677 1769; x_wconf 77' lang='grc' dir='ltr'><strong>καὶ</strong></span> <span class='ocrx_word' id='word_1_465' title='bbox 691 1743 708 1776; x_wconf 87' lang='grc' dir='ltr'>ἡ</span> <span class='ocrx_word' id='word_1_466' title='bbox 726 1742 812 1780; x_wconf 56' lang='grc' dir='ltr'>ἑρμηε</span> 
     </span>
    </p>
   </div>
   <div class='ocr_carea' id='block_1_66' title="bbox 23 1784 813 1825">
    <p class='ocr_par' dir='ltr' id='par_1_66' title="bbox 23 1784 813 1825">
     <span class='ocr_line' id='line_1_66' title="bbox 23 1784 813 1825; baseline 0 -13"><span class='ocrx_word' id='word_1_467' title='bbox 23 1784 73 1812; x_wconf 90' lang='grc' dir='ltr'>νεία</span> <span class='ocrx_word' id='word_1_468' title='bbox 95 1786 144 1813; x_wconf 80' lang='grc' dir='ltr'><strong>τῶν</strong></span> <span class='ocrx_word' id='word_1_469' title='bbox 182 1785 312 1824; x_wconf 74' lang='grc' dir='ltr'>γλωσσῶν</span> <span class='ocrx_word' id='word_1_470' title='bbox 345 1786 441 1823; x_wconf 81' lang='grc' dir='ltr'>μείζων</span> <span class='ocrx_word' id='word_1_471' title='bbox 468 1787 516 1813; x_wconf 71' lang='grc' dir='ltr'><strong>τοῦ</strong></span> <span class='ocrx_word' id='word_1_472' title='bbox 548 1785 641 1818; x_wconf 73' lang='grc' dir='ltr'>ἅπλῶς</span> <span class='ocrx_word' id='word_1_473' title='bbox 677 1785 813 1825; x_wconf 84' lang='grc' dir='ltr'>γλώσσαις</span> 
     </span>
    </p>
   </div>
   <div class='ocr_carea' id='block_1_67' title="bbox 24 1829 808 1868">
    <p class='ocr_par' dir='ltr' id='par_1_67' title="bbox 24 1829 808 1868">
     <span class='ocr_line' id='line_1_67' title="bbox 24 1829 808 1868; baseline 0.003 -12"><span class='ocrx_word' id='word_1_474' title='bbox 24 1829 116 1859; x_wconf 71' lang='grc' dir='ltr'>λαλεῖν.</span> <span class='ocrx_word' id='word_1_475' title='bbox 131 1829 293 1860; x_wconf 81' lang='grc' dir='ltr'>οἰκειότατα</span> <span class='ocrx_word' id='word_1_476' title='bbox 310 1829 337 1859; x_wconf 75' lang='grc' dir='ltr'>δὲ</span> <span class='ocrx_word' id='word_1_477' title='bbox 353 1829 398 1859; x_wconf 70' lang='grc' dir='ltr'><strong>ἐπὶ</strong></span> <span class='ocrx_word' id='word_1_478' title='bbox 418 1830 471 1858; x_wconf 83' lang='grc' dir='ltr'><strong>τῶν</strong></span> <span class='ocrx_word' id='word_1_479' title='bbox 493 1830 638 1868; x_wconf 79' lang='grc' dir='ltr'>γλωσσῶν,</span> <span class='ocrx_word' id='word_1_480' title='bbox 659 1840 674 1858; x_wconf 78' lang='grc' dir='ltr'><strong>α</strong></span> <span class='ocrx_word' id='word_1_481' title='bbox 693 1830 779 1867; x_wconf 83' lang='grc' dir='ltr'>Γένη,</span> <span class='ocrx_word' id='word_1_482' title='bbox 795 1841 808 1858; x_wconf 84' lang='lat' dir='ltr'><strong>n</strong></span> 
     </span>
    </p>
   </div>
   <div class='ocr_carea' id='block_1_68' title="bbox 24 1868 549 1914">
    <p class='ocr_par' dir='ltr' id='par_1_68' title="bbox 24 1868 549 1914">
     <span class='ocr_line' id='line_1_68' title="bbox 24 1868 549 1914; baseline 0.008 -14"><span class='ocrx_word' id='word_1_483' title='bbox 24 1868 91 1909; x_wconf 81' lang='grc' dir='ltr'>εἶπε,</span> <span class='ocrx_word' id='word_1_484' title='bbox 108 1873 236 1914; x_wconf 80' lang='grc' dir='ltr'>διαφορὰς</span> <span class='ocrx_word' id='word_1_485' title='bbox 249 1875 334 1904; x_wconf 77' lang='grc' dir='ltr'>αὐτῶν</span> <span class='ocrx_word' id='word_1_486' title='bbox 347 1875 410 1914; x_wconf 81' lang='grc' dir='ltr'>γένη</span> <span class='ocrx_word' id='word_1_487' title='bbox 422 1874 549 1908; x_wconf 78' lang='grc' dir='ltr'>καλέσας.</span> 
     </span>
    </p>
   </div>
   <div class='ocr_carea' id='block_1_69' title="bbox 59 1954 812 1995">
    <p class='ocr_par' dir='ltr' id='par_1_69' title="bbox 59 1954 812 1995">
     <span class='ocr_line' id='line_1_69' title="bbox 59 1954 812 1995; baseline -0.001 -9"><span class='ocrx_word' id='word_1_488' title='bbox 59 1968 70 1981; x_wconf 79' lang='grc' dir='ltr'><strong>ι</strong></span> <span class='ocrx_word' id='word_1_489' title='bbox 81 1955 174 1986; x_wconf 79' lang='grc' dir='ltr'>Πάντα</span> <span class='ocrx_word' id='word_1_490' title='bbox 188 1955 217 1985; x_wconf 81' lang='grc' dir='ltr'>δὲ</span> <span class='ocrx_word' id='word_1_491' title='bbox 229 1956 424 1995; x_wconf 58' lang='grc' dir='ltr'>ταῦταξένεργεῐ</span> <span class='ocrx_word' id='word_1_492' title='bbox 435 1956 465 1985; x_wconf 85' lang='grc' dir='ltr'><strong>τὸ</strong></span> <span class='ocrx_word' id='word_1_493' title='bbox 477 1955 504 1984; x_wconf 75' lang='grc' dir='ltr'>ἲν</span> <span class='ocrx_word' id='word_1_494' title='bbox 517 1955 563 1985; x_wconf 72' lang='grc' dir='ltr'><strong>καὶ</strong></span> <span class='ocrx_word' id='word_1_495' title='bbox 573 1956 604 1985; x_wconf 81' lang='grc' dir='ltr'>τὸ</span> <span class='ocrx_word' id='word_1_496' title='bbox 614 1954 678 1985; x_wconf 75' lang='grc' dir='ltr'>αὐτὸ</span> <span class='ocrx_word' id='word_1_497' title='bbox 690 1956 812 1994; x_wconf 74' lang='grc' dir='ltr'>Πνεῦμα,</span> 
     </span>
    </p>
   </div>
   <div class='ocr_carea' id='block_1_70' title="bbox 26 1999 813 2041">
    <p class='ocr_par' dir='ltr' id='par_1_70' title="bbox 26 1999 813 2041">
     <span class='ocr_line' id='line_1_70' title="bbox 26 1999 813 2041; baseline 0.001 -13"><span class='ocrx_word' id='word_1_498' title='bbox 26 1999 124 2039; x_wconf 77' lang='grc' dir='ltr'>διαιρῶν</span> <span class='ocrx_word' id='word_1_499' title='bbox 147 2000 204 2040; x_wconf 77' lang='grc' dir='ltr'>ἰδίᾳ</span> <span class='ocrx_word' id='word_1_500' title='bbox 230 1999 336 2041; x_wconf 78' lang='grc' dir='ltr'>ἑκάστῳ</span> <span class='ocrx_word' id='word_1_501' title='bbox 359 1999 447 2034; x_wconf 76' lang='grc' dir='ltr'>καθὼς</span> <span class='ocrx_word' id='word_1_502' title='bbox 463 1999 599 2040; x_wconf 81' lang='grc' dir='ltr'>βούλεται.</span> <span class='ocrx_word' id='word_1_503' title='bbox 617 2011 632 2029; x_wconf 75' lang='grc' dir='ltr'>ι)</span> <span class='ocrx_word' id='word_1_504' title='bbox 653 2002 742 2030; x_wconf 80' lang='grc' dir='ltr'>Πάλιν</span> <span class='ocrx_word' id='word_1_505' title='bbox 764 2000 813 2036; x_wconf 87' lang='grc' dir='ltr'><strong>τὴν</strong></span> 
     </span>
    </p>
   </div>
   <div class='ocr_carea' id='block_1_71' title="bbox 25 2044 812 2085">
    <p class='ocr_par' dir='ltr' id='par_1_71' title="bbox 25 2044 812 2085">
     <span class='ocr_line' id='line_1_71' title="bbox 25 2044 812 2085; baseline 0.001 -12"><span class='ocrx_word' id='word_1_506' title='bbox 25 2044 100 2079; x_wconf 75' lang='grc' dir='ltr'>αὐτὴν</span> <span class='ocrx_word' id='word_1_507' title='bbox 113 2045 287 2085; x_wconf 83' lang='grc' dir='ltr'>παραμυθίαν</span> <span class='ocrx_word' id='word_1_508' title='bbox 302 2045 404 2082; x_wconf 78' lang='grc' dir='ltr'>τίθησιν</span> <span class='ocrx_word' id='word_1_509' title='bbox 414 2068 423 2082; x_wconf 87' lang='grc'><strong>,</strong></span> <span class='ocrx_word' id='word_1_510' title='bbox 435 2045 477 2074; x_wconf 76' lang='grc' dir='ltr'>ὅτι</span> <span class='ocrx_word' id='word_1_511' title='bbox 488 2046 518 2073; x_wconf 76' lang='grc' dir='ltr'><strong>τὸ</strong></span> <span class='ocrx_word' id='word_1_512' title='bbox 532 2045 596 2073; x_wconf 77' lang='grc' dir='ltr'>αὐτὸ</span> <span class='ocrx_word' id='word_1_513' title='bbox 611 2045 721 2084; x_wconf 70' lang='grc' dir='ltr'>Πνεῦμα</span> <span class='ocrx_word' id='word_1_514' title='bbox 740 2046 812 2085; x_wconf 82' lang='grc' dir='ltr'>ἐνερ-</span> 
     </span>
    </p>
   </div>
   <div class='ocr_carea' id='block_1_72' title="bbox 24 2088 811 2130">
    <p class='ocr_par' dir='ltr' id='par_1_72' title="bbox 24 2088 811 2130">
     <span class='ocr_line' id='line_1_72' title="bbox 24 2088 811 2130; baseline 0.005 -14"><span class='ocrx_word' id='word_1_515' title='bbox 24 2088 61 2126; x_wconf 81' lang='grc' dir='ltr'><strong>γεῖ</strong></span> <span class='ocrx_word' id='word_1_516' title='bbox 84 2089 183 2120; x_wconf 83' lang='grc' dir='ltr'>πάντα.</span> <span class='ocrx_word' id='word_1_517' title='bbox 211 2089 397 2128; x_wconf 85' lang='grc' dir='ltr'>Ἐπιστομίζει</span> <span class='ocrx_word' id='word_1_518' title='bbox 413 2090 439 2108; x_wconf 72' lang='grc'><strong>⁸9</strong></span> <span class='ocrx_word' id='word_1_519' title='bbox 464 2089 491 2119; x_wconf 82' lang='grc' dir='ltr'>δὲ</span> <span class='ocrx_word' id='word_1_520' title='bbox 512 2090 614 2128; x_wconf 77' lang='grc' dir='ltr'>μᾶλλον</span> <span class='ocrx_word' id='word_1_521' title='bbox 638 2089 682 2119; x_wconf 84' lang='grc' dir='ltr'><strong>τὸν</strong></span> <span class='ocrx_word' id='word_1_522' title='bbox 711 2091 811 2130; x_wconf 81' lang='grc' dir='ltr'>ἀπαρε-</span> 
     </span>
    </p>
   </div>
   <div class='ocr_carea' id='block_1_73' title="bbox 869 1561 1666 1599">
    <p class='ocr_par' dir='ltr' id='par_1_73' title="bbox 869 1561 1666 1599">
     <span class='ocr_line' id='line_1_73' title="bbox 869 1561 1666 1599; baseline 0.006 -11"><span class='ocrx_word' id='word_1_523' title='bbox 869 1562 983 1597; x_wconf 83' lang='lat' dir='ltr'><strong>pretatio</strong></span> <span class='ocrx_word' id='word_1_524' title='bbox 1003 1561 1169 1598; x_wconf 83' lang='lat' dir='ltr'><strong>linguarum.</strong></span> <span class='ocrx_word' id='word_1_525' title='bbox 1196 1574 1209 1587; x_wconf 73' lang='grc' dir='ltr'>ι»</span> <span class='ocrx_word' id='word_1_526' title='bbox 1234 1562 1402 1591; x_wconf 77' lang='lat' dir='ltr'><strong>Abundabat</strong></span> <span class='ocrx_word' id='word_1_527' title='bbox 1415 1564 1490 1599; x_wconf 84' lang='lat' dir='ltr'><strong>apud</strong></span> <span class='ocrx_word' id='word_1_528' title='bbox 1507 1563 1666 1593; x_wconf 86' lang='lat' dir='ltr'><strong>Corinthios</strong></span> 
     </span>
    </p>
   </div>
   <div class='ocr_carea' id='block_1_74' title="bbox 865 1605 1663 1644">
    <p class='ocr_par' dir='ltr' id='par_1_74' title="bbox 865 1605 1663 1644">
     <span class='ocr_line' id='line_1_74' title="bbox 865 1605 1663 1644; baseline 0.005 -11"><span class='ocrx_word' id='word_1_529' title='bbox 865 1606 1020 1642; x_wconf 83' lang='lat' dir='ltr'><strong>linguarum</strong></span> <span class='ocrx_word' id='word_1_530' title='bbox 1049 1605 1166 1639; x_wconf 82' lang='lat' dir='ltr'><strong>donum;</strong></span> <span class='ocrx_word' id='word_1_531' title='bbox 1180 1606 1244 1635; x_wconf 94' lang='lat' dir='ltr'><strong>hinc</strong></span> <span class='ocrx_word' id='word_1_532' title='bbox 1264 1607 1348 1635; x_wconf 89' lang='lat' dir='ltr'><strong>etiam</strong></span> <span class='ocrx_word' id='word_1_533' title='bbox 1367 1607 1556 1642; x_wconf 83' lang='lat' dir='ltr'><strong>conﬁdebant.</strong></span> <span class='ocrx_word' id='word_1_534' title='bbox 1585 1608 1663 1644; x_wconf 87' lang='lat' dir='ltr'><strong>quasi</strong></span> 
     </span>
    </p>
   </div>
   <div class='ocr_carea' id='block_1_75' title="bbox 866 1650 1665 1689">
    <p class='ocr_par' dir='ltr' id='par_1_75' title="bbox 866 1650 1665 1689">
     <span class='ocr_line' id='line_1_75' title="bbox 866 1650 1665 1689; baseline 0.004 -11"><span class='ocrx_word' id='word_1_535' title='bbox 866 1651 988 1686; x_wconf 88' lang='lat' dir='ltr'><strong>primum</strong></span> <span class='ocrx_word' id='word_1_536' title='bbox 1002 1650 1030 1679; x_wconf 91' lang='lat' dir='ltr'><strong>id</strong></span> <span class='ocrx_word' id='word_1_537' title='bbox 1042 1652 1173 1687; x_wconf 84' lang='lat' dir='ltr'><strong>apostolis</strong></span> <span class='ocrx_word' id='word_1_538' title='bbox 1187 1656 1259 1680; x_wconf 88' lang='lat' dir='ltr'><strong>esset</strong></span> <span class='ocrx_word' id='word_1_539' title='bbox 1275 1651 1386 1687; x_wconf 89' lang='lat' dir='ltr'><strong>datum,</strong></span> <span class='ocrx_word' id='word_1_540' title='bbox 1397 1661 1430 1681; x_wconf 88' lang='lat' dir='ltr'><strong>ac</strong></span> <span class='ocrx_word' id='word_1_541' title='bbox 1445 1658 1591 1689; x_wconf 81' lang='lat' dir='ltr'><strong>propterea</strong></span> <span class='ocrx_word' id='word_1_542' title='bbox 1603 1653 1665 1681; x_wconf 86' lang='lat' dir='ltr'><strong>aliis</strong></span> 
     </span>
    </p>
   </div>
   <div class='ocr_carea' id='block_1_76' title="bbox 866 1695 1664 1734">
    <p class='ocr_par' dir='ltr' id='par_1_76' title="bbox 866 1695 1664 1734">
     <span class='ocr_line' id='line_1_76' title="bbox 866 1695 1664 1734; baseline 0.005 -12"><span class='ocrx_word' id='word_1_543' title='bbox 866 1695 945 1723; x_wconf 86' lang='lat' dir='ltr'><strong>donis</strong></span> <span class='ocrx_word' id='word_1_544' title='bbox 967 1695 1144 1724; x_wconf 84' lang='lat' dir='ltr'><strong>excellentius</strong></span> <span class='ocrx_word' id='word_1_545' title='bbox 1166 1696 1202 1724; x_wconf 85' lang='lat' dir='ltr'><strong>sit</strong></span> <span class='ocrx_word' id='word_1_546' title='bbox 1219 1697 1318 1726; x_wconf 90' lang='lat' dir='ltr'><strong>visum.</strong></span> <span class='ocrx_word' id='word_1_547' title='bbox 1335 1697 1421 1734; x_wconf 76' lang='lat' dir='ltr'><strong>Atqui</strong></span> <span class='ocrx_word' id='word_1_548' title='bbox 1444 1697 1470 1725; x_wconf 92' lang='lat' dir='ltr'><strong>id</strong></span> <span class='ocrx_word' id='word_1_549' title='bbox 1486 1697 1524 1726; x_wconf 88' lang='lat' dir='ltr'><strong>sic</strong></span> <span class='ocrx_word' id='word_1_550' title='bbox 1539 1706 1597 1726; x_wconf 92' lang='lat' dir='ltr'><strong>non</strong></span> <span class='ocrx_word' id='word_1_551' title='bbox 1613 1697 1664 1726; x_wconf 92' lang='lat' dir='ltr'><strong>ha-</strong></span> 
     </span>
    </p>
   </div>
   <div class='ocr_carea' id='block_1_77' title="bbox 867 1739 1667 1777">
    <p class='ocr_par' dir='ltr' id='par_1_77' title="bbox 867 1739 1667 1777">
     <span class='ocr_line' id='line_1_77' title="bbox 867 1739 1667 1777; baseline 0.005 -10"><span class='ocrx_word' id='word_1_552' title='bbox 867 1739 923 1773; x_wconf 86' lang='lat' dir='ltr'><strong>bet;</strong></span> <span class='ocrx_word' id='word_1_553' title='bbox 936 1740 1073 1776; x_wconf 89' lang='lat' dir='ltr'><strong>siquidem</strong></span> <span class='ocrx_word' id='word_1_554' title='bbox 1097 1741 1228 1770; x_wconf 66' lang='lat' dir='ltr'><strong>doctrinaa</strong></span> <span class='ocrx_word' id='word_1_555' title='bbox 1241 1741 1348 1769; x_wconf 91' lang='lat' dir='ltr'><strong>donum</strong></span> <span class='ocrx_word' id='word_1_556' title='bbox 1363 1742 1450 1777; x_wconf 85' lang='lat' dir='ltr'><strong>majus</strong></span> <span class='ocrx_word' id='word_1_557' title='bbox 1463 1746 1514 1776; x_wconf 88' lang='lat' dir='ltr'><strong>est,</strong></span> <span class='ocrx_word' id='word_1_558' title='bbox 1537 1747 1566 1770; x_wconf 90' lang='lat' dir='ltr'><strong>et</strong></span> <span class='ocrx_word' id='word_1_559' title='bbox 1578 1742 1667 1771; x_wconf 89' lang='lat' dir='ltr'><strong>inter-</strong></span> 
     </span>
    </p>
   </div>
   <div class='ocr_carea' id='block_1_78' title="bbox 869 1784 1666 1822">
    <p class='ocr_par' dir='ltr' id='par_1_78' title="bbox 869 1784 1666 1822">
     <span class='ocr_line' id='line_1_78' title="bbox 869 1784 1666 1822; baseline 0.004 -10"><span class='ocrx_word' id='word_1_560' title='bbox 869 1784 983 1820; x_wconf 88' lang='lat' dir='ltr'><strong>pretatio</strong></span> <span class='ocrx_word' id='word_1_561' title='bbox 996 1784 1150 1820; x_wconf 87' lang='lat' dir='ltr'><strong>linguarum</strong></span> <span class='ocrx_word' id='word_1_562' title='bbox 1172 1785 1261 1821; x_wconf 88' lang='lat' dir='ltr'><strong>major</strong></span> <span class='ocrx_word' id='word_1_563' title='bbox 1277 1790 1330 1819; x_wconf 86' lang='lat' dir='ltr'><strong>est,</strong></span> <span class='ocrx_word' id='word_1_564' title='bbox 1345 1794 1429 1822; x_wconf 86' lang='lat' dir='ltr'><strong>quam</strong></span> <span class='ocrx_word' id='word_1_565' title='bbox 1441 1787 1605 1822; x_wconf 87' lang='lat' dir='ltr'><strong>simpliciter</strong></span> <span class='ocrx_word' id='word_1_566' title='bbox 1617 1787 1666 1815; x_wconf 88' lang='lat' dir='ltr'><strong>lin-</strong></span> 
     </span>
    </p>
   </div>
   <div class='ocr_carea' id='block_1_79' title="bbox 868 1829 1665 1867">
    <p class='ocr_par' dir='ltr' id='par_1_79' title="bbox 868 1829 1665 1867">
     <span class='ocr_line' id='line_1_79' title="bbox 868 1829 1665 1867; baseline 0.004 -11"><span class='ocrx_word' id='word_1_567' title='bbox 868 1829 930 1865; x_wconf 87' lang='lat' dir='ltr'><strong>guis</strong></span> <span class='ocrx_word' id='word_1_568' title='bbox 945 1829 1030 1865; x_wconf 86' lang='lat' dir='ltr'><strong>loqui.</strong></span> <span class='ocrx_word' id='word_1_569' title='bbox 1041 1829 1128 1857; x_wconf 84' lang='lat' dir='ltr'><strong>Valde</strong></span> <span class='ocrx_word' id='word_1_570' title='bbox 1146 1830 1257 1865; x_wconf 89' lang='lat' dir='ltr'><strong>proprie</strong></span> <span class='ocrx_word' id='word_1_571' title='bbox 1269 1834 1362 1857; x_wconf 88' lang='lat' dir='ltr'><strong>autem</strong></span> <span class='ocrx_word' id='word_1_572' title='bbox 1376 1830 1410 1858; x_wconf 92' lang='lat' dir='ltr'><strong>de</strong></span> <span class='ocrx_word' id='word_1_573' title='bbox 1426 1830 1526 1866; x_wconf 87' lang='lat' dir='ltr'><strong>linguis</strong></span> <span class='ocrx_word' id='word_1_574' title='bbox 1538 1831 1665 1867; x_wconf 83' lang='lat' dir='ltr'><strong>loquens,</strong></span> 
     </span>
    </p>
   </div>
   <div class='ocr_carea' id='block_1_80' title="bbox 870 1872 1666 1912">
    <p class='ocr_par' dir='ltr' id='par_1_80' title="bbox 870 1872 1666 1912">
     <span class='ocr_line' id='line_1_80' title="bbox 870 1872 1666 1912; baseline 0.005 -12"><span class='ocrx_word' id='word_1_575' title='bbox 870 1883 884 1896; x_wconf 76' lang='grc' dir='ltr'><strong>ι</strong></span> <span class='ocrx_word' id='word_1_576' title='bbox 897 1881 1013 1908; x_wconf 83' lang='lat' dir='ltr'><strong>genera,</strong></span> <span class='ocrx_word' id='word_1_577' title='bbox 1026 1883 1041 1899; x_wconf 83' lang='lat'>»</span> <span class='ocrx_word' id='word_1_578' title='bbox 1062 1874 1144 1907; x_wconf 81' lang='lat' dir='ltr'><strong>dixit,</strong></span> <span class='ocrx_word' id='word_1_579' title='bbox 1164 1874 1286 1910; x_wconf 87' lang='lat' dir='ltr'><strong>ipsarum</strong></span> <span class='ocrx_word' id='word_1_580' title='bbox 1309 1872 1479 1902; x_wconf 88' lang='lat' dir='ltr'><strong>differentias</strong></span> <span class='ocrx_word' id='word_1_581' title='bbox 1501 1882 1600 1910; x_wconf 86' lang='lat' dir='ltr'><strong>genera</strong></span> <span class='ocrx_word' id='word_1_582' title='bbox 1619 1883 1666 1912; x_wconf 86' lang='lat' dir='ltr'><strong>ap-</strong></span> 
     </span>
    </p>
   </div>
   <div class='ocr_carea' id='block_1_81' title="bbox 868 1917 982 1952">
    <p class='ocr_par' dir='ltr' id='par_1_81' title="bbox 868 1917 982 1952">
     <span class='ocr_line' id='line_1_81' title="bbox 868 1917 982 1952; baseline 0 -8"><span class='ocrx_word' id='word_1_583' title='bbox 868 1917 982 1952; x_wconf 89' lang='lat' dir='ltr'><strong>pellans.</strong></span> 
     </span>
    </p>
   </div>
   <div class='ocr_carea' id='block_1_82' title="bbox 903 1961 1666 1999">
    <p class='ocr_par' dir='ltr' id='par_1_82' title="bbox 903 1961 1666 1999">
     <span class='ocr_line' id='line_1_82' title="bbox 903 1961 1666 1999; baseline 0.004 -9"><span class='ocrx_word' id='word_1_584' title='bbox 903 1963 993 1990; x_wconf 74' lang='lat' dir='ltr'><strong>Vens.</strong></span> <span class='ocrx_word' id='word_1_585' title='bbox 1008 1963 1049 1989; x_wconf 82' lang='grc'><strong>11.</strong></span> <span class='ocrx_word' id='word_1_586' title='bbox 1071 1972 1084 1985; x_wconf 75' lang='grc' dir='ltr'><strong>ιι</strong></span> <span class='ocrx_word' id='word_1_587' title='bbox 1109 1961 1211 1989; x_wconf 88' lang='lat' dir='ltr'><strong>Omnia</strong></span> <span class='ocrx_word' id='word_1_588' title='bbox 1227 1966 1319 1990; x_wconf 89' lang='lat' dir='ltr'><strong>autem</strong></span> <span class='ocrx_word' id='word_1_589' title='bbox 1335 1962 1394 1991; x_wconf 60' lang='lat' dir='ltr'><strong>hac</strong></span> <span class='ocrx_word' id='word_1_590' title='bbox 1408 1967 1538 1999; x_wconf 86' lang='lat' dir='ltr'><strong>operatur</strong></span> <span class='ocrx_word' id='word_1_591' title='bbox 1549 1972 1621 1993; x_wconf 88' lang='lat' dir='ltr'><strong>unus</strong></span> <span class='ocrx_word' id='word_1_592' title='bbox 1637 1969 1666 1993; x_wconf 87' lang='lat' dir='ltr'><strong>et</strong></span> 
     </span>
    </p>
   </div>
   <div class='ocr_carea' id='block_1_83' title="bbox 869 2006 1659 2044">
    <p class='ocr_par' dir='ltr' id='par_1_83' title="bbox 869 2006 1659 2044">
     <span class='ocr_line' id='line_1_83' title="bbox 869 2006 1659 2044; baseline 0.001 -11"><span class='ocrx_word' id='word_1_593' title='bbox 869 2007 941 2034; x_wconf 87' lang='lat' dir='ltr'><strong>idem</strong></span> <span class='ocrx_word' id='word_1_594' title='bbox 957 2006 1083 2042; x_wconf 87' lang='lat' dir='ltr'><strong>Spiritus,</strong></span> <span class='ocrx_word' id='word_1_595' title='bbox 1095 2006 1220 2034; x_wconf 87' lang='lat' dir='ltr'><strong>dividens</strong></span> <span class='ocrx_word' id='word_1_596' title='bbox 1235 2007 1352 2035; x_wconf 87' lang='lat' dir='ltr'><strong>seorsim</strong></span> <span class='ocrx_word' id='word_1_597' title='bbox 1363 2008 1512 2044; x_wconf 88' lang='lat' dir='ltr'><strong>unicuique</strong></span> <span class='ocrx_word' id='word_1_598' title='bbox 1522 2014 1551 2037; x_wconf 88' lang='lat' dir='ltr'><strong>ut</strong></span> <span class='ocrx_word' id='word_1_599' title='bbox 1564 2009 1632 2037; x_wconf 86' lang='lat' dir='ltr'><strong>vult.</strong></span> <span class='ocrx_word' id='word_1_600' title='bbox 1646 2022 1659 2034; x_wconf 80' lang='grc' dir='ltr'>ι.</span> 
     </span>
    </p>
   </div>
   <div class='ocr_carea' id='block_1_84' title="bbox 868 2051 1665 2090">
    <p class='ocr_par' dir='ltr' id='par_1_84' title="bbox 868 2051 1665 2090">
     <span class='ocr_line' id='line_1_84' title="bbox 868 2051 1665 2090; baseline 0.006 -12"><span class='ocrx_word' id='word_1_601' title='bbox 868 2052 975 2079; x_wconf 83' lang='lat' dir='ltr'><strong>Rursus</strong></span> <span class='ocrx_word' id='word_1_602' title='bbox 989 2051 1112 2079; x_wconf 88' lang='lat' dir='ltr'><strong>eamdem</strong></span> <span class='ocrx_word' id='word_1_603' title='bbox 1129 2051 1347 2079; x_wconf 86' lang='lat' dir='ltr'><strong>consolationem</strong></span> <span class='ocrx_word' id='word_1_604' title='bbox 1364 2053 1453 2087; x_wconf 88' lang='lat' dir='ltr'><strong>ponit,</strong></span> <span class='ocrx_word' id='word_1_605' title='bbox 1479 2061 1581 2089; x_wconf 93' lang='lat' dir='ltr'><strong>nempe</strong></span> <span class='ocrx_word' id='word_1_606' title='bbox 1590 2054 1665 2090; x_wconf 90' lang='lat' dir='ltr'><strong>quod</strong></span> 
     </span>
    </p>
   </div>
   <div class='ocr_carea' id='block_1_85' title="bbox 868 2095 1666 2133">
    <p class='ocr_par' dir='ltr' id='par_1_85' title="bbox 868 2095 1666 2133">
     <span class='ocr_line' id='line_1_85' title="bbox 868 2095 1666 2133; baseline 0.006 -10"><span class='ocrx_word' id='word_1_607' title='bbox 868 2095 941 2124; x_wconf 85' lang='lat' dir='ltr'><strong>idem</strong></span> <span class='ocrx_word' id='word_1_608' title='bbox 954 2096 1071 2131; x_wconf 89' lang='lat' dir='ltr'><strong>Spiritus</strong></span> <span class='ocrx_word' id='word_1_609' title='bbox 1083 2099 1212 2132; x_wconf 86' lang='lat' dir='ltr'><strong>operatur</strong></span> <span class='ocrx_word' id='word_1_610' title='bbox 1226 2097 1330 2124; x_wconf 88' lang='lat' dir='ltr'><strong>omnia.</strong></span> <span class='ocrx_word' id='word_1_611' title='bbox 1347 2097 1432 2133; x_wconf 85' lang='lat' dir='ltr'><strong>Magis</strong></span> <span class='ocrx_word' id='word_1_612' title='bbox 1442 2103 1535 2126; x_wconf 88' lang='lat' dir='ltr'><strong>autem</strong></span> <span class='ocrx_word' id='word_1_613' title='bbox 1544 2099 1666 2128; x_wconf 87' lang='lat' dir='ltr'><strong>obstruit</strong></span> 
     </span>
    </p>
   </div>
   <div class='ocr_carea' id='block_1_86' title="bbox 24 2133 812 2178">
    <p class='ocr_par' dir='ltr' id='par_1_86' title="bbox 24 2133 811 2178">
     <span class='ocr_line' id='line_1_86' title="bbox 24 2133 811 2178; baseline 0.003 -16"><span class='ocrx_word' id='word_1_614' title='bbox 24 2133 144 2171; x_wconf 72' lang='grc' dir='ltr'>σχόμενον</span> <span class='ocrx_word' id='word_1_615' title='bbox 167 2134 214 2164; x_wconf 83' lang='grc' dir='ltr'>ἐπὶ</span> <span class='ocrx_word' id='word_1_616' title='bbox 297 2135 423 2174; x_wconf 83' lang='grc' dir='ltr'>διανομῇ,</span> <span class='ocrx_word' id='word_1_617' title='bbox 455 2149 467 2161; x_wconf 78' lang='grc' dir='ltr'>σι</span> <span class='ocrx_word' id='word_1_618' title='bbox 494 2133 589 2167; x_wconf 80' lang='grc' dir='ltr'>Καθὼς</span> <span class='ocrx_word' id='word_1_619' title='bbox 609 2145 624 2162; x_wconf 79' lang='grc' dir='ltr'><strong>α</strong></span> <span class='ocrx_word' id='word_1_620' title='bbox 641 2135 691 2173; x_wconf 78' lang='grc' dir='ltr'><strong>γὰρ</strong></span> <span class='ocrx_word' id='word_1_621' title='bbox 702 2146 726 2178; x_wconf 83' lang='lat'>_«</span> <span class='ocrx_word' id='word_1_622' title='bbox 751 2135 811 2174; x_wconf 78' lang='grc' dir='ltr'><strong>βού·</strong></span> 
     </span>
    </p>
   </div>
   <div class='ocr_carea' id='block_1_87' title="bbox 895 2133 1664 2178">
    <p class='ocr_par' dir='ltr' id='par_1_87' title="bbox 895 2140 1664 2178">
     <span class='ocr_line' id='line_1_87' title="bbox 895 2140 1664 2178; baseline 0.005 -10"><span class='ocrx_word' id='word_1_623' title='bbox 895 2149 918 2169; x_wconf 70' lang='lat' dir='ltr'><strong>ra</strong></span> <span class='ocrx_word' id='word_1_624' title='bbox 931 2142 1014 2177; x_wconf 79' lang='lat'><strong>196</strong></span> <span class='ocrx_word' id='word_1_625' title='bbox 1026 2149 1132 2175; x_wconf 89' lang='lat' dir='ltr'><strong>eorum,</strong></span> <span class='ocrx_word' id='word_1_626' title='bbox 1145 2140 1191 2176; x_wconf 91' lang='lat' dir='ltr'><strong>qui</strong></span> <span class='ocrx_word' id='word_1_627' title='bbox 1205 2141 1289 2169; x_wconf 87' lang='lat' dir='ltr'><strong>talem</strong></span> <span class='ocrx_word' id='word_1_628' title='bbox 1310 2141 1382 2170; x_wconf 86' lang='lat' dir='ltr'><strong>haud</strong></span> <span class='ocrx_word' id='word_1_629' title='bbox 1403 2149 1483 2178; x_wconf 57' lang='lat' dir='ltr'><strong>atquo</strong></span> <span class='ocrx_word' id='word_1_630' title='bbox 1500 2143 1593 2172; x_wconf 88' lang='lat' dir='ltr'><strong>animo</strong></span> <span class='ocrx_word' id='word_1_631' title='bbox 1605 2144 1664 2172; x_wconf 84' lang='lat' dir='ltr'><strong>dis—</strong></span> 
     </span>
    </p>
   </div>
   <div class='ocr_carea' id='block_1_88' title="bbox 24 2175 811 2220">
    <p class='ocr_par' dir='ltr' id='par_1_88' title="bbox 24 2175 811 2220">
     <span class='ocr_line' id='line_1_88' title="bbox 24 2175 811 2220; baseline 0.004 -14"><span class='ocrx_word' id='word_1_632' title='bbox 24 2178 108 2215; x_wconf 81' lang='grc' dir='ltr'>λεται,</span> <span class='ocrx_word' id='word_1_633' title='bbox 122 2189 137 2208; x_wconf 80' lang='lat' dir='ltr'><strong>n</strong></span> <span class='ocrx_word' id='word_1_634' title='bbox 154 2179 252 2220; x_wconf 75' lang='grc' dir='ltr'>φησὶν,</span> <span class='ocrx_word' id='word_1_635' title='bbox 269 2179 339 2209; x_wconf 73' lang='grc' dir='ltr'>οὕτω</span> <span class='ocrx_word' id='word_1_636' title='bbox 354 2179 400 2209; x_wconf 77' lang='grc' dir='ltr'><strong>χαὶ</strong></span> <span class='ocrx_word' id='word_1_637' title='bbox 421 2183 491 2209; x_wconf 84' lang='grc' dir='ltr'>ποιεῖ</span> <span class='ocrx_word' id='word_1_638' title='bbox 506 2191 512 2198; x_wconf 76' lang='lat'>&#39;</span> <span class='ocrx_word' id='word_1_639' title='bbox 529 2178 574 2208; x_wconf 79' lang='grc' dir='ltr'><strong>χαὶ</strong></span> <span class='ocrx_word' id='word_1_640' title='bbox 589 2177 622 2207; x_wconf 80' lang='grc' dir='ltr'><strong>σὺ</strong></span> <span class='ocrx_word' id='word_1_641' title='bbox 638 2179 676 2212; x_wconf 86' lang='grc' dir='ltr'><strong>τίς</strong></span> <span class='ocrx_word' id='word_1_642' title='bbox 693 2175 717 2209; x_wconf 71' lang='grc' dir='ltr'>εἶ</span> <span class='ocrx_word' id='word_1_643' title='bbox 738 2181 751 2209; x_wconf 92' lang='lat'><strong>6</strong></span> <span class='ocrx_word' id='word_1_644' title='bbox 773 2180 811 2218; x_wconf 85' lang='grc' dir='ltr'><strong>μὴ</strong></span> 
     </span>
    </p>
   </div>
   <div class='ocr_carea' id='block_1_89' title="bbox 24 2222 814 2263">
    <p class='ocr_par' dir='ltr' id='par_1_89' title="bbox 24 2222 814 2263">
     <span class='ocr_line' id='line_1_89' title="bbox 24 2222 814 2263; baseline 0.004 -12"><span class='ocrx_word' id='word_1_645' title='bbox 24 2222 211 2262; x_wconf 76' lang='grc' dir='ltr'>ἀρεσκόμενος;</span> <span class='ocrx_word' id='word_1_646' title='bbox 240 2223 398 2262; x_wconf 81' lang='grc' dir='ltr'>Σημείωσαι</span> <span class='ocrx_word' id='word_1_647' title='bbox 426 2224 453 2253; x_wconf 79' lang='grc' dir='ltr'>δὲ</span> <span class='ocrx_word' id='word_1_648' title='bbox 489 2223 520 2254; x_wconf 76' lang='grc' dir='ltr'><strong>τὸ</strong></span> <span class='ocrx_word' id='word_1_649' title='bbox 548 2223 646 2263; x_wconf 75' lang='grc' dir='ltr'>ῥητὸν,</span> <span class='ocrx_word' id='word_1_650' title='bbox 684 2223 728 2253; x_wconf 84' lang='grc' dir='ltr'><strong>διὰ</strong></span> <span class='ocrx_word' id='word_1_651' title='bbox 755 2225 814 2258; x_wconf 73' lang='grc' dir='ltr'>τοὺς</span> 
     </span>
    </p>
   </div>
   <div class='ocr_carea' id='block_1_90' title="bbox 25 2267 814 2308">
    <p class='ocr_par' dir='ltr' id='par_1_90' title="bbox 25 2267 814 2308">
     <span class='ocr_line' id='line_1_90' title="bbox 25 2267 814 2308; baseline 0.004 -14"><span class='ocrx_word' id='word_1_652' title='bbox 25 2267 263 2308; x_wconf 79' lang='grc' dir='ltr'>ΙῙνευματομάχους</span> <span class='ocrx_word' id='word_1_653' title='bbox 284 2280 291 2287; x_wconf 88' lang='grc'><strong>·</strong></span> <span class='ocrx_word' id='word_1_654' title='bbox 313 2270 342 2298; x_wconf 84' lang='grc' dir='ltr'>οὗ</span> <span class='ocrx_word' id='word_1_655' title='bbox 366 2269 434 2308; x_wconf 71' lang='grc' dir='ltr'>γὰρ,</span> <span class='ocrx_word' id='word_1_656' title='bbox 450 2268 545 2300; x_wconf 83' lang='grc' dir='ltr'>Καθὼς</span> <span class='ocrx_word' id='word_1_657' title='bbox 567 2268 721 2305; x_wconf 76' lang='grc' dir='ltr'>χελεύεται,</span> <span class='ocrx_word' id='word_1_658' title='bbox 735 2269 814 2306; x_wconf 80' lang='grc' dir='ltr'>ἀλλὰ,</span> 
     </span>
    </p>
   </div>
   <div class='ocr_carea' id='block_1_91' title="bbox 26 2312 816 2352">
    <p class='ocr_par' dir='ltr' id='par_1_91' title="bbox 26 2312 816 2352">
     <span class='ocr_line' id='line_1_91' title="bbox 26 2312 816 2352; baseline 0.003 -10"><span class='ocrx_word' id='word_1_659' title='bbox 26 2321 37 2338; x_wconf 72' lang='grc' dir='ltr'><strong>ε</strong></span> <span class='ocrx_word' id='word_1_660' title='bbox 55 2312 146 2346; x_wconf 82' lang='grc' dir='ltr'>Καθὼς</span> <span class='ocrx_word' id='word_1_661' title='bbox 162 2313 297 2352; x_wconf 83' lang='grc' dir='ltr'>βούλεται.</span> <span class='ocrx_word' id='word_1_662' title='bbox 315 2327 327 2339; x_wconf 71' lang='grc' dir='ltr'><strong>ι</strong></span> <span class='ocrx_word' id='word_1_663' title='bbox 341 2312 427 2342; x_wconf 84' lang='grc' dir='ltr'>Ὥστε</span> <span class='ocrx_word' id='word_1_664' title='bbox 443 2313 581 2347; x_wconf 74' lang='grc' dir='ltr'>Δεσπότης</span> <span class='ocrx_word' id='word_1_665' title='bbox 597 2313 643 2341; x_wconf 81' lang='grc' dir='ltr'><strong>καὶ</strong></span> <span class='ocrx_word' id='word_1_666' title='bbox 657 2314 736 2348; x_wconf 85' lang='grc' dir='ltr'>Θεός.</span> <span class='ocrx_word' id='word_1_667' title='bbox 760 2314 816 2344; x_wconf 76' lang='grc' dir='ltr'><strong>Καὶ</strong></span> 
     </span>
    </p>
   </div>
   <div class='ocr_carea' id='block_1_92' title="bbox 24 2356 816 2399">
    <p class='ocr_par' dir='ltr' id='par_1_92' title="bbox 24 2356 816 2399">
     <span class='ocr_line' id='line_1_92' title="bbox 24 2356 816 2399; baseline 0.003 -13"><span class='ocrx_word' id='word_1_668' title='bbox 24 2356 78 2393; x_wconf 74' lang='grc' dir='ltr'>οὖχ,</span> <span class='ocrx_word' id='word_1_669' title='bbox 91 2356 274 2398; x_wconf 84' lang='grc' dir='ltr'>Ἐνεργεῖται,</span> <span class='ocrx_word' id='word_1_670' title='bbox 291 2357 364 2395; x_wconf 78' lang='grc' dir='ltr'>ἀλλ’,</span> <span class='ocrx_word' id='word_1_671' title='bbox 394 2371 406 2384; x_wconf 76' lang='grc' dir='ltr'>ι</span> <span class='ocrx_word' id='word_1_672' title='bbox 427 2358 546 2398; x_wconf 82' lang='grc' dir='ltr'>Ἐνεργεῖ</span> <span class='ocrx_word' id='word_1_673' title='bbox 558 2381 566 2394; x_wconf 90' lang='lat'><strong>,</strong></span> <span class='ocrx_word' id='word_1_674' title='bbox 584 2368 598 2385; x_wconf 67' lang='grc' dir='ltr'>ιδ</span> <span class='ocrx_word' id='word_1_675' title='bbox 623 2358 714 2399; x_wconf 84' lang='grc' dir='ltr'>ὥσπερ</span> <span class='ocrx_word' id='word_1_676' title='bbox 734 2360 780 2388; x_wconf 76' lang='grc' dir='ltr'>καὶ</span> <span class='ocrx_word' id='word_1_677' title='bbox 802 2360 816 2388; x_wconf 91' lang='lat'><strong>6</strong></span> 
     </span>
    </p>
   </div>
   <div class='ocr_carea' id='block_1_93' title="bbox 26 2400 816 2443">
    <p class='ocr_par' dir='ltr' id='par_1_93' title="bbox 26 2400 816 2443">
     <span class='ocr_line' id='line_1_93' title="bbox 26 2400 816 2443; baseline 0.018 -24"><span class='ocrx_word' id='word_1_678' title='bbox 26 2400 116 2442; x_wconf 69' lang='grc' dir='ltr'>Πατήρ</span> <span class='ocrx_word' id='word_1_679' title='bbox 132 2414 139 2421; x_wconf 92' lang='grc'><strong>.</strong></span> <span class='ocrx_word' id='word_1_680' title='bbox 160 2414 174 2432; x_wconf 55' lang='grc' dir='ltr'>α</span> <span class='ocrx_word' id='word_1_681' title='bbox 188 2402 222 2433; x_wconf 81' lang='grc' dir='ltr'>Ὁ</span> <span class='ocrx_word' id='word_1_682' title='bbox 237 2403 350 2442; x_wconf 56' lang='grc' dir='ltr'><strong>ἐνεργῶν</strong></span> <span class='ocrx_word' id='word_1_683' title='bbox 370 2416 382 2429; x_wconf 60' lang='grc' dir='ltr'><strong>η</strong></span> <span class='ocrx_word' id='word_1_684' title='bbox 402 2402 472 2443; x_wconf 61' lang='grc' dir='ltr'>γὰρ,</span> <span class='ocrx_word' id='word_1_685' title='bbox 494 2401 579 2443; x_wconf 80' lang='grc' dir='ltr'>φησὶ,</span> <span class='ocrx_word' id='word_1_686' title='bbox 599 2412 614 2429; x_wconf 80' lang='grc' dir='ltr'><strong>ιι</strong></span> <span class='ocrx_word' id='word_1_687' title='bbox 629 2402 662 2432; x_wconf 78' lang='grc' dir='ltr'><strong>τὰ</strong></span> <span class='ocrx_word' id='word_1_688' title='bbox 684 2403 774 2433; x_wconf 84' lang='grc' dir='ltr'>πάντα</span> <span class='ocrx_word' id='word_1_689' title='bbox 789 2404 816 2433; x_wconf 74' lang='grc' dir='ltr'>ἐν</span> 
     </span>
    </p>
   </div>
   <div class='ocr_carea' id='block_1_94' title="bbox 25 2457 126 2477">
    <p class='ocr_par' dir='ltr' id='par_1_94' title="bbox 25 2457 126 2477">
     <span class='ocr_line' id='line_1_94' title="bbox 25 2457 126 2477; baseline -0.01 -3"><span class='ocrx_word' id='word_1_690' title='bbox 25 2457 96 2477; x_wconf 84' lang='grc' dir='ltr'>πασι.</span> <span class='ocrx_word' id='word_1_691' title='bbox 114 2461 126 2473; x_wconf 73' lang='grc' dir='ltr'><strong><em>ι</em></strong></span> 
     </span>
    </p>
   </div>
   <div class='ocr_carea' id='block_1_95' title="bbox 63 2490 818 2532">
    <p class='ocr_par' dir='ltr' id='par_1_95' title="bbox 63 2490 818 2532">
     <span class='ocr_line' id='line_1_95' title="bbox 63 2490 818 2532; baseline 0.003 -12"><span class='ocrx_word' id='word_1_692' title='bbox 63 2503 75 2516; x_wconf 74' lang='grc' dir='ltr'>σι</span> <span class='ocrx_word' id='word_1_693' title='bbox 93 2491 223 2532; x_wconf 81' lang='grc' dir='ltr'>Καθάπερ</span> <span class='ocrx_word' id='word_1_694' title='bbox 238 2490 290 2532; x_wconf 77' lang='grc' dir='ltr'><strong>γὰρ</strong></span> <span class='ocrx_word' id='word_1_695' title='bbox 311 2491 341 2521; x_wconf 86' lang='grc' dir='ltr'><strong>τὸ</strong></span> <span class='ocrx_word' id='word_1_696' title='bbox 366 2493 445 2530; x_wconf 78' lang='grc' dir='ltr'>σῶμα</span> <span class='ocrx_word' id='word_1_697' title='bbox 469 2491 496 2521; x_wconf 76' lang='grc' dir='ltr'>ἓν</span> <span class='ocrx_word' id='word_1_698' title='bbox 521 2494 578 2523; x_wconf 77' lang='grc' dir='ltr'>ἐστι</span> <span class='ocrx_word' id='word_1_699' title='bbox 590 2516 599 2531; x_wconf 86' lang='lat'><strong>,</strong></span> <span class='ocrx_word' id='word_1_700' title='bbox 615 2493 661 2522; x_wconf 70' lang='grc' dir='ltr'><strong>καὶ</strong></span> <span class='ocrx_word' id='word_1_701' title='bbox 677 2492 746 2530; x_wconf 82' lang='grc' dir='ltr'>μέλη</span> <span class='ocrx_word' id='word_1_702' title='bbox 762 2492 818 2532; x_wconf 84' lang='grc' dir='ltr'>ἔχει</span> 
     </span>
    </p>
   </div>
   <div class='ocr_carea' id='block_1_96' title="bbox 25 2535 817 2575">
    <p class='ocr_par' dir='ltr' id='par_1_96' title="bbox 25 2535 817 2575">
     <span class='ocr_line' id='line_1_96' title="bbox 25 2535 817 2575; baseline 0.005 -12"><span class='ocrx_word' id='word_1_703' title='bbox 25 2536 104 2565; x_wconf 75' lang='grc' dir='ltr'>πολλὰ</span> <span class='ocrx_word' id='word_1_704' title='bbox 115 2558 123 2572; x_wconf 91' lang='grc'><strong>,</strong></span> <span class='ocrx_word' id='word_1_705' title='bbox 138 2535 226 2566; x_wconf 86' lang='grc' dir='ltr'>πάντα</span> <span class='ocrx_word' id='word_1_706' title='bbox 241 2536 270 2565; x_wconf 82' lang='grc' dir='ltr'>δὲ</span> <span class='ocrx_word' id='word_1_707' title='bbox 285 2536 354 2575; x_wconf 85' lang='grc' dir='ltr'>μέλη</span> <span class='ocrx_word' id='word_1_708' title='bbox 372 2539 418 2566; x_wconf 78' lang='grc' dir='ltr'><strong>τοῦ</strong></span> <span class='ocrx_word' id='word_1_709' title='bbox 434 2536 572 2575; x_wconf 83' lang='grc' dir='ltr'>σώματος,</span> <span class='ocrx_word' id='word_1_710' title='bbox 587 2538 674 2567; x_wconf 81' lang='grc' dir='ltr'>πολλὰ</span> <span class='ocrx_word' id='word_1_711' title='bbox 690 2537 753 2567; x_wconf 79' lang='grc' dir='ltr'>ὄντα</span> <span class='ocrx_word' id='word_1_712' title='bbox 763 2560 771 2574; x_wconf 85' lang='grc'><strong>,</strong></span> <span class='ocrx_word' id='word_1_713' title='bbox 790 2537 817 2567; x_wconf 80' lang='grc' dir='ltr'><strong>ἓν</strong></span> 
     </span>
    </p>
   </div>
   <div class='ocr_carea' id='block_1_97' title="bbox 26 2581 819 2622">
    <p class='ocr_par' dir='ltr' id='par_1_97' title="bbox 26 2581 819 2622">
     <span class='ocr_line' id='line_1_97' title="bbox 26 2581 819 2622; baseline 0.006 -14"><span class='ocrx_word' id='word_1_714' title='bbox 26 2581 98 2618; x_wconf 78' lang='grc' dir='ltr'>σῶμά</span> <span class='ocrx_word' id='word_1_715' title='bbox 111 2581 182 2610; x_wconf 77' lang='grc' dir='ltr'>ἐστιν</span> <span class='ocrx_word' id='word_1_716' title='bbox 195 2592 202 2600; x_wconf 73' lang='grc' dir='ltr'><strong><em>ο</em></strong></span> <span class='ocrx_word' id='word_1_717' title='bbox 224 2581 293 2611; x_wconf 75' lang='grc' dir='ltr'>οὕτω</span> <span class='ocrx_word' id='word_1_718' title='bbox 314 2582 360 2611; x_wconf 79' lang='grc' dir='ltr'><strong>καὶ</strong></span> <span class='ocrx_word' id='word_1_719' title='bbox 384 2583 398 2611; x_wconf 90' lang='lat'><strong>6</strong></span> <span class='ocrx_word' id='word_1_720' title='bbox 419 2582 544 2622; x_wconf 88' lang='grc' dir='ltr'>Χριστός.</span> <span class='ocrx_word' id='word_1_721' title='bbox 571 2594 586 2612; x_wconf 79' lang='lat' dir='ltr'><strong>n</strong></span> <span class='ocrx_word' id='word_1_722' title='bbox 619 2583 674 2613; x_wconf 84' lang='grc' dir='ltr'>Καὶ</span> <span class='ocrx_word' id='word_1_723' title='bbox 703 2582 757 2613; x_wconf 78' lang='grc' dir='ltr'><strong>ἀπὸ</strong></span> <span class='ocrx_word' id='word_1_724' title='bbox 772 2586 819 2613; x_wconf 77' lang='grc' dir='ltr'><strong>τοῦ</strong></span> 
     </span>
    </p>
   </div>
   <div class='ocr_carea' id='block_1_98' title="bbox 27 2625 819 2667">
    <p class='ocr_par' dir='ltr' id='par_1_98' title="bbox 27 2625 819 2667">
     <span class='ocr_line' id='line_1_98' title="bbox 27 2625 819 2667; baseline 0.006 -15"><span class='ocrx_word' id='word_1_725' title='bbox 27 2625 92 2654; x_wconf 77' lang='grc' dir='ltr'>κατὰ</span> <span class='ocrx_word' id='word_1_726' title='bbox 115 2625 146 2655; x_wconf 77' lang='grc' dir='ltr'><strong>τὸ</strong></span> <span class='ocrx_word' id='word_1_727' title='bbox 161 2627 242 2665; x_wconf 81' lang='grc' dir='ltr'>σῶμα</span> <span class='ocrx_word' id='word_1_728' title='bbox 261 2626 457 2666; x_wconf 81' lang='grc' dir='ltr'>ὓποόείγματος</span> <span class='ocrx_word' id='word_1_729' title='bbox 479 2629 680 2667; x_wconf 83' lang='grc' dir='ltr'>παραμυθεῖται</span> <span class='ocrx_word' id='word_1_730' title='bbox 701 2627 747 2658; x_wconf 82' lang='grc' dir='ltr'><strong>τὸν</strong></span> <span class='ocrx_word' id='word_1_731' title='bbox 768 2627 819 2657; x_wconf 87' lang='grc' dir='ltr'><strong>λυ-</strong></span> 
     </span>
    </p>
   </div>
   <div class='ocr_carea' id='block_1_99' title="bbox 59 2694 341 2732">
    <p class='ocr_par' dir='ltr' id='par_1_99' title="bbox 59 2694 341 2732">
     <span class='ocr_line' id='line_1_99' title="bbox 59 2694 341 2732; baseline 0.004 -7"><span class='ocrx_word' id='word_1_732' title='bbox 59 2694 73 2709; x_wconf 91' lang='grc'>⁰</span> <span class='ocrx_word' id='word_1_733' title='bbox 86 2697 189 2725; x_wconf 84' lang='lat' dir='ltr'><strong>Matth.</strong></span> <span class='ocrx_word' id='word_1_734' title='bbox 203 2705 280 2732; x_wconf 75' lang='lat' dir='ltr'><strong>xv&quot;,</strong></span> <span class='ocrx_word' id='word_1_735' title='bbox 298 2701 341 2727; x_wconf 82' lang='lat'><strong>19.</strong></span> 
     </span>
    </p>
   </div>
   <div class='ocr_carea' id='block_1_100' title="bbox 867 2185 1666 2223">
    <p class='ocr_par' dir='ltr' id='par_1_100' title="bbox 867 2185 1666 2223">
     <span class='ocr_line' id='line_1_100' title="bbox 867 2185 1666 2223; baseline 0.004 -10"><span class='ocrx_word' id='word_1_736' title='bbox 867 2186 1054 2222; x_wconf 84' lang='lat' dir='ltr'><strong>pensationem</strong></span> <span class='ocrx_word' id='word_1_737' title='bbox 1070 2185 1170 2213; x_wconf 88' lang='lat' dir='ltr'><strong>ferunt.</strong></span> <span class='ocrx_word' id='word_1_738' title='bbox 1186 2187 1257 2214; x_wconf 85' lang='lat' dir='ltr'><strong>Nam</strong></span> <span class='ocrx_word' id='word_1_739' title='bbox 1270 2197 1282 2209; x_wconf 78' lang='grc' dir='ltr'><strong>ι</strong></span> <span class='ocrx_word' id='word_1_740' title='bbox 1299 2187 1349 2214; x_wconf 81' lang='lat' dir='ltr'><strong>Uti</strong></span> <span class='ocrx_word' id='word_1_741' title='bbox 1365 2186 1434 2220; x_wconf 90' lang='lat' dir='ltr'><strong>vult,</strong></span> <span class='ocrx_word' id='word_1_742' title='bbox 1449 2198 1461 2211; x_wconf 78' lang='grc' dir='ltr'>ι</span> <span class='ocrx_word' id='word_1_743' title='bbox 1477 2187 1574 2223; x_wconf 83' lang='lat' dir='ltr'><strong>inquit,</strong></span> <span class='ocrx_word' id='word_1_744' title='bbox 1590 2188 1626 2216; x_wconf 89' lang='lat' dir='ltr'><strong>ita</strong></span> <span class='ocrx_word' id='word_1_745' title='bbox 1637 2192 1666 2216; x_wconf 89' lang='lat' dir='ltr'><strong>et</strong></span> 
     </span>
    </p>
   </div>
   <div class='ocr_carea' id='block_1_101' title="bbox 868 2230 1665 2268">
    <p class='ocr_par' dir='ltr' id='par_1_101' title="bbox 868 2230 1665 2268">
     <span class='ocr_line' id='line_1_101' title="bbox 868 2230 1665 2268; baseline 0.005 -9"><span class='ocrx_word' id='word_1_746' title='bbox 868 2230 943 2260; x_wconf 86' lang='lat' dir='ltr'><strong>facit.</strong></span> <span class='ocrx_word' id='word_1_747' title='bbox 956 2232 997 2259; x_wconf 86' lang='lat' dir='ltr'><strong>Tu</strong></span> <span class='ocrx_word' id='word_1_748' title='bbox 1013 2239 1077 2259; x_wconf 90' lang='lat' dir='ltr'><strong>vero</strong></span> <span class='ocrx_word' id='word_1_749' title='bbox 1088 2231 1150 2267; x_wconf 91' lang='lat' dir='ltr'><strong>quis</strong></span> <span class='ocrx_word' id='word_1_750' title='bbox 1164 2238 1191 2258; x_wconf 86' lang='lat' dir='ltr'><strong>es</strong></span> <span class='ocrx_word' id='word_1_751' title='bbox 1202 2231 1247 2266; x_wconf 94' lang='lat' dir='ltr'><strong>qui</strong></span> <span class='ocrx_word' id='word_1_752' title='bbox 1262 2231 1332 2258; x_wconf 76' lang='lat' dir='ltr'><strong>istud</strong></span> <span class='ocrx_word' id='word_1_753' title='bbox 1349 2240 1422 2268; x_wconf 72' lang='lat' dir='ltr'><strong>mgre</strong></span> <span class='ocrx_word' id='word_1_754' title='bbox 1446 2232 1529 2262; x_wconf 77' lang='lat' dir='ltr'><strong>feras?</strong></span> <span class='ocrx_word' id='word_1_755' title='bbox 1544 2234 1665 2263; x_wconf 83' lang='lat' dir='ltr'><strong>Observa</strong></span> 
     </span>
    </p>
   </div>
   <div class='ocr_carea' id='block_1_102' title="bbox 869 2275 1665 2310">
    <p class='ocr_par' dir='ltr' id='par_1_102' title="bbox 869 2275 1665 2310">
     <span class='ocr_line' id='line_1_102' title="bbox 869 2275 1665 2310; baseline 0.005 -6"><span class='ocrx_word' id='word_1_756' title='bbox 869 2281 960 2305; x_wconf 87' lang='lat' dir='ltr'><strong>autem</strong></span> <span class='ocrx_word' id='word_1_757' title='bbox 976 2276 1048 2304; x_wconf 88' lang='lat' dir='ltr'><strong>istud</strong></span> <span class='ocrx_word' id='word_1_758' title='bbox 1072 2276 1100 2303; x_wconf 89' lang='lat' dir='ltr'><strong>in</strong></span> <span class='ocrx_word' id='word_1_759' title='bbox 1122 2275 1239 2310; x_wconf 83' lang='lat' dir='ltr'><strong>Spiritus</strong></span> <span class='ocrx_word' id='word_1_760' title='bbox 1264 2277 1352 2305; x_wconf 88' lang='lat' dir='ltr'><strong>sancti</strong></span> <span class='ocrx_word' id='word_1_761' title='bbox 1375 2277 1545 2306; x_wconf 84' lang='lat' dir='ltr'><strong>adversarios</strong></span> <span class='ocrx_word' id='word_1_762' title='bbox 1559 2279 1665 2308; x_wconf 88' lang='lat' dir='ltr'><strong>dictum</strong></span> 
     </span>
    </p>
   </div>
   <div class='ocr_carea' id='block_1_103' title="bbox 870 2319 1666 2356">
    <p class='ocr_par' dir='ltr' id='par_1_103' title="bbox 870 2319 1666 2356">
     <span class='ocr_line' id='line_1_103' title="bbox 870 2319 1666 2356; baseline 0.003 -7"><span class='ocrx_word' id='word_1_763' title='bbox 870 2329 930 2349; x_wconf 89' lang='lat' dir='ltr'><strong>esse</strong></span> <span class='ocrx_word' id='word_1_764' title='bbox 947 2331 953 2348; x_wconf 91' lang='lat'><strong>:</strong></span> <span class='ocrx_word' id='word_1_765' title='bbox 969 2328 1026 2348; x_wconf 89' lang='lat' dir='ltr'><strong>non</strong></span> <span class='ocrx_word' id='word_1_766' title='bbox 1038 2319 1112 2348; x_wconf 91' lang='lat' dir='ltr'><strong>enim</strong></span> <span class='ocrx_word' id='word_1_767' title='bbox 1128 2319 1369 2356; x_wconf 88' lang='lat' dir='ltr'><strong>Quemadmodum</strong></span> <span class='ocrx_word' id='word_1_768' title='bbox 1382 2321 1504 2356; x_wconf 71' lang='lat' dir='ltr'><strong>iubetur,</strong></span> <span class='ocrx_word' id='word_1_769' title='bbox 1523 2321 1583 2356; x_wconf 90' lang='lat' dir='ltr'><strong>sed,</strong></span> <span class='ocrx_word' id='word_1_770' title='bbox 1601 2334 1614 2347; x_wconf 81' lang='grc' dir='ltr'><strong>ι</strong></span> <span class='ocrx_word' id='word_1_771' title='bbox 1625 2323 1666 2351; x_wconf 93' lang='lat' dir='ltr'><strong>Ut</strong></span> 
     </span>
    </p>
   </div>
   <div class='ocr_carea' id='block_1_104' title="bbox 870 2364 1665 2401">
    <p class='ocr_par' dir='ltr' id='par_1_104' title="bbox 870 2364 1665 2401">
     <span class='ocr_line' id='line_1_104' title="bbox 870 2364 1665 2401; baseline 0.003 -8"><span class='ocrx_word' id='word_1_772' title='bbox 870 2366 937 2394; x_wconf 92' lang='lat' dir='ltr'><strong>vult.</strong></span> <span class='ocrx_word' id='word_1_773' title='bbox 955 2377 968 2390; x_wconf 74' lang='grc' dir='ltr'><strong>ιι</strong></span> <span class='ocrx_word' id='word_1_774' title='bbox 985 2366 1080 2400; x_wconf 86' lang='lat' dir='ltr'><strong>Itaque</strong></span> <span class='ocrx_word' id='word_1_775' title='bbox 1093 2364 1233 2393; x_wconf 88' lang='lat' dir='ltr'><strong>Dominus</strong></span> <span class='ocrx_word' id='word_1_776' title='bbox 1247 2368 1275 2392; x_wconf 89' lang='lat' dir='ltr'><strong>et</strong></span> <span class='ocrx_word' id='word_1_777' title='bbox 1287 2365 1363 2393; x_wconf 91' lang='lat' dir='ltr'><strong>Deus</strong></span> <span class='ocrx_word' id='word_1_778' title='bbox 1378 2369 1430 2393; x_wconf 88' lang='lat' dir='ltr'><strong>est.</strong></span> <span class='ocrx_word' id='word_1_779' title='bbox 1445 2367 1514 2399; x_wconf 87' lang='lat' dir='ltr'><strong>Nec,</strong></span> <span class='ocrx_word' id='word_1_780' title='bbox 1527 2365 1665 2401; x_wconf 83' lang='lat' dir='ltr'><strong>Efﬂcitur,</strong></span> 
     </span>
    </p>
   </div>
   <div class='ocr_carea' id='block_1_105' title="bbox 871 2410 1665 2446">
    <p class='ocr_par' dir='ltr' id='par_1_105' title="bbox 871 2410 1665 2446">
     <span class='ocr_line' id='line_1_105' title="bbox 871 2410 1665 2446; baseline 0.003 -8"><span class='ocrx_word' id='word_1_781' title='bbox 871 2410 930 2443; x_wconf 83' lang='lat' dir='ltr'><strong>sed,</strong></span> <span class='ocrx_word' id='word_1_782' title='bbox 946 2421 958 2435; x_wconf 80' lang='grc' dir='ltr'><strong><em>σ</em></strong></span> <span class='ocrx_word' id='word_1_783' title='bbox 974 2411 1123 2445; x_wconf 86' lang='lat' dir='ltr'><strong>Operatur,</strong></span> <span class='ocrx_word' id='word_1_784' title='bbox 1141 2420 1153 2432; x_wconf 77' lang='grc' dir='ltr'><strong>ιι</strong></span> <span class='ocrx_word' id='word_1_785' title='bbox 1180 2416 1258 2445; x_wconf 61' lang='lat' dir='ltr'><strong>atque</strong></span> <span class='ocrx_word' id='word_1_786' title='bbox 1275 2417 1306 2437; x_wconf 84' lang='lat' dir='ltr'><strong>ac</strong></span> <span class='ocrx_word' id='word_1_787' title='bbox 1332 2411 1435 2438; x_wconf 87' lang='lat' dir='ltr'><strong>Pater:</strong></span> <span class='ocrx_word' id='word_1_788' title='bbox 1465 2411 1554 2446; x_wconf 87' lang='lat' dir='ltr'><strong>inquit</strong></span> <span class='ocrx_word' id='word_1_789' title='bbox 1581 2412 1665 2446; x_wconf 88' lang='lat' dir='ltr'><strong>enim,</strong></span> 
     </span>
    </p>
   </div>
   <div class='ocr_carea' id='block_1_106' title="bbox 874 2454 1435 2491">
    <p class='ocr_par' dir='ltr' id='par_1_106' title="bbox 874 2454 1435 2491">
     <span class='ocr_line' id='line_1_106' title="bbox 874 2454 1435 2491; baseline 0.002 -10"><span class='ocrx_word' id='word_1_790' title='bbox 874 2465 888 2481; x_wconf 75' lang='grc' dir='ltr'><strong>α</strong></span> <span class='ocrx_word' id='word_1_791' title='bbox 902 2456 955 2491; x_wconf 90' lang='lat' dir='ltr'><strong>Qui</strong></span> <span class='ocrx_word' id='word_1_792' title='bbox 972 2459 1102 2490; x_wconf 89' lang='lat' dir='ltr'><strong>operatur</strong></span> <span class='ocrx_word' id='word_1_793' title='bbox 1115 2454 1209 2482; x_wconf 89' lang='lat' dir='ltr'><strong>omnia</strong></span> <span class='ocrx_word' id='word_1_794' title='bbox 1225 2454 1253 2481; x_wconf 92' lang='lat' dir='ltr'><strong>in</strong></span> <span class='ocrx_word' id='word_1_795' title='bbox 1268 2455 1405 2483; x_wconf 91' lang='lat' dir='ltr'><strong>omnibus.</strong></span> <span class='ocrx_word' id='word_1_796' title='bbox 1422 2467 1435 2479; x_wconf 79' lang='grc' dir='ltr'><strong>ι</strong></span> 
     </span>
    </p>
   </div>
   <div class='ocr_carea' id='block_1_107' title="bbox 909 2499 1669 2536">
    <p class='ocr_par' dir='ltr' id='par_1_107' title="bbox 909 2499 1669 2536">
     <span class='ocr_line' id='line_1_107' title="bbox 909 2499 1669 2536; baseline 0.004 -9"><span class='ocrx_word' id='word_1_797' title='bbox 909 2502 993 2528; x_wconf 75' lang='lat' dir='ltr'><strong>Vsus.</strong></span> <span class='ocrx_word' id='word_1_798' title='bbox 1011 2502 1055 2528; x_wconf 81' lang='lat'><strong>12.</strong></span> <span class='ocrx_word' id='word_1_799' title='bbox 1073 2511 1086 2523; x_wconf 78' lang='grc' dir='ltr'><strong>α</strong></span> <span class='ocrx_word' id='word_1_800' title='bbox 1101 2500 1177 2527; x_wconf 88' lang='lat' dir='ltr'><strong>Sicut</strong></span> <span class='ocrx_word' id='word_1_801' title='bbox 1186 2499 1260 2527; x_wconf 89' lang='lat' dir='ltr'><strong>enim</strong></span> <span class='ocrx_word' id='word_1_802' title='bbox 1271 2507 1370 2536; x_wconf 87' lang='lat' dir='ltr'><strong>corpus</strong></span> <span class='ocrx_word' id='word_1_803' title='bbox 1382 2509 1468 2528; x_wconf 92' lang='lat' dir='ltr'><strong>unum</strong></span> <span class='ocrx_word' id='word_1_804' title='bbox 1482 2505 1534 2535; x_wconf 84' lang='lat' dir='ltr'><strong>est,</strong></span> <span class='ocrx_word' id='word_1_805' title='bbox 1544 2505 1572 2530; x_wconf 89' lang='lat' dir='ltr'><strong>et</strong></span> <span class='ocrx_word' id='word_1_806' title='bbox 1584 2509 1669 2530; x_wconf 89' lang='lat' dir='ltr'><strong>mem-</strong></span> 
     </span>
    </p>
   </div>
   <div class='ocr_carea' id='block_1_108' title="bbox 873 2545 1670 2583">
    <p class='ocr_par' dir='ltr' id='par_1_108' title="bbox 873 2545 1670 2583">
     <span class='ocr_line' id='line_1_108' title="bbox 873 2545 1670 2583; baseline 0.004 -11"><span class='ocrx_word' id='word_1_807' title='bbox 873 2545 922 2573; x_wconf 89' lang='lat' dir='ltr'><strong>bra</strong></span> <span class='ocrx_word' id='word_1_808' title='bbox 947 2545 1029 2573; x_wconf 87' lang='lat' dir='ltr'><strong>habet</strong></span> <span class='ocrx_word' id='word_1_809' title='bbox 1045 2545 1131 2572; x_wconf 82' lang='lat' dir='ltr'><strong>multa</strong></span> <span class='ocrx_word' id='word_1_810' title='bbox 1147 2555 1153 2573; x_wconf 90' lang='lat'>:</span> <span class='ocrx_word' id='word_1_811' title='bbox 1170 2545 1264 2573; x_wconf 90' lang='lat' dir='ltr'><strong>omnia</strong></span> <span class='ocrx_word' id='word_1_812' title='bbox 1284 2549 1379 2574; x_wconf 89' lang='lat' dir='ltr'><strong>autem</strong></span> <span class='ocrx_word' id='word_1_813' title='bbox 1399 2546 1523 2574; x_wconf 88' lang='lat' dir='ltr'><strong>membra</strong></span> <span class='ocrx_word' id='word_1_814' title='bbox 1545 2547 1670 2583; x_wconf 86' lang='lat' dir='ltr'><strong>corporis</strong></span> 
     </span>
    </p>
   </div>
   <div class='ocr_carea' id='block_1_109' title="bbox 874 2589 1670 2626">
    <p class='ocr_par' dir='ltr' id='par_1_109' title="bbox 874 2589 1670 2626">
     <span class='ocr_line' id='line_1_109' title="bbox 874 2589 1670 2626; baseline 0.001 -9"><span class='ocrx_word' id='word_1_815' title='bbox 874 2590 960 2617; x_wconf 90' lang='lat' dir='ltr'><strong>multa</strong></span> <span class='ocrx_word' id='word_1_816' title='bbox 975 2597 1040 2618; x_wconf 90' lang='lat' dir='ltr'><strong>cum</strong></span> <span class='ocrx_word' id='word_1_817' title='bbox 1065 2589 1132 2623; x_wconf 86' lang='lat' dir='ltr'><strong>sint,</strong></span> <span class='ocrx_word' id='word_1_818' title='bbox 1149 2597 1234 2617; x_wconf 94' lang='lat' dir='ltr'><strong>unum</strong></span> <span class='ocrx_word' id='word_1_819' title='bbox 1257 2594 1322 2617; x_wconf 87' lang='lat' dir='ltr'><strong>sunt</strong></span> <span class='ocrx_word' id='word_1_820' title='bbox 1337 2598 1437 2626; x_wconf 88' lang='lat' dir='ltr'><strong>corpus</strong></span> <span class='ocrx_word' id='word_1_821' title='bbox 1454 2599 1462 2618; x_wconf 88' lang='lat'><strong>:</strong></span> <span class='ocrx_word' id='word_1_822' title='bbox 1477 2591 1518 2618; x_wconf 89' lang='lat' dir='ltr'><strong>sic</strong></span> <span class='ocrx_word' id='word_1_823' title='bbox 1539 2595 1568 2618; x_wconf 89' lang='lat' dir='ltr'><strong>ct</strong></span> <span class='ocrx_word' id='word_1_824' title='bbox 1592 2591 1670 2619; x_wconf 89' lang='lat' dir='ltr'><strong>Chri-</strong></span> 
     </span>
    </p>
   </div>
   <div class='ocr_carea' id='block_1_110' title="bbox 873 2632 1670 2669">
    <p class='ocr_par' dir='ltr' id='par_1_110' title="bbox 873 2632 1670 2669">
     <span class='ocr_line' id='line_1_110' title="bbox 873 2632 1670 2669; baseline 0.001 -9"><span class='ocrx_word' id='word_1_825' title='bbox 873 2636 943 2661; x_wconf 88' lang='lat' dir='ltr'><strong>stus.</strong></span> <span class='ocrx_word' id='word_1_826' title='bbox 962 2643 975 2656; x_wconf 69' lang='lat' dir='ltr'><strong>n</strong></span> <span class='ocrx_word' id='word_1_827' title='bbox 991 2632 1127 2668; x_wconf 81' lang='lat' dir='ltr'><strong>Exemplo</strong></span> <span class='ocrx_word' id='word_1_828' title='bbox 1155 2639 1171 2660; x_wconf 81' lang='lat' dir='ltr'><strong>a</strong></span> <span class='ocrx_word' id='word_1_829' title='bbox 1191 2640 1307 2668; x_wconf 90' lang='lat' dir='ltr'><strong>corpore</strong></span> <span class='ocrx_word' id='word_1_830' title='bbox 1321 2637 1444 2669; x_wconf 86' lang='lat' dir='ltr'><strong>sumpto,</strong></span> <span class='ocrx_word' id='word_1_831' title='bbox 1465 2633 1623 2661; x_wconf 84' lang='lat' dir='ltr'><strong>consolatur</strong></span> <span class='ocrx_word' id='word_1_832' title='bbox 1636 2633 1670 2661; x_wconf 92' lang='lat' dir='ltr'><strong>il-</strong></span> 
     </span>
    </p>
   </div>
   <div class='ocr_carea' id='block_1_111' title="bbox 719 2735 986 2766">
    <p class='ocr_par' dir='ltr' id='par_1_111' title="bbox 719 2735 986 2766">
     <span class='ocr_line' id='line_1_111' title="bbox 719 2735 986 2766; baseline 0 0"><span class='ocrx_word' id='word_1_833' title='bbox 719 2735 815 2766; x_wconf 70' lang='lat' dir='ltr'><strong>Variae</strong></span> <span class='ocrx_word' id='word_1_834' title='bbox 837 2736 986 2766; x_wconf 81' lang='lat' dir='ltr'><strong>lectiones.</strong></span> 
     </span>
    </p>
   </div>
   <div class='ocr_carea' id='block_1_112' title="bbox 63 2803 750 2844">
    <p class='ocr_par' dir='ltr' id='par_1_112' title="bbox 63 2803 750 2844">
     <span class='ocr_line' id='line_1_112' title="bbox 63 2803 750 2844; baseline 0.009 -14"><span class='ocrx_word' id='word_1_835' title='bbox 63 2803 83 2820; x_wconf 83' lang='grc'><strong>⁸⁸</strong></span> <span class='ocrx_word' id='word_1_836' title='bbox 97 2803 225 2832; x_wconf 64' lang='grc' dir='ltr'>δείκνυται</span> <span class='ocrx_word' id='word_1_837' title='bbox 238 2813 267 2834; x_wconf 88' lang='lat' dir='ltr'><strong>o.</strong></span> <span class='ocrx_word' id='word_1_838' title='bbox 309 2805 332 2823; x_wconf 65' lang='grc' dir='ltr'><strong>⁸ο</strong></span> <span class='ocrx_word' id='word_1_839' title='bbox 348 2806 448 2842; x_wconf 78' lang='grc' dir='ltr'>μᾶλλον</span> <span class='ocrx_word' id='word_1_840' title='bbox 463 2806 489 2834; x_wconf 81' lang='grc' dir='ltr'>δὲ</span> <span class='ocrx_word' id='word_1_841' title='bbox 503 2807 546 2833; x_wconf 75' lang='grc' dir='ltr'><strong>καὶ</strong></span> <span class='ocrx_word' id='word_1_842' title='bbox 557 2806 709 2844; x_wconf 75' lang='grc' dir='ltr'>ἐπιστομίζει</span> <span class='ocrx_word' id='word_1_843' title='bbox 724 2816 750 2837; x_wconf 94' lang='lat' dir='ltr'><strong>o.</strong></span> 
     </span>
    </p>
   </div>
   <div class='ocr_carea' id='block_1_113' title="bbox 165 2850 481 2880">
    <p class='ocr_par' dir='ltr' id='par_1_113' title="bbox 165 2850 481 2880">
     <span class='ocr_line' id='line_1_113' title="bbox 165 2850 481 2880; baseline 0.003 -3"><span class='ocrx_word' id='word_1_844' title='bbox 165 2850 282 2879; x_wconf 76' lang='lat' dir='ltr'><strong>PATROL.</strong></span> <span class='ocrx_word' id='word_1_845' title='bbox 301 2851 351 2879; x_wconf 79' lang='lat' dir='ltr'><strong>Gn.</strong></span> <span class='ocrx_word' id='word_1_846' title='bbox 373 2851 481 2880; x_wconf 83' lang='lat' dir='ltr'><strong>CXXIV.</strong></span> 
     </span>
    </p>
   </div>
   <div class='ocr_carea' id='block_1_114' title="bbox 1479 2856 1513 2882">
    <p class='ocr_par' dir='ltr' id='par_1_114' title="bbox 1479 2856 1513 2882">
     <span class='ocr_line' id='line_1_114' title="bbox 1479 2856 1513 2882; baseline 0 0"><span class='ocrx_word' id='word_1_847' title='bbox 1479 2856 1513 2882; x_wconf 72' lang='lat'><strong>23</strong></span> 
     </span>
    </p>
   </div>
  </div>
