1867 3081
228 155 276 181 7H

729 150 987 179 THEOPHYLACTI
1005 150 1184 178 BULGARhE
1203 150 1360 178 ARCHIEP.

1812 153 1847 179 7l2

228 219 320 242 autem
340 222 397 241 non
418 213 470 247 sic;
490 221 586 241 verum
597 212 619 241 is
642 216 734 241 mente
755 213 847 241 sobria
865 216 962 241 cuncta
986 212 1014 241 lo

1079 213 1216 252 προφήτης
1229 214 1279 252 οὐχ
1302 212 1401 248 οὕτως,
1424 211 1493 242 ἀλλὰ
1519 211 1588 250 μετὰ
1610 213 1729 246 διανοίας
1742 213 1848 252 νηφούσης

227 259 329 295 quitur.
344 260 406 287 Hoc
421 258 505 294 igitur
519 261 560 285 est
575 257 692 293 primum
707 257 818 294 signum
833 257 904 285 vatis
918 257 1023 286 daemo-

227 303 308 337 niaci,
321 307 348 330 et
362 303 503 339 propheta:
517 302 609 330 divini.

263 350 352 376 Vsus.
370 351 396 375 3.
409 347 475 375 Ideo
490 351 589 375 notum
608 347 685 375 vobis
701 346 783 381 facio,
800 346 874 383 quod
893 354 975 375 nemo
994 346 1022 373 in

226 393 329 429 Spiritu
339 392 390 420 Dei
399 392 597 428 loquens,dicit
608 391 752 419 anathema
766 393 863 419 Jesum
877 401 883 419 :
899 395 928 419 et
940 399 1022 419 nemo

227 441 318 473 potest
347 437 438 465 dicere
471 437 621 464 Dominum
653 438 759 468 Jesum.
784 436 836 464 nisi
867 436 896 463 in
920 436 1022 472 Spiritu

225 486 330 510 sancto.
348 493 362 506 ιν
385 482 479 510 Etiam
500 481 553 509 hoc
572 481 620 509 tibi
638 481 746 516 signum
766 481 802 508 sit
825 480 903 514 vatis,
923 488 1023 516 nempe

225 526 371 561 exsecrari,
397 525 594 562 blasphemare,
610 525 792 561 conviciisque
819 525 954 553 incessere
977 526 1021 552 Je-

225 579 306 600 sum:
324 570 464 607 propheta?
484 578 558 604 vero,
582 570 654 598 haud
671 571 737 598 citra
757 570 925 606 praconium
942 570 1021 597 nomi

224 624 289 644 nare
300 616 413 644 Domini
444 623 556 643 nomen.
579 614 651 650 Quid
671 615 752 650 igitur
769 615 959 642 catechumeni
983 614 1021 642 fa-

224 661 317 689 ciunt?
338 660 485 696 Quomodo
507 660 552 688 isti
584 659 710 687 nondum
736 660 867 687 habentes
887 659 1020 694 Spiritum

224 705 506 739 sanctum,nominant
518 706 636 732 Jesum?
655 705 757 732 Verum
769 703 804 731 de
824 703 865 731 his
877 711 951 731 nunc
963 712 1021 731 non

223 755 265 778 est
276 758 377 783 sermo,
391 753 522 778 caeterum
537 748 572 777 de
590 748 718 776 ﬁdelibus
731 753 758 776 et
770 748 934 776 inﬁdelibus.
947 747 1020 784 Quid

222 803 286 823 vero
296 794 436 823 daemones
446 796 458 821 ?
469 795 567 822 Nonne
581 801 683 821 nomen
698 793 808 821 Domini
821 793 1019 821 nominabant?

222 840 298 873 Imo;
312 840 358 868 sed
372 839 464 875 ﬂagris
482 839 544 867 caesi
564 843 592 866 et
614 838 701 866 coacti
721 842 818 873 suapte
834 845 898 866 vero
922 842 1020 873 sponte

222 888 250 912 et
263 883 314 912 nisi
329 885 500 920 vapulantes,
513 890 666 918 nunquam.

257 930 345 957 Vnus.
360 932 387 957 4.
402 940 414 953 ιι
431 927 588 957 Divisiones
598 931 691 955 autem
704 927 841 955 donorum
852 931 927 960 sunt,
943 926 1017 954 idem

1030 877 1054 909 Β

221 981 284 1002 vero
307 974 434 1010 Spiritus.
464 985 476 997 ι
502 973 571 1000 Cum
594 972 744 1000 discrimen
770 972 843 999 inter
867 979 964 999 verum
992 975 1019 999 et

219 1018 320 1046 falsum
335 1018 498 1054 prophetam
519 1016 680 1050 indicasset,
699 1017 783 1044 etiam
803 1016 837 1045 de
856 1015 938 1044 donis
957 1016 1018 1051 Spi-

219 1063 288 1091 ritus
299 1063 420 1095 disserit,
436 1066 466 1090 ut
477 1069 526 1090 eos
537 1062 622 1089 etiam
634 1061 766 1097 corrigat,
782 1061 828 1096 qui
847 1061 875 1088 in
891 1060 950 1088 istis
961 1060 1015 1088 dis—

219 1107 318 1135 sident.
330 1109 371 1134 Ac
384 1107 503 1142 primum
522 1113 586 1134 eum
608 1110 697 1140 curat,
720 1105 768 1141 qui
793 1104 886 1132 minus
909 1104 1015 1132 donum

219 1152 331 1187 accepit,
347 1159 380 1179 ac
402 1155 545 1187 propterea
566 1154 673 1179 moeret.
698 1151 754 1178 Cur
774 1150 847 1177 enim
869 1149 956 1182 doles,
970 1149 1016 1177 in-

218 1197 288 1233 quit,
302 1195 376 1232 quod
391 1204 447 1223 non
468 1200 575 1223 tantum
598 1195 725 1231 accepisti
742 1199 826 1230 atque
847 1193 934 1222 alius?
953 1195 1015 1222 Non

218 1241 295 1270 enim
309 1241 432 1269 debitum
447 1244 500 1275 est,
515 1240 565 1268 sed
582 1239 717 1268 charisma
743 1243 771 1267 et
784 1239 898 1267 donum.
920 1240 1015 1274 Itaque

218 1286 319 1322 gratias
333 1294 394 1322 age,
416 1285 490 1321 quod
510 1284 577 1312 nihil
597 1285 646 1313 tibi
667 1286 740 1312 Deus
760 1292 826 1312 cum
841 1283 952 1317 debeat,
968 1283 1019 1310 ali-

216 1330 281 1366 quid
292 1339 358 1359 sane
367 1330 492 1359 dederit:
515 1330 571 1358 imo
593 1337 657 1357 vero
683 1329 756 1357 idem
779 1333 830 1362 est,
852 1329 900 1364 qui
921 1332 949 1356 et
969 1327 1018 1356 tibi

217 1380 244 1404 et
258 1376 295 1404 illi
308 1376 425 1411 largitus
443 1379 484 1403 est
502 1376 582 1402 Deus.
603 1376 665 1402 Non
680 1374 755 1402 enim
779 1373 829 1402 tibi
843 1373 954 1409 angelus
968 1372 1014 1400 de-

1077 259 1165 286 πάντα
1201 257 1341 298 φθέγγεται
1366 267 1373 274 ·
1399 256 1469 287 ὥστε
1511 259 1589 286 τοῦτο
1623 258 1735 296 πρῶτον
1760 260 1845 295 σημεῖον

1078 302 1196 340 μάντεως
1213 301 1401 340 δαιμονιώδους
1415 302 1462 331 καὶ
1475 301 1612 342 προφήτου
1626 302 1713 331 Θείου.

1121 358 1135 375 ιι
1160 346 1208 376 Διὸ
1231 346 1349 386 γνωρίζω
1364 348 1427 384 ὑμῖν
1440 369 1448 385 ,
1470 346 1510 376 ὅτι
1537 347 1620 379 οὐδεὶς
1645 345 1784 384 Πνεύματι
1797 347 1847 377 Θεοῦ

1075 391 1182 426 λαλῶν,
1199 391 1270 430 λέγει
1297 391 1415 429 ἀνάθεμα
1430 390 1533 426 Ἰησοῦν
1547 402 1554 410 ο
1582 390 1627 420 καὶ
1654 391 1740 423 οὐδεὶς
1761 391 1849 420 δύναιίι

1075 437 1156 465 εἰπεῖν
1174 435 1271 475 Κύριον
1297 435 1418 472 Ἰησοῦν,
1447 437 1470 466 εἰ
1498 435 1536 473 μὴ
1551 437 1579 465 ἐν
1595 435 1738 473 Πνεύματι
1761 435 1846 475 ἁγίῳ..

1077 481 1132 510 Καὶ
1157 483 1247 515 τοῦτο,
1268 481 1352 521 φησὶ,
1376 480 1486 518 σημεῖον
1515 481 1585 509 ἔστω
1608 491 1652 509 σοι
1677 480 1806 518 μάντεως,
1827 481 1848 510 τὸ

1076 524 1282 563 ἀναθεματίζειν
1295 548 1303 560 ,
1321 524 1379 561 ἤτοι
1400 526 1570 565 βλασφημεῖν
1591 525 1638 554 καὶ
1659 525 1847 563 κακολογεῖντὸσ

1075 568 1180 605 Ἰησοῦν
1196 581 1203 588 ·
1219 569 1264 598 καὶ
1278 565 1329 606 αὖ,
1343 569 1480 610 προφήτου
1490 592 1497 603 ,
1514 569 1544 599 τὸ
1559 569 1698 607 ὀνομάζειν
1714 569 1845 609 εὐφήμωςἸ

1074 614 1104 643 τὸ
1118 616 1164 643 τοῦ
1183 613 1285 653 Κυρίου
1311 614 1406 652 ὄνομα.
1423 614 1460 644 Τί
1479 609 1524 643 οὖν
1539 614 1563 644 οἱ
1578 613 1790 653 κατηχούμενοι,
1808 617 1846 647 πῶς

1074 659 1111 696 μὴ
1137 659 1239 698 ἔχοντες
1265 658 1339 688 οὔπω
1377 659 1486 696 Πνεῦμα
1520 658 1612 698 ἅγιον,
1639 659 1793 696 ὀνομάζουσι
1816 660 1845 687 τὸν

1074 703 1192 742 Ἰησοῦνς
1208 703 1278 733 Ἀλλ’
1295 704 1326 733 οὗ
1348 703 1409 743 περὶ
1432 702 1533 733 τούτων
1557 705 1602 732 νῦν
1618 704 1632 732 ὃ
1655 703 1752 741 λόγος,
1767 703 1818 742 περὶ
1829 703 1846 722 ¹¹

1074 749 1101 778 δὲ
1119 749 1220 777 πιστῶν
1243 747 1289 778 καὶ
1305 747 1436 778 ἀπίστων.
1450 747 1487 778 Τί
1507 747 1535 777 δὲ
1552 748 1576 777 οἱ
1590 747 1729 785 δαίμονες;
1743 748 1786 776 οὐκ
1797 748 1846 777 ὦνό-

1073 793 1155 831 μαζον
1186 793 1216 822 τὸ
1242 791 1325 831 ὄνομα
1350 795 1396 822 τοῦ
1422 792 1542 831 Κυρίαις
1569 792 1651 822 Ἀλλὰ
1686 792 1847 830 μαστιζόμινοι

1073 837 1118 867 καὶ
1142 833 1352 875 ἀναγκαζόμενοι
1368 848 1375 855 ·
1396 837 1499 871 ἑκόντες
1528 837 1556 866 δὲ
1582 837 1628 866 καὶ
1657 838 1697 876 μὴ
1728 837 1845 875 μαστιγοῦ-

1074 893 1146 920 μενοι
1161 882 1286 920 μηδαμοῦ
1299 882 1338 912 ⁸³.

1117 936 1131 953 (ι
1155 926 1302 966 Διαιρέσεις
1328 926 1355 955 δὲ
1379 926 1557 966 χαρισμάτων
1591 926 1661 962 εἰσὶ,
1693 927 1724 956 τὸ
1753 926 1777 956 δὲ
1800 926 1845 955 αὐτὸ

1073 971 1194 1009 Πνεῦμα.
1211 984 1223 997 ιο
1243 971 1321 1001 Μετὰ
1337 970 1366 999 τὸ
1382 970 1465 1004 δεῖξαι
1482 971 1509 990 ⁸³
1530 970 1578 1006 τὴν
1594 971 1728 1011 διαφορὰν
1743 975 1784 1000 τοῦ
1797 982 1845 1010 προ-

1072 1015 1155 1055 φήτου
1177 1017 1282 1045 καὶτοῦ
1297 1015 1517 1055 ψευδοπροφήτου
1528 1039 1536 1052 ,
1559 1016 1606 1045 καὶ
1621 1016 1687 1056 περὶ
1711 1017 1762 1046 τῶν
1784 1027 1843 1056 χαρι-

1070 1060 1179 1099 σμάτων
1194 1061 1220 1079 ⁸⁵
1235 1061 1316 1100 φησὶν
1329 1083 1337 1096 ,
1360 1059 1404 1090 ἵνα
1419 1060 1466 1089 καὶ
1481 1060 1541 1094 τοὺς
1557 1062 1583 1089 ἐν
1606 1060 1712 1094 τούτοις
1734 1061 1846 1090 διστασιά-

1070 1107 1160 1138 ζοντας
1183 1105 1371 1144 διορθώσηται.
1399 1104 1452 1135 Καὶ
1477 1107 1583 1145 πρῶτον
1610 1105 1751 1144 θεραπεύει
1770 1105 1807 1134 τὸν
1826 1104 1845 1134 τὸ

1069 1149 1176 1179 ἔλαττον
1197 1150 1320 1189 χάρισμα
1347 1149 1482 1186 λαϐόντα,
1503 1149 1609 1179 καὶδιᾶ
1622 1152 1705 1179 τοῦτο
1729 1151 1843 1188 ἀλγοῦντι-

1069 1193 1146 1227 Τίνος
1160 1194 1211 1233 γὰρ
1233 1194 1320 1224 ἕνεκεν
1335 1195 1435 1233 ἀλγεῖς,
1454 1193 1495 1223 ὅτι
1509 1195 1558 1224 οὐκ
1572 1194 1670 1228 ἔλαϐες
1685 1194 1746 1224 ὅσον
1764 1194 1842 1233 ἕτερος

1075 1237 1122 1274 Μὴ
1138 1238 1190 1278 γὰρ
1215 1239 1307 1279 ὄφειλή
1336 1240 1423 1275 ἐστιν,
1453 1238 1523 1268 ἀλλὰ
1549 1239 1673 1278 χάρισμα
1702 1239 1746 1268 καὶ
1771 1238 1842 1278 δωρεά,

1073 1282 1158 1312 σΩστε
1183 1283 1351 1323 εὐχαρίστει,
1383 1282 1424 1313 ὅτι
1445 1283 1519 1313 οὐδέν
1536 1294 1578 1312 σοι
1603 1283 1718 1323 ὀφείλων
1743 1285 1755 1313 ὁ
1779 1283 1843 1317 Θεὸς,

1073 1327 1141 1361 ὅλως
1151 1327 1177 1346 ⁸⁸³
1193 1328 1291 1357 δέδωκέ
1305 1340 1331 1357 τι
1344 1339 1350 1346 ·
1378 1327 1449 1358 ἄλλα
1466 1328 1511 1358 καὶ
1527 1330 1541 1358 ὁ
1556 1327 1634 1361 αὐτός
1656 1329 1716 1357 ἐστι
1730 1327 1802 1366 δοτὴρ
1813 1327 1843 1355 ui

1047 1403 1055 1415 '
1074 1372 1115 1401 σοὶ
1130 1372 1243 1412 κάκείνῳ
1259 1374 1273 1401 ὃ
1287 1371 1366 1406 Θεός.
1392 1373 1434 1402 Οὐ
1450 1372 1502 1412 γὰρ
1522 1372 1565 1402 σοὶ
1584 1372 1633 1410 μὲν
1658 1373 1768 1412 ἄγγελος
1783 1372 1843 1401 δέδω-

216 1419 266 1452 dit,
284 1420 322 1448 illi
343 1405 407 1448 vero
427 1421 501 1447 Deus
520 1428 527 1445 :
550 1427 645 1446 verum
662 1418 736 1446 idem
752 1418 859 1453 utrique
879 1405 1011 1452 Spiritus.

1074 1428 1115 1446 κεν
1129 1441 1137 1455 ν
1155 1405 1246 1457 ἐκείνῷ
1266 1417 1293 1446 δὲ
1309 1417 1400 1451 ὃΘεός
1413 1426 1421 1434 ⁸
1528 1417 1560 1446 τὸ
1573 1405 1637 1446 αὐτὸ
1652 1405 1765 1456 Πνεῦμα
1777 1418 1840 1456 ἀμφο-

252 1511 340 1538 Vsns.
351 1512 377 1536 5.
395 1521 407 1533 αι
420 1510 461 1536 Ac
475 1507 623 1536 divisiones
633 1506 868 1535 ministrationum
881 1510 954 1538 sunt,
965 1505 1014 1534 sed

216 1554 291 1582 idem
307 1554 452 1582 Dominus.
473 1564 483 1576 ιι
500 1551 628 1580 Meminit
640 1555 666 1579 et
682 1551 751 1585 Filii,
767 1555 898 1586 tanquam
911 1550 1015 1578 datoris

217 1600 364 1626 bonorum.
378 1598 528 1626 Dolentem
548 1604 630 1632 porro
645 1596 744 1632 majori
768 1595 955 1623 consolatione
969 1603 1012 1624 re-

215 1643 319 1677 ﬁciens,
336 1653 348 1666 α
373 1641 614 1674 Ministrationum,
631 1650 644 1666 ι)
659 1640 738 1668 dixit.
757 1640 809 1676 Qui
831 1639 904 1668 enim
923 1640 1013 1668 chari-

215 1687 310 1716 smatis
334 1686 499 1714 vocabulum
520 1685 669 1718 audiverat,
693 1689 720 1712 et
742 1685 835 1712 minus
859 1688 1011 1720 acceperat,

215 1732 332 1760 fortasse
343 1731 405 1768 angi
421 1735 504 1766 queat
519 1731 623 1765 animo,
637 1738 686 1758 ceu
710 1730 782 1758 circa
797 1729 900 1758 donum
917 1729 1013 1758 immi-

215 1781 300 1805 nutus
322 1785 329 1805 :
349 1776 395 1813 qui
414 1783 479 1804 vero
503 1775 647 1803 ministerii
669 1783 766 1803 vocem
788 1774 932 1808 audiverit,
956 1782 1012 1802 non

214 1822 254 1850 ita
268 1832 274 1850 :
287 1821 390 1850 laboris
408 1821 484 1849 enim
497 1825 525 1849 et
536 1820 645 1848 sudoris
658 1819 709 1848 hoc
724 1823 768 1847 est
778 1819 920 1847 indicium.
937 1818 1011 1854 Quid

215 1867 290 1895 enim
312 1867 397 1900 doles,
415 1866 437 1894 si
455 1865 539 1894 alium
559 1865 619 1901 plus
633 1872 715 1901 quam
734 1868 760 1892 te
778 1864 905 1892 laborare
918 1863 1010 1900 jussit,

215 1919 329 1948 parcens
343 1911 466 1939 videlicet
482 1911 549 1939 tibi?

250 1959 339 1986 Vens.
359 1960 386 1984 6.
413 1968 425 1980 ιι
449 1955 604 1983 Divisiones
627 1954 708 1982 etiam
731 1953 920 1990 operationum
935 1955 1010 1987 sunt,

214 2001 287 2030 idem
300 2009 363 2029 vero
386 2003 461 2028 Deus
475 2000 521 2035 qui
536 2003 664 2035 operatur
687 1999 780 2026 omnia
797 1998 824 2026 in
839 1998 976 2026 omnibus.
995 2009 1009 2022 ν

215 2047 302 2074 Patris
325 2045 370 2073 hic
383 2044 555 2072 mentionem
573 2043 649 2076 facit,
670 2043 715 2078 qui
735 2047 864 2078 operatur
875 2043 968 2070 omnia
982 2043 1011 2069 in

1071 1473 1162 1501 τεροις.

1114 1518 1129 1535 α
1156 1506 1211 1536 Καὶ
1241 1507 1382 1547 διαιρέσεις
1415 1507 1552 1536 διακονιῶν
1589 1507 1671 1544 εἰσιν,
1698 1510 1713 1537 ὁ
1739 1507 1764 1537 δὲ
1787 1506 1841 1537 αὐτὸ(

1070 1549 1178 1591 Κύριος.
1206 1565 1218 1577 ι»
1237 1551 1382 1588 Μέμνηται
1404 1551 1450 1581 καὶ
1472 1554 1518 1580 τοῦ
1538 1552 1671 1587 Υἱοῦ,ὣς
1693 1551 1841 1591 δοτῆροςτῦν

1070 1596 1185 1634 ἀγαθῶν.
1215 1595 1460 1635 Παραμυθούμενος
1487 1595 1515 1625 δὲ
1543 1595 1624 1625 πλέον
1649 1596 1697 1626 τὸν
1719 1597 1840 1634 ἀλγοῦντι,

1074 1650 1088 1668 (ι
1102 1642 1249 1670 Διακονιῶν
1260 1662 1268 1676 ,
1285 1653 1300 1668 ιι
1315 1635 1398 1670 εἶπεν.
1418 1640 1453 1670 ⁸0
1466 1640 1513 1678 μὲν
1532 1639 1584 1679 γὰρ
1599 1640 1725 1680 χάρισμα
1740 1639 1841 1674 οἰκούσας,

1068 1684 1114 1714 καὶ
1131 1685 1239 1714 ἔλαττον
1259 1684 1368 1723 λαϐὼν,
1385 1684 1449 1718 ἴσως
1473 1684 1506 1714 ἂν
1532 1685 1672 1724 ἀλγήσειεν
1692 1688 1728 1720 ὡς
1751 1686 1841 1715 ἔλατ-ιω·

1068 1728 1120 1762 θεὶς
1135 1729 1195 1769 περὶ
1219 1729 1267 1765 τὴν
1284 1729 1384 1769 δωρεάν
1401 1741 1408 1748 ·
1425 1731 1439 1758 ὁ
1462 1730 1490 1758 δὲ
1514 1729 1666 1766 διακονίαν,
1685 1731 1733 1770 οὐχ
1746 1729 1840 1767 ὁμοίως·

1068 1774 1148 1804 πόνου
1176 1773 1228 1813 γὰρ
1255 1773 1301 1803 καὶ
1325 1775 1434 1815 ἱδρῶτος
1459 1773 1617 1804 ἐνδεικτικὸν
1650 1778 1737 1805 τοῦτο.
1759 1775 1791 1804 Τί
1804 1772 1840 1811 rip

1068 1818 1171 1857 ἀλγεῖς,
1195 1819 1218 1848 εἰ
1232 1817 1321 1858 ἕτερον
1341 1818 1452 1848 πλείονα
1474 1820 1591 1855 πονῆσαι
1605 1817 1632 1843 ⁸7
1651 1819 1787 1854 ἐκέλευσε,
1806 1817 1839 1846 σοῦ
1864 1817 1865 1846 i

1066 1863 1222 1903 φεισάμενος
1231 1875 1240 1901 ;

1109 1963 1124 1980 ιι
1149 1951 1204 1982 Καὶ
1229 1951 1370 1992 διαιρέσεις
1393 1951 1580 1992 ἐνεργημάτων
1602 1952 1687 1989 εἰσὶν,
1704 1954 1718 1982 6
1732 1950 1758 1982 δὲ
1778 1948 1837 1980 αὐτὸς

1065 1995 1133 2029 Θεὸς
1147 1998 1160 2025 ὁ
1176 1996 1288 2036 ἐνεργῶν
1305 1997 1340 2026 τὰ
1363 1996 1451 2026 πάντα
1466 1998 1492 2027 ἐν
1515 2001 1608 2028 πᾶσιν.
1632 2008 1648 2027 ο
1667 1997 1793 2028 Ἐνταῦθα
1806 1993 1838 2023 καὶ

1065 2043 1110 2070 τοῦ
1136 2041 1241 2080 Πατρὸς
1260 2041 1395 2080 ἐμνήσθη,
1419 2041 1447 2074 ὃς
1469 2042 1570 2082 ἐνεργεῖ
1594 2041 1628 2072 τὰ
1651 2039 1838 2082 ἕνεργήματαέν

215 2090 343 2119 omnibus
369 2089 504 2116 ﬁdelibus.
534 2088 574 2115 Eu
596 2087 640 2115 hic
662 2086 827 2115 Trinitatem
851 2086 1008 2122 perlectam.

1074 2091 1134 2115 πᾶσι
1161 2088 1215 2118 τοῖς
1237 2089 1349 2119 πιστοῖς,
1376 2086 1430 2116 Καὶ
1454 2086 1510 2115 ίδού
1537 2098 1579 2116 σοι
1606 2088 1624 2122 ἡ
1647 2085 1731 2126 Τριὰς
1746 2087 1838 2123 ἀπηρτί-

214 2137 328 2163 Donum
341 2137 444 2167 autem,
465 2137 494 2160 et
511 2131 643 2167 operatio.
665 2135 693 2159 et
712 2131 906 2165 ministerium,
930 2131 1010 2167 195

215 2179 312 2208 eadem
343 2182 423 2212 sunt,
448 2177 499 2205 etsi
530 2176 688 2204 nominibus
716 2175 858 2204 differunt.
887 2176 1012 2212 IEqualia

214 2225 288 2252 enim
303 2227 367 2252 sunt
386 2230 449 2259 quae
465 2230 479 2249 a
500 2221 602 2257 Spiritu
625 2225 652 2249 et
676 2220 743 2249 Filio
764 2225 791 2248 et
806 2221 886 2249 Patre
900 2221 1009 2248 dantur.

214 2269 282 2297 Vide
302 2273 396 2297 autem
419 2266 560 2303 quomodo
588 2265 708 2302 Spiritus
731 2265 858 2293 meminit
879 2265 1010 2301 primum,

214 2319 353 2350 postremo
371 2320 436 2340 vero
456 2311 552 2347 Patris,
573 2319 671 2340 eorum
696 2318 778 2339 causa
803 2310 892 2347 quiin
913 2310 1010 2338 ordine

213 2358 328 2386 nimium
344 2361 407 2386 sunt
417 2357 527 2385 curiosi.

248 2404 339 2431 Vens.
353 2404 379 2430 7.
398 2412 410 2426 τι
426 2401 517 2430 Cuivis
530 2405 623 2429 autem
644 2400 724 2429 datur
744 2399 929 2428 manifestatio
947 2399 1007 2436 Spi-

212 2449 280 2476 ritus
293 2447 328 2475 ad
340 2446 499 2474 utilitatem.
521 2457 533 2471 ι
557 2447 598 2474 Ne
612 2446 672 2482 quis
693 2445 776 2479 dicat,
801 2445 872 2481 Quid
889 2444 911 2472 si
934 2444 1008 2472 idem

213 2493 249 2521 sit
262 2492 407 2526 Dominus,
431 2496 459 2519 et
473 2490 546 2518 idem
567 2490 693 2526 Spiritus,
714 2494 742 2518 et
757 2489 828 2517 idem
842 2491 927 2522 Deus,
943 2496 1007 2517 cum

213 2545 263 2574 ego
295 2537 401 2565 interim
430 2536 522 2564 minus
552 2535 720 2571 acceperim?
751 2535 809 2562 Hoc
828 2534 888 2567 tibi,
910 2534 1006 2570 inquit,

211 2583 279 2611 utile
300 2586 358 2611 erat
379 2585 407 2610 et
421 2579 587 2609 conferebat.
609 2579 724 2616 Spiritus
738 2583 829 2607 autem
845 2578 1008 2607 manifesta-

211 2628 312 2656 tionem
327 2627 403 2664 signa
421 2626 500 2654 dixit.
524 2627 574 2653 Per
594 2625 654 2653 hac
677 2624 752 2653 enim
769 2624 1009 2652 demonstrabatur

211 2674 344 2710 Spiritum
376 2672 492 2700 libenter
518 2670 546 2699 in
567 2670 711 2706 baptizatis
732 2668 1009 2710 commorariLQuid

1067 2129 1164 2168 σμένη.
1192 2129 1322 2170 Χάρισμα
1354 2130 1399 2167 δὲ,
1425 2130 1471 2160 καὶ
1491 2130 1642 2171 ἐνέργημα,
1670 2131 1716 2160 καὶ
1741 2126 1836 2159 διακονία

1066 2174 1151 2204 ταύτά
1174 2175 1258 2210 εἰσιν,
1275 2176 1298 2204 εἴ
1322 2174 1368 2203 καὶ
1393 2179 1447 2208 τοῖς
1470 2175 1583 2213 ὀνόμασι
1606 2176 1785 2216 διαφέρουσιν·
1803 2170 1835 2201 ἴσα

1066 2218 1118 2258 γὰρ
1143 2219 1177 2248 τὰ
1191 2218 1265 2257 παρὰ
1288 2222 1333 2248 τοῦ
1350 2219 1504 2258 Πνεύματος
1529 2219 1574 2249 καὶ
1598 2220 1665 2249 Υίοῦ
1690 2220 1734 2250 καὶ
1754 2215 1836 2254 "ngat

1067 2264 1201 2302 διδόμενα.
1228 2263 1305 2303 Ὅρα
1333 2263 1376 2300 δὲ,
1401 2266 1457 2297 πῶς
1479 2265 1528 2293 τοῦ
1553 2263 1710 2303 Πνεύματος
1740 2262 1835 2301 ἐμνήσθη

1065 2310 1186 2348 πρῶτον,
1213 2309 1367 2338 τελευταῖον
1389 2308 1417 2337 δὲ
1442 2310 1490 2338 τοῦ
1507 2308 1629 2348 Πατρὸς,
1656 2308 1700 2338 διὰ
1723 2305 1778 2340 τοὺς
1799 2303 1833 2339 τὴν

1064 2352 1138 2386 τάξιν
1152 2353 1414 2393 περιεργαζομένους.

1105 2407 1121 2426 α
1139 2396 1264 2438 Ἑκάστῳ
1277 2398 1304 2426 δὲ
1320 2397 1422 2427 δίδοται
1441 2399 1458 2434 ἡ
1474 2397 1620 2438 φανέρωσις
1638 2401 1684 2428 τοῦ
1697 2395 1831 2438 Πνεῦμιιτοι

1062 2441 1125 2481 πρὸς
1140 2442 1169 2471 τὸ
1188 2436 1329 2482 συμφέρον.
1343 2453 1359 2471 n
1380 2441 1442 2472 Ἵνα
1519 2436 1584 2482 λέγῃ
1604 2454 1643 2476 τις
1658 2453 1665 2461 ”
1688 2441 1724 2472 Τί
1737 2440 1792 2480 γὰρ,
1811 2436 1828 2482 μί

1061 2487 1075 2515 ὁ
1090 2486 1168 2519 αὐτὸς
1190 2481 1306 2526 Κύριος,
1328 2487 1374 2516 καὶ
1395 2486 1425 2516 τὸ
1447 2486 1513 2516 αὐτὸ
1530 2481 1641 2526 Πνεῦμα
1653 2508 1663 2524 ,
1683 2486 1725 2516 καὶ
1743 2481 1829 2514 δαῦτὸς

1062 2531 1145 2566 Θεὸς,
1162 2530 1214 2570 ἐγὼ
1237 2531 1264 2560 δὲ
1280 2532 1390 2561 ἔλαττον
1405 2531 1518 2568 ἔλαϐονς
1535 2532 1634 2573 φησὶν,
1651 2531 1691 2561 ὅτι
1711 2527 1788 2561 Τοῦτό
1798 2535 1828 2573 σξί

1063 2574 1197 2617 συνέφερε.
1223 2575 1383 2616 Φανέρωσιν
1398 2575 1426 2605 δὲ
1447 2578 1492 2606 τοῦ
1511 2571 1683 2615 Πνεύματος,
1697 2575 1728 2604 τὰ
1750 2571 1828 2617 milvi?“

1062 2620 1144 2659 λέγει.
1172 2619 1224 2650 Διὰ
1245 2620 1345 2650 τούτων
1371 2620 1422 2660 γὰρ
1448 2620 1579 2651 ἐδείκνυτο
1604 2621 1636 2651 τὸ
1664 2621 1769 2656 Πνεῦμα
1792 2616 1830 2643 τοῖί

1066 2665 1248 2704 βαπτισθεῖσιν
1293 2667 1502 2707 ἐμφιλοχωροῦν.
1539 2663 1628 2696 ⁸Ωστε
1676 2664 1702 2694 τί
1740 2663 1829 2700 difﬁc;

909 2709 1003 2738 Variae
1025 2709 1177 2740 lectiones.

247 2763 267 2780 ⁸¹
281 2763 412 2799 προθύμως
426 2770 453 2790 0.
527 2761 548 2778 ⁸⁵
577 2760 644 2786 ἀλλὰ
670 2760 725 2796 περὶ
737 2768 764 2788 o.

213 2804 234 2821 ³⁸
251 2803 287 2832 ἴσ,
306 2804 384 2838 ὅμως.
422 2801 445 2821 ⁸⁷
459 2803 561 2835 ποιῆσαι
576 2809 602 2829 ο.

840 2759 862 2776 ⁸³
879 2759 1013 2795 μηδαμῶς,
1034 2758 1076 2785 καὶ
1099 2757 1209 2794 οὖδαμιῶ
1224 2767 1250 2787 ο.

1325 2759 1346 2776 ⁸⁵
1373 2759 1501 2790 ἀποδεῖξαι
1524 2768 1552 2788 o.
1625 2758 1647 2776 ⁸⁵
1672 2756 1791 2793 θαυμάτων
1808 2757 1827 2777 οι
