1867 3081
12 158 59 184 7l3

445 155 621 184 EXPOSITIO
640 156 673 184 ΙΝ
692 155 798 183 EPIST.
819 155 829 182 Ι
848 155 894 182 AD
914 155 994 183 COR.
1013 169 1050 175 —-
1067 155 1142 182 CAP.
1164 155 1220 182 ΧΠ.

1601 156 1653 184 714

14 219 106 250 Κάντι
119 218 172 259 γὰρ
195 221 285 257 μεῖζον
308 217 372 259 ἔχῃς
390 218 532 259 χάρισμα,
550 218 600 248 κάν
625 230 654 248 τε
671 217 796 255 ἔλαττον,

886 217 938 246 itur
958 217 1056 246 doles?
1071 217 1133 245 Sive
1149 216 1223 244 enim
1246 216 1344 253 majus.
1372 218 1430 245 sive
1451 217 1546 246 minus
1568 217 1653 246 habes

9 265 133 294 δείκνυσιν
142 264 181 301 ⁸⁸,
199 263 240 293 ὅτι
262 263 331 304 ἔχεις
343 263 374 293 τὸ
393 265 509 300 ΙΙνεῧμα
522 275 529 282 ·
542 264 588 293 καὶ
600 262 627 293 τί
649 275 691 293 σοι
707 263 801 302 μέλεις

49 349 114 398 «ᾯ
137 353 185 398 μέν
207 353 252 398 6:3:
275 356 322 383 τοῦ
338 353 498 391 Πνεύματος
523 352 625 383 δίδοται
650 351 727 392 λόγος
756 365 801 383 σο-

8 400 75 439 φίας.
93 393 109 428 ἦ
127 394 193 429 Οἶον
219 393 290 438 εἶχεν
315 398 458 434 Ἰωάννης,
483 400 498 428 6
513 400 561 434 τῆς
586 399 699 438 βροντῆς
722 399 776 432 υἱός
794 411 801 417 ·

9 439 60 473 οἷον
76 444 152 473 αὐτὸς
175 444 190 472 6
216 444 334 473 Παῦλος.
352 442 513 473 Σηαιίωσαι
536 443 564 472 δὲ
591 443 639 473 τὸ.
658 453 673 471 α
688 443 755 473 Διὰ.
782 454 796 471 ››

9 455 60 473 οιον
76 455 152 474 αυτος
175 455 190 472 ο
216 455 334 474 ιιαυΛοςι
352 455 513 474 Δημιιωσαι
536 455 564 472 οι
591 455 639 474 το.
658 455 673 471 ιι
688 455 755 474 Δια.
782 455 796 471 l)

10 454 60 473 οιον
76 454 152 478 αὐτος
175 454 190 472 ο
216 454 334 477 ιιαυΛος.
352 454 513 481 Δημιιωσαι
536 454 564 472 οι
591 454 639 481 το,
658 454 673 471 ιι
688 454 755 480 Δια,

10 489 49 517 ἐπὶ
64 491 109 518 τοῦ
130 487 297 526 Πνεύματος.

47 547 58 559 ι
72 531 160 573 Ἄλλῳ
171 531 198 561 δὲ
213 532 289 570 λόγος
299 532 422 570 γνώσεως
436 531 505 561 κατὰ
522 532 550 561 τὸ
568 532 633 562 αὐτὸ
650 533 769 571 Πνεῦμα.
782 544 797 562 ι)

9 573 82 612 Οἷον,
99 573 171 618 εἶχον
187 578 211 606 οἱ
230 577 325 606 πολλοὶ
339 578 392 606 τῶν
406 578 524 613 πιστῶν,
545 579 641 615 γνῶσιν
661 576 710 614 μὲν
725 577 803 618 ἔχον-

10 634 46 656 τες
61 622 153 660 αὐτοὶ,
174 621 269 655 ἄλλους
286 620 314 651 δὲ
337 621 441 656 διδάξαι
466 621 505 663 μζὴ
530 621 674 661 ἰσχύοντες.
698 621 733 652 Ἦ
750 623 802 663 γὰρ

10 667 83 707 σοφία
107 666 246 702 διδάσκει,
271 665 367 706 σάφειά
391 677 432 699 τις
462 661 550 702 οὖσα,
576 668 611 699 ὡς
637 666 683 696 καὶ
709 661 802 696 διασαζ

10 714 90 751 φοῢσα
109 710 145 740 τὰ
168 712 284 750 κρυπτά.
311 712 457 750 Πανταχοῦ
482 710 509 740 δὲ
535 713 581 740 τοῦ
610 711 692 740 αὐτοῦ
719 712 802 742 [1νεὺ-

11 768 86 792 ματος
113 756 267 794 μέμνηται,
305 755 564 795 παραμυθούμενος,
607 757 643 789 ὡς
670 756 800 790 πολλάκις

10 801 108 840 εἴρηται
118 823 127 838 ,
144 800 189 829 τὸν
203 800 233 830 τὸ
245 800 356 830 [λαττον
370 799 500 831 λαϐόντα.

855 261 974 296 donum,
993 261 1112 290 ostendit
1122 261 1257 297 Spiritum
1279 261 1307 289 in
1319 266 1346 289 te
1359 269 1429 290 esse.
1444 263 1480 290 Et
1495 262 1563 298 quid
1579 263 1651 291 ultra

855 315 934 335 cures
944 309 956 335 Ρ

891 353 977 380 Vsus.
991 354 1020 380 8.
1033 363 1046 375 ιι
1063 351 1117 379 Alii
1131 351 1243 387 quidem
1255 359 1302 386 per
1311 351 1445 387 Spiritum
1454 351 1538 379 datur
1559 359 1652 380 sermo

855 396 1007 432 sapientiae.
1025 408 1038 421 n
1057 396 1171 431 Qualem
1186 395 1304 423 habebat
1313 397 1435 424 Joannes
1449 395 1555 424 tonitru
1570 396 1652 430 illius,

855 441 964 477 qualem
983 445 1010 468 et
1024 441 1081 477 ipse
1096 441 1206 468 Paulus.
1221 441 1343 468 Observa
1359 444 1454 468 autem
1481 440 1654 477 praepositio-

855 494 932 520 nem,
949 497 961 510 -
976 487 1039 519 Per,
1053 497 1065 510 ι
1078 485 1193 522 Spiritui
1208 484 1251 513 hic
1261 485 1402 521 applicari.

893 542 906 555 ι
925 531 979 558 Alii
999 534 1093 558 autem
1106 538 1198 558 sermo
1213 530 1345 563 scientiae,
1356 529 1509 558 secundum
1521 529 1652 559 eumdem

855 575 995 611 Spiritum.
1011 586 1024 599 ιι
1037 574 1156 611 Qualem
1177 574 1313 602 habebant
1326 575 1447 611 plerique
1461 574 1594 608 ﬁdelium,
1605 576 1652 612 qui

855 620 906 656 ipsi
926 619 1038 656 quidem
1046 619 1191 648 scientiam
1207 619 1350 655 habentes,
1372 619 1440 648 alios
1465 619 1566 648 docere
1595 627 1653 648 non

856 669 991 701 poterant.
1030 664 1167 700 Sapientia
1205 671 1326 700 namque
1354 663 1447 699 docet,
1476 664 1652 700 perspicuitas

854 709 982 745 quaedam
996 709 1123 743 existens,
1140 716 1202 744 quae
1217 708 1378 737 abscondita
1390 707 1559 737 manifestat.
1584 709 1654 737 Ubi-

854 761 908 790 que
934 757 1028 782 autem
1051 753 1173 789 ejusdem
1200 753 1319 789 Spiritus
1345 753 1480 787 meminit,
1505 753 1654 782 consolans

855 800 906 833 (ut
918 798 1018 835 saepius
1037 797 1143 826 dictum
1158 801 1166 831 )
1186 806 1261 832 eum,
1277 798 1325 834 qui
1340 798 1431 826 minus
1445 802 1598 834 acceperat.

49 857 64 874 α
87 845 193 885 ¹Ετίρῳ
217 844 245 874 Si
267 845 371 882 πίστις,
396 846 424 873 ἐν
447 845 487 885 τῷ
513 846 584 885 αὐτῷ
612 844 761 882 Πνεῦματι.
783 858 796 875 n

888 844 976 871 Vens.
989 845 1016 870 9.
1041 854 1054 868 ι
1070 843 1124 871 Alii
1138 846 1232 870 autem
1249 842 1329 876 ﬁdes,
1348 843 1375 870 in
1389 842 1488 871 eodem
1510 843 1624 879 Spiritu.
1639 855 1652 867 ι

10 891 66 930 Οὐχ
80 892 97 926 ἡ
113 893 168 920 τῶν
182 889 334 928 δογμάτων,
352 888 411 919 ἀλλ’
426 891 444 925 ἡ
466 891 518 919 τῶν
533 890 661 928 σημείων,
679 891 695 926 ἡ
708 890 753 920 καὶ
768 892 801 922 τὰ

9 934 52 974 ὄρη
68 936 234 973 μεθιστῶσα.

46 979 156 1020 ιιἈλλῳ
171 978 199 1008 δὲ
208 978 366 1019 χαρίσματα
381 977 514 1018 ἰαμάτων,
530 979 558 1008 ἓν
571 980 610 1019 τῷ
625 979 699 1019 αὖτῷ
715 981 803 1010 Πνεύ-

10 1036 81 1062 ματι.
96 1038 108 1051 ιι
122 1024 166 1054 Τὸ
180 1024 334 1064 θεραπεύειν
359 1028 450 1054 πᾶσαν
472 1023 549 1053 νόσον
566 1023 613 1052 καὶ
636 1028 726 1053 πᾶσαν
750 1038 802 1065 μα.

9 1069 110 1101 λαχίαν,

51 1113 170 1154 «Ἄλλῳ
192 1113 220 1144 δὲ
241 1113 411 1153 ἐνεργήματα
436 1113 584 1151 δυνάμεων.
608 1123 622 1141 n
647 1109 734 1146 Οὗτος
758 1113 802 1141 καὶ

10 1162 182 1199 τιμωρεῖσθαι
206 1158 322 1194 ἠδύνατο
348 1158 408 1192 τοὺς
435 1159 568 1194 ἀπειθεῖς,
597 1160 632 1191 ὡς
658 1160 672 1188 6
698 1158 803 1190 Παῦλος

11 1203 126 1244 ἐπήρωσε
148 1203 192 1234 τὸν
215 1203 337 1242 Ἐλύμαν
348 1225 357 1240 ,
373 1204 419 1233 χαὶ
440 1204 455 1232 6
472 1203 573 1243 Πέτρος
588 1202 710 1233 Ἀνανίαν
730 1203 801 1231 ἆνεῖ-

11 1250 50 1302 λέν
71 1260 78 1267 ο
90 1248 158 1289 ὅπερ
182 1250 196 1278 6
210 1249 243 1277 τὰ
264 1247 422 1288 χαρίσματα
437 1249 491 1277 τῶν
506 1247 630 1286 ἰαμάτων
645 1246 738 1276 λαϐὼν
756 1247 801 1276 οὐκ

11 1304 87 1325 ειῖεν.

32 1305 173 1379 ιῗινζΆλλῳ
187 1338 215 1368 δὲ
235 1337 401 1378 προφητεία,
416 1338 490 1377 ἄλλῳ
507 1336 535 1366 δὲ
557 1337 700 1378 διακρίσεις
716 1348 802 1366 πνευ-

12 1382 107 1421 μάτων.
126 1394 143 1413 D
164 1383 294 1414 Τουτέστι
306 1405 315 1419 ,
333 1382 364 1412 τὸ
388 1382 486 1412 εἰδέναι
497 1405 506 1421 ,
523 1381 563 1416 τίς
579 1383 593 1411 6
608 1381 802 1422 πνευματικὸς,

11 1428 53 1456 καὶ
66 1428 104 1462 τίς
117 1429 132 1457 6
155 1428 193 1467 μὴ
213 1427 392 1467 πνευματικός
405 1437 412 1444 ·
437 1427 476 1461 τίς
499 1428 514 1456 6
529 1426 680 1468 προφήτης,
695 1426 741 1456 χαὶ
764 1426 802 1458 τίς

12 1473 24 1500 6
35 1472 166 1503 άπατεών.

855 889 917 916 Non
944 887 1012 915 ﬁdes
1029 887 1202 923 dogmatum.
1225 887 1274 915 sed
1296 887 1504 922 miraculorum,
1525 895 1587 923 quae.
1609 888 1651 916 vel

857 936 965 960 montes
976 931 1133 960 transfert°.

894 988 907 1002 ιι
921 977 974 1005 Alii
998 981 1090 1005 autem
1114 975 1190 1005 dona
1210 977 1406 1010 sanationum,
1427 977 1456 1004 in
1480 976 1578 1005 eodem
1595 977 1654 1013 Spi-

854 1022 921 1050 ritu.
935 1033 949 1046 ι
960 1023 1000 1050 Ut
1010 1025 1090 1050 curet
1102 1028 1218 1050 omnem
1227 1021 1423 1058 aegritudinem
1437 1025 1465 1050 et
1478 1021 1650 1058 languorem.

894 1113 984 1142 Vsns.
1011 1115 1054 1141 10.
1074 1125 1086 1138 ε
1104 1112 1157 1141 Alii
1181 1117 1275 1142 autem
1289 1113 1463 1149 operationes
1477 1113 1623 1141 virtutum.
1640 1125 1652 1137 ι

857 1158 911 1186 Iste
933 1157 1122 1186 inobedientes
1148 1158 1232 1193 etiam
1259 1158 1357 1194 punire
1373 1157 1487 1194 lpotuit,
1502 1162 1533 1186 ut
1554 1158 1656 1186 Paulus

856 1203 999 1231 exczecavit
1014 1203 1152 1239 Elymam,
1167 1207 1196 1231 et
1209 1205 1306 1231 Petrus
1322 1203 1459 1231 Ananiam
1473 1203 1585 1232 sustulit
1603 1211 1610 1231 ε
1627 1203 1656 1231 id

857 1247 931 1284 quod
954 1256 1011 1276 non
1029 1249 1204 1277 sanationum
1231 1248 1369 1284 accipiens
1389 1248 1461 1277 dona
1488 1247 1616 1276 habebat.

894 1348 906 1360 ι
922 1337 975 1364 Alii
1003 1341 1098 1365 autem
1122 1337 1276 1373 prophetia,
1297 1337 1342 1365 alii
1369 1345 1435 1366 vero
1474 1337 1654 1366 discretiones

857 1381 1014 1417 spirituum.
1031 1393 1044 1406 ι
1057 1383 1118 1409 Hoc
1131 1385 1184 1415 est,
1200 1386 1231 1410 ut
1245 1382 1325 1414 sciat.
1345 1382 1472 1418 quisnam
1496 1382 1656 1419 spiritualis,

857 1430 885 1453 et
897 1426 960 1462 quis
977 1434 1033 1455 non
1046 1426 1210 1462 spiritualis;
1224 1427 1287 1463 quis
1302 1427 1456 1464 propheta,
1475 1431 1503 1456 et
1524 1427 1586 1464 quis
1599 1427 1655 1456 im-

863 1475 965 1507 postor.

51 1527 66 1546 σ
87 1515 178 1557 ⁷Δλλῳ
201 1517 228 1546 δὲ
244 1517 320 1556 ’γένη
340 1517 469 1555 γλωσσῶν
486 1526 493 1534 ·
517 1517 591 1557 ἄλλῳ
619 1516 647 1545 δὲ
677 1517 796 1556 ἐρμηνείι

899 1526 912 1542 «
930 1515 980 1544 Alii
996 1519 1088 1544 autem
1110 1524 1211 1552 genera
1224 1516 1395 1552 linguarum,
1417 1517 1463 1545 alii
1479 1524 1544 1545 vero
1570 1517 1654 1546 inter-

12 1562 145 1600 γλωσσῶν.
163 1575 176 1589 ι
206 1561 280 1592 Πολὺ
309 1562 340 1591 τὸ
357 1563 409 1591 τῶν
434 1562 564 1600 γλωσσῶν
587 1561 710 1600 χάρισμα
732 1561 804 1601 παρὰ

15 1607 155 1646 Κορινθίοις
179 1603 231 1642 ἧν,
248 1607 288 1647 ἐφ’
312 1601 334 1646 ᾧ
360 1606 407 1636 καὶ
431 1607 532 1644 μᾶλλον
557 1606 747 1643 ἐθρασύνοντο,
771 1609 805 1639 ὥς

13 1652 105 1680 δοθέντι
127 1651 229 1691 πρώτῳ
256 1655 310 1684 τοῖς
327 1651 500 1687 ἀποστόλοις,
516 1650 562 1680 καὶ
587 1651 630 1680 διὰ
654 1653 732 1681 τοῦτο
758 1651 802 1680 εο-

12 1699 94 1727 χοῧντι
110 1697 212 1736 μείζονι
226 1697 278 1725 τῶν
301 1695 402 1727 ἄλλων.
419 1695 458 1726 Τὸ
478 1696 501 1724 δ’
517 1696 568 1736 οὐχ
585 1694 668 1729 οὕτως
683 1695 750 1735 ἔχει,
765 1697 805 1726 Τὸ

12 1740 60 1780 γὰρ
83 1743 129 1776 τῆς
152 1741 326 1774 διδασκαλίας
350 1740 472 1780 χάρισμα
497 1742 585 1778 μεῖζον
597 1762 606 1775 ,
623 1739 668 1769 καὶ
683 1742 700 1776 ἡ
718 1741 804 1780 ἑρμη-

11 1785 62 1814 νεία
84 1787 136 1815 τῶν
177 1786 304 1824 γλωσσῶν
337 1786 433 1823 μείζων
461 1787 508 1813 τοῦ
540 1784 633 1818 ἅπλῶς
669 1784 805 1824 γλώσσαις

12 1831 106 1860 λαλεῖν.
123 1829 285 1860 Οἷκειότατα
302 1829 329 1859 δὲ
345 1830 390 1859 ἐπὶ
409 1830 462 1858 τῶν
485 1830 630 1868 γλωσσῶν,
651 1840 666 1858 ιι
684 1831 706 1859 Γ
708 1830 771 1866 ἐνη,
787 1840 801 1857 n

13 1870 81 1910 εἷπε,
98 1874 228 1915 διαφορὰς
241 1876 326 1904 αὐτῶν
339 1875 403 1914 γένη
414 1874 541 1908 καλέσας.

49 1969 61 1982 α
70 1956 169 1987 Πάντα
182 1955 209 1986 δὲ
221 1957 416 1996 ταῦταξένεργεῖ
427 1956 458 1985 τὸ
469 1955 496 1985 ἓν
510 1955 596 1985 καὶτὸ
606 1954 671 1984 αὐτὸ
682 1956 804 1993 Πνεῦμα,

15 2001 115 2041 διαιρῶν
139 2000 197 2041 ἰδίᾳ
223 2000 328 2041 ἑκάστῳ
352 2000 439 2034 καθὼς
455 1999 591 2040 βούλεται,
609 2011 624 2028 n
645 2001 734 2030 Πάλιν
756 2000 805 2036 τὴν

15 2045 91 2081 αὐτὴν
105 2045 279 2086 παραμυθίαν
294 2045 396 2082 τίθησιν
406 2068 415 2082 ,
428 2045 469 2074 δτι
481 2046 511 2074 τὸ
525 2045 588 2073 αὐτὸ
603 2045 714 2083 Πνεῦμα
732 2046 804 2084 lvtp-

14 2090 51 2127 γεῖ
75 2090 177 2120 πάντα.
204 2090 389 2128 Ἐπιστομίζει
405 2090 431 2109 ⁸9
456 2089 484 2119 δὲ
505 2090 607 2127 μᾶλλον
631 2089 675 2119 τὸν
703 2091 803 2130 ἀπαρε-

860 1561 974 1596 pretatio
994 1561 1160 1597 linguarum.
1187 1572 1200 1586 ι
1225 1561 1393 1589 Abundabat
1406 1561 1480 1597 apud
1498 1562 1657 1590 Corinthios

856 1605 1012 1641 linguarum
1041 1605 1157 1638 donum;
1171 1605 1235 1633 hinc
1255 1605 1340 1634 etiam
1358 1605 1547 1640 conﬁdebant.
1576 1606 1654 1642 quasi

858 1650 979 1685 primum
994 1650 1021 1678 id
1033 1651 1164 1686 apostolis
1178 1654 1251 1678 esset
1266 1650 1377 1685 datum,
1388 1659 1421 1679 ac
1436 1655 1582 1686 propterea
1595 1651 1656 1679 aliis

857 1694 937 1722 donis
958 1694 1136 1723 excellentius
1158 1695 1194 1723 sit
1211 1695 1309 1724 visum.
1326 1695 1413 1732 Atqui
1435 1695 1462 1723 id
1477 1696 1516 1724 sic
1530 1703 1588 1724 non
1605 1695 1656 1724 ha-

859 1738 915 1772 bet;
927 1739 1065 1775 siquidem
1089 1739 1219 1768 doctrinze
1232 1739 1339 1768 donum
1355 1741 1442 1775 majus
1455 1744 1506 1774 est,
1529 1744 1557 1768 et
1569 1740 1658 1769 inter-

861 1783 975 1819 pretatio
988 1783 1142 1819 linguarum
1163 1783 1253 1820 major
1269 1789 1321 1818 est,
1336 1792 1421 1820 quam
1433 1785 1597 1820 simpliciter
1608 1785 1658 1813 lin-

860 1828 922 1864 guis
937 1828 1022 1864 loqui.
1034 1828 1120 1856 Valde
1138 1828 1249 1864 proprie
1261 1833 1354 1855 autem
1368 1828 1402 1856 de
1418 1829 1518 1864 linguis
1530 1828 1656 1865 loquens,

862 1883 876 1896 ι
889 1880 1005 1908 genera,
1018 1882 1033 1899 »
1055 1873 1136 1906 dixit,
1156 1873 1278 1909 ipsarum
1301 1871 1471 1900 differentias
1493 1881 1592 1908 genera
1610 1881 1658 1909 ap-

860 1917 901 1952 pel
906 1917 974 1944 laus.

895 1962 985 1989 Vsus.
1001 1963 1041 1988 II.
1064 1971 1077 1984 ιι
1102 1959 1204 1988 Omnia
1219 1965 1312 1988 autem
1327 1961 1386 1990 haec
1400 1965 1529 1998 operatur
1541 1970 1612 1990 unus
1629 1967 1658 1991 et

861 2006 934 2034 idem
949 2006 1076 2042 Spiritus,
1087 2005 1213 2033 dividens
1227 2006 1344 2034 seorsim
1355 2007 1504 2043 unicuique
1513 2011 1543 2035 ut
1556 2008 1624 2035 vult.
1638 2020 1651 2032 -

860 2052 967 2078 Rursus
981 2050 1104 2078 eamdem
1121 2050 1339 2078 consolationem
1356 2051 1445 2086 ponit,
1471 2060 1573 2087 nempe
1582 2052 1657 2088 quod

860 2095 934 2123 idem
947 2095 1064 2130 Spiritus
1075 2098 1205 2131 operatur
1219 2096 1323 2123 omnia.
1339 2096 1424 2132 Magis
1435 2101 1527 2125 autem
1536 2097 1658 2126 obstruit

15 2134 136 2172 σχόμενον
163 2134 207 2165 ἐπὶ
290 2135 415 2174 διανομῇ.
447 2149 459 2162 ει
487 2133 581 2167 Καθὼς
602 2145 616 2162 ιι
633 2135 684 2173 γὰρ
695 2146 718 2177 _«
744 2134 791 2174 βοῦ

886 2148 910 2168 ra
924 2141 1006 2176 196
1018 2148 1125 2174 eorum,
1138 2139 1184 2175 qui
1198 2139 1281 2168 talem
1303 2140 1375 2168 haud
1395 2149 1476 2177 aequo
1492 2141 1586 2171 animo
1597 2142 1656 2170 dis-

15 2180 101 2216 λεται,
115 2191 130 2209 ι)
147 2180 245 2220 φησὶν,
262 2179 331 2209 οὕτω
347 2179 392 2209 χαὶ
414 2183 484 2209 ποιεῖ
499 2191 505 2198 -
522 2178 566 2208 χαὶ
582 2177 614 2207 σὺ
630 2179 669 2212 τίς
685 2175 710 2208 εἶ
730 2181 744 2208 6
766 2180 804 2218 μὴ

16 2224 204 2263 ἀρεσκόμενος
233 2224 391 2263 Σημείωσαι
418 2224 446 2254 δὲ
482 2223 512 2253 τὸ
541 2222 639 2263 ῥητὸν,
677 2223 720 2253 διὰ
747 2225 807 2258 τοὺς

17 2269 256 2309 Ιινευματομάχους
277 2281 284 2287 ·
305 2270 335 2298 οὗ
359 2269 426 2309 γὰρ,
442 2268 538 2301 Καθὼς
560 2268 713 2305 χελεύεται,
728 2268 807 2306 ἀλλὰ,

18 2323 29 2340 I
47 2313 139 2347 Καθὼς
157 2314 289 2353 βούλεται.
308 2328 320 2339 ι·
333 2312 420 2343 "Qun
435 2313 574 2348 Δεσπότης
590 2313 635 2341 χαὶ
650 2314 728 2347 Θεός.
753 2314 808 2344 Καὶ

16 2358 71 2395 οὐχ,
84 2358 267 2399 Ἐνεργεῖται,
285 2357 357 2395 ἀλλ’,
387 2372 399 2384 ι
420 2358 559 2398 Ἐνεργεῖ,
577 2368 591 2385 ι)
616 2357 707 2398 ὥσπερ
727 2359 773 2388 καὶ
795 2360 809 2388 6

18 2402 109 2443 Πατήρ
125 2415 133 2422 .
154 2415 169 2432 α
182 2403 216 2433 Ὁ
230 2404 343 2443 ἐνεργῶν
363 2416 375 2430 ,,
394 2403 465 2443 γὰρ,
487 2401 572 2443 φησὶ,
592 2412 608 2428 α
621 2402 655 2432 τὰ
677 2403 767 2432 πάντα
782 2404 809 2432 ἔν

18 2450 90 2479 πᾶσι,
107 2462 120 2474 Δ

56 2505 68 2518 σι
86 2491 216 2533 Καθάπερ
232 2491 283 2532 γὰρ
304 2492 335 2521 τὸ
359 2493 438 2530 σῶμα
463 2492 489 2521 εν
514 2494 571 2523 ἔστι
583 2516 592 2530 ,
608 2493 654 2522 καὶ
670 2491 739 2529 μέλη
755 2492 811 2532 ἔχει

18 2537 98 2566 πολλὰ
108 2559 117 2573 ,
132 2536 220 2566 πάντα
235 2537 262 2566 δὲ
278 2537 348 2575 μέλη
365 2539 412 2567 τοῦ
428 2537 565 2576 σώματος,
580 2537 668 2567 πολλὰ
683 2537 746 2566 ὄντα
756 2559 765 2574 ,
783 2537 810 2567 ἓν

19 2582 92 2619 σῶμά
104 2583 176 2611 ἐστιν
189 2593 196 2600 ·
217 2581 286 2611 οὕτω
307 2582 354 2611 καὶ
377 2583 392 2611 6
412 2582 537 2622 Χριστός.
564 2593 579 2612 ι
613 2582 668 2613 Καὶ
697 2581 750 2612 ἀπὸ
766 2585 812 2613 τοῦ

21 2626 86 2655 κατὰ
110 2625 141 2656 τὸ
157 2629 236 2666 σῶμα
255 2626 450 2666 ὕποδείγματος
473 2629 674 2667 παραμυθεῖται
694 2627 740 2657 τὸν
762 2627 812 2657 λυ-

53 2696 67 2710 °
80 2698 183 2726 Matth.
197 2706 274 2733 xvu,
291 2702 335 2727 19.

859 2185 1047 2221 pensationem
1063 2184 1162 2212 ferunt.
1178 2185 1250 2213 Nam
1263 2196 1275 2208 -
1292 2185 1342 2213 Uti
1358 2185 1427 2219 vult,
1441 2197 1453 2210 -
1469 2185 1567 2221 inquit,
1582 2186 1618 2215 ita
1630 2190 1658 2214 et

860 2229 935 2259 facit.
949 2232 990 2258 Tu
1005 2238 1070 2258 vero
1081 2230 1143 2266 quis
1157 2237 1184 2257 es
1194 2230 1240 2265 qui
1254 2230 1325 2257 istud
1342 2239 1414 2266 aegre
1438 2231 1522 2260 feras?
1537 2232 1657 2261 Observa

862 2281 953 2304 autem
969 2275 1040 2303 istud
1064 2275 1093 2302 in
1114 2274 1231 2309 Spiritus
1257 2276 1344 2304 sancti
1367 2276 1537 2305 adversarios
1551 2277 1658 2306 dictum

863 2328 923 2348 esse
940 2330 946 2348 :
962 2327 1019 2347 non
1031 2319 1104 2347 enim
1121 2318 1362 2354 Quemadmodum
1374 2319 1497 2355 jubetur,
1516 2320 1575 2354 sed.
1593 2331 1606 2345 ι
1618 2322 1659 2349 Ut

863 2365 930 2393 vult.
948 2376 961 2389 υ
978 2365 1072 2400 itaque
1086 2363 1226 2391 Dominus
1240 2367 1268 2391 et
1280 2364 1356 2391 Deus
1370 2368 1423 2392 est.
1438 2365 1506 2398 Nec,
1520 2363 1658 2399 Emcitur,

864 2409 923 2443 sed,
939 2421 951 2434 ιι
967 2410 1116 2444 Operatur,
1134 2419 1146 2431 ιι
1173 2415 1251 2444 teque
1268 2416 1299 2436 ac
1325 2409 1406 2436 Pater
1421 2418 1428 2437 :
1457 2409 1547 2445 inquit
1574 2410 1658 2444 enim,

867 2464 881 2481 α
895 2455 948 2490 Qui
966 2458 1095 2490 operatur
1109 2453 1202 2481 omnia
1218 2452 1246 2480 in
1261 2453 1398 2482 omnibus.
1415 2465 1428 2478 ι

902 2501 986 2527 Vens.
1005 2502 1048 2527 12.
1066 2510 1079 2523 ι
1095 2499 1170 2527 Sicut
1179 2498 1253 2526 enim
1264 2506 1364 2534 corpus
1375 2507 1461 2527 unum
1475 2503 1527 2533 est,
1537 2503 1565 2528 et
1577 2507 1663 2528 mem-

867 2545 915 2572 bra
940 2544 1022 2573 habet
1039 2544 1124 2572 multa
1141 2554 1146 2571 ε
1164 2544 1258 2572 omnia
1277 2548 1372 2572 autem
1392 2545 1517 2573 membra
1538 2546 1663 2582 corporis

867 2590 953 2616 multa
969 2597 1033 2617 cum
1059 2588 1125 2622 sint,
1142 2596 1227 2616 unum
1251 2593 1315 2616 sunt
1330 2596 1430 2625 corpus
1448 2598 1455 2617 ε
1471 2590 1512 2617 sic
1533 2594 1562 2616 et
1585 2589 1663 2617 Chri-

867 2636 937 2660 stus.
955 2643 969 2656 ι»
985 2631 1120 2667 Exemplo
1149 2639 1164 2658 a
1184 2639 1300 2667 corpore
1314 2636 1437 2668 sumpto,
1458 2631 1616 2660 consolatur
1630 2631 1664 2659 il-

713 2735 808 2766 Variae
831 2736 980 2766 lectiones.

57 2805 78 2822 ⁸⁸
92 2805 219 2832 δείκνυται
231 2814 260 2834 ο.
303 2805 326 2824 ⁸³
342 2806 442 2842 μᾶλλον
457 2806 483 2834 δὲ
497 2807 540 2833 καὶ
551 2806 703 2844 ἐπιστομίζει
717 2816 744 2836 ο.

161 2851 275 2879 ΡΑτιιοι.
295 2852 344 2880 Gn.
367 2851 476 2880 CXXIV.

1473 2855 1507 2880 23
