1867 3081
46 191 94 215 717

485 189 660 217 EXPOSITIO
678 188 711 217 lN
731 189 835 217 EPIST.
855 190 865 217 Ι
884 190 929 217 ΑΒ
949 189 1028 217 COR.
1052 205 1082 209 —
1096 190 1172 217 CAP.
1193 191 1250 218 XII.

1629 195 1683 220 7l8

41 250 134 287 Τίθησι
149 250 176 280 δὲ
199 251 245 280 δύο
263 250 332 290 ἄκρα
343 273 351 288 ,
375 251 444 281 πόδα
467 252 513 281 καὶ
528 252 611 288 ἀκοήν
627 264 634 271 -
651 252 696 282 καὶ
718 253 747 282 οὗ
764 256 834 282 ποιεῖ
848 254 876 285 Α
889 257 930 280 aut

914 257 983 280 item
997 252 1052 280 duo
1064 255 1194 286 extrema,
1211 251 1309 288 pedem
1330 255 1357 280 et
1371 260 1478 281 aurem.
1502 255 1559 281 Nec
1579 254 1679 290 pedem

43 296 83 324 τὸν
105 295 173 324 πόδα
188 296 225 335 τῷ
240 296 368 336 ὀφθαλμῷ
383 297 587 336 διαλεγόμενον,
603 297 672 326 ἀλλὰ
695 299 729 337 τῇ
743 297 831 336 ὀλίγον

42 339 204 380 ὑπερεχούσῃ
232 342 312 369 αὐτοῦ
343 341 423 381 χειρί.
472 341 528 378 Τὴν
566 341 655 380 μέντοι
682 342 765 377 ἀκοὴν
794 343 832 381 τῷ

41 387 164 426 ὀφθαλμῷ
196 385 296 424 εἰσάγει
320 386 512 425 διαλεγομένην
535 398 542 406 ·
569 386 610 416 ἀεὶ
639 385 690 426 γὰρ
721 387 751 416 οὗ
780 391 833 420 τοῖς

41 430 136 470 σφόδρα
155 429 341 470 ὑπερέχουσιν,
365 431 435 460 ἀλλὰ
458 431 511 465 τοῖς
536 431 623 470 ὀλίγον
650 431 832 468 ἀναϐεϐηκόσι

41 478 136 514 φθονεῖν
151 474 290 513 εἰώθαμεν.
315 475 407 512 Φησὶν
423 471 482 513 οῦν,
495 476 536 505 ὅτι
559 475 625 506 Ἐὰν
640 476 702 515 εἴπῃ
718 477 732 505 ὃ
743 479 810 510 ποῦς
824 499 831 514 ,

41 518 78 548 ὅτι
91 518 155 548 διότι
174 519 221 548 οὐκ
243 519 297 559 ἔχω
319 521 366 555 τὴν
388 519 473 559 μέσην
487 519 579 560 χώραν
599 522 634 553 ὡς
647 523 663 556 ἡ
679 520 758 561 χεὶρ,
773 521 832 550 ἀλλ’

40 563 160 593 ὑποκάτω
175 564 283 593 πάντων
301 565 366 602 εἰμὶ,
389 565 436 594 οὐκ
452 565 507 602 εἰμὶ
525 565 604 605 μέρος
624 568 670 594 τοῦ
686 565 808 604 σώματος
824 577 832 584 ·

40 608 66 637 οὐ
87 608 160 648 παρὰ
180 610 273 645 τοῦτο,
298 608 357 638 ἀντὶ
378 611 440 645 τοῦ,
468 609 534 639 διότι
560 610 607 639 οὐκ
630 609 687 639 ἔστι
701 612 772 649 χεὶρ,
789 610 832 639 διὰ

39 655 109 682 τοῦτο
122 652 262 693 οὐκηέστιν
288 654 317 682 ἐκ
337 656 384 682 τοῦ
409 653 550 693 σώματος;
576 655 617 684 Οὐ
644 655 696 692 γὰρ
721 656 735 684 ὁ
752 654 832 688 τόπος

41 699 104 726 ποιεῖ
113 697 143 726 τὸ
158 692 228 726 εἶναι
245 698 323 738 μέρος
339 701 384 728 τοῦ
405 698 544 737 σώματος,
562 699 578 734 ἣ
601 698 638 737 μὴ
659 694 743 737 εῖναι,
762 699 832 729 ἀλλὰ

40 742 68 770 τὸ
80 743 216 778 ἡνῶσθαι,
230 742 247 777 ἢ
267 742 304 780 μὴ
315 745 445 778 ἡνῶσθαι.
460 743 601 776 Ὡσαύτως
613 743 659 772 καὶ
675 743 718 772 ἐὰν
734 745 750 780 ἡ
765 743 831 780 ἀκοὴ

41 786 111 825 εἴπῃ,
127 786 258 828 ὅτι-Διότι
272 789 320 816 οὐκ
333 788 387 827 εἷμί
406 787 556 828 ὀφθαλμὸς,
573 787 764 826 ἀποϐάλλομαι
785 789 832 818 καὶ

41 831 66 860 τὸ
79 830 142 864 ὅλως
162 826 231 861 εἶναι
254 831 332 871 μέρος
351 835 396 862 τοῦ
420 832 543 871 σώματος
557 844 564 851 ·
582 833 612 862 οὐ
627 832 671 862 διὰ
686 835 764 863 τοῦτο
785 833 831 862 καὶ

41 875 101 912 αὐτὴ
115 877 161 906 οὐκ
175 876 253 906 ἔσται
268 878 298 906 ἐκ
316 879 362 906 τοῦ
385 876 523 915 σώματος
539 877 621 907 Ἀλλᾶ
641 878 685 907 τὸν
708 877 734 911 ἐξ
747 880 831 917 ἀρχῆς

889 305 953 325 cum
964 297 1043 325 oculo
1057 296 1237 325 disserentem
1248 296 1364 330 inducit,
1374 297 1422 325 sed
1432 305 1495 325 eum
1511 306 1606 331 manu.
1619 299 1680 335 ipso

888 342 1088 378 aliquantulum
1108 341 1259 377 superiore.
1277 341 1409 370 Auditum
1423 346 1515 370 autem
1530 342 1682 372 introducit

888 394 952 415 cum
971 387 1050 415 oculo
1071 386 1271 422 disputantem;
1287 386 1325 414 eis
1349 387 1425 414 enim
1439 387 1487 422 qui
1505 386 1585 424 longe
1599 388 1679 416 nobis

887 432 1092 467 supereminent
1106 439 1247 467 nunquam
1268 431 1389 459 invidere
1420 431 1551 466 solemus,
1574 431 1623 460 sed
1649 433 1682 461 iis

887 476 932 512 qui
946 476 1026 512 paulo
1038 476 1120 504 altius
1131 476 1324 504 ascenderunt.
1342 476 1388 505 Ait
1416 475 1500 512 igitur
1517 486 1523 504 :
1545 476 1627 512 Quod
1656 477 1679 505 si

886 520 989 549 dixerit
1004 529 1059 556 pes,
1075 521 1138 557 quia
1152 529 1209 548 non
1224 520 1311 549 habeo
1330 520 1453 549 medium
1477 521 1571 550 locum
1598 529 1678 558 aeque

886 573 917 593 ac
927 574 1037 601 manus,
1052 565 1101 594 sed
1115 573 1178 594 sum
1191 566 1318 594 omnium
1332 566 1455 600 inﬁmus,
1465 573 1522 594 non
1537 574 1599 594 sum
1612 574 1678 603 ergo

887 618 950 646 pars
962 611 1084 647 corporis
1108 620 1115 638 :
1135 610 1267 646 numquid
1290 615 1443 646 propterea,
1472 610 1525 639 hoc
1549 615 1592 639 est
1615 611 1678 648 quia

886 663 942 683 non
953 659 995 683 est
1011 663 1118 689 manus,
1134 663 1189 684 non
1204 660 1246 684 est
1258 655 1322 684 ideo
1339 663 1370 684 ex
1385 663 1499 691 corpore
1509 657 1520 683 ἓ
1531 656 1591 684 Non
1603 656 1676 684 enim

887 700 964 728 locus
982 705 1024 728 est
1050 701 1079 728 in
1095 709 1188 735 causa,
1216 709 1267 729 cur
1279 701 1315 728 sit
1330 708 1392 736 pars
1414 701 1548 736 corporis,
1563 701 1604 729 vel
1623 710 1678 729 non

886 744 924 772 sit
939 753 1034 772 verum
1049 745 1123 780 quod
1142 745 1252 781 corpori
1272 745 1381 772 unitum
1401 745 1438 773 sit
1454 745 1493 772 vel
1508 753 1575 773 non.
1598 746 1678 773 Hunc

885 789 921 817 ad
935 789 1050 817 modum
1074 790 1096 817 si
1112 790 1185 817 auris
1207 789 1314 823 dixerit,
1335 789 1405 825 Quia
1419 797 1475 818 non
1487 798 1551 818 sum
1570 790 1678 825 oculus,

885 841 948 862 eam
961 834 996 862 ob
1015 842 1128 862 causam
1143 834 1226 862 orbor
1241 835 1355 862 omnino
1375 842 1417 869 eo,
1431 838 1462 862 ut
1473 834 1526 863 sim
1543 843 1605 871 pars
1619 843 1680 863 cor-

885 878 961 915 poris
976 888 983 906 :
1007 887 1074 906 num
1087 883 1230 915 propterea
1245 883 1272 907 et
1282 879 1339 915 ipsa
1352 887 1408 907 non
1418 879 1471 907 erit
1488 887 1520 907 ex
1540 888 1654 916 corpore
1669 883 1680 908 ἓ·

41 921 100 961 αὐτῇ
123 920 257 960 ταχθέντα
272 921 352 952 τόπον
369 921 482 962 ἔχουσα,
507 923 553 952 καὶ
569 922 617 958 τὴν
633 922 732 952 οἰκείαν
757 924 831 963 ἐνερ-
847 917 870 948 Β
885 926 930 951 Αἰ(

914 923 972 959 tqui
985 931 1048 951 cum
1061 923 1153 952 locum
1172 923 1225 951 sibi
1242 931 1257 951 a
1271 923 1404 960 principio
1431 923 1600 952 destinatum
1615 925 1679 952 reti-

40 968 115 1004 γοῦσα
138 966 292 1006 ἐνέργειαν,
311 966 357 996 καὶ
380 967 447 1003 αὕτη
473 966 548 996 ἔσται
575 967 652 1007 μέρος
677 967 722 996 καὶ
751 967 830 1005 μέλος

39 1013 79 1039 τοῦ
95 1010 229 1049 σώματος.
246 1010 334 1041 εὭστε
349 1012 394 1040 καὶ
410 1011 442 1041 σὺ
468 1014 483 1042 ὁ
504 1013 587 1041 δοκῶν
612 1012 641 1041 τὸ
656 1012 764 1041 ἔλαττον
780 1013 829 1041 λα-

40 1054 88 1084 ϐεῖν
101 1055 223 1096 χάρισμα
234 1078 242 1093 ,
267 1056 304 1094 μὴ
319 1056 440 1095 γόγγυζε.
458 1057 545 1096 Μέρος
560 1055 611 1097 γὰρ
633 1052 658 1086 εἶ
674 1058 719 1086 τοῦ
735 1056 828 1093 σώμα-

39 1111 76 1132 τος
89 1102 134 1136 τῆς
150 1100 317 1137 Ἐχκλησίας
342 1102 458 1138 Χριστοῦ
469 1123 477 1138 ,
496 1102 520 1129 εἰ
536 1101 581 1130 καὶ
596 1102 641 1131 τὸν
657 1101 730 1130 κάτω
747 1102 828 1131 τόπον

39 1112 76 1132 τος
89 1112 134 1136 της
160 1112 317 1137 ιχκΛησιας
342 1112 365 1131 Λ
386 1112 458 1130 ιστου
469 1123 477 1138 ,
496 1112 520 1129 ει
536 1113 581 1130 και
596 1113 641 1131 τον
657 1113 730 1130 κατω
747 1112 828 1131 τοπον

39 1143 134 1183 ἷλαχες.
149 1145 220 1175 Τότε
241 1144 269 1174 δὲ
293 1145 339 1174 οὐκ
359 1112 384 1174 εἴ
397 1145 491 1184 μέλος,
505 1145 569 1176 όταν
585 1145 735 1185 ἄποσχίσῃς
749 1157 828 1176 σεαυ-

38 1188 90 1226 τὸν,
116 1189 161 1218 καὶ
183 1191 234 1225 τῆς
257 1190 374 1224 ἑνώσεως
392 1191 558 1230 ἆποῤῥαγῇς.
586 1190 714 1221 Φύλαττι
741 1192 827 1220 τοίνυν

39 1233 81 1270 τήν
96 1234 186 1265 ἕνωσιν
198 1257 209 1274 ,
222 1234 268 1264 ἐὰν
283 1234 359 1274 θέλῃς
375 1230 441 1264 εἶναι
457 1233 546 1274 μέλος.

77 1335 91 1353 ιι
112 1326 144 1355 Εἰ
169 1324 230 1354 ὅλον
246 1324 277 1354 τὸ
301 1327 380 1363 σῶμα
401 1324 555 1366 ὀφθαλμὸς,
576 1327 627 1355 ποῦ
649 1327 666 1361 ἡ
689 1324 776 1364 ἇκοή;
795 1326 828 1356 lii

38 1368 92 1398 ὅλον
105 1369 189 1408 ἀκοὴ,
205 1372 258 1399 ποῦ
273 1372 290 1406 ἡ
309 1369 454 1410 ὄσφρησις;
479 1383 490 1396 υ
504 1369 615 1406 Ἐπειδὴ
634 1371 770 1410 ὀφθαλμοῦ
781 1370 827 1400 καὶ

39 1413 109 1447 ποδὸς
128 1414 266 1453 ἐμνήσθη,
292 1414 338 1444 καὶ
357 1416 438 1451 ἀκοῆς
460 1414 507 1445 καὶ
527 1415 631 1454 χειρὸς,
657 1414 703 1444 καὶ
727 1414 825 1454 ἤγαγεν

39 1458 124 1492 αὐτοὺς
137 1460 172 1493 εἷς
187 1459 290 1489 ἔννοιαν
308 1461 354 1495 τῆς
372 1461 504 1499 ὓπεροχῆς
514 1460 560 1488 καὶ
574 1461 621 1494 τῆς
638 1459 806 1494 ἐλαττώσεως
816 1483 825 1498 ,

39 1502 78 1533 καὶ
95 1504 134 1533 διὰ
150 1506 230 1534 τοῦτο
244 1504 323 1534 πάλιν
347 1505 416 1538 εἰκὸς
433 1500 466 1540 ἦν
483 1503 578 1538 αὖτοὺς
592 1506 748 1542 λυπεῖσθαι,
764 1504 824 1545 οὐχὶ

39 1551 245 1588 παραμυθεῖσθαι
267 1561 274 1567 ·

38 1593 103 1631 lari,
127 1593 242 1634 διάφορα
259 1588 324 1623 εἶναι
348 1594 517 1634 χαρίσματα.
538 1594 572 1624 Εἰ
584 1594 634 1634 γὰρ
648 1593 676 1623 ἒν
702 1588 780 1633 μέλος
795 1590 825 1630 ἦν

53 1637 58 1646 ι
106 1639 122 1647 ~
191 1641 197 1648 ρ
337 1642 352 1649 ...
514 1638 520 1647 ι
593 1640 601 1649 ς
715 1638 722 1648 1
796 1634 812 1650 τ

39 1649 64 1666 το
89 1650 164 1677 σωμα
187 1639 268 1674 ὅλον,
302 1651 353 1668 που
379 1638 414 1668 τὰ
440 1640 538 1675 λοιπα;
564 1641 622 1668 Ουκ
644 1640 756 1678 αἷσχυνῃ
782 1651 826 1669 ουν

37 1685 143 1728 τρσαῦτα
159 1683 238 1723 μέλη
260 1684 416 1722 ἐκϐάλλων,
443 1684 488 1714 καὶ
515 1683 625 1713 σεαυτὸν
645 1683 723 1722 μόνον
745 1683 824 1718 ἀξιῶν

37 1739 112 1765 ειναις

71 1787 82 1799 ι
98 1775 150 1803 Νῦν
167 1774 194 1803 δὲ
217 1775 232 1803 ὁ
245 1773 314 1806 Θεὸς
328 1773 400 1803 ἔθετο
416 1773 451 1802 τὰ
466 1773 534 1812 μέλη
546 1796 554 1811 ,
567 1772 594 1802 ἓν
608 1773 718 1802 ἕκαστον
735 1774 823 1803 αὐτῶν

35 1817 58 1846 ἒν
72 1819 107 1858 τῷ
121 1818 244 1857 σώματι,
271 1818 359 1851 καθὼς
380 1820 504 1854 ἠθέλησε.
522 1829 536 1847 ν
562 1819 692 1856 Μεγάλως
715 1819 823 1848 ἐπιστο-

36 1861 98 1899 μίζει
113 1862 205 1896 αὐτοὺς
221 1863 264 1893 διὰ
274 1865 320 1892 τοῦ
339 1862 437 1902 λέγειν,
455 1864 494 1892 ὅτι
510 1865 524 1892 ὃ
541 1863 609 1896 θεὸς
631 1862 761 1900 ἠθέλησε,
777 1861 823 1891 καὶ

35 1907 157 1948 ἀφώρισεν
178 1908 219 1937 ἐνὶ
240 1908 344 1946 ἑκάστῳ
365 1907 440 1946 μέλει
456 1908 500 1937 τὸν
523 1909 618 1937 οἷκεῖον
633 1907 713 1936 τόπον
729 1908 823 1947 (τοῦτο

34 1950 80 1991 γὰρ
93 1953 218 1991 σημαίνει
231 1952 275 1990 τὸ,
303 1963 317 1981 (ί
328 1950 426 1982 Ἐθετο
441 1966 452 1978 ιν
462 1954 483 1992 ),
499 1952 545 1982 καὶ
569 1952 629 1982 οὔτε
645 1953 659 1981 ὁ
674 1955 739 1985 ποῦς
753 1951 822 1992 ἔχων

35 1995 163 2036 τὸνίκάτω
178 1998 259 2027 τόπον
280 1998 378 2037 ὀφείλει
393 1998 483 2036 ἀλγεῖν
501 2007 509 2014 ·
528 1998 597 2028 οὕτω
620 1995 671 2036 γὰρ
694 1997 821 2032 ἠθέλησεν

35 2041 47 2068 ὃ
59 2041 137 2080 Θεὸς,
150 2042 196 2072 καὶ
210 2045 290 2072 τοῦτο
304 2043 376 2082 αὖτῷ
389 2042 533 2082 συμφέρει,
547 2042 577 2072 τὸ
593 2041 667 2071 κάτω
681 2041 819 2082 τετάχθαι.

35 2084 99 2114 Οὔτε
113 2088 129 2122 ἡ
144 2086 248 2127 κεφαλὴ
264 2086 312 2122 τὴν
329 2086 385 2116 ἄνω
400 2087 492 2127 χώραν
506 2087 621 2127 ἔχουσα,
636 2086 736 2126 ὀφείλει
749 2085 821 2116 ἐπαί-

35 2132 126 2168 ρεσθαιδ
143 2131 264 2172 [τοῦτο]
279 2131 330 2171 γὰρ
345 2131 416 2160 Θεοῦ
433 2133 499 2167 ἐστι,
511 2134 588 2161 τοῦτο
603 2132 650 2160 οὐκ
667 2132 748 2167 αὐτῆς
758 2142 822 2160 κατ-

33 2173 141 2213 όρθωμα,
161 2176 257 2209 Οὕτως
278 2171 322 2206 οῦν
346 2176 392 2205 καὶ
408 2176 451 2205 ἐπὶ
471 2179 517 2212 τῆς
536 2175 710 2213 Ἐκκλησίας,
726 2178 739 2205 ὁ
755 2175 822 2209 Θεὸς

35 2217 102 2261 ἔθετο,
113 2224 203 2251 τοῦτον
221 2216 289 2251 εἶναι
311 2221 401 2257 κάτω,
412 2221 458 2250 καὶ
473 2221 605 2261 συμφέρει
620 2221 692 2260 αὖτῷ
708 2232 714 2238 ·
730 2222 820 2250 κάκεῖ-

33 2275 70 2292 νον
81 2259 144 2295 εἶναι
159 2266 215 2296 ἄνω
228 2278 235 2284 ·
251 2265 297 2295 καὶ
313 2266 351 2295 δεῖ
368 2266 413 2296 καὶ
426 2268 518 2296 τοῦτον
543 2265 662 2306 στέργειν
672 2287 681 2304 ,
699 2266 819 2295 κάκεῖνον

35 2308 67 2344 μὴ
82 2309 200 2350 αἴρεσθαι
216 2310 252 2339 9³.

71 2411 83 2429 ε
99 2402 131 2431 Εἰ
146 2401 173 2431 δὲ
184 2398 216 2439 ἦν
227 2401 262 2432 τὰ
277 2401 365 2431 πάντα
377 2402 403 2431 ἓν
419 2402 511 2441 μέλος,
525 2404 577 2432 ποῦ
593 2402 623 2432 τὸ
640 2403 735 2440 caput;
752 2402 819 2431 Νυνὶ

33 2443 57 2472 δὲ
70 2446 152 2475 πολλὰ
174 2446 222 2484 μὲν
239 2448 306 2485 μέλη
319 2471 328 2485 ,
343 2447 370 2476 ἓν
384 2447 411 2477 δὲ
427 2449 516 2486 σῶμα.
540 2458 554 2475 ι
571 2446 646 2487 ζὈρςιι
662 2447 756 2487 σοφίαν
770 2457 777 2465 ⁸
793 2447 819 2480 ἐξ

35 2489 104 2518 αὐτοῦ
117 2492 211 2522 τούτου
227 2492 391 2530 ἐπιστομίζει
410 2491 518 2528 αὐτοὺς,
541 2495 588 2522 τοῦ
609 2492 747 2524 δοκοῦντος
769 2492 818 2529 ἐμ-

33 2535 107 2563 ποιεῖν
125 2535 172 2571 τὴν
190 2536 372 2577 μικροψυχίαν
384 2560 393 2574 ,
417 2537 487 2576 φημὶ
505 2536 533 2566 δὲ
555 2539 601 2566 τοῦ
618 2536 729 2576 διάφορα
752 2531 818 2565 εἶναι

33 2576 63 2620 {at
82 2579 238 2619 χαρίσματα
250 2603 258 2618 ,
274 2576 320 2611 καὶ
343 2581 380 2619 μὴ
400 2576 469 2610 εἶναι
483 2581 590 2620 ἰσότιμα
604 2581 641 2612 9³.
660 2582 694 2610 Εἰ
713 2579 764 2619 γὰρ
780 2579 817 2618 μὴ

33 2616 227 2665 ἦσαν”διάφορα
243 2616 325 2664 μέλη,
344 2616 401 2656 ὀὐδ’
418 2626 449 2655 ἂν
474 2625 500 2655 ἓν
521 2616 599 2663 stipa:
620 2621 650 2662 ἦν
664 2637 671 2644 ·
691 2616 727 2663 pi]
745 2616 818 2658 όντος

35 2666 57 2696 δὲ
74 2668 126 2703 ἐνὸς
149 2669 292 2711 σώματος,
315 2671 374 2701 οὐδὲ
399 2671 518 2709 ἰσοτιμία
545 2671 577 2700 ἂν
601 2666 644 2706 ἧν.
662 2671 718 2700 Νῦν
732 2669 759 2699 δὲ
777 2669 819 2699 διὰ

33 2713 100 2742 τοῦτο
113 2714 232 2754 ἰσοτιμία
246 2716 318 2746 ἐστὶν
335 2717 362 2745 ἐν
377 2720 444 2746 πᾶσι
457 2739 465 2754 ,
481 2716 548 2745 διότι
568 2716 603 2749 εἷς
617 2715 644 2745 ἓν
661 2716 740 2754 σῶμα
757 2726 819 2744 συν-

296 1551 340 1578 νῦν
362 1549 491 1579 δείκνυσιν
504 1571 512 1586 ,
533 1548 573 1578 ὅτι
597 1548 667 1578 οὕτω
692 1549 825 1589 συμφέρον
843 1552 865 1583 C
881 1558 930 1587 qua

914 1558 965 1579 tam
990 1551 1208 1579 consolationem
1225 1550 1347 1586 accipere
1372 1559 1379 1578 :

882 973 959 1002 neat,
974 969 1164 1004 propriamque
1179 968 1369 1004 operationem
1383 973 1521 1004 operetur,
1537 969 1595 1004 ipsa
1613 978 1679 1005 quo-

883 1021 938 1049 que
953 1013 1004 1041 erit
1016 1017 1043 1040 et
1058 1013 1213 1041 membrum
1229 1017 1257 1041 et
1279 1021 1341 1049 pars
1355 1013 1488 1049 corporis.
1514 1013 1631 1042 Proinde
1647 1019 1672 1042 ct

883 1062 923 1091 tu,
936 1057 981 1094 qui
1001 1057 1105 1086 donum
1127 1058 1217 1086 minus
1240 1058 1376 1093 accepisse
1393 1057 1503 1092 videris,
1530 1058 1585 1086 noli
1601 1067 1675 1088 mur-

884 1110 1000 1131 murare.
1015 1102 1172 1131 Mombrum
1190 1102 1263 1131 enim
1278 1110 1307 1130 es
1319 1102 1456 1134 Ecclesia),
1470 1110 1532 1139 qua:
1547 1107 1590 1131 est
1613 1112 1677 1132 cor-

883 1155 933 1183 pus
947 1147 1060 1180 Cln-isti.
1076 1147 1184 1176 etiamsi
1215 1147 1374 1175 inferiorem
1397 1147 1491 1176 locum
1519 1152 1616 1176 nactus
1631 1157 1670 1177 es.

883 1193 955 1220 Tum
971 1200 1034 1220 vero
1049 1200 1102 1220 non
1113 1201 1142 1220 es
1157 1192 1326 1226 membrum,
1340 1201 1404 1220 cum
1422 1192 1538 1228 teipsnm
1552 1193 1675 1221 abscide-

882 1236 932 1270 ris,
947 1241 1029 1272 atque
1041 1237 1075 1264 ab
1091 1237 1198 1264 unitate
1222 1237 1331 1265 avulsus
1347 1237 1442 1265 fueris.
1458 1238 1593 1266 Conserva
1620 1238 1671 1274 igi-

883 1285 929 1310 tur
944 1283 1086 1315 unitatem,
1103 1281 1125 1309 si
1140 1281 1180 1309 vis
1192 1289 1252 1310 esse
1274 1281 1442 1310 membrum.

920 1328 1008 1355 Vsus.
1028 1329 1069 1354 17.
1086 1338 1097 1350 ι
1113 1327 1140 1354 Si
1153 1330 1243 1354 totum
1250 1335 1350 1362 corpus
1365 1327 1471 1360 oculus,
1486 1327 1533 1355 ubi
1547 1327 1674 1356 auditus?

883 1371 909 1400 Si
924 1376 1015 1400 totum
1033 1371 1151 1405 auditus,
1174 1371 1219 1399 ubi
1234 1371 1369 1399 olfactus?
1388 1384 1399 1396 υ
1415 1371 1482 1407 Quia
1496 1372 1567 1400 oculi
1581 1378 1609 1401 et
1630 1381 1674 1408 pe-

882 1416 924 1445 dis
945 1416 1122 1451 meminerat,
1138 1421 1166 1444 et
1181 1416 1290 1444 auditus
1305 1420 1332 1444 et
1347 1424 1455 1451 manus,
1469 1424 1570 1453 eosque
1585 1418 1613 1445 in
1625 1426 1671 1445 ex-

881 1461 1013 1490 cellentiae
1035 1455 1211 1497 derectusque
1228 1461 1424 1497 cogitationem
1459 1461 1615 1496 induxerat,
1642 1471 1673 1490 ac

881 1506 1028 1534 verisimile
1042 1510 1113 1534 esset
1127 1513 1222 1534 rursus
1240 1506 1316 1541 ipsos
1335 1513 1484 1534 mmrorem
1505 1506 1567 1534 inde
1582 1507 1673 1542 potius

1400 1559 1474 1578 nunc
1496 1551 1616 1579 ostendit
1636 1551 1673 1580 ita

881 1595 1064 1624 commodum
1077 1603 1147 1630 esse,
1160 1599 1191 1623 ut
1205 1595 1260 1623 sint
1280 1595 1387 1623 diversa
1402 1595 1484 1624 dona.
1503 1597 1572 1624 Nam
1593 1596 1615 1624 si
1629 1600 1671 1624 to-

880 1645 941 1669 tum
952 1649 1051 1676 corpus
1065 1639 1138 1668 foret
1153 1647 1241 1668 unum
1253 1639 1424 1674 membrum,
1442 1640 1555 1668 ubinam
1569 1640 1672 1676 reliqua

880 1688 1042 1713 manerent?
1064 1686 1126 1713 Non
1150 1685 1232 1721 igitur
1257 1684 1341 1721 pudet
1352 1689 1389 1718 te,
1413 1685 1459 1720 qui
1478 1688 1518 1713 tot
1545 1685 1672 1714 membra

878 1730 963 1766 ejicis,
976 1735 1004 1758 et
1028 1735 1053 1758 te
1072 1730 1161 1759 solum
1176 1730 1292 1766 dignum
1321 1730 1518 1766 essejudicas?

913 1776 1002 1803 Vnus.
1022 1778 1064 1802 18.
1082 1786 1094 1799 «ι
1112 1776 1192 1802 Nunc
1211 1778 1302 1802 autem
1318 1774 1410 1809 posuit
1435 1776 1510 1802 Deus
1532 1775 1667 1809 membra.

879 1820 1096 1856 unumquodque
1109 1819 1243 1847 eoruntin
1256 1826 1381 1854 corpore,
1395 1819 1469 1846 sicut
1482 1819 1579 1847 voluit.
1597 1831 1610 1844 ι
1625 1821 1675 1848 Ve-

879 1863 1019 1892 hementer
1031 1871 1079 1891 eos
1097 1863 1261 1898 compescit,
1281 1870 1346 1890 cum
1370 1862 1424 1896 ait,
1442 1863 1515 1898 quod
1534 1864 1607 1891 Deus
1627 1871 1675 1892 vo-

877 1908 939 1943 luit,
963 1917 995 1936 ac
1018 1908 1171 1944 segregavit
1194 1907 1278 1942 198
1304 1906 1437 1934 unicuivis
1458 1906 1584 1935 membro
1610 1915 1675 1944 pro-

878 1953 968 1990 prium
983 1953 1075 1980 locum
1102 1951 1147 1987 (id
1174 1952 1249 1979 enim
1272 1950 1424 1986 signiﬁcat,
1446 1963 1458 1975 ει
1482 1951 1578 1979 Posuit
1604 1953 1628 1986 1)
1648 1957 1675 1981 et

877 1997 951 2034 quod
976 2005 1064 2033 neque
1091 2004 1149 2033 pes,
1177 1996 1239 2032 quia
1264 1995 1391 2023 intimum
1408 1996 1500 2024 locum
1534 1996 1671 2032 obtineat,

877 2050 949 2079 aagre
977 2041 1046 2070 ferre
1073 2040 1181 2069 debeat.
1203 2040 1249 2069 Sic
1275 2040 1352 2068 enim
1366 2041 1441 2068 Deus
1468 2040 1672 2078 voluit:atqne

878 2087 929 2116 hoc
943 2087 993 2123 ipsi
1010 2086 1127 2120 confert,
1143 2085 1171 2113 in
1188 2085 1246 2113 imo
1271 2085 1332 2113 loco
1351 2085 1470 2121 positum
1486 2093 1554 2114 esse.
1578 2087 1672 2122 Neque

877 2136 959 2168 caput
981 2139 1141 2167 supremum
1164 2130 1255 2158 locum
1280 2129 1395 2163 habens,
1420 2134 1563 2166 propterea
1591 2131 1672 2160 debet

877 2176 978 2205 efferri.
994 2177 1044 2204 Dei
1059 2176 1132 2204 enim
1148 2175 1211 2209 hoc,
1225 2183 1282 2202 non
1302 2174 1386 2210 ipsius
1412 2183 1482 2210 opus
1500 2179 1553 2203 est.
1577 2176 1669 2204 Consi-

850 2208 860 2235 )
877 2222 971 2250 milem
986 2221 1021 2249 ad
1043 2220 1198 2248 modumin
1213 2219 1330 2247 Ecclesia
1348 2221 1422 2247 Deus
1438 2220 1581 2248 constituit
1597 2220 1670 2249 hunc

873 2274 931 2295 esse
946 2265 1115 2299 inferiorem,
1125 2265 1150 2292 id
1161 2264 1234 2301 quod
1245 2265 1296 2300 ipsi
1309 2264 1420 2300 prodest
1435 2273 1443 2292 :
1458 2264 1536 2292 illum
1552 2273 1616 2293 vero
1625 2273 1671 2294 su-

875 2312 1021 2348 periorem.
1037 2313 1126 2346 Atque
1148 2309 1221 2337 hunc
1240 2313 1348 2345 oportet
1367 2317 1416 2337 sua
1431 2313 1506 2338 sorte
1518 2318 1577 2338 esse
1598 2318 1670 2339 eon-

875 2361 999 2391 tentum,
1017 2355 1094 2383 illum
1107 2362 1171 2383 vero
1188 2362 1243 2382 non
1263 2354 1362 2381 attolli.

909 2403 998 2430 Vens.
1013 2404 1055 2434 I9,
1066 2403 1110 2428 20.
1122 2410 1134 2426 ((
1151 2399 1231 2434 Quod
1242 2398 1266 2426 si
1276 2403 1366 2427 essent
1379 2399 1471 2427 omnia
1486 2407 1570 2429 unum
1584 2409 1669 2429 ruent-

874 2447 966 2480 brum,
980 2445 1151 2481 ubicorpusi‘
1165 2445 1245 2472 Nunc
1257 2448 1351 2472 autem
1364 2444 1487 2472 membra
1503 2445 1600 2479 multa,
1611 2454 1669 2474 cor-

874 2499 924 2528 pus
949 2499 1012 2519 vero
1038 2498 1124 2518 unum
1152 2493 1203 2517 est.
1230 2500 1242 2513 υ
1270 2489 1463 2517 Animadverte
1499 2490 1668 2526 sapientiam.

871 2538 933 2565 Hoc
946 2537 1006 2572 ipso
1025 2543 1072 2564 ora
1095 2535 1216 2571 ipsorum
1233 2534 1360 2568 obstruit,
1384 2533 1458 2569 quod
1479 2534 1625 2563 videbatur
1640 2536 1672 2563 ιι.

872 2582 904 2610 lis
929 2589 1023 2617 parere
1046 2579 1313 2616 pusillanimitatem;
1341 2587 1452 2614 nempe,
1474 2579 1548 2615 quod
1564 2579 1670 2607 diversa

872 2627 930 2656 sint
946 2625 1124 2659 charismata,
1140 2623 1269 2660 quodque
1286 2631 1343 2650 non
1358 2623 1415 2650 sint
1440 2624 1499 2659 pari
1513 2623 1618 2651 honore
1627 2623 1667 2651 di-

874 2680 938 2709 gna.
948 2671 1009 2699 Nisi
1022 2670 1099 2698 enim
1117 2673 1210 2698 essent
1229 2668 1340 2696 diversa
1352 2668 1489 2701 membra,
1503 2676 1592 2704 neque
1604 2676 1668 2696 cor-

875 2725 925 2753 pus
939 2723 1028 2745 unum
1049 2718 1122 2744 esset
1138 2723 1144 2742 :
1158 2713 1232 2750 quod
1256 2713 1278 2741 si
1302 2721 1402 2748 corpus
1417 2720 1472 2741 non
1485 2716 1556 2741 esset
1567 2721 1667 2747 unum,

720 2796 815 2825 Varia:
837 2794 987 2824 lectiones.

65 2838 82 2854 Ἠ
93 2838 229 2875 ἐξαίρεσθαι
241 2849 278 2869 m.
316 2842 339 2859 93
355 2841 478 2877 ἰσοτιμίαν
496 2850 521 2868 i).
