1867 3081
241 160 295 186 719
740 156 998 185 THEOPHYLACTI
1017 154 1196 183 BULGARUE
1213 154 1371 182 ARCHIEP.
1802 156 1833 180 720

236 225 298 250 tum
312 227 368 249 non
382 224 455 249 esset
465 220 579 248 honoris
593 219 746 257 aequalitas.
771 221 835 248 Jam
846 227 910 248 vero
921 226 985 247 eam
996 218 1025 247 οὶ

1093 218 1197 246 τελοῦσι
1222 217 1256 247 τὰ
1279 216 1377 246 πάντα.
1401 214 1488 246 Ὥστε
1513 216 1543 245 ἐκ
1567 217 1611 246 τοῦ
1633 215 1735 257 διάφορα
1749 211 1798 244 εἶναι
1813 218 1833 245 τὰ

236 273 298 294 rem
311 265 341 294 in
351 266 480 294 omnibus
491 269 534 293 est
547 264 623 293 idem
633 265 763 301 pretium,
771 264 845 300 quod
857 265 951 292 omnia
961 264 1025 292 iden

1091 263 1176 302 μέλη,
1192 262 1362 291 ἀποτελεῖται
1378 260 1406 290 ἓν
1431 262 1509 299 σῶμα
1524 272 1532 279 ·
1548 260 1578 289 ἐκ
1594 262 1639 290 τοῦ
1656 260 1682 290 ἓν
1702 256 1832 299 εἶναισῶμα,

238 318 340 347 corpus
350 310 504 347 perﬁciant.
518 311 616 346 Itaque
626 309 688 345 quia
701 310 810 337 diversa
818 308 944 337 membra
960 313 1024 337 sunt

1091 305 1207 344 ἰσοτιμία
1221 306 1276 335 ἐστὶ
1292 310 1375 344 πᾶσι,
1390 306 1449 335 κατ’
1463 304 1529 334 αὐτὸ
1547 307 1641 344 τοῦτο,
1655 306 1716 334 καθὸ
1734 307 1832 334 cumbi-

237 355 300 384 ideo
308 363 396 383 unum
405 363 505 390 corpus
516 354 667 391 perﬁcitur.
677 353 746 389 Quia
758 362 822 382 vero
830 361 917 382 unum
925 361 1023 390 corpus

1089 363 1129 380 σιν
1155 352 1190 384 εἰς
1207 350 1261 384 ἑνὸς
1283 350 1405 388 σώματος
1428 349 1620 389 συμπλήρωσιν
1632 361 1639 369 ε
1660 349 1702 379 καὶ
1716 349 1758 389 γάρ
1775 361 1832 390 φησι·

239 399 304 428 ideo
318 399 441 436 ejusdem
466 399 608 436 dignitatis
624 403 688 427 sunt
710 399 813 433 omnia,
838 407 869 426 ex
894 398 947 426 hoc
961 399 1021 434 ipso

1093 409 1105 422 ι
1120 395 1214 426 Πολλὰ
1230 395 1277 434 μὲν
1291 396 1359 434 μέλη
1371 417 1379 431 ,
1394 394 1422 424 ἓν
1437 394 1465 424 δὲ
1480 395 1571 433 σῶμα.
1590 408 1603 421 υ

238 444 314 480 quod
336 444 431 473 omnia
439 448 538 472 coeant
550 448 577 472 et
587 444 814 480 compaginentur
826 443 862 472 ad
879 443 959 471 unius
968 444 1090 479 corporis
1106 445 1352 480 complementum.
1372 444 1419 472 Ait
1429 443 1521 472 enim:
1536 455 1550 468 ι
1566 443 1652 472 Multa
1663 444 1762 480 quidem
1774 452 1828 472 mem

239 489 298 523 bra,
314 497 415 525 corpus
428 497 491 517 vero
506 497 603 517 unum.
629 500 643 515 »
837 521 839 524 η

272 535 364 563 Vsns.
380 537 410 562 2|
432 545 445 558 οι
462 535 523 562 Non
539 538 631 570 potest
645 538 740 562 autem
757 533 854 562 oculus
871 534 961 562 dicere
974 541 1032 561 ma-

238 579 298 614 nui,
310 580 397 615 Opera
410 582 459 607 tua
469 586 525 606 non
535 578 646 614 indigeo
661 587 668 606 :
680 582 729 606 aut
742 579 842 606 iterum
869 583 951 614 caput
963 578 1036 614 pedi-

239 624 299 660 bus,
326 625 412 660 Opera
435 627 526 652 vestra
552 631 608 651 non
623 623 744 660 indigeo.
770 635 783 648 »
800 623 905 652 Paeatis
924 623 984 658 jam
998 623 1036 651 eis

237 669 284 705 qui
300 669 406 697 minora
417 668 583 697 charismata
594 673 765 705 acceperant,
779 668 815 696 ad
827 675 874 696 eos
884 676 958 696 nunc
971 675 1034 696 ver-

237 713 273 743 ba
289 713 364 747 facit,
379 714 426 750 qui
438 714 543 750 majora
565 713 716 748 habebant,
738 721 820 749 seque
839 721 903 749 erga
922 712 1034 741 inferio-

238 758 439 787 resinsolenter
446 758 587 795 gerebant.
599 759 638 787 Ut
648 758 733 791 enim,
744 758 844 794 inquit,
856 757 953 786 oculus
977 765 1034 785 non

239 807 332 840 potest
349 803 441 832 dicere
465 803 579 839 reliquis
603 803 748 837 membris,
775 802 858 830 Vobis
881 810 950 838 opus
977 810 1033 830 non

238 848 327 877 habeo
351 847 419 885 (uno
444 855 567 885 namque
589 847 744 881 deﬁciente,
767 847 905 875 claudicat
941 850 1032 875 totum

241 901 341 930 corpus
354 894 376 928 ),
393 892 434 921 sic
445 900 535 929 neque
545 892 590 928 qui
605 893 711 928 majora
736 891 901 920 charismata
916 898 1028 927 accepe-

238 941 313 972 runt,
341 938 465 966 attollere
498 945 558 965 sese
586 941 701 973 possunt
713 937 843 965 adversus
867 944 915 965 eos
935 936 1033 973 quibus

237 987 301 1012 sunt
315 983 435 1011 minora.
448 983 553 1010 Eorum
577 982 651 1010 enim
671 986 700 1010 et
718 981 771 1018 ipsi
796 989 878 1018 opera
896 980 1030 1017 indigent,

235 1032 331 1064 utpote
341 1028 388 1063 qui
403 1027 455 1056 soli
469 1035 526 1055 non
540 1025 682 1055 sufﬁciunt
691 1026 726 1055 ad
741 1026 893 1055 Ecclesiam
905 1027 955 1054 Dei
969 1025 1033 1054 aedi-

236 1072 382 1101 ﬁcandam.
393 1071 510 1101 Pulchre
541 1075 636 1100 autem
662 1071 741 1106 dixit,
768 1081 783 1098 ‹‹
802 1072 866 1099 Non
894 1075 996 1106 potest.
1016 1082 1029 1095 ι

235 1117 350 1146 Etiamsi
373 1124 495 1154 namque
509 1117 598 1145 multa
616 1116 691 1150 velit,
706 1116 806 1153 inquit,
818 1124 877 1144 non
886 1116 927 1144 sic
935 1119 1030 1144 tamen

235 1162 319 1191 habet
339 1162 380 1191 rei
408 1166 517 1190 natura.

270 1209 361 1237 Vnus.
374 1210 421 1242 22,
443 1210 488 1236 23.
504 1218 517 1231 α
537 1207 591 1235 Sed
615 1207 703 1235 multo
720 1206 808 1241 magis
823 1214 885 1242 quae
899 1206 1029 1234 videntur

234 1253 359 1281 membra
377 1251 502 1288 corporis
520 1252 672 1280 inﬁrmiora
689 1260 759 1287 esse,
775 1252 927 1280 necessaria
942 1255 1027 1280 sunt:

232 1301 260 1327 et
273 1305 336 1334 quae
345 1302 476 1334 putamus
497 1297 661 1334 ignobiliora
682 1305 742 1325 esse
763 1296 901 1333 corporis,
913 1296 957 1324 his
978 1295 1029 1324 ho-

230 1350 328 1371 norem
340 1342 573 1371 abundantiorem
582 1341 786 1370 circumdamus
805 1351 812 1369 :
827 1346 856 1369 et
869 1349 930 1378 quae
942 1340 1028 1368 inho-

233 1391 310 1416 nesta
332 1392 397 1415 sunt
409 1391 516 1422 nostra,
531 1385 763 1414 abundantiorem
783 1385 959 1414 honestatem
974 1385 1028 1413 ha-

232 1432 309 1461 bent.
325 1443 339 1457 ι
356 1431 465 1460 [ndicat
475 1431 535 1467 jam
545 1430 619 1466 quod
633 1435 661 1458 et
672 1430 821 1458 commoda
831 1434 860 1458 et
874 1430 1026 1458 necessaria

231 1477 290 1505 sint
301 1484 363 1513 quae
377 1476 507 1504 videntur
529 1483 589 1503 esse
603 1475 721 1502 minora.
746 1474 881 1503 Videntur
891 1475 967 1503 enim
983 1474 1026 1502 iu-

229 1521 342 1555 feriora,
356 1520 404 1548 sed
417 1528 473 1548 non
485 1523 558 1547 sunt.
576 1519 645 1554 Quae
664 1527 728 1546 vero
743 1523 808 1547 sunt
824 1519 884 1548 haec
897 1526 961 1556 quae
972 1519 1025 1547 im-

229 1565 372 1593 becilliora
387 1564 498 1600 quidem
513 1564 653 1599 videntur,
665 1568 693 1591 et
706 1563 799 1592 minus
811 1563 938 1599 honesta,
947 1568 975 1592 et
984 1564 1024 1592 in-

229 1610 313 1638 terim
337 1614 433 1637 tamen
468 1609 619 1637 necessaria
644 1609 732 1636 sunt?
756 1609 888 1637 Nonnulli
920 1609 1024 1643 dicunt,

229 1654 356 1683 membra
373 1653 514 1691 genitalia,
526 1660 588 1689 qua:
611 1652 738 1681 videntur
749 1653 861 1689 quidem
874 1653 964 1682 minus
974 1653 1024 1682 ho-

229 1703 307 1727 nesta
327 1703 355 1727 et
377 1697 530 1726 indecora:
557 1705 643 1734 usque
671 1697 740 1726 adeo
763 1702 857 1726 autem
875 1699 1023 1727 necessaria

230 1747 304 1777 sunt,
319 1747 352 1771 ut
365 1743 425 1772 sine
443 1742 486 1771 his
513 1750 550 1770 nc
573 1742 628 1770 vita
651 1742 762 1779 quidem
781 1747 907 1772 constare
921 1745 1025 1780 queat?

228 1790 345 1826 Insuper
357 1788 491 1824 majorem
517 1788 600 1824 199
614 1788 666 1816 illis
679 1788 813 1817 honorem
838 1789 1022 1817 attribuimus.

227 1835 285 1863 Etsi
309 1834 384 1863 enim
405 1834 551 1870 quisquam
574 1837 634 1861 toto
658 1841 776 1870 corpore
785 1833 876 1862 nudus
899 1834 947 1869 sit,
972 1835 1023 1862 ista

226 1884 320 1909 tamen
337 1878 435 1907 nudari
447 1886 503 1906 non
519 1878 631 1914 patitur.
648 1879 769 1907 Nonnuli
792 1887 857 1907 vero
868 1887 916 1915 per
935 1879 1023 1907 imbe-

230 1925 335 1953 cilliora
350 1923 475 1960 quidem,
491 1922 538 1951 sed
548 1923 700 1951 necessaria
713 1927 820 1958 tamen,
835 1923 1020 1951 oculosintel—

227 1969 324 2006 ligunt,
338 1969 384 2006 qui
398 1976 462 1996 cum
477 1967 554 2004 parvi
583 1967 639 1994 sint
652 1975 684 1995 ac
700 1967 811 2003 reliquis
838 1968 952 1996 artubus
978 1968 1022 1996 in-

226 2013 374 2047 ﬁrmiores,
397 2012 538 2048 imprimis
575 2015 671 2039 tamen
694 2016 758 2040 sunt
793 2013 947 2040 necessarii.
970 2015 1023 2042 Per

226 2058 391 2094 ignobiliora
405 2065 469 2085 vero
483 2061 511 2084 et
522 2056 678 2089 inhonesta,
701 2055 794 2092 pedes.
807 2057 910 2084 Oculos
929 2057 1022 2094 itaque

226 2110 324 2140 magna
337 2110 402 2130 cura
426 2101 580 2137 dignamur,
600 2107 650 2127 ceu
672 2099 838 2128 imbecillos.
856 2100 942 2129 Pedes
957 2110 1018 2130 rur-

1131 547 1143 561 ι
1160 535 1201 565 Οὐ
1216 534 1326 564 δύναται
1348 533 1374 563 δὲ
1387 534 1522 575 ὀφθαλμὸς
1535 535 1618 563 εἰπεῖν
1687 533 1756 574 χειρί
1766 535 1833 574 Χρείαν

1090 590 1137 608 σου
1152 580 1198 608 οὐκ
1210 579 1266 618 ἔχω
1282 590 1289 598 ·
1303 578 1320 615 ἢ
1341 579 1423 609 πάλιν
1441 581 1458 615 ἡ
1482 578 1585 619 κεφαλὴ
1601 583 1655 613 τοῖς
1676 579 1750 608 ποσί’
1767 578 1832 619 Χρείαν

1089 625 1163 662 ὑμῶν
1189 624 1237 653 οὔκ
1258 623 1323 664 ἔχω.
1353 637 1364 649 -
1393 623 1581 657 Καταστείλας
1602 623 1662 657 τοὺς
1686 625 1717 653 τὰ
1743 624 1831 654 ἰλάττονε

1088 668 1244 709 χαρίσματα
1261 668 1383 708 ἔχοντας,
1397 671 1444 698 νῦν
1467 669 1533 708 πρὸς
1551 668 1612 702 τοὺς
1627 668 1661 698 τὰ
1682 668 1773 706 μείζονα
1784 668 1832 707 ἔχυν-

1088 725 1150 749 τας,
1167 712 1213 742 καὶ
1229 713 1469 752 κατεπαιρομένους
1482 714 1534 742 τῶν
1558 712 1760 753 ὓποδεεστέρων,
1776 712 1834 742 διαλέ-

1087 769 1173 796 γεται.
1189 756 1299 797 Ὠσπερ
1320 757 1382 798 γὰρ,
1408 757 1506 798 φησὶν,
1531 758 1561 787 οὖ
1585 758 1692 788 δύναται
1714 757 1834 797 ὁθφθαλμός

1088 802 1173 842 λέγειν
1187 807 1240 836 τοῖς
1253 803 1354 836 λοιποῖς
1373 802 1465 841 μέλεσι
1479 814 1486 821 ⁸
1503 816 1515 829 (ι
1531 801 1633 842 Χρείαν
1648 804 1718 841 ὑμῶν
1729 803 1768 832 οὐκ
1779 801 1831 841 ἔχων

1049 861 1072 892 Β
1089 845 1161 892 (svi);
1175 846 1226 887 γὰρ
1238 846 1396 892 ἐνδέοντος,
1413 846 1526 887 χωλεύει
1545 847 1576 876 τὸ
1589 851 1644 876 πᾶν
1663 847 1770 892 σῶμα
1780 846 1833 877 οὕτως

1086 890 1145 920 οὐδὲ
1170 892 1195 921 οἱ
1217 891 1251 921 τὰ
1273 891 1379 930 μείζονα
1407 891 1542 932 εἰληφότες
1573 891 1725 932 χαρίσματα
1748 891 1833 921 δύνανται

1086 935 1241 975 ἐπαίρεσθαι
1278 936 1346 966 κατὰ
1371 937 1424 966 τῶν
1450 936 1484 966 τὰ
1512 936 1639 966 ἐλάττονα
1667 935 1790 977 εἰληφότων
1809 935 1831 965 ’³.

1086 980 1224 1020 Χρῄζουσι
1242 980 1293 1020 γὰρ
1309 982 1409 1018 αὐτῶν,
1435 983 1470 1015 ὥς
1490 982 1538 1011 οὖκ
1556 981 1631 1015 ὄντες
1651 982 1776 1022 αὐτάρκεις
1787 980 1834 1010 αὖτὼ

1086 1024 1160 1062 μόνοι
1170 1024 1218 1061 τὴν
1236 1024 1399 1062 Ἐκκλησίαν
1415 1025 1574 1064 οἰκοδομεῖν.
1599 1027 1697 1059 Καλῶς
1716 1025 1739 1055 δὲ
1752 1022 1796 1055 εἷπε
1806 1026 1835 1059 τὸ,
1851 1046 1852 1064 ἦ

1086 1081 1098 1095 ι
1113 1070 1154 1099 Οὐ
1177 1069 1296 1100 δύναται.
1313 1082 1329 1099 ν
1351 1070 1411 1101 Κᾶν
1430 1070 1483 1110 γὰρ
1496 1070 1583 1100 πολλὰ
1598 1071 1662 1112 θέλῃ
1675 1093 1685 1110 ,
1699 1071 1782 1111 φησὶν,
1799 1069 1836 1098 ἀλλ’

1084 1113 1134 1155 οὖχ
1148 1114 1230 1148 οὕτως
1244 1114 1299 1155 ἔχει
1313 1114 1414 1156 φύσεως
1429 1115 1459 1145 τὸ
1479 1119 1605 1156 πρᾶγμα.

1124 1217 1136 1231 α
1151 1203 1231 1234 Ἀλλὰ
1244 1205 1335 1244 πολλῷ
1359 1206 1461 1243 μᾶλλον
1479 1205 1514 1235 τὰ
1534 1206 1663 1236 δοκοῦντα
1684 1206 1747 1245 μέλη
1758 1206 1795 1235 τοῦ
1803 1203 1835 1233 σώ-

1084 1259 1167 1305 ματος
1190 1249 1365 1305 ἀσθενέστερα
1390 1249 1519 1305 ὕπιίρχειν
1545 1251 1682 1305 ἀναγκαῖά
1695 1252 1756 1280 ἔστι.
1779 1248 1835 1303 Κῗὶᾶ

1082 1293 1211 1332 δοκοῦμεν
1246 1293 1392 1333 ἀτιμότερα
1430 1293 1497 1324 εἶναι
1525 1297 1572 1324 τοῦ
1605 1295 1746 1335 σώματος,
1770 1294 1836 1324 τούτοις

1081 1338 1161 1376 τιμὴν
1186 1339 1375 1378 περισσοτέραν
1401 1339 1585 1379 περιτίθεμεν,
1608 1343 1657 1370 καὶ
1679 1339 1713 1369 τὰ
1734 1339 1835 1379 deliga"

1081 1383 1158 1420 ἡμῶν
1175 1383 1367 1423 περισσοτέραν
1391 1384 1472 1422 τιμὴν
1488 1384 1554 1424 ἔχει.
1572 1397 1584 1411 ι
1603 1386 1661 1416 Νῦν
1677 1384 1836 1419 defuturan

1081 1426 1126 1455 καὶ
1138 1427 1254 1467 χρειώδη
1265 1428 1311 1457 καὶ
1328 1429 1463 1467 ἀναγκαῖοί
1475 1429 1526 1458 εἶσι
1538 1428 1573 1458 τὰ
1585 1430 1713 1459 δοκοῦντα
1728 1429 1835 1458 ἐλάττονιΓ

1080 1471 1186 1502 δοκοῦσι
1215 1472 1267 1512 γὰρ
1292 1472 1436 1510 ἐλάττονα,
1461 1475 1509 1503 οὐκ
1533 1474 1584 1504 εἰσὶ
1601 1474 1641 1505 δέ.
1672 1474 1738 1506 Τίνα
1763 1473 1785 1503 δέ
1804 1473 1836 1502 ἐστι

1079 1519 1181 1555 ταῦτα,
1196 1515 1231 1546 τὰ
1246 1518 1419 1558 ἀσθενέστερα
1441 1518 1488 1558 μὲν
1510 1518 1638 1549 δοκοῦντα
1653 1519 1698 1549 καὶ
1710 1518 1835 1557 ἄτιμότιριιν

1083 1561 1215 1600 ἀναγκαῖα
1240 1561 1267 1590 δὲ
1291 1561 1369 1599 ὄντας
1393 1563 1470 1596 Τινὲς
1497 1563 1547 1602 μὲν
1569 1563 1603 1593 τὰ
1629 1564 1765 1603 γεννητικὰ
1787 1562 1836 1602 μόριι

1080 1617 1175 1646 quam;
1203 1605 1220 1634 ἃ
1243 1606 1348 1636 δοκοῦσι
1372 1607 1421 1646 μὲν
1441 1607 1525 1646 ἄτιμα
1550 1603 1619 1637 εἶναι
1643 1609 1690 1638 καὶ
1712 1608 1835 1648 ἀσχήμονι

1078 1653 1203 1680 τοσοῦτον
1217 1649 1246 1679 δέ
1262 1652 1327 1680 εἰσιν
1343 1653 1494 1690 ἀναγκαῖα,
1510 1651 1580 1682 ὥστε
1594 1653 1659 1683 ἄνευ
1682 1654 1764 1683 αὐτῶν
1779 1651 1837 1681 οὐδὲέ

1080 1694 1134 1733 βίος
1162 1695 1243 1726 ἐστίν.
1272 1695 1353 1726 Ἀλλὰ
1378 1696 1424 1726 καὶ
1447 1696 1526 1734 τιμὴν
1557 1698 1749 1739 περισσοτέραν
1771 1697 1838 1726 MK

1078 1739 1244 1779 περιτίθεμεν
1265 1751 1272 1757 ·
1289 1740 1339 1770 κᾶν
1360 1740 1412 1781 γὰρ
1432 1742 1528 1780 γυμνός
1543 1753 1582 1775 τις
1597 1741 1639 1778 εἴη
1657 1742 1717 1772 ὅλον
1728 1742 1756 1772 τὸ
1775 1743 1838 1779 σῶμα,

1077 1784 1162 1813 ταῦτά
1177 1796 1207 1823 γε
1227 1785 1275 1814 οὒκ
1298 1785 1423 1826 ἀνέχεται
1441 1786 1529 1825 γυμνὰ
1551 1786 1609 1826 ἔᾷν,
1633 1787 1709 1820 Τινὲς
1722 1786 1747 1816 δὲ
1766 1784 1837 1815 ἃσθενεζ

1077 1840 1158 1868 στερα
1182 1830 1247 1868 μὲν,
1275 1830 1409 1868 ἀναγκαῖα
1432 1831 1476 1867 δὲ,
1502 1830 1562 1864 τοὺς
1589 1831 1739 1871 ὀφθαλμούς
1765 1830 1852 1871 φασιιῷ

1077 1874 1166 1914 μικροὶ
1190 1875 1242 1914 γὰρ
1265 1874 1335 1908 ὄντες
1350 1875 1405 1914 Exul
1425 1877 1476 1905 τῶν
1501 1875 1590 1906 ἄλλων
1606 1878 1696 1915 μελῶν
1716 1875 1836 1905 ἀσθενέστε-

1078 1930 1136 1957 ροι,
1166 1919 1373 1957 ἀναγκαιότατοί
1396 1921 1472 1951 εἰσιν.
1491 1919 1651 1960 Ἇτιμότερα
1673 1921 1700 1951 δὲ
1721 1920 1763 1951 καὶ
1778 1917 1837 1958 tis/j-

1078 1974 1159 2001 μονα,
1175 1963 1242 2000 ξτοὺς
1263 1963 1355 1998 πόδας.
1380 1965 1450 1999 Τούς
1471 1977 1500 1994 τε
1521 1960 1566 1994 οὖν
1592 1966 1742 2006 ὀφθαλμοὺς
1767 1965 1838 1994 πολλῆ

1077 2007 1198 2044 ἀξιοῦμεν
1224 2009 1402 2047 κηδεμονίας,
1424 2011 1461 2043 ὡς
1486 2010 1603 2043 ἀσθενεῖς
1619 2021 1626 2028 ·
1650 2009 1766 2043 καὶτοὺς
1782 2009 1838 2038 πόδῑξ

1077 2052 1103 2081 δὲ
1124 2048 1158 2081 αὖ
1171 2051 1304 2091 σκέπομεν
1327 2053 1372 2083 καὶ
1387 2054 1512 2094 προνοίας
1536 2055 1675 2094 ἀξιοῦμεν,
1698 2058 1777 2085 καίτοι
1789 2053 1838 2083 κάτω

1079 2097 1231 2135 κειμένους,
1251 2098 1296 2127 καὶ
1323 2098 1434 2137 ἀτίμους
1456 2099 1608 2134 δοκοῦντας.
1638 2099 1753 2130 Δύναται
1774 2098 1797 2127 δέ
1814 2108 1838 2127 τι(

1045 1533 1067 1565 C

225 2155 273 2175 sus
287 2146 459 2182 contegimus
473 2149 502 2173 et
527 2144 698 2177 obvelamus,
712 2152 744 2172 ac
758 2145 873 2173 sollicite
887 2145 940 2174 illis
954 2154 1019 2182 pro-

1084 2144 1170 2176 ιοῆσαι
1192 2142 1262 2188 τρεῖς
1277 2141 1362 2177 τάξεις
1378 2144 1404 2172 ἐν
1421 2148 1475 2177 τοῖς
1496 2143 1649 2183 λεγομένοις
1664 2145 1690 2165 9⁵
1701 2155 1708 2162 ·
1721 2147 1755 2177 ὡς
1767 2143 1794 2173 τὰ
1807 2141 1837 2179 μὲν

228 2192 370 2226 spicimus,
385 2189 510 2226 quamvis
529 2188 657 2217 inferiore
667 2188 726 2217 loco
741 2190 835 2225 positi,
853 2198 885 2218 ac
906 2190 1020 2219 honoris

224 2236 304 2265 vacui
325 2243 386 2264 esse
412 2234 569 2262 videantur.
591 2233 697 2261 Poterit
716 2238 808 2262 autem
825 2235 962 2271 quispiam
976 2235 1021 2264 hic

224 2285 282 2309 tres
294 2280 404 2309 ordines
419 2278 567 2314 intelligere
582 2277 610 2306 in
622 2278 665 2306 bis
685 2286 746 2314 qua:
766 2278 840 2308 dicta
852 2284 926 2316 sunt;
942 2288 1020 2308 nem-

226 2333 269 2361 pe,
284 2324 337 2352 alia
349 2323 463 2360 quidem
476 2327 540 2351 sunt
553 2322 665 2351 inﬁrma
679 2327 707 2351 et
728 2323 892 2358 necessaria,
906 2328 940 2353 ut
953 2332 1020 2353 ocu-

224 2369 263 2397 li:
283 2368 336 2396 alia
350 2375 415 2396 vero
432 2367 546 2396 honoris
559 2375 656 2402 vacua,
685 2371 716 2395 ut
733 2368 836 2403 pedes:
853 2369 904 2398 alia
929 2369 1019 2398 defor-

222 2413 280 2442 mia
293 2413 352 2441 sive
365 2412 520 2444 inhonesta,
546 2416 578 2440 ut
599 2412 738 2448 genitalia.

256 2459 347 2486 Vsus.
359 2460 403 2486 24.
417 2468 430 2482 α
447 2459 567 2486 Honesta
580 2461 672 2485 autem
684 2462 780 2486 nostra
791 2458 892 2486 nullius
899 2464 989 2495 egent.
1002 2472 1015 2485 ιι

221 2505 263 2533 Ne
274 2503 335 2540 quis
346 2503 429 2538 dicat,
444 2504 579 2539 Quanam
594 2502 654 2531 haec
673 2507 715 2531 est
729 2503 812 2536 ratio.
827 2507 858 2531 ut
869 2505 1018 2541 prospicia-

219 2556 283 2577 mus
305 2547 455 2576 inhonestis
479 2552 561 2584 atque
594 2547 772 2584 ignobilibus,
806 2547 920 2577 honesta
951 2558 1016 2579 vero

218 2593 418 2630 despiciemus?
440 2594 502 2621 Non
532 2593 710 2629 despicimus,
737 2594 785 2625 ait.
809 2594 859 2623 sed
884 2595 929 2623 illa
942 2595 1015 2623 nulla

216 2643 311 2668 nostra
324 2646 391 2668 cura
417 2646 487 2675 opus
497 2637 618 2674 habent;
644 2641 741 2675 utpote
757 2646 819 2675 quae
835 2639 919 2668 decus
932 2647 1014 2669 suum

215 2693 232 2714 a
247 2689 349 2714 natura
368 2683 482 2713 habent.

1077 2187 1174 2223 ἀσθενῆ
1189 2185 1255 2216 εἶναι
1267 2187 1313 2217 καὶ
1327 2189 1461 2227 ἀναγκαῖα
1472 2210 1480 2225 ,
1494 2190 1615 2228 καθάπερ
1634 2191 1658 2219 οἱ
1671 2187 1805 2229 ὀφθαλμοί·
1817 2185 1836 2213 τὲ

1076 2231 1104 2260 δὲ
1117 2231 1199 2269 ἄτιμα
1209 2255 1216 2268 ,
1232 2232 1353 2272 καθάπερ
1365 2234 1390 2262 οἱ
1402 2233 1480 2267 πόδες
1496 2244 1504 2252 ·
1524 2233 1559 2263 τὰ
1571 2234 1599 2263 δὲ
1612 2234 1768 2274 ἀσχήμονα,
1781 2230 1837 2262 καθά·

1075 2287 1125 2316 περ
1139 2276 1173 2305 τὰ
1188 2276 1338 2315 γεννητικά.

1113 2471 1126 2484 ι
1144 2457 1189 2488 Τὰ
1205 2457 1232 2487 δὲ
1246 2457 1401 2498 εὐσχήμονα
1416 2460 1534 2501 ἡμῶνγοῦ
1547 2460 1640 2500 χρείαν
1655 2461 1724 2501 ἔχει.
1743 2473 1755 2486 ι
1766 2454 1838 2490 "Iw"

1074 2502 1166 2541 μήτις
1185 2502 1247 2542 εἴπῃ
1261 2514 1269 2522 ·
1297 2503 1350 2533 Καὶ
1374 2508 1447 2538 ποῖος
1473 2500 1547 2539 οὗτος
1567 2500 1792 2546 λόγοςςπρονοιῖν
1804 2502 1838 2530 τῶν

1073 2548 1233 2587 ἀσχημόνων
1247 2548 1292 2577 καὶ
1309 2549 1411 2586 ἀτίμων
1422 2572 1431 2588 ,
1454 2554 1630 2590 καταφρονεῖν
1651 2550 1680 2579 δὲ
1700 2551 1749 2579 τῶν
1765 2550 1837 2585 εὖσχη·

1070 2592 1176 2631 μόνων;
1196 2593 1237 2622 Οὖ
1262 2596 1499 2634 καταφρονοῦμεν,
1520 2594 1616 2635 φησὶν,
1632 2594 1696 2624 ἀλλ’
1713 2595 1791 2624 ἐκεῖνα
1810 2590 1837 2620 οὗ-

1071 2636 1142 2671 δενὸς
1156 2637 1183 2672 ἐξ
1199 2639 1276 2677 ἡμῶν
1291 2638 1410 2674 δέονται,
1423 2638 1501 2680 φύσει
1512 2640 1543 2670 τὸ
1557 2639 1694 2680 εὔσχημον
1705 2639 1798 2679 ἔχοντα.

907 2749 1002 2780 Variae
1023 2751 1176 2784 lectiones.

248 2807 270 2824 “
286 2807 395 2841 ἐχόντων
411 2815 439 2835 0.

483 2807 504 2824 “5
522 2806 674 2842 σωζομένοις
687 2814 713 2834 ο,
752 2805 775 2824 ³⁸
793 2806 965 2840 καταστολῆς,
980 2808 1013 2839 ὡς
1028 2808 1057 2835 τὸ
1071 2810 1212 2844 πρόσωπον,
1224 2809 1249 2836 αἱ
1261 2811 1340 2846 χεῖρες
1357 2820 1361 2825 ·
1378 2810 1422 2838 ἵνα
1436 2812 1486 2847 γάρ
1499 2819 1524 2840 o.
