1867 3081
3 185 55 211 711

473 182 647 211 EXPOSITIO
667 183 700 210 IN
719 182 823 210 EPIST.
843 181 853 210 l
871 181 918 210 AD
938 181 1016 209 COR.
1035 196 1071 202 —
1090 181 1164 208 CAP.
1185 181 1239 208 XII.

1617 181 1669 207 722

52 257 71 274 ι
89 245 171 276 Ἀλλ’
191 247 205 276 ὁ
220 245 288 280 Θεὸς
309 244 467 285 συνικέρασε
488 245 519 275 τὸ
534 247 622 284 σῶμα.
649 257 664 274 n
684 245 772 275 Ὥστε
795 245 818 274 εἰ
833 247 861 277 Α

910 255 923 269 σ
948 243 999 272 Sed
1012 245 1088 272 Deus
1101 242 1184 271 simul
1211 242 1376 278 temperavit
1397 250 1508 278 corpus.
1526 254 1540 268 ι
1556 242 1584 271 Si
1599 250 1666 279 ergo

7 291 198 332 συνεκέρασε,
214 291 260 320 καὶ
281 290 309 320 ιν
334 290 452 326 ἐποίησε·
477 290 572 330 τὸγὰρ
589 290 762 330 κιρνώμινον,
789 290 817 320 ἓν

6 336 130 374 γίνεται·
162 336 208 366 καὶ
221 338 274 366 ποῦ
290 335 381 366 λοιπὸν
404 335 432 364 ἐν
448 337 486 376 τῷ
509 335 547 364 ἑνὶ
571 335 601 365 τὸ
618 335 705 374 μεῖζον
720 336 767 365 καὶ
786 335 817 364 τὸ

5 382 126 411 ἔλαττον
133 394 144 419 ;

52 437 69 455 ιι
85 428 143 467 Τῷ
171 428 321 466 ὑστεροῦντι
348 424 539 466 περισσοτέραν
564 425 624 458 δοὺς
647 425 745 467 τιμὴν,
772 425 816 454 ἵνα

5 467 82 511 μ.ὴῇ
118 465 263 511 σχίσματα
289 471 317 500 ἐν
336 465 518 511 τῷγσώματι.
550 483 562 497 ιο
586 471 645 500 Οὔκ
668 465 745 508 εἷπε,
767 471 815 510 Τῷ

3 516 170 556 ἆσχήμονι,
184 518 202 552 ἢ
218 517 257 556 τῷ
280 515 380 556 ἀτίμῳ,
402 515 482 551 ἀλλὰ,
506 528 518 542 ι
533 517 583 555 Τῷ
610 516 772 555 ὗστεροῧντι.
795 526 811 544 ι

2 561 90 590 Οὐδὲν
123 561 181 601 γὰρ
205 561 281 601 φύσει
296 561 419 600 ἄσχημον
473 559 579 598 ἄτιμον.
604 559 814 600 Περισσοτέραν,

2 606 82 645 φησὶ,
102 606 209 635 δέδωκε
223 604 303 643 τιμὴν
324 607 363 645 τῷ
380 606 543 644 ὑστεροῦντι.
559 605 604 639 Μὴ
621 605 708 634 τοίνυν
733 605 814 644 ἀλγῇς

3 650 86 680 πλέον
104 650 240 688 τιμηθείς.
265 649 320 679 Καὶ
344 653 362 686 ἡ
379 649 464 687 αἰτία,
488 647 532 678 ἵνα
557 648 595 688 μὴ
656 650 683 678 ἐν
699 651 736 688 τῷ
756 649 812 679 σώ-

3 706 70 732 ματι
89 694 248 734 σχίσματα.
266 695 299 724 Εἰ
314 693 367 734 γὰρ
381 693 415 722 τὰ
438 693 486 732 μὲν
500 694 546 723 καὶ
561 694 614 723 ἀπὸ
637 696 684 730 τῆς
699 693 812 734 φύσεως,

4 739 50 768 καὶ
66 739 125 769 ἀπὸ
150 741 202 775 τῆς
223 738 355 778 ἡμετέρας
378 737 551 777 ἐθεραπεύετο
572 739 705 778 προνοίας·
727 739 761 768 τὰ
786 739 813 768 δὲ

6 783 64 813 οὐδὲ
79 786 132 820 ἧς
147 785 216 824 παρ’
233 785 310 822 ἡμῶν
335 782 439 819 ἠξιοῦτο
462 783 633 821 κηδεμονίας,
651 784 814 823 ἀπεσχίσθη-

7 840 55 858 σαν
70 828 105 858 ἂν
122 828 261 864 ἀλλήλων,
277 826 316 867 μὴ
331 827 467 867 δυνάμενα
482 828 568 868 φέρειν
590 827 633 858 τὸν
657 828 811 866 σύνδεσμον·

872 289 1043 323 temperavit,
1054 292 1115 316 tum
1134 295 1218 315 unum
1233 286 1297 315 fecit
1318 296 1325 314 :
1341 285 1416 322 quod
1431 287 1507 314 enim
1521 287 1665 321 miscetur.

870 341 957 361 unum
971 333 1012 361 ﬁt.
1024 333 1060 360 Et
1069 332 1114 360 ubi
1125 331 1256 368 deinceps
1269 331 1296 359 in
1312 339 1370 359 uno
1386 331 1478 367 majus
1492 334 1520 359 et
1540 331 1633 360 minus
1647 333 1658 359 ἲ

905 421 997 448 Vens.
1012 421 1057 447 25.
1078 430 1091 443 ι
1106 420 1141 447 Et
1162 418 1206 446 cui
1229 418 1333 452 deerat,
1362 417 1595 446 abundantiorem
1613 418 1665 445 tri-

869 464 978 492 buendo
1009 464 1154 497 honorem,
1183 471 1217 491 ne
1237 462 1387 491 schismata
1401 462 1456 490 sint
1470 462 1497 490 in
1511 469 1635 498 corpore.
1652 475 1664 487 υ

868 510 932 537 Non
945 509 1024 542 dixit,
1039 508 1165 537 Deformi
1178 513 1205 536 et
1219 508 1341 542 ignobili,
1355 507 1414 541 sed,
1431 519 1442 532 σ
1462 507 1605 536 Deﬁcienti
1623 517 1629 535 :
1648 519 1660 533 ιι

868 552 934 581 nihil
944 554 1018 581 enim
1033 558 1131 581 natura
1145 553 1320 581 inhonestum
1335 556 1383 580 aut
1395 552 1524 588 ignobile.
1548 552 1658 580 Exube-

869 598 1030 633 rantiorem,
1045 598 1143 634 inquit,
1157 597 1289 633 impertiit
1299 597 1432 625 honorem
1446 596 1470 624 ei
1486 596 1532 633 qui
1558 596 1662 625 deerat.

867 643 907 670 Ne
935 642 1018 678 igitur
1045 642 1150 675 doleas,
1175 650 1239 670 cum
1264 641 1365 678 majori
1391 642 1498 669 honore
1522 640 1660 669 afﬁciaris.

867 686 953 714 Causa
966 691 1017 721 est,
1040 695 1075 715 ne
1097 687 1242 714 schismata
1258 686 1315 714 sint
1335 685 1362 713 in
1381 693 1506 721 corpore.
1533 685 1562 714 Si
1588 686 1662 714 enim

866 731 919 760 alia
938 732 1050 768 quidem
1075 736 1103 760 et
1123 740 1138 760 a
1159 735 1256 760 natura
1269 738 1297 760 et
1319 739 1335 759 a
1364 735 1459 759 nostra
1488 731 1662 766 providenti-.1

865 781 961 805 curata
983 781 1084 811 essent,
1098 777 1150 805 alia
1165 785 1229 805 vero
1240 785 1274 805 ne
1289 780 1382 804 nostra
1398 776 1509 812 quidem
1531 776 1662 806 sollicitu-

866 821 929 850 dine
943 822 1056 859 dignata
1073 827 1175 856 essent,
1189 822 1277 850 divisa
1289 821 1486 849 fuissentinter
1500 829 1529 849 se
1549 825 1659 855 mutuo,

6 873 232 913 ἆποσχισθέντων
247 865 283 902 δὲ.
298 865 415 910 τούτων,
436 865 530 902 καὶ-τὰ
549 872 630 902 λοιπὰ
645 874 676 902 ἂν
694 865 808 909 ἐϐλάϐη,
828 880 850 911 Β
867 875 882 895 ο

902 875 1023 895 nnexum
1037 867 1109 895 ferre
1120 875 1176 895 non
1196 865 1325 894 valentia.
1355 865 1406 894 His
1432 873 1498 893 vero
1521 865 1660 901 discissis,

9 918 52 948 ἅτε
65 921 114 948 τοῦ
137 918 265 956 σώματος
291 917 459 957 σχιζομένου.
478 917 525 953 Μὴ
541 917 628 947 τοίνυν
645 917 712 955 μηδὲ
727 919 810 956 ὑμεῖς,

7 962 97 1003 φησὶν,
114 965 141 993 οἱ
164 962 200 992 τὰ
216 962 298 1002 μείζω
319 961 425 1002 ἔχοντες
448 962 615 1002 χαρίσματα,
632 962 811 1001 ἓπεμϐαίνητε

6 1012 60 1042 τοῖς
79 1008 234 1045 ἐλάττοσιν,
255 1006 300 1037 ἵνα
324 1007 363 1046 μὴ
388 1006 493 1037 ἐκείνων
516 1007 743 1047 ἀποσχιζομένων,
765 1007 810 1037 καὶ

8 1054 82 1091 ὑμεῖς
99 1053 235 1093 βλαϐῆτε.

47 1111 60 1123 ι
77 1097 164 1128 Ἀλλὰ
189 1097 220 1127 τὸ
243 1098 307 1127 αὖτὸ
329 1095 396 1136 ὑπὲρ
420 1095 543 1132 ἀλλήλων
566 1098 714 1137 μεριμνῶσι
736 1097 761 1116 ⁹⁷
776 1097 810 1127 τὰ

10 1142 89 1181 μέλη,
120 1156 134 1169 ι
156 1143 201 1173 Οὖ
222 1142 312 1181 μόνον,
336 1142 427 1182 φησὶν,
444 1141 489 1171 ἵνα
515 1141 552 1180 μὴ
578 1142 756 1182 ἀποσχίζηται
777 1142 810 1172 τὰ

11 1187 87 1225 μέλη,
113 1188 178 1217 ἀλλ’
192 1186 237 1216 ἵνα
261 1186 306 1216 καὶ
321 1188 338 1221 ἡ
352 1186 445 1224 ἀγάπη
471 1182 590 1225 ᾖπολλὴ
616 1187 661 1216 καὶ
687 1187 808 1224 ὁμόνοια.

13 1232 64 1262 Καὶ
87 1234 102 1262 ὁ
118 1232 216 1271 μέγας,
235 1231 301 1271 ὑπὲρ
325 1233 374 1260 τοῦ
399 1233 494 1271 μικροῦ
517 1232 648 1271 φροντίζει
665 1231 712 1261 καὶ
736 1244 811 1272 μερι-

863 919 951 948 neque
959 912 1063 947 reliqua
1074 911 1288 947 permansissent
1298 910 1384 943 salva,
1400 918 1450 938 ceu
1470 912 1590 945 ',corpore
1597 910 1659 946 jam

865 961 939 984 secto
951 965 983 984 ac
1007 956 1100 984 scisso.
1117 957 1159 984 Ne
1185 956 1266 992 igitur
1280 963 1329 984 vos
1343 954 1493 990 majoribus
1512 954 1660 983 charisma-

865 1000 939 1029 tibus
955 1000 1075 1029 decorati
1099 1000 1234 1036 insurgite
1262 999 1290 1028 in
1307 999 1461 1034 inferiores,
1487 1007 1524 1028 ne
1550 999 1661 1028 resectis

865 1045 917 1074 illis
932 1054 980 1074 vos
993 1045 1193 1074 detrimentum
1217 1044 1372 1081 patiamini.

904 1101 916 1114 ι
932 1090 986 1119 δρᾶ
999 1090 1072 1118 idem
1082 1098 1132 1126 pro
1143 1098 1173 1118 se
1187 1093 1286 1118 mutuo
1299 1089 1414 1118 sollicita
1427 1089 1485 1117 sint
1501 1089 1634 1117 membra.
1645 1100 1658 1116 ι)

867 1137 928 1164 Non
939 1135 1042 1169 solum,
1058 1135 1156 1171 inquit,
1177 1139 1208 1163 ut
1226 1142 1282 1162 non
1307 1133 1506 1162 abscindantur
1532 1135 1661 1162 membra

865 1187 897 1207 ac
915 1179 1078 1213 dissideant,
1102 1187 1198 1208 verum
1223 1183 1254 1207 ut
1268 1178 1377 1207 dilectio
1401 1178 1435 1206 sit
1455 1179 1539 1207 multa
1553 1183 1579 1206 et
1592 1187 1661 1207 con-

864 1224 968 1252 cordia.
984 1226 1017 1252 Et
1035 1225 1082 1260 qui
1102 1224 1190 1260 major
1215 1228 1265 1258 est,
1282 1223 1400 1251 minoris
1415 1231 1511 1252 curam
1524 1223 1603 1260 gerit,
1619 1228 1659 1252 at-

12 1281 71 1317 μνᾷ,
95 1267 147 1317 mil
160 1267 272 1312 απλῶς,
287 1267 365 1305 *ἀλλὰ
389 1267 419 1305 τὸ
445 1267 688 1314 αὐτά-τουτέστιν,
705 1267 748 1306 ινά
763 1267 811 1313 τῆς
863 1277 880 1305 (1

902 1277 917 1297 e
936 1269 1069 1297 sollicitus
1094 1273 1136 1297 est
1161 1277 1215 1296 non
1238 1267 1407 1304 simpliciter,
1433 1267 1481 1296 sed
1505 1268 1591 1302 idem;
1607 1268 1661 1296 hoc

13 1312 92 1357 αὐτῆς
109 1312 150 1362 τίς]
172 1321 283 1361 μεγάλῳ
307 1319 431 1360 προνοίας
455 1320 579 1360 ἀπολαύῃ
599 1321 645 1350 καὶ
706 1312 808 1361 μικρός.
864 1321 882 1342 ei

900 1318 906 1342 ι
922 1318 952 1342 ut
966 1314 1060 1342 eadem
1073 1321 1154 1348 sane,
1176 1321 1231 1350 qua
1253 1320 1381 1349 magnus,
1397 1312 1569 1349 providentia
1583 1313 1659 1341 frua-

13 1366 89 1396 Οὖτω
214 1357 336 1400 ιίκάνθης
359 1365 543 1404 ἐμπεσούσης,
565 1357 618 1396 -καὶ
706 1357 808 1406 πτέρνῃ
864 1363 882 1407 E'

900 1362 951 1386 ret
963 1359 1061 1386 minor.
1085 1360 1124 1386 Ita
1142 1358 1218 1394 spina
1246 1357 1385 1386 incidente
1416 1357 1598 1394 calcaneoque
1622 1358 1661 1386 in-

15 1402 187 1450 ἐμπαγείσης,
210 1410 270 1440 ὅλον
286 1410 316 1438 τὸ
337 1402 416 1448 σῶμα
441 1410 594 1440 αἰσθάνεται
617 1402 807 1452 καίμεριμνᾷλ
864 1403 881 1431 ﬂ

902 1411 928 1436 θ,
948 1407 1039 1431 totum
1053 1411 1154 1439 corpus
1181 1403 1264 1431 sentit
1278 1407 1306 1430 et
1326 1402 1473 1430 sollicitum
1498 1407 1551 1437 est;
1577 1407 1659 1439 caput

14 1455 112 1496 κιφαλὴ
135 1455 243 1491 κόπτει,
266 1456 346 1486 νῶτος
361 1454 564 1494 συγκάμπτεται
587 1454 626 1492 9⁸,
643 1447 747 1496 γαστῆρ
762 1447 808 1486 καὶ
863 1456 882 1475 5‘

920 1448 1041 1482 inclinat,
1057 1447 1173 1476 dorsum
1197 1447 1357 1481 inﬂectitur,
1384 1451 1479 1475 venter
1499 1451 1527 1475 et
1554 1447 1658 1476 femora

16 1491 91 1540 μηροὶ
106 1491 320 1535 συστέλλονται,
345 1491 477 1538 ὀφθαλμοὶ
500 1501 582 1540 δρῶσι
611 1491 678 1533 μετὰ
707 1491 807 1536 πολλῆς
822 1529 842 1540 η
862 1501 882 1521 ⁰⁴

900 1492 1073 1527 ntrahuntur,
1085 1492 1157 1521 oculi
1170 1492 1254 1520 multa
1265 1500 1330 1520 cum
1341 1491 1527 1520 sollicitudine
1548 1492 1659 1520 intuen-

73 1529 221 1585 φροντίδος,
238 1529 325 1584 χεῖρες
350 1529 481 1584 ἐξαιροῦσι
508 1529 539 1574 τὸ
560 1529 654 1584 navim
666 1529 669 1530 ν
682 1529 740 1576 Καί
821 1529 844 1560 C
858 1541 882 1566 tu

900 1545 913 1572 ',
928 1545 1028 1566 manus
1042 1537 1115 1574 quod
1137 1537 1252 1565 inﬁxum
1273 1541 1332 1566 erat
1345 1536 1481 1565 eximunt.
1499 1538 1536 1565 Et
1549 1536 1584 1565 de
1604 1545 1657 1566 ca:-

16 1589 63 1618 τειν
74 1581 160 1619 ἀλλων
177 1581 290 1627 eam;
408 1581 414 1584 ‘
605 1581 611 1584 ·
860 1587 882 1611 ιε

900 1582 925 1610 is
945 1581 1080 1610 similiter.

52 1647 64 1659 ι
90 1634 144 1664 Καὶ
171 1633 226 1663 εἴτε
249 1633 350 1672 πάσχει
370 1633 398 1664 ἓν
420 1633 511 1673 μέλος,
538 1634 696 1674 συμπάσχει
718 1635 807 1665 πάντα

17 1677 47 1706 τὰ
66 1678 143 1716 μέλη·
165 1678 221 1708 εἴτε
244 1679 380 1714 δοξάζεται
405 1679 433 1708 ἓν
448 1680 538 1717 μέλος,
557 1679 696 1719 συγχαίρει
717 1681 806 1710 πάντα

16 1722 46 1751 τὰ
61 1724 140 1761 μέλη.
166 1737 180 1750 ιι
196 1722 231 1754 Ἦ
255 1723 306 1764 γὰρ
322 1723 434 1764 ἀκριϐὴς
457 1723 550 1757 ἔνωσις
578 1724 667 1758 κοινὰς
690 1725 807 1754 ποιεῖται

17 1767 59 1800 τὰς
81 1768 232 1809 συμφορὰς,
262 1769 307 1798 καὶ
332 1769 378 1802 τὰς
404 1769 599 1807 εὐδοκιμήσεις.
625 1769 707 1798 Οὕτω
733 1773 806 1808 γοῦν,

17 1813 48 1845 ὧς
63 1811 186 1852 εἴπομεν,
201 1815 249 1849 τῆς
260 1813 374 1854 πτέρνης
386 1813 532 1851 πλαγείσης
548 1814 559 1855 [
606 1814 705 1853 πληγ.]
721 1814 808 1844 πάντα

18 1857 178 1898 συμπάσχει·
196 1858 291 1894 πάλιν,
317 1860 494 1898 στεφανοῦται
510 1860 527 1894 ἡ
544 1857 665 1898 κεφαλὴ,
691 1858 736 1888 καὶ
755 1863 809 1892 τοῖς

19 1901 110 1935 λοιποῖς
125 1903 218 1941 μέλεσι
241 1903 304 1936 δόξα
327 1903 373 1932 καὶ
387 1902 472 1943 χαρὰ,
492 1901 626 1943 ὀφθαλμοί
649 1904 700 1932 εἶσι
720 1903 809 1940 καλοὶ,

19 1946 60 1975 καὶ
72 1948 101 1976 τὸ
115 1952 167 1977 πᾶν
184 1948 263 1986 σῶμα
276 1948 348 1977 δοκεῖ
359 1947 451 1978 καλόν.

54 2043 66 2056 ι
81 2029 170 2070 Ὑμεῖς
198 2031 226 2061 δέ
251 2033 310 2061 ἐστε
338 2033 418 2069 σῶμα
445 2031 578 2070 Χριστοῦ,
607 2030 653 2060 καὶ
677 2030 746 2069 με’λη
777 2032 808 2062 ἐκ

21 2073 116 2113 μέρους.
143 2090 156 2103 1
178 2076 242 2106 Ἴνα
266 2077 303 2114 μὴ
326 2075 431 2106 εἴπωσι·
456 2075 492 2106 Τί
515 2075 581 2116 πρὸς
602 2077 674 2114 ἡμᾶς
703 2076 733 2105 τὸ
762 2080 807 2107 τοῦ

22 2117 133 2156 σώματος
156 2121 205 2150 καὶ
232 2121 285 2150 τῶν
310 2121 397 2159 μελῶν
425 2120 614 2161 παράδειγμα;
641 2120 736 2161 φησὶν,
767 2121 807 2150 ὅτι

23 2162 69 2191 Καὶ
92 2165 162 2202 ὑμεῖς
185 2166 245 2195 ἐστε
269 2166 348 2203 σῶμα
373 2165 489 2205 Χριστοῦ
515 2165 561 2194 καὶ
587 2164 666 2203 μέλη’
687 2163 768 2202 ὥστε,
784 2167 807 2195 εἰ

22 2206 48 2235 τὸ
60 2197 217 2248 ἀνθρώπινον
231 2197 315 2248 σῶμα.
326 2211 356 2239 οὗ
371 2197 410 2239 Sci
427 2197 593 2245 στασιάζειν,
615 2197 691 2248 πόσῳ
707 2197 808 2248 μᾶλλον
823 2197 847 2228 D

24 2249 109 2282 τὸτοῦ
130 2255 265 2295 Χριστοῦς
291 2253 402 2290 Ἐπειδὴ
427 2254 455 2284 δὲ
478 2255 526 2283 οὐκ
549 2254 624 2284 αὐτοὶ
648 2255 723 2294 μόνοι
745 2267 808 2286 συν-

25 2295 142 2337 επλήρουν
158 2298 190 2329 τὸ
213 2300 292 2338 σῶμα
309 2301 354 2329 τοῦ
370 2300 504 2338 Χριστοῦ,
525 2299 584 2328 ἀλλ’
600 2300 624 2328 οἱ
645 2302 672 2329 ἐν
687 2299 761 2340 πάσῃ

26 2340 154 2384 οἶκουμένῃ
169 2344 267 2373 πιστοί·
293 2344 441 2383 προσέθηκε
462 2343 510 2380 τὸ,
535 2356 547 2369 ι
575 2342 630 2373 Καὶ
645 2343 724 2382 μέλη.
745 2357 757 2370 ιι
774 2345 808 2375 Εἰ

26 2383 69 2423 γὰρ
87 2388 182 2426 καὶμὴ
206 2390 286 2427 σῶμα
306 2388 451 2428 ὁλόκληρον
466 2384 547 2427 ἦσαν,
572 2389 632 2417 ἀλλ’
660 2384 704 2418 οὖν
729 2389 806 2427 μέλη·

27 2429 66 2457 καὶ
79 2433 173 2470 ταῦτα,
189 2446 202 2459 α
221 2433 251 2463 ἐκ
266 2432 378 2473 μέρους,
394 2447 407 2459 ν
424 2433 561 2469 τουτέστι,
581 2432 670 2462 πάντα
685 2433 719 2463 τὰ
732 2434 810 2472 μέλη,

29 2473 78 2519 ἀλλ’
92 2476 120 2505 ἔκ
141 2478 244 2518 μέρους.
260 2478 341 2509 Κατὰ
363 2477 411 2516 μὲν
434 2478 485 2519 γὰρ
505 2478 555 2512 τὴν
574 2478 601 2507 ἐν
616 2479 678 2516 ὑμῖν
693 2478 812 2515 Ἐκκλη-

29 2516 81 2563 “(at
95 2516 301 2563 σῶμα-Χριστοῦ
329 2524 408 2561 ἐστε,
425 2516 460 2556 ὥς
472 2516 627 2562 ἰὸλόκληρος
650 2522 811 2560 Ἐκκλησίαν

32 2561 389 2614 ξτίξδςῂδὲσὴνζᾶπανταχοῦ
412 2570 460 2604 τῆς
483 2561 636 2614 οἰκουμένης
669 2568 811 2604 καθολικὴν

42 2605 195 2649 Εικλησίαν,
216 2608 249 2648 ἧς
273 2612 304 2643 τὸ
324 2605 402 2651 aii-ina
427 2611 585 2648 συνέστηκεν
608 2613 637 2642 ἐκ
659 2614 710 2642 τῶν
728 2613 813 2642 ἅπαν-

35 2654 106 2698 ξαζοῧ
120 2654 285 2693 Ἐκκλησιῶν
296 2680 305 2695 ,
322 2656 382 2697 ἔχον
397 2657 514 2698 κεφαλὴν
532 2657 575 2687 τὸν
599 2657 726 2697 Χριστὸν,
744 2657 812 2696 μέλη

36 2693 100 2734 ἐστὲ)
113 2698 141 2729 ὲκ
153 2705 198 2732 τοῦ
210 2697 277 2732 εἶναι
385 2693 451 2743 προς
465 2702 558 2738 αὐτήν.

894 1628 987 1656 Vsns.
997 1630 1042 1655 26.
1052 1639 1065 1651 ι
1080 1628 1114 1655 Et
1121 1627 1176 1655 sive
1188 1627 1290 1663 patitur
1300 1635 1385 1654 unum
1396 1626 1564 1661 membrum,
1581 1635 1660 1655 coni—

862 1672 1003 1708 patiuntur
1020 1671 1115 1700 omnia
1130 1671 1256 1700 membra
1275 1671 1351 1700 :sive
1385 1671 1554 1708 gloriﬁcatur
1569 1680 1658 1700 unum

862 1717 1029 1750 membrum,
1055 1716 1227 1752 congaudent
1255 1716 1348 1744 omnia
1378 1717 1464 1752 200
1490 1717 1625 1745 membra.
1645 1730 1656 1742 ιι

861 1762 963 1789 Exacta
977 1761 1050 1789 enim
1073 1760 1231 1797 conjunctio
1255 1768 1421 1788 communes
1434 1760 1499 1788 facit
1519 1761 1660 1790 calamita-

861 1810 902 1834 tes
917 1809 945 1833 et
964 1805 1075 1841 glorias.
1098 1804 1227 1838 Proinde,
1241 1808 1273 1832 ut
1294 1804 1353 1840 jam
1372 1803 1503 1838 diximus,
1529 1805 1656 1834 calcaneo

863 1850 1004 1878 vulnerato
1018 1853 1109 1878 totum
1127 1857 1227 1880 corpus
1241 1849 1372 1876 condolet
1387 1857 1393 1876 :
1406 1857 1528 1883 rursum,
1539 1850 1562 1878 si
1573 1855 1657 1886 caput

862 1898 1020 1928 coronetur,
1034 1894 1146 1930 reliquis
1158 1893 1222 1921 inde
1236 1892 1370 1920 membris
1392 1897 1420 1920 et
1433 1893 1520 1928 gloria
1545 1897 1576 1922 et
1589 1902 1657 1930 gau-

861 1938 941 1967 dium
954 1938 1085 1975 emergit;
1101 1938 1172 1966 oculi
1187 1941 1252 1966 sunt
1266 1937 1384 1974 pulchri,
1405 1945 1438 1965 ac
1450 1941 1542 1966 totum
1555 1946 1658 1975 corpus

862 1982 1015 2012 formosum
1029 1987 1154 2019 apparet.

897 2029 987 2056 Vens.
1003 2030 1048 2055 27.
1068 2039 1080 2052 α
1099 2029 1153 2056 Vos
1175 2031 1269 2055 autem
1293 2027 1357 2054 estis
1381 2035 1482 2063 corpus
1498 2027 1610 2063 Christi,
1628 2032 1657 2057 et

861 2073 987 2101 membra
997 2080 1030 2101 ex
1053 2076 1141 2109 parte.
1156 2084 1167 2097 ι
1181 2073 1222 2100 Ne
1242 2071 1344 2106 dicant,
1358 2071 1461 2108 Ecquid
1481 2072 1516 2100 ad
1534 2080 1586 2101 nos
1597 2080 1659 2101 cor-

861 2118 934 2154 poris
950 2122 978 2146 et
999 2118 1191 2146 membrorum
1210 2116 1379 2145 similitudo?
1395 2117 1467 2152 lmo,
1488 2117 1590 2154 inquit,
1606 2126 1656 2146 vos

860 2163 926 2191 estis
937 2170 1038 2199 corpus
1049 2162 1148 2191 Christi
1168 2165 1196 2190 et
1208 2161 1344 2190 membra.
1357 2163 1447 2198 Quare
1461 2162 1484 2190 si
1501 2161 1657 2190 humanum

862 2215 963 2243 corpus
986 2215 1041 2235 non
1056 2210 1183 2243 oporteat
1204 2214 1219 2234 a
1235 2214 1264 2234 se
1273 2206 1429 2240 dissentire,
1443 2210 1547 2242 quanto
1563 2207 1658 2235 minus

861 2259 962 2288 corpus
976 2251 1098 2279 Christi?
1121 2251 1191 2286 Quia
1207 2258 1271 2278 vero
1293 2259 1349 2279 non
1373 2250 1424 2286 ipsi
1440 2250 1490 2279 soli
1504 2251 1656 2280 constitue-

861 2296 928 2325 bant
941 2303 1040 2332 corpus
1051 2296 1164 2329 Christi,
1180 2295 1227 2324 sed
1249 2303 1346 2324 omnes
1372 2295 1400 2323 in
1415 2295 1545 2323 universo
1570 2299 1657 2324 terra-

862 2349 925 2370 rum
937 2341 1003 2368 orbe
1015 2340 1119 2374 ﬁdeles,
1133 2340 1270 2376 apposuit,
1284 2352 1296 2364 -
1310 2341 1345 2367 Et
1356 2339 1489 2368 membra.
1511 2351 1525 2366 ι
1540 2340 1656 2370 Etiamsi

863 2386 936 2414 enim
947 2394 1004 2413 non
1015 2389 1106 2413 totum
1116 2393 1216 2421 corpus
1222 2389 1323 2419 essent,
1332 2385 1457 2413 membra
1468 2389 1542 2413 certe
1559 2390 1639 2414 erant
1652 2395 1658 2413 :

863 2431 946 2467 idque
969 2442 983 2455 ι
1004 2431 1044 2458 Ex
1058 2433 1144 2467 parte,
1167 2441 1181 2455 ιι
1202 2430 1254 2458 hoc
1268 2434 1311 2458 est
1336 2430 1428 2458 omnia
1444 2430 1557 2466 quidem
1573 2439 1661 2459 mem-

865 2476 924 2509 bra,
936 2475 994 2508 sed,
1007 2482 1040 2503 ex
1060 2479 1147 2511 parte.
1174 2476 1247 2503 Nam
1262 2474 1353 2511 quoad
1380 2475 1531 2503 Ecclesiam
1544 2475 1658 2511 quidem

865 2528 926 2557 quae.
950 2519 1022 2556 apud
1044 2527 1094 2548 vos
1113 2524 1164 2554 est,
1179 2527 1280 2556 corpus
1302 2519 1403 2548 Christi
1439 2520 1504 2548 estis
1523 2525 1660 2556 quatenus

864 2565 969 2601 integra
986 2565 1106 2593 Ecclesia
1123 2574 1129 2592 :
1146 2564 1236 2602 quoad
1257 2572 1322 2592 vero
1344 2564 1509 2592 catholicam
1535 2572 1583 2600 per
1597 2565 1661 2592 uni-

866 2617 977 2638 versum
1001 2613 1140 2638 terrarum
1155 2609 1253 2637 orbem
1278 2609 1437 2644 Ecclesiam,
1455 2610 1536 2645 cujus
1557 2617 1658 2644 corpus

868 2655 999 2683 omnibus
1020 2655 1122 2691 passim
1153 2655 1279 2683 Ecclesiis
1307 2658 1430 2688 constat,
1456 2656 1538 2690 caput
1558 2653 1662 2681 habens

868 2699 1019 2734 Christum,
1038 2700 1162 2728 membra
1182 2699 1267 2732 estis,
1283 2707 1316 2727 eo
1343 2699 1416 2736 quod
1430 2701 1556 2734 respectu
1577 2697 1660 2729 illius.

869 2751 932 2780 pars
943 2744 1011 2772 sitis.

708 2797 803 2828 Variae
824 2798 973 2828 lectiones.

68 2830 86 2848 ’⁷
99 2832 134 2861 ἀεὶ
145 2839 248 2874 μεριμνᾷ
272 2846 301 2867 ο.
337 2837 360 2855 ⁸³
374 2838 543 2874 συγκύπτεται
555 2845 581 2866 o.
