1867 3081
3 190 46 214 "15
462 185 637 213 EXPOSITIO
658 186 690 213 IN
711 186 813 213 EPIST.
836 186 844 213 I
864 185 909 212 AI)
930 185 1007 211 COR.
1031 199 1063 204 --
1083 185 1157 211 CAP.
1181 185 1245 212 XIII.

299 249 443 280 ΚΕΦΑΑ.
471 245 526 279 Ην.

40 325 55 342 α
71 312 148 343 Ἒὰν
178 317 239 345 ταῖς
263 312 397 351 γλώσσαις
422 313 496 341 λαλῶ
518 313 570 341 τῶν
597 311 742 351 ἀνθρώπων
765 311 810 340 καὶ

3 360 48 387 τῶν
73 358 228 398 ἀγγέλων,
255 357 362 395 ἀγάπην
387 357 414 386 δὲ
441 357 477 395 μὴ
502 357 566 398 ἔχω,
591 356 686 396 γέγονα
713 356 811 396 χαλκὸς

3 404 85 444 ἧχῶν,
102 403 154 432 καὶ
173 403 187 421 ³
204 402 340 440 κύμϐαλον
355 402 494 436 ἀλαλάζον.
517 417 528 428 ιι
544 403 604 432 Οὐκ
619 401 691 434 εὐθὺς
706 401 809 430 ὑπέδει-

3 449 37 481 Ξεν
54 449 151 480 αὐτοῖς
175 447 226 483 τὴν
242 448 314 483 ὁδὸν,
331 447 399 476 ἀλλὰ
422 447 553 487 συγκρίνει
579 447 659 482 αὐτὴν
683 447 809 486 πρότερον

3 494 61 532 τρὸς
85 492 120 522 τὸ
138 493 238 522 δοκοῦν
265 493 352 526 αὐτοῖς
371 492 493 532 χάρισμα
509 487 575 521 εἶναι
593 494 697 529 μεῖζον,
714 491 743 520 τὸ
758 493 808 520 τῶν

3 538 148 576 γλωσσῶν,
176 537 225 566 καὶ
254 537 368 566 δείκνυσι
400 537 500 573 ταύτην
528 536 692 576 ἀσυγχρίτως
717 536 809 566 τούτου

3 582 209 622 ὕπερέχουσαν,
223 581 265 610 ναὶ
288 581 340 620 μὴν
364 581 409 610 καὶ
433 583 484 610 τῶν
509 583 609 611 λοιπῶν
628 581 735 611 πάντων
757 593 809 621 χα-

3 627 157 666 ρισμάτων,
185 626 232 655 καὶ
259 626 319 656 τότε
345 626 516 663 ἅξιοπόθητον
543 626 690 666 ἀποφαίνει.
718 626 811 656 Γλώσ-

3 684 47 705 rei;
69 672 98 702 δὲ
126 672 296 712 ἀνθρώπων,
322 673 374 700 τῶν
400 671 559 712 ἁπανταχοῦ
583 674 628 707 τῆς
654 671 809 709 οἰκουμένης

3 718 79 745 ἐθνῶν
95 728 196 757 φησιν,
223 718 282 746 Οὐχ
308 715 467 756 ἀρκούμενος
489 716 516 745 δὲ
540 716 635 756 τούτῳ,
656 716 701 745 χαὶ
717 715 808 755 ἑτέραν

3 761 103 797 τίθησιν
127 760 297 800 ὓπερϐολήψ
328 773 341 789 α
365 763 433 793 Ταῖς
456 762 508 790 τῶν
531 761 667 800 ἀγγέλων,
689 774 702 787 ι
730 760 807 801 orla-‘1.

9 806 186 846 αγλὼσσαις”
206 819 220 832 ι
245 807 296 846 οὐχ
311 804 350 835 δτι
373 807 396 835 οἱ
419 806 527 844 ἄγγελοι
548 805 669 844 γλώσσας
694 805 807 845 ἔχουσιν,

5 850 70 880 ἀλλὰ
97 851 225 891 κρεῖττόν
250 863 275 880 τι
293 851 414 887 δηλῶσαι
436 851 533 887 θέλων,
555 851 600 879 καὶ
621 851 652 880 τὸ
680 850 808 889 ὑπερέχον

7 898 55 925 τῶν
77 897 258 936 ἀνθρωπίνων
279 897 289 915 ⁸
306 898 445 935 γλωσσῶν,
463 896 506 925 διὰ
528 898 604 924 τοῦτο
630 895 712 929 οὕτως
727 890 809 924 εἶπεν.

7 941 138 980 ’Λγγέλοις
155 941 212 981 γὰρ
229 941 241 958 ⁵
263 942 384 980 γλῶσσα,
407 942 423 976 ἡ
439 940 515 980 νοερὰ
531 941 595 980 πρὸς
610 941 639 970 τὸ
659 941 782 976 ἀλλήλοις
797 940 808 957 ⁸

9 986 154 1015 διαδιδόναι
178 985 216 1015 τὰ
244 988 300 1015 θεῖα
327 986 450 1023 νοήματα
473 985 590 1024 δύναμις.
618 985 682 1015 Ἀπὸ
710 985 736 1015 δὲ
763 987 808 1014 τοῦ

7 1031 136 1070 ἡμετέρου
153 1031 270 1070 ὀργάνου
290 1031 389 1067 ταύτην
413 1030 568 1069 ὠνόμασεν,
595 1029 686 1070 ὥσπερ
701 1030 745 1059 καὶ
761 1030 808 1068 τὸ,

13 1086 25 1103 ιι
40 1077 100 1105 Πᾶν
113 1076 180 1115 γόνυ
193 1076 298 1115 κάμψει
323 1075 496 1114 ἐπουρανίων.
514 1085 529 1103 n
557 1076 597 1105 Οὐ
613 1075 662 1115 γὰρ
678 1075 744 1103 ὀστᾶ
764 1075 809 1104 καὶ

10 1123 85 1160 νεῦρα
115 1120 244 1161 ἔχουσιν,
271 1120 340 1150 ἀλλὰ
371 1120 420 1156 τὴν
450 1120 641 1158 ἐπιτεταμένην
674 1120 808 1159 ὑποταγὴν

10 1165 133 1200 ἐδήλωσε.
163 1178 176 1192 α
198 1165 301 1205 Γέγονα
330 1176 345 1194 ι)
364 1165 407 1203 δὲ,
423 1165 506 1205 φησὶ,
530 1176 544 1193 α
568 1164 669 1205 χαλκὸς
687 1167 772 1204 ἠχῶν·
791 1176 806 1192 π

12 1210 157 1246 τουτέστιν,
174 1209 267 1250 φωνὴν
292 1211 340 1248 μὲν
367 1209 460 1249 ἀφιεὶς,
486 1211 544 1244 εἶχῆ
569 1210 597 1239 δὲ
621 1210 807 1249 φθεγγόμενος,

11 1254 52 1282 χαὶ
66 1255 181 1295 ὀχληρὸς
199 1253 247 1292 ὢν,
275 1254 375 1294 μηδένα
401 1254 427 1283 δὲ
445 1255 567 1295 ὠφελῶν,
589 1254 633 1284 διὰ
650 1254 680 1283 τὸ
703 1254 809 1293 ἀγάπης

14 1299 178 1339 ἐστερῆσθαι.

57 1401 70 1420 (ι
86 1390 138 1420 Καὶ
154 1391 200 1420 ἐὰν
220 1390 275 1431 ἔχω
294 1389 472 1430 προφητείαν,
491 1389 536 1419 καὶ
550 1390 610 1418 εἰδῶ
625 1389 658 1419 τὰ
674 1388 808 1428 μυστήρια

16 1434 115 1471 πάντα,
130 1435 177 1465 καὶ
189 1440 281 1465 πᾶσαν
298 1434 346 1470 τὴν
361 1437 468 1474 γνῶσιν.
486 1445 501 1463 ι)
516 1435 577 1474 Οὖχ
598 1435 688 1467 ἁπλῶς
703 1445 808 1474 προφη-

18 1479 97 1516 τείαν,
112 1479 181 1509 ἀλλὰ
196 1481 248 1515 τὴν
270 1480 433 1520 ἀκροτάτην,
444 1479 489 1508 καὶ
505 1479 590 1508 πάντα
602 1479 700 1508 εἰδυῖαν
714 1478 746 1506 τὰ
761 1491 810 1516 μυ-

19 1524 116 1564 στήρια.
145 1525 250 1555 Σκόπει
265 1524 302 1561 δὲ,
318 1526 374 1557 πῶς
390 1523 435 1553 ἐπὶ
451 1523 498 1561 μὲν
514 1526 564 1552 τῶν
586 1525 714 1563 γλωσσῶν
735 1522 808 1553 οὐδὲν

1611 188 1663 213 726

1151 247 1271 274 CAPUT
1295 248 1373 274 XIII.

900 316 989 342 Vsus.
1005 316 1015 342 1
1035 335 1041 341 .
1055 325 1066 338 α
1082 313 1109 342 Si
1126 313 1224 349 linguis
1240 313 1386 342 hominum
1402 314 1500 352 loquar
1512 320 1540 344 et
1551 316 1659 352 angelo-

865 368 939 392 rum,
950 359 1109 387 charitatem
1131 364 1223 386 autem
1237 367 1292 386 non
1303 359 1429 396 habeam,
1446 360 1534 388 factus
1548 369 1610 388 sum
1625 369 1662 389 aes

864 412 976 436 sonans,
1006 403 1046 431 vel
1073 404 1229 440 cymbalum
1259 404 1388 432 tiuniens.
1407 415 1417 429 ι
1436 404 1516 433 llaud
1539 409 1660 433 actutum

863 449 1080 478 submonstravit
1101 449 1141 477 eis
1163 449 1246 483 viam,
1266 449 1314 477 sed
1334 455 1478 486 comparat
1505 459 1566 478 eam
1586 451 1661 487 prius

863 503 927 522 cum
940 495 1013 522 dono
1026 494 1098 530 quod
1115 494 1181 530 ipsis
1197 493 1339 522 videbatur
1353 503 1411 522 esse
1426 495 1515 530 potius
1526 516 1533 529 ,
1554 495 1659 531 lingua-

863 548 926 568 rum
944 539 1078 573 videlieet,
1095 539 1268 575 ostenditque
1283 539 1354 568 hanc
1367 539 1435 568 illud
1456 541 1660 576 incomparabi-

863 585 924 612 liter
936 584 1108 616 antecellere,
1127 585 1184 611 imo
1199 588 1225 612 et
1237 588 1335 612 cwtera
1354 585 1449 612 omnia
1471 585 1637 613 charismata
1653 594 1659 612 :

863 633 890 656 et
899 633 958 656 tum
970 637 1031 656 eam
1051 628 1162 663 dignam
1181 636 1239 656 esse
1251 629 1300 661 ait,
1313 637 1375 664 qua:
1386 630 1421 657 ab
1436 629 1568 657 omnibus
1582 637 1660 664 expe-

862 677 946 701 tatur.
972 673 1093 708 Linguas
1116 677 1209 700 autem
1234 672 1390 707 hominum,
1409 678 1570 702 cunctarum
1595 681 1659 709 gen-

863 718 932 746 tium
963 717 1065 754 ubique
1088 722 1223 746 terrarum
1256 719 1491 746 commorantium
1523 717 1660 754 intelligit.

863 765 920 790 Nec
936 763 986 790 hoc
997 767 1152 796 contentus,
1163 764 1242 791 aliam
1267 764 1343 799 ponit
1356 764 1564 792 execllentiam:
1581 775 1594 788 ι
1606 766 1662 792 Λη-

863 807 985 842 gelorum
997 807 1106 843 linguis,
1123 819 1136 832 ν
1155 807 1241 843 inquit
1258 817 1263 835 :
1281 816 1334 836 non
1355 808 1429 843 quod
1445 808 1532 843 angeli
1557 808 1662 845 linguas

864 851 1009 885 habebant,
1034 851 1081 879 sed
1112 856 1143 879 ut
1169 852 1310 888 quiddam,
1341 853 1416 888 quod
1445 852 1574 880 humanis
1609 853 1662 880 Iin-

864 897 925 932 guis
941 897 1117 924 excellentius
1140 901 1225 931 esset,
1249 897 1392 929 indicaret,
1415 897 1453 925 sic
1473 897 1552 925 dixit.
1568 898 1659 932 Ange-

861 941 950 969 lorum
962 941 1037 969 enim
1054 941 1142 976 lingua
1159 946 1199 969 est
1215 942 1404 969 intellectualis
1420 943 1459 970 vis
1470 950 1522 978 qua
1534 942 1585 969 sibi
1598 949 1660 969 mu-

862 990 910 1013 tuo
930 986 1087 1014 divinarum
1112 994 1204 1013 rerum
1215 986 1384 1014 intellectum
1411 994 1443 1014 ac
1457 986 1564 1015 divinas
1586 987 1660 1023 cogi-

860 1031 982 1059 tationes
1002 1031 1172 1066 impcrtiunt.
1200 1032 1224 1058 Λ
1243 1035 1337 1058 nostro
1359 1035 1453 1059 autem
1480 1039 1583 1067 organo
1597 1039 1659 1059 eam

862 1075 1027 1109 nominavit,
1054 1074 1290 1110 quemadmodum
1317 1079 1344 1102 et
1378 1074 1456 1108 illud,
1482 1087 1494 1099 ι
1527 1075 1663 1102 Flectetur

865 1126 948 1146 omne
969 1127 1039 1154 genu
1058 1119 1210 1148 cmlestium
1229 1125 1253 1147 P.
1281 1131 1293 1144 η
1308 1121 1372 1148 Non
1389 1120 1460 1148 enim
1476 1127 1537 1147 ossa
1559 1124 1589 1148 et
1600 1127 1662 1147 ner-

861 1171 909 1192 vos
935 1163 1050 1198 habent,
1073 1164 1120 1192 sed
1147 1172 1286 1192 summam
1303 1164 1503 1200 subjectionem
1518 1163 1660 1192 indicavit.

865 1219 877 1232 ι
898 1209 1000 1236 Factus
1025 1217 1101 1242 sum,
1120 1220 1133 1232 ν
1159 1209 1266 1245 inquit,
1295 1220 1308 1232 ι
1333 1216 1371 1236 aes
1394 1216 1505 1243 sonans,
1524 1208 1577 1236 hoc
1592 1220 1604 1232 -
1620 1212 1662 1236 est

862 1261 957 1281 vocem
985 1253 1096 1290 quidem
1122 1253 1216 1287 edens,
1237 1259 1340 1281 temere
1361 1257 1455 1281 autem
1486 1254 1609 1289 loquens.
1631 1260 1662 1280 ac

862 1298 1017 1326 turbulenta
1032 1297 1184 1334 proferens,
1203 1299 1305 1334 quibus
1320 1298 1425 1326 nemini
1445 1299 1563 1335 prosim,
1577 1305 1662 1334 quan-

863 1342 1012 1378 doquidem
1028 1342 1163 1370 charitate
1185 1343 1238 1370 sim
1263 1343 1422 1371 destitutus.

899 1388 987 1415 Vens.
999 1391 1023 1414 2.
1043 1399 1055 1411 α
1067 1388 1132 1415 Etsi
1145 1388 1228 1423 202
1239 1387 1359 1415 habuero
1372 1387 1556 1424 prophetiam,
1570 1391 1597 1416 et
1610 1395 1659 1415 no-

863 1432 949 1460 verim
965 1432 1096 1468 mysteria
1117 1433 1220 1464 omnia,
1235 1437 1263 1460 et
1274 1440 1387 1460 omnem
1402 1432 1556 1460 scientiam.
1574 1443 1587 1456 -
1600 1433 1662 1460 Non

862 1476 1020 1512 simpliciter
1036 1477 1219 1512 prophetiam,
1247 1477 1296 1505 sed
1312 1477 1430 1505 maxime
1459 1476 1618 1511 sublimem,
1634 1481 1661 1504 et

863 1529 925 1557 qua:
939 1521 1066 1557 mysteria
1081 1522 1172 1549 omnia
1179 1522 1295 1550 noverit.
1306 1521 1427 1550 Observa
1438 1525 1531 1549 autem
1545 1521 1620 1558 quod
1628 1521 1664 1550 de

20 1563 85 1598 εἶπεν
119 1565 185 1599 εἶναι
217 1569 317 1610 κέρδος
355 1569 399 1598 ἐπὶ
431 1569 459 1598 δὲ
485 1571 532 1604 τῆς
569 1568 748 1609 προφητείας,
783 1567 810 1597 τὸ

905 1566 965 1601 guis
979 1566 1092 1602 quidem
1105 1566 1210 1594 nullam
1226 1566 1375 1594 utilitatem
1389 1566 1459 1594 dixit
1467 1574 1529 1602 qum
1541 1566 1582 1594 eis
1595 1566 1664 1594 ines-

22 1612 108 1643 εἰδέναι
125 1614 158 1643 τὰ
183 1615 319 1654 μυστήρια
341 1613 440 1650 πάντα,
467 1614 513 1642 καὶ
527 1618 616 1643 πᾶσαν
636 1613 684 1649 τὴν
700 1614 808 1652 γνῶσιν.

60 1714 73 1731 α
93 1704 146 1734 Καὶ
163 1704 209 1734 ἐὰν
230 1704 285 1745 ἔχει)
301 1708 391 1733 πᾶσαν
404 1704 451 1740 τὴν
467 1704 566 1735 πίστιν.
585 1715 599 1733 1)
620 1704 680 1733 Ἵνα
698 1703 734 1741 μὴ
751 1704 810 1731 καθ’

25 1745 125 1778 ἕκαστον
146 1749 232 1788 λέγων
264 1749 376 1790 ὀχληρὸς
398 1749 532 1789 φαίνηται,
563 1748 606 1778 ἐπὶ
629 1748 676 1784 τὴν
707 1748 810 1786 μητέρα

23 1791 63 1820 καὶ
76 1793 120 1829 τὴν
136 1794 226 1834 πηγὴν
244 1794 369 1823 ἁπάντων
385 1789 462 1830 ἦλθε,
484 1794 532 1829 τὴν
551 1793 653 1831 πίστιν,
677 1792 723 1822 καὶ
744 1792 810 1820 ταύ-

23 1847 65 1871 την
78 1843 172 1868 πᾶσαν.

66 1892 79 1910 (ι
91 1881 172 1912 ’Ὥστε
194 1882 241 1912 καὶ
260 1884 308 1923 ὄρη
326 1882 492 1921 μεθιστάναι,
509 1882 617 1921 ἀγάπην
637 1881 667 1911 δὲ
683 1882 730 1911 οὐχ
745 1881 810 1921 ἔχω,

26 1926 91 1955 οὐδέν
116 1929 180 1967 εἶμι,
210 1941 226 1956 n
243 1929 354 1963 Ἐπειδὴ
379 1928 464 1957 ἐδόκει
484 1929 537 1961 τοῖς
560 1927 719 1966 παχυτέροις
742 1928 811 1965 μέγα

27 1970 52 1998 τὸ
75 1973 236 2009 μεθιστάνειν
269 1974 302 2003 τὰ
328 1974 392 2013 ὄρη,
414 1972 506 2002 τούτου
546 1971 622 2001 ἕνεκα
658 1972 810 2010 ἐπεμνήσθη

29 2015 105 2053 αὐτοῦ,
124 2018 172 2058 οὐχ
188 2019 228 2047 ὅτι
255 2021 330 2048 τοῦτο
355 2020 433 2057 μόνον
460 2017 570 2046 δύναται
588 2019 605 2052 ἡ
620 2021 694 2045 πᾶσα
710 2016 808 2049 πίστις·

28 2058 53 2088 τὸ
75 2061 120 2100 γὰρ
143 2063 190 2102 ὄρη
216 2063 381 2102 μεθιστάνειν
405 2065 418 2092 ὁ
445 2062 542 2102 Κύριος
565 2063 652 2102 μικρῷ
668 2060 742 2101 μέρει
764 2063 810 2097 τῆς

29 2102 130 2140 πίστεως
148 2109 318 2143 ἀνατίθησιν,
335 2107 425 2136 εἰπών·
458 2119 472 2136 (ι
487 2106 552 2136 Ἐὰν
569 2107 647 2146 ἕλητε
665 2105 755 2135 πίστιν
775 2108 810 2140 ὡς

30 2146 112 2178 κόκκον
136 2151 276 2186 σινάπεως.
298 2165 312 2177 ι
339 2151 412 2191 Ὅρα
436 2152 473 2188 δὲ,
496 2152 553 2184 πῶς
574 2151 616 2180 διὰ
641 2152 685 2185 τῆς
708 2162 809 2190 προφη-

29 2192 91 2226 τείας
109 2196 152 2224 χαὶ
177 2199 225 2233 τῆς
252 2197 364 2231 πίστεως
389 2196 477 2226 πάντα
502 2196 536 2225 τὰ
556 2195 712 2235 χαρίσματα
732 2207 806 2234 περι-

31 2235 121 2267 έλαϐενο
143 2238 228 2282 ἢγὰρ
252 2242 279 2271 ἐν
301 2241 396 2280 λόγοις,
420 2241 437 2276 ἢ
454 2242 479 2270 ἓν
503 2240 605 2280 ἔργοις,
628 2239 679 2269 εἰσὶ
694 2239 726 2268 τὰ
742 2240 807 2269 θαύ-

33 2291 103 2317 ματα.
119 2286 175 2314 Οὐχ
197 2282 256 2316 εἶπε
283 2286 328 2323 δὲ,
346 2287 385 2316 ὅτι
408 2286 528 2325 Ἀγοίπην
553 2285 589 2323 μὴ
617 2285 696 2324 ἔχων,
719 2286 810 2324 μικρός

33 2325 79 2363 εἶμι
94 2328 135 2357 καὶ
151 2331 267 2369 εὐτελὴς,
284 2331 354 2368 ἀλλ’,
371 2344 384 2358 ι
398 2331 482 2360 Οὐδέν
503 2331 568 2368 εἰμι.
585 2343 596 2356 ι

70 2382 83 2400 ((
97 2373 148 2416 [ςαὶ
162 2375 204 2404 ἐὰν
221 2375 336 2416 ψωμίσω
361 2375 450 2406 πάντα
474 2375 508 2404 τὰ
530 2373 685 2414 ὑπάρχοντά
705 2386 766 2413 μου.
793 2385 808 2403 ι)

36 2414 85 2444 Οὒχ
103 2412 181 2455 εἶπεν,
205 2412 272 2450 ’iiai
291 2421 328 2449 δῶ
355 2420 432 2460 μέρος
458 2422 503 2456 τῆς
526 2412 622 2451 οὐσίας
646 2412 710 2456 μου,
731 2418 809 2453 ἀλλὰ,

40 2468 51 2502 (ς
63 2459 99 2490 Τὰ
110 2462 202 2493 πάντα’
215 2477 229 2493 ιι
243 2464 288 2495 καὶ
305 2468 352 2495 οὐχ
365 2460 432 2500 εἶπε,
446 2466 500 2502 Ae"),
516 2464 596 2501 ἀλλὰ,
613 2475 627 2492 (ι
639 2463 778 2502 Ψωμίσω·
794 2475 808 2492 n

41 2501 52 2512 tl
203 2510 217 2517 ,,
313 2512 330 2519 ,κ
412 2510 418 2519 ,
495 2501 510 2518 '\
696 2508 702 2517 I

39 2514 95 2533 ωστε
111 2513 277 2547 προσκεισθαι
298 2523 330 2550 τῃ
347 2511 453 2549 δαπανῃ
468 2521 514 2538 και
530 2508 578 2545 τὴν
603 2509 749 2545 διακονιαν,
765 2508 811 2544 τὴν

40 2549 88 2583 μετ’
101 2551 244 2589 ἐπιμελείας
258 2549 356 2591 πάσης.

74 2606 85 2617 ι
100 2595 149 2626 Καὶ
171 2599 213 2628 ἐὰν
240 2601 353 2640 παραδῶ
377 2599 406 2629 τὸ
431 2598 510 2636 σῶμά
526 2609 588 2636 μου,
605 2597 650 2627 ἵνα
672 2597 813 2633 καυθήσω-

45 2646 92 2675 μαι»
108 2641 205 2680 ἀγάπην
231 2645 259 2674 δὲ
280 2644 319 2684 μὴ
342 2644 409 2684 ἔχω,
432 2644 505 2673 οὐδὲν
532 2643 693 2684 ὠφελοῦμαι.
721 2657 732 2670 Ιι
757 2644 816 2672 Οὐκ

80 2710 205 2750 pPhilipp.
217 2724 252 2751 xi,
270 2719 312 2744 10.
357 2715 476 2744 “Matth.
493 2722 572 2749 xvn,
587 2719 630 2743 2o.

865 1614 921 1645 set;
937 1614 965 1638 at
989 1610 1024 1639 de
1038 1611 1183 1647 prophetia
1205 1611 1258 1639 hoc
1270 1611 1350 1645 dixit,
1366 1611 1393 1639 Si
1410 1611 1534 1639 noverim
1559 1614 1662 1646 myste~

865 1655 903 1683 ria
922 1655 1026 1690 omnia,
1047 1660 1076 1683 et
1098 1663 1209 1683 omnem
1225 1655 1379 1684 scientiam.

902 1711 914 1724 α
931 1701 966 1728 Et
990 1701 1011 1728 si
1031 1700 1153 1728 habuero
1175 1709 1287 1729 omnem
1303 1700 1400 1728 ﬁdem.
1422 1711 1436 1725 ι
1459 1701 1502 1728 Ne
1527 1700 1664 1736 sigillatim

865 1744 981 1772 dicendo
1003 1745 1135 1772 molestus
1155 1745 1294 1778 videatur,
1310 1745 1346 1773 ad
1369 1749 1486 1773 matrem
1515 1749 1544 1773 et
1559 1745 1664 1774 fontem

866 1790 1003 1824 omnium,
1020 1789 1103 1818 ﬁdem
1116 1790 1248 1826 pervenit,
1267 1798 1383 1826 eamque
1395 1798 1519 1818 omnem.

903 1897 916 1914 α
930 1889 970 1915 Ut
985 1892 1093 1915 montes
1108 1887 1286 1921 transferam,
1300 1886 1463 1915 eharitatem
1486 1890 1580 1915 autem
1605 1895 1662 1916 non

865 1931 992 1966 habeam,
1006 1932 1073 1960 nihil
1084 1940 1158 1960 sum.
1175 1942 1188 1958 ››
1207 1932 1275 1967 Quia
1291 1931 1432 1959 videbatur
1443 1939 1578 1967 magnum
1603 1939 1663 1961 esse

865 1977 1023 2004 rudioribus
1046 1981 1156 2004 montes
1180 1976 1340 2010 transferre,
1364 1980 1507 2012 propterea
1534 1976 1594 2012 ejus
1626 1977 1665 2005 rei

865 2021 1002 2056 meminit,
1018 2029 1074 2049 non
1105 2021 1179 2057 quod
1196 2021 1249 2049 hoc
1263 2022 1354 2049 solum
1384 2021 1470 2057 possit
1492 2025 1549 2049 tota
1571 2021 1660 2049 fides:

864 2075 928 2094 nam
946 2071 1053 2094 montes
1065 2066 1226 2100 transferre,
1240 2066 1281 2094 vel
1296 2065 1414 2094 modica:
1439 2066 1500 2094 ﬁdei
1516 2066 1586 2102 parti
1600 2068 1659 2094 Do-

865 2111 956 2138 minus
976 2111 1089 2139 ascribit
1107 2120 1140 2138 :«
1156 2111 1183 2139 Si
1200 2110 1333 2143 habeatis,
1357 2120 1370 2136 ll
1389 2110 1527 2146 inquiens,
1545 2121 1558 2135 ι
1574 2109 1659 2138 ﬁdem

864 2160 895 2183 ut
908 2164 1024 2192 granum
1039 2156 1140 2192 sinapis
1150 2163 1175 2183 ει.
1192 2167 1205 2180 ι-
1220 2155 1343 2184 Ohserva
1353 2160 1445 2183 autem
1457 2155 1503 2182 hic
1518 2154 1663 2191 quomodo

865 2209 912 2236 per
929 2201 1103 2237 prophetiam
1117 2205 1144 2229 et
1153 2200 1236 2229 fidem
1251 2200 1344 2228 omnia
1360 2200 1525 2228 charismata
1539 2207 1664 2235 compre-

825 2265 850 2298 Ο
863 2245 959 2273 hendit
975 2256 982 2273 :
998 2250 1045 2273 aut
1057 2245 1133 2273 enim
1160 2245 1188 2272 in
1207 2245 1298 2273 verbis
1323 2245 1363 2273 vel
1389 2244 1519 2281 operibus
1534 2248 1599 2272 sunt
1613 2244 1664 2272 mi-

933 2290 938 2298 .
982 2290 1006 2298 ν
1080 2289 1099 2298 ..
1122 2290 1139 2298 ..
1199 2293 1206 2298 .
1278 2289 1304 2298 η.
1351 2289 1368 2298 ..
1392 2295 1397 2298 .
1426 2297 1442 2298 η
1546 2288 1648 2298 LL”

864 2290 966 2318 racula.
982 2290 1045 2317 Non
1071 2289 1142 2318 dixit
1161 2293 1255 2317 autem
1276 2289 1446 2318 Charitatem
1465 2297 1522 2317 non
1546 2288 1665 2323 habens,

866 2334 993 2362 modicus
1008 2341 1070 2361 sum
1086 2338 1114 2362 et
1129 2334 1199 2368 vilis,
1213 2342 1319 2369 verum,
1337 2345 1350 2358 σι
1371 2334 1444 2362 Nihil
1457 2342 1528 2362 sum.
1546 2345 1559 2358 ιο

901 2380 992 2407 Vans.
1009 2382 1036 2406 3.
1061 2388 1075 2405 ι(
1102 2380 1137 2406 Et
1151 2379 1173 2406 si
1194 2378 1360 2407 distribuero
1380 2379 1407 2406 in
1424 2378 1499 2407 cibos
1514 2386 1667 2415 pauperum

867 2430 965 2452 omnes
985 2423 1131 2452 facultates
1145 2431 1229 2452 meas.
1246 2435 1258 2447 η
1282 2425 1344 2452 Non
1359 2423 1442 2456 dixit,
1454 2424 1481 2451 Si
1498 2428 1604 2460 partem
1618 2423 1668 2452 ali-

865 2476 949 2504 quam
960 2468 1124 2496 facultatum
1144 2476 1270 2496 mearum
1284 2468 1398 2504 dedero,
1411 2468 1470 2503 sed,
1489 2480 1501 2493 ιι
1516 2469 1638 2497 Omnes:
1653 2481 1666 2493 ιι

867 2521 918 2540 nec
928 2513 1006 2547 dixit,
1017 2513 1136 2548 Dedero,
1156 2513 1212 2545 sed,
1227 2523 1241 2538 «
1253 2514 1285 2541 In
1296 2513 1373 2541 cibos
1392 2513 1569 2546 distribucro,
1581 2523 1596 2539 »
1621 2517 1668 2541 aut

867 2558 988 2594 sumptui
1004 2558 1189 2587 ministerium
1200 2566 1263 2586 cum
1273 2558 1349 2586 omni
1365 2557 1505 2594 diligentia
1514 2558 1666 2594 adjiciatur.

905 2615 918 2627 α
936 2605 971 2631 Et
984 2603 1005 2631 si
1018 2602 1122 2632 dedero
1136 2612 1237 2639 corpus
1250 2611 1345 2631 meum
1361 2607 1391 2631 ut
1417 2603 1538 2637 ardeam,
1552 2602 1668 2630 charita-

869 2651 929 2676 tem
941 2651 1035 2676 autem
1049 2655 1106 2676 non
1117 2648 1245 2681 habeam,
1261 2648 1331 2677 nihil
1344 2648 1414 2676 mihi
1430 2647 1554 2684 prodest.
1568 2658 1580 2670 -
1605 2647 1669 2675 Non

714 2750 807 2780 Variae
831 2751 979 2780 lectiones.

77 2823 85 2839 ³
97 2824 111 2858 ἦ
123 2835 147 2856 0.
183 2831 191 2846 ⁸
203 2831 336 2868 ἀνθρώπων
351 2840 378 2861 o.
416 2832 427 2850 ⁸
441 2833 467 2860 δέ
479 2840 503 2861 o.
543 2833 554 2849 ⁸
578 2832 716 2866 ἀλλήλους,
734 2832 786 2858 καὶ
800 2830 920 2866 ἀλλήλων
935 2839 961 2860 ο.
