  <div class='ocr_page' id='page_1' title='image "/cluster/home/n/w/nwhite01/storage/ocr_20150623/124/njp.32101010942728/493.png"; bbox 0 0 1867 3081; ppageno 0'>
   <div class='ocr_carea' id='block_1_1' title="bbox 222 172 274 198">
    <p class='ocr_par' dir='ltr' id='par_1_1' title="bbox 222 172 274 198">
     <span class='ocr_line' id='line_1_1' title="bbox 222 172 274 198; baseline 0.019 -1"><span class='ocrx_word' id='word_1_1' title='bbox 222 172 274 198; x_wconf 79' lang='lat'><strong>727</strong></span> 
     </span>
    </p>
   </div>
   <div class='ocr_carea' id='block_1_2' title="bbox 731 167 1832 197">
    <p class='ocr_par' dir='ltr' id='par_1_2' title="bbox 731 167 1832 197">
     <span class='ocr_line' id='line_1_2' title="bbox 731 167 1832 197; baseline 0 -1"><span class='ocrx_word' id='word_1_2' title='bbox 731 168 989 197; x_wconf 77' lang='lat' dir='ltr'><strong>THEOPHYLACTI</strong></span> <span class='ocrx_word' id='word_1_3' title='bbox 1008 167 1186 196; x_wconf 67' lang='lat' dir='ltr'><strong>BULGARl/E</strong></span> <span class='ocrx_word' id='word_1_4' title='bbox 1205 167 1363 195; x_wconf 79' lang='lat' dir='ltr'><strong>ABGHIEP.</strong></span> <span class='ocrx_word' id='word_1_5' title='bbox 1799 171 1832 196; x_wconf 74' lang='lat'><strong>728</strong></span> 
     </span>
    </p>
   </div>
   <div class='ocr_carea' id='block_1_3' title="bbox 222 225 1017 270">
    <p class='ocr_par' dir='ltr' id='par_1_3' title="bbox 222 230 1017 267">
     <span class='ocr_line' id='line_1_3' title="bbox 222 230 1017 267; baseline -0.001 -7"><span class='ocrx_word' id='word_1_6' title='bbox 222 232 300 266; x_wconf 84' lang='lat' dir='ltr'><strong>dixit,</strong></span> <span class='ocrx_word' id='word_1_7' title='bbox 317 233 353 260; x_wconf 90' lang='lat' dir='ltr'><strong>Ut</strong></span> <span class='ocrx_word' id='word_1_8' title='bbox 373 231 486 265; x_wconf 84' lang='lat' dir='ltr'><strong>moriar,</strong></span> <span class='ocrx_word' id='word_1_9' title='bbox 512 231 560 259; x_wconf 85' lang='lat' dir='ltr'><strong>sed</strong></span> <span class='ocrx_word' id='word_1_10' title='bbox 586 230 662 267; x_wconf 88' lang='lat' dir='ltr'><strong>quod</strong></span> <span class='ocrx_word' id='word_1_11' title='bbox 677 231 804 259; x_wconf 88' lang='lat' dir='ltr'><strong>omnium</strong></span> <span class='ocrx_word' id='word_1_12' title='bbox 827 231 1017 259; x_wconf 81' lang='lat' dir='ltr'><strong>difﬁcillimurr</strong></span> 
     </span>
    </p>
   </div>
   <div class='ocr_carea' id='block_1_4' title="bbox 1079 225 1831 270">
    <p class='ocr_par' dir='ltr' id='par_1_4' title="bbox 1079 225 1831 270">
     <span class='ocr_line' id='line_1_4' title="bbox 1079 225 1831 270; baseline 0 -10"><span class='ocrx_word' id='word_1_13' title='bbox 1079 225 1160 268; x_wconf 74' lang='grc' dir='ltr'>εἶπεν,</span> <span class='ocrx_word' id='word_1_14' title='bbox 1185 229 1248 261; x_wconf 82' lang='grc' dir='ltr'>Ἵνα</span> <span class='ocrx_word' id='word_1_15' title='bbox 1271 230 1407 265; x_wconf 80' lang='grc' dir='ltr'>ἀποθάνω,</span> <span class='ocrx_word' id='word_1_16' title='bbox 1431 228 1491 258; x_wconf 79' lang='grc' dir='ltr'>ἀλλ’</span> <span class='ocrx_word' id='word_1_17' title='bbox 1509 227 1524 258; x_wconf 79' lang='grc' dir='ltr'>ὂ</span> <span class='ocrx_word' id='word_1_18' title='bbox 1550 229 1734 270; x_wconf 80' lang='grc' dir='ltr'>χαλεπώτερον</span> <span class='ocrx_word' id='word_1_19' title='bbox 1757 231 1831 260; x_wconf 73' lang='grc' dir='ltr'>πάντων</span> 
     </span>
    </p>
   </div>
   <div class='ocr_carea' id='block_1_5' title="bbox 222 276 1019 312">
    <p class='ocr_par' dir='ltr' id='par_1_5' title="bbox 222 276 1019 312">
     <span class='ocr_line' id='line_1_5' title="bbox 222 276 1019 312; baseline 0 -8"><span class='ocrx_word' id='word_1_20' title='bbox 222 277 382 310; x_wconf 83' lang='lat' dir='ltr'><strong>videbatur,</strong></span> <span class='ocrx_word' id='word_1_21' title='bbox 397 276 488 304; x_wconf 82' lang='lat' dir='ltr'><strong>vivum</strong></span> <span class='ocrx_word' id='word_1_22' title='bbox 512 277 674 312; x_wconf 87' lang='lat' dir='ltr'><strong>quempiam</strong></span> <span class='ocrx_word' id='word_1_23' title='bbox 688 276 824 307; x_wconf 77' lang='lat' dir='ltr'><strong>comburi,</strong></span> <span class='ocrx_word' id='word_1_24' title='bbox 849 283 941 312; x_wconf 89' lang='lat' dir='ltr'><strong>neque</strong></span> <span class='ocrx_word' id='word_1_25' title='bbox 966 276 1019 304; x_wconf 85' lang='lat' dir='ltr'><strong>hoc</strong></span> 
     </span>
    </p>
   </div>
   <div class='ocr_carea' id='block_1_6' title="bbox 222 320 1018 356">
    <p class='ocr_par' dir='ltr' id='par_1_6' title="bbox 222 320 1018 356">
     <span class='ocr_line' id='line_1_6' title="bbox 222 320 1018 356; baseline -0.001 -7"><span class='ocrx_word' id='word_1_26' title='bbox 222 321 287 349; x_wconf 88' lang='lat' dir='ltr'><strong>citra</strong></span> <span class='ocrx_word' id='word_1_27' title='bbox 297 321 463 349; x_wconf 88' lang='lat' dir='ltr'><strong>charitatem</strong></span> <span class='ocrx_word' id='word_1_28' title='bbox 471 320 602 356; x_wconf 82' lang='lat' dir='ltr'><strong>prodesse</strong></span> <span class='ocrx_word' id='word_1_29' title='bbox 613 320 690 348; x_wconf 90' lang='lat' dir='ltr'><strong>dicit.</strong></span> <span class='ocrx_word' id='word_1_30' title='bbox 701 323 735 348; x_wconf 77' lang='lat' dir='ltr'><strong>At</strong></span> <span class='ocrx_word' id='word_1_31' title='bbox 746 320 846 348; x_wconf 86' lang='lat' dir='ltr'><strong>dixerit</strong></span> <span class='ocrx_word' id='word_1_32' title='bbox 859 320 996 356; x_wconf 86' lang='lat' dir='ltr'><strong>quispiam</strong></span> <span class='ocrx_word' id='word_1_33' title='bbox 1011 329 1018 348; x_wconf 88' lang='lat'><strong>:</strong></span> 
     </span>
    </p>
   </div>
   <div class='ocr_carea' id='block_1_7' title="bbox 223 364 1018 401">
    <p class='ocr_par' dir='ltr' id='par_1_7' title="bbox 223 364 1018 401">
     <span class='ocr_line' id='line_1_7' title="bbox 223 364 1018 401; baseline -0.001 -8"><span class='ocrx_word' id='word_1_34' title='bbox 223 365 370 400; x_wconf 86' lang='lat' dir='ltr'><strong>Quomodo</strong></span> <span class='ocrx_word' id='word_1_35' title='bbox 394 364 452 392; x_wconf 84' lang='lat' dir='ltr'><strong>ﬁeri</strong></span> <span class='ocrx_word' id='word_1_36' title='bbox 475 369 566 401; x_wconf 87' lang='lat' dir='ltr'><strong>potest</strong></span> <span class='ocrx_word' id='word_1_37' title='bbox 583 369 614 392; x_wconf 92' lang='lat' dir='ltr'><strong>ut</strong></span> <span class='ocrx_word' id='word_1_38' title='bbox 631 365 770 400; x_wconf 83' lang='lat' dir='ltr'><strong>quispiam</strong></span> <span class='ocrx_word' id='word_1_39' title='bbox 788 373 834 393; x_wconf 89' lang='lat' dir='ltr'><strong>res</strong></span> <span class='ocrx_word' id='word_1_40' title='bbox 856 373 920 393; x_wconf 88' lang='lat' dir='ltr'><strong>suas</strong></span> <span class='ocrx_word' id='word_1_41' title='bbox 939 369 967 392; x_wconf 89' lang='lat' dir='ltr'><strong>et</strong></span> <span class='ocrx_word' id='word_1_42' title='bbox 981 365 1018 392; x_wconf 81' lang='lat' dir='ltr'><strong>fa-</strong></span> 
     </span>
    </p>
   </div>
   <div class='ocr_carea' id='block_1_8' title="bbox 222 409 1019 446">
    <p class='ocr_par' dir='ltr' id='par_1_8' title="bbox 222 409 1019 446">
     <span class='ocr_line' id='line_1_8' title="bbox 222 409 1019 446; baseline -0.001 -8"><span class='ocrx_word' id='word_1_43' title='bbox 222 411 338 439; x_wconf 86' lang='lat' dir='ltr'><strong>cultates</strong></span> <span class='ocrx_word' id='word_1_44' title='bbox 353 409 380 438; x_wconf 92' lang='lat' dir='ltr'><strong>in</strong></span> <span class='ocrx_word' id='word_1_45' title='bbox 394 417 527 446; x_wconf 83' lang='lat' dir='ltr'><strong>pauperes</strong></span> <span class='ocrx_word' id='word_1_46' title='bbox 552 409 698 438; x_wconf 80' lang='lat' dir='ltr'><strong>distribuat</strong></span> <span class='ocrx_word' id='word_1_47' title='bbox 718 410 777 437; x_wconf 85' lang='lat' dir='ltr'><strong>sine</strong></span> <span class='ocrx_word' id='word_1_48' title='bbox 789 409 919 438; x_wconf 87' lang='lat' dir='ltr'><strong>cbaritate</strong></span> <span class='ocrx_word' id='word_1_49' title='bbox 932 411 944 437; x_wconf 75' lang='lat' dir='ltr'><strong>P</strong></span> <span class='ocrx_word' id='word_1_50' title='bbox 966 410 1019 438; x_wconf 91' lang='lat' dir='ltr'><strong>Hic</strong></span> 
     </span>
    </p>
   </div>
   <div class='ocr_carea' id='block_1_9' title="bbox 223 454 1018 491">
    <p class='ocr_par' dir='ltr' id='par_1_9' title="bbox 223 454 1018 491">
     <span class='ocr_line' id='line_1_9' title="bbox 223 454 1018 491; baseline -0.001 -8"><span class='ocrx_word' id='word_1_51' title='bbox 223 454 380 490; x_wconf 82' lang='lat' dir='ltr'><strong>responderi</strong></span> <span class='ocrx_word' id='word_1_52' title='bbox 396 459 498 491; x_wconf 80' lang='lat' dir='ltr'><strong>potest,</strong></span> <span class='ocrx_word' id='word_1_53' title='bbox 514 455 555 482; x_wconf 92' lang='lat' dir='ltr'><strong>vel</strong></span> <span class='ocrx_word' id='word_1_54' title='bbox 578 454 652 490; x_wconf 92' lang='lat' dir='ltr'><strong>quod</strong></span> <span class='ocrx_word' id='word_1_55' title='bbox 679 454 707 482; x_wconf 93' lang='lat' dir='ltr'><strong>id</strong></span> <span class='ocrx_word' id='word_1_56' title='bbox 725 454 799 490; x_wconf 89' lang='lat' dir='ltr'><strong>quod</strong></span> <span class='ocrx_word' id='word_1_57' title='bbox 820 463 876 483; x_wconf 90' lang='lat' dir='ltr'><strong>non</strong></span> <span class='ocrx_word' id='word_1_58' title='bbox 888 459 938 488; x_wconf 84' lang='lat' dir='ltr'><strong>est,</strong></span> <span class='ocrx_word' id='word_1_59' title='bbox 954 458 1018 483; x_wconf 89' lang='lat' dir='ltr'><strong>tan-</strong></span> 
     </span>
    </p>
   </div>
   <div class='ocr_carea' id='block_1_10' title="bbox 223 499 1017 536">
    <p class='ocr_par' dir='ltr' id='par_1_10' title="bbox 223 499 1017 536">
     <span class='ocr_line' id='line_1_10' title="bbox 223 499 1017 536; baseline 0.001 -9"><span class='ocrx_word' id='word_1_60' title='bbox 223 507 307 536; x_wconf 88' lang='lat' dir='ltr'><strong>quam</strong></span> <span class='ocrx_word' id='word_1_61' title='bbox 328 500 375 534; x_wconf 88' lang='lat' dir='ltr'><strong>sit,</strong></span> <span class='ocrx_word' id='word_1_62' title='bbox 405 499 528 535; x_wconf 87' lang='lat' dir='ltr'><strong>posuerit</strong></span> <span class='ocrx_word' id='word_1_63' title='bbox 557 508 564 527; x_wconf 90' lang='lat'><strong>:</strong></span> <span class='ocrx_word' id='word_1_64' title='bbox 586 499 696 535; x_wconf 87' lang='lat' dir='ltr'><strong>perinde</strong></span> <span class='ocrx_word' id='word_1_65' title='bbox 718 506 750 527; x_wconf 82' lang='lat' dir='ltr'><strong>ac</strong></span> <span class='ocrx_word' id='word_1_66' title='bbox 774 507 838 527; x_wconf 88' lang='lat' dir='ltr'><strong>cum</strong></span> <span class='ocrx_word' id='word_1_67' title='bbox 864 500 926 527; x_wconf 89' lang='lat' dir='ltr'><strong>ait:</strong></span> <span class='ocrx_word' id='word_1_68' title='bbox 950 510 963 524; x_wconf 79' lang='grc' dir='ltr'><strong>α</strong></span> <span class='ocrx_word' id='word_1_69' title='bbox 990 500 1017 528; x_wconf 90' lang='lat' dir='ltr'><strong>Si</strong></span> 
     </span>
    </p>
   </div>
   <div class='ocr_carea' id='block_1_11' title="bbox 223 544 1019 580">
    <p class='ocr_par' dir='ltr' id='par_1_11' title="bbox 223 544 1019 580">
     <span class='ocr_line' id='line_1_11' title="bbox 223 544 1019 580; baseline 0 -9"><span class='ocrx_word' id='word_1_70' title='bbox 223 545 264 573; x_wconf 89' lang='lat' dir='ltr'><strong>vel</strong></span> <span class='ocrx_word' id='word_1_71' title='bbox 277 544 390 580; x_wconf 85' lang='lat' dir='ltr'><strong>angelus</strong></span> <span class='ocrx_word' id='word_1_72' title='bbox 412 544 453 572; x_wconf 87' lang='lat' dir='ltr'><strong>vel</strong></span> <span class='ocrx_word' id='word_1_73' title='bbox 475 552 526 572; x_wconf 88' lang='lat' dir='ltr'><strong>nos</strong></span> <span class='ocrx_word' id='word_1_74' title='bbox 543 544 723 579; x_wconf 70' lang='lat' dir='ltr'><strong>prmdicemus</strong></span> <span class='ocrx_word' id='word_1_75' title='bbox 737 544 816 572; x_wconf 86' lang='lat' dir='ltr'><strong>vobis</strong></span> <span class='ocrx_word' id='word_1_76' title='bbox 839 544 1019 580; x_wconf 83' lang='lat' dir='ltr'><strong>Evangelium</strong></span> 
     </span>
    </p>
   </div>
   <div class='ocr_carea' id='block_1_12' title="bbox 224 588 1018 626">
    <p class='ocr_par' dir='ltr' id='par_1_12' title="bbox 224 588 1018 626">
     <span class='ocr_line' id='line_1_12' title="bbox 224 588 1018 626; baseline -0.003 -8"><span class='ocrx_word' id='word_1_77' title='bbox 224 593 404 626; x_wconf 64' lang='lat' dir='ltr'><strong>praeterquam</strong></span> <span class='ocrx_word' id='word_1_78' title='bbox 419 588 493 625; x_wconf 92' lang='lat' dir='ltr'><strong>quod</strong></span> <span class='ocrx_word' id='word_1_79' title='bbox 507 589 647 625; x_wconf 87' lang='lat' dir='ltr'><strong>accepistis</strong></span> <span class='ocrx_word' id='word_1_80' title='bbox 661 596 673 612; x_wconf 83' lang='grc' dir='ltr'>ι·</span> <span class='ocrx_word' id='word_1_81' title='bbox 686 598 693 616; x_wconf 90' lang='lat'><em>:</em></span> <span class='ocrx_word' id='word_1_82' title='bbox 710 601 722 613; x_wconf 79' lang='grc' dir='ltr'><strong><em>ι</em></strong></span> <span class='ocrx_word' id='word_1_83' title='bbox 748 589 824 625; x_wconf 88' lang='lat' dir='ltr'><strong>atqui</strong></span> <span class='ocrx_word' id='word_1_84' title='bbox 837 597 927 625; x_wconf 87' lang='lat' dir='ltr'><strong>neque</strong></span> <span class='ocrx_word' id='word_1_85' title='bbox 947 589 1018 624; x_wconf 87' lang='lat' dir='ltr'><strong>ipse,</strong></span> 
     </span>
    </p>
   </div>
   <div class='ocr_carea' id='block_1_13' title="bbox 222 633 1018 671">
    <p class='ocr_par' dir='ltr' id='par_1_13' title="bbox 222 633 1018 671">
     <span class='ocr_line' id='line_1_13' title="bbox 222 633 1018 671; baseline -0.001 -9"><span class='ocrx_word' id='word_1_86' title='bbox 222 642 313 670; x_wconf 88' lang='lat' dir='ltr'><strong>neque</strong></span> <span class='ocrx_word' id='word_1_87' title='bbox 331 633 418 671; x_wconf 80' lang='lat' dir='ltr'><strong>angeli</strong></span> <span class='ocrx_word' id='word_1_88' title='bbox 434 634 509 662; x_wconf 89' lang='lat' dir='ltr'><strong>aliud</strong></span> <span class='ocrx_word' id='word_1_89' title='bbox 524 634 701 670; x_wconf 83' lang='lat' dir='ltr'><strong>Evangelium</strong></span> <span class='ocrx_word' id='word_1_90' title='bbox 721 634 912 661; x_wconf 86' lang='lat' dir='ltr'><strong>annuntiaturi</strong></span> <span class='ocrx_word' id='word_1_91' title='bbox 927 638 1018 662; x_wconf 87' lang='lat' dir='ltr'><strong>erant.</strong></span> 
     </span>
    </p>
   </div>
   <div class='ocr_carea' id='block_1_14' title="bbox 221 677 1017 715">
    <p class='ocr_par' dir='ltr' id='par_1_14' title="bbox 221 677 1017 715">
     <span class='ocr_line' id='line_1_14' title="bbox 221 677 1017 715; baseline -0.001 -8"><span class='ocrx_word' id='word_1_92' title='bbox 221 680 295 714; x_wconf 88' lang='lat' dir='ltr'><strong>Quin</strong></span> <span class='ocrx_word' id='word_1_93' title='bbox 314 679 375 706; x_wconf 90' lang='lat' dir='ltr'><strong>aliis</strong></span> <span class='ocrx_word' id='word_1_94' title='bbox 386 678 520 714; x_wconf 90' lang='lat' dir='ltr'><strong>plerisque</strong></span> <span class='ocrx_word' id='word_1_95' title='bbox 530 678 600 707; x_wconf 89' lang='lat' dir='ltr'><strong>locis</strong></span> <span class='ocrx_word' id='word_1_96' title='bbox 623 677 752 715; x_wconf 64' lang='lat' dir='ltr'><strong>quaedam</strong></span> <span class='ocrx_word' id='word_1_97' title='bbox 767 678 833 706; x_wconf 89' lang='lat' dir='ltr'><strong>dicit</strong></span> <span class='ocrx_word' id='word_1_98' title='bbox 846 677 1017 714; x_wconf 87' lang='lat' dir='ltr'><strong>hujusmodi.</strong></span> 
     </span>
    </p>
   </div>
   <div class='ocr_carea' id='block_1_15' title="bbox 221 723 1018 759">
    <p class='ocr_par' dir='ltr' id='par_1_15' title="bbox 221 723 1018 759">
     <span class='ocr_line' id='line_1_15' title="bbox 221 723 1018 759; baseline -0.003 -7"><span class='ocrx_word' id='word_1_99' title='bbox 221 724 269 752; x_wconf 89' lang='lat' dir='ltr'><strong>Vel</strong></span> <span class='ocrx_word' id='word_1_100' title='bbox 283 723 358 759; x_wconf 89' lang='lat' dir='ltr'><strong>quod</strong></span> <span class='ocrx_word' id='word_1_101' title='bbox 377 723 514 759; x_wconf 82' lang='lat' dir='ltr'><strong>quispiam</strong></span> <span class='ocrx_word' id='word_1_102' title='bbox 540 723 599 751; x_wconf 86' lang='lat' dir='ltr'><strong>sine</strong></span> <span class='ocrx_word' id='word_1_103' title='bbox 622 723 752 751; x_wconf 84' lang='lat' dir='ltr'><strong>charitate</strong></span> <span class='ocrx_word' id='word_1_104' title='bbox 778 723 863 758; x_wconf 88' lang='lat' dir='ltr'><strong>possit</strong></span> <span class='ocrx_word' id='word_1_105' title='bbox 879 723 964 751; x_wconf 87' lang='lat' dir='ltr'><strong>etiam</strong></span> <span class='ocrx_word' id='word_1_106' title='bbox 977 724 1018 751; x_wconf 88' lang='lat' dir='ltr'><strong>in-</strong></span> 
     </span>
    </p>
   </div>
   <div class='ocr_carea' id='block_1_16' title="bbox 221 767 1017 805">
    <p class='ocr_par' dir='ltr' id='par_1_16' title="bbox 221 767 1017 805">
     <span class='ocr_line' id='line_1_16' title="bbox 221 767 1017 805; baseline -0.001 -8"><span class='ocrx_word' id='word_1_107' title='bbox 221 769 320 805; x_wconf 89' lang='lat' dir='ltr'><strong>opibus</strong></span> <span class='ocrx_word' id='word_1_108' title='bbox 331 768 435 805; x_wconf 84' lang='lat' dir='ltr'><strong>largiri,</strong></span> <span class='ocrx_word' id='word_1_109' title='bbox 448 775 513 796; x_wconf 89' lang='lat' dir='ltr'><strong>cum</strong></span> <span class='ocrx_word' id='word_1_110' title='bbox 525 776 583 796; x_wconf 90' lang='lat' dir='ltr'><strong>non</strong></span> <span class='ocrx_word' id='word_1_111' title='bbox 596 775 632 796; x_wconf 82' lang='lat' dir='ltr'><strong>ex</strong></span> <span class='ocrx_word' id='word_1_112' title='bbox 652 767 755 796; x_wconf 78' lang='lat' dir='ltr'><strong>affectu</strong></span> <span class='ocrx_word' id='word_1_113' title='bbox 768 776 832 804; x_wconf 82' lang='lat' dir='ltr'><strong>erga</strong></span> <span class='ocrx_word' id='word_1_114' title='bbox 846 775 981 803; x_wconf 82' lang='lat' dir='ltr'><strong>pauperes</strong></span> <span class='ocrx_word' id='word_1_115' title='bbox 990 768 1017 796; x_wconf 88' lang='lat' dir='ltr'><strong>id</strong></span> 
     </span>
    </p>
   </div>
   <div class='ocr_carea' id='block_1_17' title="bbox 1074 274 1830 315">
    <p class='ocr_par' dir='ltr' id='par_1_17' title="bbox 1074 274 1830 315">
     <span class='ocr_line' id='line_1_17' title="bbox 1074 274 1830 315; baseline -0.001 -10"><span class='ocrx_word' id='word_1_116' title='bbox 1074 275 1176 312; x_wconf 83' lang='grc' dir='ltr'>ἐδόκει,</span> <span class='ocrx_word' id='word_1_117' title='bbox 1189 276 1219 305; x_wconf 83' lang='grc' dir='ltr'>τὸ</span> <span class='ocrx_word' id='word_1_118' title='bbox 1243 274 1328 310; x_wconf 76' lang='grc' dir='ltr'>ζῶντά</span> <span class='ocrx_word' id='word_1_119' title='bbox 1343 287 1402 304; x_wconf 84' lang='grc' dir='ltr'>τινα</span> <span class='ocrx_word' id='word_1_120' title='bbox 1418 276 1603 313; x_wconf 73' lang='grc' dir='ltr'><strong>κατακαῆναι,</strong></span> <span class='ocrx_word' id='word_1_121' title='bbox 1620 274 1679 304; x_wconf 68' lang='grc' dir='ltr'>οὐδὲ</span> <span class='ocrx_word' id='word_1_122' title='bbox 1691 275 1762 304; x_wconf 78' lang='grc' dir='ltr'>τοῦτό</span> <span class='ocrx_word' id='word_1_123' title='bbox 1779 287 1830 315; x_wconf 67' lang='grc' dir='ltr'>φησιν</span> 
     </span>
    </p>
   </div>
   <div class='ocr_carea' id='block_1_18' title="bbox 1073 318 1831 361">
    <p class='ocr_par' dir='ltr' id='par_1_18' title="bbox 1073 318 1831 361">
     <span class='ocr_line' id='line_1_18' title="bbox 1073 318 1831 361; baseline -0.001 -12"><span class='ocrx_word' id='word_1_124' title='bbox 1073 321 1183 361; x_wconf 79' lang='grc' dir='ltr'>ὠφελεῖν</span> <span class='ocrx_word' id='word_1_125' title='bbox 1210 320 1294 360; x_wconf 82' lang='grc' dir='ltr'>χωρὶς</span> <span class='ocrx_word' id='word_1_126' title='bbox 1327 319 1444 358; x_wconf 81' lang='grc' dir='ltr'>ἀγάπης.</span> <span class='ocrx_word' id='word_1_127' title='bbox 1485 318 1555 349; x_wconf 83' lang='grc' dir='ltr'>Ἀλλ’</span> <span class='ocrx_word' id='word_1_128' title='bbox 1584 319 1653 348; x_wconf 84' lang='grc' dir='ltr'>εἴποι</span> <span class='ocrx_word' id='word_1_129' title='bbox 1678 332 1714 353; x_wconf 85' lang='grc' dir='ltr'><strong>τις</strong></span> <span class='ocrx_word' id='word_1_130' title='bbox 1737 319 1772 349; x_wconf 81' lang='grc' dir='ltr'><strong>ἄν’</strong></span> <span class='ocrx_word' id='word_1_131' title='bbox 1791 322 1831 354; x_wconf 70' lang='grc' dir='ltr'>Πῶς</span> 
     </span>
    </p>
   </div>
   <div class='ocr_carea' id='block_1_19' title="bbox 1073 363 1830 405">
    <p class='ocr_par' dir='ltr' id='par_1_19' title="bbox 1073 363 1830 405">
     <span class='ocr_line' id='line_1_19' title="bbox 1073 363 1830 405; baseline -0.001 -12"><span class='ocrx_word' id='word_1_132' title='bbox 1073 366 1130 394; x_wconf 77' lang='grc' dir='ltr'>ἐστι</span> <span class='ocrx_word' id='word_1_133' title='bbox 1145 365 1254 405; x_wconf 81' lang='grc' dir='ltr'>δυνατὸν</span> <span class='ocrx_word' id='word_1_134' title='bbox 1276 365 1399 405; x_wconf 79' lang='grc' dir='ltr'>ψωμίσαι</span> <span class='ocrx_word' id='word_1_135' title='bbox 1411 363 1445 394; x_wconf 73' lang='grc' dir='ltr'><strong>τὰ</strong></span> <span class='ocrx_word' id='word_1_136' title='bbox 1460 363 1616 404; x_wconf 78' lang='grc' dir='ltr'>ὑπάρχοντα</span> <span class='ocrx_word' id='word_1_137' title='bbox 1638 363 1718 404; x_wconf 75' lang='grc' dir='ltr'>χωρὶς</span> <span class='ocrx_word' id='word_1_138' title='bbox 1741 365 1830 403; x_wconf 56' lang='lat' dir='ltr'><strong>civim;</strong></span> 
     </span>
    </p>
   </div>
   <div class='ocr_carea' id='block_1_20' title="bbox 1073 404 1831 445">
    <p class='ocr_par' dir='ltr' id='par_1_20' title="bbox 1073 404 1831 445">
     <span class='ocr_line' id='line_1_20' title="bbox 1073 404 1831 445; baseline 0 -6"><span class='ocrx_word' id='word_1_139' title='bbox 1073 407 1167 440; x_wconf 80' lang='grc' dir='ltr'><strong>Ἔστιν</strong></span> <span class='ocrx_word' id='word_1_140' title='bbox 1192 404 1236 438; x_wconf 64' lang='grc' dir='ltr'><strong>οὖν</strong></span> <span class='ocrx_word' id='word_1_141' title='bbox 1257 411 1356 445; x_wconf 81' lang='grc' dir='ltr'>εἰπεῖν,</span> <span class='ocrx_word' id='word_1_142' title='bbox 1373 410 1413 438; x_wconf 79' lang='grc' dir='ltr'>δτι</span> <span class='ocrx_word' id='word_1_143' title='bbox 1427 407 1445 444; x_wconf 84' lang='grc' dir='ltr'>ἢ</span> <span class='ocrx_word' id='word_1_144' title='bbox 1470 409 1500 438; x_wconf 81' lang='grc' dir='ltr'><strong>τὸ</strong></span> <span class='ocrx_word' id='word_1_145' title='bbox 1523 410 1571 438; x_wconf 80' lang='grc' dir='ltr'>οὔκ</span> <span class='ocrx_word' id='word_1_146' title='bbox 1593 407 1622 437; x_wconf 84' lang='grc' dir='ltr'>ὃν</span> <span class='ocrx_word' id='word_1_147' title='bbox 1648 410 1681 441; x_wconf 81' lang='grc' dir='ltr'>ὡς</span> <span class='ocrx_word' id='word_1_148' title='bbox 1699 408 1725 438; x_wconf 85' lang='grc' dir='ltr'><strong>ὂν</strong></span> <span class='ocrx_word' id='word_1_149' title='bbox 1745 409 1831 439; x_wconf 58' lang='lat' dir='ltr'><strong>ﬁnies-.5.</strong></span> 
     </span>
    </p>
   </div>
   <div class='ocr_carea' id='block_1_21' title="bbox 1074 453 1832 494">
    <p class='ocr_par' dir='ltr' id='par_1_21' title="bbox 1074 453 1832 494">
     <span class='ocr_line' id='line_1_21' title="bbox 1074 453 1832 494; baseline -0.001 -11"><span class='ocrx_word' id='word_1_150' title='bbox 1074 453 1164 494; x_wconf 82' lang='grc' dir='ltr'>ὥσπερ</span> <span class='ocrx_word' id='word_1_151' title='bbox 1186 454 1248 484; x_wconf 73' lang='grc' dir='ltr'>ὅταν</span> <span class='ocrx_word' id='word_1_152' title='bbox 1266 454 1343 494; x_wconf 84' lang='grc' dir='ltr'><strong>λέγῃ·</strong></span> <span class='ocrx_word' id='word_1_153' title='bbox 1374 465 1387 482; x_wconf 82' lang='grc' dir='ltr'>(ι</span> <span class='ocrx_word' id='word_1_154' title='bbox 1405 453 1474 483; x_wconf 86' lang='grc' dir='ltr'>Ἐὰν</span> <span class='ocrx_word' id='word_1_155' title='bbox 1489 453 1598 492; x_wconf 83' lang='grc' dir='ltr'>ἄγγελος</span> <span class='ocrx_word' id='word_1_156' title='bbox 1622 453 1640 489; x_wconf 81' lang='grc' dir='ltr'>ἢ</span> <span class='ocrx_word' id='word_1_157' title='bbox 1668 455 1739 491; x_wconf 77' lang='grc' dir='ltr'>ἡμεῖς</span> <span class='ocrx_word' id='word_1_158' title='bbox 1756 455 1832 492; x_wconf 52' lang='lat' dir='ltr'><strong>toan:-</strong></span> 
     </span>
    </p>
   </div>
   <div class='ocr_carea' id='block_1_22' title="bbox 1074 498 1831 538">
    <p class='ocr_par' dir='ltr' id='par_1_22' title="bbox 1074 498 1831 538">
     <span class='ocr_line' id='line_1_22' title="bbox 1074 498 1831 538; baseline -0.001 -10"><span class='ocrx_word' id='word_1_159' title='bbox 1074 499 1207 538; x_wconf 80' lang='grc' dir='ltr'>Λιζώμεθα</span> <span class='ocrx_word' id='word_1_160' title='bbox 1231 501 1304 537; x_wconf 81' lang='grc' dir='ltr'>ὑμῖν,</span> <span class='ocrx_word' id='word_1_161' title='bbox 1328 498 1394 538; x_wconf 89' lang='grc' dir='ltr'>παρ’</span> <span class='ocrx_word' id='word_1_162' title='bbox 1417 498 1431 528; x_wconf 82' lang='grc' dir='ltr'>ὃ</span> <span class='ocrx_word' id='word_1_163' title='bbox 1454 498 1622 538; x_wconf 76' lang='grc' dir='ltr'>παρελάϐετε</span> <span class='ocrx_word' id='word_1_164' title='bbox 1648 509 1663 526; x_wconf 73' lang='grc' dir='ltr'><strong>υ</strong></span> <span class='ocrx_word' id='word_1_165' title='bbox 1697 498 1772 527; x_wconf 80' lang='grc' dir='ltr'>καίτοι</span> <span class='ocrx_word' id='word_1_166' title='bbox 1793 499 1831 528; x_wconf 71' lang='grc' dir='ltr'>οὔτε</span> 
     </span>
    </p>
   </div>
   <div class='ocr_carea' id='block_1_23' title="bbox 1075 542 1831 583">
    <p class='ocr_par' dir='ltr' id='par_1_23' title="bbox 1075 542 1831 583">
     <span class='ocr_line' id='line_1_23' title="bbox 1075 542 1831 583; baseline 0.001 -11"><span class='ocrx_word' id='word_1_167' title='bbox 1075 544 1160 582; x_wconf 64' lang='grc' dir='ltr'>αὐτὸς,</span> <span class='ocrx_word' id='word_1_168' title='bbox 1186 542 1245 573; x_wconf 79' lang='grc' dir='ltr'>οὔτε</span> <span class='ocrx_word' id='word_1_169' title='bbox 1268 543 1379 583; x_wconf 77' lang='grc' dir='ltr'>ἄγγελος</span> <span class='ocrx_word' id='word_1_170' title='bbox 1407 543 1519 582; x_wconf 83' lang='grc' dir='ltr'>ἔμελλεν</span> <span class='ocrx_word' id='word_1_171' title='bbox 1542 542 1622 583; x_wconf 80' lang='grc' dir='ltr'>ἕτερα</span> <span class='ocrx_word' id='word_1_172' title='bbox 1650 543 1831 581; x_wconf 72' lang='grc' dir='ltr'>εὐαγγελίζεσθαι.</span> 
     </span>
    </p>
   </div>
   <div class='ocr_carea' id='block_1_24' title="bbox 1077 587 1830 628">
    <p class='ocr_par' dir='ltr' id='par_1_24' title="bbox 1077 587 1830 628">
     <span class='ocr_line' id='line_1_24' title="bbox 1077 587 1830 628; baseline -0.003 -10"><span class='ocrx_word' id='word_1_173' title='bbox 1077 588 1131 618; x_wconf 84' lang='grc' dir='ltr'>Καὶ</span> <span class='ocrx_word' id='word_1_174' title='bbox 1153 589 1274 628; x_wconf 77' lang='grc' dir='ltr'>ἀλλαχοῦ</span> <span class='ocrx_word' id='word_1_175' title='bbox 1304 589 1442 628; x_wconf 74' lang='grc' dir='ltr'>πολλαχοῦ</span> <span class='ocrx_word' id='word_1_176' title='bbox 1466 590 1579 617; x_wconf 69' lang='grc' dir='ltr'>τοιαῦτα</span> <span class='ocrx_word' id='word_1_177' title='bbox 1595 587 1685 627; x_wconf 81' lang='grc' dir='ltr'>λέγει·</span> <span class='ocrx_word' id='word_1_178' title='bbox 1709 587 1724 623; x_wconf 83' lang='grc' dir='ltr'>ἢ</span> <span class='ocrx_word' id='word_1_179' title='bbox 1744 589 1777 616; x_wconf 70' lang='grc' dir='ltr'><strong>ὅτι</strong></span> <span class='ocrx_word' id='word_1_180' title='bbox 1795 588 1830 617; x_wconf 72' lang='grc' dir='ltr'>ἔστι</span> 
     </span>
    </p>
   </div>
   <div class='ocr_carea' id='block_1_25' title="bbox 1075 631 1831 672">
    <p class='ocr_par' dir='ltr' id='par_1_25' title="bbox 1075 631 1831 672">
     <span class='ocr_line' id='line_1_25' title="bbox 1075 631 1831 672; baseline -0.001 -11"><span class='ocrx_word' id='word_1_181' title='bbox 1075 632 1120 662; x_wconf 77' lang='grc' dir='ltr'><strong>καὶ</strong></span> <span class='ocrx_word' id='word_1_182' title='bbox 1144 633 1226 672; x_wconf 82' lang='grc' dir='ltr'>χωρὶς</span> <span class='ocrx_word' id='word_1_183' title='bbox 1250 633 1355 671; x_wconf 72' lang='grc' dir='ltr'>ἀγάπης</span> <span class='ocrx_word' id='word_1_184' title='bbox 1379 632 1498 671; x_wconf 73' lang='grc' dir='ltr'><strong>διδόναι⁷</strong></span> <span class='ocrx_word' id='word_1_185' title='bbox 1528 631 1591 662; x_wconf 76' lang='grc' dir='ltr'>ὅταν</span> <span class='ocrx_word' id='word_1_186' title='bbox 1617 632 1655 670; x_wconf 79' lang='grc' dir='ltr'><strong>μὴ</strong></span> <span class='ocrx_word' id='word_1_187' title='bbox 1678 631 1718 661; x_wconf 74' lang='grc' dir='ltr'>διὰ</span> <span class='ocrx_word' id='word_1_188' title='bbox 1737 632 1776 668; x_wconf 82' lang='grc' dir='ltr'><strong>τὴν</strong></span> <span class='ocrx_word' id='word_1_189' title='bbox 1792 633 1831 671; x_wconf 61' lang='grc' dir='ltr'>πρὸ(</span> 
     </span>
    </p>
   </div>
   <div class='ocr_carea' id='block_1_26' title="bbox 1075 676 1829 716">
    <p class='ocr_par' dir='ltr' id='par_1_26' title="bbox 1075 676 1829 716">
     <span class='ocr_line' id='line_1_26' title="bbox 1075 676 1829 716; baseline -0.001 -10"><span class='ocrx_word' id='word_1_190' title='bbox 1075 676 1133 710; x_wconf 76' lang='grc' dir='ltr'>τοὺς</span> <span class='ocrx_word' id='word_1_191' title='bbox 1159 677 1295 714; x_wconf 80' lang='grc' dir='ltr'><strong>δεομένους</strong></span> <span class='ocrx_word' id='word_1_192' title='bbox 1321 677 1497 715; x_wconf 71' lang='grc' dir='ltr'><strong>συμπάθειαν,</strong></span> <span class='ocrx_word' id='word_1_193' title='bbox 1523 676 1594 706; x_wconf 79' lang='grc' dir='ltr'>ἀλλᾶ</span> <span class='ocrx_word' id='word_1_194' title='bbox 1619 676 1662 706; x_wconf 79' lang='grc' dir='ltr'>διὰ</span> <span class='ocrx_word' id='word_1_195' title='bbox 1676 676 1721 713; x_wconf 79' lang='grc' dir='ltr'><strong>τὴν</strong></span> <span class='ocrx_word' id='word_1_196' title='bbox 1743 678 1829 716; x_wconf 77' lang='grc' dir='ltr'>ἀνθρωπ-</span> 
     </span>
    </p>
   </div>
   <div class='ocr_carea' id='block_1_27' title="bbox 1073 720 1830 761">
    <p class='ocr_par' dir='ltr' id='par_1_27' title="bbox 1073 720 1830 761">
     <span class='ocr_line' id='line_1_27' title="bbox 1073 720 1830 761; baseline -0.004 -11"><span class='ocrx_word' id='word_1_197' title='bbox 1073 721 1213 760; x_wconf 84' lang='grc' dir='ltr'>αρέσκειαν</span> <span class='ocrx_word' id='word_1_198' title='bbox 1237 722 1354 760; x_wconf 83' lang='grc' dir='ltr'>γίνηται.</span> <span class='ocrx_word' id='word_1_199' title='bbox 1381 721 1459 751; x_wconf 81' lang='grc' dir='ltr'>Μετὰ</span> <span class='ocrx_word' id='word_1_200' title='bbox 1483 721 1590 761; x_wconf 78' lang='grc' dir='ltr'>ἀγάπης</span> <span class='ocrx_word' id='word_1_201' title='bbox 1615 721 1643 750; x_wconf 82' lang='grc' dir='ltr'><strong>δὲ</strong></span> <span class='ocrx_word' id='word_1_202' title='bbox 1669 720 1769 760; x_wconf 78' lang='grc' dir='ltr'>γίνεται,</span> <span class='ocrx_word' id='word_1_203' title='bbox 1791 722 1830 749; x_wconf 73' lang='grc' dir='ltr'>ὅταν</span> 
     </span>
    </p>
   </div>
   <div class='ocr_carea' id='block_1_28' title="bbox 1072 765 1829 807">
    <p class='ocr_par' dir='ltr' id='par_1_28' title="bbox 1072 765 1829 807">
     <span class='ocr_line' id='line_1_28' title="bbox 1072 765 1829 807; baseline -0.001 -12"><span class='ocrx_word' id='word_1_204' title='bbox 1072 768 1108 800; x_wconf 85' lang='grc' dir='ltr'>ὡς</span> <span class='ocrx_word' id='word_1_205' title='bbox 1133 765 1300 806; x_wconf 79' lang='grc' dir='ltr'>συμπάσχων</span> <span class='ocrx_word' id='word_1_206' title='bbox 1332 766 1378 795; x_wconf 84' lang='grc' dir='ltr'>καὶ</span> <span class='ocrx_word' id='word_1_207' title='bbox 1403 765 1607 807; x_wconf 81' lang='grc' dir='ltr'>περικαιόμενός</span> <span class='ocrx_word' id='word_1_208' title='bbox 1634 777 1674 798; x_wconf 83' lang='grc' dir='ltr'><strong>τις</strong></span> <span class='ocrx_word' id='word_1_209' title='bbox 1697 768 1764 795; x_wconf 76' lang='grc' dir='ltr'>τοῦτο</span> <span class='ocrx_word' id='word_1_210' title='bbox 1780 767 1829 804; x_wconf 78' lang='grc' dir='ltr'>ποιῇ.</span> 
     </span>
    </p>
   </div>
   <div class='ocr_carea' id='block_1_29' title="bbox 222 812 1831 851">
    <p class='ocr_par' dir='ltr' id='par_1_29' title="bbox 222 812 1831 851">
     <span class='ocr_line' id='line_1_29' title="bbox 222 812 1831 851; baseline 0 -10"><span class='ocrx_word' id='word_1_211' title='bbox 222 814 280 848; x_wconf 86' lang='lat' dir='ltr'><strong>ﬁat,</strong></span> <span class='ocrx_word' id='word_1_212' title='bbox 296 821 392 841; x_wconf 82' lang='lat' dir='ltr'><strong>verum</strong></span> <span class='ocrx_word' id='word_1_213' title='bbox 414 817 444 841; x_wconf 89' lang='lat' dir='ltr'><strong>ut</strong></span> <span class='ocrx_word' id='word_1_214' title='bbox 461 812 621 841; x_wconf 85' lang='lat' dir='ltr'><strong>hominibus</strong></span> <span class='ocrx_word' id='word_1_215' title='bbox 647 812 763 848; x_wconf 87' lang='lat' dir='ltr'><strong>placeat.</strong></span> <span class='ocrx_word' id='word_1_216' title='bbox 786 813 857 841; x_wconf 90' lang='lat' dir='ltr'><strong>Cum</strong></span> <span class='ocrx_word' id='word_1_217' title='bbox 871 812 1017 842; x_wconf 86' lang='lat' dir='ltr'><strong>dilectione</strong></span> <span class='ocrx_word' id='word_1_218' title='bbox 1040 818 1131 843; x_wconf 87' lang='lat' dir='ltr'><strong>autem</strong></span> <span class='ocrx_word' id='word_1_219' title='bbox 1155 815 1196 849; x_wconf 85' lang='lat' dir='ltr'><strong>ﬁt,</strong></span> <span class='ocrx_word' id='word_1_220' title='bbox 1225 815 1336 851; x_wconf 87' lang='lat' dir='ltr'><strong>quando</strong></span> <span class='ocrx_word' id='word_1_221' title='bbox 1353 815 1436 843; x_wconf 87' lang='lat' dir='ltr'><strong>veluti</strong></span> <span class='ocrx_word' id='word_1_222' title='bbox 1460 814 1632 851; x_wconf 85' lang='lat' dir='ltr'><strong>compatiens</strong></span> <span class='ocrx_word' id='word_1_223' title='bbox 1658 819 1685 843; x_wconf 90' lang='lat' dir='ltr'><strong>et</strong></span> <span class='ocrx_word' id='word_1_224' title='bbox 1705 815 1831 842; x_wconf 84' lang='lat' dir='ltr'><strong>inﬂamma-</strong></span> 
     </span>
    </p>
   </div>
   <div class='ocr_carea' id='block_1_30' title="bbox 221 857 586 887">
    <p class='ocr_par' dir='ltr' id='par_1_30' title="bbox 221 857 586 887">
     <span class='ocr_line' id='line_1_30' title="bbox 221 857 586 887; baseline -0.005 0"><span class='ocrx_word' id='word_1_225' title='bbox 221 863 266 887; x_wconf 89' lang='lat' dir='ltr'><strong>tus</strong></span> <span class='ocrx_word' id='word_1_226' title='bbox 279 858 414 887; x_wconf 85' lang='lat' dir='ltr'><strong>charitate</strong></span> <span class='ocrx_word' id='word_1_227' title='bbox 425 857 478 886; x_wconf 91' lang='lat' dir='ltr'><strong>hoc</strong></span> <span class='ocrx_word' id='word_1_228' title='bbox 494 857 586 886; x_wconf 84' lang='lat' dir='ltr'><strong>faciat.</strong></span> 
     </span>
    </p>
   </div>
   <div class='ocr_carea' id='block_1_31' title="bbox 257 902 1054 939">
    <p class='ocr_par' dir='ltr' id='par_1_31' title="bbox 257 902 1054 939">
     <span class='ocr_line' id='line_1_31' title="bbox 257 902 1054 939; baseline -0.005 -7"><span class='ocrx_word' id='word_1_229' title='bbox 257 905 347 932; x_wconf 63' lang='lat' dir='ltr'><strong>Vens.</strong></span> <span class='ocrx_word' id='word_1_230' title='bbox 369 906 395 931; x_wconf 78' lang='lat'><strong>4.</strong></span> <span class='ocrx_word' id='word_1_231' title='bbox 415 915 428 928; x_wconf 79' lang='grc' dir='ltr'><strong>ι</strong></span> <span class='ocrx_word' id='word_1_232' title='bbox 454 902 578 931; x_wconf 83' lang='lat' dir='ltr'><strong>Charitas</strong></span> <span class='ocrx_word' id='word_1_233' title='bbox 599 902 703 938; x_wconf 87' lang='lat' dir='ltr'><strong>patiens</strong></span> <span class='ocrx_word' id='word_1_234' title='bbox 719 907 771 936; x_wconf 82' lang='lat' dir='ltr'><strong>est.</strong></span> <span class='ocrx_word' id='word_1_235' title='bbox 797 903 914 939; x_wconf 81' lang='lat' dir='ltr'><strong>benigna</strong></span> <span class='ocrx_word' id='word_1_236' title='bbox 930 907 982 931; x_wconf 88' lang='lat' dir='ltr'><strong>est.</strong></span> <span class='ocrx_word' id='word_1_237' title='bbox 1000 916 1012 928; x_wconf 71' lang='grc' dir='ltr'><strong>ι</strong></span> <span class='ocrx_word' id='word_1_238' title='bbox 1031 907 1054 937; x_wconf 81' lang='grc' dir='ltr'>Β</span> 
     </span>
    </p>
   </div>
   <div class='ocr_carea' id='block_1_32' title="bbox 221 947 1019 985">
    <p class='ocr_par' dir='ltr' id='par_1_32' title="bbox 221 947 1019 985">
     <span class='ocr_line' id='line_1_32' title="bbox 221 947 1019 985; baseline 0 -9"><span class='ocrx_word' id='word_1_239' title='bbox 221 948 355 985; x_wconf 86' lang='lat' dir='ltr'><strong>Deinceps</strong></span> <span class='ocrx_word' id='word_1_240' title='bbox 370 947 510 976; x_wconf 86' lang='lat' dir='ltr'><strong>charitatis</strong></span> <span class='ocrx_word' id='word_1_241' title='bbox 528 947 627 975; x_wconf 90' lang='lat' dir='ltr'><strong>indicia</strong></span> <span class='ocrx_word' id='word_1_242' title='bbox 641 948 786 983; x_wconf 85' lang='lat' dir='ltr'><strong>percurrit,</strong></span> <span class='ocrx_word' id='word_1_243' title='bbox 802 955 834 975; x_wconf 88' lang='lat' dir='ltr'><strong>ac</strong></span> <span class='ocrx_word' id='word_1_244' title='bbox 849 948 940 984; x_wconf 90' lang='lat' dir='ltr'><strong>primo</strong></span> <span class='ocrx_word' id='word_1_245' title='bbox 958 949 1019 976; x_wconf 86' lang='lat' dir='ltr'><strong>loco</strong></span> 
     </span>
    </p>
   </div>
   <div class='ocr_carea' id='block_1_33' title="bbox 220 991 1017 1030">
    <p class='ocr_par' dir='ltr' id='par_1_33' title="bbox 220 991 1017 1030">
     <span class='ocr_line' id='line_1_33' title="bbox 220 991 1017 1030; baseline 0 -9"><span class='ocrx_word' id='word_1_246' title='bbox 220 993 456 1030; x_wconf 81' lang='lat' dir='ltr'><strong>longanimitatem</strong></span> <span class='ocrx_word' id='word_1_247' title='bbox 471 992 559 1028; x_wconf 85' lang='lat' dir='ltr'><strong>ponit,</strong></span> <span class='ocrx_word' id='word_1_248' title='bbox 579 991 699 1020; x_wconf 88' lang='lat' dir='ltr'><strong>radicem</strong></span> <span class='ocrx_word' id='word_1_249' title='bbox 713 992 806 1020; x_wconf 89' lang='lat' dir='ltr'><strong>omnis</strong></span> <span class='ocrx_word' id='word_1_250' title='bbox 827 992 1017 1029; x_wconf 75' lang='lat' dir='ltr'><strong>philosophiae.</strong></span> 
     </span>
    </p>
   </div>
   <div class='ocr_carea' id='block_1_34' title="bbox 220 1036 1018 1074">
    <p class='ocr_par' dir='ltr' id='par_1_34' title="bbox 220 1036 1018 1074">
     <span class='ocr_line' id='line_1_34' title="bbox 220 1036 1018 1074; baseline -0.003 -8"><span class='ocrx_word' id='word_1_251' title='bbox 220 1037 399 1074; x_wconf 79' lang='lat' dir='ltr'><strong>Longanimis</strong></span> <span class='ocrx_word' id='word_1_252' title='bbox 410 1036 485 1065; x_wconf 91' lang='lat' dir='ltr'><strong>enim</strong></span> <span class='ocrx_word' id='word_1_253' title='bbox 497 1041 538 1065; x_wconf 90' lang='lat' dir='ltr'><strong>est</strong></span> <span class='ocrx_word' id='word_1_254' title='bbox 550 1037 598 1074; x_wconf 90' lang='lat' dir='ltr'><strong>qui</strong></span> <span class='ocrx_word' id='word_1_255' title='bbox 619 1036 695 1065; x_wconf 90' lang='lat' dir='ltr'><strong>lento</strong></span> <span class='ocrx_word' id='word_1_256' title='bbox 705 1041 731 1065; x_wconf 88' lang='lat' dir='ltr'><strong>et</strong></span> <span class='ocrx_word' id='word_1_257' title='bbox 745 1045 846 1073; x_wconf 80' lang='lat' dir='ltr'><strong>magno</strong></span> <span class='ocrx_word' id='word_1_258' title='bbox 861 1042 904 1065; x_wconf 87' lang='lat' dir='ltr'><strong>est</strong></span> <span class='ocrx_word' id='word_1_259' title='bbox 915 1038 1018 1066; x_wconf 89' lang='lat' dir='ltr'><strong>animo.</strong></span> 
     </span>
    </p>
   </div>
   <div class='ocr_carea' id='block_1_35' title="bbox 223 1081 1019 1118">
    <p class='ocr_par' dir='ltr' id='par_1_35' title="bbox 223 1081 1019 1118">
     <span class='ocr_line' id='line_1_35' title="bbox 223 1081 1019 1118; baseline 0 -8"><span class='ocrx_word' id='word_1_260' title='bbox 223 1082 293 1118; x_wconf 87' lang='lat' dir='ltr'><strong>Quia</strong></span> <span class='ocrx_word' id='word_1_261' title='bbox 307 1090 372 1110; x_wconf 89' lang='lat' dir='ltr'><strong>vero</strong></span> <span class='ocrx_word' id='word_1_262' title='bbox 385 1081 501 1110; x_wconf 91' lang='lat' dir='ltr'><strong>nonnuli</strong></span> <span class='ocrx_word' id='word_1_263' title='bbox 516 1089 575 1110; x_wconf 89' lang='lat' dir='ltr'><strong>non</strong></span> <span class='ocrx_word' id='word_1_264' title='bbox 585 1081 620 1110; x_wconf 90' lang='lat' dir='ltr'><strong>ad</strong></span> <span class='ocrx_word' id='word_1_265' title='bbox 634 1081 837 1117; x_wconf 87' lang='lat' dir='ltr'><strong>philosophiam</strong></span> <span class='ocrx_word' id='word_1_266' title='bbox 854 1082 1019 1118; x_wconf 86' lang='lat' dir='ltr'><strong>longanimi-</strong></span> 
     </span>
    </p>
   </div>
   <div class='ocr_carea' id='block_1_36' title="bbox 222 1126 1017 1162">
    <p class='ocr_par' dir='ltr' id='par_1_36' title="bbox 222 1126 1017 1162">
     <span class='ocr_line' id='line_1_36' title="bbox 222 1126 1017 1162; baseline -0.001 -7"><span class='ocrx_word' id='word_1_267' title='bbox 222 1132 279 1155; x_wconf 85' lang='lat' dir='ltr'><strong>tate</strong></span> <span class='ocrx_word' id='word_1_268' title='bbox 296 1127 338 1155; x_wconf 92' lang='lat' dir='ltr'><strong>usi</strong></span> <span class='ocrx_word' id='word_1_269' title='bbox 363 1130 439 1160; x_wconf 88' lang='lat' dir='ltr'><strong>sunt,</strong></span> <span class='ocrx_word' id='word_1_270' title='bbox 460 1126 509 1155; x_wconf 89' lang='lat' dir='ltr'><strong>sed</strong></span> <span class='ocrx_word' id='word_1_271' title='bbox 523 1134 597 1162; x_wconf 87' lang='lat' dir='ltr'><strong>saepe</strong></span> <span class='ocrx_word' id='word_1_272' title='bbox 619 1134 668 1154; x_wconf 89' lang='lat' dir='ltr'><strong>eos</strong></span> <span class='ocrx_word' id='word_1_273' title='bbox 697 1127 742 1162; x_wconf 88' lang='lat' dir='ltr'><strong>qui</strong></span> <span class='ocrx_word' id='word_1_274' title='bbox 767 1127 833 1162; x_wconf 84' lang='lat' dir='ltr'><strong>ipsis</strong></span> <span class='ocrx_word' id='word_1_275' title='bbox 849 1126 1017 1161; x_wconf 80' lang='lat' dir='ltr'><strong>irascuntur,</strong></span> 
     </span>
    </p>
   </div>
   <div class='ocr_carea' id='block_1_37' title="bbox 222 1171 1019 1207">
    <p class='ocr_par' dir='ltr' id='par_1_37' title="bbox 222 1171 1019 1207">
     <span class='ocr_line' id='line_1_37' title="bbox 222 1171 1019 1207; baseline -0.003 -7"><span class='ocrx_word' id='word_1_276' title='bbox 222 1172 280 1200; x_wconf 85' lang='lat' dir='ltr'><strong>risu</strong></span> <span class='ocrx_word' id='word_1_277' title='bbox 296 1176 324 1200; x_wconf 89' lang='lat' dir='ltr'><strong>et</strong></span> <span class='ocrx_word' id='word_1_278' title='bbox 341 1171 503 1200; x_wconf 82' lang='lat' dir='ltr'><strong>scommatis</strong></span> <span class='ocrx_word' id='word_1_279' title='bbox 515 1171 694 1207; x_wconf 84' lang='lat' dir='ltr'><strong>excipientes,</strong></span> <span class='ocrx_word' id='word_1_280' title='bbox 711 1178 761 1198; x_wconf 88' lang='lat' dir='ltr'><strong>ceu</strong></span> <span class='ocrx_word' id='word_1_281' title='bbox 778 1171 952 1207; x_wconf 84' lang='lat' dir='ltr'><strong>longanimes</strong></span> <span class='ocrx_word' id='word_1_282' title='bbox 963 1171 1019 1200; x_wconf 88' lang='lat' dir='ltr'><strong>sci-</strong></span> 
     </span>
    </p>
   </div>
   <div class='ocr_carea' id='block_1_38' title="bbox 223 1215 1017 1252">
    <p class='ocr_par' dir='ltr' id='par_1_38' title="bbox 223 1215 1017 1252">
     <span class='ocr_line' id='line_1_38' title="bbox 223 1215 1017 1252; baseline -0.001 -7"><span class='ocrx_word' id='word_1_283' title='bbox 223 1216 295 1250; x_wconf 85' lang='lat' dir='ltr'><strong>licet,</strong></span> <span class='ocrx_word' id='word_1_284' title='bbox 309 1217 338 1244; x_wconf 92' lang='lat' dir='ltr'><strong>in</strong></span> <span class='ocrx_word' id='word_1_285' title='bbox 352 1224 434 1244; x_wconf 85' lang='lat' dir='ltr'><strong>causa</strong></span> <span class='ocrx_word' id='word_1_286' title='bbox 448 1219 524 1250; x_wconf 81' lang='lat' dir='ltr'><strong>sunt,</strong></span> <span class='ocrx_word' id='word_1_287' title='bbox 547 1219 578 1243; x_wconf 92' lang='lat' dir='ltr'><strong>ut</strong></span> <span class='ocrx_word' id='word_1_288' title='bbox 591 1216 633 1244; x_wconf 87' lang='lat' dir='ltr'><strong>ira</strong></span> <span class='ocrx_word' id='word_1_289' title='bbox 655 1215 744 1252; x_wconf 83' lang='lat' dir='ltr'><strong>magis</strong></span> <span class='ocrx_word' id='word_1_290' title='bbox 757 1216 985 1244; x_wconf 85' lang='lat' dir='ltr'><strong>excandescerent</strong></span> <span class='ocrx_word' id='word_1_291' title='bbox 1010 1225 1017 1244; x_wconf 94' lang='lat'>:</span> 
     </span>
    </p>
   </div>
   <div class='ocr_carea' id='block_1_39' title="bbox 224 1260 1016 1298">
    <p class='ocr_par' dir='ltr' id='par_1_39' title="bbox 224 1260 1016 1298">
     <span class='ocr_line' id='line_1_39' title="bbox 224 1260 1016 1298; baseline 0 -9"><span class='ocrx_word' id='word_1_292' title='bbox 224 1261 308 1297; x_wconf 72' lang='lat'><strong>203</strong></span> <span class='ocrx_word' id='word_1_293' title='bbox 324 1265 480 1298; x_wconf 86' lang='lat' dir='ltr'><strong>propterea,</strong></span> <span class='ocrx_word' id='word_1_294' title='bbox 497 1272 510 1285; x_wconf 75' lang='grc' dir='ltr'><strong>α</strong></span> <span class='ocrx_word' id='word_1_295' title='bbox 525 1260 649 1296; x_wconf 82' lang='lat' dir='ltr'><strong>Benigna</strong></span> <span class='ocrx_word' id='word_1_296' title='bbox 665 1265 716 1294; x_wconf 86' lang='lat' dir='ltr'><strong>est,</strong></span> <span class='ocrx_word' id='word_1_297' title='bbox 730 1271 744 1285; x_wconf 73' lang='grc' dir='ltr'><strong>ι</strong></span> <span class='ocrx_word' id='word_1_298' title='bbox 767 1260 868 1296; x_wconf 89' lang='lat' dir='ltr'><strong>inquit,</strong></span> <span class='ocrx_word' id='word_1_299' title='bbox 883 1260 1016 1296; x_wconf 86' lang='lat' dir='ltr'><strong>charitas,</strong></span> 
     </span>
    </p>
   </div>
   <div class='ocr_carea' id='block_1_40' title="bbox 223 1305 1019 1339">
    <p class='ocr_par' dir='ltr' id='par_1_40' title="bbox 223 1305 1019 1339">
     <span class='ocr_line' id='line_1_40' title="bbox 223 1305 1019 1339; baseline 0 -5"><span class='ocrx_word' id='word_1_300' title='bbox 223 1306 275 1335; x_wconf 88' lang='lat' dir='ltr'><strong>hoc</strong></span> <span class='ocrx_word' id='word_1_301' title='bbox 287 1310 328 1334; x_wconf 90' lang='lat' dir='ltr'><strong>est</strong></span> <span class='ocrx_word' id='word_1_302' title='bbox 339 1310 482 1334; x_wconf 85' lang='lat' dir='ltr'><strong>mansueta</strong></span> <span class='ocrx_word' id='word_1_303' title='bbox 493 1309 546 1339; x_wconf 79' lang='lat' dir='ltr'><strong>est,</strong></span> <span class='ocrx_word' id='word_1_304' title='bbox 561 1305 696 1333; x_wconf 86' lang='lat' dir='ltr'><strong>candidos</strong></span> <span class='ocrx_word' id='word_1_305' title='bbox 711 1309 739 1332; x_wconf 91' lang='lat' dir='ltr'><strong>et</strong></span> <span class='ocrx_word' id='word_1_306' title='bbox 749 1305 911 1334; x_wconf 85' lang='lat' dir='ltr'><strong>innocentes</strong></span> <span class='ocrx_word' id='word_1_307' title='bbox 925 1314 1019 1334; x_wconf 86' lang='lat' dir='ltr'><strong>mores</strong></span> 
     </span>
    </p>
   </div>
   <div class='ocr_carea' id='block_1_41' title="bbox 222 1349 1019 1386">
    <p class='ocr_par' dir='ltr' id='par_1_41' title="bbox 222 1349 1019 1386">
     <span class='ocr_line' id='line_1_41' title="bbox 222 1349 1019 1386; baseline 0 -7"><span class='ocrx_word' id='word_1_308' title='bbox 222 1350 405 1384; x_wconf 71' lang='lat' dir='ltr'><strong>iudicatmon</strong></span> <span class='ocrx_word' id='word_1_309' title='bbox 418 1355 449 1378; x_wconf 90' lang='lat' dir='ltr'><strong>ut</strong></span> <span class='ocrx_word' id='word_1_310' title='bbox 460 1350 497 1378; x_wconf 89' lang='lat' dir='ltr'><strong>illi</strong></span> <span class='ocrx_word' id='word_1_311' title='bbox 508 1350 645 1386; x_wconf 80' lang='lat' dir='ltr'><strong>praedicti,</strong></span> <span class='ocrx_word' id='word_1_312' title='bbox 654 1349 762 1378; x_wconf 89' lang='lat' dir='ltr'><strong>subdoli</strong></span> <span class='ocrx_word' id='word_1_313' title='bbox 783 1354 810 1378; x_wconf 85' lang='lat' dir='ltr'><strong>et</strong></span> <span class='ocrx_word' id='word_1_314' title='bbox 824 1350 939 1378; x_wconf 90' lang='lat' dir='ltr'><strong>morosi.</strong></span> <span class='ocrx_word' id='word_1_315' title='bbox 951 1351 1019 1379; x_wconf 82' lang='lat' dir='ltr'><strong>Haec</strong></span> 
     </span>
    </p>
   </div>
   <div class='ocr_carea' id='block_1_42' title="bbox 222 1394 1019 1431">
    <p class='ocr_par' dir='ltr' id='par_1_42' title="bbox 222 1394 1019 1431">
     <span class='ocr_line' id='line_1_42' title="bbox 222 1394 1019 1431; baseline -0.003 -7"><span class='ocrx_word' id='word_1_316' title='bbox 222 1400 318 1424; x_wconf 86' lang='lat' dir='ltr'><strong>autem</strong></span> <span class='ocrx_word' id='word_1_317' title='bbox 330 1396 414 1430; x_wconf 86' lang='lat' dir='ltr'><strong>dixit,</strong></span> <span class='ocrx_word' id='word_1_318' title='bbox 436 1402 566 1424; x_wconf 87' lang='lat' dir='ltr'><strong>morosos</strong></span> <span class='ocrx_word' id='word_1_319' title='bbox 588 1399 615 1423; x_wconf 86' lang='lat' dir='ltr'><strong>et</strong></span> <span class='ocrx_word' id='word_1_320' title='bbox 640 1394 826 1423; x_wconf 89' lang='lat' dir='ltr'><strong>contentiosos</strong></span> <span class='ocrx_word' id='word_1_321' title='bbox 837 1394 912 1431; x_wconf 89' lang='lat' dir='ltr'><strong>apud</strong></span> <span class='ocrx_word' id='word_1_322' title='bbox 925 1395 1019 1423; x_wconf 84' lang='lat' dir='ltr'><strong>Corin-</strong></span> 
     </span>
    </p>
   </div>
   <div class='ocr_carea' id='block_1_43' title="bbox 223 1440 431 1476">
    <p class='ocr_par' dir='ltr' id='par_1_43' title="bbox 223 1440 431 1476">
     <span class='ocr_line' id='line_1_43' title="bbox 223 1440 431 1476; baseline -0.005 -8"><span class='ocrx_word' id='word_1_323' title='bbox 223 1440 295 1469; x_wconf 89' lang='lat' dir='ltr'><strong>thios</strong></span> <span class='ocrx_word' id='word_1_324' title='bbox 306 1448 431 1476; x_wconf 85' lang='lat' dir='ltr'><strong>carpens.</strong></span> 
     </span>
    </p>
   </div>
   <div class='ocr_carea' id='block_1_44' title="bbox 261 1483 1020 1514">
    <p class='ocr_par' dir='ltr' id='par_1_44' title="bbox 261 1483 1020 1514">
     <span class='ocr_line' id='line_1_44' title="bbox 261 1483 1020 1514; baseline -0.003 0"><span class='ocrx_word' id='word_1_325' title='bbox 261 1497 275 1510; x_wconf 74' lang='grc' dir='ltr'>ι</span> <span class='ocrx_word' id='word_1_326' title='bbox 291 1486 354 1514; x_wconf 90' lang='lat' dir='ltr'><strong>Non</strong></span> <span class='ocrx_word' id='word_1_327' title='bbox 367 1485 522 1513; x_wconf 84' lang='lat' dir='ltr'><strong>aemulatur.</strong></span> <span class='ocrx_word' id='word_1_328' title='bbox 547 1495 560 1509; x_wconf 66' lang='grc' dir='ltr'><strong>ν</strong></span> <span class='ocrx_word' id='word_1_329' title='bbox 581 1485 641 1512; x_wconf 86' lang='lat' dir='ltr'><strong>Hoc</strong></span> <span class='ocrx_word' id='word_1_330' title='bbox 660 1488 703 1512; x_wconf 90' lang='lat' dir='ltr'><strong>est</strong></span> <span class='ocrx_word' id='word_1_331' title='bbox 716 1491 772 1512; x_wconf 87' lang='lat' dir='ltr'><strong>non</strong></span> <span class='ocrx_word' id='word_1_332' title='bbox 794 1483 907 1512; x_wconf 88' lang='lat' dir='ltr'><strong>invidet.</strong></span> <span class='ocrx_word' id='word_1_333' title='bbox 926 1485 1020 1512; x_wconf 86' lang='lat' dir='ltr'><strong>Potest</strong></span> 
     </span>
    </p>
   </div>
   <div class='ocr_carea' id='block_1_45' title="bbox 224 1528 1018 1566">
    <p class='ocr_par' dir='ltr' id='par_1_45' title="bbox 224 1528 1018 1566">
     <span class='ocr_line' id='line_1_45' title="bbox 224 1528 1018 1566; baseline -0.001 -8"><span class='ocrx_word' id='word_1_334' title='bbox 224 1530 298 1559; x_wconf 88' lang='lat' dir='ltr'><strong>enim</strong></span> <span class='ocrx_word' id='word_1_335' title='bbox 312 1530 411 1566; x_wconf 82' lang='lat' dir='ltr'><strong>aliquis</strong></span> <span class='ocrx_word' id='word_1_336' title='bbox 420 1533 448 1558; x_wconf 88' lang='lat' dir='ltr'><strong>et</strong></span> <span class='ocrx_word' id='word_1_337' title='bbox 458 1529 624 1565; x_wconf 72' lang='lat' dir='ltr'><strong>longanimis</strong></span> <span class='ocrx_word' id='word_1_338' title='bbox 635 1537 707 1562; x_wconf 83' lang='lat' dir='ltr'><strong>esse,</strong></span> <span class='ocrx_word' id='word_1_339' title='bbox 735 1532 762 1556; x_wconf 89' lang='lat' dir='ltr'><strong>et</strong></span> <span class='ocrx_word' id='word_1_340' title='bbox 772 1528 884 1556; x_wconf 88' lang='lat' dir='ltr'><strong>interim</strong></span> <span class='ocrx_word' id='word_1_341' title='bbox 907 1529 1018 1558; x_wconf 77' lang='lat' dir='ltr'><strong>invidia:</strong></span> 
     </span>
    </p>
   </div>
   <div class='ocr_carea' id='block_1_46' title="bbox 224 1572 1017 1609">
    <p class='ocr_par' dir='ltr' id='par_1_46' title="bbox 224 1572 1017 1609">
     <span class='ocr_line' id='line_1_46' title="bbox 224 1572 1017 1609; baseline 0 -7"><span class='ocrx_word' id='word_1_342' title='bbox 224 1573 326 1603; x_wconf 79' lang='lat' dir='ltr'><strong>affectu</strong></span> <span class='ocrx_word' id='word_1_343' title='bbox 340 1574 592 1602; x_wconf 85' lang='lat' dir='ltr'><strong>laborare.Verum</strong></span> <span class='ocrx_word' id='word_1_344' title='bbox 606 1572 726 1601; x_wconf 86' lang='lat' dir='ltr'><strong>charitas</strong></span> <span class='ocrx_word' id='word_1_345' title='bbox 735 1573 818 1600; x_wconf 88' lang='lat' dir='ltr'><strong>etiam</strong></span> <span class='ocrx_word' id='word_1_346' title='bbox 837 1572 891 1600; x_wconf 91' lang='lat' dir='ltr'><strong>hoc</strong></span> <span class='ocrx_word' id='word_1_347' title='bbox 909 1572 1017 1609; x_wconf 80' lang='lat' dir='ltr'><strong>effugit.</strong></span> 
     </span>
    </p>
   </div>
   <div class='ocr_carea' id='block_1_47' title="bbox 223 1616 1019 1654">
    <p class='ocr_par' dir='ltr' id='par_1_47' title="bbox 223 1616 1019 1654">
     <span class='ocr_line' id='line_1_47' title="bbox 223 1616 1019 1654; baseline 0.001 -8"><span class='ocrx_word' id='word_1_348' title='bbox 223 1619 285 1646; x_wconf 82' lang='lat' dir='ltr'><strong>Hoc</strong></span> <span class='ocrx_word' id='word_1_349' title='bbox 307 1622 402 1646; x_wconf 86' lang='lat' dir='ltr'><strong>autem</strong></span> <span class='ocrx_word' id='word_1_350' title='bbox 421 1617 499 1650; x_wconf 82' lang='lat' dir='ltr'><strong>dixit,</strong></span> <span class='ocrx_word' id='word_1_351' title='bbox 525 1621 639 1654; x_wconf 83' lang='lat' dir='ltr'><strong>propter</strong></span> <span class='ocrx_word' id='word_1_352' title='bbox 664 1616 771 1646; x_wconf 82' lang='lat' dir='ltr'><strong>invidos</strong></span> <span class='ocrx_word' id='word_1_353' title='bbox 796 1617 932 1654; x_wconf 88' lang='lat' dir='ltr'><strong>quosdam</strong></span> <span class='ocrx_word' id='word_1_354' title='bbox 946 1618 1019 1654; x_wconf 89' lang='lat' dir='ltr'><strong>apud</strong></span> 
     </span>
    </p>
   </div>
   <div class='ocr_carea' id='block_1_48' title="bbox 223 1662 393 1691">
    <p class='ocr_par' dir='ltr' id='par_1_48' title="bbox 223 1662 393 1691">
     <span class='ocr_line' id='line_1_48' title="bbox 223 1662 393 1691; baseline -0.006 0"><span class='ocrx_word' id='word_1_355' title='bbox 223 1662 393 1691; x_wconf 85' lang='lat' dir='ltr'><strong>Corinthios.</strong></span> 
     </span>
    </p>
   </div>
   <div class='ocr_carea' id='block_1_49' title="bbox 263 1706 1019 1744">
    <p class='ocr_par' dir='ltr' id='par_1_49' title="bbox 263 1706 1019 1744">
     <span class='ocr_line' id='line_1_49' title="bbox 263 1706 1019 1744; baseline 0 -8"><span class='ocrx_word' id='word_1_356' title='bbox 263 1716 277 1733; x_wconf 74' lang='grc' dir='ltr'><strong>α</strong></span> <span class='ocrx_word' id='word_1_357' title='bbox 291 1708 355 1736; x_wconf 77' lang='lat' dir='ltr'><strong>Non</strong></span> <span class='ocrx_word' id='word_1_358' title='bbox 364 1707 420 1743; x_wconf 83' lang='lat' dir='ltr'><strong>agit</strong></span> <span class='ocrx_word' id='word_1_359' title='bbox 434 1714 589 1744; x_wconf 85' lang='lat' dir='ltr'><strong>perperam.</strong></span> <span class='ocrx_word' id='word_1_360' title='bbox 602 1719 614 1732; x_wconf 76' lang='grc' dir='ltr'><strong>υ</strong></span> <span class='ocrx_word' id='word_1_361' title='bbox 630 1706 663 1736; x_wconf 90' lang='lat' dir='ltr'><strong>Id</strong></span> <span class='ocrx_word' id='word_1_362' title='bbox 678 1711 730 1742; x_wconf 90' lang='lat' dir='ltr'><strong>est,</strong></span> <span class='ocrx_word' id='word_1_363' title='bbox 744 1715 802 1735; x_wconf 92' lang='lat' dir='ltr'><strong>non</strong></span> <span class='ocrx_word' id='word_1_364' title='bbox 816 1707 1019 1744; x_wconf 71' lang='lat' dir='ltr'><strong>praecipitanter</strong></span> 
     </span>
    </p>
   </div>
   <div class='ocr_carea' id='block_1_50' title="bbox 222 1751 1016 1789">
    <p class='ocr_par' dir='ltr' id='par_1_50' title="bbox 222 1751 1016 1789">
     <span class='ocr_line' id='line_1_50' title="bbox 222 1751 1016 1789; baseline 0.004 -10"><span class='ocrx_word' id='word_1_365' title='bbox 222 1753 287 1788; x_wconf 79' lang='lat' dir='ltr'><strong>agit,</strong></span> <span class='ocrx_word' id='word_1_366' title='bbox 303 1751 351 1780; x_wconf 88' lang='lat' dir='ltr'><strong>sed</strong></span> <span class='ocrx_word' id='word_1_367' title='bbox 367 1751 537 1789; x_wconf 88' lang='lat' dir='ltr'><strong>prudentem</strong></span> <span class='ocrx_word' id='word_1_368' title='bbox 547 1751 633 1780; x_wconf 86' lang='lat' dir='ltr'><strong>efﬁcit</strong></span> <span class='ocrx_word' id='word_1_369' title='bbox 644 1756 672 1780; x_wconf 87' lang='lat' dir='ltr'><strong>et</strong></span> <span class='ocrx_word' id='word_1_370' title='bbox 683 1751 797 1780; x_wconf 90' lang='lat' dir='ltr'><strong>ﬁrmum</strong></span> <span class='ocrx_word' id='word_1_371' title='bbox 808 1760 873 1780; x_wconf 90' lang='lat' dir='ltr'><strong>eum</strong></span> <span class='ocrx_word' id='word_1_372' title='bbox 883 1753 926 1781; x_wconf 88' lang='lat' dir='ltr'><strong>cui</strong></span> <span class='ocrx_word' id='word_1_373' title='bbox 936 1753 1016 1782; x_wconf 89' lang='lat' dir='ltr'><strong>inest.</strong></span> 
     </span>
    </p>
   </div>
   <div class='ocr_carea' id='block_1_51' title="bbox 246 1797 1017 1833">
    <p class='ocr_par' dir='ltr' id='par_1_51' title="bbox 246 1797 1017 1833">
     <span class='ocr_line' id='line_1_51' title="bbox 246 1797 1017 1833; baseline 0.003 -9"><span class='ocrx_word' id='word_1_374' title='bbox 246 1798 341 1833; x_wconf 64' lang='grc' dir='ltr'>έρπεεος</span> <span class='ocrx_word' id='word_1_375' title='bbox 368 1797 442 1825; x_wconf 91' lang='lat' dir='ltr'><strong>enim</strong></span> <span class='ocrx_word' id='word_1_376' title='bbox 464 1801 516 1831; x_wconf 92' lang='lat' dir='ltr'><strong>est,</strong></span> <span class='ocrx_word' id='word_1_377' title='bbox 533 1797 580 1833; x_wconf 90' lang='lat' dir='ltr'><strong>qui</strong></span> <span class='ocrx_word' id='word_1_378' title='bbox 608 1797 635 1825; x_wconf 89' lang='lat' dir='ltr'><strong>in</strong></span> <span class='ocrx_word' id='word_1_379' title='bbox 657 1797 776 1825; x_wconf 89' lang='lat' dir='ltr'><strong>sublime</strong></span> <span class='ocrx_word' id='word_1_380' title='bbox 795 1797 911 1832; x_wconf 87' lang='lat' dir='ltr'><strong>tollitur,</strong></span> <span class='ocrx_word' id='word_1_381' title='bbox 939 1797 1017 1833; x_wconf 87' lang='lat' dir='ltr'><strong>levis,</strong></span> 
     </span>
    </p>
   </div>
   <div class='ocr_carea' id='block_1_52' title="bbox 222 1841 1020 1879">
    <p class='ocr_par' dir='ltr' id='par_1_52' title="bbox 222 1841 1020 1879">
     <span class='ocr_line' id='line_1_52' title="bbox 222 1841 1020 1879; baseline 0.003 -9"><span class='ocrx_word' id='word_1_382' title='bbox 222 1842 347 1870; x_wconf 84' lang='lat' dir='ltr'><strong>stolidus.</strong></span> <span class='ocrx_word' id='word_1_383' title='bbox 368 1842 429 1871; x_wconf 85' lang='lat' dir='ltr'><strong>Hoc</strong></span> <span class='ocrx_word' id='word_1_384' title='bbox 438 1847 532 1871; x_wconf 88' lang='lat' dir='ltr'><strong>autem</strong></span> <span class='ocrx_word' id='word_1_385' title='bbox 543 1841 578 1870; x_wconf 86' lang='lat' dir='ltr'><strong>ad</strong></span> <span class='ocrx_word' id='word_1_386' title='bbox 588 1850 636 1870; x_wconf 89' lang='lat' dir='ltr'><strong>eos</strong></span> <span class='ocrx_word' id='word_1_387' title='bbox 649 1842 778 1878; x_wconf 87' lang='lat' dir='ltr'><strong>pertinet,</strong></span> <span class='ocrx_word' id='word_1_388' title='bbox 793 1842 840 1879; x_wconf 91' lang='lat' dir='ltr'><strong>qui</strong></span> <span class='ocrx_word' id='word_1_389' title='bbox 855 1842 928 1871; x_wconf 87' lang='lat' dir='ltr'><strong>leves</strong></span> <span class='ocrx_word' id='word_1_390' title='bbox 941 1847 1020 1872; x_wconf 86' lang='lat' dir='ltr'><strong>erant</strong></span> 
     </span>
    </p>
   </div>
   <div class='ocr_carea' id='block_1_53' title="bbox 222 1887 752 1924">
    <p class='ocr_par' dir='ltr' id='par_1_53' title="bbox 222 1887 752 1924">
     <span class='ocr_line' id='line_1_53' title="bbox 222 1887 752 1924; baseline 0.004 -10"><span class='ocrx_word' id='word_1_391' title='bbox 222 1887 295 1924; x_wconf 86' lang='lat' dir='ltr'><strong>apud</strong></span> <span class='ocrx_word' id='word_1_392' title='bbox 320 1895 375 1922; x_wconf 87' lang='lat' dir='ltr'><strong>eos,</strong></span> <span class='ocrx_word' id='word_1_393' title='bbox 406 1895 597 1924; x_wconf 87' lang='lat' dir='ltr'><strong>novorumque</strong></span> <span class='ocrx_word' id='word_1_394' title='bbox 622 1887 752 1916; x_wconf 84' lang='lat' dir='ltr'><strong>studiosi.</strong></span> 
     </span>
    </p>
   </div>
   <div class='ocr_carea' id='block_1_54' title="bbox 258 1932 1018 1969">
    <p class='ocr_par' dir='ltr' id='par_1_54' title="bbox 258 1932 1018 1969">
     <span class='ocr_line' id='line_1_54' title="bbox 258 1932 1018 1969; baseline 0.003 -9"><span class='ocrx_word' id='word_1_395' title='bbox 258 1944 271 1956; x_wconf 75' lang='grc' dir='ltr'><strong>α</strong></span> <span class='ocrx_word' id='word_1_396' title='bbox 289 1933 349 1960; x_wconf 81' lang='lat' dir='ltr'><strong>Non</strong></span> <span class='ocrx_word' id='word_1_397' title='bbox 369 1933 489 1961; x_wconf 87' lang='lat' dir='ltr'><strong>inﬂatur.</strong></span> <span class='ocrx_word' id='word_1_398' title='bbox 511 1942 526 1959; x_wconf 71' lang='lat' dir='ltr'><strong>io</strong></span> <span class='ocrx_word' id='word_1_399' title='bbox 541 1932 612 1961; x_wconf 88' lang='lat' dir='ltr'><strong>Fieri</strong></span> <span class='ocrx_word' id='word_1_400' title='bbox 633 1932 708 1960; x_wconf 87' lang='lat' dir='ltr'><strong>enim</strong></span> <span class='ocrx_word' id='word_1_401' title='bbox 722 1935 814 1968; x_wconf 82' lang='lat' dir='ltr'><strong>potest</strong></span> <span class='ocrx_word' id='word_1_402' title='bbox 827 1936 859 1960; x_wconf 89' lang='lat' dir='ltr'><strong>ut</strong></span> <span class='ocrx_word' id='word_1_403' title='bbox 881 1933 1018 1969; x_wconf 84' lang='lat' dir='ltr'><strong>quispiam</strong></span> 
     </span>
    </p>
   </div>
   <div class='ocr_carea' id='block_1_55' title="bbox 221 1977 1018 2014">
    <p class='ocr_par' dir='ltr' id='par_1_55' title="bbox 221 1977 1018 2014">
     <span class='ocr_line' id='line_1_55' title="bbox 221 1977 1018 2014; baseline 0.001 -9"><span class='ocrx_word' id='word_1_404' title='bbox 221 1977 315 2005; x_wconf 91' lang='lat' dir='ltr'><strong>omnia</strong></span> <span class='ocrx_word' id='word_1_405' title='bbox 341 1977 400 2013; x_wconf 88' lang='lat' dir='ltr'><strong>jam</strong></span> <span class='ocrx_word' id='word_1_406' title='bbox 425 1981 644 2005; x_wconf 88' lang='lat' dir='ltr'><strong>commemorata</strong></span> <span class='ocrx_word' id='word_1_407' title='bbox 674 1977 745 2005; x_wconf 89' lang='lat' dir='ltr'><strong>bona</strong></span> <span class='ocrx_word' id='word_1_408' title='bbox 766 1977 875 2012; x_wconf 82' lang='lat' dir='ltr'><strong>habeat,</strong></span> <span class='ocrx_word' id='word_1_409' title='bbox 896 1986 929 2005; x_wconf 82' lang='lat' dir='ltr'><strong>ac</strong></span> <span class='ocrx_word' id='word_1_410' title='bbox 954 1985 1018 2014; x_wconf 88' lang='lat' dir='ltr'><strong>pro-</strong></span> 
     </span>
    </p>
   </div>
   <div class='ocr_carea' id='block_1_56' title="bbox 222 2020 1019 2058">
    <p class='ocr_par' dir='ltr' id='par_1_56' title="bbox 222 2020 1019 2058">
     <span class='ocr_line' id='line_1_56' title="bbox 222 2020 1019 2058; baseline 0.004 -10"><span class='ocrx_word' id='word_1_411' title='bbox 222 2026 315 2057; x_wconf 79' lang='lat' dir='ltr'><strong>pterea</strong></span> <span class='ocrx_word' id='word_1_412' title='bbox 335 2021 445 2049; x_wconf 83' lang='lat' dir='ltr'><strong>inﬂetur</strong></span> <span class='ocrx_word' id='word_1_413' title='bbox 459 2031 465 2048; x_wconf 91' lang='lat'>:</span> <span class='ocrx_word' id='word_1_414' title='bbox 479 2029 577 2049; x_wconf 90' lang='lat' dir='ltr'><strong>verum</strong></span> <span class='ocrx_word' id='word_1_415' title='bbox 590 2020 706 2048; x_wconf 87' lang='lat' dir='ltr'><strong>charitas</strong></span> <span class='ocrx_word' id='word_1_416' title='bbox 720 2021 793 2049; x_wconf 89' lang='lat' dir='ltr'><strong>istud</strong></span> <span class='ocrx_word' id='word_1_417' title='bbox 809 2029 865 2050; x_wconf 89' lang='lat' dir='ltr'><strong>non</strong></span> <span class='ocrx_word' id='word_1_418' title='bbox 876 2022 934 2058; x_wconf 82' lang='lat' dir='ltr'><strong>agit</strong></span> <span class='ocrx_word' id='word_1_419' title='bbox 949 2032 956 2050; x_wconf 88' lang='lat'><strong><em>:</em></strong></span> <span class='ocrx_word' id='word_1_420' title='bbox 969 2030 1019 2052; x_wconf 64' lang='grc' dir='ltr'><strong>αθ·</strong></span> 
     </span>
    </p>
   </div>
   <div class='ocr_carea' id='block_1_57' title="bbox 221 2065 1018 2101">
    <p class='ocr_par' dir='ltr' id='par_1_57' title="bbox 221 2065 1018 2101">
     <span class='ocr_line' id='line_1_57' title="bbox 221 2065 1018 2101; baseline 0.004 -9"><span class='ocrx_word' id='word_1_421' title='bbox 221 2072 310 2093; x_wconf 85' lang='lat' dir='ltr'><strong>terum</strong></span> <span class='ocrx_word' id='word_1_422' title='bbox 325 2073 389 2092; x_wconf 91' lang='lat' dir='ltr'><strong>cum</strong></span> <span class='ocrx_word' id='word_1_423' title='bbox 404 2066 464 2101; x_wconf 82' lang='lat' dir='ltr'><strong>jam</strong></span> <span class='ocrx_word' id='word_1_424' title='bbox 479 2065 706 2093; x_wconf 85' lang='lat' dir='ltr'><strong>commemoratis</strong></span> <span class='ocrx_word' id='word_1_425' title='bbox 725 2065 804 2094; x_wconf 91' lang='lat' dir='ltr'><strong>bonis</strong></span> <span class='ocrx_word' id='word_1_426' title='bbox 833 2065 974 2095; x_wconf 85' lang='lat' dir='ltr'><strong>humiliter</strong></span> <span class='ocrx_word' id='word_1_427' title='bbox 987 2075 1018 2096; x_wconf 85' lang='lat' dir='ltr'><strong>se</strong></span> 
     </span>
    </p>
   </div>
   <div class='ocr_carea' id='block_1_58' title="bbox 221 2110 846 2145">
    <p class='ocr_par' dir='ltr' id='par_1_58' title="bbox 221 2110 846 2145">
     <span class='ocr_line' id='line_1_58' title="bbox 221 2110 846 2145; baseline 0.002 -8"><span class='ocrx_word' id='word_1_428' title='bbox 221 2110 298 2145; x_wconf 76' lang='lat' dir='ltr'><strong>gerit.</strong></span> <span class='ocrx_word' id='word_1_429' title='bbox 322 2110 384 2136; x_wconf 85' lang='lat' dir='ltr'><strong>Hoc</strong></span> <span class='ocrx_word' id='word_1_430' title='bbox 399 2117 463 2137; x_wconf 84' lang='lat' dir='ltr'><strong>vero</strong></span> <span class='ocrx_word' id='word_1_431' title='bbox 481 2110 517 2137; x_wconf 84' lang='lat' dir='ltr'><strong>ad</strong></span> <span class='ocrx_word' id='word_1_432' title='bbox 532 2113 692 2145; x_wconf 82' lang='lat' dir='ltr'><strong>arrogantes</strong></span> <span class='ocrx_word' id='word_1_433' title='bbox 718 2110 846 2145; x_wconf 87' lang='lat' dir='ltr'><strong>pertinet.</strong></span> 
     </span>
    </p>
   </div>
   <div class='ocr_carea' id='block_1_59' title="bbox 255 2154 1017 2190">
    <p class='ocr_par' dir='ltr' id='par_1_59' title="bbox 255 2154 1017 2190">
     <span class='ocr_line' id='line_1_59' title="bbox 255 2154 1017 2190; baseline 0.007 -9"><span class='ocrx_word' id='word_1_434' title='bbox 255 2155 346 2182; x_wconf 72' lang='lat' dir='ltr'><strong>Vens.</strong></span> <span class='ocrx_word' id='word_1_435' title='bbox 371 2157 398 2182; x_wconf 86' lang='lat'><strong>5.</strong></span> <span class='ocrx_word' id='word_1_436' title='bbox 413 2165 425 2178; x_wconf 76' lang='grc' dir='ltr'><strong>κ</strong></span> <span class='ocrx_word' id='word_1_437' title='bbox 443 2156 507 2182; x_wconf 85' lang='lat' dir='ltr'><strong>Non</strong></span> <span class='ocrx_word' id='word_1_438' title='bbox 525 2154 640 2190; x_wconf 83' lang='lat' dir='ltr'><strong>pudeﬁt.</strong></span> <span class='ocrx_word' id='word_1_439' title='bbox 659 2166 672 2179; x_wconf 76' lang='grc' dir='ltr'><strong>ι</strong></span> <span class='ocrx_word' id='word_1_440' title='bbox 687 2155 748 2183; x_wconf 81' lang='lat' dir='ltr'><strong>Hoc</strong></span> <span class='ocrx_word' id='word_1_441' title='bbox 770 2159 823 2189; x_wconf 87' lang='lat' dir='ltr'><strong>est,</strong></span> <span class='ocrx_word' id='word_1_442' title='bbox 846 2163 902 2184; x_wconf 88' lang='lat' dir='ltr'><strong>non</strong></span> <span class='ocrx_word' id='word_1_443' title='bbox 925 2157 1017 2186; x_wconf 82' lang='lat' dir='ltr'><strong>solum</strong></span> 
     </span>
    </p>
   </div>
   <div class='ocr_carea' id='block_1_60' title="bbox 221 2198 1018 2238">
    <p class='ocr_par' dir='ltr' id='par_1_60' title="bbox 221 2198 1018 2238">
     <span class='ocr_line' id='line_1_60' title="bbox 221 2198 1018 2238; baseline 0.005 -12"><span class='ocrx_word' id='word_1_444' title='bbox 221 2207 278 2227; x_wconf 90' lang='lat' dir='ltr'><strong>non</strong></span> <span class='ocrx_word' id='word_1_445' title='bbox 292 2199 414 2233; x_wconf 77' lang='lat' dir='ltr'><strong>inﬂatur,</strong></span> <span class='ocrx_word' id='word_1_446' title='bbox 427 2199 475 2227; x_wconf 85' lang='lat' dir='ltr'><strong>sed</strong></span> <span class='ocrx_word' id='word_1_447' title='bbox 488 2198 593 2226; x_wconf 84' lang='lat' dir='ltr'><strong>etiamsi</strong></span> <span class='ocrx_word' id='word_1_448' title='bbox 605 2199 764 2235; x_wconf 84' lang='lat' dir='ltr'><strong>turpissima</strong></span> <span class='ocrx_word' id='word_1_449' title='bbox 775 2199 893 2236; x_wconf 89' lang='lat' dir='ltr'><strong>patiatur</strong></span> <span class='ocrx_word' id='word_1_450' title='bbox 905 2206 1018 2238; x_wconf 90' lang='lat' dir='ltr'><strong>propter</strong></span> 
     </span>
    </p>
   </div>
   <div class='ocr_carea' id='block_1_61' title="bbox 224 2243 1018 2283">
    <p class='ocr_par' dir='ltr' id='par_1_61' title="bbox 224 2243 1018 2283">
     <span class='ocr_line' id='line_1_61' title="bbox 224 2243 1018 2283; baseline 0.005 -12"><span class='ocrx_word' id='word_1_451' title='bbox 224 2243 394 2276; x_wconf 80' lang='lat' dir='ltr'><strong>adamatum,</strong></span> <span class='ocrx_word' id='word_1_452' title='bbox 422 2252 476 2271; x_wconf 90' lang='lat' dir='ltr'><strong>non</strong></span> <span class='ocrx_word' id='word_1_453' title='bbox 492 2243 640 2271; x_wconf 86' lang='lat' dir='ltr'><strong>arbitratur</strong></span> <span class='ocrx_word' id='word_1_454' title='bbox 661 2252 718 2272; x_wconf 88' lang='lat' dir='ltr'><strong>rem</strong></span> <span class='ocrx_word' id='word_1_455' title='bbox 744 2244 826 2273; x_wconf 87' lang='lat' dir='ltr'><strong>istam</strong></span> <span class='ocrx_word' id='word_1_456' title='bbox 847 2253 907 2274; x_wconf 86' lang='lat' dir='ltr'><strong>esse</strong></span> <span class='ocrx_word' id='word_1_457' title='bbox 932 2247 1018 2283; x_wconf 88' lang='lat' dir='ltr'><strong>turpi-</strong></span> 
     </span>
    </p>
   </div>
   <div class='ocr_carea' id='block_1_62' title="bbox 221 2288 1018 2325">
    <p class='ocr_par' dir='ltr' id='par_1_62' title="bbox 221 2288 1018 2325">
     <span class='ocr_line' id='line_1_62' title="bbox 221 2288 1018 2325; baseline 0.005 -9"><span class='ocrx_word' id='word_1_458' title='bbox 221 2288 348 2316; x_wconf 87' lang='lat' dir='ltr'><strong>tudinem</strong></span> <span class='ocrx_word' id='word_1_459' title='bbox 361 2297 393 2316; x_wconf 91' lang='lat' dir='ltr'><strong>ac</strong></span> <span class='ocrx_word' id='word_1_460' title='bbox 407 2288 586 2324; x_wconf 81' lang='lat' dir='ltr'><strong>ignominiam</strong></span> <span class='ocrx_word' id='word_1_461' title='bbox 603 2299 608 2316; x_wconf 94' lang='lat'><strong>:</strong></span> <span class='ocrx_word' id='word_1_462' title='bbox 633 2289 872 2325; x_wconf 85' lang='lat' dir='ltr'><strong>quemadmodum</strong></span> <span class='ocrx_word' id='word_1_463' title='bbox 893 2294 922 2319; x_wconf 89' lang='lat' dir='ltr'><strong>et</strong></span> <span class='ocrx_word' id='word_1_464' title='bbox 940 2291 1018 2320; x_wconf 89' lang='lat' dir='ltr'><strong>Chri-</strong></span> 
     </span>
    </p>
   </div>
   <div class='ocr_carea' id='block_1_63' title="bbox 224 2333 1016 2372">
    <p class='ocr_par' dir='ltr' id='par_1_63' title="bbox 224 2333 1016 2372">
     <span class='ocr_line' id='line_1_63' title="bbox 224 2333 1016 2372; baseline 0.005 -12"><span class='ocrx_word' id='word_1_465' title='bbox 224 2337 283 2360; x_wconf 89' lang='lat' dir='ltr'><strong>stus</strong></span> <span class='ocrx_word' id='word_1_466' title='bbox 297 2333 333 2361; x_wconf 91' lang='lat' dir='ltr'><strong>ob</strong></span> <span class='ocrx_word' id='word_1_467' title='bbox 348 2333 524 2361; x_wconf 83' lang='lat' dir='ltr'><strong>dilectionem</strong></span> <span class='ocrx_word' id='word_1_468' title='bbox 538 2342 620 2370; x_wconf 87' lang='lat' dir='ltr'><strong>quam</strong></span> <span class='ocrx_word' id='word_1_469' title='bbox 634 2343 697 2370; x_wconf 83' lang='lat' dir='ltr'><strong>erga</strong></span> <span class='ocrx_word' id='word_1_470' title='bbox 708 2343 758 2363; x_wconf 86' lang='lat' dir='ltr'><strong>nos</strong></span> <span class='ocrx_word' id='word_1_471' title='bbox 773 2335 881 2370; x_wconf 87' lang='lat' dir='ltr'><strong>habuit,</strong></span> <span class='ocrx_word' id='word_1_472' title='bbox 895 2336 1016 2372; x_wconf 78' lang='lat' dir='ltr'><strong>ignomi-</strong></span> 
     </span>
    </p>
   </div>
   <div class='ocr_carea' id='block_1_64' title="bbox 221 2377 1019 2415">
    <p class='ocr_par' dir='ltr' id='par_1_64' title="bbox 221 2377 1019 2415">
     <span class='ocr_line' id='line_1_64' title="bbox 221 2377 1019 2415; baseline 0.005 -10"><span class='ocrx_word' id='word_1_473' title='bbox 221 2377 328 2405; x_wconf 90' lang='lat' dir='ltr'><strong>niosam</strong></span> <span class='ocrx_word' id='word_1_474' title='bbox 349 2386 460 2406; x_wconf 81' lang='lat' dir='ltr'><strong>crucem</strong></span> <span class='ocrx_word' id='word_1_475' title='bbox 487 2386 544 2406; x_wconf 89' lang='lat' dir='ltr'><strong>non</strong></span> <span class='ocrx_word' id='word_1_476' title='bbox 558 2379 649 2407; x_wconf 88' lang='lat' dir='ltr'><strong>solum</strong></span> <span class='ocrx_word' id='word_1_477' title='bbox 676 2380 789 2415; x_wconf 82' lang='lat' dir='ltr'><strong>recepit.</strong></span> <span class='ocrx_word' id='word_1_478' title='bbox 810 2388 905 2408; x_wconf 83' lang='lat' dir='ltr'><strong>verum</strong></span> <span class='ocrx_word' id='word_1_479' title='bbox 934 2381 1019 2409; x_wconf 91' lang='lat' dir='ltr'><strong>etiam</strong></span> 
     </span>
    </p>
   </div>
   <div class='ocr_carea' id='block_1_65' title="bbox 221 2422 1017 2459">
    <p class='ocr_par' dir='ltr' id='par_1_65' title="bbox 221 2422 1017 2459">
     <span class='ocr_line' id='line_1_65' title="bbox 221 2422 1017 2459; baseline 0.008 -11"><span class='ocrx_word' id='word_1_480' title='bbox 221 2422 337 2458; x_wconf 83' lang='lat' dir='ltr'><strong>gloriam</strong></span> <span class='ocrx_word' id='word_1_481' title='bbox 364 2423 529 2458; x_wconf 82' lang='lat' dir='ltr'><strong>peculiarem</strong></span> <span class='ocrx_word' id='word_1_482' title='bbox 559 2424 674 2459; x_wconf 85' lang='lat' dir='ltr'><strong>putavit.</strong></span> <span class='ocrx_word' id='word_1_483' title='bbox 696 2425 800 2452; x_wconf 85' lang='lat' dir='ltr'><strong>Poteris</strong></span> <span class='ocrx_word' id='word_1_484' title='bbox 814 2426 899 2454; x_wconf 88' lang='lat' dir='ltr'><strong>etiam</strong></span> <span class='ocrx_word' id='word_1_485' title='bbox 921 2426 959 2454; x_wconf 88' lang='lat' dir='ltr'><strong>ita</strong></span> <span class='ocrx_word' id='word_1_486' title='bbox 977 2426 1017 2454; x_wconf 92' lang='lat' dir='ltr'><strong>in-</strong></span> 
     </span>
    </p>
   </div>
   <div class='ocr_carea' id='block_1_66' title="bbox 219 2466 1017 2505">
    <p class='ocr_par' dir='ltr' id='par_1_66' title="bbox 219 2466 1017 2505">
     <span class='ocr_line' id='line_1_66' title="bbox 219 2466 1017 2505; baseline 0.006 -11"><span class='ocrx_word' id='word_1_487' title='bbox 219 2466 357 2503; x_wconf 75' lang='lat' dir='ltr'><strong>telligere,</strong></span> <span class='ocrx_word' id='word_1_488' title='bbox 375 2479 387 2491; x_wconf 71' lang='grc' dir='ltr'><strong><em>κ</em></strong></span> <span class='ocrx_word' id='word_1_489' title='bbox 404 2469 467 2495; x_wconf 87' lang='lat' dir='ltr'><strong>Non</strong></span> <span class='ocrx_word' id='word_1_490' title='bbox 482 2467 595 2504; x_wconf 87' lang='lat' dir='ltr'><strong>pudelit,</strong></span> <span class='ocrx_word' id='word_1_491' title='bbox 623 2480 635 2492; x_wconf 85' lang='grc'><strong>››</strong></span> <span class='ocrx_word' id='word_1_492' title='bbox 653 2477 713 2504; x_wconf 90' lang='lat' dir='ltr'><strong>pro,</strong></span> <span class='ocrx_word' id='word_1_493' title='bbox 727 2478 783 2497; x_wconf 88' lang='lat' dir='ltr'><strong>non</strong></span> <span class='ocrx_word' id='word_1_494' title='bbox 798 2470 895 2505; x_wconf 85' lang='lat' dir='ltr'><strong>injuria</strong></span> <span class='ocrx_word' id='word_1_495' title='bbox 920 2470 1017 2505; x_wconf 78' lang='lat' dir='ltr'><strong>afﬁcit,</strong></span> 
     </span>
    </p>
   </div>
   <div class='ocr_carea' id='block_1_67' title="bbox 218 2510 1018 2549">
    <p class='ocr_par' dir='ltr' id='par_1_67' title="bbox 218 2510 1018 2549">
     <span class='ocr_line' id='line_1_67' title="bbox 218 2510 1018 2549; baseline 0.008 -11"><span class='ocrx_word' id='word_1_496' title='bbox 218 2510 285 2539; x_wconf 90' lang='lat' dir='ltr'><strong>nihil</strong></span> <span class='ocrx_word' id='word_1_497' title='bbox 293 2512 369 2540; x_wconf 89' lang='lat' dir='ltr'><strong>enim</strong></span> <span class='ocrx_word' id='word_1_498' title='bbox 382 2513 489 2548; x_wconf 87' lang='lat' dir='ltr'><strong>turpius</strong></span> <span class='ocrx_word' id='word_1_499' title='bbox 497 2517 539 2541; x_wconf 90' lang='lat' dir='ltr'><strong>est</strong></span> <span class='ocrx_word' id='word_1_500' title='bbox 546 2513 658 2549; x_wconf 87' lang='lat' dir='ltr'><strong>injurio.</strong></span> <span class='ocrx_word' id='word_1_501' title='bbox 668 2515 729 2541; x_wconf 88' lang='lat' dir='ltr'><strong>Hoc</strong></span> <span class='ocrx_word' id='word_1_502' title='bbox 736 2518 829 2542; x_wconf 85' lang='lat' dir='ltr'><strong>autem</strong></span> <span class='ocrx_word' id='word_1_503' title='bbox 837 2514 872 2542; x_wconf 88' lang='lat' dir='ltr'><strong>ad</strong></span> <span class='ocrx_word' id='word_1_504' title='bbox 880 2514 1018 2544; x_wconf 85' lang='lat' dir='ltr'><strong>fastuosos</strong></span> 
     </span>
    </p>
   </div>
   <div class='ocr_carea' id='block_1_68' title="bbox 219 2556 346 2592">
    <p class='ocr_par' dir='ltr' id='par_1_68' title="bbox 219 2556 346 2592">
     <span class='ocr_line' id='line_1_68' title="bbox 219 2556 346 2592; baseline 0.008 -9"><span class='ocrx_word' id='word_1_505' title='bbox 219 2556 346 2592; x_wconf 86' lang='lat' dir='ltr'><strong>pertinet.</strong></span> 
     </span>
    </p>
   </div>
   <div class='ocr_carea' id='block_1_69' title="bbox 254 2602 1016 2638">
    <p class='ocr_par' dir='ltr' id='par_1_69' title="bbox 254 2602 1016 2638">
     <span class='ocr_line' id='line_1_69' title="bbox 254 2602 1016 2638; baseline 0.005 -9"><span class='ocrx_word' id='word_1_506' title='bbox 254 2613 266 2625; x_wconf 80' lang='grc' dir='ltr'>σι</span> <span class='ocrx_word' id='word_1_507' title='bbox 286 2603 349 2629; x_wconf 84' lang='lat' dir='ltr'><strong>Non</strong></span> <span class='ocrx_word' id='word_1_508' title='bbox 360 2602 530 2638; x_wconf 64' lang='lat' dir='ltr'><strong>quaeritquae</strong></span> <span class='ocrx_word' id='word_1_509' title='bbox 545 2610 593 2630; x_wconf 89' lang='lat' dir='ltr'><strong>sua</strong></span> <span class='ocrx_word' id='word_1_510' title='bbox 607 2607 683 2636; x_wconf 89' lang='lat' dir='ltr'><strong>sunt,</strong></span> <span class='ocrx_word' id='word_1_511' title='bbox 705 2611 762 2630; x_wconf 86' lang='lat' dir='ltr'><strong>non</strong></span> <span class='ocrx_word' id='word_1_512' title='bbox 782 2603 916 2632; x_wconf 87' lang='lat' dir='ltr'><strong>irritatur.</strong></span> <span class='ocrx_word' id='word_1_513' title='bbox 929 2617 941 2629; x_wconf 82' lang='grc' dir='ltr'><strong>ιι</strong></span> <span class='ocrx_word' id='word_1_514' title='bbox 959 2606 1016 2634; x_wconf 88' lang='grc' dir='ltr'><strong>Μο-</strong></span> 
     </span>
    </p>
   </div>
   <div class='ocr_carea' id='block_1_70' title="bbox 217 2646 1015 2684">
    <p class='ocr_par' dir='ltr' id='par_1_70' title="bbox 217 2646 1015 2684">
     <span class='ocr_line' id='line_1_70' title="bbox 217 2646 1015 2684; baseline 0.006 -11"><span class='ocrx_word' id='word_1_515' title='bbox 217 2646 281 2674; x_wconf 79' lang='lat' dir='ltr'><strong>dum</strong></span> <span class='ocrx_word' id='word_1_516' title='bbox 296 2647 414 2683; x_wconf 85' lang='lat' dir='ltr'><strong>explicat</strong></span> <span class='ocrx_word' id='word_1_517' title='bbox 427 2647 568 2683; x_wconf 89' lang='lat' dir='ltr'><strong>quomodo</strong></span> <span class='ocrx_word' id='word_1_518' title='bbox 591 2655 648 2676; x_wconf 86' lang='lat' dir='ltr'><strong>non</strong></span> <span class='ocrx_word' id='word_1_519' title='bbox 669 2648 790 2684; x_wconf 78' lang='lat' dir='ltr'><strong>pudetiat</strong></span> <span class='ocrx_word' id='word_1_520' title='bbox 804 2649 932 2678; x_wconf 84' lang='lat' dir='ltr'><strong>charitas.</strong></span> <span class='ocrx_word' id='word_1_521' title='bbox 947 2652 1015 2678; x_wconf 83' lang='lat' dir='ltr'><strong>Pro-</strong></span> 
     </span>
    </p>
   </div>
   <div class='ocr_carea' id='block_1_71' title="bbox 252 2723 450 2758">
    <p class='ocr_par' dir='ltr' id='par_1_71' title="bbox 252 2723 450 2758">
     <span class='ocr_line' id='line_1_71' title="bbox 252 2723 450 2758; baseline -0.005 -6"><span class='ocrx_word' id='word_1_522' title='bbox 252 2725 263 2739; x_wconf 72' lang='grc' dir='ltr'><em>τ</em></span> <span class='ocrx_word' id='word_1_523' title='bbox 282 2723 372 2752; x_wconf 82' lang='lat' dir='ltr'><strong>Galat.</strong></span> <span class='ocrx_word' id='word_1_524' title='bbox 386 2731 409 2758; x_wconf 80' lang='grc' dir='ltr'><strong>Ι,</strong></span> <span class='ocrx_word' id='word_1_525' title='bbox 423 2726 450 2751; x_wconf 91' lang='grc'><strong>8.</strong></span> 
     </span>
    </p>
   </div>
   <div class='ocr_carea' id='block_1_72' title="bbox 1116 904 1830 945">
    <p class='ocr_par' dir='ltr' id='par_1_72' title="bbox 1116 904 1830 945">
     <span class='ocr_line' id='line_1_72' title="bbox 1116 904 1830 945; baseline -0.001 -11"><span class='ocrx_word' id='word_1_526' title='bbox 1116 917 1130 934; x_wconf 82' lang='grc' dir='ltr'>(ι</span> <span class='ocrx_word' id='word_1_527' title='bbox 1145 905 1181 934; x_wconf 87' lang='grc' dir='ltr'>Ἣ</span> <span class='ocrx_word' id='word_1_528' title='bbox 1205 905 1297 944; x_wconf 79' lang='grc' dir='ltr'>ἀγάπη</span> <span class='ocrx_word' id='word_1_529' title='bbox 1324 907 1501 945; x_wconf 79' lang='grc' dir='ltr'><strong>μακροθυμεῖ,</strong></span> <span class='ocrx_word' id='word_1_530' title='bbox 1525 904 1711 944; x_wconf 81' lang='grc' dir='ltr'>χρηστεύεται.</span> <span class='ocrx_word' id='word_1_531' title='bbox 1728 915 1742 934; x_wconf 75' lang='grc' dir='ltr'><strong>ι</strong></span> <span class='ocrx_word' id='word_1_532' title='bbox 1765 904 1830 934; x_wconf 65' lang='lat' dir='ltr'><strong>Aemi»</strong></span> 
     </span>
    </p>
   </div>
   <div class='ocr_carea' id='block_1_73' title="bbox 1074 948 1830 989">
    <p class='ocr_par' dir='ltr' id='par_1_73' title="bbox 1074 948 1830 989">
     <span class='ocr_line' id='line_1_73' title="bbox 1074 948 1830 989; baseline 0 -11"><span class='ocrx_word' id='word_1_533' title='bbox 1074 949 1235 989; x_wconf 78' lang='grc' dir='ltr'>διεξέρχεται</span> <span class='ocrx_word' id='word_1_534' title='bbox 1255 952 1303 986; x_wconf 80' lang='grc' dir='ltr'><strong>τῆς</strong></span> <span class='ocrx_word' id='word_1_535' title='bbox 1331 949 1436 989; x_wconf 81' lang='grc' dir='ltr'>ἀγάπης</span> <span class='ocrx_word' id='word_1_536' title='bbox 1457 949 1492 979; x_wconf 79' lang='grc' dir='ltr'><strong>τὰ</strong></span> <span class='ocrx_word' id='word_1_537' title='bbox 1521 950 1705 989; x_wconf 70' lang='grc' dir='ltr'>γνωρίσματα,</span> <span class='ocrx_word' id='word_1_538' title='bbox 1730 949 1769 978; x_wconf 79' lang='grc' dir='ltr'>καὶ</span> <span class='ocrx_word' id='word_1_539' title='bbox 1783 948 1830 987; x_wconf 48' lang='grc' dir='ltr'>πρὲ-</span> 
     </span>
    </p>
   </div>
   <div class='ocr_carea' id='block_1_74' title="bbox 1073 993 1830 1035">
    <p class='ocr_par' dir='ltr' id='par_1_74' title="bbox 1073 993 1830 1035">
     <span class='ocr_line' id='line_1_74' title="bbox 1073 993 1830 1035; baseline -0.001 -12"><span class='ocrx_word' id='word_1_540' title='bbox 1073 1007 1122 1030; x_wconf 90' lang='grc' dir='ltr'><strong>την</strong></span> <span class='ocrx_word' id='word_1_541' title='bbox 1145 994 1193 1031; x_wconf 82' lang='grc' dir='ltr'><strong>τὴν</strong></span> <span class='ocrx_word' id='word_1_542' title='bbox 1209 993 1393 1035; x_wconf 77' lang='grc' dir='ltr'>μακροθυμίαν</span> <span class='ocrx_word' id='word_1_543' title='bbox 1421 994 1532 1030; x_wconf 82' lang='grc' dir='ltr'>τίθησι,</span> <span class='ocrx_word' id='word_1_544' title='bbox 1548 994 1597 1030; x_wconf 77' lang='grc' dir='ltr'><strong>τὴν</strong></span> <span class='ocrx_word' id='word_1_545' title='bbox 1627 995 1698 1034; x_wconf 73' lang='grc' dir='ltr'>ῥίζαν</span> <span class='ocrx_word' id='word_1_546' title='bbox 1713 994 1786 1029; x_wconf 79' lang='grc' dir='ltr'>πάσης</span> <span class='ocrx_word' id='word_1_547' title='bbox 1803 1005 1830 1032; x_wconf 65' lang='grc' dir='ltr'><strong>ῳ-</strong></span> 
     </span>
    </p>
   </div>
   <div class='ocr_carea' id='block_1_75' title="bbox 1073 1037 1831 1080">
    <p class='ocr_par' dir='ltr' id='par_1_75' title="bbox 1073 1037 1831 1080">
     <span class='ocr_line' id='line_1_75' title="bbox 1073 1037 1831 1080; baseline -0.004 -12"><span class='ocrx_word' id='word_1_548' title='bbox 1073 1039 1210 1080; x_wconf 77' lang='grc' dir='ltr'>λοσοφίας.</span> <span class='ocrx_word' id='word_1_549' title='bbox 1238 1039 1418 1078; x_wconf 85' lang='grc' dir='ltr'>Μακρόθυμος</span> <span class='ocrx_word' id='word_1_550' title='bbox 1439 1038 1490 1079; x_wconf 75' lang='grc' dir='ltr'><strong>γὰρ</strong></span> <span class='ocrx_word' id='word_1_551' title='bbox 1513 1040 1526 1068; x_wconf 81' lang='grc' dir='ltr'><strong>ὁ</strong></span> <span class='ocrx_word' id='word_1_552' title='bbox 1553 1039 1662 1078; x_wconf 81' lang='grc' dir='ltr'>μακρὰν</span> <span class='ocrx_word' id='word_1_553' title='bbox 1685 1038 1727 1068; x_wconf 75' lang='grc' dir='ltr'><strong>καὶ</strong></span> <span class='ocrx_word' id='word_1_554' title='bbox 1748 1037 1831 1077; x_wconf 75' lang='grc' dir='ltr'>μεγάλην</span> 
     </span>
    </p>
   </div>
   <div class='ocr_carea' id='block_1_76' title="bbox 1073 1082 1830 1124">
    <p class='ocr_par' dir='ltr' id='par_1_76' title="bbox 1073 1082 1830 1124">
     <span class='ocr_line' id='line_1_76' title="bbox 1073 1082 1830 1124; baseline -0.001 -12"><span class='ocrx_word' id='word_1_555' title='bbox 1073 1082 1144 1123; x_wconf 81' lang='grc' dir='ltr'>ἔχων</span> <span class='ocrx_word' id='word_1_556' title='bbox 1169 1083 1268 1123; x_wconf 79' lang='grc' dir='ltr'>ψυχήν.</span> <span class='ocrx_word' id='word_1_557' title='bbox 1287 1083 1398 1119; x_wconf 83' lang='grc' dir='ltr'>Ἐπειδὴ</span> <span class='ocrx_word' id='word_1_558' title='bbox 1415 1083 1443 1112; x_wconf 84' lang='grc' dir='ltr'><strong>δέ</strong></span> <span class='ocrx_word' id='word_1_559' title='bbox 1456 1095 1524 1117; x_wconf 86' lang='grc' dir='ltr'>τινες</span> <span class='ocrx_word' id='word_1_560' title='bbox 1539 1084 1588 1113; x_wconf 83' lang='grc' dir='ltr'>οὔκ</span> <span class='ocrx_word' id='word_1_561' title='bbox 1605 1085 1642 1117; x_wconf 81' lang='grc' dir='ltr'><strong>εἰς</strong></span> <span class='ocrx_word' id='word_1_562' title='bbox 1660 1083 1793 1124; x_wconf 70' lang='grc' dir='ltr'>φιλοσοφίαν</span> 
     </span>
    </p>
   </div>
   <div class='ocr_carea' id='block_1_77' title="bbox 1075 1126 1831 1168">
    <p class='ocr_par' dir='ltr' id='par_1_77' title="bbox 1075 1126 1831 1168">
     <span class='ocr_line' id='line_1_77' title="bbox 1075 1126 1831 1168; baseline -0.003 -12"><span class='ocrx_word' id='word_1_563' title='bbox 1075 1128 1247 1168; x_wconf 73' lang='grc' dir='ltr'>μακροθυμίᾳ</span> <span class='ocrx_word' id='word_1_564' title='bbox 1272 1127 1436 1168; x_wconf 80' lang='grc' dir='ltr'>κέχρηνται,</span> <span class='ocrx_word' id='word_1_565' title='bbox 1464 1128 1534 1158; x_wconf 75' lang='grc' dir='ltr'>ἀλλὰ</span> <span class='ocrx_word' id='word_1_566' title='bbox 1564 1127 1694 1161; x_wconf 77' lang='grc' dir='ltr'>πολλάκις</span> <span class='ocrx_word' id='word_1_567' title='bbox 1722 1126 1772 1160; x_wconf 71' lang='grc' dir='ltr'>τοὺς</span> <span class='ocrx_word' id='word_1_568' title='bbox 1795 1126 1831 1155; x_wconf 69' lang='grc' dir='ltr'>κατ’</span> 
     </span>
    </p>
   </div>
   <div class='ocr_carea' id='block_1_78' title="bbox 1074 1171 1830 1212">
    <p class='ocr_par' dir='ltr' id='par_1_78' title="bbox 1074 1171 1830 1212">
     <span class='ocr_line' id='line_1_78' title="bbox 1074 1171 1830 1212; baseline -0.003 -11"><span class='ocrx_word' id='word_1_569' title='bbox 1074 1174 1160 1202; x_wconf 77' lang='grc' dir='ltr'>αὐτῶν</span> <span class='ocrx_word' id='word_1_570' title='bbox 1183 1173 1366 1212; x_wconf 74' lang='grc' dir='ltr'>ὀργιζομένους</span> <span class='ocrx_word' id='word_1_571' title='bbox 1391 1173 1564 1212; x_wconf 80' lang='grc' dir='ltr'>διαγελῶντες</span> <span class='ocrx_word' id='word_1_572' title='bbox 1588 1173 1636 1202; x_wconf 90' lang='grc' dir='ltr'><strong>καὶ</strong></span> <span class='ocrx_word' id='word_1_573' title='bbox 1663 1171 1830 1211; x_wconf 65' lang='grc' dir='ltr'>εἰρωνευόμενοι,</span> 
     </span>
    </p>
   </div>
   <div class='ocr_carea' id='block_1_79' title="bbox 1073 1216 1830 1257">
    <p class='ocr_par' dir='ltr' id='par_1_79' title="bbox 1073 1216 1830 1257">
     <span class='ocr_line' id='line_1_79' title="bbox 1073 1216 1830 1257; baseline -0.001 -11"><span class='ocrx_word' id='word_1_574' title='bbox 1073 1218 1108 1251; x_wconf 85' lang='grc' dir='ltr'><strong>ὡς</strong></span> <span class='ocrx_word' id='word_1_575' title='bbox 1129 1218 1205 1252; x_wconf 77' lang='grc' dir='ltr'>δῆθεν</span> <span class='ocrx_word' id='word_1_576' title='bbox 1231 1217 1409 1257; x_wconf 80' lang='grc' dir='ltr'>μακρόθυμοι,</span> <span class='ocrx_word' id='word_1_577' title='bbox 1434 1218 1536 1256; x_wconf 82' lang='grc' dir='ltr'>μᾶλλον</span> <span class='ocrx_word' id='word_1_578' title='bbox 1561 1216 1657 1251; x_wconf 82' lang='grc' dir='ltr'>αὖτοὺς</span> <span class='ocrx_word' id='word_1_579' title='bbox 1681 1219 1784 1247; x_wconf 74' lang='grc' dir='ltr'>ποιοῦσιν</span> <span class='ocrx_word' id='word_1_580' title='bbox 1805 1217 1830 1245; x_wconf 69' lang='lat' dir='ltr'><strong>’u-</strong></span> 
     </span>
    </p>
   </div>
   <div class='ocr_carea' id='block_1_80' title="bbox 1073 1260 1830 1302">
    <p class='ocr_par' dir='ltr' id='par_1_80' title="bbox 1073 1260 1830 1302">
     <span class='ocr_line' id='line_1_80' title="bbox 1073 1260 1830 1302; baseline -0.003 -11"><span class='ocrx_word' id='word_1_581' title='bbox 1073 1261 1194 1291; x_wconf 82' lang='grc' dir='ltr'>καίεσθαι</span> <span class='ocrx_word' id='word_1_582' title='bbox 1271 1263 1347 1302; x_wconf 76' lang='grc' dir='ltr'>ὀργῇ·</span> <span class='ocrx_word' id='word_1_583' title='bbox 1376 1261 1420 1290; x_wconf 85' lang='grc' dir='ltr'><strong>διὰ</strong></span> <span class='ocrx_word' id='word_1_584' title='bbox 1436 1262 1521 1302; x_wconf 19' lang='grc' dir='ltr'>τοῦτόν</span> <span class='ocrx_word' id='word_1_585' title='bbox 1537 1273 1603 1301; x_wconf 78' lang='grc' dir='ltr'>φησι</span> <span class='ocrx_word' id='word_1_586' title='bbox 1633 1263 1676 1297; x_wconf 78' lang='grc' dir='ltr'>τὸ,</span> <span class='ocrx_word' id='word_1_587' title='bbox 1696 1276 1708 1287; x_wconf 82' lang='grc' dir='ltr'>ι</span> <span class='ocrx_word' id='word_1_588' title='bbox 1731 1260 1830 1300; x_wconf 60' lang='grc' dir='ltr'>Χρηστεύ</span> 
     </span>
    </p>
   </div>
   <div class='ocr_carea' id='block_1_81' title="bbox 1074 1301 1831 1346">
    <p class='ocr_par' dir='ltr' id='par_1_81' title="bbox 1074 1301 1831 1346">
     <span class='ocr_line' id='line_1_81' title="bbox 1074 1301 1831 1346; baseline -0.004 -11"><span class='ocrx_word' id='word_1_589' title='bbox 1074 1317 1145 1342; x_wconf 87' lang='grc' dir='ltr'>εται,</span> <span class='ocrx_word' id='word_1_590' title='bbox 1168 1319 1181 1332; x_wconf 77' lang='grc' dir='ltr'><strong>ιι</strong></span> <span class='ocrx_word' id='word_1_591' title='bbox 1205 1301 1263 1335; x_wconf 71' lang='grc' dir='ltr'>ἀντὶ</span> <span class='ocrx_word' id='word_1_592' title='bbox 1289 1309 1348 1342; x_wconf 73' lang='grc' dir='ltr'>τοῦ,</span> <span class='ocrx_word' id='word_1_593' title='bbox 1371 1306 1489 1346; x_wconf 79' lang='grc' dir='ltr'>χρηστὸν</span> <span class='ocrx_word' id='word_1_594' title='bbox 1513 1301 1575 1342; x_wconf 73' lang='grc' dir='ltr'>ἦθος</span> <span class='ocrx_word' id='word_1_595' title='bbox 1594 1307 1646 1336; x_wconf 78' lang='grc' dir='ltr'><strong>καὶ</strong></span> <span class='ocrx_word' id='word_1_596' title='bbox 1671 1306 1760 1336; x_wconf 79' lang='grc' dir='ltr'>ἄκακον</span> <span class='ocrx_word' id='word_1_597' title='bbox 1781 1304 1831 1333; x_wconf 74' lang='grc' dir='ltr'>ἐνδεί-</span> 
     </span>
    </p>
   </div>
   <div class='ocr_carea' id='block_1_82' title="bbox 1074 1348 1830 1390">
    <p class='ocr_par' dir='ltr' id='par_1_82' title="bbox 1074 1348 1830 1390">
     <span class='ocr_line' id='line_1_82' title="bbox 1074 1348 1830 1390; baseline -0.003 -11"><span class='ocrx_word' id='word_1_598' title='bbox 1074 1361 1182 1380; x_wconf 82' lang='grc' dir='ltr'>κνυται·</span> <span class='ocrx_word' id='word_1_599' title='bbox 1207 1351 1258 1390; x_wconf 79' lang='grc' dir='ltr'>οὐχ</span> <span class='ocrx_word' id='word_1_600' title='bbox 1280 1352 1316 1384; x_wconf 82' lang='grc' dir='ltr'>ὡς</span> <span class='ocrx_word' id='word_1_601' title='bbox 1329 1351 1424 1380; x_wconf 77' lang='grc' dir='ltr'>ἐκεῖνοί</span> <span class='ocrx_word' id='word_1_602' title='bbox 1443 1363 1473 1388; x_wconf 87' lang='grc' dir='ltr'><strong>γε</strong></span> <span class='ocrx_word' id='word_1_603' title='bbox 1489 1352 1513 1380; x_wconf 83' lang='grc' dir='ltr'>οἱ</span> <span class='ocrx_word' id='word_1_604' title='bbox 1532 1352 1666 1389; x_wconf 80' lang='grc' dir='ltr'>ῥηθέντες,</span> <span class='ocrx_word' id='word_1_605' title='bbox 1684 1350 1781 1380; x_wconf 76' lang='grc' dir='ltr'>ὕπουλοι</span> <span class='ocrx_word' id='word_1_606' title='bbox 1802 1348 1830 1377; x_wconf 70' lang='grc' dir='ltr'><strong>καὶ</strong></span> 
     </span>
    </p>
   </div>
   <div class='ocr_carea' id='block_1_83' title="bbox 1073 1390 1831 1435">
    <p class='ocr_par' dir='ltr' id='par_1_83' title="bbox 1073 1390 1831 1435">
     <span class='ocr_line' id='line_1_83' title="bbox 1073 1390 1831 1435; baseline -0.001 -11"><span class='ocrx_word' id='word_1_607' title='bbox 1073 1395 1224 1431; x_wconf 83' lang='grc' dir='ltr'>κακοήθεις.</span> <span class='ocrx_word' id='word_1_608' title='bbox 1255 1396 1350 1426; x_wconf 79' lang='grc' dir='ltr'>Ταῦτα</span> <span class='ocrx_word' id='word_1_609' title='bbox 1377 1395 1405 1425; x_wconf 83' lang='grc' dir='ltr'><strong>δὲ</strong></span> <span class='ocrx_word' id='word_1_610' title='bbox 1431 1390 1489 1425; x_wconf 75' lang='grc' dir='ltr'>εἶπε</span> <span class='ocrx_word' id='word_1_611' title='bbox 1525 1396 1723 1435; x_wconf 82' lang='grc' dir='ltr'>καθαπτόμενος</span> <span class='ocrx_word' id='word_1_612' title='bbox 1754 1396 1794 1424; x_wconf 78' lang='grc' dir='ltr'><strong>τῶν</strong></span> <span class='ocrx_word' id='word_1_613' title='bbox 1816 1394 1831 1421; x_wconf 62' lang='grc' dir='ltr'><em>ὲ</em></span> 
     </span>
    </p>
   </div>
   <div class='ocr_carea' id='block_1_84' title="bbox 1074 1440 1624 1480">
    <p class='ocr_par' dir='ltr' id='par_1_84' title="bbox 1074 1440 1624 1480">
     <span class='ocr_line' id='line_1_84' title="bbox 1074 1440 1624 1480; baseline 0 -11"><span class='ocrx_word' id='word_1_614' title='bbox 1074 1440 1243 1480; x_wconf 79' lang='grc' dir='ltr'>Κορινθίοις⁷</span> <span class='ocrx_word' id='word_1_615' title='bbox 1259 1440 1412 1480; x_wconf 82' lang='grc' dir='ltr'>φιλονείκων</span> <span class='ocrx_word' id='word_1_616' title='bbox 1428 1440 1474 1470; x_wconf 82' lang='grc' dir='ltr'>καὶ</span> <span class='ocrx_word' id='word_1_617' title='bbox 1489 1440 1624 1470; x_wconf 77' lang='grc' dir='ltr'>ὑπούλων.</span> 
     </span>
    </p>
   </div>
   <div class='ocr_carea' id='block_1_85' title="bbox 1114 1481 1829 1524">
    <p class='ocr_par' dir='ltr' id='par_1_85' title="bbox 1114 1481 1829 1524">
     <span class='ocr_line' id='line_1_85' title="bbox 1114 1481 1829 1524; baseline -0.003 -9"><span class='ocrx_word' id='word_1_618' title='bbox 1114 1497 1127 1511; x_wconf 74' lang='grc' dir='ltr'><strong>ε</strong></span> <span class='ocrx_word' id='word_1_619' title='bbox 1142 1486 1183 1515; x_wconf 85' lang='grc' dir='ltr'><strong>Οὖ</strong></span> <span class='ocrx_word' id='word_1_620' title='bbox 1202 1486 1288 1520; x_wconf 82' lang='grc' dir='ltr'>ζηλοῖ.</span> <span class='ocrx_word' id='word_1_621' title='bbox 1308 1498 1319 1511; x_wconf 74' lang='grc' dir='ltr'>υ</span> <span class='ocrx_word' id='word_1_622' title='bbox 1344 1485 1502 1521; x_wconf 83' lang='grc' dir='ltr'>Τουτέστιν,</span> <span class='ocrx_word' id='word_1_623' title='bbox 1528 1486 1556 1514; x_wconf 87' lang='grc' dir='ltr'>οὖ</span> <span class='ocrx_word' id='word_1_624' title='bbox 1581 1484 1727 1524; x_wconf 85' lang='grc' dir='ltr'>βασκαίνει·</span> <span class='ocrx_word' id='word_1_625' title='bbox 1743 1481 1829 1520; x_wconf 66' lang='grc' dir='ltr'>ἐστι’(ἆῦ</span> 
     </span>
    </p>
   </div>
   <div class='ocr_carea' id='block_1_86' title="bbox 1073 1525 1829 1569">
    <p class='ocr_par' dir='ltr' id='par_1_86' title="bbox 1073 1525 1829 1569">
     <span class='ocr_line' id='line_1_86' title="bbox 1073 1525 1829 1569; baseline 0.001 -11"><span class='ocrx_word' id='word_1_626' title='bbox 1073 1529 1119 1558; x_wconf 83' lang='grc' dir='ltr'><strong>καὶ</strong></span> <span class='ocrx_word' id='word_1_627' title='bbox 1138 1529 1309 1568; x_wconf 82' lang='grc' dir='ltr'>μακρόθυμόν</span> <span class='ocrx_word' id='word_1_628' title='bbox 1328 1542 1388 1559; x_wconf 85' lang='grc' dir='ltr'>τινα</span> <span class='ocrx_word' id='word_1_629' title='bbox 1414 1525 1490 1565; x_wconf 72' lang='grc' dir='ltr'>εἶναι,</span> <span class='ocrx_word' id='word_1_630' title='bbox 1512 1529 1558 1558; x_wconf 83' lang='grc' dir='ltr'><strong>καὶ</strong></span> <span class='ocrx_word' id='word_1_631' title='bbox 1575 1525 1829 1569; x_wconf 38' lang='grc' dir='ltr'>βασκαίνεινχᾶλϊῆ</span> 
     </span>
    </p>
   </div>
   <div class='ocr_carea' id='block_1_87' title="bbox 1074 1567 1829 1614">
    <p class='ocr_par' dir='ltr' id='par_1_87' title="bbox 1074 1567 1829 1614">
     <span class='ocr_line' id='line_1_87' title="bbox 1074 1567 1829 1614; baseline -0.001 -12"><span class='ocrx_word' id='word_1_632' title='bbox 1074 1585 1104 1612; x_wconf 87' lang='grc' dir='ltr'><strong>γε</strong></span> <span class='ocrx_word' id='word_1_633' title='bbox 1123 1574 1212 1612; x_wconf 81' lang='grc' dir='ltr'>ἀγάπη</span> <span class='ocrx_word' id='word_1_634' title='bbox 1227 1574 1364 1604; x_wconf 75' lang='grc' dir='ltr'>καὶτοῦτο</span> <span class='ocrx_word' id='word_1_635' title='bbox 1384 1574 1556 1614; x_wconf 75' lang='grc' dir='ltr'>διαπέφευγε.</span> <span class='ocrx_word' id='word_1_636' title='bbox 1580 1576 1670 1605; x_wconf 72' lang='grc' dir='ltr'>Τοῦτο</span> <span class='ocrx_word' id='word_1_637' title='bbox 1693 1574 1718 1604; x_wconf 79' lang='grc' dir='ltr'><strong>δὲ</strong></span> <span class='ocrx_word' id='word_1_638' title='bbox 1739 1567 1794 1611; x_wconf 74' lang='grc' dir='ltr'>εἷπε,</span> <span class='ocrx_word' id='word_1_639' title='bbox 1806 1571 1829 1600; x_wconf 68' lang='grc' dir='ltr'>διὰ</span> 
     </span>
    </p>
   </div>
   <div class='ocr_carea' id='block_1_88' title="bbox 1076 1617 1489 1658">
    <p class='ocr_par' dir='ltr' id='par_1_88' title="bbox 1076 1617 1489 1658">
     <span class='ocr_line' id='line_1_88' title="bbox 1076 1617 1489 1658; baseline 0.002 -10"><span class='ocrx_word' id='word_1_640' title='bbox 1076 1617 1134 1652; x_wconf 82' lang='grc' dir='ltr'>τοὺς</span> <span class='ocrx_word' id='word_1_641' title='bbox 1149 1620 1175 1648; x_wconf 83' lang='grc' dir='ltr'>ἐν</span> <span class='ocrx_word' id='word_1_642' title='bbox 1191 1619 1280 1652; x_wconf 80' lang='grc' dir='ltr'>αὐτοῖς</span> <span class='ocrx_word' id='word_1_643' title='bbox 1298 1618 1311 1638; x_wconf 85' lang='grc'><strong>⁸</strong></span> <span class='ocrx_word' id='word_1_644' title='bbox 1327 1618 1489 1658; x_wconf 72' lang='grc' dir='ltr'>βασκάνους.</span> 
     </span>
    </p>
   </div>
   <div class='ocr_carea' id='block_1_89' title="bbox 1118 1708 1829 1751">
    <p class='ocr_par' dir='ltr' id='par_1_89' title="bbox 1118 1708 1829 1751">
     <span class='ocr_line' id='line_1_89' title="bbox 1118 1708 1829 1751; baseline -0.007 -12"><span class='ocrx_word' id='word_1_645' title='bbox 1118 1720 1134 1739; x_wconf 76' lang='grc' dir='ltr'><strong>α</strong></span> <span class='ocrx_word' id='word_1_646' title='bbox 1145 1710 1186 1740; x_wconf 86' lang='grc' dir='ltr'><strong>Οὔ</strong></span> <span class='ocrx_word' id='word_1_647' title='bbox 1198 1710 1400 1751; x_wconf 67' lang='grc' dir='ltr'>πρπερεόεται.</span> <span class='ocrx_word' id='word_1_648' title='bbox 1420 1720 1435 1738; x_wconf 82' lang='grc' dir='ltr'>ι›</span> <span class='ocrx_word' id='word_1_649' title='bbox 1456 1709 1611 1746; x_wconf 81' lang='grc' dir='ltr'>Τουτέστιν,</span> <span class='ocrx_word' id='word_1_650' title='bbox 1626 1712 1656 1740; x_wconf 81' lang='grc' dir='ltr'>οὗ</span> <span class='ocrx_word' id='word_1_651' title='bbox 1671 1708 1829 1750; x_wconf 72' lang='grc' dir='ltr'>προπετιύεται,</span> 
     </span>
    </p>
   </div>
   <div class='ocr_carea' id='block_1_90' title="bbox 1074 1753 1829 1794">
    <p class='ocr_par' dir='ltr' id='par_1_90' title="bbox 1074 1753 1829 1794">
     <span class='ocr_line' id='line_1_90' title="bbox 1074 1753 1829 1794; baseline -0.004 -10"><span class='ocrx_word' id='word_1_652' title='bbox 1074 1754 1144 1784; x_wconf 74' lang='grc' dir='ltr'>ἀλλὰ</span> <span class='ocrx_word' id='word_1_653' title='bbox 1172 1754 1279 1785; x_wconf 78' lang='grc' dir='ltr'>συνετὸν</span> <span class='ocrx_word' id='word_1_654' title='bbox 1307 1755 1445 1794; x_wconf 76' lang='grc' dir='ltr'>ἐργάζεται</span> <span class='ocrx_word' id='word_1_655' title='bbox 1472 1754 1518 1784; x_wconf 79' lang='grc' dir='ltr'>χαὶ</span> <span class='ocrx_word' id='word_1_656' title='bbox 1546 1755 1679 1794; x_wconf 78' lang='grc' dir='ltr'>βεϐηκότα</span> <span class='ocrx_word' id='word_1_657' title='bbox 1699 1754 1737 1783; x_wconf 81' lang='grc' dir='ltr'><strong>τὸν</strong></span> <span class='ocrx_word' id='word_1_658' title='bbox 1756 1753 1829 1792; x_wconf 68' lang='grc' dir='ltr'>ἔχοντα’</span> 
     </span>
    </p>
   </div>
   <div class='ocr_carea' id='block_1_91' title="bbox 1073 1796 1830 1839">
    <p class='ocr_par' dir='ltr' id='par_1_91' title="bbox 1073 1796 1830 1839">
     <span class='ocr_line' id='line_1_91' title="bbox 1073 1796 1830 1839; baseline -0.004 -9"><span class='ocrx_word' id='word_1_659' title='bbox 1073 1799 1204 1839; x_wconf 84' lang='grc' dir='ltr'>πέρπερος</span> <span class='ocrx_word' id='word_1_660' title='bbox 1224 1798 1237 1818; x_wconf 76' lang='grc' dir='ltr'><strong>θ</strong></span> <span class='ocrx_word' id='word_1_661' title='bbox 1251 1799 1303 1839; x_wconf 85' lang='grc' dir='ltr'><strong>γάρ</strong></span> <span class='ocrx_word' id='word_1_662' title='bbox 1318 1800 1389 1829; x_wconf 81' lang='grc' dir='ltr'>ἐστιν</span> <span class='ocrx_word' id='word_1_663' title='bbox 1410 1801 1425 1828; x_wconf 81' lang='grc' dir='ltr'>ὁ</span> <span class='ocrx_word' id='word_1_664' title='bbox 1439 1799 1677 1839; x_wconf 81' lang='grc' dir='ltr'>μετεωριζόμενος,</span> <span class='ocrx_word' id='word_1_665' title='bbox 1700 1801 1712 1828; x_wconf 79' lang='grc' dir='ltr'>ὁ</span> <span class='ocrx_word' id='word_1_666' title='bbox 1731 1801 1810 1837; x_wconf 74' lang='grc' dir='ltr'>κοῦφος,</span> <span class='ocrx_word' id='word_1_667' title='bbox 1823 1796 1830 1822; x_wconf 61' lang='grc' dir='ltr'><em>ε</em></span> 
     </span>
    </p>
   </div>
   <div class='ocr_carea' id='block_1_92' title="bbox 1074 1842 1828 1885">
    <p class='ocr_par' dir='ltr' id='par_1_92' title="bbox 1074 1842 1828 1885">
     <span class='ocr_line' id='line_1_92' title="bbox 1074 1842 1828 1885; baseline -0.007 -12"><span class='ocrx_word' id='word_1_668' title='bbox 1074 1844 1279 1884; x_wconf 82' lang='grc' dir='ltr'>βλακευόμενος⁶</span> <span class='ocrx_word' id='word_1_669' title='bbox 1304 1843 1350 1873; x_wconf 79' lang='grc' dir='ltr'>καὶ</span> <span class='ocrx_word' id='word_1_670' title='bbox 1372 1848 1447 1874; x_wconf 79' lang='grc' dir='ltr'>τοῦτο</span> <span class='ocrx_word' id='word_1_671' title='bbox 1473 1844 1500 1873; x_wconf 83' lang='grc' dir='ltr'><strong>δὲ</strong></span> <span class='ocrx_word' id='word_1_672' title='bbox 1526 1844 1592 1885; x_wconf 81' lang='grc' dir='ltr'>πρὸς</span> <span class='ocrx_word' id='word_1_673' title='bbox 1619 1844 1677 1877; x_wconf 77' lang='grc' dir='ltr'>τοὺς</span> <span class='ocrx_word' id='word_1_674' title='bbox 1691 1842 1748 1883; x_wconf 82' lang='grc' dir='ltr'>παρ’</span> <span class='ocrx_word' id='word_1_675' title='bbox 1767 1843 1828 1870; x_wconf 70' lang='grc' dir='ltr'>αὐτοῖς</span> 
     </span>
    </p>
   </div>
   <div class='ocr_carea' id='block_1_93' title="bbox 1073 1888 1436 1929">
    <p class='ocr_par' dir='ltr' id='par_1_93' title="bbox 1073 1888 1436 1929">
     <span class='ocr_line' id='line_1_93' title="bbox 1073 1888 1436 1929; baseline 0.003 -11"><span class='ocrx_word' id='word_1_676' title='bbox 1073 1889 1184 1929; x_wconf 76' lang='grc' dir='ltr'>κούφους</span> <span class='ocrx_word' id='word_1_677' title='bbox 1197 1888 1243 1918; x_wconf 78' lang='grc' dir='ltr'>καὶ</span> <span class='ocrx_word' id='word_1_678' title='bbox 1255 1889 1436 1929; x_wconf 79' lang='grc' dir='ltr'>νεωτερικούς.</span> 
     </span>
    </p>
   </div>
   <div class='ocr_carea' id='block_1_94' title="bbox 1114 1928 1827 1974">
    <p class='ocr_par' dir='ltr' id='par_1_94' title="bbox 1114 1928 1827 1974">
     <span class='ocr_line' id='line_1_94' title="bbox 1114 1928 1827 1974; baseline 0.004 -12"><span class='ocrx_word' id='word_1_679' title='bbox 1114 1928 1132 1962; x_wconf 17' lang='grc'><strong>«7</strong></span> <span class='ocrx_word' id='word_1_680' title='bbox 1145 1934 1186 1964; x_wconf 86' lang='grc' dir='ltr'>Οὖ</span> <span class='ocrx_word' id='word_1_681' title='bbox 1201 1928 1349 1974; x_wconf 76' lang='grc' dir='ltr'>φυσιοῦται.</span> <span class='ocrx_word' id='word_1_682' title='bbox 1367 1944 1381 1962; x_wconf 81' lang='lat'><strong>»</strong></span> <span class='ocrx_word' id='word_1_683' title='bbox 1401 1933 1482 1963; x_wconf 76' lang='grc' dir='ltr'>Ἔστι</span> <span class='ocrx_word' id='word_1_684' title='bbox 1498 1933 1549 1974; x_wconf 85' lang='grc' dir='ltr'><strong>γὰρ</strong></span> <span class='ocrx_word' id='word_1_685' title='bbox 1566 1934 1601 1963; x_wconf 74' lang='grc' dir='ltr'><strong>τὰ</strong></span> <span class='ocrx_word' id='word_1_686' title='bbox 1623 1931 1786 1974; x_wconf 69' lang='grc' dir='ltr'>προειρημένα</span> <span class='ocrx_word' id='word_1_687' title='bbox 1798 1928 1827 1965; x_wconf 62' lang='grc' dir='ltr'><strong>μέν</strong></span> 
     </span>
    </p>
   </div>
   <div class='ocr_carea' id='block_1_95' title="bbox 1072 1974 1825 2019">
    <p class='ocr_par' dir='ltr' id='par_1_95' title="bbox 1072 1974 1825 2019">
     <span class='ocr_line' id='line_1_95' title="bbox 1072 1974 1825 2019; baseline -0.004 -11"><span class='ocrx_word' id='word_1_688' title='bbox 1072 1977 1161 2008; x_wconf 76' lang='grc' dir='ltr'>πάντα</span> <span class='ocrx_word' id='word_1_689' title='bbox 1187 1978 1274 2018; x_wconf 78' lang='grc' dir='ltr'>ἀγαθὰ</span> <span class='ocrx_word' id='word_1_690' title='bbox 1291 1977 1372 2018; x_wconf 75' lang='grc' dir='ltr'>ἔχειν,</span> <span class='ocrx_word' id='word_1_691' title='bbox 1395 1981 1552 2019; x_wconf 71' lang='grc' dir='ltr'>φυσιοῦσθαι</span> <span class='ocrx_word' id='word_1_692' title='bbox 1567 1979 1595 2008; x_wconf 86' lang='grc' dir='ltr'><strong>δὲ</strong></span> <span class='ocrx_word' id='word_1_693' title='bbox 1622 1978 1667 2009; x_wconf 78' lang='grc' dir='ltr'>ἐπὶ</span> <span class='ocrx_word' id='word_1_694' title='bbox 1680 1978 1776 2009; x_wconf 67' lang='grc' dir='ltr'><strong>τούτοις⁸</strong></span> <span class='ocrx_word' id='word_1_695' title='bbox 1788 1974 1825 2002; x_wconf 72' lang='grc' dir='ltr'>ἀλλ’</span> 
     </span>
    </p>
   </div>
   <div class='ocr_carea' id='block_1_96' title="bbox 1070 2019 1827 2064">
    <p class='ocr_par' dir='ltr' id='par_1_96' title="bbox 1070 2019 1827 2064">
     <span class='ocr_line' id='line_1_96' title="bbox 1070 2019 1827 2064; baseline -0.007 -12"><span class='ocrx_word' id='word_1_696' title='bbox 1070 2025 1088 2059; x_wconf 74' lang='grc' dir='ltr'><strong>ἡ</strong></span> <span class='ocrx_word' id='word_1_697' title='bbox 1103 2022 1196 2062; x_wconf 82' lang='grc' dir='ltr'>ἀγάπη</span> <span class='ocrx_word' id='word_1_698' title='bbox 1211 2023 1271 2053; x_wconf 78' lang='grc' dir='ltr'>οὐδὲ</span> <span class='ocrx_word' id='word_1_699' title='bbox 1294 2025 1372 2052; x_wconf 72' lang='grc' dir='ltr'>τοῦτο</span> <span class='ocrx_word' id='word_1_700' title='bbox 1391 2023 1458 2064; x_wconf 77' lang='grc' dir='ltr'>ἔχει,</span> <span class='ocrx_word' id='word_1_701' title='bbox 1484 2024 1555 2053; x_wconf 79' lang='grc' dir='ltr'>ἀλλὰ</span> <span class='ocrx_word' id='word_1_702' title='bbox 1579 2023 1648 2061; x_wconf 84' lang='grc' dir='ltr'>μετὰ</span> <span class='ocrx_word' id='word_1_703' title='bbox 1671 2024 1719 2052; x_wconf 74' lang='grc' dir='ltr'><strong>τῶν</strong></span> <span class='ocrx_word' id='word_1_704' title='bbox 1735 2019 1827 2062; x_wconf 61' lang='grc' dir='ltr'>ῥηθέντων</span> 
     </span>
    </p>
   </div>
   <div class='ocr_carea' id='block_1_97' title="bbox 1072 2064 1827 2108">
    <p class='ocr_par' dir='ltr' id='par_1_97' title="bbox 1072 2064 1827 2108">
     <span class='ocr_line' id='line_1_97' title="bbox 1072 2064 1827 2108; baseline -0.001 -10"><span class='ocrx_word' id='word_1_705' title='bbox 1072 2069 1178 2107; x_wconf 79' lang='grc' dir='ltr'>ἀγαθῶν</span> <span class='ocrx_word' id='word_1_706' title='bbox 1215 2069 1424 2108; x_wconf 66' lang='grc' dir='ltr'>ταπεινοφρονεῖ.</span> <span class='ocrx_word' id='word_1_707' title='bbox 1469 2068 1540 2108; x_wconf 82' lang='grc' dir='ltr'>Πρὸς</span> <span class='ocrx_word' id='word_1_708' title='bbox 1579 2067 1608 2098; x_wconf 74' lang='grc' dir='ltr'><strong>δὲ</strong></span> <span class='ocrx_word' id='word_1_709' title='bbox 1647 2068 1704 2101; x_wconf 85' lang='grc' dir='ltr'>τοὺς</span> <span class='ocrx_word' id='word_1_710' title='bbox 1732 2064 1827 2097; x_wconf 58' lang='grc' dir='ltr'>ἀλαζόνας</span> 
     </span>
    </p>
   </div>
   <div class='ocr_carea' id='block_1_98' title="bbox 1073 2123 1160 2143">
    <p class='ocr_par' dir='ltr' id='par_1_98' title="bbox 1073 2123 1160 2143">
     <span class='ocr_line' id='line_1_98' title="bbox 1073 2123 1160 2143; baseline 0.011 -1"><span class='ocrx_word' id='word_1_711' title='bbox 1073 2123 1160 2143; x_wconf 82' lang='grc' dir='ltr'>τουτο.</span> 
     </span>
    </p>
   </div>
   <div class='ocr_carea' id='block_1_99' title="bbox 1117 2153 1828 2198">
    <p class='ocr_par' dir='ltr' id='par_1_99' title="bbox 1117 2153 1828 2198">
     <span class='ocr_line' id='line_1_99' title="bbox 1117 2153 1828 2198; baseline -0.01 -12"><span class='ocrx_word' id='word_1_712' title='bbox 1117 2167 1132 2186; x_wconf 89' lang='grc' dir='ltr'>(ι</span> <span class='ocrx_word' id='word_1_713' title='bbox 1147 2157 1206 2188; x_wconf 82' lang='grc' dir='ltr'><strong>Οὔκ</strong></span> <span class='ocrx_word' id='word_1_714' title='bbox 1218 2158 1377 2198; x_wconf 81' lang='grc' dir='ltr'>ἀσχημονεῖ.</span> <span class='ocrx_word' id='word_1_715' title='bbox 1391 2168 1406 2185; x_wconf 78' lang='grc' dir='ltr'>ι)</span> <span class='ocrx_word' id='word_1_716' title='bbox 1425 2157 1578 2195; x_wconf 82' lang='grc' dir='ltr'>Τουτέστιν,</span> <span class='ocrx_word' id='word_1_717' title='bbox 1592 2158 1621 2187; x_wconf 85' lang='grc' dir='ltr'>οὗ</span> <span class='ocrx_word' id='word_1_718' title='bbox 1635 2157 1709 2196; x_wconf 86' lang='grc' dir='ltr'>μόνον</span> <span class='ocrx_word' id='word_1_719' title='bbox 1719 2156 1744 2184; x_wconf 61' lang='grc' dir='ltr'>αὖ</span> <span class='ocrx_word' id='word_1_720' title='bbox 1753 2153 1828 2198; x_wconf 51' lang='grc' dir='ltr'>φυσιοῖ-</span> 
     </span>
    </p>
   </div>
   <div class='ocr_carea' id='block_1_100' title="bbox 1036 2195 1828 2248">
    <p class='ocr_par' dir='ltr' id='par_1_100' title="bbox 1036 2195 1828 2248">
     <span class='ocr_line' id='line_1_100' title="bbox 1036 2195 1828 2248; baseline -0.003 -17"><span class='ocrx_word' id='word_1_721' title='bbox 1036 2217 1061 2248; x_wconf 78' lang='lat' dir='ltr'><strong>D</strong></span> <span class='ocrx_word' id='word_1_722' title='bbox 1076 2213 1132 2239; x_wconf 87' lang='grc' dir='ltr'>ται,</span> <span class='ocrx_word' id='word_1_723' title='bbox 1145 2195 1307 2248; x_wconf 45' lang='grc' dir='ltr'>ἀλλἐἴ-καὶ</span> <span class='ocrx_word' id='word_1_724' title='bbox 1331 2202 1364 2231; x_wconf 83' lang='grc' dir='ltr'><strong>τὰ</strong></span> <span class='ocrx_word' id='word_1_725' title='bbox 1384 2201 1510 2248; x_wconf 76' lang='grc' dir='ltr'>αἴσχιστα</span> <span class='ocrx_word' id='word_1_726' title='bbox 1535 2202 1613 2231; x_wconf 83' lang='grc' dir='ltr'>πάθοι</span> <span class='ocrx_word' id='word_1_727' title='bbox 1637 2195 1679 2232; x_wconf 75' lang='grc' dir='ltr'><strong>διὰ</strong></span> <span class='ocrx_word' id='word_1_728' title='bbox 1700 2200 1741 2248; x_wconf 62' lang='grc' dir='ltr'><strong>τὸν</strong></span> <span class='ocrx_word' id='word_1_729' title='bbox 1753 2195 1828 2245; x_wconf 42' lang='lat' dir='ltr'><strong>ﬁrmi:</strong></span> 
     </span>
    </p>
   </div>
   <div class='ocr_carea' id='block_1_101' title="bbox 1078 2238 1828 2287">
    <p class='ocr_par' dir='ltr' id='par_1_101' title="bbox 1078 2238 1828 2287">
     <span class='ocr_line' id='line_1_101' title="bbox 1078 2238 1828 2287; baseline 0.001 -11"><span class='ocrx_word' id='word_1_730' title='bbox 1078 2257 1166 2285; x_wconf 82' lang='grc' dir='ltr'>μενον,</span> <span class='ocrx_word' id='word_1_731' title='bbox 1190 2247 1240 2287; x_wconf 83' lang='grc' dir='ltr'><strong>οὗχ</strong></span> <span class='ocrx_word' id='word_1_732' title='bbox 1273 2248 1379 2286; x_wconf 77' lang='grc' dir='ltr'>ἡγεῖται</span> <span class='ocrx_word' id='word_1_733' title='bbox 1409 2247 1439 2276; x_wconf 83' lang='grc' dir='ltr'><strong>τὸ</strong></span> <span class='ocrx_word' id='word_1_734' title='bbox 1464 2251 1577 2286; x_wconf 79' lang='grc' dir='ltr'>πρᾶγμα</span> <span class='ocrx_word' id='word_1_735' title='bbox 1610 2244 1781 2286; x_wconf 74' lang='grc' dir='ltr'>ἀσχημοσύνην</span> <span class='ocrx_word' id='word_1_736' title='bbox 1802 2238 1828 2267; x_wconf 48' lang='grc' dir='ltr'><strong>ὐἱ</strong></span> 
     </span>
    </p>
   </div>
   <div class='ocr_carea' id='block_1_102' title="bbox 1072 2285 1850 2331">
    <p class='ocr_par' dir='ltr' id='par_1_102' title="bbox 1072 2285 1850 2331">
     <span class='ocr_line' id='line_1_102' title="bbox 1072 2285 1850 2331; baseline 0.003 -11"><span class='ocrx_word' id='word_1_737' title='bbox 1072 2290 1188 2326; x_wconf 76' lang='grc' dir='ltr'>ἀδοξίαν·</span> <span class='ocrx_word' id='word_1_738' title='bbox 1207 2285 1302 2331; x_wconf 70' lang='grc' dir='ltr'>ὥσπερ</span> <span class='ocrx_word' id='word_1_739' title='bbox 1321 2291 1368 2321; x_wconf 82' lang='grc' dir='ltr'><strong>καὶ</strong></span> <span class='ocrx_word' id='word_1_740' title='bbox 1392 2293 1406 2320; x_wconf 83' lang='grc' dir='ltr'>ὁ</span> <span class='ocrx_word' id='word_1_741' title='bbox 1428 2285 1545 2331; x_wconf 61' lang='grc' dir='ltr'>Χριστος</span> <span class='ocrx_word' id='word_1_742' title='bbox 1578 2291 1622 2321; x_wconf 77' lang='grc' dir='ltr'><strong>διὰ</strong></span> <span class='ocrx_word' id='word_1_743' title='bbox 1707 2287 1828 2331; x_wconf 19' lang='grc' dir='ltr'>πρὸςνῇμεί</span> 
     </span>
    </p>
   </div>
   <div class='ocr_carea' id='block_1_103' title="bbox 1074 2329 1829 2377">
    <p class='ocr_par' dir='ltr' id='par_1_103' title="bbox 1074 2329 1829 2377">
     <span class='ocr_line' id='line_1_103' title="bbox 1074 2329 1829 2377; baseline -0.001 -12"><span class='ocrx_word' id='word_1_744' title='bbox 1074 2334 1182 2374; x_wconf 80' lang='grc' dir='ltr'>ἀγάπην</span> <span class='ocrx_word' id='word_1_745' title='bbox 1207 2336 1252 2366; x_wconf 83' lang='grc' dir='ltr'><strong>τὸν</strong></span> <span class='ocrx_word' id='word_1_746' title='bbox 1278 2335 1374 2374; x_wconf 82' lang='grc' dir='ltr'>ἄτιμον</span> <span class='ocrx_word' id='word_1_747' title='bbox 1399 2336 1511 2376; x_wconf 83' lang='grc' dir='ltr'>σταυρὸν</span> <span class='ocrx_word' id='word_1_748' title='bbox 1538 2337 1567 2365; x_wconf 88' lang='grc' dir='ltr'><strong>οὐ</strong></span> <span class='ocrx_word' id='word_1_749' title='bbox 1597 2335 1674 2374; x_wconf 83' lang='grc' dir='ltr'>μόνον</span> <span class='ocrx_word' id='word_1_750' title='bbox 1697 2329 1829 2377; x_wconf 59' lang='grc' dir='ltr'>κατεδέξατξν</span> 
     </span>
    </p>
   </div>
   <div class='ocr_carea' id='block_1_104' title="bbox 1073 2374 1827 2422">
    <p class='ocr_par' dir='ltr' id='par_1_104' title="bbox 1073 2374 1827 2422">
     <span class='ocr_line' id='line_1_104' title="bbox 1073 2374 1827 2422; baseline -0.005 -12"><span class='ocrx_word' id='word_1_751' title='bbox 1073 2380 1144 2410; x_wconf 71' lang='grc' dir='ltr'>ἀλλὰ</span> <span class='ocrx_word' id='word_1_752' title='bbox 1158 2380 1204 2411; x_wconf 84' lang='grc' dir='ltr'>καὶ</span> <span class='ocrx_word' id='word_1_753' title='bbox 1223 2380 1300 2416; x_wconf 76' lang='grc' dir='ltr'>δόξαν</span> <span class='ocrx_word' id='word_1_754' title='bbox 1315 2380 1415 2411; x_wconf 82' lang='grc' dir='ltr'>οἰκείαν</span> <span class='ocrx_word' id='word_1_755' title='bbox 1430 2374 1560 2419; x_wconf 69' lang='grc' dir='ltr'>ἡγῆσατο.</span> <span class='ocrx_word' id='word_1_756' title='bbox 1584 2380 1695 2416; x_wconf 83' lang='grc' dir='ltr'>Νοήσεις</span> <span class='ocrx_word' id='word_1_757' title='bbox 1708 2378 1732 2407; x_wconf 83' lang='grc' dir='ltr'><strong>δὲ</strong></span> <span class='ocrx_word' id='word_1_758' title='bbox 1746 2374 1782 2422; x_wconf 77' lang='grc' dir='ltr'>καὶ</span> 
     </span>
    </p>
   </div>
   <div class='ocr_carea' id='block_1_105' title="bbox 1072 2418 1825 2469">
    <p class='ocr_par' dir='ltr' id='par_1_105' title="bbox 1072 2418 1825 2469">
     <span class='ocr_line' id='line_1_105' title="bbox 1072 2418 1825 2469; baseline 0 -16"><span class='ocrx_word' id='word_1_759' title='bbox 1072 2436 1110 2453; x_wconf 84' lang='grc' dir='ltr'>τω</span> <span class='ocrx_word' id='word_1_760' title='bbox 1120 2425 1163 2462; x_wconf 80' lang='grc' dir='ltr'>τὸ,</span> <span class='ocrx_word' id='word_1_761' title='bbox 1183 2435 1198 2454; x_wconf 76' lang='lat'><strong>¢</strong></span> <span class='ocrx_word' id='word_1_762' title='bbox 1212 2425 1272 2456; x_wconf 82' lang='grc' dir='ltr'><strong>οὔκ</strong></span> <span class='ocrx_word' id='word_1_763' title='bbox 1287 2425 1448 2465; x_wconf 79' lang='grc' dir='ltr'>ἀσχημονεῖ,</span> <span class='ocrx_word' id='word_1_764' title='bbox 1469 2438 1481 2451; x_wconf 78' lang='grc' dir='ltr'><strong>ιι</strong></span> <span class='ocrx_word' id='word_1_765' title='bbox 1500 2425 1560 2454; x_wconf 79' lang='grc' dir='ltr'>ἀντὶ</span> <span class='ocrx_word' id='word_1_766' title='bbox 1571 2428 1626 2462; x_wconf 77' lang='grc' dir='ltr'>τοῦ,</span> <span class='ocrx_word' id='word_1_767' title='bbox 1638 2425 1685 2463; x_wconf 78' lang='grc' dir='ltr'>οὐχ</span> <span class='ocrx_word' id='word_1_768' title='bbox 1697 2420 1789 2469; x_wconf 59' lang='grc' dir='ltr'>ὑϐρίζει·</span> <span class='ocrx_word' id='word_1_769' title='bbox 1799 2418 1825 2469; x_wconf 52' lang='grc' dir='ltr'><strong>(ξθ</strong></span> 
     </span>
    </p>
   </div>
   <div class='ocr_carea' id='block_1_106' title="bbox 1073 2465 1826 2510">
    <p class='ocr_par' dir='ltr' id='par_1_106' title="bbox 1073 2465 1826 2510">
     <span class='ocr_line' id='line_1_106' title="bbox 1073 2465 1826 2510; baseline 0.003 -12"><span class='ocrx_word' id='word_1_770' title='bbox 1073 2469 1114 2499; x_wconf 86' lang='grc' dir='ltr'>δὲν</span> <span class='ocrx_word' id='word_1_771' title='bbox 1145 2468 1197 2509; x_wconf 79' lang='grc' dir='ltr'><strong>γὰρ</strong></span> <span class='ocrx_word' id='word_1_772' title='bbox 1227 2468 1462 2510; x_wconf 75' lang='grc' dir='ltr'>ἀσχημονέστερον</span> <span class='ocrx_word' id='word_1_773' title='bbox 1488 2470 1624 2510; x_wconf 78' lang='grc' dir='ltr'>ὑϐριστοῦ.</span> <span class='ocrx_word' id='word_1_774' title='bbox 1657 2467 1723 2508; x_wconf 83' lang='grc' dir='ltr'>Πρὸς</span> <span class='ocrx_word' id='word_1_775' title='bbox 1744 2465 1767 2494; x_wconf 70' lang='grc' dir='ltr'><strong>δέ</strong></span> <span class='ocrx_word' id='word_1_776' title='bbox 1789 2465 1826 2490; x_wconf 53' lang='grc' dir='ltr'>πθ(</span> 
     </span>
    </p>
   </div>
   <div class='ocr_carea' id='block_1_107' title="bbox 1073 2514 1412 2554">
    <p class='ocr_par' dir='ltr' id='par_1_107' title="bbox 1073 2514 1412 2554">
     <span class='ocr_line' id='line_1_107' title="bbox 1073 2514 1412 2554; baseline 0.006 -11"><span class='ocrx_word' id='word_1_777' title='bbox 1073 2514 1310 2554; x_wconf 76' lang='grc' dir='ltr'>ἀσυγκαταεάτους</span> <span class='ocrx_word' id='word_1_778' title='bbox 1322 2517 1412 2546; x_wconf 80' lang='grc' dir='ltr'>τοῦτο.</span> 
     </span>
    </p>
   </div>
   <div class='ocr_carea' id='block_1_108' title="bbox 1115 2593 1824 2643">
    <p class='ocr_par' dir='ltr' id='par_1_108' title="bbox 1115 2593 1824 2643">
     <span class='ocr_line' id='line_1_108' title="bbox 1115 2593 1824 2643; baseline -0.003 -12"><span class='ocrx_word' id='word_1_779' title='bbox 1115 2613 1131 2631; x_wconf 78' lang='grc' dir='ltr'><strong>α</strong></span> <span class='ocrx_word' id='word_1_780' title='bbox 1144 2603 1185 2633; x_wconf 85' lang='grc' dir='ltr'><strong>Οὖ</strong></span> <span class='ocrx_word' id='word_1_781' title='bbox 1201 2604 1276 2639; x_wconf 84' lang='grc' dir='ltr'>ζητεῖ</span> <span class='ocrx_word' id='word_1_782' title='bbox 1288 2602 1323 2633; x_wconf 76' lang='grc' dir='ltr'><strong>τὰ</strong></span> <span class='ocrx_word' id='word_1_783' title='bbox 1346 2605 1460 2641; x_wconf 78' lang='grc' dir='ltr'>ἑαυτῆς,</span> <span class='ocrx_word' id='word_1_784' title='bbox 1487 2604 1517 2633; x_wconf 82' lang='grc' dir='ltr'>οὖ</span> <span class='ocrx_word' id='word_1_785' title='bbox 1541 2602 1721 2643; x_wconf 81' lang='grc' dir='ltr'>παροξύνεται.</span> <span class='ocrx_word' id='word_1_786' title='bbox 1745 2612 1756 2624; x_wconf 80' lang='grc' dir='ltr'><strong>ι</strong></span> 
     </span>
    </p>
   </div>
   <div class='ocr_carea' id='block_1_109' title="bbox 1069 2638 1823 2689">
    <p class='ocr_par' dir='ltr' id='par_1_109' title="bbox 1069 2638 1823 2689">
     <span class='ocr_line' id='line_1_109' title="bbox 1069 2638 1823 2689; baseline 0 -12"><span class='ocrx_word' id='word_1_787' title='bbox 1069 2646 1114 2677; x_wconf 79' lang='grc' dir='ltr'><strong>τὸν</strong></span> <span class='ocrx_word' id='word_1_788' title='bbox 1128 2638 1245 2689; x_wconf 79' lang='grc' dir='ltr'>τρόπον,</span> <span class='ocrx_word' id='word_1_789' title='bbox 1270 2649 1326 2682; x_wconf 75' lang='grc' dir='ltr'><strong>πῶς</strong></span> <span class='ocrx_word' id='word_1_790' title='bbox 1341 2649 1390 2678; x_wconf 83' lang='grc' dir='ltr'>οὐκ</span> <span class='ocrx_word' id='word_1_791' title='bbox 1403 2638 1562 2689; x_wconf 42' lang='grc' dir='ltr'>ἀσχημονεῖ.</span> <span class='ocrx_word' id='word_1_792' title='bbox 1578 2638 1658 2685; x_wconf 65' lang='grc' dir='ltr'>⁵ου,</span> <span class='ocrx_word' id='word_1_793' title='bbox 1675 2644 1746 2687; x_wconf 67' lang='grc' dir='ltr'>φησὶ,</span> <span class='ocrx_word' id='word_1_794' title='bbox 1763 2640 1786 2670; x_wconf 67' lang='grc' dir='ltr'><strong>τὸ</strong></span> <span class='ocrx_word' id='word_1_795' title='bbox 1797 2638 1823 2666; x_wconf 46' lang='grc' dir='ltr'><strong>οἷ’</strong></span> 
     </span>
    </p>
   </div>
   <div class='ocr_carea' id='block_1_110' title="bbox 912 2771 1184 2804">
    <p class='ocr_par' dir='ltr' id='par_1_110' title="bbox 912 2771 1184 2804">
     <span class='ocr_line' id='line_1_110' title="bbox 912 2771 1184 2804; baseline 0.018 -5"><span class='ocrx_word' id='word_1_796' title='bbox 912 2771 1006 2802; x_wconf 85' lang='lat' dir='ltr'><strong>Variae</strong></span> <span class='ocrx_word' id='word_1_797' title='bbox 1028 2772 1169 2803; x_wconf 88' lang='lat' dir='ltr'><strong>lectiones</strong></span> <span class='ocrx_word' id='word_1_798' title='bbox 1176 2797 1184 2804; x_wconf 96' lang='lat'><strong>.</strong></span> 
     </span>
    </p>
   </div>
   <div class='ocr_carea' id='block_1_111' title="bbox 249 2808 817 2846">
    <p class='ocr_par' dir='ltr' id='par_1_111' title="bbox 249 2808 817 2846">
     <span class='ocr_line' id='line_1_111' title="bbox 249 2808 817 2846; baseline 0.009 -13"><span class='ocrx_word' id='word_1_799' title='bbox 249 2808 260 2824; x_wconf 89' lang='grc'><strong>’¹</strong></span> <span class='ocrx_word' id='word_1_800' title='bbox 275 2809 386 2845; x_wconf 83' lang='grc' dir='ltr'>Κορίνθῳ</span> <span class='ocrx_word' id='word_1_801' title='bbox 399 2817 424 2837; x_wconf 90' lang='grc' dir='ltr'>ο,</span> <span class='ocrx_word' id='word_1_802' title='bbox 463 2809 473 2826; x_wconf 81' lang='grc'>⁸</span> <span class='ocrx_word' id='word_1_803' title='bbox 486 2809 548 2846; x_wconf 74' lang='grc' dir='ltr'>αὖτῇ</span> <span class='ocrx_word' id='word_1_804' title='bbox 560 2819 587 2838; x_wconf 91' lang='lat'><strong>0.</strong></span> <span class='ocrx_word' id='word_1_805' title='bbox 625 2811 636 2828; x_wconf 79' lang='grc'>⁹</span> <span class='ocrx_word' id='word_1_806' title='bbox 650 2810 778 2846; x_wconf 71' lang='grc' dir='ltr'>ὑπέρτερος</span> <span class='ocrx_word' id='word_1_807' title='bbox 789 2819 817 2838; x_wconf 88' lang='grc' dir='ltr'>ο.</span> 
     </span>
    </p>
   </div>
  </div>
