1867 3081
39 180 89 207 729

483 178 661 207 EXPOSITIO
679 178 713 206 IN
732 179 838 207 EPIST.
859 178 930 206 [AD
951 178 1030 206 COR.
1051 192 1085 198 —
1105 177 1179 204 CAP.
1199 177 1272 204 Xlli.

1630 178 1683 205 730

39 245 107 271 κεὶον
123 240 259 282 συμφέρον
283 242 313 270 οὖ
336 243 417 277 ζητεῖ,
443 241 513 270 ἀλλὰ
532 241 563 271 τὸ
585 245 632 272 τοῦ
645 241 767 278 πλησίον·
790 241 833 271 καὶ

923 240 994 275 ium,
1006 239 1109 276 inquit,
1116 238 1296 267 commodum
1306 246 1363 267 non
1370 239 1478 275 qumrit,
1490 239 1538 267 sed
1547 239 1665 275 proximi
1675 249 1683 273 ;

39 286 228 326 ἀσχημοσύνην
253 286 313 316 τότε
343 286 368 305 ⁴⁰
392 288 513 325 ἡγεῖται,
542 286 605 316 ὅταν
629 287 831 327 ἀσχημονοῦντα

39 331 80 360 τὸν
93 330 206 367 πλησίον
222 330 260 368 μὴ
275 331 426 371 ἀπαλλάξῃ.
444 332 530 361 Τοῦτο
549 331 576 360 δὲ
599 331 663 370 πρὸς
677 331 736 364 τοὺς
751 332 831 371 ὓπερα

40 377 150 415 ορῶντας
196 377 246 405 τῶν
289 377 400 405 λοιπῶν.
439 376 508 405 Ἀλλ’
544 376 602 406 οὐδὲ
640 376 831 415 παροξύνεται,

41 418 127 456 ἐπειδὴ
158 420 209 450 οὐκ
235 421 396 460 ἀσχημονεῖ.
430 421 507 461 Ἀνὴρ
535 421 586 460 γὰρ
615 421 748 458 θυμώδης,
784 421 832 449 οὐκ

41 465 191 504 εὐσχήμων.
206 464 292 495 ⁴Ὧστε
307 466 355 494 οὐκ
373 467 520 505 ἀσχημονεῖ
534 468 551 501 ἡ
567 466 674 505 ἀγάπη,
694 466 761 495 διότι
775 464 833 495 οὐδὲ

41 508 221 548 παροξύνεται·
239 510 391 546 τουτέστιν,
418 513 466 540 οὐκ
484 511 609 550 ammte
624 511 660 544 εἷς
688 511 708 528 ¹¹
743 510 832 550 ὀργήν.

41 555 122 584 Τοῦτο
133 554 200 594 πρὸς
213 553 273 588 τοὺς
287 554 480 595 ὑϐριζομένους.

77 658 88 671 ι
103 646 145 676 Οὖ
159 645 294 684 λογίζεται
307 645 338 675 τὸ
359 645 451 677 κακόν.
466 659 478 672 υ
495 646 601 685 Πάντα,
616 646 680 686 φησὶ
690 668 698 683 ,
716 645 749 676 τὰ
762 647 834 676 κακὰ

42 689 189 730 πάσχουσα,
217 691 247 719 οὗ
268 690 443 730 παροξύνεται
463 691 500 724 εἷς
523 690 614 731 ὀργήν·
639 691 685 720 καὶ
705 692 735 720 οὗ
756 692 834 730 μόνον

41 735 84 763 οὖιι
106 735 296 774 ἀντεργάζεται
321 735 347 752 ⁴²
374 736 404 765 τὸ
432 735 513 765 κακὸν
542 735 606 776 πρὸς
635 736 753 774 ἄμυναν,
776 737 835 766 ἀλλ’

43 779 96 809 οὐδὲ
122 780 266 820 λογίζεται.
282 779 357 819 "Ope:
383 780 410 810 δὲ
434 785 583 820 πανταχοῦ,
609 783 666 814 πῶς
694 782 723 811 οὐ
750 781 834 821 λέγει,

41 823 107 860 ὅτιῆ
131 826 225 864 ἀγάπη
254 825 329 860 ζηλοῖ
350 825 407 863 μὲν,
428 826 498 855 ἀλλὰ
523 825 695 864 περιγίνεται·
723 826 740 862 ἢ
765 838 834 867 παρ-

885 289 913 313 et
937 285 1140 314 deformitatem
1162 288 1224 312 tum
1240 283 1361 312 maxime
1382 287 1461 319 putat
1487 291 1557 317 esse,
1574 293 1639 312 cum
1667 292 1682 312 a

886 329 1054 366 turpitudine
1069 329 1227 365 proximum
1239 336 1295 356 non
1319 328 1445 356 arcuerit.
1463 329 1524 356 Hoc
1539 336 1603 356 vero
1616 337 1664 364 spe

885 379 941 403 ctat
967 374 1002 403 ad
1028 382 1075 402 eos
1098 374 1144 410 qui
1169 373 1286 409 reliquos
1299 372 1522 401 contemnebant.
1543 374 1581 400 At
1594 381 1682 409 neque

887 420 1020 455 irritatur,
1037 420 1263 458 quandoquidem
1285 427 1314 447 se
1326 419 1505 455 incomposite
1523 427 1579 447 non
1601 421 1682 455 gerit.

885 467 936 495 Vir
957 467 1032 494 enim
1056 465 1204 494 iracundus
1221 473 1277 492 non
1289 469 1331 492 est
1348 464 1472 492 decorus.
1489 463 1609 492 Proinde
1623 472 1679 493 non

888 514 1004 549 turpiter
1030 513 1086 549 agit
1102 512 1230 544 charitas,
1245 511 1309 547 quia
1332 519 1389 539 non
1412 511 1601 544 exacerbatur,
1628 511 1682 540 hoc

888 565 940 594 est,
949 560 975 588 in
986 560 1054 588 iram
1066 567 1123 588 non
1133 558 1250 595 prosilit.
1263 559 1324 586 Hoc
1337 557 1402 586 facit
1414 565 1464 594 pro
1475 558 1507 586 iis
1520 558 1568 594 qui
1579 558 1679 595 injuria

889 607 1059 635 afﬁciuntur.

926 663 939 676 ι
964 653 1026 679 Νοιι
1049 651 1151 687 cogitat
1165 650 1279 678 malum.
1308 661 1322 674 ν
1350 650 1463 684 Omnia,
1489 650 1589 687 inquit,
1611 651 1686 680 mala

890 696 997 732 patiens
1020 704 1077 724 non
1091 695 1269 724 exacerbatur
1291 694 1325 723 ad
1341 694 1513 723 iracundiam
1543 704 1550 722 :
1576 699 1604 723 et
1627 704 1682 724 non

890 742 980 769 solum
1002 749 1059 769 non
1077 745 1175 768 contra
1194 740 1260 768 mali
1278 739 1421 776 quidpiam
1436 740 1562 774 molitur,
1578 744 1609 768 ut
1625 749 1684 768 sese

891 785 1044 818 ulciscatur,
1071 785 1118 813 sed
1132 793 1166 812 ne
1191 785 1294 821 cogitat
1307 784 1430 820 quidem.
1445 784 1566 813 Observa
1591 789 1683 814 autem

891 830 1011 866 undique
1019 830 1158 866 quomodo
1167 837 1222 857 non
1233 829 1314 862 dicat,
1328 829 1402 865 quod
1409 829 1531 858 charitas
1540 830 1686 858 aemuletur

42 867 153 902 οξύνεται
167 870 227 908 μὲν,
247 870 316 899 ἀλλὰ
331 874 434 909 κρατεῖ·
447 870 516 900 ἀλλὰ
531 870 589 900 οὐδὲ
604 870 650 906 τὴν
667 871 766 911 ἀρχὴν,
783 883 833 912 φη-

923 875 1014 908 Iidem,
1027 874 1075 903 sed
1089 874 1217 910 superior
1229 874 1319 902 evadit
1334 883 1340 901 :
1355 878 1403 902 aut
1417 873 1540 902 irritatur
1561 875 1687 911 quidem,

42 914 88 949 σὶν,
116 914 184 948 ὅλως
207 915 240 954 ἐᾷ
273 915 352 954 φῦναί
377 926 436 944 τινα
464 915 570 944 κακίαν·
599 915 690 956 ὥσπερ
717 916 762 944 καὶ
791 917 833 945 ἐν·

44 961 130 987 ταῢθα⁶
153 970 167 987 α
195 960 239 989 Οὖ
257 960 390 997 λογίζεται
417 958 446 989 τὸ
472 959 565 989 κακόν.
594 973 606 986 ιι
630 961 683 990 Καὶ
705 963 782 990 τοῦτο
810 960 837 990 δὲ

43 1002 102 1040 πρὸς
117 1003 176 1037 τοὺς
191 1003 300 1041 αὐτοὺς,
316 1003 360 1033 ἵνα
377 1004 414 1042 μὴ
430 1004 634 1045 ἀνθυϐρίζωσιν.

84 1153 95 1165 α
113 1140 155 1170 Οὔ
175 1139 268 1180 χαίρει
283 1141 327 1170 ἐπὶ
341 1142 376 1179 τῇ
393 1140 492 1181 ἀδικία.
510 1154 521 1166 ιι
541 1140 698 1176 Τουτέστιν,
720 1141 768 1170 οὖχ
792 1141 836 1170 εὖ-

45 1183 189 1224 φραίνεται,
214 1184 280 1214 ὅταν
294 1196 334 1218 τις
359 1185 501 1224 ἀδικῆται,
516 1184 562 1213 καὶ
577 1185 771 1224 ἐπηρεάζηται,
787 1185 833 1215 καὶ

45 1230 125 1262 κακῶς
138 1229 243 1269 πάσχῃ.

83 1287 94 1300 ι
112 1274 260 1314 Συγχαίρει
285 1274 313 1304 δὲ
376 1273 497 1314 ἀληθείᾳ.
516 1285 531 1303 ιδ
551 1273 623 1304 Ἀλλ’
642 1274 655 1303 ὃ
670 1274 761 1314 πολλῷ
776 1276 834 1314 μεῖ-

45 1319 98 1354 ζον,
128 1318 209 1359 φησὶ,
240 1318 379 1359 συγχαίρει
411 1318 456 1348 ἐπὶ
491 1322 543 1352 τοῖς
574 1319 751 1356 ιῦδοκιμοῧσι⁵
789 1319 833 1348 καὶ

45 1362 99 1391 ὅταν
121 1365 138 1398 ἡ
163 1363 277 1399 ἀλήθεια
300 1364 446 1399 εὐοδῶται,
466 1364 511 1392 καὶ
536 1363 611 1397 δόξαν
635 1365 734 1393 οἰκείαν
758 1367 833 1394 τοῦτο

45 1407 150 1446 ἡγεῖται.
166 1408 241 1449 Πρὸς
263 1407 292 1438 δὲ
306 1408 364 1442 τοὺς
378 1408 526 1448 βασκάνους
539 1410 625 1437 τοῦτο.

82 1557 93 1570 ι
112 1544 203 1575 Πάντα
227 1544 327 1585 στέγει.
349 1559 360 1572 ι
377 1545 434 1576 Καὶ
455 1545 554 1586 ὕϐρεις,
577 1546 624 1575 καὶ
644 1545 761 1585 πληγὰς,
787 1546 833 1575 καὶ

47 1587 156 1619 θάνατον·
179 1593 259 1620 τοῦτο
279 1590 331 1630 γὰρ
351 1590 419 1631 αὐτῇ
442 1593 459 1626 ἡ
487 1591 656 1631 μακροθυμία
681 1591 833 1631 χαρίζεται,

47 1633 75 1669 ἣν
96 1639 229 1674 προσεῖναι
250 1636 317 1675 αὐτῇ
340 1629 411 1665 sine.
427 1635 499 1675 Πρὸς
523 1629 551 1664 δέ
571 1635 631 1669 τοὺς
659 1629 830 1666 ἐπιϐουλευο-

47 1679 130 1716 μένους
146 1682 231 1710 τοῦτο.

86 1736 97 1750 ι
115 1724 208 1754 Πάντα
222 1724 356 1755 πιστεύει.
371 1735 384 1753 n
402 1723 478 1755 Ὀσα
492 1724 524 1754 ἂν
540 1724 609 1754 εἴποι
620 1726 634 1754 ὁ
649 1725 832 1764 ἀγαπώμενος·

47 1767 86 1797 καὶ
99 1768 170 1798 οὐδὲν
194 1769 309 1799 ὕπουλον
333 1769 393 1800 οὔτε
417 1769 495 1804 αὐτὸς
516 1769 542 1789 ⁴³
565 1771 652 1807 λαλεῖ,
679 1769 738 1800 οὔτε
752 1770 833 1800 ἄλλον

47 1813 128 1842 λαλεῖν
140 1813 231 1844 οἴεται.

86 1869 100 1887 l
118 1859 209 1889 Πάντα
235 1859 345 1895 ἐλπίζει,
367 1858 456 1889 πάντα
473 1859 609 1898 ὑπομένει.
630 1873 643 1886 ν
661 1860 720 1889 Οὖκ
736 1860 833 1899 ἀπογι-

48 1902 144 1941 νώσκει,
160 1904 239 1945 φησὶ,
265 1907 310 1933 τοῦ
325 1904 505 1943 ἀγαπωμένου
528 1904 563 1941 Η,
586 1904 644 1934 ἀλλ’
665 1903 763 1938 ἐλπίζει
787 1905 834 1945 αὖ-

49 1947 88 1976 τὸν
109 1949 148 1978 ἀεὶ
171 1950 207 1983 εἷς
239 1949 270 1979 τὸ
292 1949 411 1988 κρεῖττον
433 1948 588 1979 ἐπιδιδόναι.
614 1950 701 1979 Τοῦτο
725 1949 753 1978 δὲ
775 1944 832 1978 εἶπε

49 1991 106 2031 πρὸς
127 1992 185 2027 τοὺς
200 1993 441 2033 ἀπογινώσκοντας.
464 1994 496 2023 Εἰ
520 1993 609 2024 δὲκαὶ
633 1993 743 2027 ἐλπίσας
766 1994 832 2024 ἀπο-

49 2035 121 2076 τύχῃ,
146 2039 246 2068 ἐκείνου
329 2038 410 2078 κακία
434 2037 668 2076 ἐναπομείναντος,
688 2038 761 2078 φέρει
776 2050 833 2077 γεν-

50 2081 119 2115 ναίως
133 2084 211 2112 αὐτοῦ
226 2082 261 2112 τὰ
279 2083 468 2120 ἐλαττώματα·
488 2094 504 2110 α
519 2083 615 2113 Πάντα
630 2095 646 2112 r
660 2083 724 2123 γὰρ,
741 2084 830 2124 φησιν,

51 2139 61 2151 ιι
75 2127 204 2165 ὓπομένει,
232 2141 245 2154 ι
273 2127 344 2168 Πρὸς
369 2128 397 2158 δὲ
422 2127 482 2161 τοὺς
506 2128 621 2161 εὐκόλως
653 2128 834 2167 διισταμένους

50 2181 119 2200 τουτο
122 2194 128 2201 .

85 2228 97 2241 ι
112 2214 145 2247 Ἦ
160 2217 252 2257 ἀγάπη
269 2217 394 2247 οὐδέποτε
406 2217 537 2247 ἐκπίπτει.
554 2230 569 2246 n
585 2218 736 2254 Τουτέστιν,
755 2218 831 2248 οὐδέ-

52 2269 108 2289 ποτε
130 2262 247 2303 ἀστοχεῑ,
277 2261 348 2292 ἀλλὰ
375 2263 463 2292 πάντα
488 2265 622 2302 κατορθοῖ·
651 2262 680 2299 ἧ,
710 2262 725 2292 ὃ
745 2267 831 2302 κρεῖτ-

50 2315 102 2340 τον,
117 2306 172 2336 ἀντὶ
189 2310 244 2344 τοῦ,
268 2308 298 2336 οὗ
322 2307 468 2343 διαλύεται,
494 2307 524 2337 οὐ
541 2307 731 2343 διακόπτεται,
757 2308 830 2337 οὐδέ-

51 2359 106 2378 ποτε
127 2351 253 2387 παύεται,
281 2351 351 2381 ἀλλὰ
373 2352 418 2381 καὶ
442 2354 469 2382 ἐν
485 2353 523 2392 τῷ
550 2354 673 2390 μέλλοντι
694 2354 768 2382 αἰῶνι
785 2353 831 2391 μὲ-

51 2404 96 2438 vti,
119 2397 169 2424 τῶν
196 2398 283 2426 ἄλλων
309 2397 437 2426 ἁπάντων
464 2397 702 2436 καταργουμένων,
731 2399 766 2431 ὡς
788 2399 831 2438 ἔφ-

52 2436 101 2474 ιξῆς
114 2440 173 2479 ἐρεῖ,

84 2497 95 2510 ι
123 2485 181 2515 Εἴτε
215 2486 242 2516 δὲ
279 2491 439 2528 προφητεῖαι
480 2487 754 2526 καταργηθήσονται,
780 2487 831 2517 εἴτε

51 2528 156 2564 γλῶσσαι
180 2531 337 2561 παύσονται.
374 2544 388 2561 ι)
420 2531 577 2566 Καταλέξας
601 2534 647 2568 τῆς
670 2532 776 2570 ἀγάπης
798 2531 832 2561 τὰ

53 2572 232 2613 βλαστήματα,
256 2576 337 2606 πάλιν
364 2576 445 2612 αὐτὴν
467 2577 513 2606 καὶ
539 2578 622 2617 ἑτέρῳ
643 2577 734 2617 τρόπῳ
757 2578 830 2617 ὕψοῖ,

51 2617 83 2661 τῷ
105 2618 184 2657 λέγειν
214 2620 259 2650 καὶ
286 2621 333 2657 τὴν
362 2621 527 2661 προφητείαν
552 2622 598 2651 καὶ
628 2621 676 2655 τὰς
708 2621 831 2660 γλώσσας

51 2659 114 2705 ῖέᾎος
136 2662 210 2700 ἕξειν,
227 2665 274 2700 τὴν
295 2665 322 2695 δὲ
341 2659 449 2705 ἀγάπην
476 2665 587 2704 μόνιμον
612 2661 679 2695 εἶναι
702 2659 748 2696 ἰαὶ
773 2667 832 2695 ἀτε-

51 2703 170 2742 λεύτητον.
193 2710 226 2740 Εἰ
239 2709 289 2751 γὰρ
312 2703 410 2740 καὶ-αἱ
432 2703 605 2752 προφητεῖαι,
627 2710 674 2740 καὶ
694 2711 720 2740 αἱ
735 2711 832 2749 γλῶσ-

891 919 938 948 sed
954 919 1098 948 victoriam
1111 919 1218 947 obtinet
1239 927 1245 946 :
1261 919 1319 946 imo
1332 926 1422 954 neque
1434 919 1468 946 ab
1481 919 1568 952 initio,
1584 919 1685 955 inquit,

890 972 1002 1000 prorsus
1024 964 1099 992 nasci
1113 964 1179 992 sinit
1190 963 1310 999 aliquam
1324 963 1460 990 malitiam
1475 972 1482 991 :
1499 964 1683 1000 quemadmo-

889 1009 956 1036 dum
975 1013 1004 1037 et
1021 1008 1074 1042 hic,
1088 1019 1102 1033 «
1131 1009 1194 1036 Non
1212 1008 1325 1043 cogitat,
1341 1019 1353 1032 ιι
1381 1007 1483 1044 inquit,
1499 1020 1511 1032 ι
1526 1009 1642 1037 malum.
1668 1019 1681 1035 ιο

889 1054 950 1081 Hoc
963 1053 1029 1089 ipsis
1040 1052 1186 1081 Corinthiis
1195 1052 1301 1081 dictum
1315 1056 1368 1087 est,
1385 1060 1419 1080 ne
1434 1052 1470 1080 de
1483 1053 1594 1088 injuriis
1606 1053 1682 1090 inju-

889 1098 958 1126 riam
971 1097 1105 1126 retalient.

924 1144 1012 1170 Vsus.
1038 1145 1065 1170 6.
1084 1154 1096 1166 α
1114 1144 1178 1170 Non
1203 1142 1306 1178 gaudet
1320 1150 1402 1178 super
1415 1142 1571 1178 iniquitate.
1586 1155 1599 1168 ι
1622 1143 1683 1171 Hoc

888 1186 973 1223 205.
994 1190 1046 1220 est,
1073 1195 1128 1215 non
1159 1187 1337 1220 exhilaratur,
1365 1186 1387 1215 si
1412 1187 1556 1223 quisquam
1584 1188 1686 1224 injuria

886 1231 1034 1266 afﬁciatur,
1052 1232 1176 1265 laedatur,
1201 1232 1372 1268 patiaturqua
1388 1232 1469 1260 male.

925 1288 939 1301 ι
955 1276 1117 1312 Congaudet
1127 1281 1221 1304 autem
1238 1275 1360 1305 veritati.
1373 1287 1385 1301 ιι
1395 1278 1432 1304 At
1441 1276 1513 1312 quod
1523 1277 1612 1306 multo
1625 1285 1683 1305 ma-

883 1321 943 1357 jus,
971 1321 1073 1357 inquit,
1091 1321 1249 1357 congaudet
1263 1321 1397 1357 probatis,
1425 1322 1489 1350 etsi
1514 1322 1623 1358 quando
1638 1330 1686 1350 ve-

888 1366 955 1393 ritas
967 1374 1130 1402 prosperum
1152 1374 1266 1394 cursum
1286 1367 1472 1400 nanciscatur,
1497 1366 1550 1395 hoc
1574 1375 1686 1403 quoque

886 1411 1002 1447 gloriam
1019 1418 1102 1439 suam
1126 1411 1282 1439 arbitratur.
1311 1412 1372 1439 Hoc
1393 1415 1487 1439 autem
1511 1411 1546 1440 ad
1575 1411 1684 1440 invidos

886 1454 1002 1484 dicitur.

922 1545 1014 1574 Vsss.
1037 1549 1064 1573 7.
1077 1557 1089 1569 ιι
1107 1546 1210 1574 Omnia
1228 1545 1337 1574 suffert.
1352 1555 1368 1572 ι»
1382 1546 1418 1574 Et
1430 1545 1543 1582 injurias
1556 1549 1584 1574 et
1593 1546 1686 1583 plagas

887 1595 915 1619 et
925 1595 1054 1618 mortem.
1069 1591 1145 1618 istud
1157 1591 1230 1619 enim
1243 1591 1267 1619 ei
1283 1591 1480 1627 longanimitas
1492 1592 1587 1626 donat,
1600 1599 1686 1627 quam

885 1634 981 1664 adesse
1001 1635 1026 1664 ei
1052 1635 1131 1664 dixit.
1157 1635 1200 1664 Ad
1222 1635 1336 1663 insidias
1360 1635 1507 1664 tendentes
1530 1636 1584 1664 hoc
1606 1637 1683 1664 dlcit.

926 1735 940 1751 tl
964 1726 1064 1754 Omnia
1090 1726 1186 1754 credit.
1211 1736 1225 1752 ν
1256 1727 1435 1762 Qumcunque
1458 1726 1529 1754 dixit
1553 1726 1682 1760 dilectus,

886 1770 1012 1806 nihilque
1025 1771 1181 1799 maleﬁcum
1195 1776 1243 1799 aut
1262 1771 1411 1799 subdolum
1436 1779 1526 1807 neque
1553 1771 1610 1807 ipse
1639 1772 1681 1799 lo-

886 1815 992 1851 quitur,
1007 1823 1098 1851 neque
1112 1816 1195 1843 alium
1210 1815 1285 1850 loqui
1300 1816 1460 1843 arbitratur.

924 1870 937 1884 ‹‹
954 1860 1053 1887 Omnia
1066 1864 1169 1895 sperat,
1185 1859 1278 1887 omnia
1293 1860 1415 1887 sustinet.
1442 1871 1454 1883 ν-
1472 1861 1534 1887 Non
1558 1860 1683 1896 desperat

887 1903 921 1933 de
937 1904 1047 1936 dilecto,
1062 1904 1110 1932 sed
1124 1906 1216 1940 sperat
1237 1912 1301 1932 eum
1326 1911 1433 1940 semper
1444 1903 1480 1931 ad
1492 1904 1592 1932 melius
1617 1913 1684 1940 pro-

889 1956 1012 1977 movere.
1041 1949 1100 1976 Hoc
1114 1957 1180 1976 vero
1204 1948 1238 1976 ad
1249 1948 1423 1984 desperantes
1450 1948 1529 1976 dixit.
1557 1949 1639 1985 Quod
1661 1950 1682 1977 si

887 2001 952 2021 vero
967 2001 982 2021 a
1004 2001 1054 2021 sua
1081 2001 1130 2030 spe
1152 1992 1295 2027 exciderit,
1312 1993 1358 2021 illo
1375 1993 1404 2021 in
1428 1993 1532 2021 malitia
1554 2001 1681 2029 persevc-

887 2042 974 2071 rante,
983 2043 1093 2066 strenue
1108 2037 1162 2066 fert
1175 2038 1247 2066 illius
1265 2037 1396 2074 deliquia.
1415 2047 1429 2064 «
1447 2038 1549 2066 Omnia
1565 2051 1578 2063 υ
1593 2038 1678 2073 enim,

886 2083 988 2118 inquit,
1011 2092 1025 2110 α
1042 2083 1167 2112 sustinet.
1184 2094 1196 2107 ι
1219 2082 1263 2111 Ad
1277 2082 1358 2111 facile
1374 2083 1537 2112 dissidentes
1555 2084 1613 2113 haec
1635 2084 1676 2112 lo-

890 2127 994 2163 quitur.

923 2221 1012 2248 Vsns.
1027 2223 1054 2248 8.
1073 2229 1086 2246 α
1107 2219 1231 2248 Charitas
1243 2227 1385 2255 nunquam
1399 2219 1510 2248 excidit.
1527 2231 1539 2244 ι
1569 2220 1599 2248 Id
1626 2225 1678 2254 est,

887 2273 1030 2300 nunquam
1051 2265 1170 2298 aberrat,
1195 2264 1242 2292 sed
1267 2265 1361 2292 omnia
1385 2264 1499 2299 perﬁcit.
1515 2265 1575 2298 Vel,
1605 2265 1679 2300 quml

884 2316 927 2340 est
951 2312 1059 2345 melius,
1080 2311 1221 2347 significat,
1237 2319 1294 2338 non
1309 2311 1477 2345 dissolvitur,
1502 2319 1557 2339 non
1577 2311 1678 2339 discin-

883 2358 959 2387 ditur
970 2366 1059 2394 neque
1069 2366 1191 2394 unquam
1204 2358 1317 2391 desistit,
1340 2358 1389 2386 sed
1414 2358 1441 2386 in
1462 2357 1554 2386 futuro
1568 2367 1677 2395 quoque

884 2403 986 2432 saeculo
1000 2403 1139 2439 perdurat,
1151 2402 1210 2431 aliis
1225 2402 1354 2431 omnibus
1368 2403 1489 2437 abolitis,
1513 2403 1628 2439 perinde
1647 2412 1678 2432 ac

885 2448 958 2476 infra
974 2448 1057 2476 dicet.

921 2503 935 2517 α
963 2492 1026 2520 Sive
1051 2499 1116 2520 vero
1130 2491 1280 2528 prophetiae
1293 2491 1486 2526 abolebuutur,
1501 2492 1558 2521 sive
1578 2493 1679 2528 lingua:

885 2537 1040 2565 cessabunt.
1056 2549 1068 2561 ν
1082 2537 1316 2565 Commemoratis
1329 2537 1479 2566 dilectionis
1499 2538 1679 2574 germinibus,

887 2589 984 2610 rursus
1005 2581 1056 2610 alia
1077 2580 1197 2618 quadam
1217 2582 1324 2610 ratione
1347 2590 1410 2610 eam
1428 2583 1537 2615 exaltat,
1563 2582 1678 2610 dicendo

887 2625 1062 2662 prophetiam
1085 2631 1112 2654 et
1125 2626 1235 2662 linguas
1249 2626 1334 2654 ﬁnem
1350 2626 1502 2659 habituras.
1517 2626 1677 2654 charitatem

886 2679 954 2700 vero
967 2678 1178 2707 permansuram
1198 2671 1334 2705 stabilem,
1350 2671 1462 2707 ﬁneque
1474 2671 1630 2699 carituram.
1651 2672 1679 2700 Si

885 2716 959 2744 enim
970 2716 1122 2752 prophetiae
1135 2719 1163 2744 et
1174 2716 1274 2752 lingua:
1287 2715 1342 2744 sint
1351 2720 1464 2752 propter
1474 2715 1679 2751 susceptionem

741 2773 837 2804 Variae
857 2774 1009 2804 lectiones.

80 2825 98 2842 ¹⁰
109 2829 177 2855 τοῦτο
194 2837 222 2859 ο.
259 2831 277 2848 ¹¹
292 2831 351 2867 πρὸς
366 2841 392 2860 υ.
432 2831 453 2849 ¹²
463 2832 641 2868 κατεργάζεται
657 2840 684 2861 ο.
727 2831 748 2849 ¹³
760 2831 806 2859 is.
824 2831 886 2866 αὐτὴ
902 2840 928 2861 ο.
968 2832 990 2850 ¹⁴
1001 2831 1164 2869 ἠγαπημένον
1179 2841 1207 2862 ο.
