1867 3081
213 162 260 188 731
718 163 977 192 THEOPHYLACTI
997 165 1175 193 BULGARI/E
1196 165 1350 193 ARCHIEP.
1791 171 1825 195 781'

211 223 282 256 fidei,
299 223 352 252 ﬁde
364 223 486 260 undique
499 232 619 260 expansa
632 229 660 253 et
674 225 819 261 explicata,
832 226 957 263 merique
982 227 1010 255 in

1077 240 1111 257 ται
1138 228 1180 258 διὰ
1202 229 1232 258 τὸ
1255 228 1304 264 τὴν
1327 229 1416 258 πίστιν
1435 229 1636 268 παραδεχθῆναί
1659 230 1717 266 εἶσι,
1737 232 1777 264 τῆς
1795 232 1825 259 πί.

210 269 343 304 praesenti
357 268 481 305 quidem,
491 270 643 305 praesertim
657 278 722 299 vero
738 270 764 298 in
778 270 881 300 futuro.

246 361 337 388 Vens.
356 363 431 388 8-10.
447 368 461 386 α
486 359 547 388 Sive
560 360 669 388 scientia
689 361 861 396 destruetur;
877 369 909 389 ex
935 367 1010 398 parte

213 405 288 432 enim
308 404 511 441 cognoscimus,
522 409 549 433 et
572 413 604 434 ex
620 410 694 441 parte
705 406 911 442 prophetamus.
938 408 1009 435 Cum

213 454 305 478 autem
336 450 443 477 venerit
470 449 544 486 quod
579 450 732 486 perfectum
758 455 809 486 est,
835 452 1011 480 evacuabitur

214 494 287 531 quod
302 502 335 523 ex
348 499 426 530 parte
447 499 498 522 est.
512 505 526 520 n
543 495 571 523 Si
586 495 697 523 scientia
716 495 851 524 abolenda
865 500 916 529 est,
930 505 1010 524 num-

215 539 282 576 quid
297 540 381 576 igitur
395 540 422 567 in
436 539 590 576 ignorantia
603 540 745 568 vivemUSP
759 541 875 569 Minime
891 551 897 568 :
913 550 1009 571 verum

216 585 251 613 de
272 585 384 612 scientia
410 592 443 613 ex
459 589 544 620 parte,
560 593 608 612 seu
625 585 781 621 imperfecta
798 586 928 622 loquitur,
945 595 1009 622 per-

218 630 280 658 inde
297 637 329 658 ac
344 630 402 666 ipse
414 629 608 666 interpretatur
622 629 684 663 hoc,
701 640 715 656 «
740 631 858 659 Scientia
885 639 918 659 ex
935 636 1009 667 parte

218 675 383 709 abolebitur,
410 686 424 700 »
449 675 610 703 adveniente
633 675 788 711 cognitione
817 675 944 711 perfecta,
966 677 1009 704 illa

215 720 345 748 nimirum
360 727 422 756 quae
441 719 475 748 ad
490 719 574 747 vitam
590 719 708 748 futuram
723 725 836 757 spectat.
852 722 915 749 Non
936 722 1010 749 enim

217 765 337 802 amplius
363 765 532 793 tantumdem
555 765 680 800 sciemus,
701 765 749 793 sed
777 766 855 802 longe
880 766 957 801 plura
984 771 1011 794 et

217 811 323 847 majora
336 819 342 838 :
357 810 603 847 quemadmodum,
614 810 687 846 quod
700 811 800 846 ubique
811 811 846 838 sit
858 813 943 845 Deus,
957 819 1010 839 no-

215 856 304 883 vimus
318 855 428 892 quidem
443 863 533 890 nunc;
558 855 606 883 sed
620 863 675 891 quo
697 855 790 890 modo,
807 856 960 884 nescimus.
977 858 1011 884 Et

199 900 285 937 ‘quod
313 900 388 937 virgo
412 900 526 936 peperit,
561 900 664 928 scimus
693 911 699 929 :
726 908 779 936 qua
805 909 868 929 vero
889 901 1008 936 ratione,

214 945 337 974 nondum
359 945 486 973 novimus
508 955 514 973 :
527 949 556 973 at
574 949 639 973 tunc
649 944 780 981 quiddam
795 946 970 974 excellentius
983 949 1011 974 et

213 990 388 1019 commodius
401 990 436 1018 de
451 990 495 1018 his
508 990 636 1019 sciemus.

248 1037 333 1063 Vens.
346 1038 390 1063 11.
408 1047 420 1060 ι
433 1035 502 1063 Cum
513 1043 602 1063 essem
617 1035 759 1071 parvulus.
775 1047 788 1060 ι»
801 1036 872 1064 Cum
885 1035 1009 1070 dixisset,

213 1081 280 1109 Cum
305 1079 410 1108 venerit
423 1079 497 1116 quod
517 1079 671 1115 perfectum
686 1085 738 1114 est,
755 1080 914 1108 destruetur
938 1081 1008 1117 quod

215 1130 257 1155 est
276 1135 308 1155 ex
339 1131 427 1162 parte,
448 1135 521 1154 nunc
542 1127 625 1155 etiam
648 1127 806 1163 exemplum
830 1127 936 1163 profert
956 1136 1010 1163 quo

216 1171 328 1205 indicat,
348 1175 482 1208 quantum
498 1171 581 1207 205
603 1171 640 1199 sit
653 1171 815 1199 discriminis
829 1171 900 1199 inter
914 1173 1009 1208 cogni-

215 1217 321 1244 tionem
338 1217 471 1253 temporis
485 1217 577 1252 hujus,
593 1221 619 1244 et
643 1215 772 1244 futuram.
797 1217 852 1244 IIie
878 1216 950 1244 enim
968 1218 1010 1244 in-

214 1261 335 1289 fantibus
348 1261 545 1295 assimilamur,
560 1265 620 1288 tum
629 1269 694 1289 vero
707 1261 757 1288 viri
772 1261 886 1289 erimus.

250 1315 264 1332 «
277 1306 424 1342 Loquebar
436 1310 466 1333 ut
492 1306 631 1341 parvulus.
659 1317 672 1330 ι
688 1307 831 1342 Tanquam
845 1306 880 1334 ad
902 1306 1010 1343 linguas

216 1352 327 1384 referat,
342 1351 419 1383 dicit,
436 1362 450 1376 ι
464 1351 619 1387 Loquebar.
637 1363 650 1375 ιι

251 1407 265 1420 α
293 1396 438 1432 Sapiebam
456 1399 487 1423 ut
507 1395 675 1431 parvulus.»
704 1396 766 1424 Hoc
793 1395 828 1424 ad
854 1395 1012 1432 prophetias

214 1440 315 1469 referre
327 1440 449 1468 videtur.

253 1495 267 1512 «
285 1485 444 1522 Cogitabam
465 1488 496 1512 ut
514 1485 652 1520 parvulus.
681 1496 693 1509 υ
709 1484 752 1512 Ad
766 1485 916 1512 scientiam
940 1485 1012 1512 istuc

219 1531 345 1567 pertinet.

252 1575 371 1610 Quando
396 1578 491 1602 autem
518 1573 607 1602 factus
633 1582 693 1602 sum
726 1575 777 1609 vir,
798 1575 924 1602 evacuavi
952 1582 1012 1610 quae

219 1623 298 1647 erant
312 1618 428 1655 parvuli.
445 1628 458 1643 ι)
487 1619 547 1645 Hoc
559 1622 610 1653 est,
625 1618 737 1654 quando
762 1618 790 1646 in
805 1618 898 1646 futuro
912 1619 1012 1647 saeculo

218 1663 367 1691 viriliorem
390 1662 513 1698 adeoque
536 1662 727 1698 perfectiorem
749 1663 934 1699 cognitionem
959 1672 1012 1691 na-

218 1713 278 1736 ctus
298 1707 386 1741 fuero,
411 1711 471 1734 tum
493 1707 650 1736 destruetur
671 1709 768 1744 exigua
805 1709 1013 1744 infantibusque

220 1753 362 1789 aquuata
388 1752 511 1786 scientia,
544 1760 627 1788 quam
666 1753 710 1781 hic
748 1753 890 1781 habemus.
927 1753 1014 1781 Infert

219 1800 304 1837 igitur
332 1809 339 1828 :

254 1846 343 1874 Vsus.
361 1847 404 1874 12.
420 1854 433 1871 at
449 1845 582 1874 Videmus
596 1845 669 1873 enim
682 1853 756 1874 nunc
767 1853 814 1881 per
821 1846 965 1882 speculum
984 1846 1014 1874 in

217 1891 372 1928 aenigmate.
389 1902 402 1915 ν
423 1891 552 1919 Declarat
565 1890 593 1918 id
608 1890 682 1926 quod
697 1890 731 1918 de.
755 1891 866 1924 parvulo
882 1891 962 1926 dixit,
982 1899 1015 1919 ac

215 1936 384 1964 demonstrat
403 1936 475 1971 quod
490 1937 609 1964 obscura
626 1935 753 1970 quaedam
764 1935 843 1963 nobis
858 1936 893 1963 sit
908 1936 951 1963 hic
969 1943 1015 1963 co-

216 1981 313 2016 gnitio,
337 1985 398 2008 tum
412 1988 477 2008 vero
501 1980 591 2016 magis
610 1979 752 2015 perspicua
768 1980 828 2008 erit.
846 1991 859 2004 α
883 1980 1015 2008 Videmus

215 2026 300 2058 enim,
334 2036 346 2049 ι»
371 2025 471 2060 inquit,
489 2034 503 2050 «
518 2032 592 2052 nunc
614 2031 663 2059 per
688 2025 842 2060 speculum.
869 2034 884 2051 »
910 2024 1015 2052 Deinde

215 2070 278 2105 quia
293 2069 435 2105 speculum
445 2068 600 2104 expressius
612 2068 787 2096 demonstrat
801 2069 839 2097 rei
860 2077 1015 2105 reprmsen-

217 2118 280 2142 latae.
294 2113 485 2146 imitationem,
506 2113 619 2149 adjecit,
647 2124 660 2136 ιι
677 2113 709 2140 ln
733 2113 879 2149 zeliigmate
899 2122 905 2141 :
934 2125 945 2138 ν
972 2122 1015 2142 os-

215 2158 331 2186 tendens
362 2157 552 2193 cognitionem
580 2161 745 2193 przssentem
771 2157 847 2186 valde
880 2166 914 2186 ex
939 2163 1015 2194 parte

216 2211 275 2232 esse
293 2207 322 2231 et
335 2202 448 2231 exilem.

253 2259 266 2272 «
281 2248 360 2276 Tunc
372 2251 464 2275 autem
483 2246 551 2274 facie
565 2246 600 2274 ad
615 2245 727 2274 faciem.
745 2257 760 2272 »
775 2247 838 2275 Non
851 2247 927 2283 quod
940 2249 1015 2275 Deus

218 2292 314 2320 faciem
335 2292 444 2323 habeat,
464 2295 596 2319 caeterum
611 2295 642 2319 ut
657 2299 704 2327 per
718 2291 770 2319 hoc
792 2292 922 2320 ostendat
938 2300 1016 2328 aper—

219 2338 314 2365 tiorem
327 2341 356 2365 et
380 2336 529 2372 planiorem
542 2336 739 2372 cognitionem,
754 2340 782 2364 et
801 2337 915 2364 omnino
937 2345 1014 2365 reve-

219 2382 313 2410 latam.

255 2437 268 2451 ι(
286 2428 349 2454 Jam
375 2433 509 2462 cognosco
530 2433 563 2453 ex
577 2429 666 2462 parte,
695 2429 762 2454 tunc
789 2434 852 2455 vero
867 2435 1015 2463 agnoscam

218 2469 451 2507 quemadmodum
475 2475 502 2498 et
525 2471 635 2507 agnitus
647 2478 723 2498 sum.
743 2482 755 2495 aa
781 2471 891 2507 Duplici
913 2472 1016 2499 ratione

217 2516 290 2544 tollit
312 2515 483 2543 inﬂationem
508 2515 642 2551 ipsorum,
658 2515 806 2544 ostendens
822 2516 1016 2552 particularem

217 2569 276 2590 esse
289 2560 475 2597 cognitionem
502 2564 674 2596 praesentem,
692 2561 820 2597 quodque
841 2561 916 2589 illam
934 2569 949 2589 a
965 2570 1018 2590 no-

218 2605 259 2634 bis
275 2605 340 2642 ipsis
354 2613 409 2633 non
427 2604 586 2633 habeamus.
605 2606 665 2632 Non
676 2605 747 2632 enim
759 2613 821 2642 ego,
839 2606 937 2642 inquit,
951 2607 1015 2634 novi

221 2652 324 2686 Deum,
337 2649 385 2678 sed
403 2649 462 2686 ipse
474 2658 518 2679 me
533 2649 651 2686 agnovit.
666 2649 781 2678 Perinde
799 2650 882 2687 igitur
901 2655 932 2679 ut
947 2659 1018 2679 nunc

217 2696 274 2732 ipse
291 2703 336 2724 me
349 2695 436 2729 novit,
447 2699 474 2724 et
483 2695 542 2732 ipse
559 2695 628 2724 mihi
639 2696 768 2730 accurrit,
782 2696 855 2724 hunc
867 2696 1018 2725 admodum

1065 285 1147 306 στεως
1170 275 1308 313 πανταχοῦ
1333 273 1511 310 ἆπλωθείσης,
1547 273 1653 307 εἰκότως
1678 275 1712 307 ὡς
1733 277 1825 314 περιτπὶ

1065 319 1223 358 ἄργήσουσι,
1240 319 1286 348 καὶ
1301 321 1345 348 νῦν
1364 318 1423 357 μὲν,
1448 318 1565 357 μάλιστα
1580 319 1607 348 δὲ
1628 320 1698 349 τότε.

1107 375 1122 393 «ι
1151 363 1213 394 Εἴτε
1233 366 1328 401 γνῶσις
1356 363 1602 403 καταργηθήσεται.
1625 363 1676 394 Ἐκ
1692 363 1776 404 μέρους
1791 365 1826 404 vi;

1064 409 1246 448 γινώσκομεν,
1281 408 1327 438 καὶ
1357 409 1388 437 ἐκ
1414 409 1508 448 μέρους
1535 409 1738 448 προφητεύομεν.
1762 409 1826 440 Ὅταν

1065 453 1092 483 δὲ
1108 454 1170 494 ἔλθῃ
1192 455 1222 484 τὸ
1245 453 1359 490 τέλειον,
1388 452 1449 483 τότε
1470 453 1501 483 τὸ
1527 455 1556 482 ἔκ
1578 454 1672 493 μέρους
1687 456 1826 494 καταργηθή-

1065 510 1150 528 σεται.
1181 513 1194 524 ι»
1212 498 1278 528 Ἐὰν
1304 501 1319 534 ἡ
1339 500 1435 537 γνῶσις
1459 501 1659 538 καταργηθῆναι
1686 499 1771 539 μέλλῃ⁷
1791 495 1826 538 ’ἆρα

1064 544 1090 572 ἐν
1121 543 1238 583 ἀγνωσία
1267 544 1398 581 μέλλομεν
1431 543 1547 582 διάγειν;
1577 543 1626 580 Μὴ
1655 543 1756 582 γένοιτο·
1780 544 1826 573 ma

1064 588 1124 628 περὶ
1148 591 1194 624 ἧς
1219 589 1248 617 ἐκ
1273 589 1368 628 μέρους
1390 587 1512 627 γνώσεως
1537 588 1626 627 λέγει,
1655 590 1691 621 ὡς
1712 589 1753 617 καὶ
1774 588 1826 619 αὐτὸς

1065 633 1203 674 ἑρμηνεῦει
1232 636 1320 669 τοῦτο,
1347 632 1389 662 ὅτι
1414 635 1431 669 ἡ
1460 634 1491 662 ἐχ
1517 633 1614 672 μέρους
1639 634 1731 672 γνῶσις
1753 645 1825 671 χιιτιρ⁴

1063 678 1223 717 γηθήσεται,
1246 680 1293 713 τ’ἧς
1317 677 1418 710 τελείας
1448 677 1472 696 ¹⁵
1500 677 1637 714 ἐλθούσης,
1662 677 1781 714 δηλονότι,
1797 679 1827 712 τῆς

1065 723 1134 752 κατὰ
1157 723 1204 758 τὴν
1223 722 1370 761 μέλλουσαν
1387 723 1469 759 ζωήν.
1495 723 1593 752 Οὖχέτι
1618 723 1669 763 γὰρ
1684 725 1785 753 τοσαῦτα
1801 723 1824 751 si-

1065 768 1176 806 σόμεθα,
1200 768 1269 797 ἀλλὰ
1290 768 1380 807 πολλῷ
1403 767 1524 797 πλείονα·
1547 763 1616 804 οἷον,
1633 767 1674 797 ὅτι
1690 767 1734 807 μὲν
1748 779 1824 796 παντα-

1065 816 1114 853 χοῖ]
1141 814 1210 842 ἐστιν
1235 815 1247 842 ὁ
1273 812 1355 848 Θεὸς,
1382 813 1490 851 οἴδαμεν
1521 816 1576 842 νῦν·
1608 813 1690 850 ἀλλὰ,
1715 813 1826 849 stt-699431

1067 859 1154 896 ἴσμεν·
1178 858 1223 887 καὶ
1247 857 1287 887 ὅτι
1314 858 1362 896 μὲν
1386 858 1460 887 ἔτεκε
1480 857 1617 898 παρθένος,
1644 857 1727 896 ἴσμεν·
1747 857 1825 890 sagae.

1066 903 1162 932 οὐκέτι·
1177 903 1235 932 τότε
1251 904 1278 932 δὲ
1293 902 1420 941 εἰσόμεθα
1444 915 1470 932 τι
1484 902 1565 933 πλέον
1580 902 1628 932 καὶ
1652 903 1772 943 συμφέρον
1786 903 1825 939 περὶ

1100 946 1107 957 ,
1158 951 1160 953 μ

1063 959 1172 977 τουτων.

1106 1052 1122 1071 α
1136 1041 1205 1071 ιὍτε
1227 1042 1302 1080 ἤμην
1317 1041 1418 1078 νήπιος.
1435 1054 1447 1068 ι
1462 1040 1570 1080 Εἰπὼν,
1586 1040 1629 1070 ὅτι
1649 1042 1693 1070 τοῦ
1707 1039 1791 1070 τελείου
1800 1040 1827 1078 ἐρ-

1064 1086 1192 1126 χομένου,
1219 1090 1391 1126 καταργεῖται
1412 1085 1443 1115 τὸ
1459 1087 1489 1116 ἐκ
1511 1085 1622 1126 μέρους’
1639 1088 1684 1114 νῦν
1708 1086 1749 1114 καὶ
1767 1084 1828 1123 παρά-

1065 1132 1161 1170 δειγμοι
1177 1133 1264 1171 φέρει,
1290 1131 1324 1160 δι’
1348 1126 1377 1160 οἷ
1403 1131 1542 1166 δείκνυσιν,
1572 1130 1635 1160 ὅσον
1658 1130 1687 1160 τὸ
1716 1129 1782 1168 μέσον
1799 1130 1828 1162 τῖς

1066 1178 1110 1204 νῦν
1135 1176 1256 1216 γνώσεως
1284 1176 1331 1206 καὶ
1355 1178 1401 1211 τῆς
1428 1176 1496 1206 τότε.
1523 1175 1583 1206 Νῦν
1614 1175 1664 1214 μὲν
1685 1175 1733 1215 γὰρ
1755 1173 1828 1209 νηπίοις

1067 1221 1201 1260 ἐοίκαμεν·
1216 1221 1276 1251 τότε
1291 1221 1318 1250 δὲ
1335 1221 1425 1260 ἄνδρες
1440 1220 1563 1259 ἐσόμεθα.

1111 1318 1126 1336 α
1139 1307 1187 1339 Ὡς
1202 1306 1305 1342 νήπιοις
1331 1306 1450 1336 ἐλάλουν.
1470 1318 1486 1334 ιι
1503 1305 1554 1338 Ὧς
1577 1305 1646 1346 πρὸς
1673 1305 1719 1339 τὰς
1741 1303 1829 1343 γλώσσας

1066 1352 1106 1389 τὸ,
1122 1366 1134 1379 α
1150 1352 1293 1382 Ἔλάλουν.
1309 1365 1320 1377 ιι

1106 1412 1118 1424 α
1134 1397 1183 1430 “Ως
1203 1397 1296 1433 νήπιος
1312 1395 1445 1437 ἐφρόνουν.
1463 1409 1476 1422 ν
1493 1397 1581 1426 Τοῦτο
1596 1396 1633 1430 ὣς
1649 1395 1712 1436 πρὸς
1730 1394 1771 1428 τὰς
1788 1404 1829 1433 xpo-

1067 1443 1185 1484 φητείας.

1109 1501 1122 1514 ι
1147 1487 1198 1521 Ὡς
1220 1486 1314 1523 νήπιος
1340 1486 1505 1525 ἐλογιζόμην.
1522 1499 1535 1513 n
1558 1488 1648 1517 Τοῦτο
1673 1487 1707 1519 ὡς
1730 1484 1785 1524 πρὸς
1801 1483 1829 1515 τὶν

1069 1535 1176 1572 γνῶσιν.

1108 1592 1121 1604 ι
1142 1576 1212 1608 Ὅτε
1241 1576 1269 1606 δὲ
1290 1575 1386 1616 γέγονα
1410 1575 1486 1616 ἀνὴρ,
1508 1575 1670 1616 κατήργηκα
1695 1575 1727 1605 τὰ
1745 1576 1784 1604 τοῦ
1799 1585 1830 1607 νη-

1070 1622 1139 1652 πίου.
1157 1635 1169 1648 ιι
1184 1621 1340 1656 Τουτέστιν,
1362 1620 1404 1650 ὅτε
1421 1621 1447 1650 ἐν
1461 1623 1499 1660 τῷ
1515 1621 1641 1659 μέλλοντι
1660 1620 1706 1656 τὴν
1721 1618 1830 1658 ἀνδρειοτέ-

1069 1679 1116 1707 ραν
1143 1667 1168 1686 ’δ
1184 1667 1281 1705 γνῶσιν
1309 1666 1374 1705 ἔξω,
1399 1666 1459 1695 τότε
1486 1665 1753 1706 καταργηθήσεταιὴ
1776 1662 1831 1700 μιαρὲ

1068 1712 1114 1741 καὶ
1142 1711 1245 1748 νηπίοις
1278 1713 1379 1741 ἐοικυῖα
1414 1712 1522 1750 γνῶσις,
1551 1711 1584 1747 ἣν
1613 1712 1725 1740 ἐνταῦθα
1751 1708 1830 1748 ἔχομεν.

1069 1756 1208 1797 Ἐπιφέρει
1231 1751 1288 1786 οὖν’

1109 1855 1121 1868 (ι
1140 1841 1280 1880 Βλέπομεν
1296 1841 1348 1881 γὰρ
1366 1841 1426 1882 ἄρτι
1442 1841 1474 1870 δι’
1498 1840 1630 1881 ἐσόπτρου
1645 1841 1672 1870 ἐν
1688 1839 1830 1878 αἰνίγματι·

1071 1887 1216 1928 Σαφηνίζει
1236 1886 1266 1916 τὸ
1289 1885 1428 1925 εἰρημένον
1453 1886 1516 1925 περὶ
1541 1890 1588 1916 τοῦ
1614 1885 1720 1922 νηπίου,
1741 1884 1779 1913 καὶ
1796 1881 1830 1911 δεί-

1070 1943 1172 1967 κνυσιν,
1198 1930 1238 1960 ὅτι
1264 1930 1370 1970 ἀμυδρά
1391 1943 1430 1964 τις
1455 1932 1520 1969 ἡμῖν
1542 1931 1614 1960 ἐστιν
1641 1931 1733 1970 ἄρτιὴ
1755 1929 1830 1966 γνῶσις

1070 1977 1128 2006 τότε
1147 1975 1176 2004 δὲ
1200 1975 1345 2016 τρανοτέρα
1370 1976 1455 2016 ἔσται.
1476 1990 1488 2002 α
1517 1975 1658 2014 Βλέπομεν
1679 1974 1728 2014 γὰρ
1745 1973 1794 2011 ἄρτι
1811 1970 1832 1998 δι’

1070 2021 1211 2060 ἐσόπτρου,
1231 2034 1243 2047 ιι
1267 2019 1354 2060 φησίν.
1383 2015 1451 2050 Εἶτα
1479 2021 1571 2056 ἐπειδὴ
1597 2021 1629 2049 τὸ
1654 2019 1771 2058 ἔσοπτρον
1782 2017 1832 2045 Em-

1070 2065 1188 2105 πώτερον
1223 2065 1339 2094 δείκνυσι
1370 2070 1416 2094 τοῦ
1449 2064 1645 2105 ἐμφαινομένου
1672 2063 1717 2099 τὴν
1740 2062 1831 2099 μίμησυ,

1070 2110 1219 2150 προσέθηκε
1247 2110 1289 2146 τὸ,
1315 2123 1328 2137 α
1345 2109 1393 2140 Ἐν
1422 2109 1572 2149 αἰνίγματι,
1604 2124 1616 2137 ιο
1639 2111 1696 2148 μεθ’
1721 2105 1831 2146 ὑπερϐολῆ

1071 2154 1170 2188 δεικνὺς
1185 2155 1232 2190 τὴν
1255 2158 1390 2195 παροῦσαν
1406 2156 1503 2194 γνῶσιν
1519 2154 1711 2195 μεριχωτάτην.

1113 2213 1125 2226 ιι
1141 2200 1212 2230 Τότε
1235 2199 1263 2229 δὲ
1280 2200 1421 2239 πρόσωπον
1446 2199 1511 2239 πρὸς
1533 2199 1689 2238 πρόσωπον.
1710 2207 1724 2226 D
1749 2195 1798 2233 οὐχ
1811 2193 1831 2221 εἶ’(

1071 2245 1212 2284 πρόσωπον
1227 2247 1273 2273 τοῦ
1297 2245 1368 2274 Θεοῦ
1395 2244 1510 2284 ἔχοντος,
1538 2243 1608 2274 ἀλλὰ
1629 2243 1673 2273 διὰ
1696 2241 1777 2271 τούτου
1797 2239 1830 2288 ὂειζ

1070 2289 1154 2318 κνύων
1180 2289 1229 2325 τὴν
1248 2288 1411 2329 σαφεστέραν
1438 2288 1484 2318 καὶ
1507 2288 1671 2329 τρανοτέραν
1694 2288 1831 2326 vitam!!!

1071 2333 1338 2373 ἀναχεκαλυμμένην.

1110 2437 1122 2450 α
1136 2422 1210 2464 Ἄρτι
1237 2423 1359 2463 γινώσκω
1384 2424 1412 2453 ἐκ
1432 2423 1537 2464 μέρους·
1558 2423 1616 2454 τότε
1635 2423 1662 2452 δὲ
1687 2419 1830 2468 ἐπιγνώσομξι

1071 2468 1158 2502 καθὼς
1172 2468 1351 2507 ἐπεγνώσθην.
1368 2481 1381 2495 »
1395 2470 1485 2507 Διπλῇ
1502 2471 1624 2508 καθαιρεῖ
1646 2468 1675 2497 τὸ
1691 2467 1787 2508 φύσημα
1799 2473 1830 2510 αυτ

1071 2515 1135 2552 τῶν,
1154 2513 1255 2546 δεικνὺς
1280 2513 1391 2553 μεριχήν
1407 2525 1436 2542 τε
1459 2509 1540 2542 οὖσαν
1557 2513 1604 2550 τὴν
1628 2515 1674 2542 νῦν
1691 2512 1784 2551 γνῶσιν,
1802 2511 1830 2553 In?“

1072 2559 1132 2588 οὐδὲ
1148 2558 1247 2594 ταύτην
1264 2559 1362 2588 οἴκοθεν
1388 2555 1479 2588 οὖσαν.
1493 2559 1535 2589 Οὔ
1559 2559 1610 2598 γὰρ
1632 2558 1696 2598 ἐγὼ,
1715 2554 1798 2595 φησὶν,
1814 2548 1830 2577 ἕ·

1071 2615 1140 2642 γνων
1155 2604 1199 2633 τὸν
1221 2604 1290 2634 Θεὸν
1305 2604 1342 2643 '7,
1357 2603 1415 2633 ἀλλ’
1431 2603 1509 2637 αὐτός
1533 2615 1566 2642 με
1588 2602 1734 2643 ἐγνώρισεν.
1754 2599 1829 2630 Ὥσπεέ

1072 2643 1117 2677 οὖν
1142 2652 1187 2678 νῦν
1213 2648 1290 2682 αὐτός
1315 2660 1348 2686 με
1370 2648 1449 2687 ἔγνω,
1475 2649 1520 2678 καὶ
1546 2649 1623 2681 αὖτός
1643 2658 1686 2685 μοι
1707 2644 1829 2682 ἐπέδραμεν

1073 2693 1156 2727 οὕτως
1179 2693 1231 2733 ἐγὼ
1248 2694 1320 2733 αὐτῷ
1337 2694 1536 2733 ἐπιδραμοῦμαι
1556 2692 1616 2722 τότε
1637 2690 1752 2725 μειζόνως
1763 2686 1777 2721 ἦ
1788 2687 1825 2712 '5"

920 2760 1019 2790 Variae
1040 2759 1188 2790 lectiones.

257 2817 280 2833 ¹⁶
301 2816 442 2848 συντελείας
458 2825 486 2846 ο.
525 2817 546 2834 ¹⁶
559 2817 690 2853 ἁδροτέραν
702 2825 728 2845 o.
767 2817 788 2834 ¹⁷
800 2816 874 2844 αὗτόν
889 2825 916 2845 ο.
