1867 3081
1 169 58 196 733

453 169 627 198 EXPOSITIO
650 171 680 197 IN
702 171 804 198 EPIST.
826 173 834 198 Ι
855 173 900 199 ΛΠ
920 173 996 199 COR.
1019 189 1053 194 —
1072 175 1146 201 CAP.
1170 175 1237 201 XIV.

1618 175 1671 202 73/}

1 230 104 271 ὥσπερ
134 233 152 260 ὁ
178 233 204 261 ἐν
229 232 317 261 σκότει
341 231 504 271 καθήμενος,
532 233 580 266 ἕως
604 233 651 272 μὲν
671 234 700 263 οὖ
726 232 808 273 βλέπε

899 235 926 262 ἐί
941 239 1007 264 tunc
1024 243 1166 264 accurram
1185 236 1290 272 majore
1310 236 1464 272 ocgnitione
1473 244 1558 272 quam
1577 245 1668 265 nunc:

1 275 47 304 τὸν
68 275 176 312 ἥλιον,
190 277 238 306 οὖχ
258 277 335 311 αὐτὸς
359 278 494 318 ἐπιτρέχει
515 279 553 318 τῷ
570 278 661 307 κάλλει
678 280 724 314 τῆς
744 279 820 308 ἀκτῖ-

1 332 61 357 νος,
90 321 162 349 ἀλλ’
187 321 275 357 ἐκείνη
293 321 423 351 δείκνυσιν
449 322 546 358 ἑαυτὴν
572 323 679 352 ἐπειδὰν
705 323 817 363 λάμψῃ’

1 365 67 394 ὅταν
97 365 233 404 δζαῦτῆς
258 365 365 402 δέξηται
379 366 426 402 τὴν
444 366 539 406 αἴγλην
554 368 587 404 ¹⁸,
602 367 662 397 τότε
677 368 722 397 καὶ
742 368 820 402 αὐτὸς

1 409 97 439 διώκει
128 411 163 439 τὸ
194 411 258 451 φῶς.
282 412 368 441 Τοῦτο
393 406 437 440 οὖν
465 413 521 441 ἐστι
545 412 589 449 τὸ,
614 424 628 441 tr
654 412 749 446 Καθὼς
773 413 818 443 καὶ

2 455 203 494 ἐπεγνώσθην
225 466 240 484 n
264 457 313 495 οὐχ
333 456 373 485 ὅτι
401 456 481 490 οὕτως
503 458 717 497 ἀπαραλλάκτως
741 458 818 487 αὐτὸν

2 499 139 537 εἰσόμεθα
151 522 160 538 ,
179 501 238 530 ἀλλ’
253 500 293 530 ὅτι
308 500 398 540 ὥσπερ
421 502 498 535 αὐτὸς
517 503 581 539 ἡμῖν
597 503 731 542 ἐπέδραμε
753 506 795 532 νῦν
807 526 815 540 ,

3 544 89 578 οὕτως
120 545 205 582 ἡμεῖς
231 545 342 584 ἑξόμεθα
366 546 480 576 aurci?”
506 547 584 576 τότε·
612 547 703 587 ὥσπερ
727 547 751 577 εἴ
778 560 817 582 τις

1 589 87 629 εὓρὼν
109 589 213 630 βρέφος
229 590 330 630 εὐγενὲς
351 590 455 620 ἐκτεθὲν
466 613 474 625 ,
490 592 595 621 ἀστεῖον
611 593 649 632 τῷ
671 593 750 629 εἴδει,
769 594 816 622 αὖ-

3 635 44 667 τὸς
59 634 113 672 μὲν
138 635 264 673 ἐπιγνοὺς
281 635 362 672 αὐτὸ,
380 636 516 672 ἀνέλοιτο,
540 637 586 666 καὶ
609 638 720 675 κομιδῆς
736 637 816 671 ἀξιώ-

1 691 74 719 σειε,
88 679 140 709 καὶ
159 681 274 719 εὐγενῶς
290 680 445 721 ἀνατρέφων
455 703 462 717 ,
479 682 630 710 τελευταῖον
647 682 694 711 καὶ
709 682 815 723 πλούτῳ

1 724 184 764 λιιιπρύνοι,
211 725 258 754 καὶ
275 726 310 759 εἷς
331 725 364 754 τὰ
394 726 516 764 βασίλεια
541 727 689 766 εἷσαγοίγῃ”
715 728 745 757 τὸ
767 728 812 766 δὲ,

3 768 52 802 ἕως
75 769 128 807 μὲν
154 768 253 805 νήπιον
281 769 340 806 εἴη,
359 770 462 803 οὐδενὸς
489 771 674 800 ἐπαισθάνοιτο
699 771 813 811 τούτων,

4 814 62 843 οὐδὲ
87 814 267 852 ἐπιγινώσχοι
285 814 334 850 τὴν
354 815 550 855 φιλανθρωπίαν
575 819 619 844 τοῦ
635 817 795 855 ἀνελομένου
808 830 814 836 ·

4 858 112 887 ἐπειδὰν
148 858 179 888 δὲ
207 859 399 899 ἄνδρωθείη²⁰,
437 863 582 896 τηνικαῦτα
619 861 737 899 ἐπιγνοίη
767 862 812 891 τὸν

874 280 1109 316 quemadmodum
1127 281 1173 318 qui
1188 281 1215 309 in
1229 281 1350 309 tenebris
1361 280 1448 314 sedet,
1461 282 1593 317 tantisper
1602 281 1668 310 dum

874 333 929 353 non
957 325 1081 354 intuetur
1107 327 1204 360 solem,
1218 326 1275 362 ipse
1299 333 1355 354 non
1369 325 1487 353 accurrit
1501 325 1536 354 ad
1552 325 1670 361 pulchri-

875 369 1000 398 tudinem
1020 370 1100 404 radii,
1116 370 1164 398 sed
1190 371 1251 398 luce
1267 371 1366 398 emissa
1381 370 1505 405 seipsum
1519 370 1612 398 radius
1625 371 1670 399 de-

873 419 1009 443 monstrat
1039 415 1169 452 :quando
1186 423 1250 444 vero
1266 415 1324 451 ipse
1347 414 1418 443 radii
1431 414 1566 451 fulgorem
1590 423 1669 443 acce-

873 460 956 496 perit,
969 465 1028 488 tum
1052 465 1079 488 et
1100 461 1156 497 ipse
1171 461 1349 497 persequitur
1377 460 1481 488 lumen.
1511 461 1570 487 Hoc
1586 460 1669 496 igitur

872 510 914 533 est
927 505 1001 542 quod
1014 506 1062 539 ait,
1079 518 1091 530 ι
1103 505 1348 542 Quemadmodum
1358 505 1485 541 cognitus
1493 512 1556 533 sum
1569 515 1575 533 :
1591 516 1604 529 υ
1613 513 1669 533 non

871 550 948 587 quod
962 550 1059 578 eodem
1075 559 1187 586 prorsus
1201 551 1285 578 modo
1299 551 1389 586 ipsum
1403 557 1597 586 agnoscemus,
1625 557 1668 578 ve.

872 603 934 623 rum
951 595 1026 631 quod
1041 595 1112 623 sicut
1127 595 1183 631 ipse
1197 595 1231 623 ad
1244 603 1295 623 nos
1311 603 1385 622 nunc
1409 595 1564 629 accesserit,
1578 594 1618 622 sic
1642 598 1669 622 et

871 648 920 668 nos
935 644 1001 668 tunc
1015 640 1196 676 adjungemur
1219 640 1279 676 ipsi.
1302 639 1390 667 Veluti
1416 639 1438 667 si
1453 639 1513 675 quis
1526 639 1669 667 inveniens

870 686 1020 721 ingenuum
1035 685 1167 714 infantem
1183 686 1350 722 expositum,
1374 683 1465 712 forma
1482 684 1618 712 blandum
1641 689 1668 713 et

868 730 1058 765 conspicuum,
1071 731 1128 766 ipse
1142 730 1254 766 quidem
1267 729 1400 758 infantem
1415 737 1567 765 agnoscens
1577 730 1664 763 tollat,

869 770 1087 807 educationeque
1099 771 1238 807 dignetur,
1248 771 1391 807 ipsumque
1401 770 1520 806 ingenue
1534 769 1664 803 educans,

869 815 983 843 tandem
1006 815 1105 851 opibus
1128 815 1300 852 splendidqu
1326 814 1432 849 reddat,
1458 819 1486 843 et
1504 814 1538 842 ad
1562 815 1665 851 regiam

869 860 1025 888 introducat
1042 869 1047 887 :
1064 868 1097 888 ac
1109 868 1175 896 puer
1189 860 1312 896 quandiu
1327 859 1418 887 infans
1433 859 1576 894 manserit,
1594 859 1662 888 nihil

7 902 164 942 εὐεργέτην,
197 903 243 933 καὶ
272 904 349 938 ἀξίως
375 904 455 934 αὖτὸν
483 905 653 943 ἀγαπήσειεν.
677 906 746 936 Ἰδού
773 919 810 936 σοι

899 913 969 933 trum
994 905 1103 939 sentiat,
1130 912 1216 941 neque
1243 905 1364 933 tollentis
1387 908 1519 940 agnoscat
1537 904 1664 933 humani-

6 947 48 976 διὰ
69 950 117 977 τοῦ
145 949 343 988 ὕποδείγματος
358 949 524 990 πεφώτισται
548 950 578 980 τὸ
604 951 812 990 συσχιαζόμενον

7 993 32 1021 ἐν
46 994 86 1033 τῷ
102 994 195 1034 ῥητῷ.

45 1138 58 1150 ι
84 1124 153 1155 Νυνὶ
180 1123 209 1154 δὲ
233 1125 305 1163 μένει
329 1125 432 1162 πίστις,
455 1126 543 1161 ἐλπὶς,
568 1127 676 1167 ἀγάπη,
694 1129 727 1157 τὰ
750 1129 811 1169 τρία

8 1171 108 1198 ταῦτα·
136 1170 238 1208 μείζων
263 1170 289 1199 δὲ
305 1171 404 1199 τούτων
426 1174 440 1207 ἡ
467 1172 571 1211 ἀγάπη.
586 1183 600 1200 D
621 1173 681 1202 Εἰσὶ
698 1173 745 1211 μὲν
768 1171 812 1204 οὖν

8 1214 50 1242 καὶ
71 1215 215 1253 γλῶσσαι,
241 1215 286 1244 καὶ
304 1220 480 1256 προφητεῖαι,
504 1218 549 1246 καὶ
576 1217 700 1255 γνώσεις,
717 1220 739 1247 εἰ
766 1220 811 1248 καὶ

11 1259 124 1299 ἆμυδραί
140 1261 212 1290 εἶα-ι’
238 1260 306 1295 πλὴν
329 1262 376 1296 τῆς
397 1261 510 1295 πίστεως
536 1262 662 1301 χὺϐείσης
683 1264 719 1296 εἷς
741 1264 811 1292 πάν-

10 1315 71 1340 τας,
88 1305 124 1338 ὥς
145 1304 197 1334 καὶ
214 1305 336 1344 ἀνωτέρω
359 1305 480 1345 εἴρηται,
495 1306 612 1343 πάντη²¹
634 1308 810 1347 ἀργήοουσιν·

10 1349 25 1382 ἦ
51 1348 140 1387 μέντοι
168 1349 276 1385 πίστις,
303 1352 318 1384 ἡ
342 1350 432 1387 ἐλπὶς,
454 1353 472 1386 ἡ
497 1351 606 1390 ἀγάπη,
632 1352 811 1392 μονιμώτεραι

12 1392 104 1422 τούτων
132 1393 234 1433 (τοῦτο
255 1394 306 1434 γάρ
322 1395 447 1433 σημαίνει
466 1395 510 1424 διὰ
532 1398 579 1425 τοῦ
595 1397 692 1426 εἰπεῖν·
713 1409 728 1426 ιι
746 1399 812 1428 Νυνὶ

12 1436 36 1465 δὲ
53 1438 140 1475 μένει,
169 1451 189 1467 ι
207 1438 256 1474 τὴν
270 1441 436 1477 μονιμότητα
455 1441 542 1476 δηλῶν
564 1443 615 1470 τῶν
638 1443 750 1482 τριῶν),
766 1443 811 1472 καὶ

14 1481 107 1511 τούτων
128 1482 155 1512 δὲ
179 1483 269 1512 αὐτῶν
297 1484 392 1522 μείζων
417 1486 433 1520 ἡ
459 1485 568 1524 ἀγάπη,
585 1486 676 1522 ἐπειδὴ
702 1487 747 1517 καὶ
775 1488 811 1521 εἷς

13 1526 52 1555 τὸν
67 1527 201 1565 μέλλοντα
219 1529 303 1558 αἰῶνα
319 1530 534 1569 παρεκτείνεται.

869 954 954 978 tatem
971 950 1070 978 :simul
1079 958 1110 978 ac
1123 957 1187 978 vero
1195 949 1354 984 adoleverit,
1363 949 1568 977 benefactorem
1581 957 1666 986 agno-

867 999 934 1029 scat,
950 994 1095 1031 dignisque
1107 1002 1170 1022 eum
1188 994 1329 1022 beneﬁciis
1342 998 1534 1030 prosequatur.
1558 995 1600 1022 En
1611 994 1664 1022 hoc

865 1040 924 1077 jam
949 1039 1073 1076 exemplo
1095 1039 1261 1068 illustratum
1288 1043 1340 1073 est,
1367 1038 1442 1075 quod
1465 1038 1663 1068 adumbratum

868 1085 930 1113 fuit.

903 1131 996 1158 Vsus.
1015 1132 1058 1158 l3.
1069 1141 1082 1154 ι
1099 1132 1179 1158 Nunc
1190 1134 1283 1157 autem
1295 1133 1391 1157 manet
1407 1129 1485 1162 ﬁdes,
1496 1137 1570 1165 spes,
1579 1129 1664 1165 206

867 1174 996 1208 charitas,
1021 1175 1074 1202 tria
1101 1178 1171 1207 MBO,
1190 1174 1238 1202 sed
1258 1174 1377 1202 maxima
1393 1174 1420 1201 in
1437 1174 1481 1202 his
1493 1174 1626 1202 Charitas.
1646 1184 1660 1201 ν

867 1222 938 1248 Sunt
960 1219 1075 1255 quidem
1099 1220 1253 1247 eiiamnum
1278 1219 1382 1255 lingua
1407 1222 1435 1247 et
1459 1219 1610 1255 prophetia:
1633 1223 1661 1247 et

868 1264 999 1297 seicntim,
1021 1264 1077 1292 sint
1100 1265 1163 1291 licet
1185 1264 1309 1291 obscura:
1324 1272 1331 1292 :
1345 1263 1422 1300 atqui
1448 1263 1501 1291 ﬁde
1520 1264 1547 1292 in
1568 1271 1663 1292 omnes

868 1309 979 1342 diffusa,
991 1313 1021 1337 ut
1030 1317 1110 1345 supra
1122 1309 1226 1336 dictum
1236 1313 1285 1341 est,
1299 1309 1414 1336 omnino
1425 1308 1571 1337 cessabunt
1583 1318 1589 1336 :
1604 1309 1662 1345 ipsa

867 1358 957 1382 tamen
988 1353 1067 1387 ﬁdes,
1093 1362 1156 1388 sges
1182 1357 1208 1381 et
1235 1353 1364 1388 Charitas,
1386 1353 1445 1382 istis
1477 1353 1663 1382 diuturniores

866 1403 930 1426 sunt
943 1398 981 1431 (id
994 1399 1066 1426 enim
1081 1398 1217 1432 signiﬁcat
1242 1406 1289 1434 per
1312 1398 1363 1426 hoc
1377 1398 1452 1435 quod
1473 1399 1522 1432 ait,
1540 1410 1554 1423 ‹‹
1583 1400 1663 1426 Nunc

866 1448 958 1471 autem
971 1447 1075 1477 manet,
1093 1455 1104 1467 ι»
1119 1443 1203 1471 trium
1225 1443 1341 1471 istorum
1356 1443 1529 1471 durationem
1555 1452 1588 1472 ac
1604 1448 1660 1471 sta-

865 1488 997 1516 bilitatem
1015 1488 1208 1521 denuu‘inns);
1224 1492 1306 1523 atque
1319 1489 1390 1516 inter
1402 1488 1462 1516 haec
1472 1489 1524 1516 tria
1539 1487 1660 1516 charitas

865 1533 987 1561 maxima
1000 1537 1053 1567 est,
1068 1533 1293 1570 quandoquidem
1308 1537 1334 1561 et
1349 1534 1376 1561 in
1391 1533 1513 1561 futurum
1527 1533 1660 1562 saeculum

827 1565 849 1596 C
865 1578 1037 1606 extendatur.

51 1616 78 1655 [ι
101 1618 166 1648 Νυνὶ
186 1617 216 1647 δὲ
234 1619 306 1657 μένει
330 1619 432 1656 πίστις,
457 1621 548 1656 ἐλπὶς,
574 1621 683 1660 ἀγάπη,
699 1622 732 1651 τὰ
747 1623 808 1662 τρία

18 1663 102 1692 ταῦτα.
127 1676 139 1688 ιι
162 1664 298 1693 Ἐνταῦοα
326 1664 369 1701 δὲ,
397 1666 471 1704 φησὶ,
499 1666 669 1706 μονιμώτερά
693 1668 743 1697 εἶσι
767 1669 809 1698 πί-

18 1716 82 1743 στις,
106 1706 199 1744 ἐλπὶς,
229 1708 333 1747 ἀγάπη.
359 1710 417 1745 Τῆς
439 1709 554 1743 πίστεως
569 1710 620 1750 γὰρ
638 1713 683 1740 τοῦ
709 1713 808 1752 κηρύγ-

19 1761 110 1788 ματος,
135 1753 170 1786 ὡς
194 1752 316 1792 εἴρηται,
347 1757 486 1794 πανταχοῦ
509 1755 688 1793 διαδοθείσης,
715 1758 742 1785 αἱ
761 1757 808 1795 μὲν

17 1795 128 1831 γλῶσσαι
157 1797 204 1826 καὶ
235 1798 262 1826 αἱ
290 1803 449 1838 προφητεῖαι
477 1800 522 1828 καὶ
553 1800 587 1829 τὰ
617 1800 698 1830 λοιπὰ
725 1802 806 1841 χαρί-

18 1849 100 1876 opera.
131 1841 326 1878 παυοήσονται.
354 1842 388 1873 Ἡ
424 1843 511 1878 πίστις
542 1844 586 1881 δὲ,
614 1846 630 1879 ἡ
665 1845 726 1885 περὶ
757 1847 809 1875 τῶν

19 1884 176 1923 μελλόντων,
198 1889 247 1922 τῆς
267 1899 295 1916 τε
317 1887 429 1927 κρίσεως
455 1888 501 1918 καὶ
523 1889 740 1926 ἀνταποδόσεως,
763 1891 808 1920 καὶ

18 1929 33 1963 ἡ
48 1929 117 1963 ἐλπὶς
130 1932 182 1959 τῶν
203 1931 341 1970 ἆμοιϐῶν,
358 1933 403 1962 καὶ
417 1935 434 1968 ἡ
449 1933 514 1974 πρὸς
540 1933 672 1969 ἀλλήλους
694 1934 786 1974 ἀγάπη
797 1959 804 1971 ,

21 1978 86 2008 μενεῖ
99 1975 176 2014 μέχρι
189 1977 356 2014 συντελείας,
372 1979 407 2010 ὡς
421 1978 626 2018 χρειωδεοτέρα.

52 2030 62 2042 σ
85 2019 186 2054 Μείζων
205 2021 233 2050 δὲ
250 2021 348 2050 τούτων
359 2024 375 2057 ἡ
398 2022 502 2060 ἀγάπη,
519 2037 531 2049 ››
547 2023 656 2053 Τούτων
685 2024 712 2053 δὲ
728 2024 806 2054 πάλιν

21 2061 64 2108 37w
85 2066 272 2106 μονιμωτέρων
296 2066 510 2106 κατορθωμάτων
536 2068 633 2106 μείζων
656 2070 674 2104 ἡ
703 2070 805 2108 ἀγάπη.

20 2105 69 2152 Τῆς
95 2110 244 2144 συντελείας
270 2110 321 2152 γὰρ
348 2105 492 2148 ἐλθούσης,
565 2112 613 2150 μὲν
641 2105 732 2147 πίστις’
761 2114 806 2144 καὶ

20 2149 328 2199 έλπὶςςηαυϐήσοντανῆ
352 2155 379 2185 δὲ
402 2156 494 2195 ἀγάπη
517 2149 602 2195 μενεῖ,
628 2159 803 2199 κραταιοτέρα

20 2195 132 2233 γινομένη
147 2199 192 2228 καὶ
209 2200 383 2241 σφοδροτέρα.
403 2200 478 2231 Cod.
500 2195 662 2242 ArundeL]

292 2272 437 2303 ΚΕΦΑΛ.
466 2271 524 2303 Μ’.

29 2370 34 2376 γ
91 2330 203 2376 ιξιώχετε
228 2333 275 2370 τὴν
300 2333 420 2374 ἀγάπην,
446 2348 457 2361 ιι
474 2334 587 2371 Ἐπειδῆ
616 2335 684 2376 μέγα
710 2339 805 2376 χρῆμα

23 2371 128 2418 ὕςιξέδειξε
155 2377 270 2416 ταύτην,
298 2378 476 2418 προτρέπεται
512 2380 603 2410 λοιπὸν
636 2382 678 2410 ἐπ’
709 2383 803 2417 αὐτήν.

23 2415 73 2444 Οὔκ
85 2413 139 2448 εἷπε
157 2421 199 2458 δὲ,
215 2413 455 2453 ὅτιΠἊκολοίιθεῐτε
481 2424 562 2464 αὐτῇ,
585 2426 655 2454 ἀλλὰ
666 2451 673 2464 ,
703 2437 718 2455 (ι
732 2413 804 2456 Atii)-

24 2468 125 2512 κξτεξ.)
139 2464 185 2501 τὴν
202 2467 395 2506 ἐπιτεταμένην
409 2469 526 2504 σπουδὴν
550 2471 681 2501 ἀπαιτῶν.
698 2471 803 2512 Ιῖέφυγε

27 2505 69 2542 γάρ
82 2505 215 2556 ἐξιὴμῶν,
239 2512 284 2541 καὶ
299 2505 400 2543 ⁴ιιὲολλοῢ
410 2513 490 2553 χρεία
505 2513 621 2554 δρόμου,
636 2513 680 2544 ἵνα
701 2505 802 2556 φθάσω-

28 2557 67 2581 μεν
77 2551 180 2589 ταύτην,

63 2646 77 2665 α
88 2640 246 2693 ,Ζηλοῢτῖῥὲ
261 2644 494 2693 τὰμπνευματιχᾶο
510 2649 612 2686 μᾶλλον
625 2648 670 2688 δὲ,
682 2648 726 2679 ἵνα
740 2662 804 2690 προς

28 2687 150 2735 ξρτειξητι.
167 2699 182 2716 ι
197 2687 257 2721 Ἵνα
275 2690 312 2730 μὴ
331 2692 492 2731 νομίσωσιν,
515 2693 555 2722 ὅτι
570 2693 612 2722 διὰ
627 2697 705 2725 τοῦτο
728 2696 802 2735 ἐξῆρε

29 2722 67 2757 τὴν
81 2727 194 2769 ἀγάπην,
208 2734 250 2764 ἵνα
266 2722 351 2774 σϐέσῃ
362 2722 398 2766 τὰ
411 2722 568 2778 χαρίσματα
578 2761 586 2776 ,
598 2722 709 2780 ἐπάγειν·

901 1634 916 1649 ι(
930 1625 1017 1652 Vens.
1032 1626 1074 1652 l3.
1088 1636 1099 1647 «
1119 1625 1196 1651 Nunc
1205 1627 1299 1651 autem
1316 1627 1408 1651 manet
1419 1622 1496 1657 ﬁdes,
1507 1631 1580 1659 spes,
1592 1624 1661 1651 cha-

863 1668 941 1703 ritas,
967 1670 1018 1697 tria
1048 1669 1117 1696 hanc.
1144 1681 1156 1692 ιι
1184 1669 1244 1696 Hoc
1260 1668 1286 1696 in
1304 1668 1363 1696 loco
1390 1668 1429 1696 ait
1456 1668 1549 1702 ﬁdem,
1570 1676 1660 1704 spem,

863 1713 1024 1741 charitatem
1039 1713 1206 1741 durzibiliora
1231 1721 1300 1741 esse.
1329 1714 1399 1741 Nam
1412 1712 1467 1741 ﬁde
1489 1713 1660 1749 praedicatio-

863 1758 905 1785 nis
920 1758 1020 1794 ubique
1035 1758 1221 1789 disseminata,
1236 1758 1279 1785 uti
1289 1757 1395 1785 dictum
1409 1762 1461 1790 est,
1477 1758 1578 1793 lingua:
1598 1759 1659 1794 qui-

863 1802 927 1830 dem
945 1807 971 1830 et
984 1803 1135 1838 prophetia:
1160 1807 1316 1838 emteraque
1343 1803 1413 1829 dona
1432 1802 1589 1830 cessabunt.
1618 1803 1661 1831 Fi-

863 1848 911 1874 des
922 1855 996 1880 vero,
1013 1854 1076 1882 qua:
1094 1846 1182 1874 estde
1198 1846 1280 1874 rebus
1293 1845 1394 1873 futuris
1412 1850 1440 1872 et
1455 1846 1489 1873 de
1506 1846 1611 1881 judicio
1627 1856 1658 1874 ac

862 1891 1053 1923 retributione,
1068 1899 1123 1918 non
1149 1898 1212 1926 spes
1235 1890 1342 1926 praemii
1362 1894 1389 1917 et
1419 1894 1515 1917 mutua
1535 1890 1658 1925 dilectio,

862 1940 957 1972 utpote
979 1936 1067 1971 magis
1092 1934 1257 1968 necessaria,
1272 1933 1307 1962 ad
1326 1934 1597 1962 consummationem
1613 1942 1658 1962 us-

862 1989 914 2017 que
926 1980 1139 2016 permanebunt.
1244 1973 1246 1975 ’

900 2036 914 2051 (ι
930 2025 982 2054 Sed
996 2025 1114 2053 maxima
1126 2025 1152 2052 in
1165 2024 1208 2052 his
1223 2023 1355 2052 charitas.
1371 2035 1384 2047 ν
1401 2024 1525 2051 Rursum
1541 2032 1573 2052 ex
1599 2024 1658 2053 istis

862 2070 1008 2098 virtutibus
1020 2078 1081 2106 qua:
1098 2069 1280 2097 durabiliores
1289 2072 1366 2104 sunt,
1376 2068 1466 2105 major
1477 2073 1519 2096 est
1529 2069 1656 2097 charitas.

863 2117 930 2144 Nam
953 2115 1008 2143 ﬁne
1029 2115 1189 2142 adveniente
1201 2113 1270 2142 ﬁdes
1291 2121 1355 2141 sane
1380 2122 1411 2141 ac
1426 2121 1488 2149 spes
1502 2114 1656 2149 cessabunt,

860 2161 980 2189 charitas
994 2164 1097 2192 autem,
1110 2163 1203 2195 utpote
1227 2158 1326 2187 fortior
1343 2162 1372 2187 et
1390 2158 1577 2188 vehementior
1594 2159 1656 2188 red-

860 2205 928 2239 dita,
944 2205 1126 2241 permanebit.

1149 2276 1271 2304 CAPUT
1291 2276 1368 2303 XIV.

899 2342 987 2369 Vens.
1006 2344 1030 2368 1.
1055 2350 1068 2365 (ι
1090 2338 1237 2367 Sectamini
1258 2337 1433 2367 charitatem.
1460 2351 1472 2364 ιι
1500 2340 1569 2376 Quia
1597 2349 1657 2370 rem

859 2393 919 2414 esse
933 2384 1047 2413 arduam
1073 2383 1235 2411 charitatem
1259 2383 1470 2419 demonstravit,
1493 2385 1657 2415 adhortatur

859 2430 985 2466 deinceps
999 2429 1033 2457 ad
1045 2437 1116 2457 eam.
1132 2430 1194 2457 Non
1210 2433 1302 2456 autem
1316 2427 1395 2463 dixit,
1419 2429 1570 2466 Sequimini
1581 2439 1655 2465 eam,

859 2475 920 2509 sed,
945 2475 1062 2507 Διώκετε,
1079 2473 1107 2502 id
1133 2478 1175 2502 est
1198 2473 1340 2501 sectamini
1361 2474 1418 2501 sive
1443 2475 1654 2511 persequimini;

859 2521 1052 2559 vehementem
1065 2522 1193 2548 conatum
1214 2523 1295 2554 atque
1320 2518 1491 2554 diligentiam
1515 2525 1655 2556 expetens.

860 2565 965 2602 Effugit
989 2566 1060 2594 enim
1077 2574 1092 2594 a
1112 2565 1191 2593 nobis
1205 2573 1289 2601 quare
1306 2566 1396 2594 multo
1421 2573 1502 2594 cursu
1515 2574 1584 2602 opus
1605 2570 1654 2598 est,

859 2614 891 2638 ut
904 2618 965 2638 eam
979 2618 1170 2646 assequamur.

896 2667 909 2680 αι
939 2656 1117 2684 Ᾰῐιηυιειηίηἰ
1132 2655 1295 2692 spiritualia,
1319 2655 1407 2691 magis
1427 2658 1522 2683 autem
1538 2657 1568 2682 ut
1588 2662 1655 2690 pro-

859 2700 984 2736 phetetis.
1014 2711 1026 2725 η
1048 2702 1090 2729 Ne
1115 2701 1284 2728 arbitrentur
1311 2701 1386 2736 quod
1410 2703 1553 2736 propterea
1571 2698 1656 2727 chari-

857 2749 944 2773 tatem
977 2745 1085 2780 extulit,
1115 2749 1146 2773 ut
1181 2745 1337 2781 exstinguat
1356 2744 1531 2779 charismata,
1560 2744 1653 2779 infert,

704 2785 798 2816 Varia:
821 2787 977 2818 lectiones.

61 2817 78 2832 ¹⁸
93 2820 162 2858 αὐγήν
175 2834 201 2854 ο,
240 2829 259 2847 to
274 2829 340 2866 αὗτῷ
353 2839 378 2858 ο,
416 2831 438 2848 ιο
453 2831 581 2867 ἅδρυνθείη
598 2841 624 2861 ο.
663 2835 684 2851 ¹¹
699 2836 787 2868 πάντες
803 2844 830 2864 ο.
