1867 3081
218 169 270 195 735

221 241 231 255 ι
261 229 443 258 Ᾰζωιιιοωίιιί
461 229 620 266 spiritualia,
643 240 655 254 ν
683 229 736 258 hoc
757 234 809 264 est,
833 229 994 258 charismata

1076 233 1144 260 \oUrs
1166 231 1201 261 τὰ
1226 229 1412 270 πνευματικὰ,
1439 243 1451 256 υ
1476 228 1612 265 τουτέστι,
1633 228 1667 258 τὰ
1689 227 1824 270 χαρίσματι,

218 282 274 311 pra:
295 275 402 303 cazteris
429 278 522 303 autem
539 274 725 311 prophetiam.
751 275 813 303 Hoc
834 279 926 303 autem
947 275 1016 304 dixit

216 320 375 356 linguarum
417 327 510 354 causa,
545 326 665 355 quarum
700 319 812 347 nomine
855 325 1014 355 arrogantes

217 368 295 393 erant
298 386 305 393 .

253 411 340 438 Vens.
352 412 380 443 2,
392 411 419 437 3.
434 417 448 435 α
458 408 513 445 Qui
522 408 595 437 enim
605 408 697 445 lingua
707 408 838 444 loquitur,
854 409 1015 437 hominibus

217 462 275 482 non
289 454 419 490 loquitur,
433 453 481 481 sed
508 455 576 481 Deo.
594 454 684 481 Nemo
703 453 779 481 enim
794 453 870 481 audit
888 465 893 481 :
911 454 1014 489 Spiritu

218 502 311 526 autem
324 498 448 534 loquitur
461 497 600 534 mysteria.
613 497 667 532 Qui
683 506 747 525 vero
768 498 914 534 prophetat
927 498 1015 526 homi-

218 543 299 571 nibus
311 543 431 579 loquitur
453 542 666 571 aediﬁcationem
681 547 709 570 et
731 543 953 571 adhortationem
987 547 1015 571 et

218 587 447 616 consolationem.
465 598 478 611 ι·
498 587 620 622 Linguas
637 595 702 615 cum
729 587 872 623 prophetia
897 587 1013 621 confert,

218 632 392 667 ostenditque
424 639 470 660 eas
497 639 546 668 per
578 639 607 660 se
632 639 723 668 neque
748 632 866 660 omnino
894 632 1013 666 inutiles,

218 684 307 713 neque
322 676 436 705 omnino
450 676 621 705 commodas.
640 688 652 700 ιι
666 678 728 704 Non
748 687 761 701 ι
778 677 852 704 enim
869 689 880 701 ι
897 677 1015 704 homini-

220 722 270 749 bus
284 722 444 757 loquuntur,
459 721 510 749 sed
532 723 589 749 Deo
617 730 624 749 :
642 733 655 746 ιο
669 721 723 749 hoc
737 725 788 755 est,
803 729 860 749 non
875 721 1014 750 intellectu

217 766 304 794 facilia
312 770 339 794 et
347 770 442 802 aperta
448 765 608 793 hominibus
618 765 725 799 dicunt;
737 770 868 794 caeterum
878 767 906 794 iu
912 766 1014 802 Spiritu

216 810 472 846 sanctoloquuntur
485 811 625 847 mysteria.
643 812 782 847 Quatenus
794 811 888 846 itaque
905 819 938 838 ex
959 811 1016 846 Spi-

728 167 984 196 THEOPHYLACTI
1003 167 1178 196 BULGARIE
1197 167 1354 196 ARCHIEP.
1790 167 1824 193 736

1068 275 1206 316 ἐξαιρέτως
1233 275 1261 306 δὲ
1289 268 1337 311 τὴν
1360 273 1535 316 προφητείαν.
1563 275 1653 304 Τοῦτο
1678 268 1705 303 δὲ
1727 268 1775 303 εἶπε
1798 274 1825 302 διὰ

1069 321 1115 354 τὰς
1126 314 1270 360 γλώσσας,
1286 321 1328 361 ἐφ’
1343 314 1388 353 αἶς.
1397 314 1472 349 αὖτοὶ
1484 318 1682 355 ἠλαζονεύοντο.
1854 314 1855 355 1

1112 377 1127 395 ιι
1148 365 1182 395 Ὁ
1207 365 1258 405 γὰρ
1283 366 1373 394 λαλῶν
1397 364 1506 404 γλώσσῃ
1528 365 1574 394 οὒκ
1598 363 1740 402 ἀνθρώποις
1758 363 1825 398 λαλεῖ,

1068 410 1137 439 ἀλλὰ
1153 412 1191 450 τῷ
1207 411 1283 450 Θεῷ.
1304 409 1399 442 Οὐδεὶς
1418 408 1470 449 γὰρ
1494 408 1595 439 ἀκούει.
1614 407 1746 446 Πνεύματι
1758 407 1780 437 δὲ
1792 408 1826 436 λι-

1067 455 1110 484 λεῖ
1133 453 1275 494 μυστήρια.
1308 453 1343 484 ε0
1365 453 1393 483 δὲ
1417 453 1591 494 προφητεύων
1621 452 1756 492 ἀνθρώποις
1773 453 1827 481 λαλεῖ

1068 500 1208 538 οἰκοδομὴν
1224 499 1269 528 καὶ
1291 499 1460 538 παράκλησιν
1487 498 1532 528 καὶ
1554 497 1732 538 παραμυθίαν.
1746 508 1758 526 ι

1068 544 1151 584 κρίνει
1175 543 1221 577 τὰς
1244 543 1368 582 γλώσσας
1393 543 1460 583 πρὸς
1480 542 1529 578 τὴν
1545 542 1723 583 προφητείαν,
1738 541 1826 571 καὶοῦτι
1854 541 1855 557 ³

1068 589 1155 625 πάντη
1170 588 1320 629 ἀχρήστους
1341 587 1456 618 δείκνυσι
1470 587 1583 624 ταύτας,
1602 587 1664 617 οὔτε
1683 587 1761 622 πάντη
1777 585 1825 625 ὦσε-

1068 633 1161 672 λίμους
1189 634 1247 662 καθ’
1280 633 1384 667 ἑαυτάς.
1412 633 1453 662 Οὖ
1479 631 1530 672 γὰρ
1552 632 1699 672 ἀνθρώποις
1720 632 1825 665 λαλοῦσιν,

1070 677 1139 707 ἀλλὰ
1155 679 1193 717 τῷ
1213 678 1276 717 Θεῷ
1287 689 1294 696 ’
1314 677 1465 712 τουτέστιν,
1489 678 1537 706 οὒκ
1559 677 1671 713 εὖνόητα
1688 676 1778 714 λέγουσι
1792 678 1826 707 τοῖς

1069 722 1214 762 ἀνθρώποις
1227 724 1274 752 καὶ
1294 724 1376 763 σαφῆ,
1391 722 1451 750 ἀλλ’
1467 722 1494 751 ἐν
1510 722 1578 761 ἁγίῳ
1600 721 1737 759 Πνεύματι
1747 721 1826 749 λαὶ-οὔτι

1070 767 1215 807 μυστήρια.
1238 766 1328 797 "ante
1353 766 1420 796 καθὸ
1445 766 1492 805 μὲν
1518 767 1548 796 ἐκ
1572 765 1726 810 Πνεύματος
1738 765 1827 796 λαλοῦσι,
1854 798 1855 810 γ

1070 812 1138 851 μέγα
1162 813 1191 841 τὸ
1210 816 1342 852 πρᾶγμα·
1366 812 1431 841 καθὸ
1458 811 1485 840 δὲ
1503 812 1551 840 οὖκ
1575 809 1726 850 ἀνθρώπους
1745 810 1826 849 mariti,

218 856 272 883 ritu
280 855 486 891 quuuntur,res
494 846 618 892 profecto
625 846 666 884 est
676 855 773 884 ardua:
781 859 915 891 quatenus
923 860 994 884 auter

1076 846 1184 892 ἡττᾶται
1198 846 1243 892 τῆς
1264 846 1438 896 προφητείας.
1457 856 1566 891 Ἐκείνη
1589 846 1642 895 γὰρ
1659 854 1703 884 καὶ
1722 855 1748 884 ἐκ
1770 846 1828 883 Πνεύ·
1854 846 1855 879 i

217 901 378 929 hominibus
387 908 443 928 non
458 900 580 936 prodest,
594 900 704 928 inferior
716 905 757 928 est
772 900 924 937 prophetia.
942 903 1013 929 Nam

217 945 260 973 illa
274 950 300 974 et
315 954 347 974 ex
370 945 474 981 Spiritu
498 949 551 980 est,
567 949 595 973 et
607 945 791 979 commodior,
812 953 871 980 eos,
896 945 944 981 qui
959 953 1014 973 non

216 994 282 1018 sunt
291 990 415 1024 stabiliti,
427 989 579 1022 zedilicans.
590 990 730 1025 segniores
740 990 889 1018 adhortans
900 995 927 1018 et
948 989 1018 1018 exci-

217 1039 289 1068 tans,
313 1035 503 1071 pusillanimes
526 1035 652 1062 animans
673 1039 700 1063 et
726 1035 882 1063 consolans.
905 1035 1016 1070 Ubique

218 1087 283 1116 ergo
294 1080 395 1108 Paulus
410 1079 476 1108 illud
494 1079 571 1115 ponit
585 1079 683 1116 majus.
696 1080 770 1115 quod
783 1083 824 1108 est
837 1080 941 1108 utilius.

253 1171 383 1207 Vnns.{4.
399 1183 412 1196 ι
423 1172 477 1208 Qui
488 1171 612 1208 loquitur
623 1171 725 1208 lingua,
740 1173 863 1208 seipsum
877 1172 994 1201 aediﬁcat
1006 1183 1013 1201 :

218 1217 265 1254 qui
285 1220 381 1245 autem
402 1217 556 1253 prophetat,
580 1217 736 1245 Ecclesiam
754 1217 882 1246 tediiicat.
899 1230 911 1242 ιι
936 1218 1016 1246 Multi

217 1262 320 1299 linguis
355 1262 500 1298 loquentes
521 1269 579 1290 non
607 1266 736 1298 poterant
761 1262 820 1291 aliis
843 1263 1016 1299 interpretari

219 1315 281 1343 quae
292 1307 428 1335 dicerent.
443 1307 489 1334 Isti
504 1306 586 1342 igitur
607 1306 728 1343 sibiipsis
742 1307 808 1335 solis
823 1307 906 1335 utiles
924 1312 1013 1335 erant.

219 1352 272 1389 Qui
299 1356 394 1380 autem
418 1351 576 1388 prophetat,
604 1359 702 1379 omnes
727 1352 871 1380 audientes
891 1352 1016 1388 juvabat.

219 1397 326 1432 Quanto
361 1396 445 1433 igitur
473 1397 649 1432 praestantius
673 1401 714 1424 est
743 1397 891 1424 Ecclesiam
919 1397 1018 1432 juvare

219 1441 309 1477 potius
324 1449 407 1477 quam
422 1448 521 1476 unum,
533 1445 610 1468 tanto
625 1441 709 1469 etiam
723 1440 822 1477 linguis
835 1441 1017 1469 excellentior

220 1490 262 1514 est
275 1486 429 1522 prophetia.

255 1521 344 1558 Vens.
361 1532 388 1558 5.
406 1541 419 1554 α
434 1530 505 1558 Volo
526 1533 620 1558 autem
638 1537 685 1557 vos
700 1537 797 1558 omnes
814 1529 917 1565 linguis
930 1529 1015 1566 loqui.
1036 1521 1056 1549 (ἶ

219 1575 309 1612 magis
328 1578 422 1602 autem
435 1578 465 1602 ut
475 1574 652 1610 prophetetis.
665 1585 679 1599 »
696 1575 762 1609 Quia
777 1581 831 1602 non
847 1574 926 1610 pauci
942 1574 1015 1610 apud

220 1627 269 1648 eos
283 1619 466 1655 loquebantur
477 1619 585 1654 linguis,
594 1626 628 1646 ne
642 1619 725 1654 207
737 1619 861 1647 videatur
868 1627 899 1647 ex
914 1619 1016 1647 invidia

219 1664 326 1700 linguas
347 1663 463 1697 elevare,
482 1675 495 1688 ι
509 1663 590 1697 Volo,
607 1675 620 1687 ιο
637 1664 737 1700 inquit,
755 1675 767 1687 «
791 1671 890 1692 omnes
915 1664 1017 1700 linguis

221 1708 306 1744 loqui,
323 1719 336 1733 ιι
350 1716 407 1736 non
421 1715 507 1736 unum
522 1712 570 1736 aut
583 1708 663 1742 duos,
679 1709 768 1744 potius
789 1712 883 1736 tamen
899 1709 959 1737 volo
984 1713 1018 1737 ut

220 1753 400 1790 prophetetis,
415 1757 526 1789 propter
535 1753 670 1789 majorem
684 1753 833 1781 utilitatem
847 1753 960 1782 scilicet.

257 1809 270 1823 αι
286 1797 376 1835 Major
387 1798 462 1826 enim
476 1799 571 1834 estqui
587 1798 741 1834 praphetat,
757 1806 840 1834 quam
856 1799 902 1834 qui
919 1799 1017 1834 linguis

219 1843 352 1880 loquitur,
367 1843 418 1871 nisi
431 1844 514 1872 etiam
529 1844 730 1879 interpretetur,
755 1848 785 1871 ut
808 1843 928 1872 Ecclesia
952 1843 1017 1872 aedi-

220 1888 377 1917 ﬁcationem
401 1889 525 1925 accipiat.
544 1900 556 1913 »ι
577 1889 678 1925 Major,
701 1888 800 1925 inquit,
816 1892 857 1916 est
871 1888 1016 1924 propheta,

221 1941 318 1962 verum
332 1942 365 1962 eo
378 1933 424 1970 qui
438 1938 547 1962 tantum
562 1934 661 1969 linguis
675 1934 807 1969 loquitur,
823 1941 874 1961 nec
884 1934 1017 1969 interpre-

221 1979 273 2007 tari
287 1979 373 2007 novit.
391 1979 464 2006 Nam
482 1978 507 2006 si
526 1979 604 2005 novit
623 1978 817 2013 interpretari,
837 1978 951 2014 aequalis
978 1982 1019 2006 est

223 2023 363 2059 prophetae
391 2023 413 2050 is
438 2022 485 2058 qui
510 2023 612 2058 linguis
641 2022 773 2058 loquitur.
792 2022 918 2050 Ediﬁcat
943 2023 1018 2051 enim

224 2068 386 2101 Eoolesiam,
401 2067 468 2095 dum
490 2066 683 2102 interpretatur
697 2075 759 2102 qua
781 2067 898 2095 obscure
924 2067 951 2094 in
969 2067 1019 2094 lin-

222 2119 277 2148 gua
296 2111 435 2139 dicuntur.
459 2112 571 2139 Donum
595 2110 678 2138 etiam
692 2115 751 2138 erat
764 2111 968 2146 interpretatio,

1076 2107 1183 2156 γλῴσσῃ
1206 2107 1350 2146 λεγόμενα.
1373 2102 1504 2148 Χάρισμα
1520 2108 1548 2137 δὲ
1624 2107 1670 2136 καὶ
1730 2102 1832 2156 ξρμξηνείι,

222 2156 282 2185 aliis
294 2156 406 2192 quidem
420 2155 549 2190 dabatur,
573 2155 621 2191 qui
634 2155 734 2192 linguis
753 2155 944 2191 loquebantur,
961 2156 1022 2185 aliis

223 2209 287 2229 vero
299 2209 354 2229 non
371 2200 499 2229 dabatur.

258 2247 348 2275 Vens.
374 2249 401 2274 6.
426 2258 438 2270 ι
456 2247 536 2274 Nune
549 2249 654 2279 autem,
681 2245 790 2280 fratres,
819 2245 842 2274 si
869 2253 970 2274 venero
985 2246 1020 2274 ad

223 2299 272 2320 vos
286 2291 385 2328 linguis
402 2291 529 2327 loquens,
552 2291 617 2328 quid
631 2291 709 2319 vobis
727 2290 858 2327 prodero,
872 2291 924 2319 nisi
941 2291 1019 2320 vobis

222 2335 318 2372 loquar
331 2335 359 2363 in
373 2335 545 2371 revelatione,
573 2339 621 2364 aut
645 2335 769 2369 scientia,
795 2340 843 2364 aut
867 2335 1019 2372 prophetia,

222 2384 270 2408 aut
283 2380 459 2408 doctrina?»
489 2380 581 2408 Vultis
603 2380 673 2408 scire
686 2380 895 2409 incommodum
914 2380 1020 2417 lingua-

223 2432 286 2452 rum
302 2432 364 2461 quaa
376 2433 431 2452 non
447 2427 642 2461 exponuntur?
657 2427 723 2454 Esto
747 2425 823 2461 quod
845 2433 897 2461 ego
921 2425 1021 2453 Paulus

224 2470 323 2497 doctor
336 2473 425 2497 vester
438 2470 537 2506 loquor
550 2470 668 2506 linguis;
684 2470 732 2498 sed
746 2469 809 2498 inde
830 2470 866 2498 ad
880 2469 1021 2498 auditores

222 2514 289 2542 nihil
318 2514 495 2543 emolumenti
521 2515 672 2550 proveniet,
698 2514 751 2542 nisi
778 2514 845 2551 quid
868 2514 964 2543 dixero
994 2515 1020 2542 in

223 2559 399 2594 revelatione,
414 2559 468 2588 hoc
482 2563 534 2594 est,
559 2559 794 2596 quemadmodum
819 2564 1022 2588 consueverunt

224 2605 319 2633 dicere
338 2605 384 2642 qui
396 2605 590 2634 revelationem
606 2613 623 2633 a
635 2606 690 2633 Deo
702 2604 789 2632 sortiti
801 2609 866 2633 sunt
892 2614 899 2633 :
921 2613 982 2642 qua:
994 2609 1022 2633 et

223 2650 281 2686 ipsa
292 2652 334 2678 est
346 2651 498 2687 prophetiae
516 2650 633 2686 species,
653 2657 718 2678 cum
745 2650 841 2678 multis
867 2651 1021 2679 astantibus

224 2695 357 2732 cujusque
375 2703 456 2724 sensa
470 2694 610 2732 pateﬁant.
641 2706 655 2720 α
670 2694 720 2724 Vel
736 2694 761 2722 in
781 2694 907 2730 scientia,
926 2706 939 2720 ι»
968 2694 1022 2722 hoc

1070 913 1164 940 ματος,
1179 901 1225 930 καὶ
1247 900 1457 941 ὠφελιμωτέρα,
1485 900 1545 934 τοὺς
1565 900 1736 939 ἀστηρίκτους
1757 899 1826 927 οἰκοδο-

1070 950 1170 985 μοῦσα,
1186 945 1246 980 τοὺς
1262 945 1457 987 ῥᾳθυμοτέρως
1481 945 1679 984 παρακαλοῦσα
1700 944 1740 973 καὶ
1760 942 1827 980 διεγεί-

1070 1002 1166 1031 ρουσα,
1183 990 1241 1024 τοὺς
1262 984 1436 1030 δλιγοψύχους
1455 989 1698 1029 παραμυθουμένη.
1717 989 1826 1026 Πανταχῶ

1069 1035 1155 1065 τοίνυν
1178 1036 1192 1064 ὁ
1214 1036 1320 1068 Παῦλος
1344 1036 1428 1065 ἐκεῖνο
1453 1033 1554 1063 τίθεται
1580 1035 1687 1072 μεῖζον,
1711 1032 1738 1062 τὸ
1754 1032 1825 1072 ὦῖιελι·

1071 1079 1188 1119 μὼτερον
1193 1102 1200 1110 .

1111 1183 1122 1195 ι
1139 1168 1172 1199 Ὁ
1187 1169 1276 1198 λαλῶν
1292 1169 1400 1208 γλώσσῃ
1427 1167 1518 1197 ἑαυτὸν
1543 1168 1693 1206 οἰκοδομεῖ·
1713 1169 1726 1196 ὁ
1748 1165 1770 1195 δὲ
1785 1176 1829 1204 προ-

1071 1213 1190 1254 φητεύων
1219 1213 1385 1249 Ἐκκλησίαν
1403 1214 1546 1252 οἰκοδομεῖ.
1572 1225 1586 1240 ιο
1606 1211 1706 1242 Πολλοὶ
1729 1210 1829 1250 γλώσσαις

1070 1259 1210 1291 λαλοῦντες
1231 1259 1278 1288 οὐκ
1295 1257 1388 1297 ἴσχυον
1409 1258 1455 1287 καὶ
1471 1257 1568 1297 ἑτέροις
1592 1259 1748 1297 ἑρμηνεῦσαι
1763 1255 1776 1284 ἃ
1791 1255 1828 1283 ἔλε-

1070 1315 1115 1343 γον
1127 1303 1165 1333 ²².
1179 1299 1262 1333 Οὗτοι
1287 1302 1372 1332 τοίνυν
1397 1302 1506 1335 ἑαυτοὺς
1532 1302 1626 1340 μόνους
1643 1301 1762 1341 ὠφέλουν.
1778 1299 1803 1328 Ὁ
1814 1298 1829 1326 δὲ

1071 1347 1244 1388 προφητεύων
1275 1348 1377 1380 πάντας
1397 1346 1457 1380 τοὺς
1480 1346 1624 1380 ἀκούοντας
1649 1346 1748 1386 ὠρέλει.
1771 1343 1830 1374 Ὅσα

1072 1388 1116 1422 οὖν
1138 1394 1168 1422 τὸ
1183 1393 1263 1431 μέσον
1282 1394 1328 1422 τοῦ
1355 1392 1402 1421 ἕνα
1422 1392 1598 1432 ὠφελεῖσθαι,
1617 1391 1662 1420 καὶ
1685 1393 1729 1420 τοῦ
1743 1389 1830 1422 Ἐκκλη-

1072 1437 1147 1474 σίαν,
1166 1440 1290 1467 τοσοῦτον
1305 1437 1337 1466 τὸ
1352 1436 1432 1475 μέσον
1456 1438 1508 1466 τῶν
1522 1437 1655 1476 γλωσσῶν
1671 1435 1714 1465 καὶ
1727 1436 1768 1471 τῆς
1786 1444 1829 1473 τρο-

1072 1483 1191 1523 φητείας.

1112 1541 1124 1553 ιι
1144 1526 1225 1556 Θέλω
1246 1526 1273 1556 δὲ
1288 1526 1390 1560 πάντας
1406 1527 1476 1564 ὑμᾶς
1490 1525 1627 1565 γλώσσαις
1642 1526 1747 1555 λαλεῖν·
1761 1523 1830 1562 nam?

1071 1572 1110 1608 at,
1127 1570 1171 1600 ἵνα
1191 1571 1386 1612 προφητεύητε.
1405 1585 1416 1597 ι
1439 1570 1553 1606 Ἐπειδὴ
1570 1570 1638 1611 παρ’
1657 1571 1740 1602 αὐτοῖς
1753 1569 1830 1598 ἐλάλουν

1071 1615 1205 1655 γλώσσαις
1229 1616 1338 1651 πολλοὶ,
1351 1615 1394 1645 ἵνα
1419 1616 1457 1655 μὴ
1473 1615 1533 1655 δόξῃ
1559 1615 1603 1645 διὰ
1624 1615 1716 1656 φθόνον
1731 1624 1830 1650 κατασμι-

1070 1660 1172 1701 κρύνειν
1186 1660 1233 1694 τὰς
1247 1660 1385 1699 γλώσσας,
1400 1672 1414 1689 α
1432 1660 1527 1697 Θέλω,
1542 1671 1557 1689 ι)
1576 1659 1656 1697 φησὶ,
1676 1671 1690 1688 α
1705 1659 1791 1690 πάντας
1801 1658 1830 1685 λι-

1071 1706 1141 1741 λεῑν,
1157 1717 1172 1734 ι)
1191 1706 1241 1745 οὐχ
1255 1705 1315 1742 ἕνα,
1337 1705 1354 1740 ἢ
1380 1704 1442 1735 δύο·
1468 1704 1537 1741 πλὴν
1553 1705 1675 1743 μᾶλλον¹
1699 1704 1740 1733 ἵνα
1757 1712 1830 1742 προφη·

1070 1749 1165 1786 τεύητε
1175 1774 1181 1785 ,
1199 1749 1242 1779 διὰ
1256 1749 1286 1779 τὸ
1301 1749 1564 1790 πολυωφελέστερον.

1113 1808 1124 1821 α
1141 1795 1248 1829 Μείζων
1262 1795 1313 1835 γὰρ
1328 1798 1342 1825 6
1357 1794 1531 1835 προφητεύων
1557 1793 1574 1830 ἢ
1591 1796 1604 1823 6
1619 1795 1707 1824 λαλῶν
1721 1791 1831 1832 γλώσσαιςγ

1072 1839 1146 1873 ἐκτὸς
1164 1841 1187 1869 εἰ
1205 1839 1242 1877 μὴ
1257 1834 1438 1880 διερμηνεῦει,
1454 1839 1499 1868 ἵνα
1517 1841 1535 1874 ἡ
1558 1839 1709 1875 Ἐκκλησία
1727 1834 1831 1873 οἰκοδομὴν

1072 1884 1156 1924 λάϐῃ.
1172 1897 1184 1910 υ
1199 1885 1323 1921 Μείζων,
1344 1886 1440 1924 φησὶν,
1458 1885 1472 1913 6
1487 1884 1625 1924 προφήτης
1633 1883 1660 1903 ²³
1672 1896 1678 1902 ι
1692 1881 1747 1912 ἀλλ’
1762 1882 1831 1910 ἐκείνου

1072 1932 1119 1958 τοῦ
1136 1929 1214 1966 μόνον
1241 1929 1374 1967 γλώσσαις
1396 1930 1554 1965 λαλοῦντος,
1581 1929 1618 1967 μὴ
1635 1925 1773 1967 εἷδότοςηδὲ
1789 1925 1832 1963 διφ-

1074 1974 1206 2013 μηνεύειν.
1224 1966 1301 2004 Ἐπεὶ
1324 1973 1370 2003 ἐὰν
1385 1969 1439 2003 οἶδε
1464 1974 1509 2003 καὶ
1528 1966 1778 2014 διερμηνεῦειν,ἶσός
1796 1970 1832 2014 εστι

1072 2021 1111 2058 τῷ
1134 2017 1256 2059 προφήτῃ
1277 2020 1291 2047 6
1311 2017 1446 2057 γλώσσαις
1466 2012 1728 2056 λαλῶνξοῖκοδομεῖ
1748 2014 1790 2055 γὰρ
1800 2012 1831 2059 fit

1074 2058 1240 2100 Ἐκκλησῑαν
1278 2063 1322 2093 διὰ
1365 2066 1413 2093 τοῦ
1443 2062 1596 2103 ἑρμηνεύειν
1625 2062 1660 2092 τὰ
1696 2061 1791 2100 ἀσαφῶς
1812 2058 1832 2103 ,ἕν

1076 2152 1121 2182 καὶ
1156 2153 1244 2186 ἄλλοις
1267 2153 1315 2191 μὲν
1339 2153 1439 2182 ἐδίδοτο
1465 2154 1517 2182 τῶν
1547 2151 1683 2191 γλώσσαις
1702 2149 1830 2180 λαλούντων,

1075 2197 1164 2232 ἄλλοις
1176 2198 1204 2226 δὲ
1220 2199 1266 2227 οὐκ
1281 2197 1391 2227 ἐδίδοτο.

1115 2256 1127 2268 ι
1149 2242 1215 2272 Νυνὶ
1236 2242 1273 2279 δὲ,
1293 2242 1410 2282 ἀδελφοὶ,
1425 2241 1470 2271 ἐὰν
1486 2242 1553 2271 ἔλθω
1569 2241 1635 2282 πρὸς
1655 2243 1721 2279 ὑμᾶς
1734 2237 1832 2282 γλώσσαις

1073 2287 1178 2325 λαλῶν,
1204 2286 1230 2316 τί
1252 2289 1322 2325 ὑμᾶς
1347 2280 1489 2327 ὤφελήσω,
1512 2287 1557 2316 ἐὰν
1575 2280 1613 2325 μὴ
1641 2280 1832 2327 ὗμῖνλαλήσω-έν

1076 2332 1258 2372 ἀποκαλύψει,
1274 2332 1291 2367 ἢ
1308 2333 1334 2360 ἐν
1353 2325 1467 2371 γνώσει,
1484 2331 1502 2367 ἢ
1524 2332 1550 2360 ἐν
1565 2330 1726 2371 προφητεία,
1741 2328 1756 2363 ἢ
1772 2325 1833 2372 ita"

1075 2377 1162 2416 δαχῇ;
1180 2389 1192 2402 ι»
1205 2369 1305 2406 Θέλετε
1324 2369 1421 2415 γνέῦναι
1435 2376 1465 2405 τὸ
1480 2369 1650 2416 ἀκερδὲς-ὥν
1667 2369 1833 2416 οἲνείινμτινιῦἲείῖΙ

1074 2414 1218 2459 γλωσσῶν;
1235 2414 1395 2461 Ἔστωγγὰρ
1420 2420 1460 2450 ὅτι
1480 2414 1536 2460 ἔγῶ
1560 2421 1665 2453 Παῦλος
1683 2421 1695 2449 6
1716 2414 1834 2448 διδάσκαλοί

1075 2467 1149 2504 ὑμῶν
1171 2466 1318 2506 φθέγγομαι
1353 2466 1505 2504 γλώσσαις·
1537 2465 1597 2495 οὐδὲ
1634 2465 1714 2496 οὕτως
1740 2462 1803 2506 ἔσται
1819 2467 1833 2484 τί

1075 2509 1154 2540 πλέον
1170 2511 1222 2544 τοῖς
1238 2510 1392 2546 ἀκούουσιν,
1405 2510 1450 2539 ἐὰν
1466 2509 1504 2548 μή
1518 2521 1543 2538 τι
1561 2510 1628 2539 εἴπω
1641 2511 1667 2539 ἐν
1687 2503 1833 2548 ἀποκαλύψίξ”

1075 2555 1224 2592 τουτέστιν,
1248 2549 1291 2584 οἶα
1320 2556 1430 2585 εἰώθασι
1457 2555 1542 2595 λέγειν
1571 2556 1596 2584 οἱ
1621 2553 1794 2595 ἀποκαλύψω(
1808 2545 1833 2595 Ιίι

1075 2602 1145 2631 Θεοῦ
1165 2599 1304 2640 τυχόντες’
1326 2599 1402 2629 ὁκαὶ
1424 2591 1499 2629 αὐτὸ·
1512 2593 1582 2633 εἶδος
1600 2597 1753 2639 προφητείας
1773 2591 1832 2640 ἕῖτὶῦ

1076 2644 1138 2674 ὅταν
1160 2644 1309 2683 ἱσταμένων
1331 2645 1437 2675 πολλῶν
1462 2644 1686 2680 ἀποκαλύπτηται
1704 2641 1733 2683 ri
1753 2637 1832 2683 ίκέστου

1074 2689 1208 2729 νοήματα.
1227 2703 1240 2717 ιι
1253 2689 1293 2720 Ἦ
1318 2690 1344 2719 ἐν
1367 2689 1465 2730 γνώσει
1480 2701 1511 2716 ν·
1528 2689 1675 2725 τουτέστιν,
1697 2681 1737 2716 οἶα
1759 2681 1828 2712 δείνων

922 2771 1021 2802 Variae
1043 2770 1192 2802 lectiones.

260 2818 282 2835 ⁸³
295 2817 409 2854 λέγουσιν
424 2825 452 2846 o.
489 2817 513 2835 ⁸³
527 2817 685 2853 προφητεύων
700 2824 738 2845 tn.
