1867 3081
44 183 92 209 737

468 181 643 211 EXPOSlTlO
664 183 697 210 1N
717 182 821 211 EPIST.
843 184 851 211 Ι
871 184 918 211 AD
938 183 1016 211 COR.
1037 198 1072 204 —
1092 184 1167 212 CAP.
1188 185 1257 212 XIV.

1631 187 1684 214 738

43 255 85 273 ται
105 243 189 283 λέγειν
212 245 238 274 οἳ
266 245 361 283 γνῶσιν
384 243 505 284 ἔχοντες,
531 245 576 274 καὶ
603 245 737 286 μυστήρια
763 247 831 276 Θεοῦ

921 246 1031 282 tqualia
1055 245 1145 274 dicere
1169 250 1286 282 possunt
1300 246 1318 274 ii
1330 247 1377 282 qui
1391 247 1533 276 scientiam
1551 247 1656 276 habent
1669 260 1682 273 ι

44 287 188 321 διαλύοντες
199 293 252 322 τοῖς
266 288 418 320 ἀκούουσιν.
437 303 450 316 ι
465 288 504 320 Ἢ
518 290 545 319 ἐν
557 290 721 332 προφητείᾳ,
736 301 750 319 ι
770 291 833 321 ὅταν

43 334 85 363 καὶ
100 334 161 374 περὶ
182 336 234 364 τῶν
256 335 456 374 παρελθόντων,
476 335 523 364 καὶ
543 337 594 364 τῶν
608 335 771 373 ἐνεστώτων,
787 335 834 366 καὶ

42 380 90 408 τῶν
117 378 268 417 μελλόντων
295 378 453 418 διαλέγητα(
473 391 524 414 τις.
546 379 764 420 Καθολικώτερον
782 380 833 421 γὰρ

42 425 57 459 ἡ
81 424 228 465 προφητεία
254 423 303 460 ﬂ"
330 424 506 465 ἀποκάλυψις.
534 435 549 454 α
565 424 604 455 Ἦ
633 425 659 455 ἐν
686 426 802 466 διδαχῇ·
821 439 835 452 ι

41 468 188 506 τουτέστιν,
213 470 240 499 ἂν
264 469 326 498 εἴδει
347 469 536 499 διδασκαλικοῦ
561 469 658 509 λόγου,
683 469 746 500 ὅταν
770 469 834 510 περὶ

43 513 147 552 ἀρετῆς,
164 513 227 543 ὅταν
242 513 304 553 περὶ
319 513 460 552 δογμάτων
475 514 582 553 γίνηται
598 517 615 550 ἡ
635 514 758 549 διάλεξις.
779 515 834 545 Καὶ

42 558 57 592 ἡ
71 557 166 597 διδαχὴ
181 558 234 598 γὰρ
258 557 322 598 πρὸς
337 558 466 598 ὠφέλειαν
481 560 532 588 τῶν
553 559 701 588 ἀκουόντων
721 559 834 598 γίνεται.

42 602 113 636 Τινὲς
128 603 156 633 δὲ
171 603 219 642 τὸ,
241 613 255 632 (ι
278 603 326 634 Ἐν
342 603 511 644 ἀποκαλύψει
528 615 542 632 »
560 604 642 638 οὕτως
664 604 791 641 ἐνόησαν,
806 604 836 634 τὸ

40 646 155 683 εὔληπτά
182 660 241 678 τινα
266 647 312 677 καὶ
334 650 408 688 σαφῆ
433 648 537 688 λέγειν,
563 649 609 679 καὶ
642 650 833 688 ἀνακεκαλυμ-

42 692 103 731 μένα
115 705 121 711 ·
136 692 184 722 καὶ
198 693 245 730 τὸ,
264 705 276 720 ι
292 692 340 723 Ἐν
353 692 466 733 γνώσει,
484 707 497 719 ι·
513 694 544 723 τὸ
556 695 638 723 εἰπεῖν
655 694 689 724 τὰ
702 694 835 733 δυνάμενα

41 739 199 776 γνωσθῆναι.

80 796 93 809 ι
114 782 213 822 Ὅμως
226 782 259 813 τὰ
268 778 365 824 ’ἄψυχα
380 784 470 825 φωνὴν
484 784 600 820 διδόντα,
615 784 667 813 εἴτε
682 784 770 822 αὐλὸς,
783 784 835 814 εἴτε

40 827 129 868 κιθάρα
137 833 157 865 ,⁴
171 828 218 858 ἐὰν
237 828 379 864 διαστολὴν
404 833 458 862 τοῖς
483 829 605 869 φθόγγοις
627 828 664 867 μὴ
680 830 758 870 διδῷ,
778 831 836 863 πῶς

41 873 217 911 γνωσθήσεται
238 873 268 903 τὸ
291 872 466 912 αὐλούμενον,
487 873 505 910 ἢ
529 874 560 903 τὸ
581 874 798 913 κιθαριζόμενον,
823 888 835 901 ι

886 291 1008 327 adeoque
1027 291 1154 327 mysteria
1185 290 1357 319 auditoribus
1375 291 1520 327 explicant.
1547 304 1560 317 ι
1585 293 1636 321 Vel
1656 293 1685 322 in

887 335 1046 372 prophetia,
1061 347 1074 360 ν
1091 335 1201 372 quando
1219 335 1357 372 quispiam
1378 335 1413 364 de
1427 337 1592 372 praeteritis,
1615 345 1683 374 pra).-

887 380 1011 408 sentibus
1024 381 1052 408 et
1066 379 1165 408 futuris
1179 379 1315 416 loquitur;
1334 380 1414 408 latius
1435 381 1508 409 enim
1523 385 1599 417 patet
1617 389 1680 417 pro-

887 424 978 461 phetia
993 432 1075 461 quam
1087 424 1229 453 revelatio.
1243 436 1257 450 ι
1268 425 1316 453 Vel
1330 424 1358 453 in
1371 425 1497 454 doctrina
1507 425 1547 459 ,τι
1571 425 1623 453 hoc
1644 430 1685 454 est

888 469 915 497 in
933 469 1068 498 sermonis
1093 469 1183 498 forma
1209 469 1253 505 qui
1278 469 1403 502 instituit,
1425 478 1489 498 cum
1510 469 1544 498 de
1569 470 1682 498 veritate

889 514 930 542 vel
945 514 1120 550 dogmatibus
1142 514 1294 542 disseritur.
1309 514 1440 543 Doctrina
1457 514 1531 543 enim
1550 514 1585 542 ad
1600 514 1683 543 audi—

888 562 981 587 torum
996 559 1027 586 ﬁt
1036 559 1228 587 commodum.
1245 559 1376 587 Nonnulli
1386 567 1460 593 vero,
1471 559 1546 596 quod
1558 560 1606 592 ait,
1623 569 1638 586 ιι
1653 561 1683 588 In

889 603 1071 637 revelatione,
1094 615 1105 627 ι
1124 603 1162 631 sic
1181 603 1387 637 intellexerunt,
1403 603 1478 640 quod
1501 603 1598 632 dicant
1617 611 1680 640 quae

888 647 966 676 facile
985 648 1189 684 intelligantur,
1203 647 1402 684 manifestaque
1417 652 1445 676 et
1458 648 1603 685 perspicua
1617 649 1681 677 sint.

889 693 924 720 Et
936 692 1013 727 illud,
1029 704 1042 716 ιι
1056 693 1087 720 In
1101 693 1224 725 scientia,
1237 704 1249 717 υ
1266 692 1472 729 intelligendum
1484 697 1596 729 putant,
1609 693 1684 731 quod

889 736 984 765 dicant
1010 745 1073 773 quae
1094 737 1159 765 sciri
1173 738 1359 774 cognoscique
1382 742 1506 773 possunt.

925 783 1013 810 Vens.
1034 785 1060 809 7.
1076 793 1088 806 α
1105 783 1207 810 Tamen
1225 782 1375 811 inanimata
1389 790 1487 811 vocem
1500 783 1594 811 dantia
1605 805 1612 817 ,
1627 783 1684 812 sive

889 827 971 860 tibia,
991 827 1045 854 sive
1061 826 1180 861 cithara,
1205 827 1230 855 si
1252 827 1453 856 distinctionem
1475 835 1533 856 non
1558 827 1686 856 dederint

891 879 971 905 sono,
988 871 1128 908 quomodo
1149 875 1330 908 cognoscelur
1344 872 1420 908 quod
1446 872 1486 900 vel
1501 872 1567 901 tibia
1587 873 1628 900 vel
1644 873 1684 900 ci-

44 908 93 948 Kal
111 908 136 948 τί
161 918 250 958 λέγω,
274 908 423 958 φησὶνξὸτι
448 908 588 958 ἐφ’-ἡμῶν
612 908 719 958 ἀκερδίς
743 908 831 957 μὲν-τὶ

922 924 969 944 ara
987 916 1120 945 canitur?
1134 929 1146 941 η
1160 917 1232 952 Quid
1247 921 1339 945 autem
1354 917 1428 952 dico,
1452 918 1549 954 inquit,
1567 918 1641 954 quod
1658 919 1683 946 in

41 963 148 1004 ἀσαφὲς,
172 963 205 993 τὸ
221 963 248 993 δὲ
264 962 345 1003 σαφὲς
359 963 512 1003 ὧςρὲλιμονς
530 963 584 993 Καὶ
603 963 655 1003 γὰρ
671 962 718 993 καὶ
741 965 768 993 ἐν
782 963 836 998 τοῖς

42 1007 146 1047 ἀψύχοις
169 1009 306 1048 ὀργάνοις,
333 1008 379 1037 ἐὰν
395 1008 551 1044 διαστολὴν,
574 1007 712 1047 τουτέστι,
728 1008 832 1047 διάκρι-

41 1062 77 1080 σιν
91 1051 136 1082 καὶ
149 1053 297 1093 σαφήνειαν
313 1053 337 1082 οἱ
352 1052 470 1093 Αφθόγγοι
495 1051 534 1091 μὴ
549 1051 650 1093 ἔχωσιν
660 1075 668 1090 ,
685 1052 754 1082 ἀλλὰ
770 1064 833 1092 συγ-

41 1097 169 1136 κεχυμένα
183 1091 220 1127 τὰ
243 1097 331 1127 πάντα
347 1091 426 1134 ὦσιν,
441 1097 471 1127 οὖ
485 1097 669 1136 γνωσθήσεται
689 1097 719 1127 τὸ
734 1097 833 1128 αὐλού-

42 1152 130 1178 μενον,
158 1141 222 1171 οὖδὲ
250 1141 411 1182 ψυχαγωγία
440 1141 518 1172 ἔσται
554 1143 599 1172 καὶ
628 1142 773 1182 εὐφροσύνη
804 1144 834 1172 ἐκ

42 1197 128 1216 τουτου
131 1209 139 1216 .

81 1243 93 1257 ι
116 1231 171 1261 Καὶ
193 1230 247 1271 γὰρ
272 1230 318 1261 ἐὰν
342 1229 440 1268 ἄδηλον
467 1231 557 1272 φωνὴν
574 1230 688 1272 σάλπιγξ
712 1231 768 1271 δῷ,
795 1231 833 1265 τίς

42 1275 270 1315 παρασκευάσεται
297 1277 333 1309 εἰς
359 1275 495 1315 πόλεμον;
511 1290 523 1302 ι
548 1276 612 1306 Ἀπὸ
632 1278 686 1306 τῶν
701 1278 832 1316 περιττῶν

41 1319 81 1348 ἐπὶ
93 1320 126 1349 τὰ
142 1320 338 1361 ἀναγκαιότερα
360 1316 440 1358 ἦλθε,
458 1321 504 1351 καὶ
522 1321 669 1360 σάλπιγγος
684 1321 830 1360 μέμνηται,

42 1363 84 1393 καί
106 1377 204 1406 φησιν,
228 1365 270 1395 ὅτι
295 1365 341 1395 καὶ
368 1365 412 1395 ἐπὶ
441 1365 540 1401 ταύτης
566 1366 616 1395 εἰσὶ
639 1365 731 1406 ῥυθμοί
752 1377 832 1402 τινες,

42 1409 63 1438 οἱ
86 1409 132 1448 μὲν
151 1410 220 1451 πρὸς
242 1410 358 1449 πόλεμον
384 1410 648 1451 παρασκευάζοντες,
674 1411 698 1440 οἳ
725 1411 751 1440 δὲ
779 1410 832 1439 ἀπὸ

41 1453 151 1492 πολέμου
169 1450 394 1494 ἀνακαλούμενοι.
411 1454 479 1485 Ἐὰν
499 1450 544 1484 οὖν
565 1456 657 1496 ἆσαφῆ
682 1455 770 1496 φωνὴν
793 1456 830 1495 δῷ

43 1499 83 1528 καὶ
97 1499 211 1536 ἄδηλον,
226 1500 411 1540 ἀπαράσκευοι
426 1500 532 1529 ἔσονται
547 1501 570 1530 οἱ
591 1501 768 1540 στρατιῶται,
786 1500 830 1530 καὶ

42 1542 65 1571 τί
77 1543 106 1574 τὸ
120 1543 214 1585 ὄφελος
225 1546 272 1580 τῆς
286 1545 403 1585 ἀσαφοῦς
414 1544 496 1584 ἤχους
505 1545 546 1581 as;

80 1600 95 1616 ι
116 1588 197 1621 Οὕτω
212 1589 257 1618 καὶ
281 1591 355 1627 ὑμεῖς
369 1589 412 1618 διὰ
431 1591 477 1624 τῆς
496 1589 618 1628 γλώσσης
633 1589 677 1618 ἐὰν
701 1589 738 1627 μὴ
754 1589 830 1625 εὔση-

43 1643 87 1669 μον
110 1633 187 1673 λόγον
213 1635 280 1662 δῶτε
290 1624 303 1671 ,’
315 1634 371 1667 πῶς
394 1624 579 1673 γνωσθήσεται
600 1634 631 1664 τὸ
650 1624 830 1672 λαλούνμενονς
845 1624 866 1654 C

43 1675 146 1708 Ἔσεσθι
157 1677 214 1718 γὰρ
228 1679 264 1712 εἰς
279 1677 345 1718 ἀέρα
367 1679 519 1712 λαλοῦντες.
539 1689 553 1707 ιι
569 1676 630 1708 Ἵνα
655 1678 692 1717 μὴ
717 1679 812 1708 εἴπωσι
823 1690 830 1697 ·

44 1721 93 1751 Kal
106 1722 130 1751 τί
145 1722 212 1761 πρὸς
225 1724 298 1761 ἡμᾶς
318 1723 349 1752 τὸ
365 1725 410 1752 τοῦ
427 1724 508 1753 αὖλοῧ
531 1723 703 1764 παράδειγμα
724 1724 770 1753 καὶ
784 1725 832 1759 τῆς

42 1767 194 1807 σάλπιγγος,
211 1767 301 1808 φησὶν,
318 1766 358 1797 ὅτι
375 1767 430 1798 Καὶ
444 1769 518 1806 ὑμεῖς
533 1768 579 1798 ἐὰν
596 1768 633 1806 μὴ
650 1767 693 1797 διὰ
718 1771 764 1798 τοῦ
779 1780 831 1809 χαι

41 1811 160 1850 ρίσματος
187 1812 269 1841 αὐτοῦ
295 1812 372 1849 [καὶ]
393 1815 440 1848 τῆς
461 1813 585 1852 γλώσσης
609 1811 727 1851 εὔσημον
752 1813 830 1851 λόγον

41 1855 95 1892 ἤτοι
122 1859 196 1898 σαφῆ
222 1857 289 1886 δῶτε
297 1880 308 1894 ,
335 1858 393 1893 εἰκῆ
419 1857 465 1887 καὶ
489 1857 577 1896 μάτην
601 1857 706 1897 λέγετε,
731 1858 832 1892 οὐδενὸς

43 1897 184 1935 ἀκούοντος.
199 1901 240 1932 Τὸ
253 1901 305 1942 γὰρ
317 1906 370 1932 πᾶν
383 1901 460 1931 τοῦτό
474 1903 561 1939 ἔστιν,
571 1901 616 1931 ἵνα
629 1897 789 1942 ἓπωφελὲςῆ
801 1903 832 1932 τὸ

42 1945 167 1986 χάρισμα.
187 1947 244 1977 Καὶ
258 1948 281 1976 εἰ
296 1947 428 1987 ἀνωφελὲς
446 1943 479 1984 ἦν
498 1947 528 1976 τὸ
548 1948 600 1976 τῶν
624 1948 754 1986 γλωσσῶν
775 1947 830 1987 χά-

44 2001 132 2029 ρισμα,
153 1992 224 2026 τίνος
247 1991 336 2021 ἕνεκεν
363 1991 477 2028 ἐδίδοτο,
501 1991 545 2021 ἵνα
571 1993 708 2033 ὠφελῆται
734 1992 832 2025 ἐκεῖνος

43 2036 113 2072 μόνος
129 2039 143 2066 ὃ
165 2035 259 2066 λαϐὼν
277 2037 357 2073 αὐτό,
384 2038 418 2067 Εἰ
434 2036 460 2066 δὲ
476 2037 522 2066 καὶ
537 2037 635 2076 ἑτέροις
652 2037 764 2074 ἔμελλεν
785 2039 833 2066 ἐπ-

42 2080 131 2120 ωφελὲς
145 2076 224 2117 εἶναι,
236 2080 347 2122 ὤφειλεν
361 2081 379 2117 ἢ
398 2082 527 2111 αἰτεῖσθαι
552 2082 596 2111 τὸν
623 2081 702 2119 Θεὸν,
719 2082 768 2111 καὶ
783 2081 831 2116 τὴν

43 2125 174 2163 ἑρμηνείαν
191 2125 338 2164 λαμϐάνειν
353 2126 396 2156 διὰ
419 2126 477 2166 βίου
491 2126 701 2167 κεκαθαρμένου,
717 2125 734 2161 ἢ
758 2127 832 2167 ἄλλῳ

43 2170 267 2210 προσέρχεσθαι²⁶
286 2173 323 2211 τῷ
349 2170 486 2212 δυναμένῳ
510 2172 674 2211 ἑρμηνεύειν.
702 2171 756 2201 Καὶ
780 2171 832 2211 γὰρ

43 2213 84 2242 καὶ
97 2215 110 2242 δ
126 2216 233 2249 Παῦλος
246 2215 339 2245 τούτου
358 2214 436 2245 ἕνεκα
451 2215 533 2245 ταῦτά
550 2227 644 2256 φησιν,
654 2215 698 2244 ἵνα
715 2217 830 2254 συγκολ-

888 961 970 989 nobis
984 960 1083 989 inutile
1101 965 1143 990 est
1158 962 1232 997 quod
1255 962 1404 990 obscurum
1426 967 1483 995 est,
1505 962 1677 998 perspicuum

888 1013 953 1034 vero
973 1009 1016 1034 est
1028 1005 1096 1034 utile
1115 1007 1126 1034 ἓ
1141 1007 1211 1034 Nam
1227 1010 1255 1034 et
1274 1007 1302 1034 in
1317 1006 1475 1035 inanimatis
1489 1007 1683 1035 instrumentis

888 1050 911 1078 si
925 1050 1147 1085 distinctionem,
1173 1051 1227 1080 hoc
1248 1057 1290 1079 est
1309 1051 1504 1080 discretionem
1527 1056 1556 1080 et
1579 1053 1683 1088 perspi-

887 1095 1017 1123 cuitatem
1039 1095 1099 1124 soni
1128 1104 1183 1124 non
1205 1096 1367 1131 habuerint,
1390 1096 1439 1125 sed
1467 1097 1560 1125 omnia
1583 1097 1686 1126 fuerint

887 1140 1015 1174 confusa,
1030 1148 1086 1169 non
1100 1145 1261 1176 agnoscetur
1273 1141 1347 1178 quod
1369 1141 1435 1170 tibia
1450 1142 1621 1176 concinitur,
1640 1150 1686 1170 ne-

887 1193 941 1222 que
955 1185 1111 1220 oblectatio,
1126 1193 1213 1222 neque
1229 1186 1324 1215 laetitia
1339 1186 1403 1215 inde
1424 1187 1575 1223 proveniet.

922 1231 1009 1259 Vens.
1023 1233 1050 1258 8.
1068 1241 1082 1256 ι(
1098 1231 1207 1259 Etenim
1219 1231 1243 1259 si
1262 1231 1327 1259 tuba
1344 1239 1440 1260 vocem
1467 1232 1604 1260 incertam
1629 1231 1683 1260 de-

886 1274 966 1309 derit,
982 1275 1044 1311 quis
1060 1276 1201 1312 parabitur
1213 1275 1248 1303 ad
1260 1276 1364 1304 bellum
1377 1278 1389 1305 ῖ
1405 1286 1420 1303 ο
1437 1279 1462 1305 Α
1475 1277 1684 1313 supervacaneis

887 1320 922 1348 ad
939 1321 1027 1356 magis
1047 1320 1200 1349 necasaria
1221 1321 1312 1354 venit,
1327 1321 1456 1358 tubaeque
1475 1322 1616 1357 meminit,
1638 1322 1683 1350 in-

886 1365 982 1402 quiens
997 1373 1003 1392 :
1019 1365 1092 1393 Sunt
1109 1366 1139 1393 in
1153 1373 1183 1393 ea
1198 1365 1403 1394 modulationes
1414 1366 1555 1403 quaedam,
1567 1375 1683 1404 quarum

885 1410 945 1438 aliae
966 1409 1001 1437 ad
1024 1410 1125 1438 bellum
1149 1410 1318 1445 accendunt,
1334 1411 1393 1439 aliae
1416 1419 1431 1439 a
1451 1411 1521 1440 bello
1541 1416 1680 1440 revocant.

886 1455 972 1490 203
985 1455 1066 1490 Quod
1081 1455 1103 1484 si
1114 1456 1260 1483 obscuram
1273 1460 1301 1484 et
1309 1455 1444 1484 incertam
1456 1464 1550 1485 vocem
1561 1456 1680 1488 dederit,

885 1498 1013 1535 imparati
1038 1504 1120 1528 erunt
1134 1499 1246 1534 milites,
1264 1504 1293 1528 et
1315 1508 1377 1537 quae
1401 1500 1513 1530 tandem
1535 1501 1631 1530 incerti
1653 1505 1681 1530 et

887 1544 995 1571 obscuri
1006 1544 1065 1572 soni
1079 1548 1122 1572 est
1143 1545 1247 1572 utilitas
1262 1546 1274 1572 ἒ

921 1589 1008 1617 Vens.
1025 1592 1052 1617 9.
1069 1600 1082 1613 ι
1096 1590 1135 1617 Ita
1146 1594 1175 1617 et
1187 1597 1236 1618 vos
1247 1597 1294 1626 per
1305 1589 1427 1627 linguam
1438 1591 1490 1619 nisi
1498 1591 1678 1620 manifestum

883 1640 1042 1661 sermonem
1057 1633 1197 1668 dederitis,
1213 1634 1354 1670 quomodo
1367 1636 1469 1664 scietur
1484 1635 1512 1664 id
1523 1636 1597 1672 quod
1611 1636 1682 1664 dici~

883 1678 955 1706 tur?
969 1679 1056 1706 Eritis
1067 1679 1140 1706 enim
1163 1679 1192 1706 in
1212 1686 1276 1707 aera
1299 1680 1453 1716 loquentes.
1479 1692 1492 1705 ι
1513 1681 1554 1709 Ne
1576 1681 1678 1715 dicant,

883 1722 957 1758 Quid
977 1722 1011 1751 ad
1034 1731 1085 1751 nos
1111 1723 1184 1752 tibiae
1199 1724 1326 1760 tubaeque
1341 1725 1521 1761 exemplum?
1532 1726 1602 1761 Quia
1618 1733 1682 1760 vos,

884 1767 983 1802 inquit,
999 1767 1053 1795 nisi
1078 1775 1126 1803 per
1148 1768 1239 1803 ipsum
1254 1769 1360 1797 donum
1381 1768 1537 1806 linguarum
1553 1770 1631 1806 plana
1655 1774 1682 1798 et

885 1811 1025 1847 perspicua
1040 1812 1120 1840 verba
1132 1812 1287 1848 edideritis,
1302 1818 1409 1842 temere
1423 1818 1451 1841 et
1474 1813 1575 1842 frustra
1591 1815 1680 1851 loqui-

884 1856 968 1889 mini,
991 1857 1102 1884 nemine
1121 1857 1255 1884 audiente.
1273 1859 1339 1885 Hzec
1353 1858 1427 1885 enim
1446 1863 1487 1886 est
1508 1866 1627 1892 summa,
1650 1864 1681 1886 ut

883 1900 1017 1928 charisma
1031 1901 1068 1928 sit
1093 1901 1171 1928 utile.
1193 1901 1221 1929 Si
1248 1909 1312 1930 vero
1337 1902 1432 1930 inutile
1445 1906 1503 1930 erat
1525 1903 1679 1939 linguarum

884 1944 1001 1979 donum,
1019 1953 1068 1973 cur
1080 1945 1198 1974 dabatur
1211 1947 1222 1973 Ρ
1234 1947 1307 1974 Num
1322 1950 1353 1974 ut
1374 1946 1418 1974 ille
1438 1947 1514 1975 solus
1531 1947 1678 1976 utilitatem

885 1989 1024 2025 percipiat,
1040 1990 1088 2026 qui
1108 1990 1174 2018 illud
1191 1991 1328 2027 acceperit
1342 1993 1354 2020 Ρ
1368 1991 1450 2026 Quod
1463 1991 1485 2020 si
1495 1993 1555 2020 aliis
1569 2000 1680 2029 qucque

885 2034 1009 2062 futurum
1032 2039 1106 2063 esset
1127 2035 1204 2070 utile,
1219 2036 1342 2071 oportuit
1358 2036 1400 2064 vel
1414 2044 1510 2073 rogare
1525 2039 1632 2072 Deum,
1651 2042 1682 2066 ut

885 2079 1136 2115 interpretationem
1155 2088 1203 2117 per
1223 2080 1309 2109 vitam
1322 2089 1339 2109 a
1353 2081 1426 2109 vitiis
1447 2086 1591 2118 purgatam
1612 2083 1682 2110 acci-

886 2125 951 2161 piat,
971 2125 1011 2153 vel
1025 2125 1059 2153 ad
1078 2126 1164 2154 alium
1184 2126 1354 2162 quempiam,
1370 2127 1414 2154 cui
1428 2126 1626 2163 interpretandi
1642 2127 1682 2156 fa-

885 2171 972 2197 cultas
986 2174 1038 2203 est,
1058 2170 1196 2198 accedere.
1217 2170 1304 2198 Divus
1315 2171 1391 2199 enim
1413 2172 1513 2200 Paulus
1536 2172 1598 2201 ideo
1621 2172 1680 2201 haec

885 2214 961 2248 dicit,
975 2219 1008 2243 ut
1019 2222 1066 2243 eos
1078 2215 1148 2243 inter
1161 2223 1190 2243 se
1203 2219 1302 2243 mutuo
1317 2215 1478 2252 conjungat,
1493 2220 1520 2244 et
1535 2225 1571 2245 ne
1585 2218 1682 2245 existi-

44 2257 139 2298 λήσῃ²⁷
154 2259 249 2293 αὐτοὺς
271 2259 410 2296 ἀλλήλοις,
428 2260 474 2289 καὶ
499 2260 536 2298 μὴ
551 2249 658 2290 οἴωνται
674 2249 829 2290 αὐτοὶ-ἐαυ-

921 2263 963 2288 ent
972 2259 1045 2295 ipsos
1059 2259 1109 2288 sibi
1122 2259 1190 2296 ipsis
1199 2259 1340 2295 sufﬁcere,
1355 2249 1402 2288 sed
1411 2249 1555 2289 assumant
1568 2269 1616 2290 eos
1634 2263 1682 2298 qui

43 2302 90 2336 τοῖς
114 2304 252 2343 αὐτάρκεις
285 2298 368 2342 εἶναι,
393 2305 462 2334 ἀλλὰ
486 2304 748 2344 προσλαμϐάνωνται
771 2304 831 2339 τοὺς

44 2348 84 2376 καὶ
106 2349 266 2388 ἑρμηνεῦσαι
291 2348 468 2388 δυναμένων
491 2350 552 2379 τότε
575 2351 626 2389 γὰρ
642 2349 710 2391 [καὶ]
735 2350 830 2390 ὠφελι-

45 2390 153 2432 μώτερον
171 2393 203 2423 τὸ
216 2394 349 2434 χάρισμα.

82 2449 95 2463 α
116 2438 258 2477 Τοσαῦτα,
274 2440 296 2468 εἰ
312 2438 403 2479 τύχοι,
418 2439 481 2477 γένη
494 2441 587 2480 φωνῶν
600 2441 664 2469 εἰσιν
681 2439 707 2467 ἐν
722 2439 830 2479 κόσμῳ,

45 2479 83 2509 καὶ
106 2483 178 2512 οὐδὲν
193 2485 279 2524 αὐτῶν
296 2484 410 2524 ἄφωνον.
426 2494 441 2512 ι)
463 2483 607 2521 Τουτέστι,
622 2486 750 2514 τοσαῦται
771 2496 827 2520 φω-

45 2524 82 2553 ναὶ
105 2525 197 2567 ἔτυχον
221 2522 288 2557 εἶναι
312 2522 338 2557 ἐν
368 2530 406 2568 τῷ
431 2528 544 2569 κόσμῳ,
567 2529 697 2565 Σκυθῶν,
720 2527 829 2564 Ἰνδῶν,

46 2569 169 2614 Oppiis,
185 2572 230 2602 καὶ
254 2573 341 2603 ἄλλων
367 2574 459 2610 ἐθνῶν,
484 2573 529 2603 καὶ
552 2578 638 2603 πᾶσαι
663 2575 691 2603 αἱ
714 2574 794 2614 φυλαὶ
804 2573 830 2592 ²⁸

46 2612 143 2654 λέγουσι
155 2628 181 2646 τι
192 2629 199 2637 ·
213 2618 272 2648 οὐδὲ
287 2618 337 2660 γάρ
353 2619 419 2648 εἰσιν
435 2617 544 2659 ἄφωνοι.

85 2715 99 2734 (ι
119 2705 182 2738 Ἐὰν
199 2708 235 2748 μὴ
251 2709 314 2739 εἰδῶ
326 2704 371 2738 οὖν
385 2708 434 2746 τὴν
452 2708 563 2749 δύναμιν
583 2711 630 2746 τῆς
649 2710 752 2750 φωνῆς,
766 2709 828 2740 ἔσο-

885 2304 1055 2340 interpretari
1070 2305 1187 2340 possint.
1210 2305 1283 2332 Tum
1297 2305 1372 2334 enim
1384 2305 1479 2334 utilius
1493 2305 1547 2335 erit
1561 2305 1680 2335 donum.

922 2445 1011 2473 Vens.
1032 2448 1075 2473 10.
1093 2457 1107 2470 ι
1121 2446 1189 2474 Tam
1206 2446 1308 2481 multa,
1323 2446 1347 2475 si
1362 2454 1405 2476 res
1417 2447 1500 2483 ferat,
1515 2455 1615 2485 genera
1635 2458 1681 2478 vo-

884 2497 949 2518 cum
959 2494 1023 2518 sunt
1035 2490 1065 2518 in
1076 2490 1193 2524 mundo,
1205 2493 1233 2519 et
1243 2491 1311 2519 nihil
1323 2491 1447 2527 ipsorum
1457 2493 1516 2522 sine
1527 2502 1591 2522 voce
1601 2499 1652 2523 est.
1667 2507 1679 2519 -

883 2535 945 2562 Hoc
958 2538 1010 2568 est,
1025 2538 1067 2562 tot
1086 2543 1145 2564 esse
1161 2543 1242 2564 voces
1265 2536 1295 2564 in
1314 2537 1420 2566 mundo
1434 2537 1578 2574 contingit,
1603 2540 1683 2567 nimi-

884 2587 947 2608 rum
967 2580 1142 2616 Scytbarum,
1166 2581 1313 2614 Indorum,
1334 2582 1483 2617 Thracum,
1511 2583 1682 2620 aliarumque

884 2624 1017 2661 gentium,
1042 2632 1194 2662 omnesque
1219 2626 1310 2663 populi
1331 2627 1432 2664 aliquid
1451 2627 1564 2662 dicunt;
1591 2635 1682 2664 neque

884 2668 959 2697 enim
972 2672 1037 2697 sunt
1050 2669 1132 2698 muti.

919 2714 1004 2742 Vsus.
1019 2717 1062 2742 ιι.
1084 2725 1098 2740 α
1114 2715 1142 2743 Si
1160 2722 1226 2752 ergo
1244 2715 1367 2745 nesciam
1380 2716 1509 2745 virtutem
1529 2718 1613 2753 vocis,
1632 2726 1681 2747 ero

731 2754 828 2784 Varia
850 2754 1000 2784 lectiones.

78 2799 98 2840 7“
117 2801 157 2828 ml
179 2801 195 2836 ἡ
214 2811 241 2832 ο,
279 2803 303 2821 ³⁵
319 2803 413 2834 Ἴσως
445 2803 540 2839 ἠχοῦς,
564 2804 592 2838 ἢ,
618 2806 664 2831 τοῦ
690 2803 797 2840 ἀσαφοῦς
825 2803 831 2829 1'

48 2839 83 2865 ναι
100 2847 126 2869 ο,

994 2803 1017 2820 ’⁸
1044 2804 1222 2839 προσεύχεσθαι
1245 2813 1272 2834 0.
1323 2805 1346 2823 ²⁷
1371 2806 1550 2844 συγκαλέσῃο.
1589 2808 1612 2825 ³⁸
1629 2819 1680 2836 φω-
