1867 3081
23 166 65 192 741
443 160 617 189 EXPOSITIO
638 160 669 188 ΙΝ
689 159 793 187 EPIST.
813 159 821 186 Ι
840 159 886 186 AD
905 159 983 190 COR.
1004 177 1037 181 —
1057 163 1132 191 CAP.
1152 164 1220 192 XIV.

1608 168 1661 194 742

23 229 56 266 τῷ
69 223 119 255 νοῒ·
143 224 282 262 τουτέστι,
351 224 452 264 διανοίᾳ
467 223 582 254 συνιέναι
606 222 639 254 τὰ
652 224 699 258 τῆς
715 223 794 262 εὐχῆς
805 233 812 240 °

899 231 959 251 mus
973 231 1035 261 qua:
1048 233 1169 255 oramus.
1188 225 1265 254 Idem
1283 230 1310 254 et
1321 225 1355 255 de
1373 227 1484 263 psalmis
1500 229 1652 267 intelligen-

22 270 109 309 ὁμοίως
120 269 165 299 καὶ
182 269 226 299 ἐπὶ
240 271 285 299 τοῦ
301 269 411 310 ψάλλειν
421 268 470 300 29.1

59 326 72 344 α
94 313 173 345 Ἐπεὶ
188 314 233 345 ἐὰν
256 315 400 354 εὖλογήσῃς
414 315 452 354 τῷ
467 313 608 352 πνεύματι,
620 314 634 343 ὃ
648 313 809 352 ἀναπληρῶν

22 360 61 389 τὸν
75 359 153 389 τόπον
170 362 215 389 τοῦ
229 359 336 389 ἰδιώτου
345 382 353 396 ,
367 360 423 392 πῶς
446 360 500 398 ἐρεῖ
514 359 544 388 τὸ
567 358 648 396 Ἀμὴν
665 357 709 388 ἐπὶ
723 359 756 397 τῇ
775 359 809 396 σῇ

22 404 184 444 εὐχαριστίᾳ,
212 404 303 439 ἐπειδὴ
329 404 355 433 τί
377 403 462 443 λέγεις
489 405 536 433 οὐκ
559 399 648 440 οἶδεν,
663 414 677 431 ››
707 401 810 438 Ὅταν,

23 449 90 490 φησὶ,
100 449 217 489 ψάλλῃς,
227 460 243 478 α
251 449 295 479 ἐὰν
304 448 448 488 εὖλογήσῃς
456 451 494 489 τῷ
505 449 649 486 πνεύματι,
658 462 670 474 ι
679 446 810 483 τουτέστι,

22 495 56 534 τῷ
68 496 238 534 πνευματικῷ
251 493 401 535 χαρίσματι
421 493 464 523 διὰ
479 495 525 529 τῆς
539 493 673 533 γλώσσης,
689 507 700 519 α
717 494 730 522 ὁ
745 493 809 521 ἀνα-

22 539 121 578 πληρῶν
136 538 181 568 τὸν
196 538 276 568 τόπον
297 542 342 569 τοῦ
356 537 473 575 ἰδιώτου,
487 553 499 564 π
516 538 660 574 τουτέστιν,
676 539 690 566 ὁ
710 537 808 572 λαῖχὸς,

26 598 34 609 ίι
48 585 100 616 πῶς
109 584 166 624 ἐρεῖ
177 583 206 613 τὸ
222 583 305 622 Ἀμὴν
320 583 363 612 ἐπὶ
377 585 410 622 τῇ
422 585 456 622 σῇ
468 584 554 623 εὐχῆς
569 597 581 609 ιο
593 584 648 613 Σοῦ
658 582 709 622 γὰρ
723 582 809 612 εἶπόν-

22 640 59 662 τος
76 628 122 667 τὸ,
140 629 187 662 Εἰς
209 627 268 661 τοὺς
292 629 390 662 αἰῶνας
409 629 461 657 τῶν
487 628 608 665 αἰώνων,
632 628 741 668 ἀσαφῶς
764 627 809 656 καὶ

22 675 44 703 ἐν
57 674 179 713 γλώσσῃ,
195 674 243 702 οὐκ
256 673 368 709 ἤκουσεν
383 684 389 691 ·
405 672 475 702 ὥστε
492 673 550 703 οὔτε
566 673 719 713 ὠφελεῖται.

59 729 73 745 α
97 717 139 748 Σὺ
161 718 209 756 μὲν
232 718 284 758 γὰρ
307 719 395 752 καλῶς
410 719 588 758 εὐχαριστεῖς,
609 719 667 747 ἀλλ’
683 719 697 747 ὁ
722 717 810 757 ἕτερος

24 765 63 793 οὐκ
77 763 266 801 οἰκοδομεῖται.
291 775 307 791 π
323 761 383 792 Ἵνα
407 763 444 801 μὴ
471 763 531 802 δόξῃ
552 764 688 796 παντελῶς
711 774 810 792 κατευ-

23 807 121 842 τελίζειν
148 807 178 837 τὸ
201 807 338 847 χάρισμα,
363 807 428 847 φησί
441 819 448 826 ·
474 807 514 838 Σὺ
533 807 580 846 μὲν
597 809 686 841 καλῶς
701 808 810 847 εὐχαρι-

24 856 95 890 στεῖς,
122 851 194 881 ἀλλὰ
217 854 264 888 τ’ἧς
279 854 326 882 τοῦ
349 852 463 887 πλησίον
488 852 616 892 ὠφελείας
643 851 680 891 μὴ
697 852 811 892 προσού-

24 908 82 935 σης,
97 897 232 937 ἄχρηστος
246 899 264 933 ἡ
279 897 446 937 εὐχαριστία.

63 954 76 970 (ι
92 943 252 982 Εὐχαριστῶ
273 944 312 983 τῷ
327 943 390 982 Θεῷ
406 954 471 980 μου,
491 942 598 972 πάντων
622 944 694 980 ὑμῶν
711 942 812 980 μᾶλλον

24 987 149 1025 γλώσσαις
166 988 263 1016 λαλῶν.
279 998 293 1016 ι)
312 985 374 1016 Ἵνα
398 986 436 1026 μὴ
452 987 637 1023 ὑπολάϐωσιν,
659 986 698 1016 ὅτι
716 988 751 1020 ὡς
775 985 812 1024 μὴ

24 1032 86 1071 ἔχων
109 1035 187 1062 τοῦτο
209 1032 239 1061 τὸ
262 1031 401 1072 χάρισμα,
420 1032 463 1062 διὰ
479 1035 557 1062 τοῦτο
583 1031 707 1066 εὖτελίζει
733 1032 812 1068 αὐτὸ,

25 1077 108 1117 φησὶν,
122 1076 167 1106 ὅτι
182 1076 267 1107 Πλέον
283 1077 390 1106 πάντων
400 1077 534 1116 γλώσσαις
547 1079 631 1108 λαλῶ.

65 1132 78 1150 ι(
91 1121 163 1152 Ἀλλ’
188 1123 215 1150 ἐν
231 1121 380 1162 Ἐκκλησίᾳ
404 1122 473 1151 θέλω
497 1123 575 1152 πέντε
600 1121 692 1162 λόγους
707 1121 751 1150 διὰ
769 1122 814 1150 τοῦ

26 1165 74 1200 νοός
89 1179 135 1205 μου
155 1167 284 1204 λαλῆσαι,
302 1166 345 1194 ἵνα
360 1167 406 1196 καὶ
433 1167 527 1201 ἄλλους
547 1166 705 1206 κατηχήσω,
719 1165 737 1202 ἢ
759 1177 813 1204 μυ-

27 1211 88 1251 ρίους
100 1211 195 1251 λόγους
217 1213 242 1241 ἐν
268 1211 389 1251 γλώσσῃ.
406 1222 421 1241 n
440 1230 479 1234 —
499 1223 513 1241 (ι
536 1213 586 1242 Διὰ
605 1214 650 1241 τοῦ
667 1211 723 1245 νοός
742 1222 792 1249 μου
807 1222 814 1229 ·

27 1270 36 1282 ιι
45 1257 172 1293 τουτέστι,
184 1258 260 1286 Νοῶν
272 1257 316 1286 καὶ
329 1256 407 1290 εἰδὼς
419 1256 522 1296 ἃλέγω,
537 1258 582 1286 καὶ
597 1259 758 1297 ἑρμηνεῦσαι
770 1256 815 1285 δυ-

27 1299 125 1339 νάμενος
144 1303 242 1339 ταῦτα,
265 1300 311 1330 ἵνα
326 1300 372 1330 καὶ
388 1302 483 1335 along
499 1302 640 1341 ὠφελήσω.
666 1312 681 1329 α
701 1300 742 1331 Ἢ
763 1313 816 1339 μυ-

29 1345 90 1384 ρίους
115 1346 210 1384 λόγους
238 1346 263 1375 ἐν
292 1345 419 1386 γλώσσῃ·
446 1359 462 1374 ι)
493 1347 639 1383 τουτέστιν,
664 1345 752 1376 Ὅταν
777 1345 814 1383 μὴ

28 1389 106 1430 ἰσχύω
131 1390 226 1424 αὐτοὺς
251 1391 428 1431 ἑρμηνεῦσαι·
451 1391 510 1421 τότε
533 1391 584 1431 γὰρ
609 1392 644 1425 εἷς
665 1391 712 1430 ἐμὲ
739 1390 816 1429 μόνον

28 1437 43 1471 ἡ
65 1435 174 1475 ὠφέλεια
200 1435 378 1473 περιίσταται.
395 1436 481 1466 Πέντε
506 1436 533 1465 δὲ
557 1436 649 1475 λόγους
674 1435 744 1475 λέγει
766 1439 817 1468 πᾶς

30 1479 178 1514 διδάσκαλος
186 1480 225 1518 ³ο,
243 1481 256 1509 ὁ
275 1480 309 1510 τὰ
324 1481 483 1518 κατάλληλα
503 1481 632 1522 φάρμακα
650 1480 749 1520 ἑκάστῃ
764 1482 816 1509 τῶν

30 1525 52 1553 ἐν
66 1527 126 1565 ἡμῖν
141 1525 223 1554 πέντε
235 1525 382 1560 αἰσθήσεων
394 1526 547 1566 προσάγων.

68 1570 222 1610 (ιἈδελφοὶ,
237 1570 274 1608 μὴ
301 1570 407 1609 παιδίαξ
419 1571 519 1609 γίνεσθε
542 1576 599 1605 ταῖς
623 1571 724 1613 φρεσὶν,
748 1571 817 1600 ἀλλὰ

31 1616 60 1654 τῇ
73 1615 151 1655 κακίᾳ
165 1615 324 1650 νηπιάζετε·
345 1616 403 1649 ταῖς
419 1615 446 1644 δὲ
459 1615 535 1656 φρεσὶ
559 1615 653 1646 τέλειοι
664 1616 778 1656 γίνεσθε.
795 1627 808 1644 ι)

30 1658 99 1688 Μετὰ
113 1660 141 1689 τὸ
157 1659 241 1694 δεῖξαι
260 1659 290 1688 τὸ
315 1661 368 1688 τῶν
390 1661 518 1699 γλωσσῶν
533 1661 672 1701 χάρισμα,
699 1660 772 1690 ποῖόν
793 1660 818 1689 τί

31 1705 97 1742 ἔστι,
112 1704 204 1734 λοιπὸν
219 1704 428 1745 πληκτικωτέρῳ
455 1706 586 1745 κέχρηται
609 1707 647 1746 τῷ
669 1705 750 1746 λόγῳ,
774 1705 819 1735 καὶ

29 1749 139 1783 ὀνειδίζει
159 1750 250 1782 αὐτοῖς
275 1751 310 1782 ὡς
333 1749 446 1779 παιδικὰ
470 1753 604 1789 φρονοῦσι.
631 1751 745 1785 Νηπίων
768 1750 818 1789 γάρ

30 1793 92 1822 ἐστιν
115 1795 220 1830 ἀληθῶς
240 1794 270 1823 τὸ
292 1793 325 1823 τὰ
340 1794 423 1834 μικρὰ
445 1795 600 1832 θαυμάζειν,
622 1795 664 1824 διὰ
685 1794 714 1824 τὸ
736 1794 816 1834 τυχὸν

30 1838 191 1874 ἐκπληκτικὰ
214 1833 292 1877 εἷναι,
308 1834 362 1868 οἶαί
383 1833 434 1868 εἶσι
452 1840 497 1868 καὶ
519 1841 547 1869 αἱ
561 1840 698 1878 γλῶσσαι*
723 1841 774 1868 τῶν
792 1838 818 1867 δὲ

31 1883 146 1922 μεγάλων
167 1884 352 1924 καταφρονεῖν,
369 1885 405 1918 ὡς
429 1884 510 1923 μηδὲν
535 1883 744 1924 καινοπρεπὲς³¹¹
764 1885 818 1922 ἐμ-

30 1928 176 1966 φαινόντων,
203 1923 256 1957 οἶαί
280 1929 332 1958 εἶσι
355 1930 401 1958 καὶ
435 1931 462 1958 αἱ
493 1933 662 1970 προφητεῖαι.
690 1930 819 1969 Παραινεῐ

30 1972 107 2002 τοίνυν
132 1970 256 2006 uineis”
271 1974 400 2010 ἐνταῦθα,
421 1974 464 2003 ἵνα
489 1975 526 2013 μὴ
554 1974 726 2014 ἐπαίρωνται,
752 1973 819 2012 μηδὲ

29 2017 187 2055 γινώσκωσιν
212 2017 305 2051 ἅπλῶς
330 2018 356 2047 τί
379 2020 434 2048 ἐστι
461 2019 507 2048 καὶ
532 2019 625 2055 κακία,
650 2021 686 2053 ὣς
705 2019 764 2048 οὐδὲ
786 2019 819 2048 τὰ

31 2061 123 2095 νήπια·
149 2067 208 2096 ταῖς
236 2062 263 2092 δὲ
287 2063 363 2102 φρεσὶ
386 2063 481 2093 τέλειοι
512 2058 578 2093 ὦσι·
602 2064 755 2102 τουτέστιν,
777 2062 818 2092 ἵνα

32 2106 178 2146 διακρίνωσι
202 2107 260 2136 τίνα
284 2107 366 2146 μείζω
391 2108 438 2137 καὶ
461 2108 652 2149 ὠφελιμώτερα
669 2110 721 2138 τῶν
743 2120 819 2148 χαρι-

32 2151 146 2189 σμάτων.
165 2152 219 2182 Καὶ
234 2153 320 2187 ἄλλως
337 2153 377 2191 δὲ,
394 2154 516 2190 νηπιάζει
579 2154 670 2194 κακίᾳ,
689 2155 703 2183 ὁ
719 2153 820 2191 μηδένα

865 267 942 297 dum.

899 314 991 343 Vnus.
1008 318 1052 344 16.
1069 327 1083 341 (ι
1099 316 1234 352 Quoniam
1248 316 1270 345 si
1283 316 1354 345 bene
1373 316 1474 346 dixeris
1486 318 1596 354 spiritu.
1614 319 1658 355 qui

862 360 970 395 supplet
980 360 1071 388 locum
1084 361 1186 397 idiotaa,
1200 361 1340 398 quomodo
1350 361 1426 390 dicet
1435 363 1525 390 Amen
1535 363 1570 391 ad
1584 368 1662 390 tuam

862 404 1011 439 gratiarum
1035 406 1180 440 actionem,
1195 406 1420 443 quandoquidem
1435 407 1502 443 quid
1525 407 1601 435 dicas
1615 415 1662 436 ne-

863 449 914 476 scit
928 450 941 477 Ρ
962 461 974 474 ι
989 451 1106 486 Quando
1121 451 1222 487 psallis,
1237 452 1335 487 inquit,
1358 451 1382 480 si
1407 451 1584 480 benedixeris
1608 452 1664 488 spi-

863 495 931 527 ritu,
955 494 1008 523 hoc
1022 499 1078 529 est,
1102 495 1237 531 spirituali
1252 496 1327 525 dono
1348 496 1462 532 linguis,
1489 508 1502 521 α
1524 497 1570 532 qui
1594 505 1663 533 sup-

864 541 918 576 plet
934 539 1027 568 idiotas
1049 540 1152 575 locum,
1169 552 1182 565 ν
1204 541 1232 569 id
1248 545 1290 569 est
1313 541 1415 575 laicus,
1429 541 1570 577 quomodo
1593 541 1665 570 dicet

863 587 954 613 Amen
976 585 1010 613 ad
1024 589 1101 613 tuam
1115 585 1268 614 orationem
1282 587 1295 613 Ρ
1308 587 1347 614 Te
1360 586 1433 614 enim
1456 585 1607 622 dicentem,
1629 587 1661 614 In

863 630 962 658 secula
971 630 1146 666 seculorum,
1163 630 1279 658 obscure
1296 634 1324 659 et
1337 638 1386 667 per
1397 630 1520 668 linguam
1538 639 1595 660 non
1613 639 1664 659 au-

863 674 940 708 divit,
955 679 982 702 et
997 674 1113 710 proinde
1125 683 1181 702 non
1193 675 1317 711 juvatur.

900 720 988 748 Vens.
1010 722 1053 747 17.
1083 730 1098 745 «
1116 721 1189 748 Nam
1209 724 1238 748 tu
1257 719 1370 756 quidem
1389 719 1458 748 bene
1473 720 1573 757 gratias
1595 722 1664 757 agis,

863 763 910 792 sed
924 763 991 792 alter
1010 772 1067 792 non
1080 764 1239 793 zedificatur.
1255 776 1268 788 ι
1283 765 1325 793 Ne
1340 765 1463 793 videatur
1477 766 1592 793 omnino
1615 765 1666 794 do-

862 816 931 836 num
954 809 1021 837 illud
1054 809 1234 845 vilipendere,
1257 810 1299 838 Tu
1324 809 1450 846 quidem,
1475 810 1573 846 inquit,
1599 810 1668 839 bene

864 853 964 890 gratias
977 854 1053 890 agis,
1078 853 1128 882 sed
1151 854 1267 890 proximi
1287 853 1328 882 tui
1350 855 1498 884 commodo
1513 863 1570 883 non
1585 863 1662 884 acce-

828 911 852 943 B
865 898 957 933 dente,
973 899 1078 927 inutilis
1097 903 1140 927 est
1155 903 1202 927 tua
1220 899 1372 935 gratiarum
1386 899 1469 928 actio.

905 945 990 972 Vsns.
1004 947 1047 972 18.
1064 953 1079 970 «
1092 944 1202 972 Gratias
1212 952 1263 980 ago
1274 945 1334 973 Deo
1347 952 1420 977 meo,
1431 945 1506 980 quod
1516 945 1577 981 plus
1587 946 1665 974 vobis

867 989 997 1017 omnibus
1017 989 1113 1024 linguis
1127 989 1234 1025 loquar.
1251 1000 1263 1013 ι
1279 989 1320 1017 Ne
1337 989 1508 1025 suspicentur
1522 990 1597 1026 quod
1618 999 1667 1019 ceu

867 1041 962 1062 carens
976 1041 1010 1062 eo
1024 1033 1197 1067 charismate,
1211 1033 1274 1062 ideo
1298 1034 1389 1070 ipsum
1402 1034 1488 1062 elevet
1506 1043 1537 1062 ac
1551 1034 1664 1071 vilipen-

866 1077 924 1113 dat,
939 1079 1003 1107 Plus
1011 1086 1096 1114 quam
1110 1086 1217 1113 omnes,
1230 1078 1328 1114 inquit,
1344 1079 1448 1115 linguis
1462 1079 1569 1115 loquor.

903 1124 1000 1152 Vens.
1024 1126 1067 1152 19.
1087 1134 1098 1149 «
1117 1123 1171 1152 Sed
1187 1124 1213 1151 in
1230 1123 1348 1152 Ecclesia
1363 1124 1424 1152 volo
1439 1124 1561 1160 quinque
1581 1124 1666 1153 verba

869 1169 954 1204 210
970 1173 1065 1196 mente
1079 1176 1140 1196 mea
1151 1168 1238 1205 loqui,
1252 1171 1282 1196 ut
1297 1172 1324 1196 et
1338 1168 1405 1197 alios
1419 1169 1564 1203 instruam,
1577 1177 1662 1206 quam

868 1212 963 1241 decem
976 1213 1064 1241 millia
1077 1212 1225 1241 verborum
1237 1213 1265 1240 in
1280 1213 1380 1249 lingua.
1395 1225 1408 1238 1
1430 1225 1443 1238 ι
1457 1215 1550 1242 Mente
1561 1222 1637 1248 mea;
1651 1224 1665 1240 ι)

870 1257 923 1286 hoc
935 1262 977 1286 est
991 1257 1143 1294 intelligens
1157 1262 1185 1286 et
1199 1258 1288 1286 sciens
1301 1266 1364 1294 qua:
1377 1258 1448 1292 dico,
1463 1263 1494 1286 ut
1504 1259 1549 1294 qui
1563 1259 1665 1295 possim

870 1302 1042 1339 interpretari
1059 1303 1129 1337 haec,
1144 1307 1175 1332 ut
1189 1308 1217 1331 et
1235 1304 1302 1332 alios
1321 1302 1458 1340 adjuvem.
1476 1315 1488 1328 α
1508 1304 1599 1340 Quam
1619 1303 1668 1332 de-

871 1355 931 1376 cem
943 1347 1027 1375 millia
1039 1348 1066 1375 in
1082 1347 1185 1384 lingua,
1201 1359 1214 1372 v
1227 1347 1338 1384 quando
1350 1348 1482 1376 nimirum
1495 1357 1550 1377 non
1565 1349 1668 1385 possim

870 1400 900 1420 ea
915 1392 1102 1428 interpretari:
1113 1396 1175 1420 tum
1189 1393 1264 1421 enim
1277 1392 1312 1421 ad
1322 1400 1367 1420 me
1377 1394 1469 1421 solum
1481 1393 1664 1434 com‘moditas

871 1437 948 1466 redit.
961 1449 973 1462 -
985 1438 1114 1474 Quinque
1126 1449 1138 1462 ιι
1146 1442 1239 1466 autem
1251 1449 1263 1462 ‹ι
1274 1437 1354 1466 verba
1366 1450 1378 1462 υ
1389 1437 1457 1466 dicit
1469 1439 1593 1475 quisq‘uis
1603 1438 1672 1466 alios

870 1482 1003 1514 instituit,
1019 1483 1186 1510 medicinam
1208 1483 1416 1511 convenientem
1438 1483 1524 1512 cuivis
1543 1483 1665 1520 quinque

874 1534 1005 1555 sensuum
1016 1531 1177 1555 nostrorum
1191 1527 1334 1555 adhibens.

909 1573 999 1600 Vens.
1015 1575 1061 1600 20.
1078 1583 1091 1596 α
1107 1573 1224 1606 Fratres,
1246 1579 1282 1600 ne
1295 1572 1356 1600 sitis
1370 1572 1446 1608 pueri
1459 1572 1596 1607 sensibus,
1625 1575 1673 1601 sed

873 1617 977 1644 malitia
1015 1616 1137 1645 infantes
1166 1621 1269 1651 estote;
1302 1617 1428 1645 sensibus
1460 1625 1524 1645 vero
1559 1617 1670 1653 perfecti

873 1664 972 1689 estote.
990 1673 1002 1686 ι
1024 1663 1173 1697 Postquam
1189 1662 1414 1690 commonstravit
1427 1662 1506 1698 quale
1520 1662 1556 1690 sit
1570 1662 1673 1699 lingua-

874 1713 937 1734 rum
960 1705 1085 1740 donum,
1107 1706 1238 1742 deinceps
1263 1707 1402 1743 asperiore
1420 1714 1548 1735 sermone
1574 1707 1668 1739 utitur,

874 1750 1044 1786 exprobrans
1056 1751 1094 1778 eis
1101 1751 1180 1787 quasi
1189 1751 1301 1787 puerilia
1309 1750 1510 1779 affectantibus.
1520 1751 1672 1779 lnfantium

874 1795 948 1823 enim
969 1803 1064 1823 revera
1079 1799 1131 1829 est,
1158 1803 1201 1823 res
1220 1795 1333 1831 exiguas
1360 1794 1507 1829 admirari,
1521 1799 1666 1831 propterea

874 1838 950 1874 quod
974 1838 1067 1866 forsan
1095 1838 1304 1866 admirationem
1323 1843 1352 1866 et
1375 1842 1517 1874 stuporem
1535 1839 1664 1872 excitent,

874 1883 968 1919 quales
986 1887 1051 1911 sunt
1073 1883 1194 1919 linguas:
1211 1890 1310 1919 magna
1334 1890 1398 1910 vero
1421 1886 1614 1916 contemnere,
1640 1887 1671 1911 ut

874 1936 936 1965 quae
963 1927 1030 1956 nihil
1045 1927 1146 1956 mirum
1170 1935 1227 1963 pra:
1241 1935 1270 1955 se
1285 1926 1372 1955 ferant
1383 1949 1390 1962 ,
1405 1927 1499 1963 quales
1521 1931 1587 1955 sunt
1611 1935 1673 1963 pro-

875 1973 985 2009 phetiae.
999 1972 1168 2001 Adhortatur
1180 1971 1226 2000 hic
1241 1973 1335 2008 itaque
1350 1979 1408 2006 eos,
1427 1976 1459 2000 ut
1474 1979 1531 2000 non
1551 1971 1673 2000 efferan~

875 2022 929 2052 tur,
938 2026 995 2046 non
1009 2018 1151 2052 inflentur,
1164 2025 1252 2053 neque
1265 2017 1426 2053 simpliciter
1451 2017 1541 2045 sciant
1558 2017 1626 2053 quid
1638 2017 1674 2045 sit

876 2063 997 2098 malitia,
1019 2063 1163 2091 infantium
1178 2063 1265 2090 instar
1279 2073 1285 2091 :
1304 2066 1396 2090 mente
1410 2066 1503 2090 autem
1520 2062 1576 2090 sive
1590 2063 1675 2090 sensi-

875 2108 927 2136 bus
946 2107 1056 2144 perfecti
1075 2108 1148 2142 sint;
1166 2108 1219 2136 hoc
1238 2111 1290 2141 est,
1312 2111 1344 2135 ut
1367 2107 1517 2143 dijudicent
1531 2115 1594 2143 qua:
1617 2107 1676 2136 sint

877 2153 981 2190 majora
1005 2158 1033 2181 et
1057 2152 1244 2181 commodiora
1267 2152 1441 2180 charimata.
1468 2153 1622 2186 Praeterea,
1637 2153 1676 2180 in-

31 2199 186 2235 κακοποιὶὖν,
207 2196 266 2227 ἀλλ’
281 2197 372 2238 ὥσπερ
390 2198 496 2238 νήπιον,
509 2199 608 2233 ἄκακος
618 2211 624 2216 ·
640 2201 697 2232 ταῖς
712 2198 739 2227 δὲ
755 2210 814 2238 φρε-

899 2206 940 2226 ms
953 2203 995 2226 est
1008 2198 1116 2232 militia,
1131 2197 1178 2234 qui
1204 2197 1309 2225 nemini
1326 2201 1367 2225 est
1381 2197 1507 2233 iujurius,
1521 2205 1616 2224 verum
1633 2197 1676 2224 in-

32 2240 55 2268 σὶ
67 2242 162 2276 τέλειός
172 2243 255 2279 ἐστιν,
267 2244 280 2272 ὁ
347 2242 387 2282 ὃς]
403 2243 470 2282 μετὰ
483 2246 527 2273 τοῦ
540 2244 640 2282 μηδένα
654 2248 817 2277 κακοποιεῖν,

32 2284 83 2315 ἔστι
101 2287 145 2317 καὶ
158 2288 279 2328 ὠφελῶν,
296 2288 342 2317 καὶ
364 2290 393 2317 οὐ
414 2289 492 2328 μόνον
507 2290 602 2318 κακίαν
619 2289 734 2330 φεύγων,
751 2289 820 2318 ἀλλὰ

32 2331 72 2360 καὶ
95 2332 190 2372 ἀρετὴν
212 2332 328 2370 διώκων,
352 2333 398 2363 καὶ
421 2333 560 2374 φυλάττων
585 2334 679 2364 ἑαυτὸν
699 2333 751 2362 ἀπὸ
773 2336 820 2363 τοῦ

34 2375 67 2413 μὴ
84 2377 247 2416 βλάπτεσθαι
270 2377 332 2418 περὶ
351 2378 383 2408 τὰ
407 2378 508 2419 καίρια.
530 2378 645 2418 Ὅμοιον
668 2378 753 2416 τούτῳ
777 2378 818 2416 τὸ,

37 2421 169 2452 «Γίνεσθε
184 2422 306 2463 φρόνιμοι
328 2424 364 2457 ὡς
387 2424 411 2454 οἱ
425 2423 504 2464 ὄφεις,
520 2424 566 2453 καὶ
590 2423 710 2464 ἀκέραιοι
732 2426 767 2456 ὥς
792 2425 820 2453 αἱ

33 2467 187 2507 περιστεραί.
202 2478 217 2496 ι)

75 2560 89 2579 (ι
103 2549 148 2581 Ἐν
163 2553 201 2591 τῷ
216 2552 291 2593 νόμῳ
304 2552 464 2593 γέγραπται,
480 2553 521 2583 ὅτι
537 2552 585 2584 Ἐν
603 2552 822 2593 ἔτερογλώσσαις,

36 2594 75 2622 καὶ
98 2596 123 2625 ἐν
146 2597 261 2637 χείλεσιν
284 2597 381 2637 ἑτέροις
396 2598 506 2634 λαλήσω
522 2600 558 2638 τῷ
578 2600 635 2638 λαῷ
657 2598 752 2639 τούτῳ,
777 2599 823 2628 καὶ

37 2639 86 2668 οὐδ’
101 2640 182 2675 οὕτως
202 2643 400 2674 εἰσακούσονταί
416 2655 477 2682 μου,
499 2643 570 2683 λέγει
595 2644 702 2684 Κύριος.
720 2655 734 2674 ι)
759 2645 820 2675 Πά-

69 2721 78 2733 ⁶
91 2717 188 2747 Matth.
206 2726 236 2753 x,
254 2722 295 2748 19.
334 2721 343 2737 ι
356 2721 408 2748 lsa.
424 2727 539 2754 xxvm,
559 2723 601 2748 ll.

875 2243 957 2273 rantis
972 2243 999 2270 in
1010 2251 1117 2271 morem
1132 2243 1275 2270 innocens.
1291 2243 1385 2270 Mente
1400 2249 1464 2270 vero
1478 2242 1535 2269 sive
1549 2241 1676 2270 sensibus

875 2288 1010 2324 perfectus
1020 2292 1072 2322 est,
1085 2287 1131 2324 qui
1143 2291 1325 2323 praeterquam
1337 2286 1413 2322 quod
1423 2286 1527 2314 nemini
1537 2286 1673 2315 damnum

876 2333 932 2367 det,
939 2333 1018 2369 juvet
1030 2333 1113 2360 etiam
1123 2332 1203 2367 alios,
1217 2331 1320 2360 nedum
1333 2332 1428 2360 vitium
1443 2330 1561 2368 fugiens,
1577 2339 1674 2360 verum

877 2378 1008 2406 virtutem
1033 2377 1115 2405 etiam
1136 2377 1300 2412 insequens,
1319 2376 1426 2412 sibique
1451 2384 1567 2412 cavens,
1593 2384 1629 2405 ne
1648 2377 1677 2404 in

873 2423 966 2456 rebus,
982 2430 1044 2458 qua:
1057 2421 1172 2458 alicujus
1183 2421 1390 2455 sintmomcnti,
1400 2421 1536 2449 damnum
1549 2422 1677 2457 patiatur.

876 2468 948 2496 Huic
965 2467 1047 2496 aliine
1059 2471 1101 2495 est
1118 2466 1186 2494 illud
1202 2475 1209 2494 :
1225 2477 1237 2490 ι
1254 2467 1351 2494 Estotc
1369 2466 1520 2502 prudentes
1533 2467 1606 2495 sicut
1616 2474 1678 2495 ser-

876 2517 980 2550 pentes,
994 2517 1021 2540 et
1035 2512 1173 2548 simplices
1185 2511 1256 2539 sicut
1268 2511 1406 2539 columbae
1417 2516 1437 2539 ³.
1454 2522 1466 2536 ιο

912 2560 1003 2586 Vens.
1020 2561 1063 2585 2t.
1080 2569 1093 2582 «ι
1120 2558 1151 2584 In
1176 2556 1234 2592 lege
1264 2556 1340 2584 enim
1362 2556 1499 2592 scriptum
1519 2560 1561 2585 est
1577 2566 1584 2585 :
1600 2556 1677 2592 Quo-

877 2603 955 2631 niam
975 2602 1033 2630 aliis
1060 2601 1177 2637 linguis,
1208 2605 1236 2629 et
1262 2601 1342 2629 labiis
1370 2601 1429 2629 aliis
1454 2602 1550 2637 loquar
1576 2601 1679 2637 populo

878 2648 956 2682 huic,
980 2650 1008 2676 et
1025 2655 1075 2676 nec
1089 2647 1127 2675 sic
1141 2645 1283 2675 exaudith
1298 2645 1360 2682 mej,
1373 2645 1440 2674 dicit
1461 2645 1598 2673 Dominus
1609 2647 1619 2663 *ι
1630 2666 1637 2674 .
1667 2657 1678 2670 ι

725 2765 818 2795 Variae
841 2765 990 2795 lectiones.

70 2811 89 2828 ²⁹
101 2813 201 2848 ψαλμοῦ
214 2821 239 2841 ο.
275 2814 298 2831 ⁸ο
319 2814 493 2846 ὃιδασκαλικός
505 2825 531 2842 o.
570 2815 590 2833 ³¹
606 2816 856 2850 καινοπρεπέστατον.
894 2815 916 2833 ³³
930 2814 1016 2845 αὖτοὺς
1035 2821 1062 2842 0.
