1867 3081
230 157 280 184 743
741 154 998 182 THEOPHYLACTI
1017 153 1194 182 BULGARLIE
1213 153 1369 181 ARCHIEP.
1790 156 1820 181 ut

228 220 335 246 Rursus
356 217 526 254 prophetiam
547 225 612 245 cum
639 217 742 253 linguis
765 222 921 254 comparat.
946 225 965 245 η

1082 218 1122 247 λιν
1148 216 1283 256 συγκρίνει
1308 215 1357 252 τὴν
1383 214 1544 256 προφητείαν
1570 215 1636 255 πρὸς
1661 215 1705 249 τὰς
1726 216 1819 254 γλώσσας

226 267 317 292 strans
330 263 419 299 ipsam
435 270 495 291 esse
516 262 738 291 excellentiorem
753 271 759 290 :
776 267 803 291 et
817 262 957 298 quomodo

1082 261 1128 291 καὶ
1144 261 1278 290 δείκνυσιν
1294 261 1377 296 αὐτὴν
1401 259 1580 300 ὑπερέχουσαν
1591 271 1598 278 ·
1618 259 1732 296 καὶπῶς,
1747 260 1819 289 ὃιὰτῶν

228 307 286 342 ﬁat,
300 316 350 344 per
364 307 504 344 sequentia
516 307 630 343 planum
648 307 704 335 ﬁet.
727 308 830 343 Legem
850 311 945 335 autem
961 315 965 334 ι

1083 305 1137 341 ἑξῆς
1151 306 1244 342 δῆλον.
1262 305 1353 343 Νόμον
1376 305 1404 334 δὲ
1423 304 1472 341 τὴν
1493 303 1616 335 Παλαιὰν
1630 308 1713 333 πᾶσαν
1726 304 1782 334 εἴωθε
1793 317 1820 333 u-

226 360 335 381 versam
362 353 448 380 Vetus
468 353 679 380 Testamentum
710 352 847 387 appellare
872 360 963 380 consut

1082 351 1151 380 λείνθ
1175 351 1215 380 διὸ
1238 351 1284 380 καὶ
1301 352 1345 379 ν’ὗν
1367 349 1402 379 τὰ
1429 350 1456 378 ἐν
1481 351 1519 389 τῷ
1543 347 1643 388 (Homini:
1657 350 1819 388 γεγραμμέναῇ

227 399 375 434 Propterea
385 401 559 433 etnuncqua:
566 398 591 424 in
601 397 669 424 Isaia
682 396 886 430 scribuntur,in
893 397 964 433 leget

1083 397 1116 435 τῷ
1136 395 1208 436 νόμῳ
1233 394 1297 435 φησὶ
1311 394 1469 435 γεγράφθαι.
1487 393 1535 424 Ἐν
1553 393 1579 423 δὲ
1595 395 1634 433 τῷ
1652 393 1735 432 εἰπεῖν,
1755 405 1767 422 (ί
1782 394 1820 423 0ὖὲ

227 451 285 470 csse
299 442 410 478 Scripta.
434 443 506 470 Cum
530 449 593 469 vero
606 441 660 474 ait,
677 452 690 465 α
706 442 802 477 Neque
823 441 863 470 sic
877 442 964 470 exaud

1084 439 1159 473 δὸτως
1186 439 1385 469 εἰσακούσονταί
1412 451 1478 476 μου,
1501 449 1515 467 ι)
1536 437 1665 468 δείκνυσιν
1682 437 1717 467 ὅτι
1734 437 1821 472 ἐκπλῆξαι

227 495 283 520 me,
304 487 410 515 indicat
429 486 504 523 quod
530 486 605 522 ipsos
637 486 771 514 attonitos
792 486 907 514 reddere
935 495 964 522 pc

1084 484 1172 518 ιῦτοὺς
1195 484 1311 521 ἠδύνατο
1335 484 1365 513 τὸ
1391 486 1500 522 θαῦμομ
1528 484 1552 513 εἰ
1573 483 1602 512 δὲ
1628 484 1674 513 οὐκ
1698 482 1821 518 ἐπείσθησαν,

227 532 406 566 miraculum;
420 531 496 568 quod
516 531 540 559 si
552 539 609 559 non
619 531 741 567 persuasi
753 535 842 565 erant,
860 532 964 567 ipsorur

1084 529 1182 558 ixeivmv
1206 530 1238 560 τὸ
1253 529 1387 568 ἔγκλημα.
1400 529 1435 559 Ὀ
1449 529 1501 568 γὰρ
1524 528 1592 562 Θεὸς
1616 527 1649 557 τὰ
1663 529 1735 556 citrei}
1747 528 1821 557 inim

225 577 312 612 culpa.
337 578 410 604 Deus
431 576 507 604 enim
522 583 583 612 quae
607 583 657 604 sua
671 579 745 610 sunt,
768 583 879 611 semper
900 575 962 604 facit

1084 578 1157 611 ποιεῖ,
1183 574 1227 603 καὶ
1250 573 1298 609 τὴν
1320 574 1444 613 πρόνοιαν
1467 575 1547 603 αὑτοῦ
1561 573 1682 609 δεικνύει,
1697 572 1768 602 καίτοι
1776 572 1821 603 est:

226 621 428 657 providentiam
442 628 523 649 suam
537 620 677 655 ostendit,
692 620 802 648 etiamsi
817 621 885 648 sciat
904 629 951 649 eos

1082 618 1192 652 ἐκείνους
1217 619 1255 657 μὴ
1285 617 1521 657 πεισθησομένους,
1553 619 1600 652 ὣς.
1619 617 1650 647 ἂν
1676 617 1819 656 inﬁnitivum

225 667 471 702 obtemperaturos,
493 669 524 693 ut
537 665 593 700 iam
611 665 809 694 inexcusabiles
829 665 895 693 sint.
1075 657 1152 692 ὦσιν.

260 713 348 739 Vsus.
363 713 410 739 22.
427 722 439 735 α
461 712 555 746 Itaque
570 710 668 746 lingua:
692 710 719 737 in
742 710 852 746 signum
867 714 950 745 sunt,
964 718 997 738 ne

1121 719 1135 737 ιι
1159 707 1243 738 Ὥστε
1259 709 1285 738 αἶ
1300 709 1422 747 γλῶσσαι
1437 709 1473 742 εἰς
1489 707 1599 746 σημεῖόν
1613 708 1687 745 εἰσιν,
1700 707 1724 736 οὖ
1743 709 1782 738 τοῖς
1791 717 1817 734 τι·

226 756 366 790 ﬁdelibus,
384 756 432 784 sed
454 755 619 783 inﬁdelibus.
642 767 655 780 ιι
684 755 801 791 Signum
823 760 915 783 autem
938 759 963 783 te

1082 751 1230 791 ῑτεύουσιν,
1257 752 1326 782 ἀλλὰ
1351 753 1404 786 τοῖς
1426 752 1558 786 ἀπίστοις.
1594 763 1609 782 ι)
1640 752 1678 782 Τὸ
1703 750 1727 780 δὲ
1749 754 1819 788 muria

226 801 350 837 quidem,
365 808 421 829 non
431 800 511 829 docet
521 808 585 828 vero
600 807 722 836 prorsus,
736 808 824 836 neque
833 801 922 836 juvat,
935 809 963 836 (ιι

1081 796 1217 832 ἐκπλήττει
1242 797 1310 836 μὲν,
1328 798 1357 826 οὖ
1378 797 1483 831 πάντως
1498 798 1526 828 δὲ
1551 797 1670 827 διδάσκει
1685 796 1725 825 καὶ
1744 796 1818 836 ὠφελεῖ·

225 846 375 883 doquidem
389 850 417 873 et
431 853 503 881 saepe
520 849 628 880 noceat,
641 844 878 881 quemadmodum
891 849 919 873 et
930 845 962 872 lin

1082 841 1153 871 51:61:
1177 842 1222 871 καὶ
1251 841 1365 882 βλάπτει
1391 842 1532 878 πολλάκις,
1553 841 1646 882 ὥσπερ
1669 843 1751 877 ήᾶνευ
1769 841 1819 879 ἑρμη-

224 891 525 927 sineinterpretatione,
540 889 650 926 perinde
663 898 694 917 ac
707 890 779 918 infra
792 890 867 925 dicit,
884 902 896 914 α
910 890 961 917 Dic

1081 886 1143 920 ιείας
1157 888 1286 925 γλῶσσα,
1310 886 1380 916 καθὰ
1403 887 1503 926 προϊών
1528 899 1619 927 φησιν,
1633 887 1672 916 ὅτι
1689 898 1703 915 (ι
1723 885 1818 926 Ἐροῦσιν,

224 936 299 972 quod
320 935 453 964 insanitis.
470 947 482 960 ι
507 935 580 970 Quin
594 935 678 962 etiam
691 935 766 970 signa
782 934 961 963 inﬁdelibus<

1082 929 1113 960 in
1129 931 1256 970 μαίνεσθε
1268 943 1275 949 ·
1289 942 1304 960 n
1331 931 1401 962 ἀλλὰ
1416 931 1470 969 μὴν
1493 932 1539 962 καὶ
1554 936 1610 966 τοῖς
1628 931 1737 963 ἀπίστοις
1756 930 1819 959 Bitiam

1093 975 1099 984 \
1200 980 1210 984 -
1279 977 1288 984 ο
1333 976 1340 984 1
1468 977 1474 984 I
1518 978 1526 984 κ
1553 977 1577 984 LI
1713 976 1719 984 Ι
1794 974 1810 984 l5

224 984 288 1009 sunt
300 980 412 1008 :ﬁdeles
434 980 511 1008 enim
531 987 590 1008 non
604 979 708 1008 habent
721 987 790 1015 opus
809 979 901 1014 hisce,
924 983 953 1007 ut

1082 975 1106 1004 ῖὰ
1128 980 1227 1013 σημεῖα
1240 989 1246 995 ·
1265 977 1289 1005 οἳ
1312 976 1363 1016 γὰρ
1389 977 1478 1007 πιστοὶ
1500 978 1529 1006 οὖ
1549 977 1656 1006 δέονται
1680 976 1772 1013 τούτων,
1789 974 1819 1008 ἤδη

219 1026 278 1062 jam
293 1025 387 1054 ﬁdeles
400 1025 464 1053 sint.

1071 1020 1160 1049 πιστοὶ
1174 1020 1254 1055 ὄντες.

259 1081 273 1094 α
290 1069 437 1106 Prophetia
448 1070 530 1105 211
546 1073 640 1098 autem
652 1077 709 1098 non
723 1069 888 1101 inﬁdelibus,
900 1069 950 1097 sed
961 1077 996 1097 crt

1117 1075 1131 1094 «
1145 1064 1179 1095 Ἡ
1194 1066 1221 1095 δὲ
1237 1067 1385 1107 προφητεία
1400 1068 1429 1096 οὐ
1444 1070 1499 1100 τοῖς
1520 1066 1658 1105 ἀπίστοις,
1673 1066 1735 1096 ἀλλὰ
1745 1070 1785 1098 τοῖς
1794 1077 1820 1093 πι-

222 1114 360 1144 dentibus.
378 1125 392 1141 «
409 1114 562 1150 Prophetia,
579 1114 678 1150 inquit,
694 1114 807 1150 prodest
821 1114 958 1148 ﬁdelibus,

1105 1109 1220 1140 εύουσιν.
1243 1121 1258 1139 ι)
1280 1111 1315 1142 Ἦ
1333 1111 1482 1152 προφητεία
1493 1111 1596 1152 ,φησὶν
1608 1134 1617 1148 ,
1632 1112 1724 1152 ὠφελεῖ
1741 1110 1821 1143 coim-

223 1159 382 1188 instituens.
393 1160 488 1188 Nonne
501 1159 585 1195 igitur
594 1163 622 1187 et
633 1158 791 1187 inﬁdelibus
804 1162 847 1187 est
856 1158 960 1195 prophe

1084 1153 1164 1192 ττοδς,
1183 1159 1341 1196 κατηχοῧσα
1362 1157 1480 1191 τούτους.
1505 1151 1574 1197 Ἆρα
1603 1151 1646 1186 οὖν
1670 1156 1711 1186 καὶ
1727 1160 1769 1189 τοῖς
1782 1154 1821 1183 ἀπί-

222 1204 309 1242 Ecqui
328 1204 455 1241 deinceps
472 1204 552 1239 dicit,
570 1216 583 1229 α
604 1204 631 1232 Si
658 1211 754 1232 omnes
774 1203 956 1240 prophetaver

1105 1210 1142 1232 οις
1165 1201 1213 1230 οὐκ
1227 1201 1297 1231 ἔστιν
1320 1204 1338 1238 ἡ
1364 1200 1530 1242 ﬁmo-quia;
1555 1201 1602 1230 καὶ
1617 1203 1672 1234 πῶς
1694 1201 1821 1241 παραχατιὺι

222 1249 391 1286 ingrediatur
413 1253 506 1277 autem
522 1249 657 1285 quispiam
685 1248 829 1277 inﬁdelis?
852 1260 865 1273 »ι
891 1249 933 1276 En
955 1248 959 1275 i

1084 1243 1152 1282 ιέγει,
1166 1244 1206 1274 ὅτι
1236 1257 1252 1274 (ι
1277 1245 1344 1276 Ἐὰν
1359 1246 1457 1280 πάντες
1476 1246 1690 1286 προφητεύωσιν,
1711 1245 1792 1284 εἰσέλθῃ
1807 1243 1821 1271 ἒξ

223 1293 379 1322 inﬁdelibus
394 1294 535 1330 prophetia
555 1293 681 1322 inservit.
697 1293 804 1322 Poteris
818 1293 902 1330 igitur
916 1293 959 1320 dic

1084 1299 1110 1321 ἰς
1125 1289 1249 1327 imm-aq;
1267 1302 1282 1319 ι)
1301 1290 1369 1322 Ἰδοὺ
1383 1291 1435 1331 γὰρ
1459 1291 1507 1320 καὶ
1524 1291 1577 1324 τοῖς
1599 1293 1716 1324 ἀπίστοις
1728 1293 1742 1326 ἡ
1754 1300 1821 1329 προφη-

221 1347 277 1368 non
300 1339 401 1368 dixisse
424 1339 590 1375 Apostolum
621 1338 748 1367 inutilem
770 1346 830 1366 esse
861 1337 958 1366 inﬁdeli

1084 1332 1140 1363 εἷα.
1157 1332 1254 1364 Ἔστιν
1267 1332 1312 1365 οὖν
1329 1337 1424 1372 εἰπεῖν,
1448 1335 1489 1365 ὅτι
1505 1336 1554 1365 οὒκ
1577 1331 1651 1366 εἶπεν
1672 1337 1684 1365 ὁ
1702 1335 1821 1365 Ἀπόστολιι.

223 1384 411 1421 prophetiam;
425 1384 474 1412 sed
499 1392 554 1412 non
578 1391 638 1411 esse
659 1383 688 1411 in
705 1384 814 1419 signum
838 1383 891 1411 illis
908 1383 960 1410 inu‘

1083 1377 1110 1406 Ῡτι
1134 1380 1181 1408 οὐκ
1198 1380 1255 1409 ἔστι
1281 1380 1414 1421 χρήσιμος
1437 1383 1454 1417 ἡ
1479 1381 1632 1421 προφητεία
1658 1385 1709 1413 τοῖς
1728 1379 1820 1410 ἀπίστοις

221 1434 252 1457 ut
265 1429 369 1465 lingua.
382 1430 515 1465 Quocirca
531 1433 562 1456 ut
576 1429 738 1456 summatim
752 1428 855 1462 dicam,
871 1428 958 1463 lingua

1082 1423 1130 1451 ἱλλ¹
1156 1425 1204 1454 οὐκ
1218 1426 1289 1455 ἔστιν
1305 1426 1341 1459 εἰς
1364 1427 1474 1464 σημεῖον
1491 1426 1635 1466 ἀνωφελὲς,
1651 1427 1686 1459 ὧς
1705 1427 1721 1460 ἡ
1738 1425 1819 1464 γλῶσσα·

221 1474 250 1502 in
272 1474 382 1510 signum
406 1473 578 1507 inﬁdelibus,
610 1472 663 1501 hoc
683 1476 725 1500 est
752 1475 782 1500 ut
804 1471 958 1500 admiration

1083 1467 1155 1497 Ωστε
1178 1470 1330 1506 συλλήϐδην
1354 1471 1454 1508 εἰπεῖν,
1471 1472 1487 1506 ἡ
1508 1471 1556 1509 μὲν
1581 1471 1688 1510 γλῶττα
1701 1471 1733 1503 εἷς
1751 1468 1820 1505 musis

220 1522 331 1546 moveat
351 1522 469 1546 tantum.
487 1517 630 1553 Prophetia
644 1524 710 1544 vero
725 1520 754 1544 et
766 1515 893 1544 ﬁdelibus
908 1520 949 1543 est

1085 1522 1128 1540 στι
1150 1515 1204 1547 τοῖς
1222 1515 1354 1551 ἀπίστοις,
1369 1515 1516 1552 τουτέστιν,
1533 1517 1570 1549 εἷς
1585 1518 1618 1546 τὸ
1633 1514 1752 1550 ἐκπλῆξαι

220 1563 253 1590 lis
267 1567 295 1590 et
307 1562 473 1595 inﬁdelibus,
488 1561 564 1597 ipsos
579 1568 712 1597 arguens,
724 1560 828 1588 etiamsi
842 1568 898 1588 non
911 1560 957 1589 die

1110 1556 1138 1586 δὲ
1153 1560 1303 1600 προφητεία
1317 1560 1364 1589 καὶ
1385 1563 1439 1594 τοῖς
1455 1562 1558 1594 πιστοῖς
1582 1562 1641 1590 ἐστι
1656 1560 1781 1600 χρήσιμος,
1797 1556 1822 1585 ιιῖ
1841 1585 1842 1600 γ

223 1607 252 1634 in
265 1607 376 1642 signum
390 1606 430 1634 eis
444 1613 512 1634 esse.

1085 1603 1122 1636 οῖς
1149 1594 1285 1640 ἀπίστοις,
1301 1605 1447 1645 ἐλέγχουσα
1474 1604 1578 1644 αὐτοὺς,
1611 1594 1728 1635 navi-odit
1749 1605 1778 1637 εἰς
1795 1613 1821 1637 ση-

1073 1651 1146 1685 μεῖον
1161 1649 1250 1683 αὐτοῖς
1265 1645 1333 1679 εἶναι
1347 1650 1471 1688 λέγηται.

258 1697 347 1724 Vsus.
365 1698 412 1724 23.
427 1695 455 1724 Si
475 1695 560 1732 igitur
577 1695 737 1724 convenerit
750 1695 871 1724 Ecclesia
892 1696 995 1724 univer!

1117 1705 1132 1723 (ι
1149 1693 1216 1724 Ἐὰν
1232 1690 1276 1725 οὖν
1298 1695 1411 1735 συνέλθῃ
1429 1697 1445 1731 ἡ
1464 1695 1618 1732 Ἐκκλησία
1643 1695 1690 1732 ὅλη
1715 1690 1821 1724 ἔπιτοαυτῦ-

223 1741 251 1769 in
264 1748 362 1776 unum,
376 1744 403 1768 et
413 1748 509 1769 omnes
523 1740 622 1776 linguis
637 1740 796 1777 loquantur,
809 1740 912 1768 intrent
925 1749 959 1768 au

1085 1739 1118 1768 ιαὶ
1138 1739 1235 1774 πάντες
1260 1741 1363 1770 λαλῶσι
1383 1740 1530 1779 γλώσσαις,
1555 1741 1691 1771 εἰσέλθωσι
1715 1739 1739 1770 δὲ
1757 1739 1822 1768 iam

221 1785 316 1814 idiota?
330 1790 357 1814 et
371 1785 504 1819 inﬁdeles,
519 1793 611 1813 nonne
625 1784 728 1819 dicent,
745 1785 819 1821 quod
840 1785 958 1813 insanitis

1085 1790 1088 1818 ἰ
1119 1784 1241 1823 ἄπιστοι,
1269 1785 1317 1814 οὐκ
1346 1786 1448 1825 ἐροῦσιν
1477 1784 1518 1815 ὅτι
1549 1786 1688 1823 μαίνεσθε,
1711 1795 1725 1813 n
1754 1781 1822 1822 Ἠρέμα

219 1831 313 1860 Tacite
326 1831 432 1859 indicat
444 1830 518 1867 quod
533 1831 641 1859 occasio
661 1831 698 1858 sit
710 1837 791 1858 noxa:
813 1830 896 1858 etiam
912 1830 956 1866 lini

1084 1829 1218 1867 ῖείκνυσιν,
1233 1829 1275 1860 ὅτι
1293 1829 1338 1859 καὶ
1354 1829 1477 1869 ἀφορμὴν
1496 1830 1599 1869 βλάϐης
1612 1831 1668 1871 ἔχει
1678 1830 1701 1848 ³³
1715 1831 1729 1865 ἡ
1741 1829 1821 1868 γλῶσσαι

221 1876 274 1904 nisi
294 1876 481 1912 interpretatio
500 1875 655 1904 accesserit.
682 1876 743 1903 Hoc
763 1879 857 1903 autem
875 1874 958 1908 dicit,

1085 1873 1117 1903 ὰν
1139 1874 1176 1912 μὴ
1195 1875 1241 1904 καὶ
1257 1874 1399 1914 ἑρμηνείαν
1417 1875 1479 1914 ἔχῃ.
1496 1876 1583 1905 Τοῦτο
1601 1875 1629 1905 δὲ
1644 1875 1711 1916 λέγει
1730 1871 1822 1909 mosus-ﬂ

220 1926 294 1950 stum
316 1929 413 1950 eorum
437 1921 545 1949 tollens.
573 1922 645 1949 Cum
668 1920 741 1948 enim
765 1920 957 1948 arbitrarentur

1085 1919 1158 1948 ιῦτῶν
1174 1918 1204 1948 τὸ
1226 1919 1348 1959 φύσημα.
1366 1919 1447 1949 Ἐπεὶ
1461 1919 1513 1960 γὰρ
1529 1919 1664 1958 ἐνόμιζον,
1680 1921 1713 1953 ὡς
1733 1918 1756 1946 αἱ
1767 1916 1822 1955 γλῶσ-

219 1966 376 2002 linguarum
399 1966 512 1994 nomine
536 1973 597 1993 esse
625 1964 820 1998 admirationi,
846 1969 956 1992 contrar

1085 1975 1116 1992 ut
1131 1963 1224 1997 αὖτοὺς
1243 1967 1349 1994 ποιοῦσι
1375 1964 1575 2003 θαυμάζεσθαι,
1592 1964 1736 1994 τούναντίον
1758 1960 1822 1999 μᾶλλθῖ

219 2011 311 2047 potius
325 2011 428 2038 Paulus
439 2009 575 2043 ostendit,
586 2009 661 2044 quod
670 2009 775 2037 scilicet
787 2009 821 2037 ad
835 2009 956 2045 ignomin

1087 2008 1200 2038 είκνυσιν
1217 2010 1230 2037 ὁ
1248 2010 1373 2044 Παῦλος,
1392 2008 1432 2038 ὅτι
1449 2011 1483 2043 εἷς
1499 2010 1603 2044 ἀδοξίαν
1621 2012 1705 2042 αὐτοῖς
1718 2010 1771 2044 εἰσι,
1783 2016 1823 2043 μαι·

219 2055 285 2091 ipsis
298 2058 374 2088 sunt,
393 2054 462 2083 dum
475 2057 539 2082 sunt
554 2054 582 2081 in
593 2061 684 2088 causa,
703 2061 752 2081 cur
772 2053 891 2081 insanire
906 2052 956 2081 vid:

1086 2053 1192 2091 ομένους
1216 2053 1311 2086 αὐτοὺς
1337 2055 1422 2083 δοκεῖν
1442 2056 1578 2084 ποιοῦσαι.
1603 2054 1665 2085 Ἵνα
1681 2053 1707 2083 δὲ
1727 2052 1759 2092 μὴ
1773 2048 1822 2087 νομί·

220 2104 273 2127 tur.
289 2100 331 2126 Ne
344 2103 437 2127 autem
456 2099 597 2126 existimes
610 2098 684 2134 quod
698 2097 870 2126 eharismatis
881 2098 934 2125 hoc
946 2106 957 2126 ε

1085 2110 1119 2136 ηῃς
1144 2097 1184 2127 ὅτι
1210 2100 1255 2126 τοῦ
1280 2098 1447 2138 χαρίσματός
1481 2100 1538 2128 ἐστι
1561 2101 1640 2129 τοῦτο
1666 2099 1695 2128 τὸ
1717 2091 1822 2138 ἔργονντξ

219 2145 268 2178 sit,
287 2151 386 2180 nempe
407 2144 480 2180 quod
493 2143 646 2180 ignominia
670 2142 773 2171 efﬁciat
792 2142 952 2177 habentem,

1086 2142 1208 2184 υσφημίᾳ
1236 2136 1409 2181 περιϐάλλειν
1434 2143 1478 2172 τὸν
1508 2144 1623 2184 ἔχοντα,
1658 2136 1747 2184 φησὶν,
1763 2136 1822 2184 ὅτι,ὒὶ

219 2188 375 2224 insipientes
399 2187 502 2223 dicent,
522 2187 595 2224 quod
606 2187 743 2215 insanitis.
761 2198 774 2212 α
789 2187 885 2215 Idiota:
901 2199 913 2211 ι
925 2195 956 2215 en

1084 2186 1178 2222 ὶνόητοι
1193 2182 1296 2227 ἐροῦσιν
1308 2186 1348 2227 ὅτι
1363 2186 1499 2226 μαίνεσθε,
1519 2182 1689 2218 Plenam}
1701 2187 1753 2226 γὰρ,
1763 2182 1821 2224 φησὶνι

219 2233 298 2268 dicit,
312 2245 325 2258 α
341 2237 388 2261 aut
398 2233 532 2267 inﬁdeles,
545 2244 558 2257 ν
572 2232 668 2268 quales
676 2236 754 2260 erant
763 2232 810 2268 qui
826 2232 956 2267 apostolo:

1085 2241 1089 2258 ῐ
1101 2229 1119 2265 ἢ
1134 2229 1254 2267 ἄπιστοι,
1266 2243 1280 2260 ι)
1297 2226 1346 2261 οἶοι
1357 2232 1403 2261 καὶ
1417 2232 1461 2261 ἐπὶ
1472 2233 1525 2262 τῶν
1535 2233 1699 2270 ἀποστόλων,
1709 2233 1730 2260 οἱ
1742 2229 1822 2266 λέγοντες

218 2278 389 2315 temporibus
400 2277 527 2306 dicebant
542 2281 636 2305 musto
650 2285 699 2305 eos
710 2285 770 2305 esse
787 2277 883 2313 plenos
896 2284 911 2298 τι
926 2298 932 2304 .
948 2278 955 2304 l

1106 2274 1163 2308 τοὺς
1178 2276 1303 2315 γλεύκους
1324 2279 1529 2315 μεμεστῶσθαι·
1555 2279 1614 2308 ἐπεὶ
1636 2278 1663 2308 οἵ
1679 2289 1708 2317 γε
1728 2271 1823 2315 σωφρονέ-

218 2323 397 2359 sapientiores
414 2330 430 2351 a
453 2322 551 2359 linguis
570 2323 653 2350 etiam
676 2321 800 2350 nonnihil
825 2321 953 2350 mdiﬁcati

1105 2330 1159 2359 εροι
1174 2320 1219 2349 καὶ
1243 2320 1296 2350 ἀπὸ
1310 2322 1363 2350 τῶν
1378 2322 1508 2360 γλωσσῶν
1523 2316 1711 2363 κερδαίνουσιν,
1724 2322 1754 2352 ὡς
1768 2319 1786 2347 0l

218 2367 366 2402 recipiunt,
401 2371 433 2395 ut
459 2368 506 2403 qui
545 2367 736 2402 apostolorum
773 2367 942 2402 temporibus

1084 2365 1122 2393 ῶν
1138 2365 1291 2395 ἀποστόλων
1308 2365 1486 2404 θαυμάζοντες
1511 2360 1615 2404 αὐτοὺς,
1633 2368 1667 2401 ὥς
1688 2365 1719 2396 τὰ
1732 2360 1821 2404 μεγαλώ

218 2412 436 2444 demirabantur.
447 2420 497 2440 ceu
512 2412 647 2448 magnalia
661 2412 713 2440 Dei
741 2415 898 2440 enarrantes
909 2415 921 2429 '
936 2433 943 2441 .

675 2412 713 2439 )ei
741 2415 898 2440 enarrantes
909 2415 921 2429 '
936 2433 943 2441 .
1071 2412 1116 2439 τοῦ
1131 2410 1201 2440 Θεοῦ
1217 2411 1412 2450 διηγουμένους.

251 2458 338 2486 Vsus.
354 2459 399 2491 24,
414 2459 459 2485 25.
476 2468 486 2481 ι
498 2457 525 2485 Si
536 2461 629 2485 autem
636 2463 733 2485 omnes
748 2455 920 2492 prophetent,
933 2457 987 2485 intr

1116 2454 1211 2484 «Ἐὰν
1237 2455 1264 2484 δὲ
1288 2455 1385 2489 πάντες
1406 2457 1619 2497 προφητεύωσιν,
1644 2455 1740 2494 εἰσέλθῃ
1759 2451 1781 2482 δέ

217 2506 311 2530 autem
331 2502 430 2538 aliquis
453 2501 584 2536 inﬁdelis,
600 2501 641 2529 vel
663 2500 766 2535 idiota,
792 2502 954 2530 convincitu:

1084 2499 1179 2533 ἶπιστος
1193 2499 1210 2535 ἢ
1226 2499 1350 2537 ἰδιώτης,
1368 2493 1510 2541 ἐλέχξίεται
1535 2502 1586 2532 ὑπὸ
1607 2493 1733 2536 πάντων,
1744 2493 1821 2541 ἀναχθέ-

217 2547 358 2581 omnibus,
384 2546 548 2583 dijudicatur
566 2546 599 2574 ab
612 2545 741 2574 omnibus
757 2555 764 2573 :
788 2545 881 2582 sicque
907 2554 954 2575 occ

1084 2556 1141 2573 εται
1157 2544 1208 2575 ὑπὸ
1223 2545 1331 2574 πάντων
1343 2557 1350 2564 '
1365 2538 1497 2576 xui-egro.»
1519 2546 1554 2576 τὰ
1577 2547 1679 2587 κρυπτὰ
1694 2547 1735 2580 τῆς

216 2592 304 2621 cordis
318 2592 378 2629 ejus
393 2582 540 2620 manifesta
558 2591 628 2619 ﬁunt
641 2612 649 2625 ,
660 2595 688 2619 et
704 2591 741 2618 ita
751 2590 850 2619 cadens
869 2591 898 2619 in
913 2591 953 2620 fac

1087 2590 1149 2618 ὖτοῢ
1174 2589 1276 2630 φανερὰ
1289 2590 1410 2629 γίνεται,
1437 2589 1484 2620 καὶ
1508 2591 1580 2621 οὕτω
1597 2582 1688 2621 ’πεσὼν
1710 2588 1748 2618 ἐπὶ
1768 2582 1820 2630 πρός·

214 2626 341 2667 adorabit
353 2639 443 2666 Deum
453 2657 461 2672 ,
476 2634 661 2674 pronuntians
682 2635 756 2673 quod
774 2637 849 2665 Deus
862 2644 926 2665 vere
937 2644 950 2665 ε

1083 2645 1151 2672 ιπον,
1166 2626 1346 2675 προσκυνήσει
1364 2626 1405 2676 τῷ
1419 2636 1495 2677 Θεῷ,
1510 2637 1684 2677 ἀπαγγέλλων
1706 2634 1762 2665 ὅτιό
1777 2626 1820 2660 Θιδί

257 2702 341 2730 “Act.
355 2708 393 2736 η,
407 2703 450 2730 13.
495 2700 587 2730 'Ibid.
605 2704 649 2729 1|.

908 2737 1191 2778 Val-iaglectionesﬂ,

253 2796 275 2813 ³³
289 2795 387 2832 ἀφορμὴ
404 2795 498 2832 βλάϐης
511 2795 616 2832 ἔστίνξο.
