1867 3081
14 189 46 216 45
435 189 609 218 EXPOSITIO
628 189 661 218 IN
680 189 784 218 EPIST.
805 190 815 218 l
833 190 879 218 AD
897 189 976 218 COB.
995 203 1031 211 —-
1049 191 1123 218 CAP.
1144 191 1210 220 XIV.

1586 193 1639 221 746

10 262 77 285 ντως
101 252 128 282 ἐν
150 251 211 290 ὑμῖν
231 253 313 283 ἐστιν.
337 262 352 281 n
379 251 462 292 Ὁρᾷς
484 252 532 289 τὴν
558 252 721 294 προφητείαν
736 255 792 287 πῶς

881 253 940 281 ibis.
964 263 977 278 ι
993 253 1089 282 Viden‘
1104 253 1447 290 prophetiam,‘(qnomodo
1468 255 1503 284 sit
1516 263 1641 285 commo-

10 296 204 335 κρελιμωτέρα,
226 299 283 330 πῶς
299 295 332 326 τὰ
358 298 463 338 κρυπτὰ
485 299 534 334 τῆς
557 297 668 337 καρδίας
689 298 794 327 ἀποχα-

12 341 149 377 ύπτουσα,
169 342 241 370 ποιεῖ
252 340 296 371 τὸν
311 341 422 371 ἄπιστον
438 341 621 381 ἐπιγινώσκειν
639 342 684 371 τὸν
702 342 772 372 Θεὸν
784 365 792 379 ,

10 385 131 415 πίπτοντα
154 384 199 414 ἐπὶ
213 385 357 426 πρόσωπον
371 386 418 416 καὶ
438 389 648 426 προσκυνοῦντα,
663 386 709 416 καὶ
730 388 793 424 ὃμο-

10 432 145 468 Δογοῦντα,
171 429 212 459 ὅτι
238 441 253 460 ¢
280 429 316 461 Ὁ
336 430 404 464 Θεὸς
424 430 506 464 ὅντως
531 432 557 460 ἓν
580 433 642 469 ὑμῖν
663 432 750 468 ἔστης
774 442 789 460 ιι

11 475 90 514 Οπερ
115 473 162 504 καὶ
196 473 242 504 ἐπὶ
269 476 315 504 τοῦ
348 474 584 515 Ναϐουχοδονόσορ
609 475 718 514 γέγονε·
748 478 793 505 τοῦ

10 518 101 554 λανιὴλ
116 519 168 558 γὰρ
194 518 414 560 ἃποιιαλύψαντος
430 521 502 560 αὐτῷ
525 519 554 549 τὸ
575 519 686 560 ὄναρ³³,
708 515 793 550 εἶπεν·

10 575 17 592 ι
38 563 104 594 Ἐπ’
120 563 231 603 ἀληθεία
242 565 256 592 ὁ
270 564 338 597 Θεὸς
352 566 427 602 ὑμῶν
436 587 445 600 ,
458 563 534 598 αὖτός
547 565 602 594 ἐστι
612 564 679 598 Θεὸς
693 565 794 594 ἀποκα-

10 608 106 638 simu“
121 608 264 649 μυστήρια.
290 623 302 635 ιι
325 609 410 639 Γνῶθι
424 604 468 638 οὖν
485 610 611 646 ἐντεῦθεν,
628 611 657 639 τί
669 605 701 645 ἧν
724 609 738 639 ὃ
754 609 794 638 εἴ-

10 665 80 689 ιηται
96 653 296 695 ἀνωτέρωίιὸ,
317 664 332 683 α
346 653 395 684 Ἐν
416 653 594 694 ἀποκαλύψει.
614 665 628 683 ι)
655 653 725 684 Ἰδοὺ
742 653 794 695 γὰρ

10 712 12 733 ι
33 698 201 738 ἀποκάλυψις
221 693 286 731 εἶδος
302 697 329 727 ἓν
345 698 515 739 προφητείας.
532 693 690 735 Σημείωσαι
706 699 733 728 δὲ
749 693 794 728 καὶ

10 742 69 776 πως
83 742 114 771 τὸ
129 743 241 782 Πνεῦμα
250 766 259 780 ,
279 742 347 776 Θεός
360 754 367 761 '
380 743 445 783 φησὶ
459 743 510 783 γάρ
523 754 530 762 ·
551 757 564 769 ι
582 742 617 774 ⁸0
629 743 697 777 Θεὸς
711 743 793 777 ὅντως

10 800 23 816 ν
51 788 115 825 ὖμῖν
140 787 221 818 ἔστιν.
249 799 264 816 )
292 787 339 818 Ἐν
363 787 390 816 δὲ
406 788 458 821 τοῖς
476 787 672 827 προφητεύουσι
688 788 794 822 πάντως

13 831 157 871 ὸΠνεῧμα
171 843 177 850 ·
201 831 271 862 οὕτω
292 832 342 872 γὰρ
367 827 439 862 εἶπεν
461 832 602 873 ἀνωτέρω,
623 831 663 863 ὅτι
687 845 793 874 προφη-

10 876 66 905 εἷαι
81 877 109 906 ἔν
125 875 263 915 Πνεύματι
279 877 405 906 δίδονται.

848 297 917 332 dior,
934 298 1074 334 quomodo
1092 298 1184 326 cordis
1198 298 1291 327 abdita
1304 299 1434 334 revelans,
1448 298 1531 328 faciat
1544 300 1639 329 inﬁde-

848 342 902 372 lem
919 350 1071 379 agnoscere
1098 345 1199 376 Deum,
1214 347 1245 371 ut
1260 343 1286 371 in
1301 343 1401 372 faciem
1414 344 1579 380 procumbat
1591 344 1640 373 ad-

847 391 970 423 oretque,
982 395 1010 416 et
1023 387 1188 416 conﬁteatur
1198 387 1273 424 quod
1288 389 1363 417 Deus
1377 396 1439 417 vere
1451 388 1488 417 sit
1500 389 1529 417 in
1544 389 1641 418 vobis?

847 431 926 467 Quod
939 431 967 459 in
981 431 1237 460 Nabuchodonosor
1249 433 1332 460 etiam
1347 433 1472 469 contigit.
1481 434 1533 461 Per
1545 433 1641 462 Danie-

847 476 903 504 lem
917 475 993 504 enim
1015 477 1124 505 somnio
1148 476 1188 504 illi
1204 475 1349 512 patefacto.
1367 489 1378 501 α
1395 478 1512 510 Revera,
1528 477 1639 513 inquit'.

849 521 925 548 Deus
938 525 1030 549 vester
1048 521 1106 557 ipse
1120 525 1162 549 est
1176 521 1223 557 qui
1248 521 1350 549 revelat
1366 521 1504 557 mysteria.
1531 533 1544 546 ι
1569 520 1642 549 Hinc

848 565 930 601 igitur
955 573 1088 601 cognosce
1107 565 1171 602 quid
1192 565 1228 594 sit
1257 566 1332 602 quod
1354 574 1436 602 supra
1460 565 1566 594 dictum
1587 569 1639 599 est,

849 622 860 634 -
874 611 906 637 In
915 610 1089 638 revelatione.
1106 621 1119 635 η
1138 611 1207 638 Ecce
1219 611 1295 638 enim
1310 610 1440 639 revelatio
1455 615 1499 638 est
1512 609 1638 646 quadam

849 653 999 690 prophetia
1009 655 1125 690 species.
1141 654 1261 683 Observa
1275 658 1368 683 autem
1383 654 1459 692 quod
1473 655 1592 691 Spiritus
1606 655 1642 683 sit

848 701 942 727 Deus:
959 698 1027 727 dicit
1053 699 1138 733 enim,
1156 711 1169 724 α
1186 701 1262 728 Deus
1277 707 1338 727 vere
1361 699 1390 727 in
1409 699 1488 728 vobis
1501 703 1553 728 est.
1571 711 1584 724 -
1608 701 1641 728 In

846 744 1073 781 prophetantibus
1096 749 1190 773 autem
1217 744 1330 773 omnino
1361 748 1402 772 est
1433 744 1560 780 Spiritus.
1595 745 1642 772 Sic

845 790 921 817 enim
935 794 962 818 et
971 798 1054 827 supra
1073 789 1151 825 dixit,
1168 797 1270 826 nempe
1284 788 1360 826 quod
1368 788 1520 825 prophetia
1533 789 1562 818 in
1581 788 1642 826 Spi-

845 834 901 863 ritu
914 833 1025 863 dantur.

39 933 56 949 ¢
79 921 117 952 Τί
131 915 176 950 οὖν
196 922 277 972 ἐστιν,
296 921 419 972 ἀδελφοῦ
433 920 522 972 Ὅταν
538 922 713 972 συνέρχησθε,
727 922 793 952 εχα-

882 926 972 954 Vsas.
993 927 1039 953 26.
1059 936 1072 950 ι
1089 922 1161 961 Quid
1178 933 1243 962 ergo
1254 930 1306 961 est,
1323 924 1442 954 fratres?
1454 926 1525 955 Cum
1539 934 1642 955 conve-

10 977 58 1000 ’τος
79 967 155 1004 ὑμῶν
179 966 284 1006 ψαλμὸν
305 965 360 1006 ἔχει
368 990 377 1003 ,
401 966 513 1006 διδαχὴν
536 966 606 1007 ἔχει,
629 967 795 1007 ἀποκάλυψιν

10 1023 72 1051 χει,
99 1011 224 1049 γλὸσσαν
250 1010 320 1051 ἔχει,
349 1010 490 1051 ἑρμηνείαν
517 1011 592 1052 ἔχει·
619 1011 707 1040 πάντα
731 1012 796 1049 πρὸς

10 1055 142 1094 ἰχοδομὴν
171 1054 293 1094 γινέσθω.
324 1066 340 1084 ι)
380 1055 435 1086 Καὶ
466 1055 588 1096 ψαλμοὺς
615 1056 646 1085 τὸ
680 1056 795 1086 παλαιὸν

10 1100 105 1130 ποίουν
119 1100 173 1130 ἀπὸ
182 1099 357 1140 χαρίσματος,
375 1101 421 1129 καὶ
439 1100 611 1134 διδασκαλίας
630 1099 657 1129 δὲ
673 1100 796 1140 χάρισμα

11 1145 111 1175 δίδοτο.
129 1144 308 1185 Ἀποχάλυψιν
329 1145 357 1174 δὲ
377 1144 425 1181 τὴν
451 1145 616 1185 προφητείαν
632 1147 720 1182 καλεῖ,
745 1146 798 1175 ἀπὸ

10 1193 43 1220 ὀὗ
69 1189 155 1223 εἴδους
181 1189 210 1219 τὸ
239 1190 311 1229 γένος
335 1190 480 1228 ὀνομάσας.
505 1190 674 1228 Μνημονεύει
697 1190 724 1219 δὲ
750 1192 798 1226 τῆς

10 1234 142 1272 ιλὼσσης,
171 1233 214 1263 ἵνα
240 1234 277 1274 μὴ
303 1235 390 1271 πάντη
422 1234 652 1275 εὐκαταφρόνητον
682 1234 742 1275 δόξῃ
768 1235 798 1264 τὸ

10 1281 94 1319 [ρῆμα
107 1279 143 1318 ³⁵,
154 1280 199 1308 χαὶ
211 1280 270 1309 οὐδὲ
285 1281 311 1309 ἐν
324 1279 491 1320 χαρίσματος
501 1280 528 1299 ³6
544 1279 626 1314 τάξει.
641 1291 655 1308 (ι
669 1280 764 1309 Πάντα
778 1291 792 1308 )›

10 1320 42 1354 ὗν
57 1326 160 1360 ταῦτα,
178 1323 242 1364 φησὶ
252 1346 261 1363 ,
277 1338 288 1350 ι
300 1324 365 1364 πρὸς
380 1324 521 1362 οἰκοδομὴν
541 1323 653 1362 γινέσθω
665 1336 671 1342 '
686 1335 700 1352 ι)
720 1327 797 1354 τοῦτο

10 1369 49 1409 πὰρ
63 1371 113 1398 τοῦ
127 1370 288 1409 Χριστιανοῦ
303 1370 382 1406 ἴδιον,
401 1369 430 1398 τὸ
445 1370 593 1407 οἰκοδομεῖν
603 1391 611 1406 ,
628 1369 658 1398 τὸ
674 1369 794 1409 ὠφελεῖν.

10 1415 63 1447 Ῐίῦς
89 1413 117 1443 δὲ
139 1415 153 1442 ὁ
176 1413 253 1452 μόνον
274 1414 398 1452 γλῶσσαν
422 1413 490 1454 ἔχων
512 1414 621 1443 δύναται
637 1414 782 1450 οἰκοδομεῖν
789 1426 797 1451 ;

10 1458 65 1489 Εὰν
93 1459 254 1498 συνέρχηται
275 1460 313 1498 τῷ
332 1458 458 1498 ἑρμηείαν
474 1458 574 1498 ἔχοντι,
590 1458 636 1488 καὶ
655 1458 797 1497 ἡνωμένως

10 1504 29 1533 ὰ
45 1503 208 1543 χαρίσματα
224 1503 449 1534 ἐπιδειχνύωνται.

850 970 926 1004 nitis,
943 970 1131 1006 unusquisque
1151 975 1270 998 vestrum
1286 971 1422 1006 psalmum
1451 970 1542 1005 habet,
1560 972 1644 1007 212

850 1014 1001 1042 doctrinam
1009 1014 1101 1049 habet,
1107 1015 1309 1044 revolutionem
1318 1015 1410 1049 habet.
1418 1015 1543 1052 linguam
1551 1015 1644 1049 habet,

850 1058 1106 1095 interpretationem
1125 1059 1208 1088 habet
1237 1069 1244 1088 :
1265 1059 1358 1088 omnia
1377 1061 1414 1088 ad
1434 1059 1644 1089 adiﬁcationem

850 1103 924 1132 ﬁant.
940 1115 953 1128 ι
965 1104 1091 1132 Psalmos
1103 1104 1187 1133 etiam
1197 1104 1265 1132 olim
1282 1104 1418 1133 faciebant
1432 1113 1466 1133 ex
1479 1104 1565 1140 dono,
1575 1104 1643 1133 doc-

850 1149 933 1177 trina
948 1149 1049 1184 pariter
1069 1149 1174 1177 donum
1185 1149 1311 1177 dabatur.
1328 1149 1538 1178 Revelationem
1551 1153 1646 1178 autem

851 1192 1025 1229 prophetiam
1038 1194 1173 1227 nominat,
1189 1202 1205 1222 a
1219 1194 1309 1230 specie
1329 1201 1417 1230 genus
1431 1193 1565 1222 vocando.
1585 1195 1647 1222 Me-

851 1238 934 1265 minit
955 1241 1048 1266 autem
1066 1238 1177 1275 lingua,
1193 1246 1226 1266 ne
1243 1246 1289 1266 res
1303 1239 1419 1267 omnino
1433 1239 1648 1275 contemptibilis

851 1282 984 1316 videatur.
999 1291 1089 1319 neque
1103 1283 1275 1311 charismatis
1288 1283 1349 1311 loco
1360 1283 1451 1319 digna.
1467 1295 1480 1308 ι
1502 1284 1617 1317 Cuncta,
1633 1295 1646 1308 ι

852 1327 953 1363 inquit,
970 1327 1031 1356 hac
1054 1339 1067 1352 σι
1090 1327 1124 1356 ad
1144 1327 1355 1356 aediﬁcationem
1370 1327 1448 1356 ﬁant.
1464 1337 1479 1355 ιι
1499 1328 1647 1356 Christiani

851 1380 972 1408 namque
983 1371 1036 1400 hoc
1045 1376 1086 1400 est
1094 1371 1228 1406 ofﬁcium,
1241 1376 1271 1400 ut
1277 1372 1404 1407 aediﬁcet,
1416 1376 1448 1400 ut
1459 1372 1558 1409 prosit.
1577 1373 1650 1407 Quo-

852 1416 936 1445 modo
956 1421 1051 1445 autem
1074 1417 1121 1453 qui
1134 1417 1258 1452 linguam
1281 1421 1389 1445 tantum
1403 1417 1499 1451 habet,
1509 1416 1648 1446 adiﬁcare

852 1465 941 1498 potest
950 1462 962 1489 Ρ
970 1461 998 1489 Si
1009 1461 1208 1498 interpretandi
1222 1461 1294 1490 dono
1304 1461 1449 1497 praeditum
1457 1461 1507 1490 sibi
1517 1462 1648 1490 comitem

851 1506 991 1541 adhibeat,
1007 1505 1135 1542 donaque
1160 1506 1332 1542 conjunctim
1346 1506 1505 1535 ostendant.

42 1560 58 1578 α
83 1547 150 1578 Εἴτε
163 1547 274 1588 γλώσσῃ
288 1560 327 1581 τις
342 1549 418 1578 λαλεῖ
429 1571 436 1584 ,
449 1547 518 1578 κατὰ
530 1547 589 1585 δύο,
602 1547 620 1583 ἢ
633 1547 663 1578 τὸ
675 1549 797 1578 πλεῖστον

887 1552 978 1580 Vsns.
996 1553 1039 1578 27.
1057 1562 1070 1575 σι
1086 1551 1149 1579 Sive
1163 1551 1254 1587 lingua
1270 1551 1332 1586 quis
1352 1551 1484 1587 loquitur,
1510 1559 1558 1588 per
1579 1550 1650 1580 duos

10 1595 87 1633 ρεῖς,
108 1592 154 1622 καὶ
178 1593 228 1622 ἀνὰ
253 1593 349 1633 μέρος,
373 1593 418 1622 καὶ
444 1589 479 1626 εἶς
502 1592 703 1632 διερμηνευέτω.
721 1604 736 1622 ι)
756 1594 796 1623 Οὖ

10 1638 98 1667 ιωλύω
114 1636 144 1666 τὸ
166 1637 275 1677 γλώσσῃ
292 1639 392 1674 λαλεῖν,
409 1637 478 1666 ἀλλὰ
491 1637 530 1673 τὸ,
547 1637 628 1677 χωρὶς
650 1637 795 1677 ἑρμηνέως.

10 1682 45 1718 ίὴ
62 1677 112 1712 οὖν
139 1682 230 1711 πολλοὶ
256 1682 388 1721 γλώσσαις
410 1682 590 1718 λαλείτωσαν,
606 1681 649 1711 ἵνα
670 1681 708 1720 μὴ
733 1681 796 1721 σύγ-

10 1740 77 1768 μυσις
92 1726 139 1756 καὶ
150 1727 176 1746 ³⁷
190 1728 376 1756 ἀκαταστασία
388 1727 503 1767 γίνηται.
522 1738 537 1756 α
550 1726 605 1756 Καὶ
617 1726 667 1756 ἀνὰ
678 1727 765 1766 μέρος,
780 1738 794 1755 ι)

10 1772 158 1810 ουτέστιν,
184 1773 215 1801 ὲκ.
243 1772 381 1812 διαδοχῆς.
417 1773 529 1806 Πάντως
555 1771 645 1810 μέντοι
672 1771 799 1811 ἑρμηνεὺς

10 1818 80 1847 στω.

41 1873 58 1892 α
81 1861 152 1892 Ἐὰν
172 1860 200 1890 δὲ
225 1860 262 1899 μὴ
321 1860 523 1900 διερμηνευτ-ἡς,
539 1861 641 1900 σιγάτω
662 1861 688 1889 ἐν
705 1861 800 1896 ἔκκλη-

10 1907 42 1948 ’ία
58 1919 65 1925 -
82 1907 175 1947 ἑαυτῷ
193 1906 219 1936 δὲ
234 1906 349 1935 λαλείτω
363 1908 459 1946 καὶτῷ
480 1907 553 1946 Θεῷ.
574 1917 588 1934 a
613 1905 678 1935 Ἐὰν
699 1905 736 1943 μὴ
750 1904 798 1944 ἔχῃ

12 1951 183 1991 ρμηνευτὴν,
199 1951 227 1980 ἕν
243 1950 394 1990 Ἐκκλησία
418 1950 456 1988 μὴ
477 1950 601 1986 λαλείτω,
617 1949 659 1979 ἵνα
679 1949 716 1988 μὴ
736 1950 799 1989 δοκῇ

10 1997 161 2036 ὖάρϐαρος,
189 1996 302 2025 ἀσύνετα
327 1994 373 2024 καὶ
389 1995 533 2031 ἀδιανόητα
559 1995 732 2035 φθεγγόμενος
748 1998 801 2028 τοῖς

10 2043 124 2074 πολλοῖς.
140 2040 206 2070 Ἐὰν
222 2040 249 2069 δὲ
259 2039 341 2073 οὕτως
355 2039 397 2076 εἴη
412 2039 555 2075 κενόδοξος,
571 2039 641 2068 ὥστε
655 2038 692 2078 μὴ
706 2038 799 2078 ἀνέχε-

10 2090 62 2116 τθαι
73 2091 164 2126 σιγᾷν,
179 2099 192 2111 ν
208 2086 294 2125 ἑαυτῷ
309 2084 424 2114 λαλείτω
439 2085 485 2114 καὶ
499 2086 537 2124 τῷ
549 2085 624 2123 Θεῷ,
637 2095 652 2113 n
667 2084 799 2126 τουτέστιν

10 2123 185 2172 ἱψοφητὶγχαὶ
205 2123 293 2170 ἠρέμα
317 2130 375 2159 καθ’
391 2129 495 2165 ἑαυτὸν,
512 2123 546 2162 ὥς
561 2130 623 2168 Θεῷ
639 2129 711 2168 μόνῳ
735 2123 801 2157 εἶναι

10 2175 125 2206 ἱκουστὰ
146 2173 180 2204 τὰ
194 2175 335 2214 λεγόμενα¹
358 2176 405 2203 οὐχ
421 2173 576 2214 ἀνθρώποις.
588 2172 663 2214 Ὅρα
688 2173 728 2212 δὲ,
747 2174 803 2206 πῶς

10 2223 88 2250 ίοχῶν
105 2219 272 2259 ἐπιτρέπειν,
284 2218 438 2259 ἀποτρέπει.

45 2324 60 2342 α
86 2313 231 2352 Προφῆται
248 2310 275 2340 δὲ
292 2309 355 2347 δύο,
373 2309 391 2352 ᾖ
415 2314 483 2349 τρεῖς
505 2308 683 2345 λαλείτωσαν,
707 2308 753 2338 χαὶ
778 2310 803 2338 οἳ

10 2358 82 2388 ίλλοι
108 2350 324 2396 δνιαέιρινέτωσαν.
343 2368 354 2381 ι
373 2350 465 2385 τΗσαν
480 2355 506 2384 ἐν
522 2354 575 2387 τοῖς
596 2353 744 2394 προφήταις
759 2353 804 2382 καὶ

10 2402 117 2434 ιάντεις
139 2400 324 2433 λανθάνοντες*
340 2399 381 2429 διό
401 2411 500 2440 φησιν,
519 2398 559 2428 ὅτι
585 2409 601 2428 ιι
625 2397 804 2438 Διακρινὲτω-

10 2459 52 2476 ῐαν
72 2459 86 2475 ι
107 2444 215 2478 τούτους
229 2456 244 2474 (ι
260 2445 284 2473 οἵ
300 2445 391 2481 ἄλλοι,
411 2456 427 2472 ››
452 2444 542 2482 μήπου
565 2455 604 2476 τις
624 2443 715 2481 μάντις
737 2443 804 2472 ὑπο-

10 2492 171 2532 ιρύπτηται.
191 2490 321 2530 Καθάπερ
342 2489 393 2529 γὰρ
419 2489 464 2518 καὶ
491 2488 615 2528 ἀνωτέρω
637 2487 751 2528 εἴρηται,
774 2483 804 2522 ἦν

10 2537 132 2577 χάρισμα
160 2534 328 2575 διακρίσεως,
355 2533 423 2563 ὥστε
455 2532 595 2573 γινώσκειν
618 2532 677 2567 τοὺς
704 2532 806 2573 ψευδεῖς

10 2576 52 2610 tui
75 2580 137 2613 τοὺς
163 2580 279 2616 ἀληθεῖς.
295 2579 348 2609 Διὰ
364 2581 441 2608 τοῦτο
466 2578 493 2608 δὲ
509 2578 554 2608 δύο
575 2576 592 2614 ἢ
613 2581 682 2616 τρεῖς
706 2588 808 2617 προφη-

10 2626 95 2655 τεύειν
112 2624 225 2660 κελεύει,
241 2623 285 2653 διά
302 2635 330 2653 τε
344 2623 375 2653 τὸ
390 2622 589 2663 εὐτακτότερον,
608 2622 653 2652 καὶ
677 2621 707 2652 τὸ
723 2621 761 2660 μὴ
781 2622 807 2650 ἐν

10 2672 47 2711 τῷ
62 2669 165 2705 πλήθει
178 2667 316 2699 λανθάνειν
331 2668 391 2702 τοὺς
410 2668 527 2707 μάντεις.

44 2743 58 2756 ’
77 2742 154 2769 Dan.
177 2748 214 2775 ιι,
229 2743 275 2769 47.

854 1595 881 1624 id
889 1595 948 1630 ﬁat,
963 1600 1011 1624 aut
1024 1595 1059 1624 ad
1074 1595 1225 1632 plurimum
1237 1599 1304 1629 tres,
1317 1599 1398 1631 etper
1409 1600 1530 1632 partem,
1541 1600 1569 1624 et
1579 1604 1651 1624 unus

853 1640 1054 1677 interpretetur.
1073 1652 1086 1665 ν
1102 1641 1164 1668 Non
1179 1640 1312 1676 prohibeo
1327 1641 1419 1677 lingua
1430 1641 1515 1677 loqui,
1531 1641 1580 1669 sed
1591 1641 1652 1669 sine

854 1685 1010 1721 interprete.
1035 1686 1075 1713 Ne
1088 1684 1173 1721 igitur
1195 1685 1278 1714 multi
1304 1685 1405 1722 linguis
1430 1685 1590 1722 loquantur,
1617 1694 1652 1714 ne

853 1729 977 1758 conlusio
990 1734 1017 1757 et
1032 1730 1167 1758 tumultus
1178 1729 1235 1757 ﬁat.
1249 1741 1262 1754 α
1290 1731 1325 1758 Et
1343 1738 1391 1766 per
1404 1734 1520 1766 partem,
1539 1742 1552 1755 ιο
1568 1730 1595 1759 id
1608 1735 1650 1758 est

855 1782 902 1810 per
915 1773 1126 1802 successionem.
1143 1774 1264 1803 Omnino
1278 1782 1342 1802 vero
1363 1775 1541 1810 interpretem
1555 1774 1650 1803 adesse

855 1826 995 1847 necessum
1011 1817 1106 1846 fuerit.

890 1865 978 1892 Vsus.
999 1866 1043 1891 28.
1061 1874 1074 1887 ι
1091 1864 1119 1892 Si
1140 1867 1233 1891 autem
1255 1871 1311 1891 non
1333 1862 1418 1891 fuerit
1437 1863 1584 1899 interpres,
1609 1867 1649 1892 ta-

855 1912 915 1936 ceat
929 1908 956 1936 in
972 1908 1102 1942 Ecclesia,
1117 1907 1225 1943 sibiipsi
1247 1911 1339 1935 autem
1352 1907 1480 1944 loquatur
1494 1912 1522 1936 et
1542 1909 1612 1936 Deo.
1637 1919 1650 1933 ι

855 1953 886 1981 Si
907 1960 964 1981 non
984 1952 1111 1980 habuerit
1131 1953 1319 1988 interpretem,
1340 1951 1370 1980 in
1395 1952 1511 1980 Ecclesia
1527 1960 1585 1980 non
1610 1953 1652 1980 lo-

855 2002 964 2033 quatur,
988 2005 1023 2025 ne
1043 1997 1164 2026 videatur
1177 1997 1325 2030 Barbarus,
1340 1996 1414 2025 haud
1427 1996 1610 2033 intelligibilia
1625 2001 1653 2026 et

856 2042 938 2071 stulta
954 2042 1091 2078 plerisque
1103 2050 1214 2070 sonans.
1230 2042 1258 2069 Si
1273 2046 1366 2070 autem
1382 2041 1451 2070 adeo
1470 2041 1559 2070 fuerit
1573 2042 1652 2070 ambi

856 2087 953 2121 tiosus,
964 2091 995 2115 ut
1008 2095 1065 2115 non
1077 2086 1162 2123 possit
1175 2086 1264 2119 silere,
1280 2098 1292 2111 ι
1311 2086 1363 2114 sibi
1373 2087 1503 2123 loquatur
1513 2090 1541 2115 et
1551 2088 1624 2120 Deo,
1639 2098 1651 2111 ι

857 2131 909 2160 hoc
932 2136 974 2160 est
988 2132 1056 2160 citra
1086 2131 1254 2167 strepitum,
1269 2139 1301 2159 ac
1323 2131 1407 2159 tacite
1429 2130 1503 2167 apud
1525 2139 1597 2165 sese,
1623 2136 1653 2159 ut

857 2177 906 2204 soli
921 2178 980 2204 Deo
993 2176 1137 2204 audiantur
1149 2183 1212 2212 qua
1226 2175 1366 2209 dicuntur,
1380 2179 1407 2203 et
1417 2183 1473 2204 non
1483 2175 1652 2204 hominibus.

818 2221 843 2252 D
858 2221 1051 2249 Animadverte
1069 2225 1161 2248 autem
1181 2219 1323 2256 quomodo
1336 2219 1410 2248 visus
1424 2219 1587 2254 concedere,
1600 2219 1651 2249 de-

857 2267 993 2294 hortetur.

892 2311 982 2339 Vns.
995 2313 1039 2339 29.
1058 2322 1071 2334 α
1083 2310 1230 2346 Propheta
1238 2313 1332 2338 autem
1343 2309 1399 2338 duo
1409 2313 1457 2337 aut
1481 2313 1535 2338 tres
1548 2309 1652 2343 dicant.

857 2360 886 2384 et
907 2355 999 2384 caeteri
1024 2355 1182 2391 dijudicent.
1199 2365 1212 2379 ιν
1228 2354 1386 2383 Latitabant
1409 2355 1483 2382 inter
1501 2355 1654 2390 prophetas

857 2401 922 2429 vani
938 2400 1021 2428 etiam
1030 2404 1120 2428 vates:
1136 2407 1196 2428 eam
1207 2399 1243 2427 ob
1250 2407 1310 2427 rem
1322 2399 1398 2433 dicit,
1410 2400 1466 2428 Eos
1483 2411 1496 2424 ι
1507 2399 1658 2436 dijudicent

858 2445 917 2480 alii,
940 2457 952 2469 ιι
967 2453 1001 2473 ne
1015 2444 1113 2480 aliquis
1127 2448 1201 2472 vates
1216 2451 1304 2472 vanus
1319 2444 1480 2472 occultetur.
1495 2445 1535 2473 Ut
1543 2445 1618 2472 enim
1630 2444 1658 2472 in

860 2489 1047 2526 superioribus
1060 2493 1311 2517 commemoratum
1322 2493 1372 2523 est,
1386 2488 1438 2517 fuit
1451 2489 1534 2517 etiam
1551 2488 1658 2518 donum

861 2534 1079 2571 dijudicationis,
1090 2538 1121 2562 ut
1130 2533 1325 2570 dignoscerent
1340 2534 1385 2569 qui
1400 2534 1557 2567 mendaces,
1568 2537 1597 2562 et
1612 2533 1658 2569 qui

861 2587 971 2608 veraces
994 2583 1095 2607 essent.
1117 2579 1222 2607 Idcirco
1237 2582 1331 2607 autem
1357 2578 1428 2607 duos
1450 2582 1500 2607 aut
1521 2582 1577 2606 tres
1595 2585 1660 2613 pro-

861 2624 973 2662 phetare
984 2624 1073 2660 jubet,
1087 2627 1118 2652 ut
1132 2631 1165 2652 eo
1176 2624 1276 2652 melior
1286 2623 1354 2652 ordo
1369 2624 1515 2658 consistat,
1527 2630 1618 2659 neque
1632 2622 1661 2651 in

862 2669 1040 2698 multitudine
1055 2668 1115 2697 falsi
1131 2672 1207 2697 vates
1220 2669 1376 2698 clanculum
1398 2668 1571 2697 delitescant.

716 2774 810 2804 Varia
831 2774 980 2804 lectiones.

48 2840 73 2856 5‘
89 2839 203 2866 ἐνύπνιον
216 2848 243 2868 ο.
283 2839 305 2856 ³⁸
319 2839 432 2874 χάρισμα
444 2846 470 2865 ο.
509 2837 532 2855 ³⁸
545 2837 646 2873 χάριτος
657 2845 683 2865 o.
723 2836 744 2854 ³⁷
773 2837 904 2872 σύγχυσις,
927 2835 1018 2866 ἀταξία
1031 2835 1073 2862 καὶ
1084 2844 1124 2863 m.

160 2885 281 2913 ΡΛτιιοι..
301 2884 348 2912 Gn.
370 2883 476 2911 CXXIV.

1474 2883 1507 2907 24
