1867 3081
267 158 319 186 747

306 220 395 248 Vsus.
412 221 457 253 30,
471 221 516 247 31.
540 227 553 244 α
565 217 646 252 Quod
661 217 685 246 si
702 217 745 245 alii
758 217 911 246 revelatum
922 218 1003 246 fuerit
1022 226 1063 246 se-
1078 222 1105 253 Α

269 263 359 298 denti,
374 264 450 300 prior
460 266 559 291 taceat.
570 262 687 290 Potestis
700 262 775 290 enim
792 263 950 298 singulatim
967 270 1064 290 omnes

273 309 447 346 prophetare,
474 310 506 336 ut
519 314 618 336 omnes
643 306 761 341 discant,
787 311 814 335 et
827 314 924 335 omnes
938 307 1063 335 consola-

272 353 380 382 tionem
393 351 535 388 recipiant.
558 361 572 377 ιι
586 351 695 379 Bonum
714 350 760 379 hic
774 351 898 380 ordinem
911 356 938 379 et
952 351 1063 379 humili-

271 402 360 426 tatem
383 397 475 426 docet.
491 397 563 425 Cum
583 396 658 423 enim
671 395 715 423 alii
737 396 878 431 inspirarit
889 395 1017 432 Spiritus.
1033 399 1062 423 tu

272 442 320 479 qui
341 441 416 477 prior
437 449 476 475 es,
498 444 567 468 tace.
590 440 618 468 Si
642 440 716 467 enim
735 440 853 475 Spiritus
879 444 907 468 te
932 439 1064 468 voluisset

271 486 358 522 loqui,
372 492 430 513 non
445 484 524 512 illum
538 483 691 512 excitasset.
712 484 820 512 Deinde
836 484 875 512 illi
896 485 1062 512 consolatio-

269 537 334 558 nem
357 529 498 566 prtebens,
514 540 527 553 ι
550 529 679 562 Potestis,
702 540 715 553 ιι
742 528 845 565 inquit,
870 540 883 553 α
905 528 1063 565 singulatim

271 582 368 602 omnes
396 573 571 610 prophetare,
598 584 612 598 ιι
643 573 697 600 hoc
718 577 760 601 est
774 574 814 601 Ne
833 580 963 607 maereas,
985 576 1063 608 potes

269 619 345 648 enim
364 622 395 646 et
407 622 449 652 tu,
466 622 494 646 et
508 617 586 651 alius,
608 621 638 646 et
653 625 748 646 omnes
761 625 811 654 per
822 622 936 654 partem,
952 617 1005 646 hoc
1021 621 1064 646 est

272 671 322 700 per
342 663 543 692 successionem
572 661 750 698 prophetare.
774 663 839 690 Non
861 662 936 690 enim
963 662 990 690 in
1005 669 1062 690 uno

267 708 328 737 solo
338 708 510 736 concluditur
520 707 636 741 donum,
647 707 694 735 sed
708 707 839 735 omnibus
857 706 948 741 datur,
960 710 994 734 ut
1003 707 1061 734 uni-

265 760 344 782 versa
367 752 486 781 Ecclesia
501 751 600 786 discat,
611 755 638 779 et
655 751 871 780 consolationem
884 750 921 780 ad
930 751 1061 780 virtutem

267 797 391 834 recipiat.

302 842 386 878 213
396 842 487 870 Vnus.
507 843 551 869 32.
573 850 588 868 ιι
601 843 638 870 Et
649 840 760 877 spiritus
775 841 973 878 prophetarum
999 848 1060 877 pro-

265 887 355 924 phetis
368 886 483 922 subjecti
493 890 568 914 sunt.
591 897 604 911 »
628 887 689 914 Hoc
709 886 743 914 ad
758 885 972 914 consolationem
986 894 1058 922 quo-

266 939 320 969 que
331 932 402 968 ejus,
414 931 462 967 qui
469 930 651 959 conticescere
658 930 751 968 jussus
764 934 816 964 est,
830 930 961 967 pertinet.
978 931 1060 966 Quod

265 984 330 1005 vero
341 975 418 1010 dicit,
432 979 474 1004 est
487 974 645 1011 hujusmodi
662 984 669 1004 :
685 977 726 1004 Ne
738 975 900 1010 contendas,
915 983 1003 1012 neque
1014 983 1060 1003 se-

264 1021 404 1051 ditionem
418 1020 498 1049 cieas.
513 1021 575 1056 Ipse
589 1028 708 1056 namque
721 1020 848 1056 Spiritus,
865 1020 919 1048 hoc
942 1025 984 1048 est
1008 1020 1058 1048 do-

263 1074 333 1095 num
347 1065 423 1103 quod
443 1066 508 1093 inte
522 1069 574 1099 est,
590 1068 618 1093 et
641 1065 763 1101 operatio
782 1065 903 1101 Spiritus
922 1065 968 1100 qui
990 1065 1017 1092 in
1031 1068 1058 1093 te

264 1115 314 1146 est,
337 1110 479 1146 subjicitur
491 1109 564 1138 dono
582 1109 704 1144 alterius,
717 1110 764 1145 qui
787 1109 821 1138 ad
837 1109 1058 1145 prophetandum

264 1155 414 1184 concitatus
424 1159 474 1183 est.
489 1154 570 1189 Quod
581 1154 606 1182 si
616 1154 733 1190 Spiritus
747 1153 907 1190 subjicitur,
926 1157 957 1182 tu
970 1154 1058 1182 multo

264 1200 350 1237 magis
362 1199 411 1236 qui
425 1199 559 1235 Spiritum
581 1198 714 1236 possides,
735 1207 793 1227 non
807 1199 891 1227 debes
915 1207 976 1227 esse
989 1207 1058 1227 con-

263 1246 409 1274 tentiosus.
421 1244 550 1273 Nonnulli
558 1252 623 1272 vero
631 1244 684 1272 hoc
692 1244 730 1272 ita
744 1244 942 1272 intellexerunt
956 1252 963 1271 :
973 1245 1057 1272 Vates

263 1298 326 1318 sane
338 1289 411 1326 apud
421 1290 533 1318 Graecos
546 1296 655 1324 omnes,
667 1289 775 1325 quando
791 1289 876 1317 semel
888 1289 992 1324 arrepti
1011 1296 1056 1316 es-

262 1339 324 1363 sent
335 1343 350 1363 a
364 1335 500 1368 daemone,
517 1334 602 1362 etiam
623 1334 817 1369 si_voluissent,
831 1341 887 1362 non
907 1337 1057 1369 potuerunt

261 1382 354 1407 tamen
377 1379 499 1407 reticere.
524 1377 607 1414 Apud
634 1385 685 1406 nos
706 1385 771 1406 vero
797 1378 888 1406 sancti
912 1377 1056 1414 prophetae

262 1424 337 1453 haud
348 1424 388 1452 sic
406 1423 537 1460 agebant,
550 1429 648 1450 verum
668 1422 698 1450 in
720 1423 844 1458 ipsorum
859 1426 900 1450 est
912 1422 1054 1456 arbitratu,

262 1469 360 1505 inquit,
369 1467 411 1496 vel
424 1467 508 1504 loqui,
521 1467 562 1494 vel
575 1471 675 1494 tacere.
692 1468 784 1502 Atque
794 1466 846 1494 hoc
864 1470 906 1494 est
920 1465 994 1502 quod
1004 1466 1053 1500 ait,
1074 1470 1095 1501 C

261 1513 379 1549 Spiritus
390 1512 597 1548 prophetarum,
620 1510 647 1538 id
659 1514 700 1538 est
711 1510 795 1544 dona,
807 1509 1036 1546 subdunturipsis
1048 1518 1055 1537 :

260 1564 343 1596 atque
356 1559 395 1594 {in
417 1566 502 1586 manu
524 1557 719 1594 prophetarum
747 1562 793 1585 est
818 1558 910 1591 silere,
934 1558 975 1585 vel
1001 1565 1057 1586 non

263 1603 354 1631 silere.
366 1602 408 1630 Ne
419 1602 493 1630 enim
503 1602 578 1630 dicat
588 1601 612 1629 is
626 1601 671 1637 qui
681 1601 786 1629 donum
799 1601 891 1636 habet,
905 1601 957 1636 Qui
967 1606 1058 1630 tacere

260 1655 386 1684 possum,
407 1646 518 1683 perinde
531 1654 564 1674 ac
583 1650 614 1674 tu
628 1646 753 1681 mandas,
768 1654 831 1674 cum
848 1655 864 1675 a
878 1647 981 1683 Spiritu
998 1647 1055 1684 agi-

259 1695 336 1721 tatus
350 1692 463 1727 loquar?
486 1692 568 1727 Atqui
593 1691 723 1727 Spiritus,
739 1691 835 1727 inquit,
858 1691 906 1728 qui
921 1696 947 1719 te
960 1692 1056 1728 agitat,

261 1737 313 1765 tibi
325 1736 463 1772 subditur,
475 1736 555 1772 inque
564 1740 611 1764 tua
628 1735 757 1772 deinceps
769 1741 907 1772 potestate
920 1737 1003 1764 situm
1015 1740 1056 1764 est

260 1787 360 1811 tacere.
376 1782 437 1810 Noli
450 1782 542 1818 itaque
559 1781 693 1818 Spiritum
715 1781 902 1818 nequidquam
931 1785 1055 1818 praeten—

257 1828 332 1857 dere.

292 1874 384 1902 Vnns.
397 1874 443 1901 33.
460 1883 474 1898 ιι
489 1873 551 1901 Νοιι
564 1871 637 1900 enim
649 1875 691 1899 est
704 1871 886 1900 dissensionis
906 1873 995 1906 Deus,
1006 1872 1055 1901 sed

256 1919 339 1956 pacis,
352 1917 589 1955 quemadmodum
605 1917 632 1944 in
649 1917 780 1944 omnibus
798 1917 924 1945 Ecclesiis
944 1922 1054 1946 sancto-

256 1971 328 1992 rum.
345 1972 359 1990 ρ
378 1963 483 1991 [ndicat
500 1961 576 1999 quod
586 1963 646 1989 Deo
662 1961 745 1989 etiam
762 1962 865 1996 placeat
877 1964 998 1998 priorem
1010 1966 1052 1990 ta-

255 2016 326 2037 cere.
344 2009 409 2036 Non
423 2007 498 2034 enim
510 2010 553 2034 est
576 2007 650 2033 Deus
672 2005 813 2033 seditionis
827 2010 855 2034 et
875 2005 1054 2035 confusionis

256 2053 328 2089 (quae
343 2059 374 2080 ex
388 2059 421 2079 eo
435 2050 510 2087 quod
521 2058 576 2078 non
586 2050 693 2084 sileant,
707 2050 755 2078 sed
771 2058 871 2078 omnes
887 2051 1052 2087 prophetare

255 2097 349 2130 velint,
364 2094 507 2131 nascitur),
534 2102 631 2122 verum
647 2094 722 2130 pacis
743 2098 785 2122 est
809 2096 896 2122 Deus.
914 2096 969 2123 Ista
987 2104 1052 2125 vero

256 2149 308 2177 pax
321 2140 349 2168 in
363 2139 492 2168 omnibus
510 2138 636 2167 Ecclesiis
653 2143 825 2173 sanctorum,
846 2139 899 2167 hoc
918 2144 960 2168 est
982 2140 1049 2169 ﬁde-
1065 2157 1089 2187 D

254 2185 333 2221 lium,
349 2189 480 2213 versatur.
497 2185 568 2212 Sunt
581 2183 656 2212 enim
671 2188 699 2211 et
714 2184 877 2212 Graecorum
899 2187 927 2212 et
940 2185 1049 2214 Iudaeo-

253 2238 315 2259 rum
333 2230 465 2259 ecclesias.
486 2228 592 2257 Pudeat
611 2229 694 2265 igitur
719 2236 768 2257 vos
793 2232 892 2265 praeter
911 2233 939 2257 et
953 2234 1050 2259 contra

253 2282 350 2304 omnes
361 2274 497 2303 Ecclesiae
511 2273 611 2302 vivere.

1074 866 1098 898 B

287 2367 377 2396 Vens.
390 2368 434 2394 34.
449 2376 463 2391 «
475 2365 605 2394 Mulieres
620 2369 718 2394 vestras
730 2364 760 2393 in
772 2365 901 2394 Ecclesiis
914 2369 1024 2394 taceant
1041 2375 1048 2394 :

252 2419 307 2440 non
328 2411 401 2439 enim
417 2411 581 2447 permissum
601 2414 643 2438 est
666 2410 705 2438 eis
733 2409 826 2446 loqui;
851 2411 899 2438 sed
926 2410 1049 2439 subditas

252 2464 322 2491 esse,
332 2456 404 2484 sicut
417 2459 445 2484 et
462 2455 505 2483 lex
515 2455 592 2483 dicit.
611 2466 624 2479 ιι
644 2455 713 2483 Cum
732 2454 824 2482 omnia
845 2454 958 2491 pulchre
975 2455 1050 2484 ordi-

251 2504 353 2535 nasset,
368 2505 396 2529 et
419 2507 482 2537 qum
495 2499 530 2528 de
552 2499 660 2536 linguis,
684 2503 712 2527 et
726 2507 788 2535 quas
801 2499 835 2527 de
854 2499 994 2535 prophetis
1020 2500 1047 2528 in

250 2546 433 2583 quaestionem
447 2545 602 2579 veniebant,
630 2551 665 2572 ne
680 2543 760 2572 multi
776 2543 949 2580 prophetent,
966 2549 995 2572 et
1009 2545 1046 2573 ita

250 2590 376 2620 confusio
390 2595 419 2619 et
430 2589 530 2619 seditio
550 2597 582 2617 ex
597 2596 630 2617 eo
642 2588 824 2619 subnascatur
844 2598 852 2617 ι
872 2597 946 2617 nunc
961 2590 1046 2618 etiam

250 2636 400 2665 mulierum
409 2634 562 2664 tumultum
568 2633 729 2670 compescit,
737 2633 829 2662 dicens
841 2642 848 2662 :
860 2645 872 2658 ιι
882 2635 913 2662 In
921 2635 1045 2663 Ecclesia

247 2684 366 2710 taceant.
381 2692 395 2706 ι
410 2679 518 2709 Deinde
527 2679 602 2716 quod
616 2678 708 2715 majus
723 2682 774 2713 est,
789 2679 997 2708 convenientius
1007 2679 1045 2708 ait

759 155 1017 184 THEOPHYLACTI
1038 156 1218 184 BULGARIIE
1236 155 1394 184 ARCHIEP.

1812 159 1836 185 iii

1153 229 1166 247 ιι
1188 218 1196 229 ³
1212 218 1268 249 Εὰν
1283 217 1311 247 δὲ
1327 219 1402 258 ἄλλῳ
1413 217 1588 257 ἀποκαλυφθῇ
1602 217 1745 258 καθημένῳ,
1761 221 1847 257 δπρξπεςη

1119 263 1231 302 σιγάτω.
1250 263 1369 292 Δύνασϐε
1384 261 1436 302 γὰρ
1460 262 1519 292 καθ’
1542 262 1587 291 ἕνα
1609 262 1700 295 πάντες
1715 264 1836 303 προφητεύιπ,

1117 306 1160 337 ἵνα
1183 309 1281 340 πάντες
1305 307 1458 345 μανθάνωσι
1476 306 1523 337 καὶ
1539 307 1635 340 πάντες
1653 309 1847 346 παρακαλῶσιι

1119 352 1252 386 Εὖταξίαν
1288 352 1402 382 ἐνταῦθα
1429 351 1476 381 καὶ
1508 351 1738 391 ταπεινοφροσύνην
1760 352 1836 380 διδάσκει

1117 395 1206 427 Ὅταν
1220 396 1272 436 γὰρ
1287 396 1361 436 ἄλλῳ
1376 395 1513 436 ἐμπνεῦσῃ
1529 396 1559 426 τὸ
1574 397 1693 435 Πνεῦμα,
1704 396 1797 436 φηςιζώ
1808 398 1837 434 rip

1117 443 1132 470 6
1153 443 1271 481 πρῶτος·
1296 442 1319 470 εἶ
1345 441 1395 482 γὰρ
1420 441 1535 482 ἠθέλησε
1556 441 1588 470 τὸ
1612 442 1716 478 Πνεῦμα
1734 440 1758 469 σὲ
1776 442 1837 475 initia.

1119 466 1130 470 ⁷
1157 466 1257 481 "r""’
1296 466 1319 470 ’⁷
1351 466 1394 482 Ι’Ί”
1424 466 1535 477 ’¹’“”’Ἷ““
1562 466 1586 470 ’⁷
1613 466 1716 478 ⁵⁴”“Τ“
1736 466 1757 469 ““
1777 466 1837 475 ””“”“τ

1118 486 1165 514 οὖκ
1180 485 1210 514 ἂν
1232 487 1329 515 ἐκεῖνον
1351 485 1482 522 ἐκίνησεν.
1499 481 1566 515 Εἶτα
1583 483 1791 525 παραμυθούμενος
1802 466 1847 514 inii

1117 541 1173 566 vov,
1189 529 1270 571 φησί·
1289 541 1302 559 ιι
1328 530 1447 560 Δύνασθε
1471 529 1524 570 γὰρ
1544 529 1603 559 καθ’
1622 530 1666 559 ἕνα
1685 529 1764 563 πάντες
1779 541 1838 568 προςη-

1117 574 1200 604 τεύειν
1214 586 1220 593 ·
1236 585 1251 603 n
1273 574 1402 612 τουτέστι,
1419 573 1466 610 Μὴ
1486 576 1573 604 λυποῖ)
1583 586 1590 593 ·
1608 574 1712 604 δύνασαι
1724 573 1764 613 γὰρ
1779 574 1808 602 καὶ
1819 574 1838 604 ri.

1117 618 1162 647 καὶ
1184 618 1277 655 ἄλλος,
1294 618 1340 648 καὶ
1356 618 1453 652 πάντες
1476 618 1526 647 ἆνὰ
1535 617 1560 636 ³⁸
1577 617 1665 658 μέρος,
1681 618 1721 647 καὶ
1733 619 1757 646 ἐκ
1769 618 1838 656 διαδιχῇ

1116 662 1303 703 προφητεύειν.
1324 663 1372 698 Μὴ
1395 663 1446 703 γὰρ
1471 664 1509 692 ἑνὶ
1526 663 1599 703 μόνῳ
1614 662 1771 703 περικλείεται
1785 662 1838 700 rixi-

1117 718 1208 747 ρισμα,
1225 707 1294 736 ἀλλὰ
1310 707 1375 747 πρὸς
1394 708 1494 741 πάντας
1511 708 1624 744 δίδοται,
1643 707 1685 736 ἵνα
1703 711 1764 737 πᾶσι
1778 710 1789 743 ἡ
1805 707 1838 736 Ἕλ-

1115 752 1212 788 κλησία
1236 752 1372 793 μανθάνῃ,
1395 752 1441 782 καὶ
1465 753 1637 793 παράκλησιν
1659 752 1718 792 πρὸς
1737 751 1804 790 ἀρετὴν

1115 809 1208 837 χηται.

1154 855 1166 869 α
1190 842 1245 872 Καὶ
1269 842 1408 881 πνεύματα
1423 845 1567 882 προφητῶν
1590 841 1731 883 προφήταις
1746 840 1838 870 ﬁrmita-

1113 898 1169 917 ται.
1185 898 1199 915 ι)
1221 887 1276 917 Καὶ
1298 889 1375 916 τοῦτο
1389 887 1454 928 πρὸς
1478 888 1653 928 παραμυθίαν
1668 889 1710 916 τοῦ
1730 887 1838 925 ἐπιτρίτῳ

1114 942 1158 960 νου
1174 936 1263 972 σιγᾷν.
1285 931 1324 962 ⁸0
1339 932 1367 961 δὲ
1389 932 1470 971 λέγει,
1494 932 1615 961 τοιοῦτόν
1635 933 1705 961 ἐστι’
1724 930 1763 966 Μὴ
1775 930 1838 969 φιλητέ-

1115 987 1171 1014 κει,
1193 976 1261 1015 μηδὲ
1281 976 1424 1011 στασίαζε·
1439 976 1503 1006 αὐτὸ
1518 977 1570 1016 γὰρ
1586 977 1617 1006 τὸ
1640 978 1751 1014 Πνεῦμα,
1760 974 1838 1005 τουτέπιν

1113 1021 1143 1049 τὸ
1159 1021 1186 1050 ἔν
1208 1021 1249 1050 σοὶ
1264 1021 1387 1061 χάρισμα
1398 1043 1406 1058 ,
1430 1021 1476 1051 καὶ
1491 1024 1508 1058 ἡ
1527 1021 1647 1061 ἐνέργεια
1662 1023 1704 1050 τοῦ
1719 1021 1740 1050 ἓν
1753 1020 1783 1049 σοὶ
1794 1018 1838 1048 lin-$-

1113 1077 1212 1104 ματος,
1238 1066 1419 1096 ὑποτάσσεται
1445 1067 1484 1105 τῷ
1508 1066 1660 1107 χαρίσματι
1682 1067 1723 1095 τοῦ
1745 1065 1838 1103 ἑτέρωσί

1113 1111 1260 1146 κινηθέντος
1287 1111 1324 1144 εἷς
1349 1110 1379 1140 τὸ
1403 1111 1597 1151 προφητεύειν
1623 1111 1668 1140 καὶ
1691 1112 1711 1139 εἰ
1737 1110 1760 1138 τὸ
1778 1110 1839 1144 ibi}:

1114 1154 1310 1194 ὑποτάσσεται,
1338 1156 1430 1195 πολλῷ
1454 1157 1556 1194 μᾶλλον
1585 1155 1664 1189 αὐτὸς
1686 1155 1778 1195 ὀφείλεις
1796 1154 1804 1181 ὁ
1820 1163 1838 1179 L‘-

1112 1199 1242 1238 χτημένος
1259 1200 1290 1230 τὸ
1306 1201 1432 1239 Πνεῦμα,
1450 1200 1487 1238 μὴ
1503 1201 1672 1241 φιλονεικεῖν.
1689 1199 1755 1232 Τινὲς
1766 1198 1786 1226 δὲ
1799 1196 1838 1225 οὖτά

1111 1244 1221 1280 ἐνόησαν
1236 1247 1314 1274 τοῦτο
1325 1256 1332 1263 ·
1347 1247 1383 1276 Οἱ
1398 1244 1446 1283 μὲν
1462 1245 1526 1286 παρ’
1536 1245 1658 1282 Ἕλλησι
1672 1245 1774 1284 μάντεις,
1781 1241 1836 1271 ἔτιιίὲι

1112 1288 1183 1323 ἅπαξ
1208 1289 1426 1330 κατεσχέσθησαν
1453 1290 1608 1330 [ί.-σχέθ.]
1637 1290 1686 1318 ὑπὸ
1707 1290 1746 1318 τοῦ
1760 1287 1837 1323 ariam.

1111 1333 1160 1363 κᾶν
1175 1333 1326 1371 ἐϐούλοντο,
1343 1336 1392 1364 οὔκ
1412 1333 1541 1371 ἠδύναντο
1553 1339 1646 1375 σιγᾷν.
1663 1334 1697 1364 Οἱ
1717 1332 1742 1363 δὲ
1754 1332 1798 1371 παρ’
1808 1333 1836 1365 ita

1112 1377 1180 1417 ἅγιοι
1194 1381 1328 1419 προφῆται
1342 1380 1390 1418 οὐχ
1407 1379 1498 1416 οὕτως,
1522 1379 1593 1409 ἀλλὰ
1608 1380 1672 1419 παρ’
1689 1379 1773 1413 αὐτοῖς,
1791 1386 1836 1414 ᾷηπι

1111 1422 1167 1452 ἔστι
1182 1424 1211 1453 τὸ
1232 1428 1328 1464 σιγᾷν,
1352 1423 1370 1460 ἣ
1389 1425 1480 1453 λαλεῖν
1492 1436 1499 1442 ·
1525 1423 1572 1453 καὶ
1587 1423 1666 1454 τοῦτό
1680 1423 1743 1452 ἐστιν
1755 1421 1802 1458 ὅπερ
1816 1430 1836 1454 9r

1111 1467 1151 1496 σὶν
1162 1490 1170 1503 ,
1190 1467 1230 1497 ὅτι
1246 1467 1290 1498 Τὰ
1314 1468 1453 1507 πνεύματα
1468 1470 1520 1498 τῶν
1535 1470 1680 1509 προφητῶν
1691 1491 1698 1504 ,
1717 1465 1836 1501 fouit/tm,“

1111 1511 1286 1552 χαρίσματα,
1301 1513 1488 1552 ξῦποτάσσεται
1506 1514 1610 1550 αὐτοῖς,
1633 1513 1678 1542 καὶ
1697 1511 1737 1540 ἐπὶ
1755 1510 1795 1542 τοῖς
1808 1519 1836 1545 ﬁ?

1113 1557 1207 1595 φήταις
1230 1557 1285 1586 ἐστὶ
1299 1558 1329 1588 τὸ
1343 1560 1452 1597 σιγῆσαι
1473 1558 1519 1586 καὶ
1537 1558 1567 1587 τὸ
1581 1557 1622 1596 μὴ
1645 1559 1756 1596 σιγῆσαι.
1767 1552 1836 1588 Ἴνι

1113 1601 1150 1639 μὴ
1166 1601 1230 1642 λέγῃ
1245 1604 1259 1632 6
1273 1603 1302 1632 τὸ
1313 1603 1435 1642 χάρισμα
1458 1602 1537 1642 ἔχων,
1557 1602 1598 1631 ὅτι
1616 1604 1677 1635 Πῶς
1692 1601 1788 1638 δύναμαι

1112 1657 1157 1674 σαι
1179 1647 1249 1676 καθὰ
1272 1647 1402 1684 κελεύεις,
1431 1646 1496 1677 ὅπου
1526 1659 1556 1686 γε
1582 1646 1657 1687 παρὰ
1680 1649 1721 1675 τοτ’]
1746 1643 1838 1678 ﬂuam

1111 1690 1262 1729 κινούμενος
1281 1692 1370 1728 λαλῶ;
1382 1691 1461 1732 φησὶν
1471 1714 1478 1728 ,
1495 1693 1535 1722 ὅτι
1550 1692 1633 1721 Ἀλλὰ
1651 1691 1681 1720 τὸ
1701 1687 1837 1727 Πνεῖματθῖῖ

1109 1734 1139 1764 τὸ
1160 1738 1248 1765 κινοῦν
1269 1748 1298 1766 σε
1326 1736 1506 1766 ὑποτάσσεταί
1527 1747 1584 1774 σοι,
1609 1736 1654 1764 καὶ
1669 1736 1695 1764 ἐν
1752 1735 1778 1772 σῇ
1793 1731 1838 1760 λῦίῄ

1109 1779 1213 1820 ἐξουσίᾳ
1234 1785 1321 1810 κεῖται
1343 1781 1374 1810 τὸ
1397 1786 1475 1821 σιγᾷν
1488 1793 1494 1800 ·
1517 1781 1562 1810 καὶ
1579 1780 1618 1819 μὴ
1636 1781 1720 1820 μάτην
1736 1775 1838 1818 “palmi”

1108 1825 1138 1854 τὸ
1152 1826 1278 1864 Πνεῦμα.

1150 1881 1166 1897 α
1181 1871 1223 1899 Οὐ
1238 1871 1288 1910 γάρ
1305 1870 1374 1900 ἔστιν
1387 1870 1587 1904 ἀκαταστασίας
1598 1872 1613 1900 6
1625 1869 1703 1904 Θεὸς,
1716 1868 1766 1898 ἀλλ’
1776 1864 1839 1905 εἰρήνῃ

1108 1916 1142 1948 ὡς
1164 1915 1191 1944 ἕν
1212 1915 1311 1948 πάσαις
1330 1919 1387 1949 ταῖς
1415 1915 1589 1952 Ἐκκλησίαις
1610 1917 1663 1944 τῶν
1687 1913 1768 1953 ἇγίων.
1785 1924 1794 1937 π
1813 1913 1839 1937 15"

1107 1968 1206 1997 xvootv,
1222 1960 1263 1989 ὅτι
1276 1959 1323 1989 καὶ
1344 1961 1382 2000 τῷ
1399 1961 1462 2000 Θεῷ
1483 1963 1559 1990 τοῦτο
1575 1960 1662 1996 δοκεῖ,
1680 1958 1709 1988 τὸ
1727 1957 1765 1986 τὸν
1782 1955 1839 1993 πρῶττι

1107 2009 1201 2045 σιγᾷν·
1226 2005 1255 2034 οὗ
1288 2004 1340 2046 γάρ
1370 2006 1440 2034 ἐστιν
1476 2007 1490 2035 6
1521 2004 1590 2037 Θεὸς
1627 2001 1802 2033 ἀκαταστασίας
1820 2008 1835 2024 ιε

1106 2043 1258 2089 συγχύσεως
1282 2043 1355 2089 (ἶῆτις
1380 2051 1410 2079 ἐκ
1438 2051 1483 2079 τοῦ
1509 2048 1546 2087 μὴ
1577 2053 1674 2090 σιγᾷν,
1701 2045 1762 2076 ἀλλὰ
1783 2043 1840 2090 tu"?

1105 2095 1289 2134 προφητεύειν,
1312 2094 1438 2134 γίνεται),
1454 2094 1513 2123 ἀλλ’
1536 2093 1641 2133 εἰρήνης
1656 2092 1710 2122 ἐστὶ
1721 2090 1838 2134 θεός-,δνῗῖ

1105 2131 1132 2167 δέ
1181 2139 1271 2178 εἰρήνη
1293 2131 1324 2168 ἐν
1334 2131 1433 2172 πάσαις
1448 2142 1504 2172 ταῖς
1522 2131 1696 2174 Ἐκκλησίαις
1718 2137 1763 2165 τῶν
1782 2131 1847 2176 ἆγίωιςί

1103 2183 1239 2221 τουτέστι,
1269 2185 1321 2214 τῶν
1343 2185 1460 2221 πιστῶν,
1484 2182 1652 2213 πολιτεύεται
1665 2194 1672 2200 ·
1698 2180 1744 2211 εἶσὶ
1765 2178 1802 2218 γὰρ
1818 2178 1847 2219 “il

1102 2226 1243 2263 Ἑλλήνων
1251 2251 1260 2265 ,
1297 2229 1343 2258 καὶ
1376 2228 1512 2258 Ἰουδαίων
1541 2226 1691 2263 ἐκκλησίαι.
1724 2222 1839 2262 Maelii!“

1103 2267 1148 2302 οὖν
1171 2274 1247 2311 ὑμεῖς
1273 2273 1348 2314 παρὰ
1372 2273 1461 2306 πάσας
1487 2272 1535 2307 τὰς
1566 2271 1727 2307 Ἐκκλησίας
1749 2268 1839 2297 mili?”

1105 2328 1190 2356 μενοι.

1148 2373 1163 2391 (ι
1177 2363 1214 2393 Αἱ
1230 2363 1349 2400 γυναῖκες
1361 2363 1434 2401 ὑμῶν
1450 2364 1475 2393 ἐν
1487 2366 1544 2395 ταῖς
1560 2360 1711 2396 ἐκκλησίαις
1725 2356 1832 2401 equits)?"

1103 2407 1132 2435 οὖ
1152 2406 1204 2448 γὰρ
1227 2407 1418 2448 ἐπιτέτραπται
1440 2408 1532 2440 αὐταῖς
1546 2407 1647 2445 λαλεῖν,
1666 2405 1722 2434 ἀλλ’
1745 2398 1840 2431 ὕποτί⁷π’

1103 2446 1163 2481 σθαι
1171 2474 1180 2489 ,
1191 2446 1283 2486 καθὼς
1294 2446 1340 2482 καὶ
1350 2454 1364 2482 6
1378 2452 1456 2491 νόμος
1470 2451 1552 2490 λέγει.
1576 2462 1591 2480 ι
1608 2448 1719 2484 Ἐπειδὴ
1732 2446 1840 2494 sint“:

1103 2497 1153 2530 λῶς
1175 2496 1329 2536 διετάξατο,
1348 2496 1394 2526 καὶ
1418 2496 1452 2526 τὰ
1472 2496 1534 2536 περὶ
1552 2497 1604 2525 τῶν
1627 2495 1764 2533 γλωσσῶν,
1781 2497 1812 2540 If!
1825 2493 1840 2510 τ’

1102 2540 1162 2582 περὶ
1187 2543 1239 2571 τῶν
1265 2543 1428 2583 προφητῶν,
1449 2541 1493 2570 ἵνα
1513 2540 1551 2580 μὴ
1577 2539 1671 2570 πολλοὶ
1686 2538 1840 2583 νπροφηξεύωσξι

1101 2587 1147 2616 καὶ
1168 2586 1294 2625 σύγχυσις
1312 2586 1359 2616 καὶ
1382 2585 1571 2616 ἀκαταστασία
1595 2586 1625 2615 ἐκ
1647 2582 1735 2613 τούτου
1755 2578 1802 2613 εἴη·
1816 2583 1847 2613 νωι

1099 2633 1145 2661 καὶ
1159 2631 1204 2660 τὸν
1220 2631 1272 2660 ἀπὸ
1287 2632 1340 2660 τῶν
1363 2633 1494 2670 γυναικῶν
1516 2629 1625 2670 θόρυϐον
1640 2624 1847 2670 καταστέλλειν-ἕξ

1099 2688 1189 2716 φησιν,
1203 2674 1244 2705 ὅτι
1262 2687 1278 2704 α
1291 2667 1449 2716 Σιγάτωσαν
1465 2676 1492 2705 ἐν
1507 2667 1632 2714 ἐκκλησίᾳ
1644 2686 1650 2692 ·
1665 2684 1680 2702 ιι
1695 2667 1746 2701 εἶτα
1755 2667 1778 2697 τὸ
1788 2667 1841 2702 luit”

1845 1054 1847 1187 ι

945 2766 1041 2796 Varia!
1066 2767 1214 2798 lectiones.

286 2814 309 2833 ⁸⁸
320 2813 383 2841 κατὰ
395 2821 421 2842 ο.
