1867 3081
0 173 33 200 ⁷49
404 174 579 202 EXPOSITIO
598 174 630 202 IN
649 174 754 202 EPIST.
776 175 785 203 l
803 177 849 204 AD
869 175 946 203 COR.
967 191 1002 196 —-
1020 175 1094 204 CAP.
1114 176 1182 204 XIV.

1567 177 1620 204 750

0 246 79 272 νησιν,
105 234 146 266 ὅτι
167 235 198 266 τὸ
224 235 422 267 ὑποτάσσεσθαι
451 238 543 270 αὐταῖς
566 235 771 277 ἁρμοδιώτερον.

856 245 886 266 se
899 242 931 266 ut
956 237 1148 273 subjiciantur.
1172 237 1314 273 Subjectio
1346 237 1420 266 enim
1439 245 1502 266 cum
1526 238 1626 266 timore

0 280 17 309 Η
39 279 93 319 γὰρ
110 279 231 320 ὗποταγὴ
251 280 299 317 τήν
314 281 382 319 μετὰ
405 281 488 322 φόϐου
511 281 616 318 σιωπὴν
632 282 726 318 δηλοῖ,
744 283 779 316 ὡς

0 323 24 353 πὶ
39 325 94 353 τῶν
109 325 236 354 δουλίδων
255 325 368 364 γίνεται.
384 325 475 364 Νόμον
490 326 518 356 δὲ
532 326 563 356 τὸ
578 328 626 362 τῆς
646 326 778 360 Γενέσεως

2 367 85 398 ιϐλίον
107 369 195 409 λέγει,
218 371 246 400 ἐν
263 365 286 410 ᾧ
304 370 452 410 γέγραπται
465 383 472 390 ·
498 382 512 400 ε
536 370 608 410 Πρὸς
633 371 677 401 τὸν
694 371 776 411 ἄνδρα

0 425 25 456 ου
38 416 56 450 ἡ
75 413 234 455 ἀποστροφή
249 425 306 452 σου,
326 414 372 444 καὶ
387 415 465 449 αὐτός
479 427 527 446 σου
547 415 690 456 κυριεύσει.
710 427 722 444 ι
743 417 776 447 Εἴ

0 453 21 487 δν
35 460 76 498 τῷ
99 453 173 499 ἄνδρί
195 453 390 489 ὗποτάσσεσθαι
413 460 526 499 ὡρίσθη,
550 453 643 500 πολλῷ
674 462 775 500 μᾶλλον

0 503 29 536 ἧς
42 505 234 542 πνευματικοῖς
251 506 277 534 ἐν
346 504 498 544 Ἐκκλησία
513 505 693 539 διδασκάλοις.

16 559 35 577 ι
60 549 94 579 Εἰ
109 548 139 578 δέ
154 561 178 578 τι
191 550 283 587 μαθεῖν
296 550 426 586 θέλουσιν,
439 550 465 578 ἐν
476 549 541 589 οἴκῳ
556 549 615 584 τοὺς
629 551 739 584 οἰκείους
749 550 775 570 ³⁹

0 593 74 632 νδρας
102 593 325 632 ἐπερωτάτωσαν.
354 604 369 623 ››
400 592 512 635 Ὥσπερ
541 595 609 629 τινὸς
638 595 755 628 εἰπόντος
768 607 774 615 ·

0 637 44 668 ἰὰν
59 638 99 677 μὴ
115 639 228 675 λαλῶσι,
239 640 294 672 πῶς
312 638 420 677 μάθοιεν
430 638 457 657 ⁴⁰
470 639 505 668 τὰ
523 638 702 679 ἀγνοούμενος
718 651 774 680 φη-

0 695 33 719 ν,
49 684 92 712 ὅτι
107 683 154 713 Ἐν
176 683 241 724 οἴκῳ
255 683 330 724 παρὰ
354 685 406 713 τῶν
434 684 537 724 ἀνδρῶν
553 684 771 723 μανθανέτωσαν.

0 730 65 757 οῧτο
81 729 110 758 δὲ
125 727 171 757 καὶ
191 728 291 762 ἐκείνας
312 728 426 767 κοσμίας
442 733 525 766 ποιεῖ,
541 728 588 758 καὶ
603 729 662 763 τοὺς
678 729 774 770 ἄνδρας

0 772 248 813 ιοσεκτικωτέρους,
270 772 317 802 ἅτε
331 773 492 814 ὀφείλοντας,
515 773 532 803 ἃ
553 773 671 810 ἤκουσαν
690 774 717 803 ἐν

0 816 116 858 κλησίς,
131 819 189 852 ταῖς
208 817 310 857 γυναιξὶ
335 819 599 858 παρακατατίθεσθαι
622 818 773 858 ἐρωτώσαις

829 283 969 310 silentium
987 282 1104 316 indicat,
1119 282 1231 318 perinde
1249 289 1282 310 ac
1294 282 1323 310 in
1337 282 1442 310 ancillis
1455 282 1496 310 ﬁt.
1523 283 1625 319 Legem

829 332 922 356 autem
931 327 1048 356 Genesis
1061 327 1162 356 librum
1173 326 1299 363 appellat,
1311 327 1339 355 in
1354 334 1408 362 quo
1419 326 1553 363 scriptum
1563 331 1624 355 est:

833 381 847 398 α
859 372 901 400 Ad
911 372 1002 400 virum
1012 377 1092 400 tuum
1103 371 1245 400 conversio
1251 375 1307 405 tua,
1315 375 1344 400 et
1351 371 1408 408 ipse
1416 372 1456 400 tui
1467 371 1621 400 dominabi-

830 420 884 445 tur.
898 429 911 442 ι
926 417 955 446 Si
966 417 1196 454 igiturdecretum
1206 421 1249 445 est
1260 421 1291 445 ut
1308 417 1367 445 viro
1378 416 1521 451 subdatur,
1535 416 1624 445 multo

828 462 918 498 magis
931 462 1119 499 spiritualibus
1131 461 1159 490 in
1173 461 1296 490 Ecclesia
1311 461 1482 490 doctoribus.

863 553 951 579 Vsus.
968 553 1014 580 35.
1032 562 1045 575 ι
1061 551 1089 579 Si
1104 551 1170 587 quid
1184 555 1280 580 autem
1303 551 1407 580 discere
1421 551 1527 585 volunt,
1545 551 1622 580 domi

828 595 900 624 viros
913 603 980 624 suos
989 595 1166 632 interrogent.
1187 607 1201 620 ν
1220 595 1337 624 Perinde
1359 603 1391 624 ac
1402 596 1425 624 si
1452 595 1514 632 quis
1536 595 1619 630 dicat,

827 640 884 668 Nisi
911 640 1070 676 loquantur,
1089 639 1230 677 quomodo
1256 639 1364 669 discent
1386 648 1449 677 qua:
1474 641 1624 677 ignorant?

826 685 923 719 Domi,
938 685 1036 721 inquit,
1057 693 1072 713 α
1087 685 1145 714 suis
1159 685 1267 713 maritis
1284 685 1402 714 discant.
1419 686 1479 714 Hoc
1491 689 1583 714 autem
1597 690 1625 714 et

825 729 886 758 illas
899 734 1010 758 ornatas
1027 729 1130 765 reddit,
1143 734 1172 759 et
1184 730 1258 758 viros
1275 730 1436 759 attentiores
1450 730 1535 767 214
1548 730 1623 764 facit,

827 779 858 803 ut
871 775 920 811 qui
930 775 1060 809 debeant,
1074 783 1137 811 quae
1148 776 1178 803 in
1193 775 1313 803 Ecclesia
1336 775 1510 810 audiverunt,
1528 776 1621 804 uxori-

827 819 878 847 bus
891 827 939 848 eos
950 820 1183 856 interrogantibus
1197 820 1323 854 recitare,
1340 828 1372 848 ac
1386 820 1469 849 veluti
1481 821 1553 857 apud
1570 829 1618 850 eas

0 861 83 895 ντούς.
111 862 269 900 Σημιίωσαι
290 861 331 899 δὲ,
345 863 386 892 ὅτι
404 862 461 893 οὐδὲ
476 863 537 903 περὶ
558 863 710 904 ἀναγκαίων
726 863 771 894 καὶ

856 872 972 900 εροιιετο.
996 864 1121 893 Observa
1145 869 1238 893 autem
1265 864 1340 901 quod
1353 873 1388 893 ne
1411 865 1445 893 de
1463 866 1624 894 necessariis

0 908 144 947 ιχωφσλῦν
178 907 369 947 ἐπιτέτραπται
408 907 510 948 γυναιξὶ
543 909 636 938 λαλεῖν
667 910 694 938 ἐν
731 910 773 939 ἐκ·

1 952 87 993 ησίᾳ.

9 1011 23 1025 ι
53 996 178 1038 Δίσχρδν
191 997 242 1038 γάρ
256 998 313 1028 ἐστι
327 997 442 1038 γυναιξὶν
456 998 482 1027 ἐν
497 997 625 1038 ἰκκλησίᾳ
639 998 738 1028 λαλεῖν.
756 1009 770 1027 ι

0 1042 90 1078 ζπειδὴ
117 1043 217 1073 ἐκεῖναι
242 1042 305 1077 ἴσως
337 1043 578 1078 ἐνεχαλλωπίζοντο
603 1047 660 1077 ταῖς
695 1043 772 1080 δῆθεν

0 1089 169 1127 ευματικαῖς
194 1089 221 1118 ἐν
246 1087 377 1129 ἐκκλησίᾳ
402 1087 530 1126 ὁμιλίαις,
560 1087 638 1122 αὐτὸς
664 1089 774 1118 τούναν-

0 1145 23 1163 )ν
52 1133 154 1173 φησὶν,
179 1132 220 1162 ὅτι
253 1131 345 1167 ἀδοξία
371 1131 442 1163 ἐστὶν
467 1133 560 1166 αὐταῖς
588 1133 634 1162 καὶ
657 1133 771 1174 αἰσχύνη

0 1189 58 1208 υτο.

13 1234 29 1253 ιι
54 1221 100 1253 *Η
115 1223 160 1264 ἀφ’
175 1223 249 1261 ὁμῶν
265 1224 280 1253 ὁ
295 1221 372 1262 λόγος
393 1224 440 1252 τοῦ
467 1223 539 1253 Θεοῦ
561 1221 685 1261 tmen;
702 1222 719 1260 ἢ
737 1224 773 1257 εἰς

0 1272 38 1303 ἇς
60 1267 161 1306 μόνους
175 1266 357 1305 savii/mus;
378 1278 393 1296 ι(
413 1266 522 1297 Ὡσανεὶ
538 1267 603 1308 πρός
616 1280 689 1302 τινας
712 1269 773 1297 ἀντ-

0 1314 99 1346 τόντας
121 1313 192 1352 αὐτῷ
215 1314 229 1342 ὁ
254 1312 330 1352 λόγος
355 1312 561 1352 ἐσχημάτισται.
579 1313 615 1354 Τί
639 1313 701 1353 γὰρ,
717 1324 772 1354 φη-

0 1371 21 1394 ι,
40 1358 232 1393 ἐναντιοῦσθε,
248 1357 294 1386 καὶ
307 1357 358 1397 οὐχ
377 1357 482 1396 ἡγεῖσθε
496 1356 578 1386 καλὸν
594 1353 662 1386 εἶναι
675 1357 706 1388 τὸ
727 1369 772 1388 σι-

1 1416 15 1432 ν
33 1404 64 1432 ἐν
84 1402 215 1442 ἐκκλησίᾳ
227 1402 275 1435 τὰς
296 1406 439 1441 γυναῖκας;
460 1401 510 1438 Μὴ
529 1403 604 1440 ὑμεῖς
623 1404 682 1432 ἔστε
695 1402 771 1432 διδά-

0 1449 84 1484 αλοι;
111 1446 157 1476 καὶ
173 1447 219 1487 ἀφ’
237 1448 312 1485 ὑμῶν
336 1446 427 1483 ἐξῆλθε
445 1446 476 1476 τὺ
498 1446 624 1487 κήρυγμα
645 1447 717 1487 [καὶ]
736 1448 773 1481 εἰς

828 909 940 945 quidem
954 909 1036 938 rebus
1054 913 1082 937 et
1104 910 1206 938 animae
1220 909 1384 944 commodis,
1398 909 1560 939 mulieribus
1579 910 1623 938 lo-

827 953 876 990 qui
889 954 1055 990 permissum
1065 958 1107 982 est
1120 954 1148 982 in
1160 954 1282 982 ecclesia.

865 1010 878 1023 σι
893 1000 986 1035 Turpe
1013 1003 1055 1028 cst
1067 999 1139 1027 enim
1156 999 1315 1028 mulieribus
1333 999 1361 1028 in
1382 999 1492 1028 ecclesia
1505 1000 1590 1037 loqui.
1605 1011 1620 1027 »

827 1043 1057 1081 Quandoquidem
1072 1044 1125 1072 illa:
1138 1044 1231 1073 forsan
1246 1045 1380 1081 putabant
1393 1045 1445 1073 sibi
1456 1045 1549 1074 decori
1561 1053 1621 1074 esse

827 1089 857 1117 in
880 1089 994 1118 ecclesia
1019 1089 1158 1126 colloquia
1195 1089 1347 1125 spiritualia
1368 1090 1496 1125 miscere,
1524 1090 1580 1127 ipse
1605 1099 1621 1120 θ

826 1139 922 1163 contra
943 1134 996 1163 hoc
1023 1134 1076 1163 illis
1108 1134 1136 1162 in
1162 1133 1281 1163 dedecus
1308 1139 1336 1163 et
1359 1135 1493 1172 pudorem
1523 1135 1622 1165 cedere

827 1180 935 1208 asserit.

862 1226 952 1254 Vsns.
969 1228 1012 1253 36.
1030 1237 1041 1249 ι
1053 1227 1097 1253 An
1107 1233 1123 1253 a
1138 1225 1214 1254 vobis
1227 1225 1341 1254 verbum
1350 1225 1402 1254 Dei
1412 1225 1545 1262 processit
1555 1228 1622 1255 ?aut

826 1270 861 1298 ad
875 1278 923 1299 vos
937 1271 1010 1299 solos
1022 1271 1167 1306 pervenit?
1189 1282 1202 1295 ι»
1218 1271 1309 1299 Veluti
1333 1271 1462 1299 adversus
1484 1271 1621 1308 quosdam

827 1315 880 1343 sibi
894 1315 1114 1343 contradicentes
1133 1315 1178 1343 hic
1199 1323 1290 1344 sermo
1311 1315 1447 1344 formatus
1464 1320 1518 1344 est.
1542 1316 1618 1352 Quid

827 1359 912 1393 enim,
933 1360 1032 1396 inquit,
1046 1359 1115 1387 mihi
1132 1359 1323 1393 adversamini,
1336 1368 1388 1388 nec
1399 1360 1544 1396 pulchrum
1562 1369 1621 1389 esse

827 1405 930 1441 putatis
958 1404 1075 1432 feminas
1101 1404 1128 1432 in
1141 1404 1252 1433 ecclesia
1274 1406 1386 1433 tacere?
1410 1405 1550 1442 Numquid
1570 1413 1619 1434 vos

825 1449 891 1477 estis
908 1448 1056 1477 doctores?
1070 1453 1119 1477 aut
1133 1456 1149 1476 a
1159 1448 1234 1477 vobis
1246 1449 1310 1476 exiit
1321 1449 1478 1485 przedicatio
1488 1450 1566 1478 verbi
1583 1449 1618 1478 ad

0 1498 24 1527 ὣς
47 1491 179 1528 λοιπούς;
202 1490 269 1527 ἢεῖς
283 1493 351 1529 ὑμᾶς
376 1491 471 1528 μόνους
496 1492 595 1528 ἐστάθη
626 1494 641 1528 ἡ
665 1492 770 1531 πίστιςς

857 1493 971 1530 liquos?
985 1493 1026 1522 vel
1049 1493 1123 1530 apud
1137 1501 1186 1522 vos
1198 1493 1273 1522 solos
1288 1494 1405 1522 stabilita
1416 1498 1458 1522 est
1473 1494 1554 1528 ﬁdes.
1568 1502 1620 1523 nec

0 1537 9 1567 ἰ
33 1538 67 1567 οὐ
96 1536 168 1565 δεῖ⁴¹
193 1535 228 1566 τὰ
244 1537 318 1577 παρ’
344 1536 440 1577 ἑτέρων
465 1536 607 1576 δεχθέντα,
632 1537 679 1567 καὶ
703 1538 773 1576 δμᾶς

0 1585 117 1623 (saeui;
135 1580 206 1611 Οὔτε
229 1576 273 1611 οὖν
288 1576 393 1621 πρῶτοι
403 1583 478 1620 ὑμεῖς
503 1583 563 1611 ἐστε
587 1581 687 1617 πιστοὶ,
712 1582 772 1612 οὔτε

0 1639 55 1658 νοι.
78 1627 131 1656 Δεῖ
147 1626 233 1656 τοίνυν
246 1625 281 1656 τὰ
294 1628 328 1667 τῇ
344 1626 486 1666 οἰκουμένῃ
502 1627 629 1656 δοκοῦντα
643 1626 689 1656 καὶ
704 1628 772 1666 ὑμᾶς

0 1684 105 1703 εονειν.

5 1684 152 1750 figi)“
171 1716 242 1746 δοκεῖ
265 1715 404 1757 προφήτης
431 1710 500 1746 εἶναι
532 1715 550 1752 ἢ
575 1716 771 1756 πνευματικὸς,

3 1761 170 1803 γινωσκίτω
192 1761 210 1791 ἃ
234 1760 330 1801 γράφω
350 1761 424 1800 ὑμῖν,
446 1760 487 1791 ὅτι
509 1763 555 1791 τοῦ
580 1761 682 1801 Κυρίου
705 1762 770 1791 εἰσὶν

0 1807 87 1838 ολαί.
106 1817 122 1835 ιι
148 1806 189 1837 Τὸ
204 1806 312 1836 πάντων
330 1805 498 1846 ἰσχυρότερον
516 1807 667 1836 τελευταῖον
687 1806 770 1836 τέθει-

0 1866 18 1890 ν,
38 1852 88 1882 ὅτι
104 1850 140 1882 Ὀ
156 1851 223 1885 Θεὸς
233 1853 317 1881 ταῦτα
335 1850 470 1881 ἐπιτάττει
485 1851 520 1880 δι’
541 1851 617 1890 ἐμοῦ,
635 1851 680 1880 καὶ
694 1853 771 1880 τοῦτο

0 1909 73 1931 νει-ως
106 1896 255 1935 γνώσεται,
279 1894 307 1929 ὃς
329 1895 361 1926 ἂν
382 1895 447 1934 δοκῇ
470 1897 535 1936 παρ’
548 1897 612 1934 ὑμῖν
634 1895 772 1936 προφήτης

0 1955 40 1982 ιι,
59 1940 80 1977 ἢ
100 1942 166 1971 ἄλλο
181 1952 206 1970 τι
220 1941 398 1980 πνευματικὸν
414 1941 537 1981 χάρισμα
552 1940 633 1980 ιχων,
650 1940 771 1970 τουτέστι

0 1999 108 2020 υσεως.

0 2045 18 2062 (ι
46 2033 88 2063 Εἰ
105 2030 134 2060 δέ
149 2042 187 2064 τις
199 2031 306 2069 ἀγνοεῖ,
324 2029 462 2070 ἀγνοείτω,
487 2043 499 2057 ι
516 2029 660 2060 Τουτέστιν
673 2041 679 2048 ·
697 2029 771 2070 Ἐγὼ

0 2090 53 2108 ον·
83 2078 101 2106 ὁ
117 2075 199 2105 θέλων
228 2075 369 2106 πειθέσθω.
392 2075 434 2106 Τὸ
457 2074 485 2104 δὲ
508 2075 578 2105 οὕτω
597 2075 696 2114 λέγειν,
714 2087 769 2111 ση-

0 2123 35 2154 όν
62 2124 140 2152 ἐστιν
166 2121 257 2160 ἀνδρὸς
283 2120 321 2158 μὴ
336 2120 367 2150 τὸ
389 2121 485 2150 οἰκεῖον
507 2119 610 2158 θέλημα
624 2121 770 2149 συνιστιῗη-

0 2191 5 2205 ,
36 2166 117 2197 ἀλλὰ
142 2165 172 2196 τὸ
193 2167 269 2205 κοινῇ
284 2165 416 2206 συμφέρον
441 2167 612 2199 σκοποῦντος.
631 2165 718 2195 Εἰωθε
742 2164 769 2194 δὲ

0 2225 36 2243 το
52 2215 146 2241 ποιεῖν
171 2212 184 2239 ὃ
205 2211 326 2246 Παῦλος,
347 2209 408 2240 ἔνθα
433 2209 471 2249 μὴ
498 2208 600 2250 σφόδρα
627 2210 769 2250 ἀναγκαῖον

2 2272 12 2288 ι
34 2258 67 2287 τὸ
86 2255 252 2285 ἀντιτείνειν.
272 2255 307 2285 Τί
321 2255 374 2295 γὰρ
389 2255 491 2295 Παύλῳ
501 2257 645 2293 ἀναγκαῖον
660 2254 691 2284 τὸ
704 2255 770 2284 ἀνθ-

0 2305 94 2333 κσθαι
104 2323 112 2337 ,
124 2299 172 2330 καὶ
187 2299 296 2336 πείθειν,
307 2299 347 2329 ὅτι
360 2301 432 2330 Θεοῦ
445 2300 512 2329 εἰσιν
523 2299 627 2328 ἐντολαὶ
647 2299 665 2329 ἃ
678 2298 750 2338 λέγει
761 2320 770 2336 ,

27 2349 125 2376 ταῦτα
141 2345 207 2385 πρὸς
225 2344 346 2383 μαθητὰς
362 2345 443 2375 αὐτοῦ
456 2344 572 2383 λέγοντι,
600 2343 646 2374 καὶ
663 2344 771 2383 [ταῦτα]

0 2393 66 2423 ὄντι
84 2391 128 2420 ὃτι
142 2391 156 2418 ὁ
167 2389 345 2428 πνευματικὸς
357 2389 534 2429 ἐπιγνώσεται
549 2391 648 2426 ταῦτα,
663 2388 703 2418 ὅτι
715 2389 771 2418 θεῖά

0 2450 26 2474 .;
54 2435 196 2476 πρόδηλον
220 2433 285 2474 γὰρ,
312 2434 353 2464 ὅτι
377 2436 472 2468 πάντες
501 2433 533 2462 ἂν
560 2434 709 2474 ἐπέδραμον
734 2434 771 2473 τῷ

0 2487 45 2512 εἶν
65 2479 140 2511 αὐτὰ
156 2483 224 2518 θεῖα,
240 2478 285 2509 ἵνα
299 2479 394 2514 δόξωσι
405 2478 590 2518 πνευματικοί.

0 2585 17 2603 α
47 2571 161 2610 ⁷Ωστε,
176 2569 286 2610 ἀδελφοί
308 2582 378 2609 μου,
397 2571 507 2606 ζηλοῦτε
530 2569 561 2599 τὸ
575 2568 770 2610 προφητεύειν,

18 2617 59 2646 τὸ
74 2617 169 2646 λαλεῖν
188 2615 322 2656 γλώσσαις
336 2614 376 2656 μὴ
392 2615 518 2646 κωλύετε.
534 2625 549 2643 ι)
567 2615 637 2655 Περὶ
650 2615 702 2643 τῶν
719 2625 770 2654 χα-

0 2662 110 2703 μάτων
138 2661 301 2701 διαλεχθεὶς,
331 2655 390 2690 εἶτα
422 2658 588 2700 παρενέϐαλε
616 2659 696 2698 μέσον
724 2658 770 2688 τὸν

0 2759 7 2770 ι
24 2752 106 2781 Gen.
124 2758 174 2785 III,
193 2754 236 2779 16.

826 1543 937 1575 oportet
955 1547 1003 1568 vos
1018 1538 1052 1567 ab
1064 1539 1123 1567 aliis
1134 1542 1243 1575 recepta
1257 1539 1378 1576 recipere
1392 1542 1403 1568 ἱ)
1425 1541 1521 1576 Neque
1536 1540 1619 1576 igitur

824 1592 872 1612 vos
895 1584 975 1620 primi
998 1584 1064 1612 estis
1088 1583 1197 1620 ﬁdeles,
1220 1591 1310 1620 neque
1340 1584 1399 1612 soli.
1428 1586 1498 1620 Quae
1526 1585 1621 1621 itaque

825 1628 953 1658 universo
967 1629 1077 1665 placent
1089 1628 1161 1663 orbi,
1176 1636 1224 1657 vos
1237 1628 1324 1657 etiam
1338 1637 1432 1658 amare
1446 1633 1568 1666 oportet.

859 1720 951 1748 Vsns.
966 1723 1011 1748 37.
1029 1730 1042 1744 ι
1058 1719 1162 1755 Siquis
1172 1719 1279 1748 videtur
1293 1719 1424 1756 propheta
1438 1727 1498 1748 esse
1508 1724 1557 1748 aut
1567 1720 1621 1756 spi-

823 1764 941 1798 ritualis,
955 1768 1085 1800 agnoscat
1110 1771 1173 1800 quae
1187 1764 1278 1792 scribo
1303 1764 1388 1798 vobis,
1410 1763 1486 1800 quod
1507 1765 1619 1793 Domini

824 1813 888 1837 sunt
899 1808 1039 1837 mandata.
1058 1819 1070 1833 ιι
1081 1808 1161 1844 Quod
1175 1809 1299 1836 omnium
1310 1813 1351 1836 est
1361 1808 1557 1843 fortissimum,
1573 1817 1623 1846 po-

824 1857 927 1882 stremo
937 1853 998 1881 loco
1010 1853 1110 1888 posuit,
1124 1854 1209 1886 Deus,
1221 1853 1359 1888 inquiens,
1372 1853 1431 1881 haec
1440 1853 1559 1888 imperat
1571 1861 1622 1889 per

824 1906 870 1926 me
885 1907 892 1926 :
907 1902 988 1934 atque
1001 1897 1055 1925 hoc
1069 1897 1182 1925 omnino
1196 1901 1354 1933 cognoscet,
1370 1897 1418 1933 qui
1439 1897 1512 1925 visus
1535 1897 1621 1926 fuerit

823 1943 896 1979 apud
905 1950 954 1971 vos
963 1950 1022 1970 esse
1033 1941 1175 1979 propheta,
1189 1941 1230 1969 vel
1244 1940 1319 1969 aliud
1327 1941 1468 1978 quoddam
1479 1941 1619 1978 spiritualc

824 1987 927 2016 donum
948 1987 1056 2021 habeat,
1070 1986 1123 2015 hoc
1145 1991 1188 2015 est
1200 1986 1331 2015 scientiae.

860 2034 948 2061 Vsns.
958 2035 1002 2060 38.
1017 2041 1031 2058 α
1041 2032 1069 2060 Si
1079 2035 1170 2060 autem
1180 2032 1240 2068 quis
1250 2031 1368 2067 ignorat,
1393 2032 1507 2068 ignoret.
1523 2043 1536 2057 ι
1559 2034 1620 2061 Hoc

823 2082 875 2111 cst,
890 2079 948 2114 Ego
963 2077 1039 2106 dixi:
1055 2077 1100 2113 qui
1123 2077 1189 2112 vult,
1207 2077 1388 2112 obtemperet.
1418 2077 1462 2105 Sic
1487 2085 1551 2106 vero
1575 2077 1618 2106 lo-

824 2122 869 2159 qui
883 2122 1004 2151 hominis
1027 2126 1070 2151 est
1096 2129 1145 2150 sua
1159 2130 1215 2150 non
1226 2122 1457 2154 commendantis,
1484 2122 1534 2150 sed
1557 2131 1616 2152 rem

824 2167 958 2204 publicam
980 2166 1137 2202 spectantis.
1158 2166 1306 2195 Consuevit
1329 2171 1422 2194 autem
1449 2167 1550 2195 Paulus
1564 2167 1618 2196 hoc

825 2212 923 2247 facere,
938 2212 984 2240 ubi
995 2220 1052 2240 non
1063 2211 1212 2240 admodum
1226 2212 1408 2240 necessarium
1422 2216 1464 2239 est
1478 2219 1617 2248 opponere

824 2257 1002 2293 secuiquam.
1031 2256 1104 2292 Quid
1117 2256 1191 2284 enim
1216 2256 1300 2284 Paulo
1321 2257 1506 2284 necessarium
1536 2257 1617 2285 reniti

824 2302 899 2336 aliis,
912 2306 992 2338 atque
1002 2301 1166 2338 persuadere
1173 2301 1249 2335 velle,
1263 2301 1337 2336 quod
1351 2301 1402 2329 Dei
1416 2301 1471 2329 sint
1482 2301 1615 2330 mandata

826 2355 887 2384 quae
900 2346 982 2380 dicat,
996 2346 1078 2382 idque
1092 2353 1157 2374 cum
1171 2345 1206 2374 ad
1229 2345 1379 2381 discipulos
1396 2353 1462 2374 suos
1479 2346 1617 2382 loquatur,

825 2396 853 2420 et
863 2391 937 2420 dicat
953 2391 1122 2427 spiritualem
1137 2390 1281 2419 hominem
1290 2390 1449 2426 agniturum
1463 2391 1539 2427 quod
1559 2392 1618 2420 haec

825 2437 916 2465 divina
931 2437 1006 2465 sint?
1017 2436 1192 2472 perspicuum
1206 2435 1280 2464 enim
1294 2440 1335 2464 est
1349 2443 1446 2463 omnes
1459 2444 1619 2464 assensuros

825 2490 889 2510 eum
907 2481 998 2510 divina
1022 2489 1054 2509 ac
1068 2481 1190 2510 coelestia
1213 2481 1300 2517 loqui,
1314 2488 1371 2517 quo
1386 2481 1536 2517 spirituales
1554 2489 1616 2510 esse

824 2527 977 2555 videantur.

860 2573 947 2600 Vens.
960 2574 1008 2600 39.
1028 2582 1041 2595 ι
1056 2571 1164 2607 Itaque,
1178 2569 1278 2599 fratres
1291 2570 1357 2605 mei,
1372 2570 1543 2599 aemulamini
1557 2579 1620 2606 pro-

825 2617 948 2654 phetare,
963 2621 991 2644 et
1007 2616 1109 2652 linguis
1123 2615 1198 2652 loqui
1217 2623 1253 2643 ne
1269 2615 1448 2651 prohibeatis.
1471 2627 1483 2641 ι
1509 2615 1564 2644 Ubi
1586 2615 1620 2643 de

824 2661 1038 2691 charismatibus
1046 2661 1221 2697 disputasset,
1234 2668 1398 2689 sermonem
1409 2659 1444 2689 de
1457 2659 1618 2688 mulieribus

671 2789 768 2820 Variae
791 2788 941 2820 lectiones.

0 2849 13 2864 τ’
38 2845 117 2876 ἰδίους
132 2853 160 2873 ο.
199 2845 221 2861 ⁴⁰
237 2844 333 2880 μάθωσι
347 2852 374 2872 ο.
412 2843 431 2860 ⁸³
449 2842 498 2879 χρὴ
513 2852 540 2872 0.
