1867 3081
278 174 325 200 751

275 234 303 262 in
317 233 443 263 medium
464 233 569 262 inserit.
596 234 678 261 Nunc
694 237 788 262 autem
814 242 910 262 rursus
930 233 964 263 de
987 233 1072 262 chari-
1084 235 1113 267 Α

276 278 412 307 smatibus
448 277 570 312 disserit,
610 278 715 314 primas
752 278 905 314 prophetiae
938 278 1073 312 tribuens,

279 334 293 349 ι(
320 322 509 356 Ᾰξιιιιιίοιῃίιιί,
537 332 552 350 »
569 322 712 359 inquiens:
728 323 863 352 secundas
877 330 942 351 vero
964 323 1072 360 linguis.

277 368 361 404 Atqui
371 376 428 396 non
442 368 522 401 dixit,
537 368 693 396 Permittite
707 368 795 404 loqui,
811 367 869 402 sed,
891 379 903 392 α
919 369 960 396 Ne
979 368 1073 404 prohi-

277 413 341 441 bete
364 422 372 440 :
394 424 408 438 ιο
435 412 510 449 quod
529 412 620 441 dicere
643 412 765 441 solemus
791 413 820 440 in
842 413 924 441 rebus
945 420 1000 441 non
1024 420 1074 441 ne-

277 457 414 493 cessariis,
443 464 534 494 neque
562 457 749 493 adhortantes,
772 465 860 494 neque
886 457 1071 486 dehortantes.

275 549 280 565 ’
310 548 403 576 Vsus.
415 550 460 575 40.
474 557 490 574 ‹‹
502 547 605 575 Omnia
620 547 719 576 decore
731 554 763 575 ac
777 546 931 576 secundum
946 546 1073 576 ordinem

277 592 355 621 fiant.
373 603 387 617 ιι
401 592 493 620 Veluti
508 592 537 620 in
550 600 658 620 summa
676 591 721 620 hic
735 592 826 620 omnia
839 591 960 629 corrigit,
971 596 999 620 et
1011 599 1073 628 quin

276 637 312 665 ad
327 644 375 665 eos
386 637 431 673 qui
452 636 551 673 linguis
566 637 727 673 loquuntur,
741 641 770 664 et
783 644 846 673 quae
859 636 894 665 ad
905 637 1035 665 mulieres
1045 636 1073 664 in

277 681 391 710 ecclesia
414 682 558 717 loquentes
572 681 655 717 215
681 681 818 717 pertinent
834 691 840 709 :
867 689 899 709 ac
912 681 1074 717 simpliciter

278 727 383 761 omnia,
393 734 455 763 quae
464 726 535 762 apud
545 726 604 754 illos
611 726 685 754 haud
691 726 767 762 justo
778 726 872 754 ordine
879 727 957 754 ﬁunt.
968 728 1073 754 Decore

279 777 374 800 autem
388 775 416 800 et
429 771 526 799 ordine
540 771 601 799 ﬁeri
615 775 726 807 queant,
740 771 762 799 si
788 771 806 799 ii
830 771 875 807 qui
903 771 1002 807 linguis
1031 771 1072 799 lo-

277 820 401 853 quuntur
414 823 478 844 cum
496 816 720 852 interpretatione
739 816 898 853 loquantur,
913 820 940 844 et
954 824 1012 844 non
1025 823 1072 844 ve-

277 861 327 889 luti
340 860 520 895 insanientes,
538 860 561 889 si
578 861 721 897 prophetae
745 860 798 890 sibi
820 865 918 889 mutuo
932 860 1040 895 cedant,
1049 860 1069 889 si

1129 864 1210 903 φῆται
1248 861 1373 899 ἀλλήλοις
1413 863 1621 903 παραχωροῦσιν
1635 884 1644 901 ,
1678 862 1699 891 εἶ
1734 862 1758 891 αἱ
1783 863 1848 900 γννώε

277 905 387 934 feminae
398 905 593 934 conticescant.

574 973 696 1002 CAPUT
714 973 777 1002 XV.

310 1043 401 1070 Vsus.
418 1043 443 1069 1.
465 1052 478 1065 «ι
508 1041 613 1068 Notum
639 1044 732 1068 autem
756 1039 828 1068 facio
860 1039 939 1068 vobis
965 1039 1072 1075 fratres,

277 1085 456 1121 Evangelium
475 1084 550 1120 quod
562 1083 705 1120 praedicavi
727 1084 816 1112 vobis.
833 1096 846 1109 ι
862 1085 1027 1113 Sermonem
1039 1085 1073 1113 de

276 1129 478 1158 resurrectione
505 1129 675 1165 aggreditur,
710 1129 758 1165 qui
791 1133 875 1165 caput
896 1133 938 1157 est
972 1133 1073 1158 nostra:

276 1175 351 1203 ﬁdei.
375 1175 404 1202 Si
419 1174 492 1202 enim
506 1182 562 1202 non
579 1177 620 1202 est
643 1173 822 1208 resurrectio,
838 1182 925 1210 neque
947 1173 1073 1202 Christus

276 1220 408 1248 excitatus
420 1223 472 1247 est.
488 1218 571 1255 Quod
589 1219 613 1246 si
628 1226 687 1247 non
701 1222 743 1247 est
759 1219 905 1252 excitatus,
920 1227 1009 1255 neque
1029 1219 1071 1246 in-

276 1269 405 1293 carnatus
418 1268 460 1292 est
475 1272 482 1291 :
498 1263 671 1300 efﬁciturque
687 1263 738 1291 hac
758 1263 877 1297 ratione,
893 1268 924 1292 ut
945 1264 1071 1292 universa

275 1308 343 1338 ﬁdes
355 1313 448 1337 nostra
462 1312 617 1337 evanescat.
633 1308 773 1343 Quoniam
801 1309 887 1344 igitur
910 1309 1072 1336 resurrectio

274 1353 349 1390 apud
373 1353 529 1382 Corinthios
557 1353 594 1381 ita
632 1353 804 1381 claudicabat
826 1353 902 1390 (nam
937 1353 1071 1389 sapientes

273 1403 385 1426 externa
410 1398 543 1434 sapientia
571 1397 650 1433 clari,
672 1398 767 1425 omnia
783 1398 965 1433 suscepissent
979 1398 1071 1433 potius

273 1451 356 1479 quam
377 1442 630 1476 resurrectionem),
659 1441 694 1469 de
718 1441 771 1469 hoc
795 1441 937 1470 contendit
960 1442 1068 1470 Paulus.

274 1487 484 1523 Sapientissime
501 1493 566 1514 vero
589 1486 656 1521 ipsis
675 1486 703 1513 in
719 1486 884 1514 memoriam
910 1491 1020 1514 revocat
1038 1494 1070 1514 ea
1089 1516 1110 1527 ﬂ

275 1517 338 1567 qua:
354 1532 412 1568 jam
426 1536 506 1559 antea
522 1517 634 1558 illoru-m
647 1529 709 1558 ﬁdei
726 1531 876 1558 commissa
895 1535 983 1558 erant.
996 1531 1069 1559 Nihil
1088 1517 1110 1547 θ

274 1575 351 1603 enim
378 1582 493 1608 novum,
514 1574 613 1610 inquit,
639 1573 715 1601 vobis
739 1574 811 1609 dico,
834 1575 879 1603 sed
907 1575 983 1611 quod
1012 1575 1071 1612 jam

275 1623 357 1648 antea
369 1619 446 1646 vobis
458 1618 611 1654 cognitum,
630 1618 763 1646 oblivioni
774 1626 840 1646 vero
850 1619 984 1647 traditum
1002 1624 1070 1653 erat,

274 1663 349 1691 istud
369 1663 444 1691 vobis
466 1667 566 1690 notum
586 1661 670 1696 facio,
702 1662 754 1691 hoc
780 1667 823 1691 est
845 1663 880 1691 ad
904 1664 1070 1692 memoriam

273 1708 350 1736 vobis
362 1715 471 1736 revoco.
494 1708 603 1736 Fratres
618 1711 709 1735 autem
733 1715 779 1736 eos
794 1708 945 1744 appellans,
972 1709 1071 1744 partim

274 1752 398 1789 placavit,
410 1752 510 1789 partim
525 1752 553 1779 in
573 1752 736 1780 memoriam
749 1756 862 1780 revocat
883 1752 957 1781 unde
972 1753 1072 1782 fratres

272 1797 334 1826 facti
348 1798 447 1831 simus,
465 1797 597 1825 nimirum
616 1801 678 1825 tum
698 1797 733 1825 ab
746 1797 878 1825 iucarnati
897 1798 999 1826 Christi
1021 1798 1071 1826 ad-

272 1847 365 1877 ventu,
379 1843 459 1879 cujus
472 1842 541 1870 ﬁdes
567 1843 594 1870 in
622 1842 774 1877 periculum
789 1842 989 1876 adducebatur,
1011 1847 1071 1871 tum

273 1897 289 1918 a
314 1888 491 1925 baptismate,
521 1887 599 1923 quod
629 1887 777 1924 sepulturae
805 1892 834 1915 et
864 1888 1072 1916 resurrectionis

272 1933 384 1961 Domini
397 1937 478 1969 typus
492 1935 543 1960 est.
567 1933 745 1968 Evangelium
758 1935 850 1959 autem
876 1931 981 1966 dicens,
992 1933 1071 1960 innu-

273 1985 415 2006 mererum
435 1977 575 2004 bonorum
598 1977 736 2009 meminit,
756 1976 853 2012 quibus
879 1985 929 2012 per
941 1977 1071 2005 incarnati

275 2022 379 2051 Christi
390 2022 542 2049 adventum
555 2025 583 2048 et
595 2020 825 2048 resurrectionem
848 2021 928 2056 potiti
947 2029 1053 2049 sumus.

314 2075 328 2092 ι(
342 2065 424 2100 Quod
439 2069 466 2093 et
487 2065 668 2100 accepistis.»
692 2066 752 2092 Non
773 2065 851 2099 dixit,
875 2065 949 2101 quod
969 2066 1074 2094 audivi-

274 2111 335 2144 stis,
352 2110 399 2138 sed
422 2118 428 2137 :
453 2119 467 2135 «
483 2110 564 2144 Quod
582 2110 737 2146 accepistis;
757 2120 771 2136 »
789 2118 845 2137 non
857 2111 930 2137 enim
946 2118 1072 2139 sermone

274 2159 393 2188 tantum,
413 2154 462 2182 sed
479 2162 527 2189 per
541 2162 624 2190 opera
645 2158 673 2182 et
688 2154 820 2182 miracula
834 2155 1011 2190 Evangelium
1025 2163 1072 2183 ac-

274 2203 420 2236 ceperant;
433 2203 460 2227 et
468 2199 552 2227 simul
564 2203 595 2226 ut
610 2199 649 2227 eis
669 2199 833 2235 persuadeat
848 2204 878 2228 ut
886 2199 940 2228 hoc
952 2207 1004 2228 ceu
1020 2199 1068 2228 de-
1082 2205 1108 2236 Ι)

274 2247 395 2283 positum
415 2245 564 2274 retineant.

311 2303 324 2316 ιι
348 2293 379 2319 In
403 2299 458 2328 quo
482 2295 511 2319 et
536 2291 624 2325 statis,
650 2299 698 2327 per
726 2291 801 2328 quod
824 2295 851 2320 et
879 2292 1031 2321 salvamini.
1054 2303 1068 2319 »

275 2336 390 2364 Etiamsi
404 2336 530 2363 concussi
551 2336 678 2364 nonnihil
695 2340 799 2371 essent,
817 2340 890 2366 stare
904 2341 998 2365 tamen
1023 2345 1070 2366 eos

275 2381 373 2409 asserit
385 2380 414 2408 in
433 2380 496 2415 hoc,
509 2380 624 2409 libenter
635 2381 772 2409 simulans
787 2389 817 2409 se
840 2381 977 2418 ignorare,
989 2387 1070 2418 atque

274 2428 451 2453 antevertens
465 2433 524 2459 eos,
547 2429 588 2460 ut,
605 2425 714 2453 etiamsi
729 2426 850 2453 maxime
863 2426 958 2461 velint,
969 2434 1070 2463 negare

273 2473 366 2498 tamen
388 2469 461 2498 haud
483 2470 600 2505 possint.
616 2469 687 2505 Quid
709 2474 802 2497 autem
822 2470 890 2498 lucri
913 2471 976 2505 erit,
991 2471 1014 2498 si
1041 2471 1069 2497 in

274 2515 328 2543 isto
341 2515 483 2549 steteritis,
498 2514 641 2548 nimirum,
657 2518 687 2542 ut
700 2514 850 2542 salvemini.

307 2561 400 2589 Vsus.
418 2563 445 2588 2.
467 2571 480 2584 α
507 2561 567 2596 Qua
588 2559 696 2587 ratione
720 2558 926 2595 praedicaverim
949 2560 1036 2589 vobis.
1051 2571 1064 2588 n

272 2606 354 2642 Quod
367 2606 416 2639 ait,
442 2604 600 2641 hujusmodi
615 2604 746 2640 quiddam
768 2609 809 2633 est
830 2613 838 2633 :
868 2607 910 2633 De
924 2605 977 2634 hoc
993 2606 1068 2642 quod

273 2650 439 2680 resurrectio
461 2650 508 2684 sit,
528 2649 595 2677 nihil
609 2649 687 2678 vobis
701 2649 793 2678 indico
809 2658 817 2678 :
844 2650 1067 2686 quandoquidem

274 2696 325 2725 hac
346 2696 376 2724 in
389 2703 420 2724 re
430 2703 488 2724 non
501 2695 584 2723 eratis
598 2695 733 2724 concussi.
749 2695 840 2732 Hujus
849 2699 941 2724 autem
952 2694 1069 2724 fortasse

787 172 1042 200 THEOPHYLACTI
1060 171 1239 199 BULGARUE
1257 172 1414 200 ARCHIEP.

1824 177 1846 203 71‘.

1127 234 1188 274 περὶ
1211 236 1263 264 τῶν
1286 236 1417 273 γυναικῶν
1438 234 1515 273 λόγον
1528 247 1536 254 ο
1562 237 1605 264 νῦν
1630 230 1673 264 οὖν
1687 235 1758 265 πάλιν
1774 221 1852 276 πιρὶτὲιί

1128 278 1305 319 χαρισμάτων
1333 279 1421 320 λέγει,
1445 279 1492 309 καὶ
1575 279 1719 320 προφητείᾳ
1738 279 1767 309 τὰ
1783 283 1846 321 ipsi:

1130 323 1252 360 δίδωσιν,
1268 323 1365 353 εἰπών·
1384 337 1396 350 ι
1420 325 1556 358 Ζηλοῧτε·
1572 336 1588 352 ν
1604 324 1662 357 ταῖς
1687 323 1712 353 δὲ
1725 324 1847 363 ﬁdem

1130 369 1273 408 δευτερεῖα.
1289 369 1348 398 Οὖκ
1372 363 1430 398 εἶπε
1451 367 1493 406 δὲ,
1508 367 1686 408 Ἐπιτρέπετε
1703 369 1788 406 λαλεῖν,
1806 370 1846 402 ibi,

1133 423 1149 442 (ι
1169 413 1216 448 Μὴ
1233 412 1348 442 κωλύετε
1360 425 1366 431 -
1385 426 1398 440 ι
1420 413 1485 453 ὅπερ
1504 412 1636 451 εἰώθαμεν
1659 413 1735 452 λέγειν
1748 413 1846 451 irini”;

1129 457 1298 497 ἀναγκαίων,
1337 457 1405 496 μήτε
1454 458 1662 499 προτρέποντες,
1693 457 1753 497 μήτε

1128 513 1231 536 ποντες.

1173 558 1188 576 (ι
1209 547 1305 577 Πάντα
1328 546 1500 588 εὐσχημόνως
1524 546 1570 577 καὶ
1584 547 1654 578 κατὰ
1675 547 1740 582 τάξιν
1752 547 1846 587 γινέσθω.)

1128 591 1179 626 Ὡς
1202 594 1229 622 ἐν
1247 592 1385 633 κεφαλαίῳ
1409 593 1444 622 τὰ
1467 592 1556 622 πάντα
1582 593 1740 632 διορθοῦται,
1758 592 1846 621 τάτεὼ

1128 636 1262 676 γλώσσαις
1275 637 1437 672 λαλούντων,
1453 636 1488 666 τά
1512 649 1541 666 τε
1561 639 1615 667 τῶν
1629 638 1756 667 λαλουοῶν
1769 637 1788 665 ἔν
1799 638 1846 671 En}:-

1128 682 1174 722 σίᾳ
1190 684 1322 722 γυναικῶν
1333 694 1340 701 ·
1354 683 1400 712 καὶ
1415 682 1521 718 ἅπλῶς,
1538 682 1628 711 πάντα
1649 682 1682 712 τὰ
1695 683 1750 722 παρ’
1763 682 1821 715 cirri;
1831 695 1846 718 μγ

1127 727 1197 757 κατὰ
1222 726 1294 761 τάξιν
1310 727 1446 767 γινόμενα.
1473 726 1660 767 Εὖσχημόνως
1674 727 1698 756 δ’
1711 726 1740 755 ἂν
1751 726 1847 765 γένοιτυιι

1127 771 1197 802 κατὰ
1220 771 1312 811 τάξιν,
1337 773 1360 801 εἰ
1385 772 1408 802 οἱ
1434 770 1569 810 γλώσσαις
1593 773 1732 805 λαλοῦντες
1752 771 1795 810 μεθ’
1804 771 1848 809 ita»:

1127 817 1198 852 νείας
1206 816 1233 836 ¹²
1248 818 1377 854 λαλοῦσι,
1396 816 1443 846 καὶ
1467 816 1504 855 μὴ
1526 818 1561 850 ὣς
1584 816 1746 856 μαινόμενοι·
1759 817 1778 845 εἰ
1790 816 1805 844 οἷ
1818 827 1848 853 πρι-

1124 908 1229 947 σιγῶσι.

1405 970 1552 1001 ΚΕΦΑΛ.
1581 970 1643 1000 IE’.

1165 1047 1181 1067 α
1205 1037 1330 1078 Γνωρίζω
1360 1036 1388 1066 δὲ
1419 1037 1491 1076 ὑμῖν,
1516 1036 1640 1078 ἀδελφοὶ,
1661 1036 1691 1066 τὸ
1716 1035 1848 1075 Εὖαγγίλισιὶ

1124 1083 1339 1122 εὐηγγελισάμην
1364 1083 1437 1120 ὕμίν.
1455 1095 1467 1108 ι
1488 1082 1536 1116 Εἰς
1549 1081 1594 1111 τὸν
1608 1082 1672 1122 περὶ
1686 1083 1734 1118 Δτ’ἧς
1745 1080 1834 1110 iunias

1122 1128 1199 1168 λόγον
1222 1127 1361 1157 εἰσϐάλλει
1373 1139 1380 1145 ·
1394 1125 1423 1160 ὅς
1438 1127 1493 1156 ἐστι
1507 1127 1536 1156 τὸ
1560 1127 1706 1167 κεφάλαιον
1726 1127 1766 1161 τῆς
1779 1124 1833 1162 ituri

1122 1173 1246 1206 πίστεως.
1275 1173 1309 1202 Ei
1332 1172 1383 1211 γὰρ
1402 1172 1450 1201 οὐκ
1472 1171 1543 1201 ἔστιν
1568 1172 1728 1208 ἀνάστασις,
1747 1170 1847 1200 οὐδὲδῶ

1123 1218 1182 1252 στὸς
1205 1216 1325 1257 ἠγέρθη·
1352 1217 1374 1245 εἶ
1400 1215 1428 1246 δὲ
1454 1217 1503 1246 οὐκ
1526 1215 1648 1256 ἠγέρθη,
1677 1216 1732 1246 οὐδὲ
1758 1212 1843 1258 Erupit;

1122 1262 1168 1292 καὶ
1191 1261 1274 1295 οὕτως
1296 1260 1399 1302 οἴχεται
1423 1263 1440 1297 ἡ
1455 1266 1532 1291 πᾶσα
1556 1263 1637 1300 ἡμῶν
1661 1259 1846 1294 πίστις.Ἒηὶά

1122 1307 1204 1341 οὕτως
1227 1306 1344 1347 ἐχώλευε
1369 1305 1444 1346 παρὰ
1474 1310 1528 1339 τοῖς
1555 1306 1704 1345 Κορινθίοις
1730 1305 1763 1345 (οί
1783 1301 1846 1343 γὰρῆ

1122 1351 1198 1392 σοφοὶ
1225 1351 1314 1380 πάντα
1349 1350 1382 1380 ἂν
1410 1350 1583 1384 κατεδέξαντο
1609 1349 1630 1386 ἢ
1660 1351 1707 1386 τὴν
1736 1348 1846 1382 ἀνάστατοι

1123 1395 1184 1434 περὶ
1201 1395 1295 1425 τούτου
1319 1395 1477 1434 ἀγωνίζεται
1496 1396 1612 1429 Παῦλος.
1638 1393 1775 1435 Σοφώτατα
1786 1393 1805 1421 δὲ
1820 1393 1846 1420 ἆ*

1123 1440 1270 1478 μιμνήσκει
1300 1439 1394 1475 αὐτοὺς
1424 1441 1476 1469 τῶν
1513 1440 1565 1476 ἤδη
1598 1441 1689 1474 αὐτοῖς
1715 1437 1845 1468 morth

1123 1484 1208 1515 Οὐδὲν
1232 1485 1284 1525 γὰρ
1311 1484 1391 1522 ξένον,
1409 1485 1485 1525 φησὶ,
1508 1485 1580 1524 λέγω
1607 1486 1690 1523 ὑμῖν·
1717 1483 1777 1514 ἀλλὰ
1796 1480 1845 1514 iiii

1124 1530 1267 1570 γνωρισθὲν
1289 1532 1367 1568 ὗμῑν,
1386 1529 1511 1560 διαλαθὸν
1527 1529 1567 1567 δὲ,
1594 1532 1674 1560 τοῦτο
1695 1529 1805 1570 γνωρίζω,
1818 1535 1846 1553 ηπ

1126 1568 1209 1614 ἐστιν,
1236 1574 1481 1614 ἐπαναμιμνήσκω.
1499 1574 1638 1615 Ἀδελφοὺς
1661 1575 1688 1604 δὲ
1704 1568 1786 1606 αὐτοὺς

1126 1631 1191 1656 σας,
1209 1619 1266 1658 ἅμα
1281 1618 1329 1657 μὲν
1346 1619 1538 1660 κατεπράϋνεν,
1556 1619 1614 1658 ἅμα
1642 1619 1669 1649 δὲ
1686 1619 1815 1658 ἀνέμνησεν,

1126 1664 1234 1704 ἀδελφοὶ
1257 1663 1418 1703 γεγόναμεν,
1443 1664 1489 1693 καὶ
1513 1663 1553 1693 ὅτι
1575 1663 1630 1693 ἀπὸ
1645 1666 1692 1700 ἧς
1710 1663 1812 1702 ἐνσάρκω
1822 1659 1847 1706 Χῖ

1126 1711 1189 1737 στοῢ
1217 1709 1364 1748 παρουσίας
1389 1709 1443 1745 ἣ¹¹³
1471 1708 1616 1738 κινδυνεύει
1652 1710 1817 1745 ἀπιστηθῆναν

1125 1753 1166 1782 ὅτι
1181 1753 1234 1782 ἀπὸ
1247 1756 1292 1783 τοῦ
1310 1753 1514 1794 βαπτίσματος,
1529 1752 1544 1783 ὃ
1567 1755 1615 1790 τῆς
1635 1755 1720 1794 ταφῆς
1733 1752 1772 1782 καὶ
1783 1749 1830 1784 Titi

1126 1797 1243 1831 στάσεως
1257 1801 1303 1828 τοῦ
1321 1799 1420 1838 Κυρίου
1437 1798 1494 1828 ἐστὶ
1517 1797 1610 1833 τύπος.
1631 1798 1686 1828 Καὶ
1704 1795 1828 1836 Εὗαγγίλιυτ

1126 1842 1224 1880 εἰπὼν,
1238 1844 1290 1872 τῶν
1314 1843 1414 1884 μυρίων
1429 1844 1535 1881 ἀγαθῶν
1562 1843 1710 1881 ἀνέμνησεν
1721 1865 1728 1879 ,
1742 1838 1773 1872 ὧν

1126 1898 1210 1926 σαμεν
1230 1887 1274 1918 διὰ
1295 1889 1342 1924 τῆς
1361 1887 1488 1928 ἐνσάρκου
1505 1888 1653 1928 παρουσίας
1668 1888 1712 1918 καὶ
1733 1889 1773 1923 τῆς
1789 1885 1836 1914 imi

1127 1944 1201 1966 σεως.

1822 1574 1852 1681 ἓ]

1829 2037 1852 2177 γ

1791 1853 1810 1868 ατ

1172 2076 1187 2095 ι(
1207 2065 1245 2095 ⁸0
1259 2065 1304 2094 καὶ
1318 2065 1493 2106 παρελάϐετε.
1511 2079 1524 2092 υ
1545 2065 1604 2096 Οὖκ
1619 2061 1694 2096 εἶπεν
1704 2089 1712 2104 ,
1725 2064 1760 2095 ⁸0
1770 2061 1826 2099 vix“

1128 2109 1200 2147 ἀλλ’,
1214 2123 1227 2135 α
1241 2108 1280 2141 ⁸0
1294 2104 1470 2149 παρελάϐετε.
1491 2123 1507 2140 r
1528 2111 1570 2141 Οὖ
1585 2110 1658 2151 λόγῳ
1679 2109 1728 2150 γὰρ
1745 2108 1812 2147 μόνον,
1822 2104 1843 2131 ὖ]

1126 2155 1172 2185 καὶ
1194 2155 1228 2184 δι’
1254 2154 1337 2195 ἔργων
1359 2154 1406 2185 καὶ
1422 2155 1566 2194 θαυμάτων
1591 2155 1658 2185 αὐτὸ
1681 2151 1821 2194 παρέλαϐον·

1126 2200 1183 2239 ἅμα
1201 2198 1248 2228 ἵνα
1270 2194 1352 2240 πείσῃ
1374 2199 1468 2234 αὖτοὺς
1490 2201 1526 2234 ὡς
1547 2199 1770 2240 παρακαταθήκην

1127 2244 1201 2276 αὖτό.

1171 2301 1187 2319 α
1208 2289 1255 2320 Ἐν
1271 2284 1293 2329 ᾧ
1307 2288 1354 2318 καὶ
1364 2289 1492 2325 ἑστήκατε
1501 2311 1509 2327 ,
1524 2291 1559 2319 δι’
1573 2285 1604 2319 οἶ
1618 2290 1664 2320 καὶ
1676 2289 1787 2323 σώζεσθε,
1797 2297 1808 2312 ι
1820 2283 1852 2329 δὴ

1125 2346 1166 2364 τοι
1192 2325 1400 2372 σαλευομένους,
1426 2325 1504 2373 ὅμως
1524 2334 1634 2364 ἑστάναι
1663 2335 1691 2364 ἐν
1714 2332 1787 2371 τούτῳ
1805 2325 1845 2373 φφ

1127 2379 1193 2408 ἑκὼν
1211 2379 1434 2418 προσποιούμενος
1456 2379 1571 2417 ἀγνοεῖν,
1589 2380 1636 2408 καὶ
1653 2372 1852 2419 προχαταλαμεέῇ

1126 2417 1237 2457 αὖτούςί
1249 2422 1294 2452 ἵνα
1312 2422 1389 2461 μηδὲ,
1412 2425 1435 2453 εἰ
1458 2423 1560 2464 σφόδρα
1580 2417 1738 2463 βουληθεῖεν,
1750 2417 1852 2464 ιίρνήεηξΜ

1125 2467 1265 2497 δύνωνται.
1287 2467 1323 2498 Τί
1337 2467 1366 2497 δὲ
1392 2467 1422 2497 τὸ
1549 2462 1596 2497 tot
1621 2469 1648 2498 ἐν
1669 2466 1750 2506 τούτῳ
1769 2462 1850 2493 imm

1125 2512 1166 2542 Τὸ
1180 2511 1319 2547 σώζεσθαι.

1167 2568 1183 2586 α
1204 2557 1266 2588 Τίνι
1289 2557 1360 2597 λόγῳ
1385 2557 1599 2599 εὐηγγελισάμην
1620 2559 1694 2595 ὑμῖν.
1716 2570 1728 2583 ι
1749 2548 1852 2599 Ἰοιοῖήῆ

1125 2602 1196 2641 λέγει
1206 2613 1214 2620 ·
1236 2601 1304 2642 Περὶ
1396 2604 1442 2632 τοῦ
1458 2597 1525 2632 εἶναι
1541 2603 1699 2638 ἀνάστασιν,
1712 2598 1776 2630 οὐδὲν

1126 2638 1208 2686 ὖμῗνο
1229 2638 1340 2686 καὶγὰρ
1361 2646 1421 2676 οῦδὲ
1443 2647 1655 2687 παρεσαλεύθητε
1670 2647 1696 2675 ἄν
1717 2638 1852 2687 τούτῳ.

1126 2691 1153 2721 δὲ
1167 2691 1230 2725 ἴσως
1251 2692 1337 2721 δεῖσθε
1355 2692 1460 2731 μαθεῖν,
1474 2692 1524 2722 τίνι
1539 2691 1629 2733 τρόπῳ
1642 2691 1752 2730 γίνεσθαι
1765 2687 1801 2721 τὴν
1816 2690 1852 2709 4‘“

967 2783 1065 2812 Variae
1080 2783 1228 2813 lectiones.

306 2827 328 2844 ⁸¹
342 2827 466 2863 ἑρμηνέως
481 2835 507 2856 ο,
547 2826 569 2846 ⁸³
585 2828 614 2861 ἣν
626 2836 654 2855 ο.
