1867 3081
256 162 307 190 747

295 225 384 252 Vnus.
401 225 446 257 30,
459 225 504 251 31.
529 231 542 248 α
554 221 635 256 Quod
649 221 674 250 si
691 221 734 249 alii
747 222 899 251 revelatum
911 222 992 250 fuerit
1010 230 1051 250 se-
1067 226 1094 257 Α

258 267 348 302 denti,
363 267 439 304 prior
448 270 547 295 taceat.
559 266 675 294 Potestis
688 266 764 294 enim
781 267 938 303 singulatim
955 274 1052 295 omnes

262 313 436 350 prophetare,
462 314 495 340 ut
508 318 606 339 omnes
632 310 749 345 discant,
775 315 803 339 et
816 319 913 339 omnes
926 311 1050 339 consola-

260 357 369 386 tionem
382 355 523 392 recipiant.
546 366 560 380 n
574 355 684 383 Bonum
702 354 749 384 hic
763 355 886 384 ordinem
900 360 927 383 et
940 355 1051 383 humili—

259 406 348 430 tatem
372 401 463 430 docet.
479 401 551 428 Cum
571 400 646 428 enim
659 399 703 428 alii
726 399 866 435 inspirarit
877 400 1006 436 Spiritus,
1021 403 1051 427 tu

260 447 308 483 qui
330 445 404 481 prior
426 453 465 479 es,
486 448 555 472 tace.
578 444 606 472 Si
630 444 705 472 enim
724 444 842 479 Spiritus
867 448 895 471 te
921 443 1052 472 voluisset

260 489 347 526 loqui,
361 496 419 517 non
433 488 512 516 illum
526 487 679 516 excitasset.
701 488 808 516 Deinde
824 488 864 516 illi
885 488 1051 516 consolatio-

257 541 322 562 nem
346 533 486 570 praben,
503 544 516 557 ιι
538 533 667 565 Potestis,
690 544 704 557 ν
730 532 833 569 inquit,
859 544 871 556 κ
893 533 1051 569 singulatim

259 586 357 607 omnes
384 577 559 614 prophetare,
586 588 600 601 π
631 577 685 604 hoc
707 581 748 605 est
762 578 802 605 Ne
821 584 951 611 maereas,
974 580 1051 612 potes

257 623 333 652 enim
352 626 383 651 et
395 626 438 657 tu,
454 626 482 650 et
497 622 575 655 alius,
597 625 626 650 et
642 629 737 650 omnes
749 630 799 658 per
810 626 924 658 partem,
940 621 994 650 hoc
1010 625 1052 649 est

260 676 311 704 per
330 667 532 696 successionem
560 665 739 702 prophetare.
762 668 828 694 Non
849 666 924 695 enim
951 666 979 694 in
994 673 1050 694 uno

255 713 317 741 solo
327 711 499 740 concluditur
509 711 624 745 donum,
635 711 682 739 sed
696 711 827 739 omnibus
846 711 936 746 datur,
949 714 982 738 ut
991 711 1050 738 uni-

253 765 332 786 versa
356 757 475 785 Ecclesia
489 755 588 789 discat,
599 759 626 783 et
643 755 859 784 consolationem
873 754 909 784 ad
918 755 1049 784 virtutem

256 801 379 837 recipiat.

291 847 375 882 313
385 847 475 874 Vens.
496 847 539 873 32.
561 854 577 872 α
589 847 626 874 Et
638 844 749 882 spiritus
764 845 961 882 prophetarum
988 852 1049 881 pro-

232 893 234 895 ’
253 890 344 928 phetis
356 890 471 926 subjecti
482 894 556 918 sunt.
580 901 593 915 ι
617 891 677 918 Hoc
697 890 732 918 ad
746 889 960 918 consolationem
975 898 1046 926 quo-

254 943 308 973 que
320 935 390 972 ejus,
402 935 450 972 qui
458 935 639 963 conticescere
647 934 740 971 jussus
752 938 804 969 est,
818 935 949 971 pertinet.
966 935 1048 970 Quod

253 989 318 1010 vero
330 980 407 1014 dicit,
421 983 462 1008 est
475 979 634 1016 hujusmodi
651 988 658 1008 :
673 981 714 1008 Ne
726 979 888 1014 contendas,
904 987 991 1015 neque
1003 987 1048 1008 se-

253 1026 392 1055 ditionem
406 1025 486 1053 cieas.
501 1025 564 1060 Ipse
577 1032 697 1060 namque
709 1024 836 1060 Spiritus,
854 1024 908 1052 hoc
930 1029 972 1052 est
996 1024 1046 1052 do-

253 1078 321 1099 num
336 1069 411 1107 quod
431 1070 459 1097 in
470 1073 497 1097 te
510 1073 562 1103 est,
578 1072 606 1097 et
629 1069 751 1105 operatio
770 1069 891 1105 Spiritus
910 1069 956 1104 qui
978 1069 1006 1097 in
1019 1072 1047 1097 te

253 1119 302 1150 est,
325 1114 468 1150 subjicitur
479 1114 552 1142 dono
570 1113 693 1149 alterius,
705 1114 752 1150 qui
775 1113 810 1142 ad
825 1113 1047 1149 prophetandum

253 1159 402 1188 concitatus
413 1163 463 1187 est.
477 1158 558 1194 Quod
569 1158 594 1186 si
605 1159 722 1194 Spiritus
735 1158 896 1195 subjicitur,
914 1161 946 1186 tu
958 1158 1046 1186 multo

253 1204 338 1241 magis
351 1204 399 1240 qui
413 1203 548 1240 Spiritum
569 1203 702 1239 possides,
724 1211 781 1231 non
795 1203 879 1232 debes
904 1210 964 1231 esse
977 1211 1047 1231 con-

252 1250 398 1278 tentiosus.
410 1248 539 1277 Nonnulli
547 1256 611 1276 vero
619 1248 672 1276 hoc
680 1248 718 1276 ita
732 1247 930 1276 intellexerunt
944 1257 951 1275 :
961 1248 1046 1276 Vates

251 1302 315 1322 sane
327 1293 399 1330 apud
409 1294 522 1322 Grmcos
534 1300 644 1327 omnes,
655 1292 764 1329 quando
780 1293 864 1321 semel
876 1293 980 1328 arrepti
999 1300 1045 1320 es-

251 1343 312 1367 sent
324 1347 339 1367 a
353 1338 488 1372 daemone,
505 1338 591 1366 etiam
611 1338 805 1373 si_voluissent,
819 1345 875 1365 non
895 1341 1046 1373 potuerunt

249 1387 343 1411 tamen
366 1383 488 1411 reticere.
513 1381 596 1418 Apud
623 1390 673 1410 nos
694 1389 759 1410 vero
786 1382 876 1410 sancti
900 1381 1045 1417 propheta

250 1428 325 1457 haud
336 1428 376 1456 sic
395 1427 525 1464 agebant,
539 1434 637 1454 verum
657 1426 686 1454 in
708 1427 832 1462 ipsorum
848 1430 889 1454 est
901 1426 1043 1460 arbitratu,

250 1473 349 1509 inquit,
358 1471 400 1500 vel
413 1471 496 1507 loqui,
509 1471 551 1498 vel
563 1475 664 1498 tacere.
680 1472 772 1506 Atque
783 1471 835 1498 hoc
852 1474 894 1498 est
908 1469 982 1506 quod
992 1470 1041 1504 ait,
1062 1475 1084 1506 ί]

250 1517 368 1553 Spiritus
379 1515 586 1552 prophetarum,
609 1514 636 1542 id
647 1518 689 1541 est
700 1514 784 1548 dona,
795 1514 952 1542 subduntur
960 1514 1023 1550 ipsis
1036 1522 1044 1542 :

249 1568 331 1600 atque
345 1563 383 1598 !_in
406 1570 490 1590 manu
512 1561 708 1598 prophetarum
736 1566 781 1590 est
806 1562 898 1596 silere,
922 1562 962 1589 vel
989 1569 1046 1590 non

250 1608 341 1636 silere.
354 1607 397 1634 Ne
407 1606 482 1634 enim
491 1605 566 1634 dicat
577 1606 601 1633 is
614 1605 659 1641 qui
670 1605 775 1633 donum
788 1605 879 1641 habet,
894 1606 945 1641 Qui
955 1610 1046 1634 tacere

249 1659 375 1688 possum,
395 1650 506 1687 perinde
519 1658 552 1678 ac
572 1654 602 1678 tu
617 1650 742 1684 mandas,
756 1658 820 1678 cum
836 1659 852 1679 a
866 1651 969 1687 Spiritu
986 1652 1044 1688 agi-

248 1699 325 1725 tatus
338 1696 451 1732 loquar?
475 1696 557 1732 Atqui
581 1695 712 1731 Spiritus,
728 1695 823 1731 inquit,
846 1696 894 1731 qui
909 1700 935 1724 te
948 1696 1044 1732 agitat,

249 1741 301 1770 tibi
314 1740 452 1776 subditur,
463 1739 544 1776 inque
552 1745 600 1768 tua
617 1739 746 1776 deinceps
757 1745 896 1776 potestate
908 1741 992 1769 situm
1003 1744 1044 1768 est

249 1791 349 1815 tacere.
364 1786 425 1815 Noli
439 1786 530 1822 itaque
548 1785 682 1822 Spiritum
703 1785 890 1822 nequidquam
919 1789 1043 1822 praaten—

245 1832 320 1861 dere.

281 1878 373 1906 Vnus.
386 1878 431 1905 33.
449 1887 462 1902 ι
478 1877 539 1904 Non
553 1876 626 1904 enim
638 1879 680 1903 est
693 1875 875 1904 dissensionis
895 1877 983 1911 Deus,
994 1876 1043 1905 sed

245 1923 329 1960 pacis,
342 1921 578 1959 quemadmodum
594 1921 621 1948 in
638 1921 769 1948 omnibus
786 1921 913 1949 Ecclesiis
933 1926 1042 1950 sancto-

245 1976 316 1996 rum.
333 1977 347 1994 ιι
366 1967 471 1995 Iudicat
489 1965 564 2003 quod
575 1967 635 1993 Deo
651 1965 735 1993 etiam
751 1966 854 2000 placeat
865 1968 986 2002 priorem
998 1971 1041 1995 ta-

244 2020 314 2041 cere.
333 2013 397 2040 Non
412 2012 486 2039 enim
499 2014 542 2038 est
564 2011 640 2038 Deus
660 2009 801 2037 seditionis
816 2014 844 2038 et
864 2009 1042 2039 confusionis

245 2058 317 2094 (qua:
331 2064 363 2084 ex
377 2063 409 2084 eo
424 2055 498 2091 quod
509 2062 566 2082 non
574 2054 681 2088 sileant,
695 2054 744 2082 sed
761 2062 859 2082 omnes
875 2055 1041 2090 prophetare

243 2101 337 2134 velint,
352 2099 495 2135 nascitur),
522 2106 620 2126 verum
636 2098 711 2134 pacis
731 2102 773 2126 est
798 2100 885 2127 Deus.
901 2100 957 2127 Ista
975 2108 1040 2129 vero

244 2153 296 2182 pax
309 2145 337 2173 in
352 2144 481 2172 omnibus
498 2143 625 2171 Ecclesiis
641 2147 814 2177 sanctorum,
835 2143 888 2171 hoc
907 2148 948 2172 est
971 2145 1037 2173 ﬁde-
1053 2161 1078 2192 Β

243 2190 322 2225 lium,
338 2193 469 2217 versatur.
486 2189 556 2216 Sunt
569 2187 645 2216 enim
660 2191 688 2215 et
702 2188 866 2216 Grmcorum
887 2192 915 2216 et
928 2189 1037 2218 Judan-

242 2243 304 2264 rum
322 2234 454 2263 ecclesiae.
475 2232 580 2262 Pudeat
600 2232 682 2269 igitur
707 2240 756 2261 vos
781 2237 880 2269 prazter
899 2237 927 2261 et
941 2238 1038 2263 contra

242 2287 339 2309 omnes
350 2278 486 2308 Ecclesiae
500 2277 599 2306 vivere.

1063 870 1087 902 B

275 2372 365 2400 Vens.
379 2372 423 2398 34.
437 2380 451 2395 (ι
465 2369 594 2398 Mulieres
609 2373 706 2398 vestrm
719 2368 748 2397 in
761 2369 890 2398 Ecclesiis
903 2373 1013 2398 taceant
1029 2379 1036 2398 :

240 2423 296 2444 non
317 2415 390 2443 enim
406 2415 570 2451 permissum
589 2418 632 2443 est
655 2414 694 2441 eis
722 2414 814 2450 loqui;
839 2414 887 2442 sed
914 2414 1037 2443 subditas

240 2468 310 2495 esse,
320 2460 392 2488 sicut
405 2463 433 2488 et
451 2459 493 2487 lex
504 2459 581 2487 dicit.
599 2471 613 2483 ι
632 2459 702 2488 Cum
721 2459 812 2487 omnia
833 2459 947 2495 pulchre
964 2459 1038 2487 ordi-

240 2508 341 2539 nasset,
356 2509 384 2533 et
408 2512 470 2541 quae
483 2503 518 2532 de
541 2503 649 2540 linguis,
672 2507 701 2531 et
714 2511 776 2539 quae
790 2503 824 2531 de
842 2503 982 2539 prophetis
1008 2504 1036 2532 in

238 2551 422 2587 quaestionem
436 2549 591 2584 veniebant,
619 2556 654 2576 ne
669 2548 748 2576 multi
763 2547 938 2584 prophetent,
955 2553 984 2576 et
997 2549 1034 2578 ita

238 2595 364 2625 confusio
379 2600 407 2623 et
419 2594 519 2623 seditio
538 2601 570 2622 ex
585 2600 618 2621 eo
631 2593 813 2621 subnascatur
833 2602 840 2620 :
861 2601 935 2622 nunc
949 2594 1034 2622 etiam

238 2641 388 2670 mulierum
398 2639 551 2668 tumultum
557 2638 717 2674 compescit,
725 2637 818 2666 dicens
829 2647 837 2666 :
849 2649 860 2662 α
871 2639 902 2666 In
909 2639 1033 2667 Ecclesia

236 2689 354 2715 taceant.
370 2697 384 2710 ι
399 2684 507 2713 Deinde
516 2683 591 2720 quod
605 2682 697 2719 majus
711 2686 762 2717 est,
777 2683 986 2711 convenientius
996 2683 1034 2711 ait

747 159 1005 188 THEOPHYLACTI
1027 160 1206 188 BULGARIIE
1224 159 1382 188 ARCHIEP.

1822 162 1851 189 748

1141 233 1154 251 ιι
1176 222 1185 233 ⁷
1199 222 1256 253 Εὰν
1271 221 1299 251 δὲ
1315 223 1389 262 ἄλλῳ
1401 221 1577 262 ἀποκαλυφθῇ
1592 221 1743 262 καθημένῳ,
1761 224 1773 251 δ
1785 225 1852 261 πρῶτος

1107 267 1220 307 σιγάτω.
1238 267 1358 296 Δύνασθε
1372 265 1424 306 γὰρ
1448 266 1507 296 καθ’
1531 266 1577 296 ἕνα
1598 266 1693 299 πάντες
1710 267 1851 307 προφητεύειν,

1105 311 1148 341 ἵνα
1171 313 1269 345 πάντες
1293 311 1446 349 μανθάνωσι
1465 310 1511 340 καὶ
1527 311 1624 344 πάντες
1642 312 1850 350 παρακαλῶνταω

1107 356 1241 390 Εὖταξίαν
1276 356 1390 386 ἐνταῦθα
1418 355 1465 385 καὶ
1496 355 1734 396 ταπεινοφροσύνην
1759 355 1851 385 διδάσκῃ.

1106 399 1194 431 Ὅταν
1209 400 1259 440 γὰρ
1275 400 1349 440 ἄλλῳ
1364 400 1501 440 ἐμπνεύσῃ
1517 400 1548 430 τὸ
1563 401 1685 439 Πνεῦμα,
1697 400 1766 440 φησὶ,
1777 401 1802 429 σὺ
1815 400 1852 438 σίγα

1106 447 1120 474 6
1141 446 1259 485 πρῶτος·
1284 446 1307 474 εἰ
1333 444 1384 486 γὰρ
1409 445 1524 486 ἠθέλησε
1545 445 1576 474 τὸ
1600 446 1710 482 Πνεῦμα
1730 444 1756 473 σὲ
1779 446 1852 480 λαλεῖν,

1106 490 1154 518 οὔκ
1168 489 1198 518 ἂν
1221 491 1318 519 ἐκεῖνον
1339 489 1470 526 ἐκίνησεν.
1487 485 1554 519 Εἶτα
1572 488 1795 529 παραμυθούμενος
1807 491 1851 518 ἐκεῖ·

1105 546 1162 570 νον,
1177 534 1258 575 φησί·
1277 545 1291 563 α
1317 534 1436 564 Δύνασθε
1459 533 1512 574 γὰρ
1532 533 1591 563 καθ’
1609 534 1655 563 ἕνα
1676 533 1764 567 πάντες
1781 545 1853 574 προφη-

1105 578 1188 608 τεύειν
1203 590 1209 597 ·
1225 588 1240 607 1)
1262 578 1390 615 τουτέστι,
1406 577 1455 614 Μὴ
1474 579 1561 608 λυποῦ
1572 590 1578 597 ·
1595 578 1705 608 δύνασαι
1718 577 1764 617 γὰρ
1781 578 1815 607 καὶ
1829 578 1853 613 ei,

1105 622 1151 652 καὶ
1173 622 1266 659 ἄλλος,
1283 622 1328 652 καὶ
1344 622 1441 656 πάντες
1463 622 1514 651 οἶνὰ
1523 621 1549 639 ³⁸
1565 621 1655 662 μέρος,
1671 622 1715 651 καὶ
1729 623 1756 651 ἐκ
1769 623 1853 661 διαδοχῇ

1105 666 1292 707 προφητεύειν.
1312 667 1360 702 Μὴ
1384 666 1435 707 γὰρ
1459 667 1497 696 ἑνὶ
1514 667 1586 707 μόνῳ
1601 667 1772 706 περικλείεται
1788 666 1810 696 τὸ
1821 667 1852 705 χά-

1106 723 1197 752 ρισμα,
1213 711 1283 741 ἀλλὰ
1298 711 1363 751 πρὸς
1382 712 1482 745 πάντας
1499 712 1611 748 δίδοται,
1632 710 1676 740 ἵνα
1695 715 1764 741 πᾶσα
1779 714 1793 748 ἡ
1812 711 1853 740 Ἔκ-

1104 756 1200 792 κλησία
1224 756 1360 797 μανθάνῃ,
1383 756 1429 786 καὶ
1453 757 1624 797 παράκλησιν
1648 756 1712 796 πρὸς
1733 757 1811 795 ἀρετ-ὴν
1829 756 1852 784 δίη

1103 813 1197 841 χηται.

1142 859 1154 873 α
1179 846 1234 876 Καὶ
1257 846 1398 885 πνεύματα
1412 848 1555 886 προφητῶν
1577 846 1726 886 προφήταις
1743 845 1853 875 ὑποτάσσε-

1102 902 1157 921 ται.
1173 901 1188 919 ))
1209 891 1265 921 Καὶ
1286 894 1363 921 τοῦτο
1378 891 1442 931 πρὸς
1467 891 1641 932 παραμυθίαν
1657 893 1703 921 τοῦ
1725 891 1853 930 ἐπιτρεπομέ-

1102 945 1147 964 νου
1162 940 1251 976 σιγᾷν.
1274 935 1312 966 ⁸0
1328 936 1356 965 δὲ
1377 936 1458 975 λέγει,
1482 936 1601 965 τοιοῦτόν
1622 937 1698 965 ἐστι·
1719 935 1762 971 Μὴ
1776 934 1852 975 φιλονιί-

1103 991 1160 1018 κει»
1181 980 1249 1020 μηδὲ
1269 980 1395 1015 στασίαζε
1405 993 1412 1000 ·
1427 980 1492 1010 αὐτὸ
1506 981 1558 1020 γὰρ
1573 981 1604 1010 τὸ
1627 982 1748 1019 Πνεῦμα,
1759 979 1853 1013 τουτέστι,

1101 1025 1131 1054 τὸ
1147 1025 1175 1054 ἐν
1197 1024 1237 1054 σοὶ
1252 1025 1375 1066 χάρισμα
1386 1047 1394 1062 ,
1419 1024 1465 1054 καὶ
1479 1027 1497 1061 ἡ
1515 1026 1634 1066 ἐνέργεια
1651 1027 1696 1054 τοῦ
1712 1026 1736 1054 ἐν
1751 1024 1785 1054 σοὶ
1798 1023 1853 1054 [lui-

1102 1081 1201 1108 ματος,
1227 1070 1408 1100 ὑποτάσσεται
1434 1071 1472 1109 τῷ
1496 1070 1648 1110 χαρίσματι
1672 1072 1717 1099 τοῦ
1742 1069 1814 1108 ἑτέρου
1828 1071 1865 1113 173‘

1101 1115 1249 1150 κινηθέντος
1276 1115 1312 1148 εἷς
1337 1114 1367 1144 τὸ
1391 1115 1583 1155 προφητεύειν·
1609 1115 1657 1144 καὶ
1682 1116 1703 1144 εἰ
1732 1115 1759 1144 τὸ
1779 1115 1853 1150 Huic:

1102 1159 1298 1198 ὑποτάσσεται,
1326 1160 1418 1199 πολλῷ
1442 1161 1544 1198 μᾶλλον
1573 1159 1652 1193 αὐτὸς
1675 1160 1779 1200 ὀφείλεις
1800 1160 1810 1186 ὁ
1829 1168 1852 1186 ιε·

1101 1203 1230 1242 κτημένος
1248 1204 1278 1234 τὸ
1294 1205 1420 1243 Πνεῦμα,
1438 1204 1475 1243 μὴ
1492 1204 1661 1245 φιλονεικεῖν.
1679 1204 1752 1238 Τινὲς
1765 1203 1789 1232 δὲ
1804 1202 1865 1257 citus‘

1104 1249 1111 1257 .
1136 1248 1142 1257 ι
1254 1252 1271 1257 ..
1338 1251 1370 1257 ,υ
1411 1248 1416 1257 ι
1508 1249 1588 1257 ......
1692 1249 1699 1257 ι
1786 1249 1792 1257 .
1828 1247 1841 1255 υ

1100 1248 1210 1284 ἐνόησαν
1225 1252 1302 1278 τοῦτο
1313 1260 1320 1268 °
1335 1251 1370 1279 Οἱ
1386 1248 1435 1287 μὲν
1450 1249 1645 1290 παρ”Έλλησι
1661 1249 1773 1288 μάντεις,
1783 1247 1850 1277 ἐπειδάν

1100 1292 1171 1328 ἅπαξ
1197 1284 1415 1334 κατεσχέσθησαν
1441 1284 1594 1334 [ίέοχέθ]
1609 1284 1675 1322 νῦπξ)
1699 1295 1743 1323 τοῦ
1758 1284 1865 1334 δαίμονκεί

1099 1337 1149 1367 κᾶν
1164 1337 1314 1376 ἐϐούλοντο,
1331 1339 1380 1368 οὐκ
1400 1338 1530 1375 ἠδύναντο
1542 1343 1632 1379 σιγᾷν.
1651 1339 1688 1369 Οἱ
1710 1337 1738 1367 δὲ
1751 1338 1803 1377 παρ’
1815 1338 1850 1373 ἧψε

1100 1360 1147 1367 ...η
1164 1360 1314 1376 “unm”,
1332 1360 1380 1368 ν...
1403 1360 1529 1375 ,μνηιην
1542 1360 1632 1379 ..Ιτη
1652 1360 1688 1369 ν.
1710 1360 1738 1367 ν.
1754 1360 1796 1377 ..-ιι
1817 1360 1844 1373 ..τ

1100 1382 1168 1421 ἅγιοι
1182 1385 1316 1423 προφῆται
1330 1384 1378 1422 οὗ]
1395 1383 1486 1419 οὕτως,
1510 1383 1580 1413 ἀλλὰ
1594 1384 1661 1424 παρ’
1679 1384 1774 1417 αὐτοῖς,
1794 1380 1849 1421 φησινΥ
1863 1360 1865 1409 i

1099 1426 1155 1457 ἔστι
1170 1428 1200 1457 τὸ
1221 1432 1316 1468 σιγᾷν,
1340 1427 1358 1464 ἢ
1378 1429 1468 1457 λαλεῖν
1481 1440 1487 1447 ⁸
1513 1427 1560 1457 καὶ
1575 1427 1654 1457 τοῦτό
1669 1428 1739 1456 ἐστιν
1753 1427 1807 1464 ὅπερ
1824 1437 1849 1463 ᾷιε

1099 1471 1139 1500 civ
1151 1495 1158 1508 ,
1179 1471 1218 1501 ὅτι
1234 1471 1279 1502 Τὰ
1302 1472 1441 1511 πνεύματα
1456 1474 1509 1502 τῶν
1524 1473 1668 1513 προφητῶν
1680 1495 1689 1510 ,
1711 1471 1850 1508 τουτέστιιτι

1099 1516 1274 1556 χαρίσματα,
1289 1517 1476 1555 ξῦττοτάσσεται
1494 1512 1595 1553 αὐτοῖς,
1618 1517 1666 1546 καὶ
1688 1516 1732 1545 ἐπὶ
1753 1516 1799 1548 τοῖς
1815 1512 1865 1557 προ-1

1101 1561 1195 1600 φήταις
1218 1561 1273 1590 ἐστὶ
1287 1563 1317 1592 τὸ
1332 1564 1440 1601 σιγῆσαι
1461 1562 1508 1591 καὶ
1525 1562 1554 1591 τὸ
1570 1561 1608 1600 μὴ
1632 1564 1753 1600 σιγῆσαι.
1765 1559 1814 1590 Ἶνπ
1825 1558 1849 1595 vi;

1101 1605 1138 1643 μὴ
1154 1606 1218 1646 λέγῃ
1233 1608 1247 1635 6
1261 1607 1291 1636 τὸ
1301 1607 1424 1646 χάρισμα
1446 1606 1525 1647 ἔχων,
1546 1606 1585 1636 ὅτι
1602 1607 1666 1640 Πῶς
1682 1606 1790 1644 δύναμαι
1809 1604 1851 1640 σιγῆ-

1100 1661 1146 1678 σαι
1167 1651 1237 1680 καθὰ
1260 1651 1390 1688 κελεύεις,
1419 1650 1484 1681 ὅπου
1514 1663 1544 1690 γε
1570 1650 1645 1691 παρὰ
1669 1653 1714 1680 τοῦ
1742 1648 1851 1685 [bellum

1100 1694 1250 1733 κινούμενος
1269 1697 1358 1732 MM};
1370 1695 1466 1736 φησὶν,
1483 1696 1523 1725 ὅτι
1538 1696 1619 1725 Ἀλλὰ
1638 1694 1669 1724 τὸ
1691 1696 1797 1732 Πνεῐμα
1808 1694 1850 1721 vi:

1098 1738 1128 1768 τὸ
1148 1742 1236 1769 κινοῦν
1257 1752 1286 1770 σε
1314 1740 1495 1770 ὑποτάσσεταί
1514 1751 1572 1778 σοι,
1595 1740 1641 1768 καὶ
1657 1740 1685 1768 ἐν
1749 1741 1779 1778 σῇ
1796 1733 1865 1792 λοιπὰ(

1101 1784 1123 1792 ι’
1176 1784 1182 1792 Ι
1254 1789 1263 1792 -
1349 1785 1355 1792 ι
1433 1790 1449 1792 4.
1540 1784 1546 1792 1
1593 1784 1599 1792 1
1655 1785 1661 1792 Ι
1824 1782 1836 1792 17

1097 1784 1201 1824 ἐξουσίᾳ
1223 1789 1309 1814 κεῖται
1331 1785 1361 1815 τὸ
1385 1790 1462 1825 σιγᾷν
1476 1797 1482 1804 ·
1505 1784 1550 1814 καὶ
1567 1784 1604 1823 μὴ
1622 1785 1713 1823 μάτην
1731 1782 1851 1824 Mopsii”

1096 1829 1126 1858 τὸ
1141 1831 1266 1868 Πνεῦμα.

1139 1885 1154 1902 α
1169 1875 1211 1904 Οὐ
1226 1874 1277 1914 γάρ
1293 1875 1363 1904 ἔστιν
1376 1874 1575 1908 ἀκαταστασίας
1586 1876 1599 1903 6
1611 1873 1694 1909 Θεὸς,
1709 1874 1765 1903 ἀλλ’
1777 1871 1852 1911 riguit;

1096 1920 1130 1952 ὡς
1152 1919 1180 1948 ἐν
1200 1920 1299 1953 πάσαις
1318 1924 1375 1953 ταῖς
1403 1919 1576 1956 Ἐκκλησίαις
1597 1921 1650 1948 τῶν
1676 1918 1767 1957 ἁγίων.
1787 1930 1798 1944 ν
1819 1916 1852 1944 ,ὶεέ-

1096 1973 1195 2001 κνυσιν,
1210 1964 1251 1994 ὅτι
1265 1963 1311 1994 καὶ
1332 1965 1371 2004 τῷ
1387 1965 1450 2004 Θεῷ
1471 1968 1547 1994 τοῦτο
1563 1963 1650 1999 δοκεῖ,
1669 1963 1701 1992 τὸ
1721 1962 1764 1992 τὸν
1784 1961 1851 2000 πρῶτν

1095 2013 1189 2049 σιγᾷν·
1214 2009 1244 2038 οὗ
1277 2008 1328 2050 γάρ
1357 2003 1441 2038 ἔστιν
1464 2011 1478 2039 6
1508 2008 1577 2042 Θεὸς
1613 2006 1807 2038 ἀκαταστασίας
1828 2003 1851 2032 ιιίῖ

1095 2052 1247 2093 συγχύσεως
1270 2053 1344 2093 (ἥτις
1369 2056 1399 2084 ἐκ
1426 2056 1470 2083 τοῦ
1497 2052 1533 2091 μὴ
1566 2057 1661 2093 σιγᾷν,
1691 2051 1760 2081 ἀλλὰ
1784 2049 1853 2093 «ius

1093 2092 1277 2138 προφητεύειν,
1301 2098 1426 2138 γίνεται),
1442 2098 1501 2127 ἀλλ’
1524 2092 1629 2136 εἰρήνης
1643 2097 1701 2126 ἐστὶ
1715 2096 1788 2128 Θεός.
1804 2092 1849 2124 Λῧπ

1094 2141 1119 2171 δὲ
1137 2144 1153 2178 ἡ
1169 2143 1259 2182 εἰρήνη
1282 2144 1308 2173 ἐν
1322 2143 1421 2176 πάσαις
1436 2146 1493 2176 ταῖς
1509 2141 1686 2177 Ἐκκλησίαις
1711 2143 1761 2170 τῶν
1784 2139 1851 2182 ἇγίωτξ

1092 2186 1227 2225 τουτέστι,
1257 2189 1309 2218 τῶν
1332 2189 1448 2224 πιστῶν,
1472 2187 1660 2217 πολιτεύει-αν
1688 2185 1740 2216 εἶσὶ
1763 2184 1807 2224 γὰρ
1826 2192 1851 2209 καί

1091 2231 1248 2270 Ἑλλήνων,
1285 2233 1331 2262 καὶ
1365 2232 1500 2262 Ἰουδαίων
1528 2230 1681 2266 ἐκκλησίαι.
1717 2228 1851 2269 Αἷσχύνθητί

1091 2272 1136 2306 οὖν
1160 2278 1235 2316 ὑμεῖς
1262 2277 1336 2319 παρὰ
1360 2277 1449 2310 πάσας
1475 2276 1523 2310 τὰς
1554 2275 1720 2311 Ἐκκλησίας
1746 2270 1851 2303 πολιτευό-

1093 2333 1178 2360 μενοι.

1137 2377 1151 2395 ιι
1166 2367 1203 2397 Αἱ
1218 2367 1338 2404 γυναῖκες
1349 2367 1422 2405 ὑμῶν
1438 2368 1463 2396 ἐν
1476 2370 1532 2398 ταῖς
1548 2364 1703 2400 ἐκκλησίαις
1719 2363 1841 2401 σιγάτωσαν

1092 2411 1120 2440 οὗ
1141 2410 1192 2452 γὰρ
1215 2411 1406 2452 ἐπιτέτραπται
1428 2412 1520 2444 αὐταῖς
1534 2411 1636 2448 λαλεῖν,
1654 2411 1716 2439 ἀλλ’
1741 2405 1851 2437 ὗποτᾶσπ-

1092 2458 1169 2492 σθαι,
1185 2456 1272 2490 καθὼς
1283 2457 1329 2486 καὶ
1339 2458 1353 2485 6
1366 2456 1445 2495 νόμος
1458 2455 1540 2494 λέγει.
1565 2466 1579 2484 ο
1597 2454 1712 2490 Ἐπειδὴ
1727 2452 1852 2498 πάντα-κιρ
1864 2480 1865 2498 γ

1091 2501 1142 2534 λῶς
1163 2500 1317 2540 διετάξατο,
1336 2500 1382 2530 καὶ
1399 2494 1440 2530 τὰ
1461 2501 1522 2539 περὶ
1540 2501 1593 2530 τῶν
1616 2500 1762 2538 γλωσσῶν,
1782 2494 1817 2540 κξῖ
1833 2494 1851 2518 τί

1090 2544 1150 2585 περὶ
1175 2547 1228 2575 τῶν
1254 2538 1417 2587 προφητῶν,
1437 2545 1481 2574 ἵνα
1499 2538 1539 2584 μὴ
1565 2543 1659 2574 πολλοὶ
1681 2538 1851 2587 προφητεύωςι

1090 2590 1135 2620 καὶ
1156 2590 1282 2630 σύγχυσις
1300 2590 1347 2620 καὶ
1371 2589 1559 2620 ἀκαταστασία
1583 2590 1614 2619 ἐκ
1636 2587 1730 2618 τούτου
1752 2584 1806 2620 εἴη·
1823 2583 1865 2630 νῦ(

1088 2636 1133 2665 καὶ
1148 2634 1193 2664 τὸν
1208 2635 1261 2664 ἀπὸ
1275 2636 1328 2664 τῶν
1351 2637 1483 2674 γυναικῶν
1505 2633 1615 2674 θόρυϐον
1630 2630 1851 2675 κικταέτιτέλλειιέιξι
1864 2670 1865 2674 η

1088 2691 1178 2720 φησιν,
1192 2679 1233 2709 ὅτι
1251 2691 1266 2708 α
1280 2670 1437 2720 Σιγάτωσαν
1453 2680 1480 2709 ἐν
1495 2670 1622 2718 ἐκκλησίᾳ
1633 2690 1639 2696 ·
1654 2689 1668 2706 n
1686 2672 1743 2706 εἶτα
1753 2674 1779 2703 τὸ
1790 2670 1851 2710 μεῖζόν

934 2770 1030 2800 Variae
1054 2771 1203 2802 lectiones.

275 2819 297 2837 ⁸⁸
308 2817 371 2846 κατὰ
383 2826 409 2847 ο.
