1867 3081
0 157 35 183 ’49

0 229 80 255 ιησιν,
105 217 146 248 ὅτι
167 217 198 249 τὸ
224 219 423 249 ὑποτάσσεσθαι
452 220 544 253 αὐταῖς
567 218 772 260 ἁρμοδιώτερον.
788 222 813 254 Α

0 264 20 293 Η
43 262 94 303 γὰρ
110 262 231 303 ὑποταγὴ
251 263 299 300 τὴν
315 264 382 302 μετὰ
405 263 488 304 φόϐου
512 264 617 300 σιωπὴν
633 264 727 301 δηλοῖ,
744 266 779 298 ὡς

0 307 29 337 πὶ
44 309 95 337 τῶν
109 308 237 338 δουλίδων
256 307 368 347 γίνεται.
385 308 476 348 Νόμον
491 308 519 339 δὲ
533 309 563 339 τὸ
579 310 626 345 τῆς
646 309 670 339 Γ
671 309 778 343 ενέσεως

0 351 86 382 ὶιϐλίον
106 353 194 392 λέγει,
219 354 246 382 ἔν
264 348 286 393 ᾧ
304 353 472 393 γέγραπται·
498 365 512 383 ε
536 353 609 392 Πρὸς
634 353 678 383 τὸν
695 354 776 394 ἄνδρα

0 409 31 439 ου
43 399 60 433 ἡ
77 397 234 438 ἀποστροφή
250 409 306 435 σου,
325 398 372 428 καὶ
387 398 466 432 αὐτός
480 410 527 429 σου
547 398 690 439 κυριεύσει.
710 410 723 426 ι
743 400 776 429 Ei

0 437 28 470 ’ὗν
41 443 78 482 τῷ
99 443 173 482 ἀνδρὶ
195 437 390 473 ὗποτάσσεσθαι
413 443 526 482 ὡρίσθη,
550 437 644 483 πολλῷ
674 445 775 483 μᾶλλον

1 487 35 520 οἷς
47 488 235 525 πνευματικοῖς
251 489 277 518 ἐν
296 489 329 526 τῇ
346 487 499 528 Ἐκκλησία
514 488 693 522 διδασκάλοις.

24 542 39 560 ι
62 533 95 562 Εἴ
109 531 139 561 δέ
154 543 178 561 τι
191 533 283 571 μαθεῖν
296 533 427 569 θέλουσιν,
440 533 466 562 ἐν
477 532 542 573 οἴκῳ
556 533 615 567 τοὺς
629 534 740 567 οἰκείους
750 533 775 553 ³⁹

0 575 75 615 Ϊνδρας
103 577 325 615 ἐπερωτάτωσαν.
354 587 370 605 ιι
401 575 512 618 Ὥσπερ
541 578 610 612 τινὸς
638 578 774 612 εἰπόντος·

0 620 47 651 Εὰν
61 621 100 660 μὴ
115 622 227 658 λαλῶσι,
239 623 295 655 πῶς
312 621 420 660 μάθοιεν
431 621 457 640 ⁴⁰
470 622 506 651 τὰ
524 622 703 662 ἄγνοούμενα;
718 635 775 663 φη-

1 665 39 702 ὶν,
51 667 92 695 ὅτι
107 665 154 696 Ἐν
176 666 242 706 οἴκῳ
255 666 330 707 παρὰ
354 668 407 696 τῶν
435 667 538 707 ἀνδρῶν
554 667 771 706 μανθανέτωσαν.

0 711 66 740 Τοῦτο
81 711 110 741 δὲ
125 710 171 740 καὶ
192 711 292 745 ἐκείνας
312 711 427 750 χοσμίας
442 716 525 749 ποιεῖ,
542 711 588 742 καὶ
603 712 663 746 τοὺς
678 712 775 753 ἄνδρας

0 755 249 796 τροσεχτιιιωτέρους,
271 755 318 786 ἅτε
332 756 493 797 ὀφείλοντας,
515 756 533 786 ἃ
553 756 671 793 ἤκουσαν
691 757 718 786 ἄν

0 800 116 841 ιωιλησία,
131 802 189 835 ταῖς
209 800 311 840 γυναιξὶ
335 802 599 841 παρακατατίθεσθαι
623 801 773 841 ἕρωτώσαις

405 157 579 185 EXPOSITIO
599 157 630 184 IN
649 157 754 185 EPIST.
775 158 785 185 Ι
804 160 849 186 ΑΙ)
869 159 946 186 COR.
966 174 1002 179 —-
1020 159 1094 187 CAP.
1114 159 1182 187 XIV.

1567 160 1620 186 750

828 228 886 249 esse
900 225 931 249 ut
957 221 1147 257 subjiciantur.
1172 220 1314 257 Subjectio
1345 221 1420 249 enim
1438 229 1501 249 cum
1526 221 1626 249 timore

829 265 969 293 silentium
987 265 1104 299 indicat,
1119 265 1231 301 perinde
1249 273 1282 293 ac
1293 265 1322 293 in
1336 265 1442 293 ancillis
1455 265 1496 293 ﬁt.
1522 266 1625 302 Legem

829 315 922 338 autem
931 310 1048 339 Genesis
1061 310 1161 338 librum
1172 309 1299 346 appellat,
1310 309 1339 337 in
1353 317 1408 346 quo
1418 309 1552 346 scriptum
1562 314 1605 337 est
1616 318 1624 337 :

833 364 847 381 α
859 355 901 383 Ad
912 355 1002 384 virum
1012 360 1091 383 tuum
1103 354 1245 383 conversio
1251 358 1307 388 tua,
1315 358 1344 382 et
1351 354 1408 390 ipse
1415 355 1455 382 tui
1466 354 1620 383 dominabi-

830 403 884 428 tur.
898 412 911 426 »
926 401 956 429 Si
965 400 1048 437 igitur
1054 399 1196 428 decretum
1206 403 1249 427 est
1259 403 1291 428 ut
1307 399 1366 428 viro
1378 399 1521 434 subdatur,
1534 399 1624 428 multo

828 445 918 482 magis
932 444 1120 482 piritualibus
1131 444 1160 472 in
1172 444 1296 472 Ecclesia
1311 444 1481 473 doctoribus.

864 536 951 562 Vsus.
968 535 1014 562 35.
1032 545 1045 558 ιι
1061 533 1089 562 Si
1104 533 1171 570 quid
1184 537 1279 562 autem
1303 533 1407 562 discere
1420 533 1526 568 volunt,
1544 533 1622 562 domi

828 578 900 607 viros
913 586 980 607 suos
989 578 1166 614 interrogent.
1187 590 1201 603 ν
1220 578 1337 606 Perinde
1359 586 1390 606 ac
1402 578 1424 607 si
1452 578 1513 614 quis
1536 577 1619 612 dicat,

827 623 885 651 Nisi
911 623 1070 659 loquantur,
1089 622 1230 660 quomodo
1256 622 1364 651 discent
1386 630 1449 659 quae
1474 623 1623 659 ignorant?

827 668 923 702 Domi,
938 668 1036 704 inquit,
1057 676 1072 696 a
1086 667 1145 696 suis
1158 667 1267 696 maritis
1284 667 1402 696 discant.
1418 669 1479 696 Hoc
1491 671 1582 696 autem
1597 671 1625 696 et

826 712 886 741 illas
900 717 1010 741 ornatas
1027 712 1130 747 reddit,
1143 717 1172 741 et
1184 712 1257 741 viros
1275 712 1435 741 attentiores
1450 712 1535 749 214
1548 713 1623 748 facit,

827 761 858 786 ut
871 757 920 793 qui
931 757 1059 792 debeant,
1074 766 1136 794 quae
1148 759 1177 786 in
1193 757 1313 786 Ecclesia
1336 757 1510 792 audiverunt,
1528 758 1621 786 uxori-

828 801 879 830 bus
892 809 940 830 eos
951 802 1182 839 interrogantibus
1196 803 1323 837 recitare,
1340 810 1372 831 ac
1386 802 1469 831 veluti
1481 803 1553 839 apud
1570 811 1618 832 cas

2 844 83 878 ὖτούς,
111 845 270 883 Σημείωσαι
291 845 332 882 δὲ,
346 845 386 876 ὅτι
404 845 461 876 οὐδὲ
477 846 538 885 περὶ
558 846 710 886 ἀναγκαίων
727 846 771 877 καὶ

856 854 972 883 ιρουθεε.
997 847 1120 876 Observa
1145 851 1237 876 autem
1266 847 1340 883 quod
1353 855 1388 876 ne
1411 847 1445 876 de
1463 849 1623 876 necessariis

0 891 143 930 νυχωφελῶν
178 890 370 930 ἐπιτέτραπται
409 889 510 930 γυναιξὶ
543 891 636 921 λαλεῖν
668 892 695 921 ἰν
731 893 774 921 ἐκ·

0 935 75 976 λησίᾳ
80 959 86 965 .

21 993 34 1008 ε
57 979 178 1021 Αἶσχρὸν
191 980 243 1020 γάρ
257 981 313 1010 ἐστι
327 979 442 1021 γυναιξὶν
456 980 483 1010 ἓν
497 980 626 1021 ἐκκλησίᾳ
639 981 738 1012 λαλεῖν.
756 992 770 1010 ι

0 1025 90 1061 Επειδὴ
117 1026 217 1055 ἐκεῖναι
243 1025 306 1060 ἴσως
338 1026 579 1060 ἕνεκαλλωπίζοντο
603 1030 661 1060 ταῖς
696 1027 773 1062 δῆθεν

0 1072 169 1110 νευματικαῖς
195 1071 221 1100 ἐν
247 1070 378 1112 ἐκκλησία
403 1071 531 1109 ὁμιλίαις,
561 1070 639 1105 αὐτὸς
665 1072 774 1101 τούναν-

0 1114 32 1145 ίον
57 1115 154 1156 φησὶν,
179 1114 221 1145 ὅτι
254 1114 346 1149 ἀδοξία
372 1114 442 1146 ἐστὶν
468 1116 561 1149 αὐταῖς
589 1115 634 1145 καὶ
658 1116 771 1157 αἰσχύνη

0 1171 62 1190 ουτο.

24 1217 38 1236 (ι
58 1203 99 1236 Ἣ
116 1205 161 1246 ἀφ’
175 1206 250 1244 ὑμῶν
267 1207 281 1236 ὃ
296 1204 373 1245 λόγος
394 1207 441 1235 τοῦ
467 1206 539 1236 Θεοῦ
561 1204 685 1244 ἐξῆλθενς
702 1205 719 1243 ἦ
738 1207 773 1240 εἰς

0 1255 45 1288 μᾶς
64 1251 160 1289 μόνους
175 1249 358 1288 κατήντησεν,
379 1261 394 1279 ιι
414 1249 523 1280 Ὡσανεὶ
538 1249 603 1291 πρός
616 1263 690 1285 τινας
712 1252 773 1280 ἀντ-

0 1297 97 1329 ιπόντας
121 1296 192 1335 αὖτῷ
215 1297 230 1325 ὁ
255 1295 331 1335 λόγος
355 1295 562 1335 ἐσχημάτισται.
580 1296 615 1337 Τί
639 1295 702 1336 γὰρ,
718 1307 772 1337 φη-

0 1340 31 1376 lv,
47 1341 215 1371 ίναντιοῢσθε
225 1363 233 1376 ,
249 1340 295 1370 καὶ
309 1341 359 1380 οὐχ
378 1340 483 1379 ἡγεῖσθε
497 1339 579 1369 καλὸν
595 1336 662 1369 εἶναι
675 1340 706 1370 τὸ
727 1352 772 1370 σι-

0 1389 27 1425 ᾷν
41 1386 66 1414 ἐν
83 1385 216 1425 ἐκκλησίᾳ
228 1385 275 1418 τὰς
297 1389 440 1424 γυναῖκας
461 1384 511 1420 Μὴ
530 1386 604 1423 ὑμεῖς
622 1386 682 1415 ἐστε
696 1385 772 1415 διδά-

0 1431 84 1467 ιιαλοι;
111 1429 157 1459 καὶ
173 1429 219 1470 ἀφ’
238 1431 313 1467 ὑμῶν
337 1429 427 1466 ἐξῆλθε
446 1429 477 1459 τὸ
499 1429 624 1469 κήρυγμα
646 1430 717 1470 [καὶ]
736 1431 773 1464 εἰς

0 1474 34 1509 ὣς
52 1474 179 1512 λοιπούςς
203 1473 270 1510 ἢεῖς
284 1476 352 1512 ὑμᾶς
377 1474 472 1510 μόνους
497 1475 596 1510 ἐστάθη
626 1477 641 1510 ἡ
665 1475 771 1514 πίστις;
791 1489 813 1521 C

0 1519 22 1549 αὶ
41 1520 70 1549 οὖ
93 1519 168 1549 δεῖ⁴¹
193 1519 228 1549 τὰ
245 1521 318 1560 παρ’
345 1519 441 1560 ἑτέρων
466 1519 608 1558 δεχθέντα,
633 1519 680 1549 καὶ
703 1521 773 1558 δμᾶς

0 1564 116 1605 ίχεσθσις
133 1563 207 1595 Οὔτε
230 1559 273 1594 οὖν
288 1559 389 1604 πρῶτοι
405 1566 479 1603 ὑμεῖς
504 1565 563 1593 ἐστε
587 1563 688 1599 πιστοὶ,
713 1564 772 1594 οὔτε

2 1609 61 1641 ὄνοι.
80 1610 130 1640 Δεῖ
147 1608 233 1639 τοίνυν
247 1608 281 1639 τὰ
295 1611 328 1650 τῇ
344 1609 486 1649 οἰκουμένῃ
503 1609 629 1638 δοκοῦντα
643 1609 689 1639 χαὶ
705 1610 773 1648 ὑμᾶς

0 1666 103 1685 τεονειν.

20 1666 151 1734 ﬂaret;
171 1699 242 1729 δοκεῖ
265 1697 404 1740 προφήτης
432 1693 500 1729 εἶναι
532 1698 550 1735 ἢ
576 1698 771 1739 πνευματικὸς,

0 1744 170 1784 ειγινωσιιέτω
193 1744 210 1774 ἃ
235 1743 330 1784 γράφω
350 1744 425 1782 ὗμῖν,
446 1743 487 1774 ὅτι
509 1745 556 1774 τοῦ
580 1743 683 1783 Κυρίου
706 1744 772 1774 εἰσὶν

0 1789 87 1821 ντολαί.
104 1800 120 1818 n
146 1789 188 1820 Τὸ
205 1789 312 1818 πάντων
330 1787 499 1829 ἰσχυρότερον
516 1789 668 1818 τελευταῖον
688 1788 771 1819 τέθει-

0 1845 32 1871 ιν,
48 1834 88 1864 ὅτι
102 1833 139 1865 Ὁ
155 1834 223 1868 Θεὸς
233 1836 317 1864 ταῦτα
336 1833 470 1864 ἐπιτάττει
485 1834 520 1863 δι’
541 1834 617 1873 ἐμοῦ,
635 1833 681 1862 καὶ
695 1835 772 1863 τοῦτο

0 1879 76 1913 έντως
104 1879 255 1919 γνώσεται,
280 1877 308 1912 ὃς
329 1878 361 1908 ἂν
382 1879 447 1916 δοκῇ
470 1879 535 1919 παρ’
548 1880 611 1917 ὑμῖν
635 1877 773 1919 προφήτης

0 1918 50 1962 ναι,
64 1922 82 1959 ἢ
97 1924 166 1954 ἄλλο
181 1935 206 1953 τι
220 1923 398 1962 πνευματικὸν
414 1918 537 1963 χάρισμα
552 1923 633 1963 ἔχων,
651 1918 772 1953 τουτέστι

0 1980 93 2003 νωοεως
97 1991 106 1999 υ

19 2024 33 2042 ι(
54 2015 88 2044 Εἰ
103 2013 132 2043 δέ
147 2025 187 2046 τις
199 2014 306 2052 ἀγνοεῖ,
324 2012 462 2052 ἀγνοείτω.
487 2026 499 2040 ι
516 2011 661 2043 Τουτέστιν
674 2024 680 2031 ·
698 2012 771 2052 Ἐγὼ

0 2052 59 2088 πον·
84 2061 99 2089 ὁ
115 2058 199 2088 θέλων
227 2057 369 2089 πειθέσθω.
393 2058 434 2088 Τὸ
457 2057 485 2087 δὲ
508 2057 579 2088 οὕτω
598 2057 696 2097 λέγειν,
715 2070 770 2094 ση-

0 2103 45 2133 ιῑόν
68 2105 139 2133 ἐστιν
166 2103 257 2142 ἀνδρὸς
283 2103 321 2141 μὴ
336 2102 368 2133 τὸ
389 2103 485 2133 οἰκεῖον
507 2102 611 2141 θέλημα
624 2104 771 2132 συνιστῶν-

0 2160 24 2185 ις,
45 2149 115 2178 ἀλλὰ
139 2148 172 2178 τὸ
194 2149 269 2188 κοινῇ
284 2148 416 2189 συμφέρον
442 2150 613 2182 σκοποῦντος.
632 2148 719 2178 Εῖωθε
742 2147 770 2177 δὲ

0 2196 46 2223 εἷτο
59 2197 145 2223 ποιεῖν
171 2194 184 2222 ὁ
206 2193 326 2229 Παῦλος,
347 2192 408 2223 ἔνθα
433 2192 471 2232 μὴ
498 2191 600 2233 σφόδρα
628 2193 770 2233 ἀναγκαῖον

0 2249 29 2277 εει
44 2238 72 2268 τὸ
87 2237 252 2268 ἀντιτείνειν.
272 2238 307 2268 Τί
322 2237 374 2278 γὰρ
390 2238 491 2278 Παύλῳ
501 2239 646 2276 ἀναγκαῖον
661 2237 692 2267 τὸ
705 2239 770 2267 οἷνο-

0 2286 110 2320 nucem,
122 2283 172 2313 καὶ
187 2282 296 2318 πείθειν,
307 2282 348 2312 ὅτι
360 2284 432 2313 Θεοῦ
445 2283 512 2312 εἰσιν
523 2282 627 2311 ἐντολαὶ
648 2282 666 2312 ἃ
679 2281 750 2322 λέγει
761 2303 770 2319 ,

0 2326 20 2355 εὶ
41 2330 124 2357 ταῦτα
140 2327 207 2368 πρὸς
225 2327 346 2366 μαθητὰς
362 2328 443 2358 αὐτοῦ
456 2327 572 2366 λέγοντι,
600 2326 646 2357 καὶ
663 2327 771 2366 [ταῦτα]

3 2372 71 2401 πόντι
86 2373 127 2402 ὅτι
140 2374 154 2402 ὁ
167 2372 345 2411 πνευματικὸς
358 2372 533 2412 ἐπιγνώσεται
550 2374 648 2409 ταῦτα,
663 2371 703 2402 ὃτι
716 2372 772 2402 θεῖά

3 2428 40 2452 τι,
61 2417 195 2457 πρόδηλον
221 2416 285 2457 γὰρ,
312 2416 353 2446 ὅτι
377 2419 472 2450 πάντες
502 2416 533 2446 ἂν
560 2417 709 2457 ἐπέδραμον
734 2417 772 2457 τῷ

2 2466 53 2490 πεῖν
70 2462 138 2492 αὐτὰ
155 2465 224 2500 θεῖα,
239 2460 285 2491 ἵνα
299 2462 394 2497 δόξωσι
405 2462 590 2501 πνευματικοί.

21 2562 35 2580 σ
54 2551 160 2592 Ὥστε,
177 2552 286 2593 ἀδελφοί
308 2565 378 2592 μου,
398 2553 507 2589 ζηλοῦτε
530 2551 561 2582 τὸ
576 2550 770 2593 προφητεύειν,

0 2594 24 2623 αὶ
36 2596 65 2625 τὸ
78 2599 170 2627 λαλεῖν
188 2597 322 2638 γλώσσαις
336 2597 376 2638 μὴ
391 2597 518 2628 κωλύετε.
534 2608 550 2626 »
567 2598 637 2637 Περὶ
651 2598 702 2626 τῶν
719 2608 770 2637 χα-

0 2642 110 2679 ισμάτων
138 2637 301 2683 διαλεχθεὶς,
332 2637 390 2672 εἶτα
422 2641 588 2683 παρενέϐαλε
616 2642 696 2681 μέσον
724 2641 770 2671 τὸν

21 2731 108 2760 ‘Gen.
125 2739 177 2767 In,
194 2736 236 2761 16.

828 891 940 928 quidem
954 892 1036 920 rebus
1054 896 1082 920 et
1104 893 1206 920 anima:
1220 892 1384 927 commodis,
1398 892 1560 921 mulieribus
1579 893 1624 921 lo-

828 937 877 973 qui
889 937 1055 972 permissum
1065 941 1107 966 est
1120 938 1148 965 iu
1159 937 1283 965 ecclesia.

865 993 878 1006 σι
894 983 987 1018 Turpe
1014 986 1055 1011 est
1067 982 1139 1010 enim
1156 982 1316 1010 mulieribus
1334 982 1361 1010 in
1382 982 1492 1011 ecclesia
1506 983 1590 1020 loqui.
1606 993 1620 1010 ν

828 1026 1057 1064 Quandoquidem
1073 1027 1125 1055 illae
1139 1027 1232 1056 forsan
1246 1027 1380 1064 putabant
1393 1027 1446 1056 sibi
1457 1027 1550 1057 decori
1562 1036 1621 1057 esse

827 1072 857 1100 in
881 1072 995 1100 ecclesia
1019 1071 1157 1108 colloquia
1195 1072 1347 1108 spiritualia
1368 1073 1496 1108 miscere,
1524 1073 1581 1110 ipse
1606 1082 1622 1102 ο

827 1121 922 1145 contra
943 1117 997 1145 hoc
1024 1116 1077 1145 illis
1109 1117 1137 1145 in
1162 1116 1282 1146 dedecus
1309 1122 1336 1147 et
1360 1118 1494 1154 pudorem
1524 1118 1621 1148 cedere

827 1162 935 1190 asserit.

863 1209 953 1237 Vsus.
969 1210 1013 1236 36.
1030 1219 1042 1232 ιι
1054 1209 1098 1236 An
1107 1215 1123 1236 a
1138 1207 1214 1236 vobis
1227 1207 1341 1236 verbum
1351 1208 1402 1237 Dei
1413 1208 1545 1244 processit
1555 1211 1623 1238 Paut

827 1253 861 1281 ad
875 1261 923 1281 vos
937 1253 1011 1281 solos
1023 1253 1167 1289 pervenit?
1189 1264 1202 1277 η
1218 1253 1310 1281 Veluti
1333 1253 1462 1282 adversus
1484 1254 1621 1290 quosdam

827 1297 880 1326 sibi
894 1297 1114 1326 contradicentes
1134 1297 1179 1325 hic
1199 1305 1290 1326 sermo
1312 1297 1448 1326 formatus
1464 1303 1518 1326 est.
1542 1299 1618 1335 Quid

827 1342 913 1376 enim,
933 1343 1032 1379 inquit.
1046 1342 1114 1370 mihi
1132 1341 1324 1376 adversamini,
1337 1350 1388 1371 nec
1400 1343 1544 1379 pulchrum
1562 1351 1622 1372 esse

827 1387 931 1423 putatis
958 1386 1076 1415 feminas
1101 1387 1129 1414 in
1142 1387 1253 1415 ecclesia
1275 1389 1386 1415 tacere?
1410 1388 1551 1424 Numquid
1571 1396 1619 1416 vos

826 1431 891 1459 estis
909 1431 1057 1459 doctores?
1070 1435 1119 1460 aut
1134 1439 1150 1458 a
1160 1431 1235 1459 vobis
1247 1431 1310 1459 exiit
1321 1431 1478 1467 praedicatio
1489 1432 1567 1460 verbi
1583 1432 1618 1460 ad

827 1476 947 1512 reliquos
959 1478 972 1504 Ρ
985 1476 1027 1504 vel
1050 1475 1124 1512 apud
1138 1484 1187 1504 vos
1198 1475 1273 1504 solos
1288 1476 1406 1504 stabilita
1416 1481 1459 1505 est
1474 1476 1554 1510 ﬁdes,
1569 1485 1620 1505 nec

827 1525 937 1558 oportet
956 1529 1004 1550 vos
1019 1521 1053 1549 ab
1065 1521 1124 1550 aliis
1135 1524 1244 1557 recepta
1257 1521 1378 1558 recipere
1392 1524 1404 1550 Ρ
1426 1523 1522 1558 Neque
1536 1523 1619 1559 igitur

825 1574 872 1595 vos
895 1566 976 1602 primi
999 1566 1065 1595 estis
1089 1565 1198 1603 ﬁdeles,
1221 1574 1310 1602 neque
1340 1567 1400 1595 soli.
1429 1568 1498 1603 Quae
1526 1567 1621 1604 itaque

826 1611 954 1640 universo
968 1611 1077 1647 placent
1089 1611 1162 1645 orbi,
1176 1618 1224 1639 vos
1237 1611 1326 1640 etiam
1339 1619 1432 1640 amare
1447 1615 1568 1648 oportet.

859 1702 951 1731 νεεδ.
967 1705 1012 1730 37.
1029 1712 1043 1726 ι
1059 1701 1088 1730 Si
1100 1701 1163 1738 quis
1172 1701 1280 1730 videtur
1294 1701 1424 1738 propheta
1439 1709 1498 1730 esse
1509 1706 1556 1730 aut
1567 1702 1622 1739 spi-

824 1747 942 1782 ritualis,
955 1750 1086 1783 agnoscat
1111 1754 1173 1783 qua
1189 1746 1279 1775 scribo
1304 1747 1389 1780 vobis,
1410 1746 1486 1782 quod
1508 1747 1619 1775 Domini

824 1796 889 1820 sunt
899 1791 1039 1820 mandata.
1058 1803 1071 1815 ιι
1082 1791 1162 1827 Quod
1176 1792 1300 1819 omnium
1310 1796 1351 1819 est
1362 1791 1557 1825 fortissimum,
1573 1800 1623 1828 po-

825 1840 928 1864 stremo
938 1836 998 1864 loco
1010 1836 1112 1872 posuit,
1125 1837 1210 1870 Deus,
1221 1836 1360 1872 inquiens,
1372 1836 1431 1864 haec
1440 1836 1559 1872 imperat
1571 1844 1622 1872 per

825 1889 871 1909 me
886 1890 893 1908 :
908 1885 989 1917 atque
1002 1880 1056 1909 hoc
1070 1881 1183 1908 omnino
1197 1885 1355 1917 cognoscet,
1371 1881 1419 1918 qui
1439 1880 1512 1909 visus
1535 1881 1621 1909 fuerit

824 1925 896 1962 apud
906 1933 955 1954 vos
963 1933 1023 1954 esse
1034 1925 1176 1962 propheta,
1189 1925 1230 1953 vel
1244 1925 1319 1954 aliud
1328 1926 1468 1962 quoddam
1480 1925 1619 1962 spirituale

825 1970 928 1999 donum
948 1970 1056 2005 habeat,
1071 1970 1124 1998 hoc
1146 1974 1188 1998 est
1201 1970 1331 1999 scientiae.

861 2017 1003 2044 Vns.38.
1018 2025 1031 2041 ιι
1041 2015 1070 2044 Si
1080 2019 1171 2043 autem
1181 2015 1241 2052 quis
1250 2016 1369 2051 ignorat,
1394 2016 1507 2053 ignoret.
1523 2027 1536 2041 ιι
1559 2017 1620 2045 Hoc

824 2065 875 2095 est,
891 2062 949 2096 Ego
963 2060 1039 2089 dixi:
1056 2060 1101 2096 qui
1124 2061 1189 2095 vult,
1207 2060 1389 2096 obtemperet.
1418 2061 1462 2090 Sic
1487 2070 1551 2091 vero
1575 2061 1618 2090 lo-

824 2105 870 2142 qui
884 2105 1005 2134 hominis
1028 2110 1070 2133 est
1097 2113 1145 2133 sua
1159 2113 1215 2133 non
1227 2106 1458 2139 commendantis,
1485 2107 1534 2135 sed
1556 2115 1617 2136 rem

824 2150 959 2186 publicam
981 2150 1137 2185 spectantis.
1159 2150 1306 2178 Consuevit
1329 2154 1422 2178 autem
1450 2151 1549 2179 Paulus
1564 2151 1619 2180 hoc

825 2195 924 2230 facere,
938 2195 985 2224 ubi
996 2203 1053 2224 non
1064 2195 1213 2223 admodum
1226 2195 1409 2223 necessarium
1423 2199 1465 2223 est
1478 2204 1617 2232 opponere

824 2249 854 2269 se
864 2240 1003 2277 cuiquam.
1031 2239 1105 2276 Quid
1118 2240 1192 2268 enim
1216 2239 1301 2268 Paulo
1321 2240 1506 2268 necessarium
1536 2241 1616 2268 reniti

824 2285 899 2319 aliis,
912 2289 993 2322 atque
1003 2285 1166 2321 persuadere
1174 2285 1250 2318 velle,
1263 2284 1337 2320 quod
1351 2285 1402 2313 Dei
1416 2285 1471 2313 sint
1482 2285 1615 2314 mandata

826 2338 887 2367 quae
900 2330 983 2364 dicat,
997 2330 1078 2366 idque
1092 2338 1158 2358 cum
1172 2329 1207 2358 ad
1229 2329 1379 2366 discipulos
1397 2337 1462 2358 suos
1479 2330 1617 2366 loquatur.

826 2379 853 2404 et
863 2375 937 2404 dicat
953 2375 1123 2411 spiritualem
1137 2374 1281 2403 hominem
1290 2375 1449 2411 agniturum
1463 2375 1538 2411 quod
1559 2376 1618 2404 hinc

825 2420 916 2449 divina
931 2420 1006 2448 sint?
1017 2420 1192 2456 perspicuum
1207 2419 1279 2447 enim
1294 2424 1335 2448 est
1349 2427 1445 2448 omnes
1458 2428 1619 2449 assensuros

825 2473 889 2494 eum
907 2464 998 2494 divina
1023 2473 1054 2493 ac
1069 2465 1191 2493 coelestia
1214 2464 1300 2500 loqui,
1315 2472 1371 2501 quo
1385 2465 1536 2501 spirituales
1554 2473 1616 2494 esse

824 2509 977 2539 videantur.

860 2556 947 2583 Vens.
960 2557 1008 2583 39.
1028 2566 1041 2579 ιι
1057 2555 1164 2591 Itaque,
1179 2552 1278 2582 fratres
1291 2553 1357 2588 mei,
1372 2554 1542 2583 temulamini
1557 2563 1620 2590 pro-

826 2600 948 2637 phetare,
963 2604 992 2627 et
1008 2599 1110 2636 linguis
1124 2598 1198 2635 loqui
1217 2606 1253 2626 ne
1269 2599 1448 2634 prohibeatis.
1471 2611 1483 2624 -
1508 2599 1564 2628 Ubi
1586 2600 1620 2627 de

824 2644 1038 2674 charismatibus
1047 2645 1222 2680 disputasset,
1234 2651 1398 2673 sermonem
1409 2643 1444 2673 de
1457 2643 1618 2672 mulieribus

671 2772 768 2803 Variae
791 2771 941 2803 lectiones.

17 2823 34 2839 ³³
49 2824 120 2857 ἰδίους
135 2834 162 2854 ο.
201 2826 222 2843 ⁴⁰
237 2827 333 2863 μάθωσι
347 2835 374 2855 0.
412 2826 431 2843 “
449 2825 496 2861 χρὴ
513 2835 540 2855 ο.
