1867 3081
267 177 315 203 751

776 174 1031 202 THEOPHYLACTI
1048 173 1227 201 BULGARIIE
1246 175 1403 202 ARCHIEP.
1514 179 1517 182 '
1820 180 1846 206 75!

265 237 293 265 in
307 237 432 265 medium
453 236 558 264 inserit.
585 236 666 264 Nunc
682 239 778 264 autem
802 244 899 265 rursus
918 236 953 265 de
975 236 1057 264 chari-

1115 237 1176 277 περὶ
1199 239 1252 266 τῶν
1274 238 1406 276 γυναικῶν
1427 237 1504 276 λόγον
1517 249 1524 256 ·
1550 239 1595 266 νῦν
1619 232 1661 267 οὖν
1676 237 1748 267 ¹πάλιν
1765 240 1845 278 malim

265 281 402 309 smatihus
437 280 559 314 disserit,
599 281 704 316 primas
740 280 894 317 prophetiae
926 281 1061 315 tribuens,

267 337 282 350 «
308 325 497 358 Emnlamini,
526 334 541 352 ι)
557 325 701 360 inquiens:
717 325 852 354 secundas
866 333 930 353 vero
953 325 1061 362 linguis.

266 370 350 406 Atqui
360 378 417 398 non
431 370 510 404 dixit,
525 370 682 398 Permittite
697 370 784 406 loqui,
800 370 858 404 sed,
879 382 892 395 α
908 371 949 398 Ne
968 370 1062 406 prohi-

266 415 330 443 bete
352 424 360 442 :
383 427 397 440 :n
424 414 499 451 quod
517 414 609 443 dicere
632 414 754 443 solemus
779 415 808 442 in
831 415 912 443 rebus
933 423 989 443 non
1012 423 1062 443 ne-

266 460 402 495 cessariis,
431 467 523 496 neque
550 458 738 494 adhortantes,
760 467 849 496 neque
875 459 1060 488 dehortantes.

264 551 269 564 ’
299 550 392 579 Vsns.
404 552 449 578 4ο,
463 559 478 576 ιι
491 549 594 578 Omnia
608 549 708 578 decore
719 556 751 577 ac
765 548 921 578 secundum
934 549 1061 578 ordinem

266 595 344 623 ﬁant.
362 606 375 619 ι
390 593 481 622 Veluti
497 594 526 622 in
539 602 647 623 summa
665 594 710 622 hic
724 594 815 623 omnia
827 593 948 631 corrigit,
959 598 987 622 et
1000 601 1062 630 quae

266 639 302 667 ad
316 647 364 667 eos
375 639 419 676 qui
440 639 540 675 linguis
555 639 716 675 loquuntur,
730 643 758 667 et
772 646 835 675 quae
847 639 883 667 ad
893 639 1024 667 mulieres
1033 639 1062 666 in

266 684 380 712 ecclesia
403 684 546 720 loquentes
560 683 644 719 215
670 683 806 720 pertinent
822 693 828 711 :
855 691 887 712 ac
901 684 1062 720 simpliciter

267 730 371 764 omnia,
382 736 443 765 quae
452 728 524 765 apud
533 729 593 756 illos
600 728 673 757 haud
679 729 755 765 justo
766 728 861 757 ordine
867 729 945 756 ﬁunt.
956 730 1061 757 Dacore

267 779 362 802 autem
377 777 404 802 et
417 773 515 802 ordine
529 773 589 801 ﬁeri
603 778 715 810 queant,
729 773 750 801 si
776 773 795 801 ii
819 774 863 809 qui
892 773 991 810 linguis
1019 773 1060 801 lo-

266 823 389 855 quuntur
403 826 466 846 cum
485 818 708 854 interpretatione
727 819 887 855 loquantur,
901 822 929 846 et
942 826 1000 846 non
1014 826 1060 846 ve-

1117 281 1293 321 χαρισμάτων
1321 281 1409 322 λέγει,
1434 281 1480 311 καὶ
1564 282 1707 322 προφητείᾳ
1727 281 1757 312 τὰ
1773 285 1846 323 πρωαῖι

1119 326 1240 363 δίδωσιν,
1256 325 1353 355 εἰπών·
1373 339 1385 353 α
1408 327 1526 360 Ζηλοῦτε
1536 337 1543 345 ·
1561 338 1577 354 π
1593 326 1650 359 ταῖς
1674 326 1700 355 δὲ
1713 327 1821 366 γλώσσαις,
1830 330 1846 356 τὲ

1118 371 1261 410 δευτερεῖα.
1277 371 1337 401 Οὐκ
1361 366 1418 400 εἷπε
1439 369 1481 407 δὲ,
1497 370 1674 410 Ἐπιτρέπετε
1691 371 1780 409 λαλεῖν,
1800 372 1847 407 ἀλλὰ,

1122 426 1137 445 (ι
1157 415 1205 451 Μὴ
1222 414 1337 445 κωλύετε
1349 427 1355 433 ·
1374 428 1387 442 ι
1408 415 1474 455 ὅπερ
1493 414 1624 454 εἰώθαμεν
1647 415 1724 455 λέγειν
1738 416 1847 454 signa”,

1117 459 1287 500 ἀναγκαίων,
1325 460 1393 499 μήτε
1443 460 1649 501 προτρέποντες,
1681 460 1743 499 μήτε
1774 462 1847 501 impi-

1117 516 1219 538 ποντες.

1162 560 1177 579 (ι
1198 549 1293 580 Πάντα
1317 549 1490 590 εὐσχημόνως
1512 549 1558 579 καὶ
1572 549 1642 580 κατὰ
1662 549 1729 585 τάξιν
1741 549 1846 590 γινέσθω.ι

1117 593 1167 628 Ὣς
1191 596 1218 624 ἐν
1236 594 1373 635 κεφαλαίῳ
1397 595 1432 624 τὰ
1455 594 1545 624 πάντα
1570 595 1729 635 διορθοῦται,
1748 595 1775 624 τά
1786 607 1807 624 τι
1820 597 1848 624 τῶν

1116 639 1251 678 γλώσσαις
1264 639 1425 675 λαλούντων,
1442 639 1477 668 τά
1500 651 1529 668 τε
1549 641 1603 669 τῶν
1617 641 1746 669 λαλουσῶν
1759 640 1780 668 ἐν
1792 640 1848 673 ἐχιλι-

1117 684 1162 724 σία
1179 686 1311 724 γυναικῶν
1321 696 1329 704 ·
1343 684 1389 714 καὶ
1403 684 1510 720 ἁπλῶς,
1527 684 1615 714 πάντα
1637 684 1670 714 τὰ
1683 685 1740 724 περ’
1753 684 1817 718 αὐτοῖς
1829 685 1848 720 μὲ

1115 729 1186 760 κατὰ
1211 728 1283 763 τάξιν
1299 729 1435 769 γινόμενα.
1462 729 1647 769 Εὖσχημόνως
1662 729 1686 758 δ’
1699 729 1729 758 ἂν
1741 728 1816 768 γένοιτο
1825 740 1849 757 ιιι

1116 774 1186 804 κατὰ
1209 774 1301 813 τάξιν,
1325 776 1348 804 εἰ
1374 775 1397 804 οἱ
1423 773 1558 813 γλώσσαις
1582 775 1721 808 λαλοῦντες
1741 773 1849 812 μεθ’ἑρμη-

1116 819 1221 853 νείας⁴²
1236 820 1365 856 λαλοῦσι,
1384 818 1431 849 καὶ
1455 818 1492 858 μὴ
1514 821 1550 852 ὥς
1572 819 1736 858 μαινόμενον
1749 819 1769 848 εί
1782 819 1800 847 οἱ
1814 829 1850 856 ag:-

265 864 315 891 luti
329 863 509 897 insanientes,
527 862 549 891 si
567 863 710 900 propheta
733 863 786 892 sibi
809 867 907 892 mutuo
921 863 1028 898 cedant,
1038 862 1057 891 si

1117 866 1199 905 φῆται
1237 864 1361 901 ἀλλήλοις
1401 866 1608 905 παραχωροῦσιν
1621 887 1631 904 ,
1665 864 1687 894 εἷ
1723 865 1748 893 αἱ
1775 866 1850 902 γυναῖιες

265 908 375 936 femina:
386 907 581 936 conticescant.

562 975 685 1004 CAPUT
703 975 766 1004 XV.

299 1045 390 1072 Vsus.
406 1045 432 1071 ι.
453 1054 467 1067 «
496 1043 602 1070 Notum
627 1046 720 1070 autem
745 1041 816 1070 facio
849 1041 927 1071 vobis
954 1042 1060 1077 fratres,

265 1087 445 1124 Evangelium
464 1086 539 1123 quod
550 1086 693 1122 pradicavi
715 1086 804 1114 vobis.
821 1098 835 1112 ν
850 1087 1016 1115 Sermonem
1027 1087 1062 1116 de

265 1131 467 1160 resurrectione
493 1131 663 1168 aggreditur,
699 1131 746 1167 qui
779 1135 864 1167 caput
884 1135 926 1160 est
960 1136 1061 1160 nostra!

264 1177 339 1205 ﬁdei.
364 1177 392 1204 Si
407 1176 481 1204 enim
494 1183 551 1204 non
567 1179 609 1204 est
632 1175 811 1211 resurrectio,
826 1184 913 1212 neque
935 1175 1061 1204 Christus

264 1222 396 1250 excitatus
409 1225 461 1250 est.
477 1220 559 1257 Quod
578 1221 601 1248 si
616 1228 676 1248 non
690 1224 732 1249 est
748 1221 894 1254 excitatus,
908 1229 998 1258 neque
1017 1221 1059 1249 in-

264 1271 394 1295 carnatus
406 1270 448 1294 est
463 1274 470 1294 :
486 1265 659 1302 efﬁciturque
676 1265 726 1293 hac
747 1265 866 1300 ratione,
881 1269 912 1294 ut
934 1266 1060 1294 universa

263 1311 332 1339 ﬁdes
343 1315 436 1339 nostra
451 1314 605 1339 evanescat.
622 1310 762 1345 Quoniam
789 1311 876 1346 igitur
898 1311 1061 1339 resurrectio

263 1356 338 1392 apud
361 1355 518 1384 Corinthios
546 1355 583 1383 ita
621 1355 793 1383 claudicabat
815 1355 890 1391 (nam
925 1356 1060 1391 sapientes

262 1405 373 1428 externa
398 1400 531 1435 sapientia
559 1399 639 1435 clari,
661 1400 756 1428 omnia
771 1401 954 1435 suscepissent
968 1400 1060 1435 potius

262 1453 344 1481 quam
366 1444 618 1478 resurrectionem),
647 1443 682 1471 de
706 1443 759 1471 hoc
783 1443 925 1472 contendit
949 1444 1057 1472 Paulus.

263 1489 472 1525 Sapientissime
490 1496 554 1516 vero
578 1488 645 1523 ipsis
664 1488 691 1515 in
708 1488 873 1516 memoriam
899 1493 1008 1516 revocat
1026 1497 1058 1516 ea

263 1542 326 1570 qua;
343 1534 401 1570 jam
415 1537 495 1561 antea
511 1533 622 1560 illorum
635 1531 698 1560 ﬁdei
714 1533 864 1561 commissa
883 1537 972 1560 erant.
984 1533 1057 1561 Nihil

262 1578 339 1606 enim
366 1585 481 1611 novum,
502 1576 601 1612 inquit,
627 1576 704 1604 vobis
727 1576 799 1611 dico,
821 1577 868 1605 sed
895 1577 971 1613 quod
1000 1578 1059 1614 jam

263 1625 345 1650 antea
357 1621 435 1649 vobis
446 1620 599 1657 cognitum,
618 1620 751 1648 oblivioni
762 1628 828 1649 vero
838 1621 972 1649 traditum
989 1626 1059 1654 erat,

262 1665 337 1694 istud
357 1665 432 1694 vobis
454 1669 554 1693 notum
573 1664 658 1698 facio,
690 1664 742 1693 hoc
768 1669 811 1694 est
833 1665 869 1693 ad
892 1666 1059 1694 memoriam

261 1710 338 1738 vobis
350 1717 459 1738 revoco.
481 1711 591 1738 Fratres
606 1713 698 1737 autem
721 1717 768 1738 eos
782 1710 933 1746 appellans,
960 1711 1059 1747 partim

262 1755 386 1792 placavit,
398 1754 498 1791 partim
513 1755 541 1782 in
561 1754 724 1783 memoriam
737 1759 850 1783 revocat
871 1755 945 1784 unde
960 1755 1060 1784 fratres

260 1799 323 1828 facti
336 1800 435 1834 simus,
453 1799 585 1827 nimirum
604 1803 665 1827 tum
686 1800 721 1827 ab
734 1799 867 1827 incarnati
885 1800 988 1828 Christi
1009 1800 1060 1828 ad-

260 1849 353 1879 ventu,
367 1845 447 1881 cujus
461 1844 529 1873 fides
555 1845 582 1872 in
610 1844 763 1880 periculum
777 1844 977 1878 adducebatur,
999 1849 1059 1873 tum

261 1899 277 1920 a
303 1890 480 1927 baptismate,
509 1889 587 1926 quod
618 1890 766 1926 sepulturae
794 1894 822 1917 et
852 1890 1060 1919 resurrectionis

260 1935 372 1964 Domini
385 1939 467 1971 typus
480 1938 532 1962 est.
555 1935 733 1970 Evangelium
746 1937 838 1962 autem
864 1934 969 1969 dicens,
980 1935 1060 1962 innu-

261 1988 403 2008 merorum
424 1979 563 2006 bonorum
587 1979 724 2012 meminit,
744 1979 841 2014 quibus
867 1987 917 2014 per
929 1979 1059 2007 incarnati

263 2025 367 2053 Christi
378 2024 531 2052 adventum
543 2027 571 2050 et
584 2023 813 2051 resurrectionem
836 2024 917 2059 potiti
935 2031 1041 2052 sumus.

302 2078 316 2094 «
330 2068 413 2103 Quod
427 2072 454 2096 et
475 2067 626 2103 accepistis.
642 2077 655 2092 ι)
680 2068 740 2094 Non
761 2067 839 2101 dixit,
863 2067 937 2103 quod
958 2068 1062 2096 audivi-

261 2114 322 2147 stis,
339 2113 387 2141 sed
409 2121 416 2140 :
442 2121 455 2137 ι(
472 2112 553 2147 Quod
569 2112 725 2148 accepistis;
746 2122 760 2138 ι)
777 2120 833 2139 non
845 2113 918 2140 enim
934 2120 1061 2141 sermone

262 2161 380 2191 tantum,
401 2156 450 2185 sed
466 2164 515 2192 per
529 2164 612 2192 opera
633 2160 661 2185 et
676 2156 808 2184 miracula
822 2157 999 2193 Evangelium
1013 2165 1061 2185 ac-

1113 911 1217 950 σιγῶσι.

1394 972 1540 1004 ΚΕΦΑΔ.
1569 973 1629 1002 ΙΕ’.

1154 1049 1170 1069 α
1194 1039 1319 1080 Γνωρίζω
1348 1038 1376 1068 δὲ
1407 1040 1479 1078 ὑμῖν,
1504 1039 1625 1080 ἀδελφοὶ,
1648 1038 1679 1068 τὸ
1704 1038 1850 1078 Εὖαγγίλιονξ

1113 1085 1328 1124 εὐηγγελισάμην
1352 1086 1425 1123 ὑμῖν.
1443 1097 1455 1111 ιι
1477 1084 1524 1118 Εἷς
1537 1084 1582 1113 τὸν
1596 1084 1659 1124 περὶ
1674 1086 1723 1120 ’τῆς
1736 1082 1855 1126 livens/cm,

1111 1130 1188 1170 λόγον
1210 1129 1350 1159 εἰσϐάλλει
1361 1141 1368 1148 ·
1382 1128 1411 1163 ὅς
1426 1130 1482 1159 ἐστι
1495 1129 1525 1159 τὸ
1548 1129 1694 1170 κεφάλαιον
1715 1130 1758 1163 τῆς
1771 1127 1855 1166 ἡμετέρας,

1111 1175 1234 1208 πίστεως.
1263 1176 1297 1205 Εἰ
1320 1174 1371 1214 γὰρ
1390 1175 1438 1204 οὐκ
1460 1174 1531 1204 ἔστιν
1556 1174 1718 1211 ἀνάστασις,
1737 1173 1850 1210 οὖδὲὸΧρ·

1111 1221 1171 1254 στὸς
1194 1219 1313 1260 ἠγέρθη·
1339 1219 1362 1247 εἰ
1388 1218 1416 1248 δὲ
1443 1219 1491 1248 οὐχ
1514 1218 1634 1259 ἠγέρθη,
1664 1219 1722 1248 οὗδὲ
1748 1215 1842 1260 ἐσαριῶθξ

1110 1264 1157 1294 καὶ
1179 1255 1262 1297 οὕτως
1284 1262 1387 1304 οἴχεται
1411 1265 1428 1299 ἡ
1443 1268 1520 1293 πᾶσα
1540 1255 1623 1302 ’ἡμῶν
1648 1263 1742 1297 πίστις.
1757 1255 1817 1292 Ἐπεὶ
1830 1255 1855 1302 σῖτγ

1110 1309 1192 1343 οὕτως
1215 1303 1332 1349 ἐχώλευε
1357 1308 1432 1348 παρὰ
1461 1312 1516 1342 τοῖς
1544 1308 1692 1348 Κορινθίοις
1719 1307 1754 1347 (οί
1775 1306 1814 1346 γὰρ
1828 1303 1855 1338 ξεί

1110 1354 1186 1395 σοφοὶ
1213 1354 1302 1383 πάντα
1338 1352 1370 1382 ἂν
1398 1352 1571 1387 κατεδέξαντο
1598 1352 1616 1389 ἢ
1647 1353 1695 1388 τὴν
1726 1351 1849 1386 ἀνάστασιν).

1111 1398 1172 1436 περὶ
1189 1397 1284 1427 τούτου
1307 1397 1465 1436 ἀγωνίζεται
1484 1398 1600 1431 Παῦλος.
1623 1396 1768 1438 Σοφώτατα
1779 1395 1801 1425 δὲ
1818 1395 1855 1424 ἀνα-ἶ

1112 1443 1259 1480 μιμνήσκει
1288 1442 1382 1478 αὖτοὺς
1411 1444 1464 1472 τῶν
1501 1442 1553 1478 ἤδη
1586 1443 1678 1476 αὐτοῖς
1704 1439 1855 1482 πιστευθέντα-ι

1089 1518 1097 1529 Ἰ
1112 1486 1197 1517 Οὐδὲν
1220 1488 1272 1527 γὰρ
1299 1487 1379 1524 ξένον,
1397 1487 1473 1528 φησὶ,
1496 1487 1568 1526 λέγω
1595 1489 1678 1525 ὑμῖν·
1705 1486 1769 1516 ἀλλὰ
1790 1485 1812 1514 τὸ
1826 1484 1848 1517 ἦθ’

1089 1538 1098 1549 Δ
1112 1532 1256 1551 mum-Al“
1277 1534 1339 1551 5...?“
1374 1532 1499 1551 ξηιλ-ἡκ.
1515 1532 1542 1551 Σὲ
1581 1534 1661 1551 -λῗῖυλ
1683 1531 1790 1551 υ.....,.ίγ...
1815 1511 1855 1551 (θερί

1112 1532 1256 1572 γνωρισθὲν
1277 1534 1355 1571 ὖμῖν,
1374 1532 1499 1562 διαλαοὸν
1515 1532 1556 1570 δὲ,
1581 1534 1662 1562 τοῦτο
1683 1531 1801 1572 γνωρίζω,
1815 1539 1848 1557 των

1114 1576 1197 1616 ἐστιν,
1225 1577 1469 1616 ἐπαναμιμνήσκω.
1487 1576 1624 1617 Ἂδελφοὺς
1649 1577 1677 1606 δὲ
1693 1576 1779 1609 αὐτοὺς
1797 1574 1850 1610 Grais

1114 1633 1179 1658 σας,
1196 1621 1254 1660 ἅμα
1270 1621 1317 1659 μὲν
1334 1622 1526 1662 κατεπράϋνεν,
1543 1621 1601 1660 ἅμα
1628 1622 1656 1652 δὲ
1674 1621 1812 1660 ἀνέμνησεν,
1825 1618 1850 1646 ἓν

1114 1666 1222 1707 ἀδελφοὶ
1246 1666 1406 1706 γεγόναμεν,
1432 1667 1477 1696 καὶ
1501 1665 1541 1695 ὅτι
1563 1666 1616 1695 ἀπὸ
1631 1669 1680 1702 τῆς
1699 1666 1809 1705 ἐνσάρχου
1821 1663 1849 1708 Χρὴ

1114 1713 1176 1740 στόῦ
1205 1711 1352 1750 παρουσίας
1377 1711 1431 1747 ﬁ“
1459 1710 1604 1741 κινδυνεύει
1639 1712 1814 1747 ἆπιστηθῆναι·
1832 1716 1852 1734 ﬂ"

1113 1755 1154 1785 ὅτι
1169 1755 1222 1785 ἀπὸ
1235 1742 1280 1785 τοῦ
1297 1742 1501 1796 βαπτίσματος,
1517 1755 1531 1785 ὃ
1555 1757 1603 1792 τῆς
1622 1758 1710 1796 ταφῆς
1723 1742 1764 1785 sui
1776 1755 1812 1788 ἧς
1822 1742 1855 1799 ibi

1114 1799 1231 1834 στάσεως
1245 1794 1407 1841 τοῦ-Κυρίου
1425 1800 1482 1830 ἐστὶ
1504 1799 1598 1835 τύπος.
1617 1794 1674 1830 Καὶ
1691 1794 1852 1840 Εὖαγγέλιονδέ

1114 1844 1212 1882 εἰπὼν,
1226 1847 1277 1875 τῶν
1302 1845 1402 1886 μυρίων
1417 1846 1524 1884 ἀγαθῶν
1549 1845 1699 1883 ἀνέμνησεν
1710 1867 1718 1882 ,
1732 1841 1766 1874 ὧν
1786 1842 1852 1871 ἀτελῆ·

1114 1900 1198 1928 σαμεν
1218 1890 1262 1919 διὰ
1283 1892 1330 1926 τῆς
1349 1889 1476 1930 ἐνσάρκου
1492 1890 1640 1930 παρουσίας
1656 1891 1702 1920 καὶ
1723 1892 1766 1926 τῆς
1784 1889 1853 1917 dile

1115 1946 1190 1969 σεως.

1160 2078 1175 2096 (ι
1196 2067 1233 2097 ⁸0
1247 2067 1292 2096 καὶ
1306 2067 1481 2108 παρελάϐετε.
1499 2081 1511 2094 ιι
1533 2068 1592 2097 Οὐκ
1606 2063 1683 2098 εἶπεν
1693 2091 1701 2106 ,
1715 2067 1752 2098 ⁸0
1764 2065 1855 2103 ἠκούσιῆ

1116 2111 1188 2149 ἀλλ’,
1202 2125 1216 2138 ι
1229 2110 1268 2143 ⁸0
1282 2112 1458 2151 παρελάϐετε.
1479 2125 1495 2142 ιν
1516 2113 1558 2143 Οὖ
1572 2112 1646 2153 λόγῳ
1667 2113 1718 2152 γὰρ
1737 2112 1810 2150 μόνον,

1115 2157 1160 2187 καὶ
1182 2157 1216 2186 δι’
1242 2156 1326 2197 ἔργων
1347 2156 1394 2187 καὶ
1410 2157 1554 2196 θαυμάτων
1578 2157 1646 2187 αὐτὸ
1669 2155 1820 2197 παρέλαϐον·
1835 2154 1855 2178 ω

261 2206 408 2238 ceperant;
421 2206 448 2229 et
456 2201 539 2229 simul
552 2205 583 2229 ut
598 2201 637 2230 eis
658 2201 820 2237 persuadeat
836 2206 866 2230 ut
875 2202 928 2230 hoc
941 2209 992 2230 ceu
1008 2202 1056 2230 de-

1114 2202 1171 2241 ἄμα
1189 2201 1236 2230 ἵνα
1260 2201 1340 2242 πείσῃ
1362 2201 1455 2236 αὖτοὺς
1477 2204 1514 2236 ὥς
1535 2202 1764 2242 παρακαταθήκην
1781 2199 1855 2234 ιιιιτέιεπ

261 2250 382 2286 positum
403 2248 552 2276 retineant.

299 2306 311 2318 ει
336 2296 367 2322 In
391 2301 446 2330 quo
471 2297 499 2321 et
524 2294 612 2327 statis,
638 2301 686 2329 per
714 2293 790 2330 quod
812 2298 839 2322 et
867 2295 1019 2323 salvamini.
1043 2305 1056 2321 ι)

262 2338 377 2367 Etiamsi
392 2338 518 2366 concussi
540 2338 666 2366 nonnihil
683 2343 787 2373 essent,
805 2342 879 2367 stare
892 2343 986 2367 tamen
1011 2347 1058 2368 eos

263 2383 360 2411 asserit
372 2383 402 2410 in
420 2383 483 2418 hoc,
497 2382 612 2411 libenter
623 2383 760 2411 simulans
775 2391 805 2411 se
828 2384 965 2420 ignorare,
978 2389 1058 2420 atque

262 2431 439 2456 antevertens
453 2435 511 2461 eos,
535 2432 576 2461 nt,
593 2428 702 2456 etiamsi
716 2428 838 2455 maxime
852 2428 946 2463 velint,
957 2436 1058 2465 negare

261 2476 353 2501 tamen
376 2472 449 2501 haud
471 2473 587 2508 possint.
604 2472 675 2507 Quid
697 2475 790 2499 autem
810 2472 878 2500 lucri
901 2473 964 2507 erit,
979 2473 1003 2501 si
1029 2473 1057 2500 in

262 2518 316 2546 isto
329 2517 471 2551 steteritis,
485 2517 629 2550 nimirum,
644 2521 675 2545 ut
688 2516 838 2544 salvemini.

295 2564 387 2591 Vsus.
406 2566 433 2591 2.
455 2573 467 2587 α
495 2563 555 2598 Qua
576 2562 683 2590 ratione
709 2561 914 2597 praedicaverim
936 2563 1024 2591 vobis.
1039 2573 1052 2590 ι)

261 2608 342 2644 Quod
355 2608 404 2642 ait,
430 2607 588 2644 hujusmodi
603 2607 735 2643 quiddam
756 2611 797 2635 est
818 2615 826 2635 :
856 2609 897 2635 De
912 2607 966 2636 hoc
981 2608 1056 2643 quod

261 2652 426 2682 resurrectio
449 2653 496 2687 sit,
515 2652 582 2680 nihil
597 2652 675 2680 vobis
689 2652 781 2680 indico
797 2661 804 2680 :
832 2652 1055 2689 quandoquidem

262 2698 314 2727 hac
334 2698 365 2726 in
377 2705 408 2726 re
418 2705 476 2727 non
489 2698 572 2726 eratis
586 2697 721 2726 concussi.
738 2697 828 2734 Hujus
838 2702 929 2726 autem
941 2696 1057 2726 fortasse

1115 2247 1189 2277 αὖτό.

1159 2303 1175 2321 α
1196 2291 1244 2322 Ἐν
1259 2287 1282 2331 ᾧ
1296 2291 1342 2320 καὶ
1352 2291 1497 2329 ἑστήκατε,
1512 2292 1547 2321 δι’
1561 2287 1591 2321 οἷ
1606 2292 1652 2322 καὶ
1665 2291 1783 2326 σώζεσθε.
1794 2301 1806 2316 ι
1819 2287 1855 2331 KX"

1113 2348 1154 2366 τοι
1179 2330 1388 2374 σαλευομένους,
1414 2336 1488 2375 ὅμως
1512 2336 1622 2366 ἑστάναι
1652 2338 1680 2366 ἐν
1704 2335 1783 2375 τούτῳ
1802 2330 1855 2373 me

1115 2381 1181 2411 ἑκὼν
1198 2381 1422 2420 προσποιούμενος
1444 2381 1559 2418 ἀγνοεῖν,
1577 2382 1624 2410 καὶ
1642 2376 1855 2421 προιιαταλιιξ-ιὸσένίθ1

1114 2425 1222 2459 αὐτούς’
1237 2424 1282 2454 ἵνα
1300 2424 1376 2464 μηδὲ,
1399 2427 1423 2455 εἰ
1446 2425 1548 2466 σφόδρα
1568 2420 1729 2465 βουληθεῖεν,
1743 2420 1855 2464 ignium"

1114 2469 1252 2499 δύνωνται.
1275 2469 1310 2500 Τί
1326 2469 1354 2499 δὲ
1379 2469 1410 2499 τὸ
1433 2470 1523 2510 κέρδος
1537 2472 1584 2499 τοῦ
1609 2472 1637 2500 ἐν
1658 2469 1743 2510 τούτῳ
1764 2467 1855 2497 {statim

1113 2514 1154 2544 Τὸ
1167 2513 1307 2549 σώζεσθαι.

1155 2571 1170 2589 α
1192 2559 1254 2589 Τίνι
1277 2559 1348 2600 λόγῳ
1373 2559 1587 2603 εὐηγγελισάμην
1608 2561 1683 2598 ὑμῖν.
1708 2573 1720 2586 ι
1743 2553 1855 2603 Imm-1*:

1113 2604 1184 2644 λέγει
1194 2615 1202 2623 ·
1224 2603 1292 2643 Περὶ
1314 2603 1362 2643 μὲν
1383 2606 1430 2634 τοῦ
1446 2599 1513 2634 εἶναι
1529 2605 1689 2640 ἀνάστασιν,
1703 2601 1772 2633 οὐδὲν
1783 2599 1855 2644 γναξρξῖ¹

1113 2651 1176 2688 ὖμῖν
1188 2660 1196 2668 ⁸
1216 2649 1262 2678 καὶ
1276 2648 1328 2688 γὰρ
1349 2648 1409 2678 οὐδὲ
1430 2650 1644 2690 παρεσαλεύΘ-ητε
1659 2650 1686 2678 ἄν
1708 2648 1795 2692 τούτῳ.

1113 2694 1141 2723 δὲ
1155 2694 1218 2727 ἴσως
1239 2694 1325 2723 δεῖσθε
1343 2693 1448 2732 μαθεῖν,
1462 2694 1512 2724 τίνι
1527 2694 1618 2735 τρόπῳ
1631 2693 1746 2733 γίνεσθαι
1761 2691 1800 2726 τὴν
1817 2691 1855 2714 ἀν³¹

955 2785 1053 2815 Variae
1067 2785 1216 2815 lectiones.

294 2830 315 2847 ⁴²
330 2830 454 2866 ἑρμηνέως
469 2838 495 2858 ο,
535 2829 556 2848 ⁸³
573 2830 602 2863 ἢν
614 2838 642 2858 ο.
