  <div class='ocr_page' id='page_1' title='image "/cluster/home/n/w/nwhite01/storage/ocr_20150623/124/njp.32101010942728/510.png"; bbox 0 0 1867 3081; ppageno 0'>
   <div class='ocr_carea' id='block_1_1' title="bbox 0 172 1186 202">
    <p class='ocr_par' dir='ltr' id='par_1_1' title="bbox 0 172 1186 202">
     <span class='ocr_line' id='line_1_1' title="bbox 0 172 1186 202; baseline 0.003 -3"><span class='ocrx_word' id='word_1_1' title='bbox 0 173 40 200; x_wconf 82' lang='lat'><strong>753</strong></span> <span class='ocrx_word' id='word_1_2' title='bbox 415 172 590 201; x_wconf 78' lang='lat' dir='ltr'><strong>EXPOSI&#39;I&#39;IO</strong></span> <span class='ocrx_word' id='word_1_3' title='bbox 610 173 644 202; x_wconf 87' lang='lat' dir='ltr'><strong>IN</strong></span> <span class='ocrx_word' id='word_1_4' title='bbox 663 173 767 202; x_wconf 80' lang='lat' dir='ltr'><strong>EPIST.</strong></span> <span class='ocrx_word' id='word_1_5' title='bbox 791 175 799 201; x_wconf 97' lang='grc' dir='ltr'><strong>Ι</strong></span> <span class='ocrx_word' id='word_1_6' title='bbox 819 174 866 202; x_wconf 75' lang='grc' dir='ltr'><strong>ΑΒ</strong></span> <span class='ocrx_word' id='word_1_7' title='bbox 885 174 963 202; x_wconf 80' lang='lat' dir='ltr'><strong>COR.</strong></span> <span class='ocrx_word' id='word_1_8' title='bbox 984 189 1018 195; x_wconf 94' lang='lat'><strong>—</strong></span> <span class='ocrx_word' id='word_1_9' title='bbox 1037 175 1113 202; x_wconf 80' lang='lat' dir='ltr'><strong>CAP.</strong></span> <span class='ocrx_word' id='word_1_10' title='bbox 1134 175 1186 202; x_wconf 85' lang='lat' dir='ltr'><strong>XV.</strong></span> 
     </span>
    </p>
   </div>
   <div class='ocr_carea' id='block_1_2' title="bbox 1579 175 1631 203">
    <p class='ocr_par' dir='ltr' id='par_1_2' title="bbox 1579 175 1631 203">
     <span class='ocr_line' id='line_1_2' title="bbox 1579 175 1631 203; baseline 0.019 -1"><span class='ocrx_word' id='word_1_11' title='bbox 1579 175 1631 203; x_wconf 72' lang='grc'><strong>754</strong></span> 
     </span>
    </p>
   </div>
   <div class='ocr_carea' id='block_1_3' title="bbox 0 234 772 276">
    <p class='ocr_par' dir='ltr' id='par_1_3' title="bbox 0 234 772 276">
     <span class='ocr_line' id='line_1_3' title="bbox 0 234 772 276; baseline 0.001 -12"><span class='ocrx_word' id='word_1_12' title='bbox 0 247 79 265; x_wconf 74' lang='grc' dir='ltr'>ιτασιν</span> <span class='ocrx_word' id='word_1_13' title='bbox 102 234 313 274; x_wconf 64' lang='grc' dir='ltr'>εὖτιγγύισάμην</span> <span class='ocrx_word' id='word_1_14' title='bbox 337 235 415 273; x_wconf 71' lang='grc' dir='ltr'><strong>ὖμῖνο</strong></span> <span class='ocrx_word' id='word_1_15' title='bbox 429 236 508 265; x_wconf 75' lang='grc' dir='ltr'>τοῦτο</span> <span class='ocrx_word' id='word_1_16' title='bbox 532 234 559 265; x_wconf 78' lang='grc' dir='ltr'><strong>δὲ</strong></span> <span class='ocrx_word' id='word_1_17' title='bbox 583 235 628 265; x_wconf 77' lang='grc' dir='ltr'>καὶ</span> <span class='ocrx_word' id='word_1_18' title='bbox 654 235 772 276; x_wconf 78' lang='grc' dir='ltr'><strong>γνωρίζω</strong></span> 
     </span>
    </p>
   </div>
   <div class='ocr_carea' id='block_1_4' title="bbox 869 234 1629 276">
    <p class='ocr_par' dir='ltr' id='par_1_4' title="bbox 869 236 1629 273">
     <span class='ocr_line' id='line_1_4' title="bbox 869 236 1629 273; baseline 0.003 -9"><span class='ocrx_word' id='word_1_19' title='bbox 869 236 875 264; x_wconf 93' lang='lat' dir='ltr'><strong>i</strong></span> <span class='ocrx_word' id='word_1_20' title='bbox 894 236 1053 270; x_wconf 77' lang='lat' dir='ltr'><strong>cognitione</strong></span> <span class='ocrx_word' id='word_1_21' title='bbox 1063 245 1131 273; x_wconf 84' lang='lat' dir='ltr'><strong>opus</strong></span> <span class='ocrx_word' id='word_1_22' title='bbox 1145 236 1262 271; x_wconf 77' lang='lat' dir='ltr'><strong>habetis,</strong></span> <span class='ocrx_word' id='word_1_23' title='bbox 1280 243 1403 272; x_wconf 84' lang='lat' dir='ltr'><strong>quanam</strong></span> <span class='ocrx_word' id='word_1_24' title='bbox 1425 238 1531 266; x_wconf 83' lang='lat' dir='ltr'><strong>ratione</strong></span> <span class='ocrx_word' id='word_1_25' title='bbox 1551 237 1629 266; x_wconf 87' lang='lat' dir='ltr'><strong>futu-</strong></span> 
     </span>
    </p>
   </div>
   <div class='ocr_carea' id='block_1_5' title="bbox 0 279 706 320">
    <p class='ocr_par' dir='ltr' id='par_1_5' title="bbox 0 279 706 320">
     <span class='ocr_line' id='line_1_5' title="bbox 0 279 706 320; baseline 0.003 -11"><span class='ocrx_word' id='word_1_26' title='bbox 0 284 48 319; x_wconf 59' lang='lat' dir='ltr'><strong>ipiv</strong></span> <span class='ocrx_word' id='word_1_27' title='bbox 59 303 67 317; x_wconf 86' lang='lat'><strong>,</strong></span> <span class='ocrx_word' id='word_1_28' title='bbox 81 280 143 320; x_wconf 77' lang='grc' dir='ltr'>περὶ</span> <span class='ocrx_word' id='word_1_29' title='bbox 158 281 201 309; x_wconf 81' lang='grc' dir='ltr'><strong>τοῦ</strong></span> <span class='ocrx_word' id='word_1_30' title='bbox 215 281 272 313; x_wconf 75' lang='grc' dir='ltr'><strong>πῶς</strong></span> <span class='ocrx_word' id='word_1_31' title='bbox 286 279 389 317; x_wconf 85' lang='grc' dir='ltr'>δηλαδὴ</span> <span class='ocrx_word' id='word_1_32' title='bbox 401 281 504 319; x_wconf 81' lang='grc' dir='ltr'>γίνεται</span> <span class='ocrx_word' id='word_1_33' title='bbox 517 282 534 316; x_wconf 91' lang='grc' dir='ltr'>ἡ</span> <span class='ocrx_word' id='word_1_34' title='bbox 551 281 706 314; x_wconf 76' lang='grc' dir='ltr'>ἀνάστασις.</span> 
     </span>
    </p>
   </div>
   <div class='ocr_carea' id='block_1_6' title="bbox 28 410 778 451">
    <p class='ocr_par' dir='ltr' id='par_1_6' title="bbox 28 410 778 451">
     <span class='ocr_line' id='line_1_6' title="bbox 28 410 778 451; baseline 0.001 -9"><span class='ocrx_word' id='word_1_35' title='bbox 28 425 40 438; x_wconf 75' lang='grc' dir='ltr'><strong>ε</strong></span> <span class='ocrx_word' id='word_1_36' title='bbox 60 412 93 442; x_wconf 79' lang='grc' dir='ltr'><strong>Εἰ</strong></span> <span class='ocrx_word' id='word_1_37' title='bbox 112 410 258 451; x_wconf 74' lang='grc' dir='ltr'>κατέχετε,</span> <span class='ocrx_word' id='word_1_38' title='bbox 285 411 360 446; x_wconf 69' lang='grc' dir='ltr'>ἕκτὸς</span> <span class='ocrx_word' id='word_1_39' title='bbox 378 412 402 441; x_wconf 82' lang='grc' dir='ltr'>εἰ</span> <span class='ocrx_word' id='word_1_40' title='bbox 427 411 464 450; x_wconf 82' lang='grc' dir='ltr'><strong>μὴ</strong></span> <span class='ocrx_word' id='word_1_41' title='bbox 491 413 549 448; x_wconf 81' lang='grc' dir='ltr'>εἰκῆ</span> <span class='ocrx_word' id='word_1_42' title='bbox 565 412 748 444; x_wconf 75' lang='grc' dir='ltr'>ἐπιστεύσατε.</span> <span class='ocrx_word' id='word_1_43' title='bbox 766 426 778 440; x_wconf 76' lang='grc' dir='ltr'><strong>ι</strong></span> 
     </span>
    </p>
   </div>
   <div class='ocr_carea' id='block_1_7' title="bbox 4 450 778 498">
    <p class='ocr_par' dir='ltr' id='par_1_7' title="bbox 4 450 778 498">
     <span class='ocr_line' id='line_1_7' title="bbox 4 450 778 498; baseline 0.001 -12"><span class='ocrx_word' id='word_1_44' title='bbox 4 455 106 492; x_wconf 73' lang='grc' dir='ltr'>Επειδὴ,</span> <span class='ocrx_word' id='word_1_45' title='bbox 123 450 211 493; x_wconf 77' lang='grc' dir='ltr'>εἶπεν,</span> <span class='ocrx_word' id='word_1_46' title='bbox 229 456 269 487; x_wconf 77' lang='grc' dir='ltr'><strong>ὅτι</strong></span> <span class='ocrx_word' id='word_1_47' title='bbox 287 470 300 482; x_wconf 84' lang='grc' dir='ltr'>ι</span> <span class='ocrx_word' id='word_1_48' title='bbox 321 455 488 492; x_wconf 80' lang='grc' dir='ltr'>Ἑστήκατε,</span> <span class='ocrx_word' id='word_1_49' title='bbox 506 470 518 482; x_wconf 79' lang='grc' dir='ltr'><strong>ι</strong></span> <span class='ocrx_word' id='word_1_50' title='bbox 541 457 583 486; x_wconf 77' lang='grc' dir='ltr'>ἵνα</span> <span class='ocrx_word' id='word_1_51' title='bbox 600 457 638 496; x_wconf 81' lang='grc' dir='ltr'><strong>μὴ</strong></span> <span class='ocrx_word' id='word_1_52' title='bbox 661 459 778 498; x_wconf 65' lang='grc' dir='ltr'><strong>ῥᾳθυμο-</strong></span> 
     </span>
    </p>
   </div>
   <div class='ocr_carea' id='block_1_8' title="bbox 0 500 778 542">
    <p class='ocr_par' dir='ltr' id='par_1_8' title="bbox 0 500 778 542">
     <span class='ocr_line' id='line_1_8' title="bbox 0 500 778 542; baseline 0.003 -12"><span class='ocrx_word' id='word_1_53' title='bbox 0 502 74 541; x_wconf 74' lang='grc' dir='ltr'>τέρους</span> <span class='ocrx_word' id='word_1_54' title='bbox 88 500 181 534; x_wconf 81' lang='grc' dir='ltr'>αὖτοὺς</span> <span class='ocrx_word' id='word_1_55' title='bbox 192 501 302 540; x_wconf 81' lang='grc' dir='ltr'><strong>ποιήσῃ,</strong></span> <span class='ocrx_word' id='word_1_56' title='bbox 313 501 394 540; x_wconf 84' lang='grc' dir='ltr'>φησίν</span> <span class='ocrx_word' id='word_1_57' title='bbox 406 513 414 520; x_wconf 91' lang='grc'>·</span> <span class='ocrx_word' id='word_1_58' title='bbox 435 512 449 530; x_wconf 85' lang='grc' dir='ltr'>(ι</span> <span class='ocrx_word' id='word_1_59' title='bbox 464 502 499 532; x_wconf 82' lang='grc' dir='ltr'><strong>Εἰ</strong></span> <span class='ocrx_word' id='word_1_60' title='bbox 514 501 653 542; x_wconf 76' lang='grc' dir='ltr'>κατέχετε.</span> <span class='ocrx_word' id='word_1_61' title='bbox 670 514 686 531; x_wconf 80' lang='grc' dir='ltr'><strong>υ</strong></span> <span class='ocrx_word' id='word_1_62' title='bbox 700 504 778 533; x_wconf 85' lang='grc' dir='ltr'>Κατ-</span> 
     </span>
    </p>
   </div>
   <div class='ocr_carea' id='block_1_9' title="bbox 0 545 778 586">
    <p class='ocr_par' dir='ltr' id='par_1_9' title="bbox 0 545 778 586">
     <span class='ocr_line' id='line_1_9' title="bbox 0 545 778 586; baseline -0.003 -10"><span class='ocrx_word' id='word_1_63' title='bbox 0 546 59 586; x_wconf 77' lang='grc' dir='ltr'>ξχετι</span> <span class='ocrx_word' id='word_1_64' title='bbox 73 546 100 575; x_wconf 78' lang='grc' dir='ltr'><strong>δὲ</strong></span> <span class='ocrx_word' id='word_1_65' title='bbox 113 545 235 583; x_wconf 84' lang='grc' dir='ltr'>πάντως,</span> <span class='ocrx_word' id='word_1_66' title='bbox 259 559 271 573; x_wconf 81' lang='grc' dir='ltr'>ι</span> <span class='ocrx_word' id='word_1_67' title='bbox 289 545 363 579; x_wconf 75' lang='grc' dir='ltr'>ἐκτὸς</span> <span class='ocrx_word' id='word_1_68' title='bbox 377 546 400 576; x_wconf 71' lang='grc' dir='ltr'>εἰ</span> <span class='ocrx_word' id='word_1_69' title='bbox 422 545 460 584; x_wconf 79' lang='grc' dir='ltr'>μὴ</span> <span class='ocrx_word' id='word_1_70' title='bbox 481 547 539 581; x_wconf 72' lang='grc' dir='ltr'>εἰκῆ</span> <span class='ocrx_word' id='word_1_71' title='bbox 565 547 749 577; x_wconf 75' lang='grc' dir='ltr'>ἐπιστεύσατε.</span> <span class='ocrx_word' id='word_1_72' title='bbox 766 560 778 574; x_wconf 74' lang='grc' dir='ltr'><strong>ι</strong></span> 
     </span>
    </p>
   </div>
   <div class='ocr_carea' id='block_1_10' title="bbox 0 590 776 632">
    <p class='ocr_par' dir='ltr' id='par_1_10' title="bbox 0 590 776 632">
     <span class='ocr_line' id='line_1_10' title="bbox 0 590 776 632; baseline 0.003 -12"><span class='ocrx_word' id='word_1_73' title='bbox 0 591 54 620; x_wconf 75' lang='grc' dir='ltr'>Αντὶ</span> <span class='ocrx_word' id='word_1_74' title='bbox 74 592 135 628; x_wconf 71' lang='grc' dir='ltr'>τοῦ,</span> <span class='ocrx_word' id='word_1_75' title='bbox 150 591 184 621; x_wconf 83' lang='grc' dir='ltr'><strong>Εἰ</strong></span> <span class='ocrx_word' id='word_1_76' title='bbox 201 590 239 630; x_wconf 83' lang='grc' dir='ltr'><strong>μὴ</strong></span> <span class='ocrx_word' id='word_1_77' title='bbox 254 590 305 630; x_wconf 79' lang='grc' dir='ltr'><strong>ἄρα</strong></span> <span class='ocrx_word' id='word_1_78' title='bbox 326 590 415 629; x_wconf 84' lang='grc' dir='ltr'>μάτην</span> <span class='ocrx_word' id='word_1_79' title='bbox 436 591 595 629; x_wconf 79' lang='grc' dir='ltr'>ὀνομάζεσθε</span> <span class='ocrx_word' id='word_1_80' title='bbox 610 591 776 632; x_wconf 80' lang='grc' dir='ltr'>Χριστιανοί.</span> 
     </span>
    </p>
   </div>
   <div class='ocr_carea' id='block_1_11' title="bbox 0 635 778 675">
    <p class='ocr_par' dir='ltr' id='par_1_11' title="bbox 0 635 778 675">
     <span class='ocr_line' id='line_1_11' title="bbox 0 635 778 675; baseline 0.001 -10"><span class='ocrx_word' id='word_1_81' title='bbox 0 635 27 665; x_wconf 67' lang='grc' dir='ltr'><strong>ΓΒ</strong></span> <span class='ocrx_word' id='word_1_82' title='bbox 48 637 96 674; x_wconf 83' lang='grc' dir='ltr'><strong>γὰρ</strong></span> <span class='ocrx_word' id='word_1_83' title='bbox 120 639 175 664; x_wconf 80' lang='grc' dir='ltr'><strong>πᾶν</strong></span> <span class='ocrx_word' id='word_1_84' title='bbox 192 638 239 664; x_wconf 75' lang='grc' dir='ltr'><strong>τοῦ</strong></span> <span class='ocrx_word' id='word_1_85' title='bbox 262 636 474 675; x_wconf 72' lang='grc' dir='ltr'>Χριστιανισμοῧ</span> <span class='ocrx_word' id='word_1_86' title='bbox 489 636 516 665; x_wconf 76' lang='grc' dir='ltr'>ἐν</span> <span class='ocrx_word' id='word_1_87' title='bbox 536 637 574 675; x_wconf 81' lang='grc' dir='ltr'><strong>τῷ</strong></span> <span class='ocrx_word' id='word_1_88' title='bbox 590 637 638 672; x_wconf 80' lang='grc' dir='ltr'><strong>τῆς</strong></span> <span class='ocrx_word' id='word_1_89' title='bbox 659 637 778 666; x_wconf 80' lang='grc' dir='ltr'>ἀναστά-</span> 
     </span>
    </p>
   </div>
   <div class='ocr_carea' id='block_1_12' title="bbox 0 679 294 719">
    <p class='ocr_par' dir='ltr' id='par_1_12' title="bbox 0 679 294 719">
     <span class='ocr_line' id='line_1_12' title="bbox 0 679 294 719; baseline -0.003 -10"><span class='ocrx_word' id='word_1_90' title='bbox 0 692 49 714; x_wconf 75' lang='grc' dir='ltr'>ιεως</span> <span class='ocrx_word' id='word_1_91' title='bbox 68 684 153 709; x_wconf 84' lang='grc' dir='ltr'>κεῖται</span> <span class='ocrx_word' id='word_1_92' title='bbox 169 679 294 719; x_wconf 80' lang='grc' dir='ltr'><strong>δόγματι.</strong></span> 
     </span>
    </p>
   </div>
   <div class='ocr_carea' id='block_1_13' title="bbox 26 723 774 765">
    <p class='ocr_par' dir='ltr' id='par_1_13' title="bbox 26 723 774 765">
     <span class='ocr_line' id='line_1_13' title="bbox 26 723 774 765; baseline 0.001 -11"><span class='ocrx_word' id='word_1_93' title='bbox 26 739 37 751; x_wconf 81' lang='grc' dir='ltr'><strong>ι</strong></span> <span class='ocrx_word' id='word_1_94' title='bbox 58 724 207 763; x_wconf 79' lang='grc' dir='ltr'>Παρέδωκα</span> <span class='ocrx_word' id='word_1_95' title='bbox 221 725 273 764; x_wconf 76' lang='grc' dir='ltr'><strong>γὰρ</strong></span> <span class='ocrx_word' id='word_1_96' title='bbox 288 724 350 763; x_wconf 76' lang='grc' dir='ltr'>ὑμῖν</span> <span class='ocrx_word' id='word_1_97' title='bbox 372 725 398 754; x_wconf 77' lang='grc' dir='ltr'><strong>εν</strong></span> <span class='ocrx_word' id='word_1_98' title='bbox 414 723 543 765; x_wconf 79' lang='grc' dir='ltr'><strong>πρώτοις,</strong></span> <span class='ocrx_word' id='word_1_99' title='bbox 559 724 573 755; x_wconf 78' lang='grc' dir='ltr'><strong>ὃ</strong></span> <span class='ocrx_word' id='word_1_100' title='bbox 587 725 632 754; x_wconf 80' lang='grc' dir='ltr'>καὶ</span> <span class='ocrx_word' id='word_1_101' title='bbox 653 725 774 764; x_wconf 81' lang='grc' dir='ltr'>παρέλα-</span> 
     </span>
    </p>
   </div>
   <div class='ocr_carea' id='block_1_14' title="bbox 0 769 778 810">
    <p class='ocr_par' dir='ltr' id='par_1_14' title="bbox 0 769 778 810">
     <span class='ocr_line' id='line_1_14' title="bbox 0 769 778 810; baseline 0.003 -12"><span class='ocrx_word' id='word_1_102' title='bbox 0 769 40 800; x_wconf 77' lang='grc' dir='ltr'>ἶον,</span> <span class='ocrx_word' id='word_1_103' title='bbox 57 782 72 797; x_wconf 72' lang='grc' dir='ltr'><strong><em>ι</em></strong></span> <span class='ocrx_word' id='word_1_104' title='bbox 93 769 143 803; x_wconf 85' lang='grc' dir='ltr'>Ὧς</span> <span class='ocrx_word' id='word_1_105' title='bbox 157 770 229 810; x_wconf 85' lang='grc' dir='ltr'>μέγα</span> <span class='ocrx_word' id='word_1_106' title='bbox 250 769 279 799; x_wconf 87' lang='grc' dir='ltr'><strong>ὂν</strong></span> <span class='ocrx_word' id='word_1_107' title='bbox 293 769 324 799; x_wconf 78' lang='grc' dir='ltr'><strong>τὸ</strong></span> <span class='ocrx_word' id='word_1_108' title='bbox 344 769 405 809; x_wconf 85' lang='grc' dir='ltr'>περὶ</span> <span class='ocrx_word' id='word_1_109' title='bbox 420 772 467 805; x_wconf 82' lang='grc' dir='ltr'><strong>τῆς</strong></span> <span class='ocrx_word' id='word_1_110' title='bbox 487 769 658 804; x_wconf 78' lang='grc' dir='ltr'>ἀναστάσεως</span> <span class='ocrx_word' id='word_1_111' title='bbox 672 770 778 810; x_wconf 79' lang='grc' dir='ltr'>δόγμα,</span> 
     </span>
    </p>
   </div>
   <div class='ocr_carea' id='block_1_15' title="bbox 0 814 779 855">
    <p class='ocr_par' dir='ltr' id='par_1_15' title="bbox 0 814 779 855">
     <span class='ocr_line' id='line_1_15' title="bbox 0 814 779 855; baseline 0.003 -12"><span class='ocrx_word' id='word_1_112' title='bbox 0 829 2 842; x_wconf 69' lang='grc' dir='ltr'><strong>ι</strong></span> <span class='ocrx_word' id='word_1_113' title='bbox 19 815 43 844; x_wconf 80' lang='grc' dir='ltr'>ἕν</span> <span class='ocrx_word' id='word_1_114' title='bbox 63 814 176 855; x_wconf 83' lang='grc' dir='ltr'>πρώτοις</span> <span class='ocrx_word' id='word_1_115' title='bbox 201 814 265 844; x_wconf 82' lang='grc' dir='ltr'>αὐτὸ</span> <span class='ocrx_word' id='word_1_116' title='bbox 280 814 439 855; x_wconf 53' lang='grc' dir='ltr'>παρέδωκ’</span> <span class='ocrx_word' id='word_1_117' title='bbox 453 825 469 843; x_wconf 76' lang='lat' dir='ltr'><strong>n</strong></span> <span class='ocrx_word' id='word_1_118' title='bbox 497 814 575 844; x_wconf 77' lang='grc' dir='ltr'>οἱονεὶ</span> <span class='ocrx_word' id='word_1_119' title='bbox 590 815 642 855; x_wconf 83' lang='grc' dir='ltr'><strong>γὰρ</strong></span> <span class='ocrx_word' id='word_1_120' title='bbox 661 815 779 853; x_wconf 79' lang='grc' dir='ltr'>θεμέλιός</span> 
     </span>
    </p>
   </div>
   <div class='ocr_carea' id='block_1_16' title="bbox 0 858 778 899">
    <p class='ocr_par' dir='ltr' id='par_1_16' title="bbox 0 858 778 899">
     <span class='ocr_line' id='line_1_16' title="bbox 0 858 778 899; baseline 0.001 -11"><span class='ocrx_word' id='word_1_121' title='bbox 0 860 40 888; x_wconf 77' lang='grc' dir='ltr'>ἷστι</span> <span class='ocrx_word' id='word_1_122' title='bbox 53 859 137 896; x_wconf 76' lang='grc' dir='ltr'>πάσης</span> <span class='ocrx_word' id='word_1_123' title='bbox 157 861 206 895; x_wconf 76' lang='grc' dir='ltr'><strong>τῆς</strong></span> <span class='ocrx_word' id='word_1_124' title='bbox 226 859 350 892; x_wconf 86' lang='grc' dir='ltr'>πίστεως.</span> <span class='ocrx_word' id='word_1_125' title='bbox 369 858 530 899; x_wconf 78' lang='grc' dir='ltr'>Παρέλαϐον</span> <span class='ocrx_word' id='word_1_126' title='bbox 549 859 577 889; x_wconf 79' lang='grc' dir='ltr'><strong>δὲ</strong></span> <span class='ocrx_word' id='word_1_127' title='bbox 599 859 663 889; x_wconf 84' lang='grc' dir='ltr'>αὐτὸ</span> <span class='ocrx_word' id='word_1_128' title='bbox 686 860 778 899; x_wconf 80' lang='grc' dir='ltr'>κάγὼ,</span> 
     </span>
    </p>
   </div>
   <div class='ocr_carea' id='block_1_17' title="bbox 834 281 1630 318">
    <p class='ocr_par' dir='ltr' id='par_1_17' title="bbox 834 281 1630 318">
     <span class='ocr_line' id='line_1_17' title="bbox 834 281 1630 318; baseline 0.001 -9"><span class='ocrx_word' id='word_1_129' title='bbox 834 289 894 309; x_wconf 89' lang='lat' dir='ltr'><strong>ram</strong></span> <span class='ocrx_word' id='word_1_130' title='bbox 919 281 1145 309; x_wconf 74' lang='lat' dir='ltr'><strong>resurrectionem</strong></span> <span class='ocrx_word' id='word_1_131' title='bbox 1169 281 1246 309; x_wconf 83' lang='lat' dir='ltr'><strong>vobis</strong></span> <span class='ocrx_word' id='word_1_132' title='bbox 1272 281 1482 316; x_wconf 69' lang='lat' dir='ltr'><strong>praedicaverim</strong></span> <span class='ocrx_word' id='word_1_133' title='bbox 1511 291 1519 309; x_wconf 89' lang='lat'>:</span> <span class='ocrx_word' id='word_1_134' title='bbox 1546 286 1630 318; x_wconf 84' lang='lat' dir='ltr'><strong>atque</strong></span> 
     </span>
    </p>
   </div>
   <div class='ocr_carea' id='block_1_18' title="bbox 833 325 1632 362">
    <p class='ocr_par' dir='ltr' id='par_1_18' title="bbox 833 325 1632 362">
     <span class='ocr_line' id='line_1_18' title="bbox 833 325 1632 362; baseline 0 -8"><span class='ocrx_word' id='word_1_135' title='bbox 833 325 886 354; x_wconf 91' lang='lat' dir='ltr'><strong>hoc</strong></span> <span class='ocrx_word' id='word_1_136' title='bbox 901 325 978 354; x_wconf 84' lang='lat' dir='ltr'><strong>vobis</strong></span> <span class='ocrx_word' id='word_1_137' title='bbox 992 330 1089 354; x_wconf 91' lang='lat' dir='ltr'><strong>notum</strong></span> <span class='ocrx_word' id='word_1_138' title='bbox 1106 325 1188 361; x_wconf 81' lang='lat' dir='ltr'><strong>iacio,</strong></span> <span class='ocrx_word' id='word_1_139' title='bbox 1198 326 1340 362; x_wconf 89' lang='lat' dir='ltr'><strong>quomodo</strong></span> <span class='ocrx_word' id='word_1_140' title='bbox 1351 325 1478 354; x_wconf 80' lang='lat' dir='ltr'><strong>videlicet</strong></span> <span class='ocrx_word' id='word_1_141' title='bbox 1487 326 1580 354; x_wconf 79' lang='lat' dir='ltr'><strong>futura</strong></span> <span class='ocrx_word' id='word_1_142' title='bbox 1597 326 1632 354; x_wconf 91' lang='lat' dir='ltr'><strong>sit</strong></span> 
     </span>
    </p>
   </div>
   <div class='ocr_carea' id='block_1_19' title="bbox 832 371 1009 399">
    <p class='ocr_par' dir='ltr' id='par_1_19' title="bbox 832 371 1009 399">
     <span class='ocr_line' id='line_1_19' title="bbox 832 371 1009 399; baseline 0 -1"><span class='ocrx_word' id='word_1_143' title='bbox 832 371 1009 399; x_wconf 83' lang='lat' dir='ltr'><strong>resurrectio.</strong></span> 
     </span>
    </p>
   </div>
   <div class='ocr_carea' id='block_1_20' title="bbox 870 415 1631 450">
    <p class='ocr_par' dir='ltr' id='par_1_20' title="bbox 870 415 1631 450">
     <span class='ocr_line' id='line_1_20' title="bbox 870 415 1631 450; baseline 0 -7"><span class='ocrx_word' id='word_1_144' title='bbox 870 427 883 440; x_wconf 79' lang='grc' dir='ltr'><strong>ι</strong></span> <span class='ocrx_word' id='word_1_145' title='bbox 912 416 940 444; x_wconf 90' lang='lat' dir='ltr'><strong>Si</strong></span> <span class='ocrx_word' id='word_1_146' title='bbox 971 416 1080 450; x_wconf 81' lang='lat' dir='ltr'><strong>tenetis,</strong></span> <span class='ocrx_word' id='word_1_147' title='bbox 1105 416 1158 443; x_wconf 89' lang='lat' dir='ltr'><strong>nisi</strong></span> <span class='ocrx_word' id='word_1_148' title='bbox 1191 415 1291 444; x_wconf 82' lang='lat' dir='ltr'><strong>frustra</strong></span> <span class='ocrx_word' id='word_1_149' title='bbox 1319 415 1485 444; x_wconf 79' lang='lat' dir='ltr'><strong>credidistis.</strong></span> <span class='ocrx_word' id='word_1_150' title='bbox 1517 427 1530 440; x_wconf 75' lang='grc' dir='ltr'><strong>ι</strong></span> <span class='ocrx_word' id='word_1_151' title='bbox 1561 415 1631 450; x_wconf 84' lang='lat' dir='ltr'><strong>Quia</strong></span> 
     </span>
    </p>
   </div>
   <div class='ocr_carea' id='block_1_21' title="bbox 832 460 1627 496">
    <p class='ocr_par' dir='ltr' id='par_1_21' title="bbox 832 460 1627 496">
     <span class='ocr_line' id='line_1_21' title="bbox 832 460 1627 496; baseline 0 -8"><span class='ocrx_word' id='word_1_152' title='bbox 832 460 948 494; x_wconf 82' lang='lat' dir='ltr'><strong>dixerat,</strong></span> <span class='ocrx_word' id='word_1_153' title='bbox 970 472 982 485; x_wconf 80' lang='grc' dir='ltr'><strong>ι</strong></span> <span class='ocrx_word' id='word_1_154' title='bbox 998 461 1092 495; x_wconf 86' lang='lat' dir='ltr'><strong>Statis,</strong></span> <span class='ocrx_word' id='word_1_155' title='bbox 1109 473 1122 485; x_wconf 70' lang='grc' dir='ltr'><strong>υ</strong></span> <span class='ocrx_word' id='word_1_156' title='bbox 1148 469 1182 488; x_wconf 89' lang='lat' dir='ltr'><strong>ne</strong></span> <span class='ocrx_word' id='word_1_157' title='bbox 1195 461 1339 496; x_wconf 85' lang='lat' dir='ltr'><strong>segniores</strong></span> <span class='ocrx_word' id='word_1_158' title='bbox 1354 469 1402 489; x_wconf 88' lang='lat' dir='ltr'><strong>eos</strong></span> <span class='ocrx_word' id='word_1_159' title='bbox 1417 461 1510 494; x_wconf 81' lang='lat' dir='ltr'><strong>faciat,</strong></span> <span class='ocrx_word' id='word_1_160' title='bbox 1524 460 1627 496; x_wconf 82' lang='lat' dir='ltr'><strong>adjicit.</strong></span> 
     </span>
    </p>
   </div>
   <div class='ocr_carea' id='block_1_22' title="bbox 833 505 1628 539">
    <p class='ocr_par' dir='ltr' id='par_1_22' title="bbox 833 505 1628 539">
     <span class='ocr_line' id='line_1_22' title="bbox 833 505 1628 539; baseline 0 -7"><span class='ocrx_word' id='word_1_161' title='bbox 833 514 847 531; x_wconf 74' lang='grc' dir='ltr'><strong>α</strong></span> <span class='ocrx_word' id='word_1_162' title='bbox 869 505 897 533; x_wconf 90' lang='lat' dir='ltr'><strong>Si</strong></span> <span class='ocrx_word' id='word_1_163' title='bbox 911 506 1020 533; x_wconf 87' lang='lat' dir='ltr'><strong>tenetis.</strong></span> <span class='ocrx_word' id='word_1_164' title='bbox 1038 517 1050 529; x_wconf 79' lang='grc' dir='ltr'>ι»</span> <span class='ocrx_word' id='word_1_165' title='bbox 1065 506 1177 533; x_wconf 87' lang='lat' dir='ltr'><strong>Tenetis</strong></span> <span class='ocrx_word' id='word_1_166' title='bbox 1187 510 1280 533; x_wconf 88' lang='lat' dir='ltr'><strong>autem</strong></span> <span class='ocrx_word' id='word_1_167' title='bbox 1296 505 1420 539; x_wconf 85' lang='lat' dir='ltr'><strong>omnino,</strong></span> <span class='ocrx_word' id='word_1_168' title='bbox 1439 517 1451 529; x_wconf 69' lang='grc' dir='ltr'><strong>α</strong></span> <span class='ocrx_word' id='word_1_169' title='bbox 1462 505 1513 533; x_wconf 87' lang='lat' dir='ltr'><strong>nisi</strong></span> <span class='ocrx_word' id='word_1_170' title='bbox 1523 508 1628 533; x_wconf 83' lang='lat' dir='ltr'><strong>temere</strong></span> 
     </span>
    </p>
   </div>
   <div class='ocr_carea' id='block_1_23' title="bbox 831 549 1629 586">
    <p class='ocr_par' dir='ltr' id='par_1_23' title="bbox 831 549 1629 586">
     <span class='ocr_line' id='line_1_23' title="bbox 831 549 1629 586; baseline -0.001 -8"><span class='ocrx_word' id='word_1_171' title='bbox 831 549 995 585; x_wconf 82' lang='lat' dir='ltr'><strong>credidistis,</strong></span> <span class='ocrx_word' id='word_1_172' title='bbox 1018 561 1031 574; x_wconf 74' lang='grc' dir='ltr'><strong>ιι</strong></span> <span class='ocrx_word' id='word_1_173' title='bbox 1052 558 1102 586; x_wconf 89' lang='lat' dir='ltr'><strong>pro</strong></span> <span class='ocrx_word' id='word_1_174' title='bbox 1126 558 1159 578; x_wconf 92' lang='lat' dir='ltr'><strong>eo</strong></span> <span class='ocrx_word' id='word_1_175' title='bbox 1185 550 1272 586; x_wconf 77' lang='lat'><strong>216</strong></span> <span class='ocrx_word' id='word_1_176' title='bbox 1287 550 1363 586; x_wconf 88' lang='lat' dir='ltr'><strong>quod</strong></span> <span class='ocrx_word' id='word_1_177' title='bbox 1382 554 1433 583; x_wconf 85' lang='lat' dir='ltr'><strong>est,</strong></span> <span class='ocrx_word' id='word_1_178' title='bbox 1455 550 1508 578; x_wconf 88' lang='lat' dir='ltr'><strong>nisi</strong></span> <span class='ocrx_word' id='word_1_179' title='bbox 1523 549 1629 578; x_wconf 83' lang='lat' dir='ltr'><strong>frustra</strong></span> 
     </span>
    </p>
   </div>
   <div class='ocr_carea' id='block_1_24' title="bbox 831 594 1630 630">
    <p class='ocr_par' dir='ltr' id='par_1_24' title="bbox 831 594 1630 630">
     <span class='ocr_line' id='line_1_24' title="bbox 831 594 1630 630; baseline 0 -8"><span class='ocrx_word' id='word_1_180' title='bbox 831 595 1009 623; x_wconf 89' lang='lat' dir='ltr'><strong>nominamini</strong></span> <span class='ocrx_word' id='word_1_181' title='bbox 1025 595 1179 623; x_wconf 82' lang='lat' dir='ltr'><strong>Christiani.</strong></span> <span class='ocrx_word' id='word_1_182' title='bbox 1205 595 1406 622; x_wconf 84' lang='lat' dir='ltr'><strong>Christianismi</strong></span> <span class='ocrx_word' id='word_1_183' title='bbox 1426 602 1548 630; x_wconf 86' lang='lat' dir='ltr'><strong>namque</strong></span> <span class='ocrx_word' id='word_1_184' title='bbox 1570 594 1630 622; x_wconf 92' lang='lat' dir='ltr'><strong>uni-</strong></span> 
     </span>
    </p>
   </div>
   <div class='ocr_carea' id='block_1_25' title="bbox 831 638 1630 675">
    <p class='ocr_par' dir='ltr' id='par_1_25' title="bbox 831 638 1630 675">
     <span class='ocr_line' id='line_1_25' title="bbox 831 638 1630 675; baseline 0.001 -10"><span class='ocrx_word' id='word_1_185' title='bbox 831 647 942 667; x_wconf 86' lang='lat' dir='ltr'><strong>versum</strong></span> <span class='ocrx_word' id='word_1_186' title='bbox 969 639 1107 672; x_wconf 80' lang='lat' dir='ltr'><strong>negotium</strong></span> <span class='ocrx_word' id='word_1_187' title='bbox 1137 639 1164 666; x_wconf 93' lang='lat' dir='ltr'><strong>in</strong></span> <span class='ocrx_word' id='word_1_188' title='bbox 1196 639 1403 667; x_wconf 86' lang='lat' dir='ltr'><strong>resurrectionis</strong></span> <span class='ocrx_word' id='word_1_189' title='bbox 1431 639 1563 675; x_wconf 83' lang='lat' dir='ltr'><strong>dogmate</strong></span> <span class='ocrx_word' id='word_1_190' title='bbox 1590 638 1630 668; x_wconf 86' lang='lat' dir='ltr'><strong>si-</strong></span> 
     </span>
    </p>
   </div>
   <div class='ocr_carea' id='block_1_26' title="bbox 832 688 950 712">
    <p class='ocr_par' dir='ltr' id='par_1_26' title="bbox 832 688 950 712">
     <span class='ocr_line' id='line_1_26' title="bbox 832 688 950 712; baseline 0 0"><span class='ocrx_word' id='word_1_191' title='bbox 832 688 891 712; x_wconf 90' lang='lat' dir='ltr'><strong>tum</strong></span> <span class='ocrx_word' id='word_1_192' title='bbox 902 688 950 712; x_wconf 80' lang='lat' dir='ltr'><strong>est.</strong></span> 
     </span>
    </p>
   </div>
   <div class='ocr_carea' id='block_1_27' title="bbox 868 728 1629 764">
    <p class='ocr_par' dir='ltr' id='par_1_27' title="bbox 868 728 1629 764">
     <span class='ocr_line' id='line_1_27' title="bbox 868 728 1629 764; baseline 0.001 -9"><span class='ocrx_word' id='word_1_193' title='bbox 868 730 953 756; x_wconf 64' lang='lat' dir='ltr'><strong>Vens.</strong></span> <span class='ocrx_word' id='word_1_194' title='bbox 979 732 1005 757; x_wconf 84' lang='lat'><strong>3.</strong></span> <span class='ocrx_word' id='word_1_195' title='bbox 1023 739 1035 752; x_wconf 80' lang='grc' dir='ltr'><strong>ι</strong></span> <span class='ocrx_word' id='word_1_196' title='bbox 1049 728 1160 757; x_wconf 85' lang='lat' dir='ltr'><strong>Tradidi</strong></span> <span class='ocrx_word' id='word_1_197' title='bbox 1188 728 1261 757; x_wconf 88' lang='lat' dir='ltr'><strong>enim</strong></span> <span class='ocrx_word' id='word_1_198' title='bbox 1283 729 1360 757; x_wconf 85' lang='lat' dir='ltr'><strong>vobis</strong></span> <span class='ocrx_word' id='word_1_199' title='bbox 1375 729 1402 756; x_wconf 87' lang='lat' dir='ltr'><strong>in</strong></span> <span class='ocrx_word' id='word_1_200' title='bbox 1427 728 1535 764; x_wconf 85' lang='lat' dir='ltr'><strong>primis,</strong></span> <span class='ocrx_word' id='word_1_201' title='bbox 1551 728 1629 764; x_wconf 88' lang='lat' dir='ltr'><strong>quod</strong></span> 
     </span>
    </p>
   </div>
   <div class='ocr_carea' id='block_1_28' title="bbox 833 773 1630 810">
    <p class='ocr_par' dir='ltr' id='par_1_28' title="bbox 833 773 1630 810">
     <span class='ocr_line' id='line_1_28' title="bbox 833 773 1630 810; baseline -0.003 -8"><span class='ocrx_word' id='word_1_202' title='bbox 833 777 861 802; x_wconf 91' lang='lat' dir='ltr'><strong>et</strong></span> <span class='ocrx_word' id='word_1_203' title='bbox 878 773 980 810; x_wconf 85' lang='lat' dir='ltr'><strong>accepi.</strong></span> <span class='ocrx_word' id='word_1_204' title='bbox 1007 785 1019 797; x_wconf 74' lang='grc' dir='ltr'><strong>ι</strong></span> <span class='ocrx_word' id='word_1_205' title='bbox 1036 775 1180 810; x_wconf 82' lang='lat' dir='ltr'><strong>Tanquam</strong></span> <span class='ocrx_word' id='word_1_206' title='bbox 1206 774 1302 809; x_wconf 85' lang='lat' dir='ltr'><strong>ingens</strong></span> <span class='ocrx_word' id='word_1_207' title='bbox 1328 774 1362 801; x_wconf 89' lang='lat' dir='ltr'><strong>sit</strong></span> <span class='ocrx_word' id='word_1_208' title='bbox 1382 773 1417 802; x_wconf 89' lang='lat' dir='ltr'><strong>de</strong></span> <span class='ocrx_word' id='word_1_209' title='bbox 1432 773 1630 801; x_wconf 87' lang='lat' dir='ltr'><strong>resurrectione</strong></span> 
     </span>
    </p>
   </div>
   <div class='ocr_carea' id='block_1_29' title="bbox 832 817 1630 854">
    <p class='ocr_par' dir='ltr' id='par_1_29' title="bbox 832 817 1630 854">
     <span class='ocr_line' id='line_1_29' title="bbox 832 817 1630 854; baseline -0.001 -8"><span class='ocrx_word' id='word_1_210' title='bbox 832 817 944 853; x_wconf 82' lang='lat' dir='ltr'><strong>dogma,</strong></span> <span class='ocrx_word' id='word_1_211' title='bbox 974 828 987 842; x_wconf 75' lang='grc' dir='ltr'><strong>ι</strong></span> <span class='ocrx_word' id='word_1_212' title='bbox 1003 817 1114 846; x_wconf 84' lang='lat' dir='ltr'><strong>Tradidi</strong></span> <span class='ocrx_word' id='word_1_213' title='bbox 1135 817 1202 846; x_wconf 90' lang='lat' dir='ltr'><strong>illud</strong></span> <span class='ocrx_word' id='word_1_214' title='bbox 1221 818 1299 846; x_wconf 88' lang='lat' dir='ltr'><strong>vobis</strong></span> <span class='ocrx_word' id='word_1_215' title='bbox 1321 818 1347 845; x_wconf 90' lang='lat' dir='ltr'><strong>in</strong></span> <span class='ocrx_word' id='word_1_216' title='bbox 1375 818 1482 854; x_wconf 87' lang='lat' dir='ltr'><strong>primis.</strong></span> <span class='ocrx_word' id='word_1_217' title='bbox 1510 827 1524 844; x_wconf 73' lang='grc' dir='ltr'>ι)</span> <span class='ocrx_word' id='word_1_218' title='bbox 1548 817 1630 845; x_wconf 84' lang='lat' dir='ltr'><strong>Velut</strong></span> 
     </span>
    </p>
   </div>
   <div class='ocr_carea' id='block_1_30' title="bbox 833 861 1628 898">
    <p class='ocr_par' dir='ltr' id='par_1_30' title="bbox 833 861 1628 898">
     <span class='ocr_line' id='line_1_30' title="bbox 833 861 1628 898; baseline 0 -8"><span class='ocrx_word' id='word_1_219' title='bbox 833 863 908 890; x_wconf 90' lang='lat' dir='ltr'><strong>enim</strong></span> <span class='ocrx_word' id='word_1_220' title='bbox 929 861 1142 891; x_wconf 84' lang='lat' dir='ltr'><strong>fundamentum</strong></span> <span class='ocrx_word' id='word_1_221' title='bbox 1157 866 1198 891; x_wconf 86' lang='lat' dir='ltr'><strong>est</strong></span> <span class='ocrx_word' id='word_1_222' title='bbox 1212 863 1347 890; x_wconf 71' lang='lat' dir='ltr'><strong>universa:</strong></span> <span class='ocrx_word' id='word_1_223' title='bbox 1362 862 1436 890; x_wconf 83' lang='lat' dir='ltr'><strong>ﬁdei.</strong></span> <span class='ocrx_word' id='word_1_224' title='bbox 1459 873 1473 888; x_wconf 90' lang='lat'>«</span> <span class='ocrx_word' id='word_1_225' title='bbox 1488 863 1588 898; x_wconf 81' lang='lat' dir='ltr'><strong>Accepi</strong></span> <span class='ocrx_word' id='word_1_226' title='bbox 1615 874 1628 886; x_wconf 76' lang='grc' dir='ltr'><strong>ιι</strong></span> 
     </span>
    </p>
   </div>
   <div class='ocr_carea' id='block_1_31' title="bbox 0 899 772 945">
    <p class='ocr_par' dir='ltr' id='par_1_31' title="bbox 0 899 772 945">
     <span class='ocr_line' id='line_1_31' title="bbox 0 899 772 945; baseline 0.003 -12"><span class='ocrx_word' id='word_1_227' title='bbox 0 904 37 934; x_wconf 84' lang='grc' dir='ltr'>ἱπὸ</span> <span class='ocrx_word' id='word_1_228' title='bbox 50 905 162 945; x_wconf 72' lang='grc' dir='ltr'>Χριστοῦ</span> <span class='ocrx_word' id='word_1_229' title='bbox 179 904 291 941; x_wconf 87' lang='grc' dir='ltr'>δηλαδή.</span> <span class='ocrx_word' id='word_1_230' title='bbox 306 904 417 944; x_wconf 82' lang='grc' dir='ltr'>Ὥσπερ</span> <span class='ocrx_word' id='word_1_231' title='bbox 433 899 478 934; x_wconf 66' lang='grc' dir='ltr'><strong>οὖν</strong></span> <span class='ocrx_word' id='word_1_232' title='bbox 501 904 552 944; x_wconf 74' lang='grc' dir='ltr'>ἕγὼ</span> <span class='ocrx_word' id='word_1_233' title='bbox 570 905 677 944; x_wconf 78' lang='grc' dir='ltr'><strong>κατέχω</strong></span> <span class='ocrx_word' id='word_1_234' title='bbox 698 906 772 942; x_wconf 69' lang='grc' dir='ltr'><strong>αὐτὸ1</strong></span> 
     </span>
    </p>
   </div>
   <div class='ocr_carea' id='block_1_32' title="bbox 869 899 1629 945">
    <p class='ocr_par' dir='ltr' id='par_1_32' title="bbox 869 906 1629 943">
     <span class='ocr_line' id='line_1_32' title="bbox 869 906 1629 943; baseline -0.001 -8"><span class='ocrx_word' id='word_1_235' title='bbox 869 911 924 935; x_wconf 90' lang='lat' dir='ltr'><strong>tem</strong></span> <span class='ocrx_word' id='word_1_236' title='bbox 937 911 966 935; x_wconf 90' lang='lat' dir='ltr'><strong>et</strong></span> <span class='ocrx_word' id='word_1_237' title='bbox 983 915 1035 943; x_wconf 86' lang='lat' dir='ltr'><strong>ego</strong></span> <span class='ocrx_word' id='word_1_238' title='bbox 1047 907 1150 942; x_wconf 89' lang='lat' dir='ltr'><strong>ipsum,</strong></span> <span class='ocrx_word' id='word_1_239' title='bbox 1170 915 1185 935; x_wconf 92' lang='lat' dir='ltr'><strong>a</strong></span> <span class='ocrx_word' id='word_1_240' title='bbox 1200 907 1311 935; x_wconf 87' lang='lat' dir='ltr'><strong>Christo</strong></span> <span class='ocrx_word' id='word_1_241' title='bbox 1327 907 1470 935; x_wconf 90' lang='lat' dir='ltr'><strong>nimirum.</strong></span> <span class='ocrx_word' id='word_1_242' title='bbox 1489 906 1629 942; x_wconf 89' lang='lat' dir='ltr'><strong>Quemad-</strong></span> 
     </span>
    </p>
   </div>
   <div class='ocr_carea' id='block_1_33' title="bbox 0 948 778 990">
    <p class='ocr_par' dir='ltr' id='par_1_33' title="bbox 0 948 778 990">
     <span class='ocr_line' id='line_1_33' title="bbox 0 948 778 990; baseline 0 -12"><span class='ocrx_word' id='word_1_243' title='bbox 0 948 51 978; x_wconf 70' lang='grc' dir='ltr'>ιῧτω</span> <span class='ocrx_word' id='word_1_244' title='bbox 71 950 116 978; x_wconf 77' lang='grc' dir='ltr'><strong>καὶ</strong></span> <span class='ocrx_word' id='word_1_245' title='bbox 136 950 212 988; x_wconf 79' lang='grc' dir='ltr'>ὑμεῖς</span> <span class='ocrx_word' id='word_1_246' title='bbox 229 949 346 990; x_wconf 78' lang='grc' dir='ltr'><strong>ὀφείλετε</strong></span> <span class='ocrx_word' id='word_1_247' title='bbox 370 949 494 989; x_wconf 79' lang='grc' dir='ltr'>κατέχειν</span> <span class='ocrx_word' id='word_1_248' title='bbox 506 961 513 968; x_wconf 92' lang='grc'>·</span> <span class='ocrx_word' id='word_1_249' title='bbox 529 949 576 979; x_wconf 78' lang='grc' dir='ltr'>καὶ</span> <span class='ocrx_word' id='word_1_250' title='bbox 598 951 633 983; x_wconf 84' lang='grc' dir='ltr'>ὡς</span> <span class='ocrx_word' id='word_1_251' title='bbox 654 950 681 978; x_wconf 81' lang='grc' dir='ltr'><strong>ἐν</strong></span> <span class='ocrx_word' id='word_1_252' title='bbox 702 949 778 988; x_wconf 65' lang='grc' dir='ltr'>πρώ.</span> 
     </span>
    </p>
   </div>
   <div class='ocr_carea' id='block_1_34' title="bbox 0 993 778 1035">
    <p class='ocr_par' dir='ltr' id='par_1_34' title="bbox 0 993 778 1035">
     <span class='ocr_line' id='line_1_34' title="bbox 0 993 778 1035; baseline 0.001 -13"><span class='ocrx_word' id='word_1_253' title='bbox 0 1005 39 1027; x_wconf 70' lang='grc' dir='ltr'>τοις</span> <span class='ocrx_word' id='word_1_254' title='bbox 54 994 259 1035; x_wconf 73' lang='grc' dir='ltr'>παρειληφότες,</span> <span class='ocrx_word' id='word_1_255' title='bbox 280 997 326 1024; x_wconf 87' lang='grc' dir='ltr'>ν’ὗν</span> <span class='ocrx_word' id='word_1_256' title='bbox 339 996 369 1024; x_wconf 82' lang='grc' dir='ltr'>οὖ</span> <span class='ocrx_word' id='word_1_257' title='bbox 393 993 491 1023; x_wconf 77' lang='grc' dir='ltr'>δίκαιοί</span> <span class='ocrx_word' id='word_1_258' title='bbox 508 995 567 1024; x_wconf 80' lang='grc' dir='ltr'>ἐστε</span> <span class='ocrx_word' id='word_1_259' title='bbox 583 993 778 1035; x_wconf 75' lang='grc' dir='ltr'>ἆμφιίάλλειν,</span> 
     </span>
    </p>
   </div>
   <div class='ocr_carea' id='block_1_35' title="bbox 0 1038 276 1079">
    <p class='ocr_par' dir='ltr' id='par_1_35' title="bbox 0 1038 276 1079">
     <span class='ocr_line' id='line_1_35' title="bbox 0 1038 276 1079; baseline 0.004 -12"><span class='ocrx_word' id='word_1_260' title='bbox 0 1038 34 1068; x_wconf 64' lang='grc' dir='ltr'>ιὶν</span> <span class='ocrx_word' id='word_1_261' title='bbox 49 1039 89 1069; x_wconf 76' lang='grc' dir='ltr'>διὰ</span> <span class='ocrx_word' id='word_1_262' title='bbox 111 1040 153 1068; x_wconf 82' lang='grc' dir='ltr'><strong>τὸν</strong></span> <span class='ocrx_word' id='word_1_263' title='bbox 168 1039 276 1079; x_wconf 84' lang='grc' dir='ltr'>χρόνον.</span> 
     </span>
    </p>
   </div>
   <div class='ocr_carea' id='block_1_36' title="bbox 29 1083 776 1124">
    <p class='ocr_par' dir='ltr' id='par_1_36' title="bbox 29 1083 776 1124">
     <span class='ocr_line' id='line_1_36' title="bbox 29 1083 776 1124; baseline 0.001 -12"><span class='ocrx_word' id='word_1_264' title='bbox 29 1095 42 1112; x_wconf 82' lang='grc' dir='ltr'>ι</span> <span class='ocrx_word' id='word_1_265' title='bbox 65 1083 128 1114; x_wconf 86' lang='grc' dir='ltr'>Ὀτι</span> <span class='ocrx_word' id='word_1_266' title='bbox 157 1083 273 1123; x_wconf 82' lang='grc' dir='ltr'>Χριστὸς</span> <span class='ocrx_word' id='word_1_267' title='bbox 300 1083 431 1114; x_wconf 77' lang='grc' dir='ltr'>ἀπέθανεν</span> <span class='ocrx_word' id='word_1_268' title='bbox 460 1083 527 1124; x_wconf 79' lang='grc' dir='ltr'>ὑπὲρ</span> <span class='ocrx_word' id='word_1_269' title='bbox 555 1085 608 1113; x_wconf 78' lang='grc' dir='ltr'><strong>τῶν</strong></span> <span class='ocrx_word' id='word_1_270' title='bbox 638 1084 776 1124; x_wconf 77' lang='grc' dir='ltr'>ἁμαρτιῶν</span> 
     </span>
    </p>
   </div>
   <div class='ocr_carea' id='block_1_37' title="bbox 0 1128 778 1170">
    <p class='ocr_par' dir='ltr' id='par_1_37' title="bbox 0 1128 778 1170">
     <span class='ocr_line' id='line_1_37' title="bbox 0 1128 778 1170; baseline 0 -12"><span class='ocrx_word' id='word_1_271' title='bbox 0 1129 73 1167; x_wconf 72' lang='grc' dir='ltr'><strong>ἰιμὶῗιν,</strong></span> <span class='ocrx_word' id='word_1_272' title='bbox 96 1129 164 1158; x_wconf 79' lang='grc' dir='ltr'>κατὰ</span> <span class='ocrx_word' id='word_1_273' title='bbox 194 1129 241 1162; x_wconf 78' lang='grc' dir='ltr'><strong>τὰς</strong></span> <span class='ocrx_word' id='word_1_274' title='bbox 264 1128 382 1169; x_wconf 82' lang='grc' dir='ltr'>Γραφάς.</span> <span class='ocrx_word' id='word_1_275' title='bbox 412 1142 425 1155; x_wconf 75' lang='grc' dir='ltr'><strong>ιν</strong></span> <span class='ocrx_word' id='word_1_276' title='bbox 450 1129 598 1168; x_wconf 75' lang='grc' dir='ltr'>Προδήλως</span> <span class='ocrx_word' id='word_1_277' title='bbox 619 1131 665 1158; x_wconf 80' lang='grc' dir='ltr'><strong>τοῦ</strong></span> <span class='ocrx_word' id='word_1_278' title='bbox 690 1130 717 1158; x_wconf 77' lang='grc' dir='ltr'>ἐν</span> <span class='ocrx_word' id='word_1_279' title='bbox 739 1130 778 1170; x_wconf 79' lang='grc' dir='ltr'><strong>τῷ</strong></span> 
     </span>
    </p>
   </div>
   <div class='ocr_carea' id='block_1_38' title="bbox 0 1173 776 1214">
    <p class='ocr_par' dir='ltr' id='par_1_38' title="bbox 0 1173 776 1214">
     <span class='ocr_line' id='line_1_38' title="bbox 0 1173 776 1214; baseline 0 -12"><span class='ocrx_word' id='word_1_280' title='bbox 0 1173 83 1213; x_wconf 75' lang='grc' dir='ltr'>1αύλῳ</span> <span class='ocrx_word' id='word_1_281' title='bbox 110 1175 252 1207; x_wconf 72' lang='grc' dir='ltr'>λαλοῦντος</span> <span class='ocrx_word' id='word_1_282' title='bbox 289 1175 410 1213; x_wconf 79' lang='grc' dir='ltr'>Χριστοῦ</span> <span class='ocrx_word' id='word_1_283' title='bbox 449 1173 559 1214; x_wconf 79' lang='grc' dir='ltr'>ῥήματά</span> <span class='ocrx_word' id='word_1_284' title='bbox 592 1175 648 1203; x_wconf 82' lang='grc' dir='ltr'>ἐστι</span> <span class='ocrx_word' id='word_1_285' title='bbox 680 1176 776 1205; x_wconf 79' lang='grc' dir='ltr'>ταῦτα.</span> 
     </span>
    </p>
   </div>
   <div class='ocr_carea' id='block_1_39' title="bbox 3 1218 778 1259">
    <p class='ocr_par' dir='ltr' id='par_1_39' title="bbox 3 1218 778 1259">
     <span class='ocr_line' id='line_1_39' title="bbox 3 1218 778 1259; baseline 0.001 -12"><span class='ocrx_word' id='word_1_286' title='bbox 3 1218 95 1254; x_wconf 82' lang='grc' dir='ltr'>Επειδὴ</span> <span class='ocrx_word' id='word_1_287' title='bbox 110 1218 158 1259; x_wconf 71' lang='grc' dir='ltr'><strong>γὰρ</strong></span> <span class='ocrx_word' id='word_1_288' title='bbox 175 1220 200 1248; x_wconf 80' lang='grc' dir='ltr'>οἱ</span> <span class='ocrx_word' id='word_1_289' title='bbox 218 1219 366 1258; x_wconf 82' lang='grc' dir='ltr'>Μανιχσῖοι</span> <span class='ocrx_word' id='word_1_290' title='bbox 381 1219 490 1255; x_wconf 80' lang='grc' dir='ltr'>ἔμελλον</span> <span class='ocrx_word' id='word_1_291' title='bbox 506 1219 591 1258; x_wconf 79' lang='grc' dir='ltr'>λέγειν</span> <span class='ocrx_word' id='word_1_292' title='bbox 603 1242 611 1255; x_wconf 85' lang='lat'><strong>,</strong></span> <span class='ocrx_word' id='word_1_293' title='bbox 625 1218 665 1247; x_wconf 73' lang='grc' dir='ltr'>ὅτι</span> <span class='ocrx_word' id='word_1_294' title='bbox 675 1219 689 1247; x_wconf 83' lang='grc' dir='ltr'>ὁ</span> <span class='ocrx_word' id='word_1_295' title='bbox 705 1219 778 1248; x_wconf 78' lang='grc' dir='ltr'><strong>Παῦ-</strong></span> 
     </span>
    </p>
   </div>
   <div class='ocr_carea' id='block_1_40' title="bbox 0 1263 778 1304">
    <p class='ocr_par' dir='ltr' id='par_1_40' title="bbox 0 1263 778 1304">
     <span class='ocr_line' id='line_1_40' title="bbox 0 1263 778 1304; baseline 0.003 -14"><span class='ocrx_word' id='word_1_296' title='bbox 0 1273 29 1296; x_wconf 66' lang='lat' dir='ltr'><strong>to;</strong></span> <span class='ocrx_word' id='word_1_297' title='bbox 48 1263 153 1292; x_wconf 79' lang='grc' dir='ltr'>θάνατον</span> <span class='ocrx_word' id='word_1_298' title='bbox 174 1263 247 1301; x_wconf 77' lang='grc' dir='ltr'>λέγει</span> <span class='ocrx_word' id='word_1_299' title='bbox 271 1263 318 1296; x_wconf 83' lang='grc' dir='ltr'><strong>τὰς</strong></span> <span class='ocrx_word' id='word_1_300' title='bbox 339 1263 484 1304; x_wconf 76' lang='grc' dir='ltr'>ἁμαρτίας,</span> <span class='ocrx_word' id='word_1_301' title='bbox 501 1263 547 1292; x_wconf 82' lang='grc' dir='ltr'><strong>καὶ</strong></span> <span class='ocrx_word' id='word_1_302' title='bbox 568 1263 714 1293; x_wconf 81' lang='grc' dir='ltr'>ἀνάστασιν</span> <span class='ocrx_word' id='word_1_303' title='bbox 731 1263 778 1299; x_wconf 86' lang='grc' dir='ltr'><strong>τὴν</strong></span> 
     </span>
    </p>
   </div>
   <div class='ocr_carea' id='block_1_41' title="bbox 0 1306 779 1349">
    <p class='ocr_par' dir='ltr' id='par_1_41' title="bbox 0 1306 779 1349">
     <span class='ocr_line' id='line_1_41' title="bbox 0 1306 779 1349; baseline 0.003 -14"><span class='ocrx_word' id='word_1_304' title='bbox 0 1306 78 1336; x_wconf 70' lang='grc' dir='ltr'>ιούτων</span> <span class='ocrx_word' id='word_1_305' title='bbox 93 1308 264 1345; x_wconf 76' lang='grc' dir='ltr'>ἀπαλλαγὴν,</span> <span class='ocrx_word' id='word_1_306' title='bbox 281 1307 335 1337; x_wconf 82' lang='grc' dir='ltr'><strong>ἀπὸ</strong></span> <span class='ocrx_word' id='word_1_307' title='bbox 348 1307 447 1338; x_wconf 84' lang='grc' dir='ltr'>τούτων</span> <span class='ocrx_word' id='word_1_308' title='bbox 470 1309 522 1337; x_wconf 78' lang='grc' dir='ltr'><strong>τῶν</strong></span> <span class='ocrx_word' id='word_1_309' title='bbox 541 1307 666 1349; x_wconf 81' lang='grc' dir='ltr'>ῥημάτων</span> <span class='ocrx_word' id='word_1_310' title='bbox 684 1307 779 1340; x_wconf 75' lang='grc' dir='ltr'>αὐτοὺς</span> 
     </span>
    </p>
   </div>
   <div class='ocr_carea' id='block_1_42' title="bbox 0 1351 777 1394">
    <p class='ocr_par' dir='ltr' id='par_1_42' title="bbox 0 1351 777 1394">
     <span class='ocr_line' id='line_1_42' title="bbox 0 1351 777 1394; baseline 0.001 -14"><span class='ocrx_word' id='word_1_311' title='bbox 0 1351 132 1391; x_wconf 52' lang='lat' dir='ltr'><strong>limacem</strong></span> <span class='ocrx_word' id='word_1_312' title='bbox 165 1352 318 1388; x_wconf 77' lang='grc' dir='ltr'>εὐδόκησεν.</span> <span class='ocrx_word' id='word_1_313' title='bbox 359 1352 486 1382; x_wconf 70' lang='grc' dir='ltr'>Ἀπέθανε</span> <span class='ocrx_word' id='word_1_314' title='bbox 514 1352 565 1394; x_wconf 76' lang='grc' dir='ltr'>γὰρ</span> <span class='ocrx_word' id='word_1_315' title='bbox 601 1354 616 1382; x_wconf 81' lang='grc' dir='ltr'><strong>ὃ</strong></span> <span class='ocrx_word' id='word_1_316' title='bbox 643 1352 777 1392; x_wconf 78' lang='grc' dir='ltr'>Χριστός”</span> 
     </span>
    </p>
   </div>
   <div class='ocr_carea' id='block_1_43' title="bbox 0 1396 777 1436">
    <p class='ocr_par' dir='ltr' id='par_1_43' title="bbox 0 1396 777 1436">
     <span class='ocr_line' id='line_1_43' title="bbox 0 1396 777 1436; baseline 0.003 -12"><span class='ocrx_word' id='word_1_317' title='bbox 0 1400 56 1425; x_wconf 78' lang='grc' dir='ltr'>τοῖον</span> <span class='ocrx_word' id='word_1_318' title='bbox 76 1396 206 1433; x_wconf 71' lang='grc' dir='ltr'>θάνατονῖ</span> <span class='ocrx_word' id='word_1_319' title='bbox 230 1396 383 1435; x_wconf 75' lang='grc' dir='ltr'>σωματικὸν</span> <span class='ocrx_word' id='word_1_320' title='bbox 407 1397 528 1431; x_wconf 78' lang='grc' dir='ltr'>πάντως’</span> <span class='ocrx_word' id='word_1_321' title='bbox 553 1398 582 1426; x_wconf 84' lang='grc' dir='ltr'>οὗ</span> <span class='ocrx_word' id='word_1_322' title='bbox 600 1409 650 1436; x_wconf 91' lang='grc' dir='ltr'><strong>γαρ</strong></span> <span class='ocrx_word' id='word_1_323' title='bbox 675 1397 706 1432; x_wconf 86' lang='grc' dir='ltr'>δὴ</span> <span class='ocrx_word' id='word_1_324' title='bbox 733 1398 777 1426; x_wconf 83' lang='grc' dir='ltr'><strong>τὸν</strong></span> 
     </span>
    </p>
   </div>
   <div class='ocr_carea' id='block_1_44' title="bbox 0 1440 778 1481">
    <p class='ocr_par' dir='ltr' id='par_1_44' title="bbox 0 1440 778 1481">
     <span class='ocr_line' id='line_1_44' title="bbox 0 1440 778 1481; baseline 0.003 -13"><span class='ocrx_word' id='word_1_325' title='bbox 0 1442 15 1468; x_wconf 81' lang='grc' dir='ltr'>ἷν</span> <span class='ocrx_word' id='word_1_326' title='bbox 34 1440 188 1480; x_wconf 76' lang='grc' dir='ltr'>ἁμαρτίαις·</span> <span class='ocrx_word' id='word_1_327' title='bbox 203 1455 216 1468; x_wconf 74' lang='grc' dir='ltr'><strong>ι</strong></span> <span class='ocrx_word' id='word_1_328' title='bbox 238 1441 384 1480; x_wconf 81' lang='grc' dir='ltr'>Άμαρτίαν</span> <span class='ocrx_word' id='word_1_329' title='bbox 400 1441 451 1481; x_wconf 81' lang='grc' dir='ltr'><strong>γὰρ</strong></span> <span class='ocrx_word' id='word_1_330' title='bbox 475 1442 523 1470; x_wconf 81' lang='grc' dir='ltr'>οὐκ</span> <span class='ocrx_word' id='word_1_331' title='bbox 548 1443 682 1478; x_wconf 75' lang='grc' dir='ltr'>ἐποίησεν.</span> <span class='ocrx_word' id='word_1_332' title='bbox 707 1452 722 1470; x_wconf 78' lang='lat' dir='ltr'><strong>n</strong></span> <span class='ocrx_word' id='word_1_333' title='bbox 744 1442 778 1471; x_wconf 79' lang='grc' dir='ltr'>Εἰ</span> 
     </span>
    </p>
   </div>
   <div class='ocr_carea' id='block_1_45' title="bbox 0 1484 778 1526">
    <p class='ocr_par' dir='ltr' id='par_1_45' title="bbox 0 1484 778 1526">
     <span class='ocr_line' id='line_1_45' title="bbox 0 1484 778 1526; baseline 0.004 -14"><span class='ocrx_word' id='word_1_334' title='bbox 0 1484 15 1513; x_wconf 63' lang='lat' dir='ltr'><strong>ll</strong></span> <span class='ocrx_word' id='word_1_335' title='bbox 28 1484 69 1514; x_wconf 81' lang='grc' dir='ltr'><strong>καὶ</strong></span> <span class='ocrx_word' id='word_1_336' title='bbox 86 1486 293 1526; x_wconf 78' lang='grc' dir='ltr'>ἅναισχυντοῖιν,</span> <span class='ocrx_word' id='word_1_337' title='bbox 307 1484 439 1524; x_wconf 82' lang='grc' dir='ltr'>λέγοντες,</span> <span class='ocrx_word' id='word_1_338' title='bbox 455 1485 496 1515; x_wconf 76' lang='grc' dir='ltr'>ὅτι</span> <span class='ocrx_word' id='word_1_339' title='bbox 510 1486 564 1516; x_wconf 81' lang='grc' dir='ltr'><strong>Τὸν</strong></span> <span class='ocrx_word' id='word_1_340' title='bbox 592 1488 619 1516; x_wconf 80' lang='grc' dir='ltr'>ἐν</span> <span class='ocrx_word' id='word_1_341' title='bbox 635 1486 778 1524; x_wconf 73' lang='grc' dir='ltr'>ἁμαρτίαις</span> 
     </span>
    </p>
   </div>
   <div class='ocr_carea' id='block_1_46' title="bbox 0 1528 772 1572">
    <p class='ocr_par' dir='ltr' id='par_1_46' title="bbox 0 1528 772 1572">
     <span class='ocr_line' id='line_1_46' title="bbox 0 1528 772 1572; baseline 0.009 -18"><span class='ocrx_word' id='word_1_342' title='bbox 0 1528 89 1558; x_wconf 67' lang='grc' dir='ltr'>ὶάνατον</span> <span class='ocrx_word' id='word_1_343' title='bbox 104 1530 217 1560; x_wconf 80' lang='grc' dir='ltr'>ἀπέθανε</span> <span class='ocrx_word' id='word_1_344' title='bbox 234 1530 279 1560; x_wconf 77' lang='grc' dir='ltr'>καὶ</span> <span class='ocrx_word' id='word_1_345' title='bbox 295 1530 386 1564; x_wconf 82' lang='grc' dir='ltr'>αὐτός·</span> <span class='ocrx_word' id='word_1_346' title='bbox 403 1531 459 1564; x_wconf 77' lang='grc' dir='ltr'><strong>πῶς</strong></span> <span class='ocrx_word' id='word_1_347' title='bbox 482 1542 572 1571; x_wconf 85' lang='grc' dir='ltr'>φησιν,</span> <span class='ocrx_word' id='word_1_348' title='bbox 595 1529 635 1559; x_wconf 76' lang='grc' dir='ltr'>ὅτι</span> <span class='ocrx_word' id='word_1_349' title='bbox 650 1542 664 1559; x_wconf 72' lang='grc' dir='ltr'><strong>α</strong></span> <span class='ocrx_word' id='word_1_350' title='bbox 691 1530 772 1572; x_wconf 77' lang='grc' dir='ltr'>Ὑπὲρ</span> 
     </span>
    </p>
   </div>
   <div class='ocr_carea' id='block_1_47' title="bbox 869 1528 1478 1572">
    <p class='ocr_par' dir='ltr' id='par_1_47' title="bbox 869 1533 1478 1569">
     <span class='ocr_line' id='line_1_47' title="bbox 869 1533 1478 1569; baseline -0.002 -8"><span class='ocrx_word' id='word_1_351' title='bbox 869 1533 981 1567; x_wconf 86' lang='lat' dir='ltr'><strong>omodo,</strong></span> <span class='ocrx_word' id='word_1_352' title='bbox 994 1533 1061 1562; x_wconf 88' lang='lat' dir='ltr'><strong>dicit</strong></span> <span class='ocrx_word' id='word_1_353' title='bbox 1088 1545 1099 1557; x_wconf 83' lang='grc' dir='ltr'>α</span> <span class='ocrx_word' id='word_1_354' title='bbox 1118 1534 1171 1562; x_wconf 89' lang='lat' dir='ltr'><strong>Pro</strong></span> <span class='ocrx_word' id='word_1_355' title='bbox 1197 1533 1316 1569; x_wconf 85' lang='lat' dir='ltr'><strong>peccatis</strong></span> <span class='ocrx_word' id='word_1_356' title='bbox 1336 1533 1440 1561; x_wconf 86' lang='lat' dir='ltr'><strong>nostris</strong></span> <span class='ocrx_word' id='word_1_357' title='bbox 1465 1545 1478 1558; x_wconf 72' lang='grc' dir='ltr'>ι</span> 
     </span>
    </p>
   </div>
   <div class='ocr_carea' id='block_1_48' title="bbox 1 1574 775 1615">
    <p class='ocr_par' dir='ltr' id='par_1_48' title="bbox 1 1574 775 1615">
     <span class='ocr_line' id='line_1_48' title="bbox 1 1574 775 1615; baseline 0.004 -14"><span class='ocrx_word' id='word_1_358' title='bbox 1 1575 36 1602; x_wconf 71' lang='grc' dir='ltr'>τῶν</span> <span class='ocrx_word' id='word_1_359' title='bbox 51 1575 184 1615; x_wconf 78' lang='grc' dir='ltr'>ἁμαρτιῶν</span> <span class='ocrx_word' id='word_1_360' title='bbox 202 1577 293 1614; x_wconf 68' lang='grc' dir='ltr'>ἡμῶνς</span> <span class='ocrx_word' id='word_1_361' title='bbox 313 1586 328 1604; x_wconf 86' lang='grc' dir='ltr'>ι)</span> <span class='ocrx_word' id='word_1_362' title='bbox 357 1576 389 1606; x_wconf 81' lang='grc' dir='ltr'><strong>Εἰ</strong></span> <span class='ocrx_word' id='word_1_363' title='bbox 411 1574 462 1614; x_wconf 77' lang='grc' dir='ltr'><strong>γὰρ</strong></span> <span class='ocrx_word' id='word_1_364' title='bbox 485 1575 531 1605; x_wconf 77' lang='grc' dir='ltr'>καὶ</span> <span class='ocrx_word' id='word_1_365' title='bbox 553 1575 631 1608; x_wconf 75' lang='grc' dir='ltr'>αὐτὸς</span> <span class='ocrx_word' id='word_1_366' title='bbox 645 1575 775 1614; x_wconf 76' lang='grc' dir='ltr'>ἁμαρτω-</span> 
     </span>
    </p>
   </div>
   <div class='ocr_carea' id='block_1_49' title="bbox 1 1615 776 1661">
    <p class='ocr_par' dir='ltr' id='par_1_49' title="bbox 1 1615 776 1661">
     <span class='ocr_line' id='line_1_49' title="bbox 1 1615 776 1661; baseline 0.004 -14"><span class='ocrx_word' id='word_1_367' title='bbox 1 1619 29 1652; x_wconf 58' lang='lat' dir='ltr'><strong>is;</strong></span> <span class='ocrx_word' id='word_1_368' title='bbox 48 1615 92 1658; x_wconf 73' lang='grc' dir='ltr'><strong>ἧν,</strong></span> <span class='ocrx_word' id='word_1_369' title='bbox 113 1622 169 1654; x_wconf 77' lang='grc' dir='ltr'><strong>πῶς</strong></span> <span class='ocrx_word' id='word_1_370' title='bbox 194 1621 260 1661; x_wconf 72' lang='grc' dir='ltr'>ὑπὲρ</span> <span class='ocrx_word' id='word_1_371' title='bbox 283 1622 335 1650; x_wconf 76' lang='grc' dir='ltr'><strong>τῶν</strong></span> <span class='ocrx_word' id='word_1_372' title='bbox 357 1620 493 1660; x_wconf 79' lang='grc' dir='ltr'>ἡμετέρων</span> <span class='ocrx_word' id='word_1_373' title='bbox 512 1620 649 1660; x_wconf 79' lang='grc' dir='ltr'>ἁμαρτιῶν</span> <span class='ocrx_word' id='word_1_374' title='bbox 677 1620 776 1650; x_wconf 76' lang='grc' dir='ltr'>ἀπέθα-</span> 
     </span>
    </p>
   </div>
   <div class='ocr_carea' id='block_1_50' title="bbox 1 1664 776 1705">
    <p class='ocr_par' dir='ltr' id='par_1_50' title="bbox 1 1664 776 1705">
     <span class='ocr_line' id='line_1_50' title="bbox 1 1664 776 1705; baseline -0.001 -10"><span class='ocrx_word' id='word_1_375' title='bbox 1 1675 46 1698; x_wconf 65' lang='grc' dir='ltr'>ἰη</span> <span class='ocrx_word' id='word_1_376' title='bbox 61 1664 139 1695; x_wconf 76' lang='grc' dir='ltr'><strong>Ἀλλὰ</strong></span> <span class='ocrx_word' id='word_1_377' title='bbox 153 1665 260 1705; x_wconf 81' lang='grc' dir='ltr'>καὶτῷ,</span> <span class='ocrx_word' id='word_1_378' title='bbox 278 1679 289 1691; x_wconf 77' lang='grc' dir='ltr'><strong>ι</strong></span> <span class='ocrx_word' id='word_1_379' title='bbox 307 1665 385 1695; x_wconf 81' lang='grc' dir='ltr'>Κατὰ</span> <span class='ocrx_word' id='word_1_380' title='bbox 401 1664 447 1698; x_wconf 84' lang='grc' dir='ltr'><strong>τὰς</strong></span> <span class='ocrx_word' id='word_1_381' title='bbox 464 1665 582 1705; x_wconf 79' lang='grc' dir='ltr'>Γραφὰς,</span> <span class='ocrx_word' id='word_1_382' title='bbox 600 1679 611 1691; x_wconf 70' lang='grc' dir='ltr'><strong>ν</strong></span> <span class='ocrx_word' id='word_1_383' title='bbox 626 1665 720 1702; x_wconf 83' lang='grc' dir='ltr'>εἰπεῖν,</span> <span class='ocrx_word' id='word_1_384' title='bbox 736 1666 776 1694; x_wconf 77' lang='grc' dir='ltr'>ἐν·</span> 
     </span>
    </p>
   </div>
   <div class='ocr_carea' id='block_1_51' title="bbox 1 1709 777 1750">
    <p class='ocr_par' dir='ltr' id='par_1_51' title="bbox 1 1709 777 1750">
     <span class='ocr_line' id='line_1_51' title="bbox 1 1709 777 1750; baseline 0.001 -13"><span class='ocrx_word' id='word_1_385' title='bbox 1 1709 71 1747; x_wconf 74' lang='grc' dir='ltr'>τρέπει</span> <span class='ocrx_word' id='word_1_386' title='bbox 85 1709 239 1750; x_wconf 73' lang='grc' dir='ltr'>σαφέστατα</span> <span class='ocrx_word' id='word_1_387' title='bbox 253 1709 371 1742; x_wconf 82' lang='grc' dir='ltr'>τούτους.</span> <span class='ocrx_word' id='word_1_388' title='bbox 390 1710 534 1749; x_wconf 74' lang='grc' dir='ltr'>Πανταχοῧ</span> <span class='ocrx_word' id='word_1_389' title='bbox 553 1709 604 1750; x_wconf 79' lang='grc' dir='ltr'><strong>γὰρ</strong></span> <span class='ocrx_word' id='word_1_390' title='bbox 625 1711 653 1738; x_wconf 84' lang='grc' dir='ltr'>αἱ</span> <span class='ocrx_word' id='word_1_391' title='bbox 673 1711 694 1739; x_wconf 85' lang='grc' dir='ltr'><strong><em>Γ</em></strong></span> <span class='ocrx_word' id='word_1_392' title='bbox 697 1709 777 1748; x_wconf 80' lang='grc' dir='ltr'>ραφαὶ</span> 
     </span>
    </p>
   </div>
   <div class='ocr_carea' id='block_1_52' title="bbox 2 1754 774 1794">
    <p class='ocr_par' dir='ltr' id='par_1_52' title="bbox 2 1754 774 1794">
     <span class='ocr_line' id='line_1_52' title="bbox 2 1754 774 1794; baseline 0.001 -12"><span class='ocrx_word' id='word_1_393' title='bbox 2 1756 72 1783; x_wconf 69' lang='grc' dir='ltr'>ὀὖτον</span> <span class='ocrx_word' id='word_1_394' title='bbox 86 1754 128 1784; x_wconf 82' lang='grc' dir='ltr'><strong>τὸν</strong></span> <span class='ocrx_word' id='word_1_395' title='bbox 151 1754 303 1793; x_wconf 73' lang='grc' dir='ltr'>σωματικὸν</span> <span class='ocrx_word' id='word_1_396' title='bbox 319 1754 430 1783; x_wconf 76' lang='grc' dir='ltr'>Θάνατον</span> <span class='ocrx_word' id='word_1_397' title='bbox 455 1756 493 1794; x_wconf 82' lang='grc' dir='ltr'><strong>τῷ</strong></span> <span class='ocrx_word' id='word_1_398' title='bbox 509 1755 618 1793; x_wconf 84' lang='grc' dir='ltr'>Χριστῶ</span> <span class='ocrx_word' id='word_1_399' title='bbox 636 1764 774 1794; x_wconf 84' lang='grc' dir='ltr'>προσμαρ-</span> 
     </span>
    </p>
   </div>
   <div class='ocr_carea' id='block_1_53' title="bbox 2 1798 777 1839">
    <p class='ocr_par' dir='ltr' id='par_1_53' title="bbox 2 1798 777 1839">
     <span class='ocr_line' id='line_1_53' title="bbox 2 1798 777 1839; baseline -0.001 -11"><span class='ocrx_word' id='word_1_400' title='bbox 2 1801 112 1837; x_wconf 81' lang='grc' dir='ltr'>ὐροῧσιν.</span> <span class='ocrx_word' id='word_1_401' title='bbox 127 1814 139 1826; x_wconf 77' lang='grc' dir='ltr'><strong>α</strong></span> <span class='ocrx_word' id='word_1_402' title='bbox 153 1798 275 1839; x_wconf 73' lang='grc' dir='ltr'>Ὠρυξαν</span> <span class='ocrx_word' id='word_1_403' title='bbox 297 1812 312 1828; x_wconf 63' lang='grc' dir='ltr'><strong>ν</strong></span> <span class='ocrx_word' id='word_1_404' title='bbox 329 1799 392 1839; x_wconf 75' lang='grc' dir='ltr'>γὰρ,</span> <span class='ocrx_word' id='word_1_405' title='bbox 413 1798 493 1838; x_wconf 78' lang='grc' dir='ltr'>φησὶ,</span> <span class='ocrx_word' id='word_1_406' title='bbox 511 1812 523 1825; x_wconf 82' lang='grc' dir='ltr'>ι</span> <span class='ocrx_word' id='word_1_407' title='bbox 538 1799 629 1838; x_wconf 81' lang='grc' dir='ltr'>χεῖράς</span> <span class='ocrx_word' id='word_1_408' title='bbox 645 1810 711 1837; x_wconf 81' lang='grc' dir='ltr'>μου,</span> <span class='ocrx_word' id='word_1_409' title='bbox 732 1798 777 1828; x_wconf 80' lang='grc' dir='ltr'><strong>καὶ</strong></span> 
     </span>
    </p>
   </div>
   <div class='ocr_carea' id='block_1_54' title="bbox 2 1842 771 1884">
    <p class='ocr_par' dir='ltr' id='par_1_54' title="bbox 2 1842 771 1884">
     <span class='ocr_line' id='line_1_54' title="bbox 2 1842 771 1884; baseline 0 -13"><span class='ocrx_word' id='word_1_410' title='bbox 2 1842 64 1877; x_wconf 69' lang='grc' dir='ltr'>τόδας</span> <span class='ocrx_word' id='word_1_411' title='bbox 78 1855 128 1883; x_wconf 86' lang='grc' dir='ltr'><strong>μου</strong></span> <span class='ocrx_word' id='word_1_412' title='bbox 139 1857 147 1864; x_wconf 86' lang='grc'><strong>·</strong></span> <span class='ocrx_word' id='word_1_413' title='bbox 163 1856 180 1872; x_wconf 65' lang='grc' dir='ltr'><strong>ι</strong></span> <span class='ocrx_word' id='word_1_414' title='bbox 197 1843 243 1873; x_wconf 84' lang='grc' dir='ltr'><strong>καὶ</strong></span> <span class='ocrx_word' id='word_1_415' title='bbox 254 1865 262 1879; x_wconf 92' lang='grc'><strong>,</strong></span> <span class='ocrx_word' id='word_1_416' title='bbox 280 1858 293 1870; x_wconf 75' lang='lat' dir='ltr'><strong>a</strong></span> <span class='ocrx_word' id='word_1_417' title='bbox 311 1842 445 1884; x_wconf 74' lang='grc' dir='ltr'>Ὄψονται</span> <span class='ocrx_word' id='word_1_418' title='bbox 460 1844 495 1877; x_wconf 80' lang='grc' dir='ltr'>εἷς</span> <span class='ocrx_word' id='word_1_419' title='bbox 511 1842 540 1872; x_wconf 83' lang='grc' dir='ltr'><strong>ὃν</strong></span> <span class='ocrx_word' id='word_1_420' title='bbox 553 1842 725 1879; x_wconf 76' lang='grc' dir='ltr'>ἐξεκέντησαν</span> <span class='ocrx_word' id='word_1_421' title='bbox 736 1855 743 1862; x_wconf 89' lang='grc'><strong>·</strong></span> <span class='ocrx_word' id='word_1_422' title='bbox 758 1855 771 1872; x_wconf 72' lang='grc' dir='ltr'>ι)</span> 
     </span>
    </p>
   </div>
   <div class='ocr_carea' id='block_1_55' title="bbox 2 1887 774 1928">
    <p class='ocr_par' dir='ltr' id='par_1_55' title="bbox 2 1887 774 1928">
     <span class='ocr_line' id='line_1_55' title="bbox 2 1887 774 1928; baseline 0.001 -13"><span class='ocrx_word' id='word_1_423' title='bbox 2 1888 47 1925; x_wconf 74' lang='grc' dir='ltr'>ιαὶ,</span> <span class='ocrx_word' id='word_1_424' title='bbox 72 1900 87 1916; x_wconf 75' lang='grc' dir='ltr'>ι</span> <span class='ocrx_word' id='word_1_425' title='bbox 111 1888 332 1928; x_wconf 85' lang='grc' dir='ltr'>Ἐτραυματίσθη</span> <span class='ocrx_word' id='word_1_426' title='bbox 354 1888 398 1917; x_wconf 80' lang='grc' dir='ltr'><strong>διὰ</strong></span> <span class='ocrx_word' id='word_1_427' title='bbox 423 1887 470 1922; x_wconf 80' lang='grc' dir='ltr'><strong>τὰς</strong></span> <span class='ocrx_word' id='word_1_428' title='bbox 486 1887 618 1927; x_wconf 79' lang='grc' dir='ltr'>ἁμαρτίας</span> <span class='ocrx_word' id='word_1_429' title='bbox 638 1889 732 1925; x_wconf 81' lang='grc' dir='ltr'>ἡμῶν·</span> <span class='ocrx_word' id='word_1_430' title='bbox 759 1900 774 1915; x_wconf 65' lang='grc' dir='ltr'><strong>π</strong></span> 
     </span>
    </p>
   </div>
   <div class='ocr_carea' id='block_1_56' title="bbox 3 1931 777 1974">
    <p class='ocr_par' dir='ltr' id='par_1_56' title="bbox 3 1931 777 1974">
     <span class='ocr_line' id='line_1_56' title="bbox 3 1931 777 1974; baseline 0.004 -15"><span class='ocrx_word' id='word_1_431' title='bbox 3 1931 47 1970; x_wconf 72' lang='grc' dir='ltr'>ιαὶ,</span> <span class='ocrx_word' id='word_1_432' title='bbox 67 1946 79 1959; x_wconf 71' lang='grc' dir='ltr'><strong>ι</strong></span> <span class='ocrx_word' id='word_1_433' title='bbox 101 1932 190 1974; x_wconf 77' lang='grc' dir='ltr'>Ὑπὲρ</span> <span class='ocrx_word' id='word_1_434' title='bbox 212 1934 264 1962; x_wconf 78' lang='grc' dir='ltr'><strong>τῶν</strong></span> <span class='ocrx_word' id='word_1_435' title='bbox 280 1933 419 1973; x_wconf 75' lang='grc' dir='ltr'>ἁμαρτιῶν</span> <span class='ocrx_word' id='word_1_436' title='bbox 433 1935 479 1962; x_wconf 76' lang='grc' dir='ltr'>τοῦ</span> <span class='ocrx_word' id='word_1_437' title='bbox 504 1933 570 1962; x_wconf 74' lang='grc' dir='ltr'>λαοῦ</span> <span class='ocrx_word' id='word_1_438' title='bbox 592 1943 643 1970; x_wconf 85' lang='grc' dir='ltr'><strong>μου</strong></span> <span class='ocrx_word' id='word_1_439' title='bbox 667 1931 726 1968; x_wconf 81' lang='grc' dir='ltr'>ἥκει</span> <span class='ocrx_word' id='word_1_440' title='bbox 742 1934 777 1965; x_wconf 83' lang='grc' dir='ltr'><strong>εἷς</strong></span> 
     </span>
    </p>
   </div>
   <div class='ocr_carea' id='block_1_57' title="bbox 3 1986 140 2008">
    <p class='ocr_par' dir='ltr' id='par_1_57' title="bbox 3 1986 140 2008">
     <span class='ocr_line' id='line_1_57' title="bbox 3 1986 140 2008; baseline 0.029 -4"><span class='ocrx_word' id='word_1_441' title='bbox 3 1986 93 2007; x_wconf 56' lang='grc' dir='ltr'>πανατον</span> <span class='ocrx_word' id='word_1_442' title='bbox 98 2002 104 2008; x_wconf 94' lang='grc'><strong>.</strong></span> <span class='ocrx_word' id='word_1_443' title='bbox 125 1990 140 2007; x_wconf 69' lang='grc' dir='ltr'><strong><em>ι</em></strong></span> 
     </span>
    </p>
   </div>
   <div class='ocr_carea' id='block_1_58' title="bbox 29 2016 777 2062">
    <p class='ocr_par' dir='ltr' id='par_1_58' title="bbox 29 2016 777 2062">
     <span class='ocr_line' id='line_1_58' title="bbox 29 2016 777 2062; baseline -0.001 -11"><span class='ocrx_word' id='word_1_444' title='bbox 29 2031 42 2049; x_wconf 82' lang='lat' dir='ltr'><strong>I</strong></span> <span class='ocrx_word' id='word_1_445' title='bbox 65 2022 117 2052; x_wconf 71' lang='grc' dir='ltr'><strong>Καὶ</strong></span> <span class='ocrx_word' id='word_1_446' title='bbox 139 2022 181 2052; x_wconf 73' lang='grc' dir='ltr'><strong>ὅτι</strong></span> <span class='ocrx_word' id='word_1_447' title='bbox 201 2021 295 2062; x_wconf 77' lang='grc' dir='ltr'>ἐτάφη.</span> <span class='ocrx_word' id='word_1_448' title='bbox 319 2035 330 2048; x_wconf 78' lang='grc' dir='ltr'><strong><em>ι</em></strong></span> <span class='ocrx_word' id='word_1_449' title='bbox 348 2023 451 2052; x_wconf 72' lang='grc' dir='ltr'>Οὐκοῦν</span> <span class='ocrx_word' id='word_1_450' title='bbox 476 2021 522 2051; x_wconf 74' lang='grc' dir='ltr'>καὶ</span> <span class='ocrx_word' id='word_1_451' title='bbox 547 2023 626 2060; x_wconf 80' lang='grc' dir='ltr'>σῶμα</span> <span class='ocrx_word' id='word_1_452' title='bbox 650 2016 721 2061; x_wconf 80' lang='grc' dir='ltr'>εἶχε·</span> <span class='ocrx_word' id='word_1_453' title='bbox 747 2021 777 2051; x_wconf 80' lang='grc' dir='ltr'>τὸ</span> 
     </span>
    </p>
   </div>
   <div class='ocr_carea' id='block_1_59' title="bbox 3 2065 774 2106">
    <p class='ocr_par' dir='ltr' id='par_1_59' title="bbox 3 2065 774 2106">
     <span class='ocr_line' id='line_1_59' title="bbox 3 2065 774 2106; baseline -0.001 -10"><span class='ocrx_word' id='word_1_454' title='bbox 3 2065 37 2105; x_wconf 72' lang='grc' dir='ltr'><strong>’ἂρ</strong></span> <span class='ocrx_word' id='word_1_455' title='bbox 67 2066 230 2106; x_wconf 82' lang='grc' dir='ltr'>θαπτόμενον</span> <span class='ocrx_word' id='word_1_456' title='bbox 257 2066 337 2105; x_wconf 79' lang='grc' dir='ltr'>σῶμά</span> <span class='ocrx_word' id='word_1_457' title='bbox 367 2067 448 2097; x_wconf 84' lang='grc' dir='ltr'>ἐστιν.</span> <span class='ocrx_word' id='word_1_458' title='bbox 481 2067 523 2096; x_wconf 86' lang='grc' dir='ltr'><strong>Οὖ</strong></span> <span class='ocrx_word' id='word_1_459' title='bbox 551 2065 699 2106; x_wconf 73' lang='grc' dir='ltr'>προσέθηκε</span> <span class='ocrx_word' id='word_1_460' title='bbox 728 2066 774 2104; x_wconf 78' lang='grc' dir='ltr'>δὲ,</span> 
     </span>
    </p>
   </div>
   <div class='ocr_carea' id='block_1_60' title="bbox 4 2106 778 2152">
    <p class='ocr_par' dir='ltr' id='par_1_60' title="bbox 4 2106 778 2152">
     <span class='ocr_line' id='line_1_60' title="bbox 4 2106 778 2152; baseline 0 -12"><span class='ocrx_word' id='word_1_461' title='bbox 4 2120 8 2136; x_wconf 72' lang='grc' dir='ltr'><strong>ι</strong></span> <span class='ocrx_word' id='word_1_462' title='bbox 29 2111 104 2140; x_wconf 83' lang='grc' dir='ltr'>Κατὰ</span> <span class='ocrx_word' id='word_1_463' title='bbox 117 2111 163 2145; x_wconf 78' lang='grc' dir='ltr'><strong>τὰς</strong></span> <span class='ocrx_word' id='word_1_464' title='bbox 181 2110 307 2152; x_wconf 76' lang='grc' dir='ltr'>Γραφὰς,</span> <span class='ocrx_word' id='word_1_465' title='bbox 326 2122 340 2140; x_wconf 84' lang='grc'><strong>›</strong></span> <span class='ocrx_word' id='word_1_466' title='bbox 357 2110 374 2146; x_wconf 83' lang='grc' dir='ltr'>ἢ</span> <span class='ocrx_word' id='word_1_467' title='bbox 394 2110 435 2140; x_wconf 76' lang='grc' dir='ltr'><strong>ὅτι</strong></span> <span class='ocrx_word' id='word_1_468' title='bbox 449 2111 526 2147; x_wconf 76' lang='grc' dir='ltr'>δῆλος</span> <span class='ocrx_word' id='word_1_469' title='bbox 545 2106 577 2147; x_wconf 77' lang='grc' dir='ltr'><strong>ἦν</strong></span> <span class='ocrx_word' id='word_1_470' title='bbox 592 2112 606 2140; x_wconf 82' lang='grc' dir='ltr'><strong>ὃ</strong></span> <span class='ocrx_word' id='word_1_471' title='bbox 625 2111 705 2152; x_wconf 78' lang='grc' dir='ltr'>τάφος</span> <span class='ocrx_word' id='word_1_472' title='bbox 720 2115 778 2140; x_wconf 77' lang='grc' dir='ltr'>πᾶ·-</span> 
     </span>
    </p>
   </div>
   <div class='ocr_carea' id='block_1_61' title="bbox 831 951 1628 988">
    <p class='ocr_par' dir='ltr' id='par_1_61' title="bbox 831 951 1628 988">
     <span class='ocr_line' id='line_1_61' title="bbox 831 951 1628 988; baseline -0.001 -9"><span class='ocrx_word' id='word_1_473' title='bbox 831 951 948 980; x_wconf 93' lang='lat' dir='ltr'><strong>modum</strong></span> <span class='ocrx_word' id='word_1_474' title='bbox 959 952 1042 988; x_wconf 89' lang='lat' dir='ltr'><strong>igitur</strong></span> <span class='ocrx_word' id='word_1_475' title='bbox 1052 959 1101 988; x_wconf 82' lang='lat' dir='ltr'><strong>ego</strong></span> <span class='ocrx_word' id='word_1_476' title='bbox 1113 951 1231 986; x_wconf 88' lang='lat' dir='ltr'><strong>retineo,</strong></span> <span class='ocrx_word' id='word_1_477' title='bbox 1241 951 1346 980; x_wconf 83' lang='lat' dir='ltr'><strong>debetis</strong></span> <span class='ocrx_word' id='word_1_478' title='bbox 1357 956 1383 979; x_wconf 87' lang='lat' dir='ltr'><strong>et</strong></span> <span class='ocrx_word' id='word_1_479' title='bbox 1396 959 1445 979; x_wconf 91' lang='lat' dir='ltr'><strong>vos</strong></span> <span class='ocrx_word' id='word_1_480' title='bbox 1457 951 1526 979; x_wconf 84' lang='lat' dir='ltr'><strong>illud</strong></span> <span class='ocrx_word' id='word_1_481' title='bbox 1539 951 1628 987; x_wconf 87' lang='lat' dir='ltr'><strong>ipsum</strong></span> 
     </span>
    </p>
   </div>
   <div class='ocr_carea' id='block_1_62' title="bbox 831 996 1629 1033">
    <p class='ocr_par' dir='ltr' id='par_1_62' title="bbox 831 996 1629 1033">
     <span class='ocr_line' id='line_1_62' title="bbox 831 996 1629 1033; baseline -0.001 -9"><span class='ocrx_word' id='word_1_482' title='bbox 831 997 958 1024; x_wconf 88' lang='lat' dir='ltr'><strong>retinere.</strong></span> <span class='ocrx_word' id='word_1_483' title='bbox 984 997 1020 1024; x_wconf 83' lang='lat' dir='ltr'><strong>Et</strong></span> <span class='ocrx_word' id='word_1_484' title='bbox 1040 996 1111 1024; x_wconf 89' lang='lat' dir='ltr'><strong>sicut</strong></span> <span class='ocrx_word' id='word_1_485' title='bbox 1141 996 1168 1024; x_wconf 91' lang='lat' dir='ltr'><strong>in</strong></span> <span class='ocrx_word' id='word_1_486' title='bbox 1199 996 1296 1033; x_wconf 90' lang='lat' dir='ltr'><strong>primis</strong></span> <span class='ocrx_word' id='word_1_487' title='bbox 1324 997 1478 1032; x_wconf 88' lang='lat' dir='ltr'><strong>accepistis,</strong></span> <span class='ocrx_word' id='word_1_488' title='bbox 1506 1003 1562 1024; x_wconf 90' lang='lat' dir='ltr'><strong>non</strong></span> <span class='ocrx_word' id='word_1_489' title='bbox 1589 999 1629 1024; x_wconf 92' lang='lat' dir='ltr'><strong>est</strong></span> 
     </span>
    </p>
   </div>
   <div class='ocr_carea' id='block_1_63' title="bbox 831 1041 1503 1078">
    <p class='ocr_par' dir='ltr' id='par_1_63' title="bbox 831 1041 1503 1078">
     <span class='ocr_line' id='line_1_63' title="bbox 831 1041 1503 1078; baseline -0.003 -8"><span class='ocrx_word' id='word_1_490' title='bbox 831 1048 940 1078; x_wconf 63' lang='lat' dir='ltr'><strong>aequum</strong></span> <span class='ocrx_word' id='word_1_491' title='bbox 955 1045 986 1069; x_wconf 87' lang='lat' dir='ltr'><strong>ut</strong></span> <span class='ocrx_word' id='word_1_492' title='bbox 991 1041 1051 1078; x_wconf 90' lang='lat' dir='ltr'><strong>jam</strong></span> <span class='ocrx_word' id='word_1_493' title='bbox 1064 1041 1204 1075; x_wconf 88' lang='lat' dir='ltr'><strong>dubitetis,</strong></span> <span class='ocrx_word' id='word_1_494' title='bbox 1219 1041 1318 1069; x_wconf 85' lang='lat' dir='ltr'><strong>saltem</strong></span> <span class='ocrx_word' id='word_1_495' title='bbox 1333 1041 1370 1069; x_wconf 90' lang='lat' dir='ltr'><strong>ob</strong></span> <span class='ocrx_word' id='word_1_496' title='bbox 1382 1045 1503 1077; x_wconf 89' lang='lat' dir='ltr'><strong>tempus.</strong></span> 
     </span>
    </p>
   </div>
   <div class='ocr_carea' id='block_1_64' title="bbox 870 1085 1628 1122">
    <p class='ocr_par' dir='ltr' id='par_1_64' title="bbox 870 1085 1628 1122">
     <span class='ocr_line' id='line_1_64' title="bbox 870 1085 1628 1122; baseline 0 -10"><span class='ocrx_word' id='word_1_497' title='bbox 870 1096 883 1112; x_wconf 81' lang='grc' dir='ltr'>(ι</span> <span class='ocrx_word' id='word_1_498' title='bbox 897 1086 977 1122; x_wconf 89' lang='lat' dir='ltr'><strong>Quod</strong></span> <span class='ocrx_word' id='word_1_499' title='bbox 992 1086 1117 1114; x_wconf 90' lang='lat' dir='ltr'><strong>Christus</strong></span> <span class='ocrx_word' id='word_1_500' title='bbox 1129 1090 1257 1114; x_wconf 83' lang='lat' dir='ltr'><strong>mortuus</strong></span> <span class='ocrx_word' id='word_1_501' title='bbox 1270 1086 1306 1114; x_wconf 87' lang='lat' dir='ltr'><strong>sit</strong></span> <span class='ocrx_word' id='word_1_502' title='bbox 1319 1094 1367 1122; x_wconf 93' lang='lat' dir='ltr'><strong>pro</strong></span> <span class='ocrx_word' id='word_1_503' title='bbox 1381 1085 1498 1122; x_wconf 88' lang='lat' dir='ltr'><strong>peccatis</strong></span> <span class='ocrx_word' id='word_1_504' title='bbox 1515 1085 1628 1119; x_wconf 84' lang='lat' dir='ltr'><strong>nostris,</strong></span> 
     </span>
    </p>
   </div>
   <div class='ocr_carea' id='block_1_65' title="bbox 831 1130 1629 1166">
    <p class='ocr_par' dir='ltr' id='par_1_65' title="bbox 831 1130 1629 1166">
     <span class='ocr_line' id='line_1_65' title="bbox 831 1130 1629 1166; baseline -0.003 -7"><span class='ocrx_word' id='word_1_505' title='bbox 831 1131 984 1159; x_wconf 87' lang='lat' dir='ltr'><strong>secundum</strong></span> <span class='ocrx_word' id='word_1_506' title='bbox 997 1131 1158 1166; x_wconf 87' lang='lat' dir='ltr'><strong>Scripturas.</strong></span> <span class='ocrx_word' id='word_1_507' title='bbox 1176 1142 1189 1155; x_wconf 70' lang='grc' dir='ltr'><em>υ</em></span> <span class='ocrx_word' id='word_1_508' title='bbox 1206 1130 1306 1159; x_wconf 88' lang='lat' dir='ltr'><strong>Christi</strong></span> <span class='ocrx_word' id='word_1_509' title='bbox 1332 1130 1472 1166; x_wconf 88' lang='lat' dir='ltr'><strong>perspicue</strong></span> <span class='ocrx_word' id='word_1_510' title='bbox 1497 1130 1524 1158; x_wconf 92' lang='lat' dir='ltr'><strong>in</strong></span> <span class='ocrx_word' id='word_1_511' title='bbox 1546 1130 1629 1157; x_wconf 82' lang='lat' dir='ltr'><strong>Paulo</strong></span> 
     </span>
    </p>
   </div>
   <div class='ocr_carea' id='block_1_66' title="bbox 831 1174 1628 1211">
    <p class='ocr_par' dir='ltr' id='par_1_66' title="bbox 831 1174 1628 1211">
     <span class='ocr_line' id='line_1_66' title="bbox 831 1174 1628 1211; baseline -0.001 -8"><span class='ocrx_word' id='word_1_512' title='bbox 831 1175 968 1211; x_wconf 83' lang='lat' dir='ltr'><strong>loquentis</strong></span> <span class='ocrx_word' id='word_1_513' title='bbox 992 1175 1050 1204; x_wconf 65' lang='lat' dir='ltr'><strong>haec</strong></span> <span class='ocrx_word' id='word_1_514' title='bbox 1075 1176 1156 1203; x_wconf 89' lang='lat' dir='ltr'><strong>verba</strong></span> <span class='ocrx_word' id='word_1_515' title='bbox 1182 1181 1255 1204; x_wconf 85' lang='lat' dir='ltr'><strong>sunt.</strong></span> <span class='ocrx_word' id='word_1_516' title='bbox 1286 1175 1359 1211; x_wconf 88' lang='lat' dir='ltr'><strong>Quia</strong></span> <span class='ocrx_word' id='word_1_517' title='bbox 1382 1175 1458 1203; x_wconf 87' lang='lat' dir='ltr'><strong>enim</strong></span> <span class='ocrx_word' id='word_1_518' title='bbox 1483 1174 1628 1203; x_wconf 65' lang='lat' dir='ltr'><strong>Manichaai</strong></span> 
     </span>
    </p>
   </div>
   <div class='ocr_carea' id='block_1_67' title="bbox 831 1220 1627 1256">
    <p class='ocr_par' dir='ltr' id='par_1_67' title="bbox 831 1220 1627 1256">
     <span class='ocr_line' id='line_1_67' title="bbox 831 1220 1627 1256; baseline -0.001 -8"><span class='ocrx_word' id='word_1_519' title='bbox 831 1220 928 1248; x_wconf 89' lang='lat' dir='ltr'><strong>dicturi</strong></span> <span class='ocrx_word' id='word_1_520' title='bbox 953 1225 1040 1254; x_wconf 89' lang='lat' dir='ltr'><strong>erant,</strong></span> <span class='ocrx_word' id='word_1_521' title='bbox 1055 1221 1129 1256; x_wconf 90' lang='lat' dir='ltr'><strong>quod</strong></span> <span class='ocrx_word' id='word_1_522' title='bbox 1144 1221 1245 1248; x_wconf 87' lang='lat' dir='ltr'><strong>Paulus</strong></span> <span class='ocrx_word' id='word_1_523' title='bbox 1265 1224 1385 1248; x_wconf 87' lang='lat' dir='ltr'><strong>mortem</strong></span> <span class='ocrx_word' id='word_1_524' title='bbox 1410 1224 1521 1256; x_wconf 81' lang='lat' dir='ltr'><strong>peccata</strong></span> <span class='ocrx_word' id='word_1_525' title='bbox 1536 1223 1627 1252; x_wconf 78' lang='lat' dir='ltr'><strong>vocet.</strong></span> 
     </span>
    </p>
   </div>
   <div class='ocr_carea' id='block_1_68' title="bbox 832 1264 1630 1300">
    <p class='ocr_par' dir='ltr' id='par_1_68' title="bbox 832 1264 1630 1300">
     <span class='ocr_line' id='line_1_68' title="bbox 832 1264 1630 1300; baseline -0.001 -7"><span class='ocrx_word' id='word_1_526' title='bbox 832 1271 859 1293; x_wconf 89' lang='lat' dir='ltr'><strong>et</strong></span> <span class='ocrx_word' id='word_1_527' title='bbox 882 1265 917 1293; x_wconf 89' lang='lat' dir='ltr'><strong>ab</strong></span> <span class='ocrx_word' id='word_1_528' title='bbox 942 1264 983 1293; x_wconf 84' lang='lat' dir='ltr'><strong>his</strong></span> <span class='ocrx_word' id='word_1_529' title='bbox 1004 1266 1205 1300; x_wconf 87' lang='lat' dir='ltr'><strong>liberationem,</strong></span> <span class='ocrx_word' id='word_1_530' title='bbox 1225 1265 1472 1298; x_wconf 77' lang='lat' dir='ltr'><strong>resurrectionem,</strong></span> <span class='ocrx_word' id='word_1_531' title='bbox 1499 1273 1547 1300; x_wconf 88' lang='lat' dir='ltr'><strong>per</strong></span> <span class='ocrx_word' id='word_1_532' title='bbox 1571 1265 1630 1292; x_wconf 67' lang='lat' dir='ltr'><strong>haec</strong></span> 
     </span>
    </p>
   </div>
   <div class='ocr_carea' id='block_1_69' title="bbox 831 1309 1628 1346">
    <p class='ocr_par' dir='ltr' id='par_1_69' title="bbox 831 1309 1628 1346">
     <span class='ocr_line' id='line_1_69' title="bbox 831 1309 1628 1346; baseline 0 -9"><span class='ocrx_word' id='word_1_533' title='bbox 831 1309 911 1337; x_wconf 84' lang='lat' dir='ltr'><strong>verba</strong></span> <span class='ocrx_word' id='word_1_534' title='bbox 936 1317 982 1338; x_wconf 89' lang='lat' dir='ltr'><strong>eos</strong></span> <span class='ocrx_word' id='word_1_535' title='bbox 1004 1310 1165 1346; x_wconf 75' lang='lat' dir='ltr'><strong>redarguere</strong></span> <span class='ocrx_word' id='word_1_536' title='bbox 1193 1310 1304 1346; x_wconf 83' lang='lat' dir='ltr'><strong>placuit.</strong></span> <span class='ocrx_word' id='word_1_537' title='bbox 1325 1311 1453 1338; x_wconf 83' lang='lat' dir='ltr'><strong>Mortuus</strong></span> <span class='ocrx_word' id='word_1_538' title='bbox 1488 1309 1561 1337; x_wconf 89' lang='lat' dir='ltr'><strong>enim</strong></span> <span class='ocrx_word' id='word_1_539' title='bbox 1586 1314 1628 1337; x_wconf 87' lang='lat' dir='ltr'><strong>est</strong></span> 
     </span>
    </p>
   </div>
   <div class='ocr_carea' id='block_1_70' title="bbox 831 1353 1629 1390">
    <p class='ocr_par' dir='ltr' id='par_1_70' title="bbox 831 1353 1629 1390">
     <span class='ocr_line' id='line_1_70' title="bbox 831 1353 1629 1390; baseline -0.001 -8"><span class='ocrx_word' id='word_1_540' title='bbox 831 1354 956 1383; x_wconf 88' lang='lat' dir='ltr'><strong>Christus</strong></span> <span class='ocrx_word' id='word_1_541' title='bbox 975 1365 981 1382; x_wconf 88' lang='lat'><strong>:</strong></span> <span class='ocrx_word' id='word_1_542' title='bbox 1000 1363 1054 1390; x_wconf 82' lang='lat' dir='ltr'><strong>qua</strong></span> <span class='ocrx_word' id='word_1_543' title='bbox 1071 1357 1183 1382; x_wconf 84' lang='lat' dir='ltr'><strong>morte?</strong></span> <span class='ocrx_word' id='word_1_544' title='bbox 1200 1355 1314 1382; x_wconf 91' lang='lat' dir='ltr'><strong>omnino</strong></span> <span class='ocrx_word' id='word_1_545' title='bbox 1328 1362 1470 1390; x_wconf 86' lang='lat' dir='ltr'><strong>corporea,</strong></span> <span class='ocrx_word' id='word_1_546' title='bbox 1487 1353 1629 1389; x_wconf 90' lang='lat' dir='ltr'><strong>haudqua-</strong></span> 
     </span>
    </p>
   </div>
   <div class='ocr_carea' id='block_1_71' title="bbox 831 1398 1628 1435">
    <p class='ocr_par' dir='ltr' id='par_1_71' title="bbox 831 1398 1628 1435">
     <span class='ocr_line' id='line_1_71' title="bbox 831 1398 1628 1435; baseline -0.001 -8"><span class='ocrx_word' id='word_1_547' title='bbox 831 1407 914 1435; x_wconf 88' lang='lat' dir='ltr'><strong>quam</strong></span> <span class='ocrx_word' id='word_1_548' title='bbox 935 1399 1037 1435; x_wconf 88' lang='lat' dir='ltr'><strong>peccati</strong></span> <span class='ocrx_word' id='word_1_549' title='bbox 1064 1409 1070 1427; x_wconf 89' lang='lat'>:</span> <span class='ocrx_word' id='word_1_550' title='bbox 1099 1412 1111 1423; x_wconf 77' lang='grc' dir='ltr'>ει</span> <span class='ocrx_word' id='word_1_551' title='bbox 1128 1401 1273 1428; x_wconf 78' lang='lat' dir='ltr'><strong>Peccatum</strong></span> <span class='ocrx_word' id='word_1_552' title='bbox 1287 1400 1359 1427; x_wconf 89' lang='lat' dir='ltr'><strong>enim</strong></span> <span class='ocrx_word' id='word_1_553' title='bbox 1378 1408 1432 1427; x_wconf 90' lang='lat' dir='ltr'><strong>non</strong></span> <span class='ocrx_word' id='word_1_554' title='bbox 1459 1398 1531 1427; x_wconf 84' lang='lat' dir='ltr'><strong>fecit.</strong></span> <span class='ocrx_word' id='word_1_555' title='bbox 1551 1411 1563 1422; x_wconf 72' lang='grc' dir='ltr'>ιν</span> <span class='ocrx_word' id='word_1_556' title='bbox 1591 1402 1628 1427; x_wconf 79' lang='lat' dir='ltr'><strong>At</strong></span> 
     </span>
    </p>
   </div>
   <div class='ocr_carea' id='block_1_72' title="bbox 832 1443 1628 1480">
    <p class='ocr_par' dir='ltr' id='par_1_72' title="bbox 832 1443 1628 1480">
     <span class='ocr_line' id='line_1_72' title="bbox 832 1443 1628 1480; baseline -0.001 -8"><span class='ocrx_word' id='word_1_557' title='bbox 832 1452 894 1472; x_wconf 79' lang='lat' dir='ltr'><strong>vero</strong></span> <span class='ocrx_word' id='word_1_558' title='bbox 906 1444 929 1472; x_wconf 89' lang='lat' dir='ltr'><strong>si</strong></span> <span class='ocrx_word' id='word_1_559' title='bbox 942 1444 1011 1472; x_wconf 89' lang='lat' dir='ltr'><strong>adeo</strong></span> <span class='ocrx_word' id='word_1_560' title='bbox 1033 1444 1206 1480; x_wconf 89' lang='lat' dir='ltr'><strong>impudentes</strong></span> <span class='ocrx_word' id='word_1_561' title='bbox 1220 1445 1285 1478; x_wconf 91' lang='lat' dir='ltr'><strong>sint,</strong></span> <span class='ocrx_word' id='word_1_562' title='bbox 1297 1449 1328 1472; x_wconf 93' lang='lat' dir='ltr'><strong>ut</strong></span> <span class='ocrx_word' id='word_1_563' title='bbox 1342 1444 1465 1472; x_wconf 78' lang='lat' dir='ltr'><strong>mulcant</strong></span> <span class='ocrx_word' id='word_1_564' title='bbox 1487 1443 1628 1472; x_wconf 81' lang='lat' dir='ltr'><strong>afﬁrmare</strong></span> 
     </span>
    </p>
   </div>
   <div class='ocr_carea' id='block_1_73' title="bbox 832 1488 1629 1525">
    <p class='ocr_par' dir='ltr' id='par_1_73' title="bbox 832 1488 1629 1525">
     <span class='ocr_line' id='line_1_73' title="bbox 832 1488 1629 1525; baseline 0 -9"><span class='ocrx_word' id='word_1_565' title='bbox 832 1489 923 1525; x_wconf 89' lang='lat' dir='ltr'><strong>ipsum</strong></span> <span class='ocrx_word' id='word_1_566' title='bbox 947 1489 1028 1516; x_wconf 88' lang='lat' dir='ltr'><strong>etiam</strong></span> <span class='ocrx_word' id='word_1_567' title='bbox 1044 1493 1164 1517; x_wconf 85' lang='lat' dir='ltr'><strong>mortem</strong></span> <span class='ocrx_word' id='word_1_568' title='bbox 1187 1497 1248 1525; x_wconf 76' lang='lat' dir='ltr'><strong>qua:</strong></span> <span class='ocrx_word' id='word_1_569' title='bbox 1263 1489 1292 1517; x_wconf 89' lang='lat' dir='ltr'><strong>in</strong></span> <span class='ocrx_word' id='word_1_570' title='bbox 1306 1489 1424 1524; x_wconf 71' lang='lat' dir='ltr'><strong>peccatis</strong></span> <span class='ocrx_word' id='word_1_571' title='bbox 1448 1491 1501 1521; x_wconf 82' lang='lat' dir='ltr'><strong>est,</strong></span> <span class='ocrx_word' id='word_1_572' title='bbox 1517 1488 1629 1522; x_wconf 71' lang='lat' dir='ltr'><strong>obiisso,</strong></span> 
     </span>
    </p>
   </div>
   <div class='ocr_carea' id='block_1_74' title="bbox 1502 1537 1629 1560">
    <p class='ocr_par' dir='ltr' id='par_1_74' title="bbox 1502 1537 1629 1560">
     <span class='ocr_line' id='line_1_74' title="bbox 1502 1537 1629 1560; baseline 0 0"><span class='ocrx_word' id='word_1_573' title='bbox 1502 1537 1629 1560; x_wconf 89' lang='lat' dir='ltr'><strong>mortuus</strong></span> 
     </span>
    </p>
   </div>
   <div class='ocr_carea' id='block_1_75' title="bbox 831 1577 1628 1614">
    <p class='ocr_par' dir='ltr' id='par_1_75' title="bbox 831 1577 1628 1614">
     <span class='ocr_line' id='line_1_75' title="bbox 831 1577 1628 1614; baseline -0.001 -8"><span class='ocrx_word' id='word_1_574' title='bbox 831 1581 894 1607; x_wconf 85' lang='lat' dir='ltr'><strong>est?</strong></span> <span class='ocrx_word' id='word_1_575' title='bbox 908 1579 934 1606; x_wconf 92' lang='lat' dir='ltr'><strong>Si</strong></span> <span class='ocrx_word' id='word_1_576' title='bbox 955 1578 1030 1606; x_wconf 88' lang='lat' dir='ltr'><strong>enim</strong></span> <span class='ocrx_word' id='word_1_577' title='bbox 1045 1582 1072 1606; x_wconf 89' lang='lat' dir='ltr'><strong>et</strong></span> <span class='ocrx_word' id='word_1_578' title='bbox 1094 1578 1150 1614; x_wconf 79' lang='lat' dir='ltr'><strong>ipse</strong></span> <span class='ocrx_word' id='word_1_579' title='bbox 1168 1582 1295 1614; x_wconf 85' lang='lat' dir='ltr'><strong>peccator</strong></span> <span class='ocrx_word' id='word_1_580' title='bbox 1319 1582 1400 1610; x_wconf 88' lang='lat' dir='ltr'><strong>esset,</strong></span> <span class='ocrx_word' id='word_1_581' title='bbox 1417 1577 1561 1614; x_wconf 91' lang='lat' dir='ltr'><strong>quomodo</strong></span> <span class='ocrx_word' id='word_1_582' title='bbox 1579 1586 1628 1613; x_wconf 78' lang='lat' dir='ltr'><strong>pro</strong></span> 
     </span>
    </p>
   </div>
   <div class='ocr_carea' id='block_1_76' title="bbox 833 1623 1626 1658">
    <p class='ocr_par' dir='ltr' id='par_1_76' title="bbox 833 1623 1626 1658">
     <span class='ocr_line' id='line_1_76' title="bbox 833 1623 1626 1658; baseline -0.001 -7"><span class='ocrx_word' id='word_1_583' title='bbox 833 1623 951 1658; x_wconf 87' lang='lat' dir='ltr'><strong>peccatis</strong></span> <span class='ocrx_word' id='word_1_584' title='bbox 969 1623 1068 1651; x_wconf 89' lang='lat' dir='ltr'><strong>nostris</strong></span> <span class='ocrx_word' id='word_1_585' title='bbox 1086 1628 1214 1650; x_wconf 87' lang='lat' dir='ltr'><strong>mortuus</strong></span> <span class='ocrx_word' id='word_1_586' title='bbox 1239 1624 1306 1650; x_wconf 84' lang='lat' dir='ltr'><strong>cst?</strong></span> <span class='ocrx_word' id='word_1_587' title='bbox 1327 1623 1460 1650; x_wconf 68' lang='lat' dir='ltr'><strong>Praeterea</strong></span> <span class='ocrx_word' id='word_1_588' title='bbox 1489 1630 1552 1650; x_wconf 90' lang='lat' dir='ltr'><strong>cum</strong></span> <span class='ocrx_word' id='word_1_589' title='bbox 1578 1623 1626 1657; x_wconf 86' lang='lat' dir='ltr'><strong>ait,</strong></span> 
     </span>
    </p>
   </div>
   <div class='ocr_carea' id='block_1_77' title="bbox 833 1667 1620 1703">
    <p class='ocr_par' dir='ltr' id='par_1_77' title="bbox 833 1667 1620 1703">
     <span class='ocr_line' id='line_1_77' title="bbox 833 1667 1620 1703; baseline -0.001 -8"><span class='ocrx_word' id='word_1_590' title='bbox 833 1681 845 1692; x_wconf 84' lang='lat' dir='ltr'><strong>n</strong></span> <span class='ocrx_word' id='word_1_591' title='bbox 862 1667 1022 1696; x_wconf 88' lang='lat' dir='ltr'><strong>Secundum</strong></span> <span class='ocrx_word' id='word_1_592' title='bbox 1033 1667 1199 1703; x_wconf 75' lang='lat' dir='ltr'><strong>Scripturas,</strong></span> <span class='ocrx_word' id='word_1_593' title='bbox 1214 1679 1226 1691; x_wconf 66' lang='grc' dir='ltr'>ι</span> <span class='ocrx_word' id='word_1_594' title='bbox 1239 1667 1305 1695; x_wconf 86' lang='lat' dir='ltr'><strong>istos</strong></span> <span class='ocrx_word' id='word_1_595' title='bbox 1318 1667 1542 1695; x_wconf 79' lang='lat' dir='ltr'><strong>manifestissime</strong></span> <span class='ocrx_word' id='word_1_596' title='bbox 1558 1675 1620 1694; x_wconf 77' lang='lat' dir='ltr'><strong>ever</strong></span> 
     </span>
    </p>
   </div>
   <div class='ocr_carea' id='block_1_78' title="bbox 831 1711 1631 1748">
    <p class='ocr_par' dir='ltr' id='par_1_78' title="bbox 831 1711 1631 1748">
     <span class='ocr_line' id='line_1_78' title="bbox 831 1711 1631 1748; baseline -0.003 -8"><span class='ocrx_word' id='word_1_597' title='bbox 831 1713 872 1742; x_wconf 89' lang='lat' dir='ltr'><strong>tit.</strong></span> <span class='ocrx_word' id='word_1_598' title='bbox 889 1712 1033 1740; x_wconf 71' lang='lat' dir='ltr'><strong>Universzn</strong></span> <span class='ocrx_word' id='word_1_599' title='bbox 1058 1719 1180 1748; x_wconf 85' lang='lat' dir='ltr'><strong>namque</strong></span> <span class='ocrx_word' id='word_1_600' title='bbox 1203 1712 1352 1747; x_wconf 72' lang='lat' dir='ltr'><strong>Scriptura:</strong></span> <span class='ocrx_word' id='word_1_601' title='bbox 1365 1711 1399 1739; x_wconf 91' lang='lat' dir='ltr'><strong>de</strong></span> <span class='ocrx_word' id='word_1_602' title='bbox 1421 1719 1552 1748; x_wconf 87' lang='lat' dir='ltr'><strong>corporea</strong></span> <span class='ocrx_word' id='word_1_603' title='bbox 1579 1711 1631 1740; x_wconf 82' lang='lat' dir='ltr'><strong>hac</strong></span> 
     </span>
    </p>
   </div>
   <div class='ocr_carea' id='block_1_79' title="bbox 831 1756 1632 1788">
    <p class='ocr_par' dir='ltr' id='par_1_79' title="bbox 831 1756 1632 1788">
     <span class='ocr_line' id='line_1_79' title="bbox 831 1756 1632 1788; baseline -0.002 -2"><span class='ocrx_word' id='word_1_604' title='bbox 831 1758 931 1786; x_wconf 89' lang='lat' dir='ltr'><strong>Christi</strong></span> <span class='ocrx_word' id='word_1_605' title='bbox 947 1761 1035 1785; x_wconf 85' lang='lat' dir='ltr'><strong>morte</strong></span> <span class='ocrx_word' id='word_1_606' title='bbox 1051 1756 1240 1784; x_wconf 90' lang='lat' dir='ltr'><strong>testimonium</strong></span> <span class='ocrx_word' id='word_1_607' title='bbox 1259 1756 1365 1788; x_wconf 89' lang='lat' dir='ltr'><strong>dicunt,</strong></span> <span class='ocrx_word' id='word_1_608' title='bbox 1381 1760 1423 1784; x_wconf 79' lang='lat' dir='ltr'><strong>utI</strong></span> <span class='ocrx_word' id='word_1_609' title='bbox 1438 1765 1445 1784; x_wconf 88' lang='lat'><strong><em>:</em></strong></span> <span class='ocrx_word' id='word_1_610' title='bbox 1461 1766 1475 1782; x_wconf 83' lang='grc' dir='ltr'><strong>ιι</strong></span> <span class='ocrx_word' id='word_1_611' title='bbox 1490 1757 1632 1784; x_wconf 73' lang='grc' dir='ltr'>Ροιιιιιυιιι</span> 
     </span>
    </p>
   </div>
   <div class='ocr_carea' id='block_1_80' title="bbox 831 1800 1629 1837">
    <p class='ocr_par' dir='ltr' id='par_1_80' title="bbox 831 1800 1629 1837">
     <span class='ocr_line' id='line_1_80' title="bbox 831 1800 1629 1837; baseline -0.001 -8"><span class='ocrx_word' id='word_1_612' title='bbox 831 1802 916 1834; x_wconf 87' lang='lat' dir='ltr'><strong>enim,</strong></span> <span class='ocrx_word' id='word_1_613' title='bbox 932 1801 1030 1837; x_wconf 87' lang='lat' dir='ltr'><strong>inquit,</strong></span> <span class='ocrx_word' id='word_1_614' title='bbox 1045 1809 1144 1828; x_wconf 81' lang='lat' dir='ltr'><strong>manus</strong></span> <span class='ocrx_word' id='word_1_615' title='bbox 1160 1808 1245 1832; x_wconf 79' lang='lat' dir='ltr'><strong>meas.</strong></span> <span class='ocrx_word' id='word_1_616' title='bbox 1269 1804 1298 1827; x_wconf 88' lang='lat' dir='ltr'><strong>et</strong></span> <span class='ocrx_word' id='word_1_617' title='bbox 1322 1800 1403 1835; x_wconf 87' lang='lat' dir='ltr'><strong>pedes</strong></span> <span class='ocrx_word' id='word_1_618' title='bbox 1419 1807 1496 1828; x_wconf 89' lang='lat' dir='ltr'><strong>meos</strong></span> <span class='ocrx_word' id='word_1_619' title='bbox 1511 1809 1517 1828; x_wconf 93' lang='lat'><strong>:</strong></span> <span class='ocrx_word' id='word_1_620' title='bbox 1537 1812 1549 1824; x_wconf 75' lang='grc' dir='ltr'><strong>υ</strong></span> <span class='ocrx_word' id='word_1_621' title='bbox 1564 1806 1591 1828; x_wconf 88' lang='lat' dir='ltr'><strong>ct</strong></span> <span class='ocrx_word' id='word_1_622' title='bbox 1604 1802 1629 1835; x_wconf 68' lang='grc' dir='ltr'>δ,</span> 
     </span>
    </p>
   </div>
   <div class='ocr_carea' id='block_1_81' title="bbox 833 1845 1631 1880">
    <p class='ocr_par' dir='ltr' id='par_1_81' title="bbox 833 1845 1631 1880">
     <span class='ocr_line' id='line_1_81' title="bbox 833 1845 1631 1880; baseline -0.001 -7"><span class='ocrx_word' id='word_1_623' title='bbox 833 1858 845 1870; x_wconf 78' lang='grc' dir='ltr'><strong>ι</strong></span> <span class='ocrx_word' id='word_1_624' title='bbox 863 1845 1002 1874; x_wconf 89' lang='lat' dir='ltr'><strong>Videbunt</strong></span> <span class='ocrx_word' id='word_1_625' title='bbox 1023 1845 1051 1872; x_wconf 85' lang='lat' dir='ltr'><strong>in</strong></span> <span class='ocrx_word' id='word_1_626' title='bbox 1067 1853 1152 1880; x_wconf 91' lang='lat' dir='ltr'><strong>quem</strong></span> <span class='ocrx_word' id='word_1_627' title='bbox 1167 1848 1359 1880; x_wconf 82' lang='lat' dir='ltr'><strong>pupugerunt:</strong></span> <span class='ocrx_word' id='word_1_628' title='bbox 1377 1855 1389 1867; x_wconf 75' lang='grc' dir='ltr'><strong>ιι</strong></span> <span class='ocrx_word' id='word_1_629' title='bbox 1408 1848 1436 1871; x_wconf 90' lang='lat' dir='ltr'><strong>et</strong></span> <span class='ocrx_word' id='word_1_630' title='bbox 1446 1846 1468 1878; x_wconf 70' lang='grc' dir='ltr'>ε,</span> <span class='ocrx_word' id='word_1_631' title='bbox 1484 1856 1496 1868; x_wconf 76' lang='grc' dir='ltr'><strong>α</strong></span> <span class='ocrx_word' id='word_1_632' title='bbox 1527 1845 1631 1872; x_wconf 86' lang='lat' dir='ltr'><strong>Vulne-</strong></span> 
     </span>
    </p>
   </div>
   <div class='ocr_carea' id='block_1_82' title="bbox 831 1889 1631 1925">
    <p class='ocr_par' dir='ltr' id='par_1_82' title="bbox 831 1889 1631 1925">
     <span class='ocr_line' id='line_1_82' title="bbox 831 1889 1631 1925; baseline -0.001 -7"><span class='ocrx_word' id='word_1_633' title='bbox 831 1895 907 1918; x_wconf 86' lang='lat' dir='ltr'><strong>ratus</strong></span> <span class='ocrx_word' id='word_1_634' title='bbox 919 1894 959 1918; x_wconf 89' lang='lat' dir='ltr'><strong>est</strong></span> <span class='ocrx_word' id='word_1_635' title='bbox 977 1893 1089 1925; x_wconf 87' lang='lat' dir='ltr'><strong>propter</strong></span> <span class='ocrx_word' id='word_1_636' title='bbox 1105 1889 1264 1924; x_wconf 86' lang='lat' dir='ltr'><strong>iniquitates</strong></span> <span class='ocrx_word' id='word_1_637' title='bbox 1284 1891 1392 1915; x_wconf 83' lang='lat' dir='ltr'><strong>nostras</strong></span> <span class='ocrx_word' id='word_1_638' title='bbox 1408 1897 1414 1915; x_wconf 85' lang='lat'>:</span> <span class='ocrx_word' id='word_1_639' title='bbox 1442 1899 1453 1912; x_wconf 74' lang='grc' dir='ltr'><strong>ι</strong></span> <span class='ocrx_word' id='word_1_640' title='bbox 1479 1890 1517 1923; x_wconf 86' lang='lat' dir='ltr'><strong>et,</strong></span> <span class='ocrx_word' id='word_1_641' title='bbox 1541 1899 1552 1912; x_wconf 75' lang='grc' dir='ltr'><strong>ι</strong></span> <span class='ocrx_word' id='word_1_642' title='bbox 1578 1890 1631 1917; x_wconf 85' lang='lat' dir='ltr'><strong>Pro</strong></span> 
     </span>
    </p>
   </div>
   <div class='ocr_carea' id='block_1_83' title="bbox 832 1932 1441 1972">
    <p class='ocr_par' dir='ltr' id='par_1_83' title="bbox 832 1932 1441 1972">
     <span class='ocr_line' id='line_1_83' title="bbox 832 1932 1441 1972; baseline -0.008 -9"><span class='ocrx_word' id='word_1_643' title='bbox 832 1934 947 1972; x_wconf 85' lang='lat' dir='ltr'><strong>peccatis</strong></span> <span class='ocrx_word' id='word_1_644' title='bbox 966 1933 1058 1970; x_wconf 90' lang='lat' dir='ltr'><strong>populi</strong></span> <span class='ocrx_word' id='word_1_645' title='bbox 1077 1932 1130 1961; x_wconf 90' lang='lat' dir='ltr'><strong>mei</strong></span> <span class='ocrx_word' id='word_1_646' title='bbox 1147 1933 1221 1961; x_wconf 90' lang='lat' dir='ltr'><strong>venit</strong></span> <span class='ocrx_word' id='word_1_647' title='bbox 1237 1932 1265 1960; x_wconf 89' lang='lat' dir='ltr'><strong>in</strong></span> <span class='ocrx_word' id='word_1_648' title='bbox 1280 1935 1412 1960; x_wconf 90' lang='lat' dir='ltr'><strong>mortem.</strong></span> <span class='ocrx_word' id='word_1_649' title='bbox 1427 1942 1441 1958; x_wconf 87' lang='lat'>»</span> 
     </span>
    </p>
   </div>
   <div class='ocr_carea' id='block_1_84' title="bbox 866 2019 1631 2057">
    <p class='ocr_par' dir='ltr' id='par_1_84' title="bbox 866 2019 1631 2057">
     <span class='ocr_line' id='line_1_84' title="bbox 866 2019 1631 2057; baseline -0.004 -7"><span class='ocrx_word' id='word_1_650' title='bbox 866 2023 957 2050; x_wconf 72' lang='lat' dir='ltr'><strong>Vnus.</strong></span> <span class='ocrx_word' id='word_1_651' title='bbox 974 2025 1000 2050; x_wconf 83' lang='grc'>4.</span> <span class='ocrx_word' id='word_1_652' title='bbox 1015 2033 1027 2045; x_wconf 72' lang='grc' dir='ltr'><strong>α</strong></span> <span class='ocrx_word' id='word_1_653' title='bbox 1054 2023 1089 2049; x_wconf 89' lang='lat' dir='ltr'><strong>Et</strong></span> <span class='ocrx_word' id='word_1_654' title='bbox 1101 2020 1175 2057; x_wconf 91' lang='lat' dir='ltr'><strong>quod</strong></span> <span class='ocrx_word' id='word_1_655' title='bbox 1197 2021 1319 2056; x_wconf 91' lang='lat' dir='ltr'><strong>sepultus</strong></span> <span class='ocrx_word' id='word_1_656' title='bbox 1333 2020 1375 2047; x_wconf 87' lang='lat' dir='ltr'><strong>sit.</strong></span> <span class='ocrx_word' id='word_1_657' title='bbox 1395 2031 1408 2045; x_wconf 67' lang='grc' dir='ltr'><strong>ν</strong></span> <span class='ocrx_word' id='word_1_658' title='bbox 1424 2019 1512 2056; x_wconf 84' lang='lat' dir='ltr'><strong>Igitur</strong></span> <span class='ocrx_word' id='word_1_659' title='bbox 1529 2027 1631 2055; x_wconf 87' lang='lat' dir='ltr'><strong>corpus</strong></span> 
     </span>
    </p>
   </div>
   <div class='ocr_carea' id='block_1_85' title="bbox 832 2065 1629 2102">
    <p class='ocr_par' dir='ltr' id='par_1_85' title="bbox 832 2065 1629 2102">
     <span class='ocr_line' id='line_1_85' title="bbox 832 2065 1629 2102; baseline -0.004 -7"><span class='ocrx_word' id='word_1_660' title='bbox 832 2067 916 2095; x_wconf 88' lang='lat' dir='ltr'><strong>etiam</strong></span> <span class='ocrx_word' id='word_1_661' title='bbox 939 2066 1035 2094; x_wconf 87' lang='lat' dir='ltr'><strong>habuit</strong></span> <span class='ocrx_word' id='word_1_662' title='bbox 1056 2075 1062 2094; x_wconf 94' lang='lat'>:</span> <span class='ocrx_word' id='word_1_663' title='bbox 1087 2065 1163 2102; x_wconf 89' lang='lat' dir='ltr'><strong>quod</strong></span> <span class='ocrx_word' id='word_1_664' title='bbox 1191 2066 1267 2093; x_wconf 90' lang='lat' dir='ltr'><strong>enim</strong></span> <span class='ocrx_word' id='word_1_665' title='bbox 1283 2065 1424 2101; x_wconf 85' lang='lat' dir='ltr'><strong>sepelitur,</strong></span> <span class='ocrx_word' id='word_1_666' title='bbox 1449 2072 1552 2101; x_wconf 86' lang='lat' dir='ltr'><strong>corpus</strong></span> <span class='ocrx_word' id='word_1_667' title='bbox 1576 2067 1629 2092; x_wconf 89' lang='lat' dir='ltr'><strong>est.</strong></span> 
     </span>
    </p>
   </div>
   <div class='ocr_carea' id='block_1_86' title="bbox 835 2109 1630 2148">
    <p class='ocr_par' dir='ltr' id='par_1_86' title="bbox 835 2109 1630 2148">
     <span class='ocr_line' id='line_1_86' title="bbox 835 2109 1630 2148; baseline -0.004 -9"><span class='ocrx_word' id='word_1_668' title='bbox 835 2113 895 2140; x_wconf 80' lang='lat' dir='ltr'><strong>Non</strong></span> <span class='ocrx_word' id='word_1_669' title='bbox 914 2111 1040 2148; x_wconf 88' lang='lat' dir='ltr'><strong>apposuit</strong></span> <span class='ocrx_word' id='word_1_670' title='bbox 1052 2115 1156 2143; x_wconf 84' lang='lat' dir='ltr'><strong>autem,</strong></span> <span class='ocrx_word' id='word_1_671' title='bbox 1176 2122 1189 2134; x_wconf 76' lang='grc' dir='ltr'><strong>ι</strong></span> <span class='ocrx_word' id='word_1_672' title='bbox 1205 2109 1362 2138; x_wconf 87' lang='lat' dir='ltr'><strong>Secundum</strong></span> <span class='ocrx_word' id='word_1_673' title='bbox 1377 2109 1542 2145; x_wconf 88' lang='lat' dir='ltr'><strong>Scripturas,</strong></span> <span class='ocrx_word' id='word_1_674' title='bbox 1561 2120 1573 2133; x_wconf 77' lang='grc' dir='ltr'><strong>ι</strong></span> <span class='ocrx_word' id='word_1_675' title='bbox 1589 2109 1630 2137; x_wconf 83' lang='lat' dir='ltr'><strong>vel</strong></span> 
     </span>
    </p>
   </div>
   <div class='ocr_carea' id='block_1_87' title="bbox 4 2153 772 2200">
    <p class='ocr_par' dir='ltr' id='par_1_87' title="bbox 4 2155 772 2196">
     <span class='ocr_line' id='line_1_87' title="bbox 4 2155 772 2196; baseline -0.003 -10"><span class='ocrx_word' id='word_1_676' title='bbox 4 2165 29 2182; x_wconf 69' lang='grc' dir='ltr'>ῖιν</span> <span class='ocrx_word' id='word_1_677' title='bbox 40 2166 47 2174; x_wconf 77' lang='grc'><strong><em>⁸</em></strong></span> <span class='ocrx_word' id='word_1_678' title='bbox 65 2155 82 2191; x_wconf 84' lang='grc' dir='ltr'>ἧ</span> <span class='ocrx_word' id='word_1_679' title='bbox 100 2156 139 2186; x_wconf 76' lang='grc' dir='ltr'><strong>ὅτι</strong></span> <span class='ocrx_word' id='word_1_680' title='bbox 153 2156 225 2186; x_wconf 76' lang='grc' dir='ltr'>κατὰ</span> <span class='ocrx_word' id='word_1_681' title='bbox 246 2157 333 2186; x_wconf 72' lang='grc' dir='ltr'>κοινοῦ</span> <span class='ocrx_word' id='word_1_682' title='bbox 356 2155 442 2186; x_wconf 80' lang='grc' dir='ltr'>κεῖται</span> <span class='ocrx_word' id='word_1_683' title='bbox 456 2155 498 2195; x_wconf 81' lang='grc' dir='ltr'><strong>τὸ,</strong></span> <span class='ocrx_word' id='word_1_684' title='bbox 514 2169 526 2182; x_wconf 80' lang='grc' dir='ltr'><strong>ι</strong></span> <span class='ocrx_word' id='word_1_685' title='bbox 547 2155 624 2186; x_wconf 76' lang='grc' dir='ltr'>Κατὰ</span> <span class='ocrx_word' id='word_1_686' title='bbox 644 2155 692 2189; x_wconf 85' lang='grc' dir='ltr'><strong>τὰς</strong></span> <span class='ocrx_word' id='word_1_687' title='bbox 708 2156 772 2196; x_wconf 80' lang='grc' dir='ltr'>Γρα-</span> 
     </span>
    </p>
   </div>
   <div class='ocr_carea' id='block_1_88' title="bbox 869 2153 1631 2200">
    <p class='ocr_par' dir='ltr' id='par_1_88' title="bbox 872 2153 1631 2191">
     <span class='ocr_line' id='line_1_88' title="bbox 872 2153 1631 2191; baseline -0.003 -7"><span class='ocrx_word' id='word_1_688' title='bbox 872 2157 897 2184; x_wconf 91' lang='lat' dir='ltr'><strong>ia</strong></span> <span class='ocrx_word' id='word_1_689' title='bbox 913 2156 1041 2184; x_wconf 89' lang='lat' dir='ltr'><strong>omnibus</strong></span> <span class='ocrx_word' id='word_1_690' title='bbox 1056 2155 1197 2191; x_wconf 87' lang='lat' dir='ltr'><strong>sepultura</strong></span> <span class='ocrx_word' id='word_1_691' title='bbox 1217 2154 1317 2183; x_wconf 90' lang='lat' dir='ltr'><strong>Christi</strong></span> <span class='ocrx_word' id='word_1_692' title='bbox 1332 2158 1480 2186; x_wconf 86' lang='lat' dir='ltr'><strong>constaret,</strong></span> <span class='ocrx_word' id='word_1_693' title='bbox 1494 2154 1535 2181; x_wconf 89' lang='lat' dir='ltr'><strong>vel</strong></span> <span class='ocrx_word' id='word_1_694' title='bbox 1556 2153 1631 2190; x_wconf 91' lang='lat' dir='ltr'><strong>quod</strong></span> 
     </span>
    </p>
   </div>
   <div class='ocr_carea' id='block_1_89' title="bbox 4 2198 78 2233">
    <p class='ocr_par' dir='ltr' id='par_1_89' title="bbox 4 2198 78 2233">
     <span class='ocr_line' id='line_1_89' title="bbox 4 2198 78 2233; baseline 0.027 -6"><span class='ocrx_word' id='word_1_695' title='bbox 4 2198 47 2233; x_wconf 78' lang='grc' dir='ltr'>&gt;άς.</span> <span class='ocrx_word' id='word_1_696' title='bbox 64 2212 78 2229; x_wconf 70' lang='grc' dir='ltr'><strong>ι</strong></span> 
     </span>
    </p>
   </div>
   <div class='ocr_carea' id='block_1_90' title="bbox 32 2288 778 2331">
    <p class='ocr_par' dir='ltr' id='par_1_90' title="bbox 32 2288 778 2331">
     <span class='ocr_line' id='line_1_90' title="bbox 32 2288 778 2331; baseline -0.004 -10"><span class='ocrx_word' id='word_1_697' title='bbox 32 2300 45 2318; x_wconf 69' lang='grc' dir='ltr'><strong>ε</strong></span> <span class='ocrx_word' id='word_1_698' title='bbox 69 2291 121 2321; x_wconf 75' lang='grc' dir='ltr'><strong>Καὶ</strong></span> <span class='ocrx_word' id='word_1_699' title='bbox 142 2291 184 2321; x_wconf 78' lang='grc' dir='ltr'>ὅτι</span> <span class='ocrx_word' id='word_1_700' title='bbox 206 2290 346 2331; x_wconf 74' lang='grc' dir='ltr'>ἐγήγερται</span> <span class='ocrx_word' id='word_1_701' title='bbox 426 2289 502 2330; x_wconf 81' lang='grc' dir='ltr'>τρίτῃ</span> <span class='ocrx_word' id='word_1_702' title='bbox 521 2289 621 2330; x_wconf 69' lang='grc' dir='ltr'>ἡμέρα,</span> <span class='ocrx_word' id='word_1_703' title='bbox 635 2288 707 2319; x_wconf 80' lang='grc' dir='ltr'>κατὰ</span> <span class='ocrx_word' id='word_1_704' title='bbox 731 2288 778 2322; x_wconf 73' lang='grc' dir='ltr'><strong>τὰς</strong></span> 
     </span>
    </p>
   </div>
   <div class='ocr_carea' id='block_1_91' title="bbox 5 2333 778 2376">
    <p class='ocr_par' dir='ltr' id='par_1_91' title="bbox 5 2333 778 2376">
     <span class='ocr_line' id='line_1_91' title="bbox 5 2333 778 2376; baseline -0.001 -12"><span class='ocrx_word' id='word_1_705' title='bbox 5 2333 103 2375; x_wconf 68' lang='grc' dir='ltr'>’ραφάς.</span> <span class='ocrx_word' id='word_1_706' title='bbox 122 2347 137 2365; x_wconf 73' lang='grc' dir='ltr'><strong><em>ι</em></strong></span> <span class='ocrx_word' id='word_1_707' title='bbox 170 2335 226 2366; x_wconf 76' lang='grc' dir='ltr'>Καὶ</span> <span class='ocrx_word' id='word_1_708' title='bbox 250 2338 302 2365; x_wconf 74' lang='grc' dir='ltr'><strong>ποῦ</strong></span> <span class='ocrx_word' id='word_1_709' title='bbox 323 2335 351 2365; x_wconf 79' lang='grc' dir='ltr'>αἱ</span> <span class='ocrx_word' id='word_1_710' title='bbox 375 2335 481 2376; x_wconf 83' lang='grc' dir='ltr'>Γραφαί</span> <span class='ocrx_word' id='word_1_711' title='bbox 505 2346 598 2376; x_wconf 83' lang='grc' dir='ltr'>φασιν,</span> <span class='ocrx_word' id='word_1_712' title='bbox 623 2334 665 2365; x_wconf 77' lang='grc' dir='ltr'>ὅτι</span> <span class='ocrx_word' id='word_1_713' title='bbox 688 2345 702 2363; x_wconf 77' lang='lat' dir='ltr'><strong>n</strong></span> <span class='ocrx_word' id='word_1_714' title='bbox 734 2335 778 2373; x_wconf 85' lang='grc' dir='ltr'><strong>Τῇ</strong></span> 
     </span>
    </p>
   </div>
   <div class='ocr_carea' id='block_1_92' title="bbox 5 2378 781 2421">
    <p class='ocr_par' dir='ltr' id='par_1_92' title="bbox 5 2378 781 2421">
     <span class='ocr_line' id='line_1_92' title="bbox 5 2378 781 2421; baseline -0.001 -13"><span class='ocrx_word' id='word_1_715' title='bbox 5 2378 62 2419; x_wconf 77' lang='grc' dir='ltr'>’ρίτῃ</span> <span class='ocrx_word' id='word_1_716' title='bbox 81 2381 168 2421; x_wconf 78' lang='grc' dir='ltr'>ἡμέρᾳ</span> <span class='ocrx_word' id='word_1_717' title='bbox 193 2380 350 2420; x_wconf 76' lang='grc' dir='ltr'>ἐγήγερται;</span> <span class='ocrx_word' id='word_1_718' title='bbox 376 2391 390 2409; x_wconf 70' lang='grc' dir='ltr'><strong><em>ι</em></strong></span> <span class='ocrx_word' id='word_1_719' title='bbox 409 2379 460 2410; x_wconf 81' lang='grc' dir='ltr'>Διὰ</span> <span class='ocrx_word' id='word_1_720' title='bbox 481 2383 527 2410; x_wconf 78' lang='grc' dir='ltr'><strong>τοῦ</strong></span> <span class='ocrx_word' id='word_1_721' title='bbox 541 2379 612 2409; x_wconf 75' lang='grc' dir='ltr'>κατὰ</span> <span class='ocrx_word' id='word_1_722' title='bbox 627 2379 672 2408; x_wconf 85' lang='grc' dir='ltr'><strong>τὸν</strong></span> <span class='ocrx_word' id='word_1_723' title='bbox 688 2378 781 2409; x_wconf 77' lang='grc' dir='ltr'>Ἰωνᾶν</span> 
     </span>
    </p>
   </div>
   <div class='ocr_carea' id='block_1_93' title="bbox 5 2422 782 2466">
    <p class='ocr_par' dir='ltr' id='par_1_93' title="bbox 5 2422 782 2466">
     <span class='ocr_line' id='line_1_93' title="bbox 5 2422 782 2466; baseline 0.001 -15"><span class='ocrx_word' id='word_1_724' title='bbox 5 2422 85 2453; x_wconf 66' lang='grc' dir='ltr'>ύπου·</span> <span class='ocrx_word' id='word_1_725' title='bbox 104 2426 150 2455; x_wconf 75' lang='grc' dir='ltr'>καὶ</span> <span class='ocrx_word' id='word_1_726' title='bbox 167 2425 220 2466; x_wconf 80' lang='grc' dir='ltr'><strong>πρὸ</strong></span> <span class='ocrx_word' id='word_1_727' title='bbox 239 2424 331 2454; x_wconf 82' lang='grc' dir='ltr'>τούτου</span> <span class='ocrx_word' id='word_1_728' title='bbox 341 2448 350 2463; x_wconf 85' lang='grc'><strong>,</strong></span> <span class='ocrx_word' id='word_1_729' title='bbox 365 2427 410 2454; x_wconf 74' lang='grc' dir='ltr'><strong>τοῦ</strong></span> <span class='ocrx_word' id='word_1_730' title='bbox 425 2424 495 2454; x_wconf 76' lang='grc' dir='ltr'>κατὰ</span> <span class='ocrx_word' id='word_1_731' title='bbox 512 2425 557 2455; x_wconf 77' lang='grc' dir='ltr'><strong>τὸν</strong></span> <span class='ocrx_word' id='word_1_732' title='bbox 572 2423 667 2454; x_wconf 71' lang='grc' dir='ltr'>Ἰσαὰκ</span> <span class='ocrx_word' id='word_1_733' title='bbox 683 2426 711 2454; x_wconf 77' lang='grc' dir='ltr'>ἐν</span> <span class='ocrx_word' id='word_1_734' title='bbox 725 2435 782 2463; x_wconf 89' lang='grc' dir='ltr'>τρι-</span> 
     </span>
    </p>
   </div>
   <div class='ocr_carea' id='block_1_94' title="bbox 6 2467 784 2509">
    <p class='ocr_par' dir='ltr' id='par_1_94' title="bbox 6 2467 784 2509">
     <span class='ocr_line' id='line_1_94' title="bbox 6 2467 784 2509; baseline 0.001 -13"><span class='ocrx_word' id='word_1_735' title='bbox 6 2467 32 2496; x_wconf 61' lang='lat' dir='ltr'><strong>rh:</strong></span> <span class='ocrx_word' id='word_1_736' title='bbox 47 2468 156 2508; x_wconf 80' lang='grc' dir='ltr'>ἡμέραις</span> <span class='ocrx_word' id='word_1_737' title='bbox 171 2469 353 2504; x_wconf 78' lang='grc' dir='ltr'>ἆποσωθέντος</span> <span class='ocrx_word' id='word_1_738' title='bbox 371 2470 441 2509; x_wconf 79' lang='grc' dir='ltr'>[καὶ]</span> <span class='ocrx_word' id='word_1_739' title='bbox 465 2471 560 2504; x_wconf 77' lang='grc' dir='ltr'>ζῶντος</span> <span class='ocrx_word' id='word_1_740' title='bbox 625 2468 719 2508; x_wconf 79' lang='grc' dir='ltr'>μητρὶ,</span> <span class='ocrx_word' id='word_1_741' title='bbox 738 2468 784 2498; x_wconf 75' lang='grc' dir='ltr'><strong>καὶ</strong></span> 
     </span>
    </p>
   </div>
   <div class='ocr_carea' id='block_1_95' title="bbox 6 2511 783 2554">
    <p class='ocr_par' dir='ltr' id='par_1_95' title="bbox 6 2511 783 2554">
     <span class='ocr_line' id='line_1_95' title="bbox 6 2511 783 2554; baseline 0 -12"><span class='ocrx_word' id='word_1_742' title='bbox 6 2511 30 2547; x_wconf 83' lang='grc' dir='ltr'>ιὴ</span> <span class='ocrx_word' id='word_1_743' title='bbox 45 2513 194 2554; x_wconf 77' lang='grc' dir='ltr'>σφαγέντος,</span> <span class='ocrx_word' id='word_1_744' title='bbox 208 2514 255 2544; x_wconf 83' lang='grc' dir='ltr'>καὶ</span> <span class='ocrx_word' id='word_1_745' title='bbox 271 2514 371 2554; x_wconf 81' lang='grc' dir='ltr'>μυρίων</span> <span class='ocrx_word' id='word_1_746' title='bbox 385 2514 472 2544; x_wconf 79' lang='grc' dir='ltr'>ἄλλων</span> <span class='ocrx_word' id='word_1_747' title='bbox 483 2513 574 2543; x_wconf 82' lang='grc' dir='ltr'>τύπων</span> <span class='ocrx_word' id='word_1_748' title='bbox 586 2526 592 2532; x_wconf 92' lang='grc'><strong>·</strong></span> <span class='ocrx_word' id='word_1_749' title='bbox 608 2513 654 2543; x_wconf 83' lang='grc' dir='ltr'>καὶ</span> <span class='ocrx_word' id='word_1_750' title='bbox 670 2513 723 2542; x_wconf 79' lang='grc' dir='ltr'><strong>ἀπὸ</strong></span> <span class='ocrx_word' id='word_1_751' title='bbox 737 2514 783 2553; x_wconf 81' lang='grc' dir='ltr'><strong>ῥη-</strong></span> 
     </span>
    </p>
   </div>
   <div class='ocr_carea' id='block_1_96' title="bbox 6 2556 782 2599">
    <p class='ocr_par' dir='ltr' id='par_1_96' title="bbox 6 2556 782 2599">
     <span class='ocr_line' id='line_1_96' title="bbox 6 2556 782 2599; baseline 0.001 -14"><span class='ocrx_word' id='word_1_752' title='bbox 6 2556 80 2587; x_wconf 76' lang='grc' dir='ltr'>ιάτων</span> <span class='ocrx_word' id='word_1_753' title='bbox 99 2562 144 2588; x_wconf 75' lang='grc' dir='ltr'><strong>τοῦ</strong></span> <span class='ocrx_word' id='word_1_754' title='bbox 173 2559 222 2598; x_wconf 75' lang='grc' dir='ltr'><strong>μὲν</strong></span> <span class='ocrx_word' id='word_1_755' title='bbox 245 2558 378 2596; x_wconf 78' lang='grc' dir='ltr'>⁴Ησαΐου,</span> <span class='ocrx_word' id='word_1_756' title='bbox 395 2570 410 2588; x_wconf 84' lang='grc'><em>‹</em></span> <span class='ocrx_word' id='word_1_757' title='bbox 435 2558 531 2599; x_wconf 84' lang='grc' dir='ltr'>Κύριος</span> <span class='ocrx_word' id='word_1_758' title='bbox 553 2558 676 2599; x_wconf 77' lang='grc' dir='ltr'>βούλεται</span> <span class='ocrx_word' id='word_1_759' title='bbox 700 2561 782 2587; x_wconf 81' lang='grc' dir='ltr'>καθα·</span> 
     </span>
    </p>
   </div>
   <div class='ocr_carea' id='block_1_97' title="bbox 6 2601 784 2645">
    <p class='ocr_par' dir='ltr' id='par_1_97' title="bbox 6 2601 784 2645">
     <span class='ocr_line' id='line_1_97' title="bbox 6 2601 784 2645; baseline 0.005 -17"><span class='ocrx_word' id='word_1_760' title='bbox 6 2601 63 2631; x_wconf 65' lang='lat' dir='ltr'><strong>iisut</strong></span> <span class='ocrx_word' id='word_1_761' title='bbox 85 2603 162 2633; x_wconf 80' lang='grc' dir='ltr'>αὐτὸν</span> <span class='ocrx_word' id='word_1_762' title='bbox 183 2603 236 2633; x_wconf 79' lang='grc' dir='ltr'><strong>ἀπὸ</strong></span> <span class='ocrx_word' id='word_1_763' title='bbox 261 2607 310 2640; x_wconf 82' lang='grc' dir='ltr'>τῆς</span> <span class='ocrx_word' id='word_1_764' title='bbox 335 2605 453 2645; x_wconf 78' lang='grc' dir='ltr'>πληγῆς,</span> <span class='ocrx_word' id='word_1_765' title='bbox 482 2603 565 2638; x_wconf 80' lang='grc' dir='ltr'>δεῖξαι</span> <span class='ocrx_word' id='word_1_766' title='bbox 590 2604 661 2643; x_wconf 81' lang='grc' dir='ltr'>αὐτῷ</span> <span class='ocrx_word' id='word_1_767' title='bbox 682 2604 755 2643; x_wconf 70' lang='grc' dir='ltr'>φῶς*</span> <span class='ocrx_word' id='word_1_768' title='bbox 771 2616 784 2628; x_wconf 82' lang='grc' dir='ltr'><strong>ιι</strong></span> 
     </span>
    </p>
   </div>
   <div class='ocr_carea' id='block_1_98' title="bbox 7 2645 784 2719">
    <p class='ocr_par' dir='ltr' id='par_1_98' title="bbox 7 2645 784 2719">
     <span class='ocr_line' id='line_1_98' title="bbox 7 2645 784 2719; baseline -0.001 -41"><span class='ocrx_word' id='word_1_769' title='bbox 7 2647 80 2719; x_wconf 55' lang='grc' dir='ltr'><strong>ῐξῧ</strong></span> <span class='ocrx_word' id='word_1_770' title='bbox 100 2645 201 2686; x_wconf 74' lang='grc' dir='ltr'>Δαυῒδ,</span> <span class='ocrx_word' id='word_1_771' title='bbox 224 2663 236 2675; x_wconf 81' lang='grc' dir='ltr'>ι</span> <span class='ocrx_word' id='word_1_772' title='bbox 251 2649 311 2680; x_wconf 80' lang='grc' dir='ltr'><strong>οὐκ</strong></span> <span class='ocrx_word' id='word_1_773' title='bbox 331 2648 532 2690; x_wconf 74' lang='grc' dir='ltr'>ἐγκαταλείψεις</span> <span class='ocrx_word' id='word_1_774' title='bbox 553 2647 602 2685; x_wconf 78' lang='grc' dir='ltr'><strong>τὴν</strong></span> <span class='ocrx_word' id='word_1_775' title='bbox 626 2647 716 2689; x_wconf 80' lang='grc' dir='ltr'>ψυχήν</span> <span class='ocrx_word' id='word_1_776' title='bbox 734 2658 784 2686; x_wconf 84' lang='grc' dir='ltr'>μου</span> 
     </span>
     <span class='ocr_line' id='line_1_99' title="bbox 7 2700 148 2719; baseline 0.014 -2"><span class='ocrx_word' id='word_1_777' title='bbox 7 2700 32 2719; x_wconf 79' lang='lat' dir='ltr'><strong>ut</strong></span> <span class='ocrx_word' id='word_1_778' title='bbox 76 2704 118 2719; x_wconf 75' lang='lat' dir='ltr'><strong>ny.</strong></span> <span class='ocrx_word' id='word_1_779' title='bbox 136 2707 148 2719; x_wconf 83' lang='grc'>.</span> 
     </span>
    </p>
   </div>
   <div class='ocr_carea' id='block_1_99' title="bbox 7 2689 148 2731">
    <p class='ocr_par' dir='ltr' id='par_1_99' title="bbox 7 2689 148 2731">
     <span class='ocr_line' id='line_1_100' title="bbox 7 2689 148 2731; baseline 0.007 -9"><span class='ocrx_word' id='word_1_780' title='bbox 7 2689 32 2722; x_wconf 73' lang='grc' dir='ltr'><strong>εἷς</strong></span> <span class='ocrx_word' id='word_1_781' title='bbox 46 2690 118 2731; x_wconf 74' lang='grc' dir='ltr'>ᾅδην.</span> <span class='ocrx_word' id='word_1_782' title='bbox 136 2707 148 2720; x_wconf 79' lang='grc' dir='ltr'>ι</span> 
     </span>
    </p>
   </div>
   <div class='ocr_carea' id='block_1_100' title="bbox 40 2735 784 2780">
    <p class='ocr_par' dir='ltr' id='par_1_100' title="bbox 40 2735 784 2780">
     <span class='ocr_line' id='line_1_101' title="bbox 40 2735 784 2780; baseline -0.003 -13"><span class='ocrx_word' id='word_1_783' title='bbox 40 2746 53 2764; x_wconf 81' lang='grc'><strong>(</strong></span> <span class='ocrx_word' id='word_1_784' title='bbox 75 2737 128 2768; x_wconf 81' lang='grc' dir='ltr'>Καὶ</span> <span class='ocrx_word' id='word_1_785' title='bbox 143 2738 183 2768; x_wconf 80' lang='grc' dir='ltr'>ὅτι</span> <span class='ocrx_word' id='word_1_786' title='bbox 205 2738 281 2780; x_wconf 73' lang='grc' dir='ltr'><strong>ὤφθη</strong></span> <span class='ocrx_word' id='word_1_787' title='bbox 309 2740 403 2780; x_wconf 80' lang='grc' dir='ltr'>Κηφᾷ.</span> <span class='ocrx_word' id='word_1_788' title='bbox 421 2751 433 2765; x_wconf 78' lang='grc' dir='ltr'><strong>ι</strong></span> <span class='ocrx_word' id='word_1_789' title='bbox 448 2737 496 2769; x_wconf 86' lang='grc' dir='ltr'>Ἐν</span> <span class='ocrx_word' id='word_1_790' title='bbox 517 2737 633 2778; x_wconf 84' lang='grc' dir='ltr'>πρώτοις</span> <span class='ocrx_word' id='word_1_791' title='bbox 653 2737 698 2767; x_wconf 79' lang='grc' dir='ltr'><strong>τὸν</strong></span> <span class='ocrx_word' id='word_1_792' title='bbox 715 2735 784 2771; x_wconf 78' lang='grc' dir='ltr'>ἀξιο-</span> 
     </span>
    </p>
   </div>
   <div class='ocr_carea' id='block_1_101' title="bbox 835 2198 1630 2236">
    <p class='ocr_par' dir='ltr' id='par_1_101' title="bbox 835 2198 1630 2236">
     <span class='ocr_line' id='line_1_102' title="bbox 835 2198 1630 2236; baseline -0.003 -7"><span class='ocrx_word' id='word_1_793' title='bbox 835 2213 848 2226; x_wconf 72' lang='grc' dir='ltr'><strong>ι</strong></span> <span class='ocrx_word' id='word_1_794' title='bbox 864 2201 1024 2229; x_wconf 89' lang='lat' dir='ltr'><strong>Secundum</strong></span> <span class='ocrx_word' id='word_1_795' title='bbox 1047 2200 1210 2236; x_wconf 78' lang='lat' dir='ltr'><strong>Scripturas,</strong></span> <span class='ocrx_word' id='word_1_796' title='bbox 1237 2211 1249 2224; x_wconf 80' lang='grc' dir='ltr'><strong>ιι</strong></span> <span class='ocrx_word' id='word_1_797' title='bbox 1266 2199 1450 2228; x_wconf 87' lang='lat' dir='ltr'><strong>communiter</strong></span> <span class='ocrx_word' id='word_1_798' title='bbox 1463 2198 1497 2226; x_wconf 92' lang='lat' dir='ltr'><strong>de</strong></span> <span class='ocrx_word' id='word_1_799' title='bbox 1513 2203 1630 2235; x_wconf 90' lang='lat' dir='ltr'><strong>utroque</strong></span> 
     </span>
    </p>
   </div>
   <div class='ocr_carea' id='block_1_102' title="bbox 833 2246 1019 2282">
    <p class='ocr_par' dir='ltr' id='par_1_102' title="bbox 833 2246 1019 2282">
     <span class='ocr_line' id='line_1_103' title="bbox 833 2246 1019 2282; baseline 0 -9"><span class='ocrx_word' id='word_1_800' title='bbox 833 2246 955 2282; x_wconf 87' lang='lat' dir='ltr'><strong>positum</strong></span> <span class='ocrx_word' id='word_1_801' title='bbox 969 2249 1019 2273; x_wconf 89' lang='lat' dir='ltr'><strong>est.</strong></span> 
     </span>
    </p>
   </div>
   <div class='ocr_carea' id='block_1_103' title="bbox 870 2287 1630 2326">
    <p class='ocr_par' dir='ltr' id='par_1_103' title="bbox 870 2287 1630 2326">
     <span class='ocr_line' id='line_1_104' title="bbox 870 2287 1630 2326; baseline -0.004 -8"><span class='ocrx_word' id='word_1_802' title='bbox 870 2301 882 2315; x_wconf 77' lang='grc' dir='ltr'><strong>ι</strong></span> <span class='ocrx_word' id='word_1_803' title='bbox 918 2291 953 2318; x_wconf 87' lang='lat' dir='ltr'><strong>Et</strong></span> <span class='ocrx_word' id='word_1_804' title='bbox 980 2289 1053 2326; x_wconf 88' lang='lat' dir='ltr'><strong>quod</strong></span> <span class='ocrx_word' id='word_1_805' title='bbox 1080 2289 1260 2318; x_wconf 80' lang='lat' dir='ltr'><strong>resurrexerit</strong></span> <span class='ocrx_word' id='word_1_806' title='bbox 1283 2288 1364 2316; x_wconf 85' lang='lat' dir='ltr'><strong>tertio</strong></span> <span class='ocrx_word' id='word_1_807' title='bbox 1392 2287 1450 2322; x_wconf 85' lang='lat' dir='ltr'><strong>die,</strong></span> <span class='ocrx_word' id='word_1_808' title='bbox 1478 2287 1630 2316; x_wconf 87' lang='lat' dir='ltr'><strong>secundum</strong></span> 
     </span>
    </p>
   </div>
   <div class='ocr_carea' id='block_1_104' title="bbox 833 2332 1632 2371">
    <p class='ocr_par' dir='ltr' id='par_1_104' title="bbox 833 2332 1632 2371">
     <span class='ocr_line' id='line_1_105' title="bbox 833 2332 1632 2371; baseline -0.004 -8"><span class='ocrx_word' id='word_1_809' title='bbox 833 2335 998 2371; x_wconf 86' lang='lat' dir='ltr'><strong>Scripturas.</strong></span> <span class='ocrx_word' id='word_1_810' title='bbox 1021 2345 1034 2358; x_wconf 78' lang='grc' dir='ltr'><strong>ι</strong></span> <span class='ocrx_word' id='word_1_811' title='bbox 1055 2336 1090 2362; x_wconf 82' lang='lat' dir='ltr'><strong>At</strong></span> <span class='ocrx_word' id='word_1_812' title='bbox 1101 2334 1147 2361; x_wconf 91' lang='lat' dir='ltr'><strong>ubi</strong></span> <span class='ocrx_word' id='word_1_813' title='bbox 1161 2333 1308 2369; x_wconf 81' lang='lat' dir='ltr'><strong>Scripturzn</strong></span> <span class='ocrx_word' id='word_1_814' title='bbox 1322 2333 1472 2368; x_wconf 91' lang='lat' dir='ltr'><strong>loquuntur</strong></span> <span class='ocrx_word' id='word_1_815' title='bbox 1485 2332 1562 2368; x_wconf 93' lang='lat' dir='ltr'><strong>quod</strong></span> <span class='ocrx_word' id='word_1_816' title='bbox 1576 2336 1632 2360; x_wconf 85' lang='lat' dir='ltr'><strong>ter-</strong></span> 
     </span>
    </p>
   </div>
   <div class='ocr_carea' id='block_1_105' title="bbox 836 2377 1628 2414">
    <p class='ocr_par' dir='ltr' id='par_1_105' title="bbox 836 2377 1628 2414">
     <span class='ocr_line' id='line_1_106' title="bbox 836 2377 1628 2414; baseline -0.003 -7"><span class='ocrx_word' id='word_1_817' title='bbox 836 2380 872 2407; x_wconf 92' lang='lat' dir='ltr'><strong>tia</strong></span> <span class='ocrx_word' id='word_1_818' title='bbox 885 2379 928 2408; x_wconf 90' lang='lat' dir='ltr'><strong>die</strong></span> <span class='ocrx_word' id='word_1_819' title='bbox 947 2379 1115 2408; x_wconf 78' lang='lat' dir='ltr'><strong>resurrexit?</strong></span> <span class='ocrx_word' id='word_1_820' title='bbox 1134 2379 1186 2406; x_wconf 87' lang='lat' dir='ltr'><strong>Per</strong></span> <span class='ocrx_word' id='word_1_821' title='bbox 1208 2379 1288 2406; x_wconf 62' lang='lat' dir='ltr'><strong>Jonas</strong></span> <span class='ocrx_word' id='word_1_822' title='bbox 1311 2377 1451 2414; x_wconf 67' lang='lat' dir='ltr'><strong>propheta:</strong></span> <span class='ocrx_word' id='word_1_823' title='bbox 1475 2377 1606 2413; x_wconf 84' lang='lat' dir='ltr'><strong>ﬁguram°</strong></span> <span class='ocrx_word' id='word_1_824' title='bbox 1622 2386 1628 2405; x_wconf 93' lang='lat'>:</span> 
     </span>
    </p>
   </div>
   <div class='ocr_carea' id='block_1_106' title="bbox 836 2422 1633 2459">
    <p class='ocr_par' dir='ltr' id='par_1_106' title="bbox 836 2422 1633 2459">
     <span class='ocr_line' id='line_1_107' title="bbox 836 2422 1633 2459; baseline -0.004 -6"><span class='ocrx_word' id='word_1_825' title='bbox 836 2430 863 2453; x_wconf 90' lang='lat' dir='ltr'><strong>et</strong></span> <span class='ocrx_word' id='word_1_826' title='bbox 877 2428 941 2452; x_wconf 89' lang='lat' dir='ltr'><strong>ante</strong></span> <span class='ocrx_word' id='word_1_827' title='bbox 961 2423 1044 2457; x_wconf 89' lang='lat' dir='ltr'><strong>hunc,</strong></span> <span class='ocrx_word' id='word_1_828' title='bbox 1068 2431 1101 2451; x_wconf 79' lang='lat' dir='ltr'><strong>ex</strong></span> <span class='ocrx_word' id='word_1_829' title='bbox 1119 2431 1152 2451; x_wconf 90' lang='lat' dir='ltr'><strong>eo</strong></span> <span class='ocrx_word' id='word_1_830' title='bbox 1178 2422 1253 2459; x_wconf 91' lang='lat' dir='ltr'><strong>quod</strong></span> <span class='ocrx_word' id='word_1_831' title='bbox 1278 2423 1354 2450; x_wconf 88' lang='lat' dir='ltr'><strong>Isaac</strong></span> <span class='ocrx_word' id='word_1_832' title='bbox 1374 2422 1453 2450; x_wconf 86' lang='lat' dir='ltr'><strong>tertio</strong></span> <span class='ocrx_word' id='word_1_833' title='bbox 1478 2422 1522 2451; x_wconf 86' lang='lat' dir='ltr'><strong>die</strong></span> <span class='ocrx_word' id='word_1_834' title='bbox 1549 2422 1633 2450; x_wconf 90' lang='lat' dir='ltr'><strong>matri</strong></span> 
     </span>
    </p>
   </div>
   <div class='ocr_carea' id='block_1_107' title="bbox 838 2467 1634 2501">
    <p class='ocr_par' dir='ltr' id='par_1_107' title="bbox 838 2467 1634 2501">
     <span class='ocr_line' id='line_1_108' title="bbox 838 2467 1634 2501; baseline -0.003 -4"><span class='ocrx_word' id='word_1_835' title='bbox 838 2469 912 2497; x_wconf 90' lang='lat' dir='ltr'><strong>vivus</strong></span> <span class='ocrx_word' id='word_1_836' title='bbox 935 2469 972 2497; x_wconf 90' lang='lat' dir='ltr'><strong>sit</strong></span> <span class='ocrx_word' id='word_1_837' title='bbox 995 2472 1183 2501; x_wconf 89' lang='lat' dir='ltr'><strong>conservatus,</strong></span> <span class='ocrx_word' id='word_1_838' title='bbox 1209 2472 1236 2496; x_wconf 91' lang='lat' dir='ltr'><strong>et</strong></span> <span class='ocrx_word' id='word_1_839' title='bbox 1259 2475 1319 2496; x_wconf 90' lang='lat' dir='ltr'><strong>non</strong></span> <span class='ocrx_word' id='word_1_840' title='bbox 1346 2471 1500 2495; x_wconf 87' lang='lat' dir='ltr'><strong>mactatus:</strong></span> <span class='ocrx_word' id='word_1_841' title='bbox 1525 2471 1553 2495; x_wconf 88' lang='lat' dir='ltr'><strong>et</strong></span> <span class='ocrx_word' id='word_1_842' title='bbox 1576 2467 1634 2495; x_wconf 89' lang='lat' dir='ltr'><strong>aliis</strong></span> 
     </span>
    </p>
   </div>
   <div class='ocr_carea' id='block_1_108' title="bbox 838 2511 1633 2550">
    <p class='ocr_par' dir='ltr' id='par_1_108' title="bbox 838 2511 1633 2550">
     <span class='ocr_line' id='line_1_109' title="bbox 838 2511 1633 2550; baseline 0 -10"><span class='ocrx_word' id='word_1_843' title='bbox 838 2513 990 2541; x_wconf 86' lang='lat' dir='ltr'><strong>innumeris</strong></span> <span class='ocrx_word' id='word_1_844' title='bbox 1005 2513 1107 2550; x_wconf 80' lang='lat' dir='ltr'><strong>ﬁguris.</strong></span> <span class='ocrx_word' id='word_1_845' title='bbox 1119 2514 1190 2540; x_wconf 92' lang='lat' dir='ltr'><strong>Tum</strong></span> <span class='ocrx_word' id='word_1_846' title='bbox 1206 2520 1221 2540; x_wconf 89' lang='lat' dir='ltr'><strong>a</strong></span> <span class='ocrx_word' id='word_1_847' title='bbox 1232 2512 1321 2542; x_wconf 91' lang='lat' dir='ltr'><strong>verbis</strong></span> <span class='ocrx_word' id='word_1_848' title='bbox 1332 2512 1441 2540; x_wconf 73' lang='lat' dir='ltr'><strong>lsaiae&#39;:</strong></span> <span class='ocrx_word' id='word_1_849' title='bbox 1463 2523 1475 2536; x_wconf 82' lang='grc' dir='ltr'><strong>ι</strong></span> <span class='ocrx_word' id='word_1_850' title='bbox 1500 2511 1633 2540; x_wconf 85' lang='lat' dir='ltr'><strong>Dominus</strong></span> 
     </span>
    </p>
   </div>
   <div class='ocr_carea' id='block_1_109' title="bbox 838 2557 1633 2595">
    <p class='ocr_par' dir='ltr' id='par_1_109' title="bbox 838 2557 1633 2595">
     <span class='ocr_line' id='line_1_110' title="bbox 838 2557 1633 2595; baseline -0.001 -9"><span class='ocrx_word' id='word_1_851' title='bbox 838 2559 896 2586; x_wconf 81' lang='lat' dir='ltr'><strong>vult</strong></span> <span class='ocrx_word' id='word_1_852' title='bbox 910 2567 1026 2595; x_wconf 82' lang='lat' dir='ltr'><strong>purgare</strong></span> <span class='ocrx_word' id='word_1_853' title='bbox 1040 2566 1104 2587; x_wconf 91' lang='lat' dir='ltr'><strong>eum</strong></span> <span class='ocrx_word' id='word_1_854' title='bbox 1117 2566 1132 2587; x_wconf 91' lang='lat' dir='ltr'><strong>a</strong></span> <span class='ocrx_word' id='word_1_855' title='bbox 1147 2558 1234 2594; x_wconf 85' lang='lat' dir='ltr'><strong>plaga,</strong></span> <span class='ocrx_word' id='word_1_856' title='bbox 1254 2562 1285 2585; x_wconf 90' lang='lat' dir='ltr'><strong>ut</strong></span> <span class='ocrx_word' id='word_1_857' title='bbox 1299 2561 1441 2586; x_wconf 91' lang='lat' dir='ltr'><strong>monstret</strong></span> <span class='ocrx_word' id='word_1_858' title='bbox 1450 2557 1476 2585; x_wconf 91' lang='lat' dir='ltr'><strong>ei</strong></span> <span class='ocrx_word' id='word_1_859' title='bbox 1490 2558 1585 2586; x_wconf 88' lang='lat' dir='ltr'><strong>lumen</strong></span> <span class='ocrx_word' id='word_1_860' title='bbox 1597 2569 1604 2591; x_wconf 80' lang='lat'><strong>;</strong></span> <span class='ocrx_word' id='word_1_861' title='bbox 1620 2569 1633 2581; x_wconf 83' lang='lat'><strong>-</strong></span> 
     </span>
    </p>
   </div>
   <div class='ocr_carea' id='block_1_110' title="bbox 839 2601 1632 2640">
    <p class='ocr_par' dir='ltr' id='par_1_110' title="bbox 839 2601 1632 2640">
     <span class='ocr_line' id='line_1_111' title="bbox 839 2601 1632 2640; baseline -0.003 -9"><span class='ocrx_word' id='word_1_862' title='bbox 839 2607 933 2640; x_wconf 90' lang='lat' dir='ltr'><strong>postea</strong></span> <span class='ocrx_word' id='word_1_863' title='bbox 953 2601 1075 2632; x_wconf 82' lang='lat' dir='ltr'><strong>DavidisI</strong></span> <span class='ocrx_word' id='word_1_864' title='bbox 1088 2613 1096 2632; x_wconf 84' lang='lat'><strong>:</strong></span> <span class='ocrx_word' id='word_1_865' title='bbox 1119 2613 1133 2630; x_wconf 76' lang='grc' dir='ltr'>ι(</span> <span class='ocrx_word' id='word_1_866' title='bbox 1145 2604 1209 2632; x_wconf 87' lang='lat' dir='ltr'><strong>Non</strong></span> <span class='ocrx_word' id='word_1_867' title='bbox 1219 2602 1393 2640; x_wconf 83' lang='lat' dir='ltr'><strong>derelinques</strong></span> <span class='ocrx_word' id='word_1_868' title='bbox 1405 2603 1526 2631; x_wconf 89' lang='lat' dir='ltr'><strong>animam</strong></span> <span class='ocrx_word' id='word_1_869' title='bbox 1540 2610 1632 2630; x_wconf 84' lang='lat' dir='ltr'><strong>meam</strong></span> 
     </span>
    </p>
   </div>
   <div class='ocr_carea' id='block_1_111' title="bbox 839 2647 1028 2676">
    <p class='ocr_par' dir='ltr' id='par_1_111' title="bbox 839 2647 1028 2676">
     <span class='ocr_line' id='line_1_112' title="bbox 839 2647 1028 2676; baseline 0 0"><span class='ocrx_word' id='word_1_870' title='bbox 839 2647 867 2676; x_wconf 89' lang='lat' dir='ltr'><strong>in</strong></span> <span class='ocrx_word' id='word_1_871' title='bbox 875 2647 993 2676; x_wconf 81' lang='lat' dir='ltr'><strong>inferno.</strong></span> <span class='ocrx_word' id='word_1_872' title='bbox 1015 2660 1028 2673; x_wconf 77' lang='grc' dir='ltr'><strong>ι</strong></span> 
     </span>
    </p>
   </div>
   <div class='ocr_carea' id='block_1_112' title="bbox 875 2737 1636 2776">
    <p class='ocr_par' dir='ltr' id='par_1_112' title="bbox 875 2737 1636 2776">
     <span class='ocr_line' id='line_1_113' title="bbox 875 2737 1636 2776; baseline -0.005 -8"><span class='ocrx_word' id='word_1_873' title='bbox 875 2741 963 2768; x_wconf 76' lang='grc' dir='ltr'>νιιιιε.</span> <span class='ocrx_word' id='word_1_874' title='bbox 982 2742 1009 2768; x_wconf 90' lang='lat'><strong>5.</strong></span> <span class='ocrx_word' id='word_1_875' title='bbox 1026 2751 1039 2764; x_wconf 79' lang='grc' dir='ltr'><strong>ι</strong></span> <span class='ocrx_word' id='word_1_876' title='bbox 1052 2741 1088 2768; x_wconf 88' lang='lat' dir='ltr'><strong>Et</strong></span> <span class='ocrx_word' id='word_1_877' title='bbox 1101 2739 1177 2776; x_wconf 87' lang='lat' dir='ltr'><strong>quod</strong></span> <span class='ocrx_word' id='word_1_878' title='bbox 1191 2739 1266 2768; x_wconf 82' lang='lat' dir='ltr'><strong>visus</strong></span> <span class='ocrx_word' id='word_1_879' title='bbox 1284 2739 1320 2768; x_wconf 87' lang='lat' dir='ltr'><strong>sit</strong></span> <span class='ocrx_word' id='word_1_880' title='bbox 1340 2739 1451 2775; x_wconf 72' lang='lat' dir='ltr'><strong>Cephaa.</strong></span> <span class='ocrx_word' id='word_1_881' title='bbox 1467 2749 1481 2764; x_wconf 85' lang='lat'>»</span> <span class='ocrx_word' id='word_1_882' title='bbox 1493 2738 1525 2766; x_wconf 86' lang='lat' dir='ltr'><strong>In</strong></span> <span class='ocrx_word' id='word_1_883' title='bbox 1539 2737 1636 2774; x_wconf 87' lang='lat' dir='ltr'><strong>primis</strong></span> 
     </span>
    </p>
   </div>
   <div class='ocr_carea' id='block_1_113' title="bbox 35 2824 772 2867">
    <p class='ocr_par' dir='ltr' id='par_1_113' title="bbox 35 2829 772 2867">
     <span class='ocr_line' id='line_1_114' title="bbox 35 2829 772 2867; baseline 0.001 -9"><span class='ocrx_word' id='word_1_884' title='bbox 35 2830 45 2844; x_wconf 84' lang='lat'><strong>‘</strong></span> <span class='ocrx_word' id='word_1_885' title='bbox 59 2830 125 2859; x_wconf 80' lang='lat' dir='ltr'><strong>Psal.</strong></span> <span class='ocrx_word' id='word_1_886' title='bbox 143 2839 210 2866; x_wconf 67' lang='lat' dir='ltr'><strong>xxx,</strong></span> <span class='ocrx_word' id='word_1_887' title='bbox 223 2835 267 2861; x_wconf 78' lang='lat' dir='ltr'><strong>i1.</strong></span> <span class='ocrx_word' id='word_1_888' title='bbox 305 2829 320 2849; x_wconf 75' lang='grc' dir='ltr'>δ</span> <span class='ocrx_word' id='word_1_889' title='bbox 331 2832 416 2861; x_wconf 82' lang='lat' dir='ltr'><strong>Zach.</strong></span> <span class='ocrx_word' id='word_1_890' title='bbox 432 2839 491 2867; x_wconf 77' lang='grc' dir='ltr'>ιιι,</span> <span class='ocrx_word' id='word_1_891' title='bbox 507 2835 550 2860; x_wconf 87' lang='grc' dir='ltr'><strong>ιο.</strong></span> <span class='ocrx_word' id='word_1_892' title='bbox 589 2836 599 2850; x_wconf 86' lang='lat'><strong><em>°</em></strong></span> <span class='ocrx_word' id='word_1_893' title='bbox 612 2832 664 2860; x_wconf 88' lang='lat' dir='ltr'><strong>lsa.</strong></span> <span class='ocrx_word' id='word_1_894' title='bbox 677 2838 747 2866; x_wconf 80' lang='lat' dir='ltr'><strong>Lm,</strong></span> <span class='ocrx_word' id='word_1_895' title='bbox 765 2833 772 2859; x_wconf 74' lang='grc' dir='ltr'><strong><em>Α</em></strong></span> 
     </span>
    </p>
   </div>
   <div class='ocr_carea' id='block_1_114' title="bbox 869 2824 1600 2867">
    <p class='ocr_par' dir='ltr' id='par_1_114' title="bbox 869 2824 1600 2865">
     <span class='ocr_line' id='line_1_115' title="bbox 869 2824 1600 2865; baseline -0.003 -7"><span class='ocrx_word' id='word_1_896' title='bbox 869 2824 884 2846; x_wconf 75' lang='grc' dir='ltr'>(ί</span> <span class='ocrx_word' id='word_1_897' title='bbox 896 2830 975 2858; x_wconf 86' lang='lat' dir='ltr'><strong>Joan.</strong></span> <span class='ocrx_word' id='word_1_898' title='bbox 992 2837 1028 2865; x_wconf 79' lang='grc' dir='ltr'><strong>ιι,</strong></span> <span class='ocrx_word' id='word_1_899' title='bbox 1044 2832 1088 2858; x_wconf 74' lang='grc'><strong>22.</strong></span> <span class='ocrx_word' id='word_1_900' title='bbox 1127 2831 1139 2846; x_wconf 83' lang='grc'><em>⁸</em></span> <span class='ocrx_word' id='word_1_901' title='bbox 1155 2830 1209 2857; x_wconf 84' lang='lat' dir='ltr'><strong>Isa.</strong></span> <span class='ocrx_word' id='word_1_902' title='bbox 1227 2828 1287 2863; x_wconf 78' lang='lat' dir='ltr'><strong>im,</strong></span> <span class='ocrx_word' id='word_1_903' title='bbox 1299 2831 1342 2857; x_wconf 74' lang='grc' dir='ltr'>ιο.</span> <span class='ocrx_word' id='word_1_904' title='bbox 1381 2825 1470 2857; x_wconf 77' lang='lat' dir='ltr'><strong>&#39;Psal.</strong></span> <span class='ocrx_word' id='word_1_905' title='bbox 1487 2835 1540 2863; x_wconf 85' lang='lat' dir='ltr'><strong>xv,</strong></span> <span class='ocrx_word' id='word_1_906' title='bbox 1557 2830 1600 2856; x_wconf 83' lang='lat' dir='ltr'><strong>Io.</strong></span> 
     </span>
    </p>
   </div>
  </div>
