1867 3081
13 178 55 204 753
428 177 603 206 EXPOSITIO
623 178 656 207 IN
676 178 780 207 EPIST.
803 180 811 207 Ι
832 179 878 207 ΑΙ)
897 179 975 208 COR.
996 195 1030 200 —
1049 180 1125 209 CAP.
1147 181 1198 208 XV.

1591 182 1644 210 756

11 251 93 270 arari-tv
115 238 326 278 εὐηγγελισάμην
349 240 428 278 ὕμῖν·
442 242 521 270 τοῦτο
544 239 572 269 δὲ
596 240 641 270 καὶ
667 241 785 282 γνωρίζω

880 242 887 270 i
906 242 1065 276 cognitione
1075 251 1144 279 opus
1157 242 1274 277 habetis,
1292 250 1415 279 quanam
1437 244 1543 272 ratione
1563 244 1640 273 futu-

11 288 63 324 ὑμῖν
73 307 81 322 ,
95 284 155 324 περὶ
170 286 214 314 τοῦ
227 285 284 318 πῶς
299 284 402 322 δηλαδὴ
414 286 516 324 γίνεται
530 287 547 321 ἡ
563 286 718 320 ἀνάστασις.

44 430 54 443 ι
74 417 107 447 Εἰ
124 414 271 455 κατέχετε,
298 416 372 450 ἐκτὸς
390 417 414 446 εἰ
439 416 476 455 μή
503 418 561 454 εἰκῆ
578 417 760 450 ἐπιστεύσατε,
778 431 790 445 ιι

11 460 118 496 Ἐπειδὴ,
135 455 223 497 εἶπεν,
241 460 282 491 ὅτι
299 474 312 486 ι
332 460 500 497 Ἑστήκατε,
518 475 530 487 ι
553 461 595 491 ἵνα
612 462 650 501 μὴ
673 464 790 503 ῥᾳθυμο-

11 506 87 546 τέρους
101 504 193 539 αὐτοὺς
204 506 314 545 ποιήσῃ,
325 505 406 544 φησίν
418 517 426 525 ·
447 517 461 535 ιι
476 507 511 537 Εἰ
526 505 665 546 κατέχετε.
683 519 698 536 υ
711 509 790 538 Κατ-

11 551 73 591 έχετε
87 550 112 579 st
126 550 247 587 πάντως,
271 563 283 577 ι
301 550 375 584 ἐκτὸς
389 551 412 580 εἰ
434 550 471 588 μὴ
492 552 550 586 εἰκῆ
577 552 761 582 ἐπιστεύσατε.
779 565 790 579 ι

11 596 68 625 Ἀντὶ
88 597 146 632 τοῦ,
162 596 196 625 Εἰ
212 594 251 634 μὴ
266 595 318 634 ἄρα
337 595 426 634 μάτην
448 596 607 634 ὀνομάζεσθε
621 597 788 636 Χριστιανοί.

11 641 43 670 Τὸ
62 642 109 679 γὰρ
132 644 186 669 πᾶν
204 642 251 669 τοῦ
274 641 486 680 Χριστιανισμοῦ
502 641 528 670 ἐν
548 641 586 680 τῷ
601 642 649 677 τῆς
671 642 790 671 ἀναστά-

11 697 63 718 σεως
82 688 165 714 χεῖται
180 684 306 724 δόγματι.

42 743 52 756 ι
72 729 218 767 Παρέδωκα
233 730 285 769 γὰρ
299 729 361 768 ὑμῖν
383 730 410 758 ἐν
425 729 554 769 πρώτοις,
571 729 585 760 ὃ
598 730 644 760 καὶ
665 731 786 770 παρέλα-

10 774 55 804 ϐον.
71 786 85 802 s
106 773 154 808 ⁶Ως
169 774 240 814 μέγα
262 774 290 803 ὂν
305 773 335 803 τὸ
356 774 417 814 περὶ
432 777 479 810 τῆς
498 774 670 809 ἀναστάσεως
684 775 790 815 δόγμα,

10 833 19 846 ι
35 819 58 848 ἕν
77 819 187 859 πρώτοις
212 819 277 848 αὐτὸ
291 818 450 859 παρέδωκα·
465 830 481 848 ιι
509 819 587 849 οἱονεὶ
602 820 654 860 γὰρ
672 821 791 858 θεμέλιός

10 865 55 893 ἐστι
67 863 149 900 πάσης
169 865 217 900 τῆς
237 863 361 896 πίστεως.
381 863 542 904 Παρέλαϐον
561 864 588 894 δὲ
611 864 675 894 αὐτὸ
697 865 790 904 κάγὼ,

846 294 906 314 ram
931 287 1157 315 resurrectionem
1182 287 1258 315 vobis
1284 287 1494 323 prmdicaverim
1524 297 1531 316 :
1557 292 1641 324 atque

845 331 898 359 hoc
913 332 990 360 vobis
1004 337 1101 360 notum
1118 331 1200 367 facio,
1210 332 1351 368 quomodo
1363 332 1490 360 videlicet
1499 332 1592 361 futura
1609 333 1644 361 sit

845 376 1021 405 resurrectio.

882 433 895 446 σι
924 422 952 449 Si
983 422 1092 456 tenetis,
1116 422 1170 450 nisi
1204 421 1303 450 frustra
1331 421 1497 450 credidistis.
1529 433 1542 446 ι
1573 422 1643 456 Quia

844 465 960 500 dixerat,
982 478 994 490 ι
1011 467 1104 501 Statis,
1121 479 1134 491 ι»
1160 475 1194 494 ne
1207 467 1350 502 segniores
1365 475 1413 495 eos
1428 467 1521 500 faciat,
1535 466 1639 502 adjicit,

845 519 860 536 α
881 511 909 538 Si
923 511 1031 539 tenetis.
1050 523 1062 535 ν
1077 512 1189 539 Tenetis
1199 515 1292 539 autem
1307 511 1431 545 omnino,
1450 523 1462 536 α
1474 511 1524 539 nisi
1535 515 1640 539 temere

843 555 1007 590 credidistis,
1029 567 1043 580 ι
1064 564 1114 592 pro
1138 564 1170 584 eo
1197 557 1283 592 216
1299 556 1374 592 quod
1393 560 1444 590 est,
1467 556 1520 584 nisi
1534 556 1641 584 frustra

843 599 1021 628 nominamini
1037 601 1190 628 Christiani.
1216 601 1417 629 Christianismi
1438 609 1559 636 namque
1581 601 1642 628 uui-

843 652 954 672 versum
981 645 1118 678 negotium
1149 645 1176 673 in
1208 645 1414 674 resurrectionis
1443 646 1574 682 dogmate
1601 645 1641 674 si-

844 693 902 717 tum
913 694 962 717 est.

879 735 965 762 Vsus.
991 737 1017 762 3.
1035 745 1046 758 α
1061 734 1172 762 Tradidi
1199 734 1273 763 enim
1294 735 1371 763 vobis
1386 735 1413 762 in
1438 734 1546 771 primis,
1562 735 1640 771 quod

845 783 872 807 et
890 779 991 815 accepi.
1019 790 1031 803 ι
1047 781 1192 816 Tanquam
1217 779 1314 815 ingens
1339 780 1373 807 sit
1393 779 1428 808 de
1443 779 1641 808 resurrectione

843 823 955 859 dogma,
986 835 998 848 ι
1015 823 1125 852 Tradidi
1147 823 1213 852 illud
1233 824 1310 852 vobis
1332 824 1358 851 in
1386 824 1493 860 primis.
1521 834 1535 850 ιι
1560 824 1642 852 Velut

844 869 920 896 enim
940 867 1153 897 fundamentum
1168 873 1209 897 est
1223 869 1358 897 universae
1373 868 1448 897 ﬁdei.
1470 879 1484 894 «
1499 869 1599 905 Accepi
1626 881 1639 892 ιι

11 908 52 938 ἀπὸ
64 910 174 950 Χριστοῦ
189 909 304 945 δηλαδή,
317 909 428 949 Ὥσπερ
445 904 489 939 οὖν
512 909 564 949 ἐγὼ
582 910 689 950 κατέχω
709 911 785 947 αὐτὸ,

880 917 935 941 tem
950 917 978 941 et
994 921 1046 949 ego
1059 913 1161 948 ipsum,
1182 921 1197 941 a
1211 913 1322 941 Christo
1339 913 1482 941 nimirum.
1499 913 1640 948 Quemad-

10 952 65 983 οὕτω
85 953 128 983 καὶ
148 954 224 992 ὑμεῖς
240 954 358 994 ὀφείλετε
381 954 524 994 κατέχειν·
541 955 588 984 καὶ
609 956 645 988 ὡς
666 956 693 984 ἐν
713 955 789 995 πρώ-

10 1009 54 1031 τοις
68 998 270 1040 παρειληφότες,
292 1001 337 1029 νῦν
350 1001 380 1029 οὖ
404 998 503 1029 δίκαιοί
519 1000 578 1029 ἐστε
595 999 790 1040 ἃμφιϐάλλειν,

10 1043 49 1072 κᾶν
64 1043 102 1072 διὰ
122 1043 164 1072 τὸν
179 1043 287 1083 χρόνον.

44 1099 56 1116 1
79 1086 139 1118 Ὅτι
168 1088 284 1128 Χριστὸς
311 1087 443 1118 ἀπέθανεν
471 1088 538 1129 ὑπὲρ
566 1090 619 1118 τῶν
649 1089 788 1129 ἁμαρτιῶν

11 1133 87 1170 ἡμῶν,
108 1133 174 1162 κατὰ
202 1134 252 1167 τὰς
276 1132 394 1173 Γραφάς.
424 1147 436 1160 ιι
463 1135 610 1173 Προδήλως
631 1136 676 1164 τοῦ
701 1135 728 1163 ἐν
751 1135 789 1175 τῷ

11 1178 96 1217 Παύλῳ
122 1179 263 1211 λαλοῦντος
301 1179 421 1217 Χριστοῦ
461 1178 571 1219 ῥήματά
603 1180 660 1208 ἐστι
692 1181 788 1210 ταῦτα.

13 1222 108 1258 Ἐπειδὴ
122 1222 170 1263 γὰρ
185 1224 209 1252 οἱ
230 1223 377 1263 Μανιχαῖοι
393 1224 502 1260 ἔμελλον
517 1224 603 1263 λέγειν
613 1247 622 1260 ,
636 1223 676 1253 ὅτι
687 1225 700 1252 ὁ
716 1225 789 1253 Παῦ-

11 1267 45 1300 λος
63 1267 164 1296 θάνατον
184 1267 259 1306 λέγει
283 1267 330 1301 τὰς
351 1267 495 1308 ἁμαρτίας,
512 1268 558 1297 καὶ
579 1268 725 1298 ἀνάστασιν
742 1268 789 1304 τὴν

12 1311 92 1340 τούτων
106 1312 276 1350 ἀπαλλαγὴν,
293 1311 347 1341 ἀπὸ
360 1312 458 1342 τούτων
481 1314 533 1342 τῶν
552 1313 677 1353 ῥημάτων
695 1312 790 1345 αὐτοὺς

11 1356 144 1395 ἐλέγχεσθαι
175 1357 330 1393 εὐδόκησεν.
370 1356 497 1387 Ἀπέθανε
525 1356 576 1398 γὰρ
612 1359 627 1387 6
654 1357 788 1397 Χριστός·

12 1404 71 1430 ποῖον
89 1400 215 1438 Θάνατονς
241 1401 394 1440 σωματικὸν
418 1401 539 1436 πάντως·
564 1402 594 1431 οὗ
611 1414 662 1441 γαρ
686 1401 718 1437 δὴ
744 1403 788 1431 τὸν

13 1446 33 1473 ἐν
50 1445 196 1485 ἁμαρτίαις·
213 1459 227 1473 ι
249 1446 395 1485 Ἁμαρτίαν
411 1446 462 1486 γὰρ
486 1447 534 1475 οὐκ
559 1447 693 1483 ἐποίησεν.
718 1457 733 1475 s
755 1447 789 1476 Εἰ

12 1489 33 1518 δὲ
45 1489 83 1518 καὶ
99 1491 304 1530 ἀναισχυντοῖεν,
318 1490 450 1529 λέγοντες,
467 1490 507 1520 ὅτι
521 1491 575 1521 Τὸν
603 1493 630 1521 ἐν
646 1490 790 1529 ἁμαρτίαις

843 957 959 985 modum
970 957 1053 994 igitur
1063 965 1112 994 ego
1124 958 1242 991 retineo,
1251 958 1356 986 debetis
1368 962 1394 986 et
1408 966 1455 986 vos
1468 957 1537 985 illud
1549 957 1639 994 ipsum

842 1002 969 1030 retinere.
996 1003 1032 1030 Et
1052 1002 1123 1030 sicut
1152 1003 1179 1030 in
1211 1002 1307 1039 primis
1335 1003 1489 1038 accepistis,
1516 1010 1572 1030 non
1600 1006 1640 1030 est

842 1054 951 1084 atquum
967 1047 1062 1083 utjam
1075 1047 1215 1081 dubitetis,
1230 1047 1328 1075 saltem
1344 1047 1381 1075 ob
1393 1051 1514 1083 tempus.

881 1102 895 1118 (ι
909 1091 988 1128 Quod
1003 1092 1128 1120 Christus
1140 1096 1268 1120 mortuus
1281 1093 1317 1120 sit
1329 1100 1378 1128 pro
1392 1092 1509 1128 peccatis
1526 1091 1639 1126 nostris,

843 1136 995 1164 secundum
1008 1137 1168 1172 Scripturas.
1187 1149 1200 1161 ιι
1217 1137 1317 1165 Christi
1342 1136 1482 1172 perspicue
1508 1137 1535 1164 in
1557 1137 1640 1164 Paulo

842 1181 979 1216 loquentis
1003 1181 1062 1209 haec
1087 1181 1167 1209 verba
1193 1187 1266 1210 sunt.
1297 1181 1370 1218 Quia
1393 1181 1468 1209 enim
1494 1181 1639 1209 Manichzei

842 1225 939 1254 dicturi
964 1230 1052 1259 erant,
1066 1226 1140 1262 quod
1155 1227 1256 1254 Paulus
1275 1230 1395 1254 mortem
1421 1230 1532 1262 peccata
1546 1230 1638 1259 vocet,

843 1275 870 1298 et
893 1271 928 1298 ab
953 1270 994 1298 his
1015 1271 1216 1306 liberationem,
1236 1272 1482 1304 resurrectionem,
1509 1279 1557 1307 per
1581 1271 1641 1299 haec

842 1315 922 1342 verba
947 1323 993 1343 eos
1015 1316 1175 1351 redarguere
1203 1316 1315 1352 placuit.
1336 1317 1463 1344 Mortuus
1498 1316 1571 1344 enim
1596 1321 1639 1343 est

842 1359 967 1388 Christus
986 1370 992 1388 :
1010 1368 1064 1396 qua
1082 1362 1194 1388 morte?
1211 1361 1324 1388 omnino
1339 1368 1480 1396 corporea,
1497 1359 1640 1396 haudqua-

842 1413 926 1440 quam
946 1405 1047 1441 peccati
1075 1414 1081 1433 :
1109 1417 1121 1429 «ι
1139 1407 1283 1433 Peccatum
1297 1406 1370 1433 enim
1388 1414 1443 1433 nou
1469 1405 1541 1433 fecit.
1561 1417 1573 1429 υ
1602 1408 1639 1433 At

843 1457 905 1477 vero
917 1449 940 1477 si
952 1450 1022 1477 adeo
1043 1449 1217 1486 impudentes
1230 1450 1295 1484 sint,
1308 1455 1338 1478 ut
1353 1450 1475 1478 audeant
1497 1449 1638 1478 afﬁrmare

843 1494 935 1530 ipsum
958 1494 1038 1522 etiam
1054 1499 1174 1522 mortem
1197 1502 1258 1530 qua:
1274 1495 1302 1522 in
1317 1495 1434 1530 peCCatis
1459 1498 1511 1527 est,
1527 1494 1639 1529 obiisse,

12 1533 102 1563 θάνατον
117 1535 228 1564 ἀπέθανε
245 1535 290 1565 καὶ
306 1535 397 1568 αὐτός’
413 1537 470 1569 πῶς
493 1547 583 1576 φησιν,
605 1534 646 1564 ὅτι
661 1546 675 1564 α
702 1535 785 1576 Ὑπὲρ

880 1539 992 1572 omodo,
1005 1539 1072 1567 dicit
1098 1551 1110 1563 α
1129 1540 1181 1567 Pro
1207 1539 1327 1575 peccatis
1346 1540 1450 1567 nostris
1475 1551 1488 1564 ι
1512 1544 1640 1567 mortuus

12 1579 53 1607 τῶν
67 1579 193 1619 ἁμαρτιῶν
211 1582 304 1619 ipf-3v;
323 1591 338 1608 ι)
368 1581 400 1610 Εἰ
421 1580 472 1619 γὰρ
496 1580 542 1610 καὶ
564 1580 642 1613 αὐτὸς
657 1581 786 1619 ἁμαρτω-

13 1623 46 1656 λὸς
63 1619 105 1662 ἦν,
125 1626 178 1658 πῶς
202 1626 270 1665 ὑπὲρ
293 1627 345 1654 τῶν
368 1625 504 1665 ἡμετέρων
523 1625 660 1665 ἁμαρτιῶν
687 1625 786 1655 ἀπέθα-

13 1679 61 1702 νενς
75 1668 150 1699 Ἀλλὰ
164 1670 209 1699 καὶ
222 1671 271 1710 τῷ,
289 1684 300 1696 ι
318 1669 396 1700 Κατὰ
411 1669 457 1703 τὰς
474 1669 593 1710 Γραφὰς,
611 1683 622 1696 υ
636 1670 730 1707 εἰπεῖν,
747 1671 787 1699 ἐν-

14 1712 86 1751 τρέπει
98 1714 249 1754 σαφέστατα
264 1714 381 1747 τούτους.
400 1715 544 1754 Πανταχοῢ
564 1713 614 1754 γὰρ
635 1716 663 1743 αἱ
683 1716 704 1745 Γ
707 1715 787 1754 ραφαὶ

13 1759 87 1786 τοῦτον
100 1758 140 1787 τὸν
162 1759 314 1798 σωματικὸν
329 1759 441 1788 θάνατον
465 1760 504 1799 τῷ
519 1759 629 1798 Χριστῶ
647 1769 785 1799 προσμαρι

12 1805 124 1841 τυροῦσιν.
139 1817 150 1830 α
164 1802 285 1844 Ὠρυξαν
307 1816 322 1832 in
339 1803 402 1843 γὰρ,
423 1803 504 1844 φησὶ,
521 1818 533 1830 ι
548 1804 640 1843 χεῖράς
655 1815 722 1842 μου,
742 1804 787 1833 καὶ

12 1846 79 1881 πόδας
92 1859 140 1886 μου
150 1861 157 1868 ·
174 1860 188 1876 ιι
205 1848 253 1878 καὶ
264 1870 272 1884 ,
291 1861 303 1874 ιι
321 1847 455 1888 Ὄψονται
470 1849 506 1882 εἷς
521 1847 550 1878 ὃν
563 1847 734 1884 ἐξεκέντησαν
747 1861 753 1867 ·
768 1860 781 1878 ι)

13 1891 63 1928 iul,
87 1904 101 1921 ι
123 1892 343 1933 Ἐτραυματίσθη
365 1893 408 1922 διὰ
433 1893 480 1926 τὰς
496 1892 628 1933 ἁμαρτίας
649 1895 742 1931 ἡμῶν·
769 1905 784 1921 ι

13 1935 64 1974 καὶ,
83 1950 93 1963 ι
114 1936 198 1979 Ὑπὲρ
221 1939 274 1967 τῶν
290 1937 429 1978 ἁμαρτιῶν
443 1940 489 1967 τοῦ
514 1938 580 1968 λαοῦ
602 1949 653 1975 μου
677 1937 735 1974 ἥκει
752 1939 787 1971 εἷς

14 1981 117 2012 Θάνατον.
138 1994 151 2011 ι

47 2035 59 2053 l
81 2026 130 2056 Καὶ
151 2026 189 2056 ὅτι
209 2026 305 2066 ἐτάφη.
329 2039 340 2053 I
358 2027 461 2057 Οὗκοῖῖν
486 2026 532 2056 καὶ
557 2028 636 2066 σῶμα
660 2021 730 2066 εἶχε·
757 2027 786 2056 τὸ

14 2069 54 2108 γὰρ
82 2071 239 2110 θαπτόμενον
267 2071 347 2111 σῶμά
377 2072 457 2103 ἐστιν.
491 2072 533 2101 Οὖ
561 2071 709 2111 προσέθηκε
738 2071 784 2110 δὲ,

17 2124 28 2139 ι
47 2114 117 2144 Κατὰ
129 2115 174 2149 τὰς
189 2115 298 2157 Γραφὰς
308 2139 316 2154 ,
335 2127 349 2145 ι
366 2115 384 2152 ἢ
403 2115 445 2146 ὅτι
459 2117 536 2152 δῆλος
555 2112 587 2152 ἦν
602 2117 616 2145 δ
634 2115 715 2157 τάφος
730 2120 788 2145 πᾶ-

843 1586 905 1612 est?
919 1584 945 1612 Si
966 1584 1041 1612 enim
1056 1588 1082 1611 et
1104 1583 1160 1619 ipse
1179 1588 1306 1620 peccator
1330 1588 1411 1617 esset,
1428 1584 1571 1620 quomodo
1589 1593 1638 1620 pro

843 1628 962 1663 peccatis
979 1629 1079 1656 nostris
1096 1633 1224 1656 mortuus
1250 1630 1317 1656 est?
1337 1629 1470 1656 Praeterea
1499 1637 1562 1657 cum
1588 1630 1636 1663 ait,

844 1685 855 1697 α
873 1672 1033 1701 Secundum
1044 1673 1209 1708 Scripturas,
1224 1684 1236 1697 ιι
1249 1674 1316 1701 istos
1329 1673 1553 1701 manifestissime
1568 1682 1630 1701 ever

842 1719 884 1747 tit.
900 1718 1043 1746 Universae
1068 1725 1190 1753 namque
1213 1718 1363 1753 Scriptura:
1375 1717 1409 1745 de
1432 1726 1562 1754 corporea
1589 1718 1641 1746 hac

842 1763 942 1791 Christi
958 1766 1046 1790 morte
1061 1762 1250 1790 testimonium
1268 1762 1376 1795 dicunt,
1391 1766 1433 1790 ut‘
1449 1771 1455 1790 :
1471 1773 1485 1789 ιι
1500 1763 1642 1791 Fuderunt

841 1807 926 1840 enim,
942 1806 1040 1842 inquit,
1055 1814 1154 1834 manus
1170 1814 1255 1838 ineas,
1279 1810 1307 1834 et
1331 1806 1413 1842 pedes
1429 1814 1506 1835 meos
1521 1817 1527 1834 :
1547 1819 1558 1831 υ
1574 1812 1601 1835 ct
1614 1809 1638 1841 ι’,

843 1864 855 1876 ι
873 1851 1012 1880 Videbunt
1031 1851 1061 1878 in
1078 1858 1162 1886 quem
1177 1854 1349 1886 pupugerunt
1363 1859 1369 1877 :
1387 1862 1399 1874 ι»
1418 1855 1445 1878 et
1456 1852 1478 1885 ε,
1494 1862 1506 1875 α
1537 1852 1640 1879 Vulne-

842 1901 918 1925 ratus
929 1900 969 1924 est
987 1899 1099 1931 propter
1115 1895 1274 1930 iniquitates
1293 1899 1401 1922 nostras
1417 1905 1424 1922 ε
1451 1907 1463 1919 ι
1488 1897 1527 1930 et,
1550 1906 1562 1919 ι
1587 1897 1640 1924 Pro

841 1940 957 1978 peccatis
976 1939 1068 1976 populi
1087 1939 1140 1967 mei
1156 1939 1231 1967 venit
1247 1938 1275 1966 iu
1290 1942 1421 1967 mortem.
1437 1949 1450 1965 ι)

876 2029 967 2056 Vsus.
984 2031 1010 2055 4.
1025 2039 1037 2051 α
1064 2029 1099 2056 Et
1111 2027 1185 2064 quod
1206 2027 1329 2063 sepultus
1343 2027 1385 2054 sit.
1405 2039 1417 2051 ιι
1433 2026 1521 2063 Igitur
1538 2034 1640 2062 corpus

842 2073 925 2101 etiam
949 2072 1044 2101 habuit
1065 2081 1072 2100 :
1097 2071 1173 2108 quod
1201 2072 1277 2100 enim
1293 2072 1434 2108 sepelitur,
1459 2079 1561 2108 corpus
1586 2074 1638 2098 est.

845 2119 906 2146 Non
924 2117 1050 2153 apposuit
1062 2121 1166 2150 autem,
1186 2128 1199 2141 α
1215 2116 1372 2145 Secundum
1387 2116 1552 2151 scripturas,
1570 2127 1582 2140 ι
1598 2116 1639 2144 vel

15 2168 64 2186 σιν
80 2159 95 2196 ἢ
113 2160 150 2190 ὅτι
164 2161 234 2190 κατὰ
255 2163 343 2190 κοινοῦ
365 2161 451 2191 κεῖται
465 2161 507 2200 τὸ,
524 2175 536 2187 α
556 2160 634 2192 Κατὰ
654 2160 702 2194 τὰς
717 2161 785 2201 Γρα-

882 2163 907 2190 ia
923 2162 1050 2190 omnibus
1065 2162 1207 2197 sepultura
1227 2161 1327 2189 Christi
1342 2165 1489 2192 constaret,
1503 2160 1544 2188 vel
1565 2160 1640 2197 quod

16 2202 64 2240 φάς.
78 2216 92 2232 ι

50 2303 61 2321 ε
83 2295 133 2325 Καὶ
153 2295 192 2325 ὅτι
215 2295 356 2336 ἐγήγερται
435 2294 511 2335 τρίτῃ
530 2294 630 2335 ἡμέρᾳ,
645 2294 716 2324 κατὰ
740 2294 787 2328 τὰς

17 2336 116 2378 Γραφᾶς.
134 2351 148 2369 ιι
179 2340 235 2371 Καὶ
259 2343 310 2369 ποῦ
333 2341 360 2369 αἱ
385 2340 491 2380 Γραφαί
515 2352 607 2380 φασιν,
632 2340 673 2370 ὅτι
697 2350 711 2368 ι)
744 2341 788 2379 Τῇ

16 2381 77 2422 τρίτῃ
94 2385 177 2426 ἡμέρᾳ
201 2384 359 2425 ἒγήγερται;
385 2395 399 2413 ι
418 2384 469 2415 Διὰ
490 2387 537 2414 τοῦ
551 2384 621 2414 κατὰ
636 2384 681 2414 τὸν
697 2384 790 2414 Ἰωνᾶν

18 2425 98 2456 τύπου·
116 2430 160 2458 καὶ
176 2430 228 2470 πρὸ
247 2429 339 2459 τούτου
351 2452 359 2467 ,
374 2432 419 2459 τοῦ
434 2429 504 2459 κατὰ
521 2430 566 2460 τὸν
581 2428 676 2459 Ἰσαὰκ
692 2432 720 2459 ἐν
734 2440 791 2468 τρι-

19 2470 50 2498 σὶν
63 2472 165 2511 ἡμέραις
180 2473 362 2508 ἀποσωθέντος
381 2475 450 2514 [καὶ]
474 2476 569 2509 ζῶντος
585 2476 619 2512 τῇ
635 2473 728 2513 μητρὶ,
747 2473 792 2503 καὶ

20 2513 48 2551 μὴ
61 2517 203 2557 σφαγέντος,
217 2519 264 2548 καὶ
279 2519 380 2559 μυρίων
394 2513 481 2549 ἄλλων
492 2518 582 2548 τύπων
595 2530 601 2537 ·
618 2518 663 2548 καὶ
679 2518 732 2548 ἀπὸ
746 2519 792 2558 ῥη-

21 2559 93 2604 μάτων
110 2565 153 2592 τοῦ
182 2563 230 2602 μὶν
254 2563 386 2601 ⁶Ησαΐου,
404 2575 418 2593 α
445 2563 540 2604 Κύριος
561 2563 685 2604 βούλεται
709 2566 791 2592 καθα-

22 2603 78 2640 piam
98 2607 171 2637 αὔτὸν
192 2608 245 2638 ἀπὸ
269 2611 318 2644 τῆς
343 2610 461 2649 πληγῆς,
489 2603 573 2643 δεῖξαί
599 2609 671 2648 αὗτῷ
691 2609 744 2648 φῶς
757 2618 764 2625 ’
780 2621 793 2634 ’⁵

23 2650 93 2722 τξῧὲἲὲ
111 2649 210 2690 Δαυῒδ,
233 2667 244 2680 ι
259 2653 320 2684 Οὖκ
340 2653 541 2695 ἐγκαταλείψεις
562 2652 611 2690 τὴν
635 2652 724 2694 ψυχήν
742 2664 792 2692 μου

24 2702 50 2722 ιιι
76 2695 128 2722 δην,
146 2711 158 2722 1

24 2695 50 2725 εἰς
61 2695 128 2734 ᾅδην,
146 2711 158 2724 .

57 2749 68 2767 ε
89 2741 138 2772 Καὶ
153 2742 192 2772 ὃτι
214 2742 289 2784 ὤφθη
317 2744 412 2784 Κηφᾷ.
430 2757 442 2770 ι
457 2743 505 2774 Ἐν
526 2742 642 2784 πρώτοις
661 2742 707 2772 τὸν
724 2741 793 2776 ἀξιο-

845 2218 858 2231 ι
874 2206 1033 2235 Secundum
1056 2206 1219 2242 Scripturas,
1247 2217 1259 2230 ιι
1276 2205 1460 2234 communiter
1472 2205 1506 2233 de
1522 2210 1640 2241 utroque

843 2251 964 2288 positum
979 2255 1028 2279 est.

880 2308 892 2320 ι
927 2297 962 2324 Et
989 2295 1062 2332 quod
1089 2295 1270 2324 resurrexerit
1292 2295 1373 2323 tertio
1402 2294 1458 2329 die,
1487 2294 1640 2323 secundum

843 2341 1008 2376 Scripturas.
1031 2351 1044 2364 ι
1064 2343 1099 2368 At
1111 2340 1156 2368 ubi
1171 2339 1317 2375 Scriptura:
1332 2340 1481 2375 loquuntur
1494 2338 1570 2375 quod
1584 2343 1641 2367 ter-

845 2385 881 2413 tia
894 2385 937 2414 die
956 2384 1124 2414 resurrexit?
1143 2385 1195 2412 Per
1217 2385 1298 2412 Jonaa
1320 2384 1460 2420 prophetae
1483 2384 1614 2420 ﬁguram°
1631 2393 1637 2412 :

845 2435 872 2458 et
886 2434 950 2458 ante
970 2429 1053 2464 hunc,
1077 2437 1110 2457 ex
1129 2437 1162 2457 eo
1188 2428 1263 2465 quod
1287 2429 1363 2456 Isaac
1383 2429 1462 2456 tertio
1487 2429 1530 2457 die
1558 2429 1642 2457 matri

846 2475 921 2503 vivus
944 2475 981 2503 sit
1004 2478 1192 2508 conservatus,
1217 2478 1245 2502 et
1268 2481 1328 2501 non
1356 2478 1509 2502 mactatus:
1534 2478 1562 2502 et
1584 2474 1643 2502 aliis

847 2519 999 2547 innumeris
1014 2519 1116 2555 figuris.
1128 2520 1199 2546 Tum
1215 2526 1230 2546 ξι
1241 2518 1330 2547 verbis
1341 2518 1450 2546 lsaize°z
1471 2529 1484 2542 ιι
1508 2518 1641 2546 Dominus

847 2564 904 2592 vult
919 2572 1035 2600 purgare
1049 2572 1112 2592 eum
1126 2572 1141 2592 a
1156 2563 1243 2600 plaga,
1263 2568 1294 2591 ut
1309 2567 1450 2591 monstret
1459 2563 1485 2592 ei
1499 2564 1611 2597 lumen;
1628 2575 1640 2587 ι

847 2613 942 2645 postea
962 2607 1084 2638 Davidis‘
1097 2619 1104 2638 :
1128 2619 1142 2635 «
1155 2609 1218 2638 Non
1228 2608 1402 2645 derelinques
1414 2609 1535 2636 animam
1548 2616 1640 2636 meam

848 2653 875 2682 in
883 2653 1002 2682 inferno.
1023 2665 1037 2679 ι

883 2747 972 2774 Vsus.
991 2748 1018 2774 5.
1034 2757 1047 2770 ι
1061 2746 1096 2774 Et
1109 2744 1184 2781 quod
1199 2744 1275 2773 visus
1292 2745 1328 2773 sit
1348 2744 1459 2780 Cephea.
1476 2754 1489 2769 ιι
1501 2744 1533 2771 In
1547 2743 1644 2780 primis

53 2833 62 2847 '
74 2833 136 2863 Psal.
153 2839 274 2870 xxr,11.
313 2834 327 2853 ¹²
339 2837 424 2866 Zacb.
441 2844 500 2872 xu,
516 2839 558 2865 to.
597 2841 608 2854 °
621 2837 671 2865 lsa.
685 2843 755 2871 Lm,
774 2839 785 2864 ι

880 2830 892 2852 τί
904 2836 983 2864 Joan.
1000 2843 1036 2871 ιι,
1051 2838 1096 2863 22.
1135 2837 1147 2852 ⁸
1163 2835 1217 2863 Isa.
1234 2834 1349 2868 lm,10.
1389 2830 1478 2862 'Psal.
1495 2841 1548 2868 xv,
1565 2835 1608 2861 ιο.
