1867 3081
240 187 291 213 755

735 184 992 213 THEOPHYLACTI
1011 184 1190 212 BULGARl/E
1210 184 1366 212 ARCHIEP.
1818 188 1851 213 756

239 248 317 285 ponit
338 255 403 275 eum
426 247 473 283 qui
498 247 606 275 caeteris
639 246 767 275 omnibus
788 247 949 275 auctoritate
971 255 1035 283 prac-

1095 247 1247 287 πιστότερον
1275 246 1383 276 πάντων
1412 246 1509 283 τίθησι.
1541 246 1637 277 Καίτοι
1664 246 1694 276 τὸ
1723 247 1851 287 Εὗαγγέλιον

240 292 388 321 eminebat.
402 291 487 328 Atqui
505 291 685 328 Evangelium
695 294 810 320 testatur
818 292 907 328 ipsum
917 292 1037 328 primum

240 337 337 365 Maria
356 335 524 373 Magdalenae
536 336 703 372 apparuisse.
717 337 790 371 lino,
802 336 850 365 sed
874 337 946 365 inter
964 338 1037 365 viros

241 382 361 418 primum
384 381 458 409 visus
473 385 516 409 est
538 382 630 415 Petro,
646 389 696 409 ceu
717 381 789 409 inter
813 381 960 417 discipulos
981 382 1035 418 pri-

242 434 321 454 mum
336 425 474 454 obtinenti
488 425 590 454 locum.
605 426 660 453 Par
680 425 753 453 enim
771 430 840 460 erat,
863 430 895 454 ut
917 425 963 463 qui
984 427 1036 463 pri-

240 479 318 499 mum
324 470 464 499 confessus
471 474 544 498 esset
554 470 704 504 Christum,
714 471 943 499 resurrectionem
951 472 977 506 2
983 472 1003 506 ι
1010 472 1034 506 7

243 516 324 544 etiam
341 516 463 552 primum
486 515 599 544 videret.
620 516 657 543 Et
678 515 743 551 quia
756 523 821 544 eum
845 515 1034 552 abnegaverat,

240 565 353 597 apparet
367 560 391 589 ei
408 560 539 597 primum,
555 563 587 588 ut
599 559 755 588 ostenderet
765 560 800 594 ei,
812 567 876 588 eum
892 565 1035 598 propterea

239 614 298 634 non
315 613 376 635 esse
392 606 535 643 rejectum.

277 662 291 676 ι
307 650 412 680 Deinde
434 650 596 680 duodecim.
623 662 636 674 ιι
654 651 737 686 Atqui
758 650 889 679 Matthias
912 655 974 688 post
989 659 1035 680 as-

240 695 426 732 sumptionem
450 695 574 730 Domini,
601 695 629 723 in
655 695 736 724 Iuda:
761 696 853 723 locum
871 696 1036 732 subrogatus

240 745 283 769 est
296 751 304 769 :
315 740 456 777 quomodo
467 740 552 776 igitur
563 740 602 768 ait
617 749 624 768 :
641 751 653 764 α
663 739 771 768 Deinde
781 739 948 769 duodecim?
963 752 976 767 »
992 742 1036 770 Di-

240 786 329 815 cimus
341 786 426 822 igitur
439 784 587 813 verisimile
610 792 681 819 esse,
695 784 770 821 quod
785 785 910 813 Matthiae
926 794 1036 823 quoque

240 835 304 867 post
327 831 519 860 ascensionem
542 829 617 858 visus
643 830 735 864 fuerit,
761 830 983 867 quandoquidem
1009 835 1037 859 et

239 876 322 904 Paulo
333 879 396 911 post
408 874 629 911 assumptionem
644 878 743 903 vocato
757 875 833 903 visus
848 879 897 903 est.
915 876 984 904 Eam
1000 876 1036 904 ob

1091 292 1185 332 πρώτῃ
1205 286 1296 330 νώφθαι
1318 291 1395 322 αὐτὸν
1471 291 1566 332 Μαρίᾳ
1591 290 1688 332 φησίν·
1711 292 1766 321 ἀλλ’
1782 286 1804 322 ἓν
1822 296 1852 321 ἀνι

1091 338 1168 377 δράσι
1192 336 1290 377 πρώτῳ
1318 335 1394 378 ὤφθη
1414 338 1452 377 τῷ
1475 336 1594 377 Πέτρῳ,’
1610 338 1647 370 ὡς
1669 336 1799 376 προῦχοντι
1816 339 1852 367 τῶν

1091 383 1226 421 μαθητῶν.
1250 381 1327 412 Ἐδει
1348 383 1400 421 γὰρ
1415 381 1460 411 τὸν
1484 380 1689 421 ὁμολογήσαντα
1713 383 1805 421 πρῶτον
1822 383 1853 412 καὶ

1090 426 1139 462 τὴν
1157 427 1303 456 ἀνάστασιν
1323 428 1429 467 πρῶτον
1442 426 1507 456 ἰδεῖν
1519 438 1527 446 ’
1549 426 1596 456 καὶ
1612 426 1656 456 διὰ
1671 425 1701 456 τὸ
1721 427 1853 466 ἀρνήσασθαι

1091 471 1118 501 δὲ
1145 471 1266 512 φαίνεται
1292 473 1363 513 αὐτῷ
1387 473 1502 513 πρῶτον,
1529 469 1574 501 ἵνα
1595 470 1667 509 δείξῃ
1691 472 1757 512 αὖτῷ
1778 473 1852 505 ὡςοῦσι

1091 517 1265 557 ἀπέρριπται.

1135 667 1150 686 (ι
1170 651 1239 687 Εἶτα
1252 661 1305 691 τοῖς
1318 656 1431 688 δώδεκα.
1447 667 1463 686 ι
1481 656 1576 687 Καίτοι
1591 658 1605 686 ὁ
1621 655 1741 690 Ματθίας
1755 656 1810 696 μετᾶ
1820 656 1853 691 τὴν

1091 701 1221 742 ἀνάληψιν
1244 703 1290 732 τοῦ
1312 701 1422 742 Κυρίου,
1440 701 1601 741 ἀντεισήχθη
1628 702 1686 731 ἀντὶ
1708 703 1751 730 τοῦ
1771 701 1854 742 Ἰούᾷα-

1090 747 1146 780 πῶς
1158 741 1202 775 οὖν
1219 758 1298 787 φησιν
1313 758 1319 765 ·
1337 741 1433 776 «Εἶτα
1447 747 1501 779 τοῖς
1516 745 1639 785 δώδεκας
1656 758 1670 774 ι
1695 747 1800 785 Δέγομεν
1811 741 1852 781 οὖν,

1090 790 1130 820 ὅτι
1145 791 1214 831 εἰκὸς
1229 787 1261 828 ἧν
1279 791 1356 821 αὐτὸν
1372 793 1410 831 τῷ
1432 791 1542 831 Ματθίᾳ
1564 791 1610 820 καὶ
1636 790 1703 830 μετᾶ
1717 790 1760 827 τὴν
1777 791 1852 826 ἀνάλη-

1090 836 1134 876 ψιν
1155 830 1254 877 ὦφθαι,
1273 835 1331 866 ἐπεὶ
1355 830 1401 865 καὶ
1417 837 1454 875 τῷ
1477 830 1581 876 Παόλῳ
1606 835 1675 873 μετὰ
1689 834 1734 877 τὴν
1750 834 1850 875 ἀνάληψιν

1090 875 1212 916 κληθέντι
1239 880 1333 921 ὤφθηο
1356 880 1395 910 διὸ
1421 880 1480 910 οὐδὲ
1510 875 1676 919 τὸνγκαιρὸν
1707 875 1781 916 εἶπεν,
1809 879 1852 908 ἀλλ’

237 929 349 950 causam
363 928 455 957 neque
476 924 586 955 tempus
598 919 677 953 dixit,
697 919 747 948 sed
769 919 911 948 indeﬁnite
930 921 1031 957 posuit.

1095 913 1220 965 ἀορίστως
1241 913 1339 961 τίθησι.
1356 925 1434 959 Τινὲς
1460 925 1488 954 δέ
1508 937 1601 966 φασιν,
1622 913 1664 955 dri.
1685 913 1798 965 γραφικόν
1814 925 1853 953 ἐστι

240 965 362 1002 Quidam
378 969 471 993 autem
489 964 583 993 dicunt
598 972 721 993 errorem
749 972 808 993 esse
824 965 853 993 in
868 965 1013 994 scribendo
1028 977 1034 995 :

238 1011 279 1039 vel
301 1011 363 1047 quia
379 1010 516 1038 Dominus
531 1009 687 1045 praescienti
703 1009 782 1038 oculo
797 1009 885 1038 sciens
902 1014 928 1039 et
940 1010 1035 1039 videns

238 1055 317 1084 illum
336 1063 394 1083 esse
409 1054 538 1082 undecim
553 1054 610 1082 istis
626 1054 892 1089 connumerandum,
905 1055 978 1084 visus
994 1061 1036 1084 est

240 1100 276 1135 ei,
290 1108 326 1128 ne
352 1099 404 1128 hac
428 1100 457 1127 in
476 1107 507 1127 re
522 1099 630 1127 caeteris
650 1099 782 1135 apostolis
797 1099 910 1127 inferior
929 1100 1035 1129 videre-

238 1149 293 1173 tur.
311 1145 376 1173 Tale
388 1143 518 1181 quiddam
529 1148 556 1172 et
568 1143 647 1172 divus
665 1145 787 1172 Joannes
801 1144 898 1180 tradit,
906 1144 1014 1173 dicens?
1027 1155 1034 1174 :

240 1200 255 1216 «ι
268 1190 391 1218 Thomas
404 1194 498 1217 autem
517 1196 590 1217 unus
602 1196 633 1216 ex
646 1187 802 1217 duodecim.
819 1200 833 1214 ι
849 1189 929 1217 Dicat
942 1193 1036 1217 autem

240 1234 349 1271 aliquis,
364 1233 440 1271 quod
459 1233 612 1262 secundum
631 1233 830 1270 praescientiam
848 1234 938 1270 potius
963 1235 1036 1262 Mat-

238 1279 325 1308 thiam
341 1279 455 1315 reliquis
475 1278 608 1314 apostolis
621 1279 822 1313 annumerarit,
839 1286 922 1315 quam
935 1279 1036 1308 Judam

238 1328 302 1361 post
317 1324 502 1361 proditionem
517 1328 543 1351 et
564 1323 821 1360 strangulationem.

273 1370 364 1398 Vens.
377 1370 403 1397 6.
423 1380 436 1393 ι
448 1367 554 1396 Deinde
569 1368 640 1396 visus
656 1372 698 1396 est
709 1368 770 1404 plus
786 1376 870 1404 quam
881 1368 1037 1405 quingentis

239 1414 371 1443 fratribus
385 1413 479 1441 simul.
507 1424 520 1437 ν
536 1413 600 1440 Post
625 1412 891 1441 demonstrationem
915 1421 949 1441 ex
963 1414 1034 1441 Scri-

239 1459 338 1496 pturis,
354 1462 440 1486 testes
455 1457 583 1494 producit
602 1457 740 1492 apostolos
753 1462 782 1485 et
804 1457 925 1493 reliquos
942 1458 1036 1486 ﬁdeles

238 1503 374 1532 homines.
389 1501 521 1531 Nonnulli
544 1506 647 1536 autem,
672 1500 784 1534 Ἐπάνω,
800 1509 860 1537 pro,
872 1503 1003 1538 Superne,
1018 1511 1033 1531 ο

238 1548 323 1581 οωιῑε,
339 1547 486 1582 accipiunt.
502 1546 619 1573 Sursum
629 1545 702 1573 enim
713 1550 741 1574 et
752 1554 835 1582 supra
848 1551 931 1582 caput
943 1547 981 1575 eis
996 1547 1034 1575 vi-

1088 969 1118 1000 τὸ
1142 970 1254 1011 σφάλμα
1265 981 1271 989 ⁸
1287 969 1304 1006 ἢ
1326 969 1367 1000 ὅτι
1382 971 1420 1010 τῷ
1442 971 1636 1010 προγνωστιχῷ
1652 970 1772 1011 ὀφθαλμῷ
1791 970 1801 997 ὁ
1814 968 1853 998 Κύ-

1090 1026 1144 1055 ριος
1172 1014 1261 1051 εἰδὼς,
1285 1014 1325 1044 ὅτι
1356 1015 1674 1055 συγκαταριθμηθήσεται
1699 1018 1749 1047 τοῖς
1774 1014 1851 1048 ἕνδεκα,

1089 1058 1163 1100 ὤφθη
1177 1059 1222 1089 καὶ
1240 1060 1328 1100 αὐτῷ,
1343 1059 1387 1089 ἴνα
1403 1059 1471 1099 μηδὲ
1486 1062 1512 1090 ἐν
1529 1059 1615 1100 τούτῳ
1639 1059 1744 1089 ἔλαττον
1763 1059 1804 1098 ἔχῃ
1817 1060 1851 1087 τῶν

1089 1105 1189 1134 λοιπῶν
1216 1104 1383 1135 ἀποστόλων.
1409 1104 1536 1135 Τοιοῦτόν
1570 1116 1595 1134 τι
1627 1105 1771 1144 παραδηλοῖ
1789 1103 1850 1132 nit

1089 1148 1214 1186 Ἰωάννης
1223 1148 1309 1189 λέγων
1322 1160 1329 1167 ·
1347 1160 1363 1178 ιι
1374 1150 1479 1188 Θωμᾶς
1491 1149 1516 1178 δὲ
1595 1145 1632 1183 εἶς
1643 1150 1729 1179 ἐκτῶν
1739 1149 1830 1178 δώδεκα.
1840 1159 1850 1175 ιι

1090 1194 1202 1224 Μᾶλλον
1218 1193 1269 1234 γὰρ
1283 1193 1315 1223 ἂν
1340 1192 1409 1223 εἴποι
1423 1205 1475 1232 τις,
1499 1193 1539 1223 ὅτι
1560 1193 1605 1223 τὸν
1622 1193 1743 1224 Ματθίαν
1761 1191 1852 1225 συνέταξι

1090 1237 1160 1268 κατὰ
1184 1238 1232 1275 τὴν
1256 1238 1404 1279 πρόγνωσιν
1421 1243 1475 1272 τοῖς
1499 1239 1600 1272 λοιποῖς
1623 1239 1779 1277 ἀποστόλοις,
1799 1236 1864 1273 irini

1089 1282 1193 1313 Ἰούδαν
1209 1282 1277 1322 μετὰ
1291 1282 1340 1320 τὴν
1355 1282 1499 1323 προδοσίαν
1511 1283 1557 1313 καὶ
1571 1283 1622 1320 τὴν
1637 1283 1758 1324 ἀγχόνην.
1863 1302 1864 1334 γ

1134 1386 1145 1400 ι
1170 1370 1286 1403 Ἔπειτα
1320 1372 1396 1414 ὤφθη
1423 1373 1514 1403 ἐπάνω
1548 1373 1732 1408 πεντακοσίοις
1762 1373 1850 1411 ἀδελφοῖς

1090 1417 1204 1458 ἐφάπαξ.
1228 1432 1240 1444 ν
1266 1417 1344 1448 Μετὰ
1367 1417 1416 1454 τὴν
1441 1419 1495 1448 ἀπὸ
1519 1420 1572 1449 τῶν
1597 1419 1714 1459 Γραφῶν
1739 1417 1849 1451 ἀπόδειξιν,

1089 1463 1134 1492 καὶ
1153 1462 1290 1503 μάρτυρας
1307 1462 1424 1503 παράγει
1443 1463 1504 1497 τούς
1526 1475 1555 1493 τε
1577 1464 1740 1496 ἀποστόλους
1760 1462 1798 1492 καὶ
1814 1461 1849 1490 ἑτέ·

1090 1518 1148 1547 ρους
1172 1507 1281 1556 πιστοὺς
1302 1507 1463 1547 ἀνθρώπους.
1489 1509 1530 1538 Τὸ
1554 1508 1600 1545 δὲ,
1620 1522 1633 1535 ε
1650 1507 1770 1543 Ἐποίνω,
1784 1505 1864 1556 Inviti

1088 1551 1135 1591 μὲν
1159 1552 1208 1589 τὸ,
1222 1549 1336 1582 Ἄνωθεν
1359 1553 1388 1582 ἐκ
1412 1554 1465 1582 τῶν
1488 1554 1617 1593 οὖρανῶν,
1644 1552 1735 1594 φασίν·
1756 1552 1801 1580 ἄνω

237 1600 284 1620 sus
298 1595 350 1625 est,
361 1595 391 1619 ut
407 1595 435 1619 et
444 1589 659 1625 assumptionem
673 1597 752 1618 suam
765 1590 897 1618 ﬁrmaret.
913 1591 1033 1626 Quidam

1095 1596 1135 1625 ιιαὶ
1151 1596 1217 1637 ὑπὲρ
1241 1598 1360 1637 κεφαλῆς
1380 1598 1469 1631 αὖτοῖς
1487 1589 1574 1638 ὤφθη,
1590 1589 1636 1627 ἵνα
1651 1589 1704 1628 ¹καὶ
1718 1596 1761 1633 τὴν
1780 1595 1849 1630 ἀνείλη·

238 1644 314 1670 νει-ο,
351 1635 453 1662 Ἐπάνω
479 1634 658 1668 πεντακοσίοις,
692 1642 752 1671 pro,

239 1679 406 1717 quingentis,
426 1679 626 1707 intellexerunt.

277 1734 291 1752 α
306 1726 347 1753 Ex
361 1723 459 1760 quibus
474 1724 566 1760 plures
580 1727 694 1752 manent
718 1723 753 1752 ad
767 1723 839 1752 hunc
852 1732 939 1761 usque
949 1725 1034 1762 diem,

239 1769 350 1807 quidam
363 1773 457 1798 autem
473 1772 500 1796 et
521 1767 738 1796 obdormierunt.
766 1780 779 1793 υ
804 1769 911 1804 Habeo,
934 1770 1035 1808 inquit,

240 1814 397 1843 testimonia
409 1813 480 1841 viva.
496 1815 550 1842 Per
574 1813 722 1841 dictionem
745 1818 852 1848 autem,
866 1824 880 1840 »
903 1815 1036 1844 Dormie-

238 1864 312 1894 runt,
330 1871 343 1884 ιο
357 1857 567 1887 resurrectionis
589 1857 753 1894 principium
767 1859 937 1895 praestruxit.
962 1860 1032 1896 Quid

240 1905 313 1934 cnim
327 1904 439 1938 dormit,
455 1903 574 1939 resurgit
586 1903 677 1931 etiam.

272 1952 359 1979 Vnus.
387 1952 414 1978 7.
439 1958 455 1975 α
480 1948 587 1976 Deinde
611 1948 684 1976 visus
703 1951 744 1976 est
768 1948 886 1977 Jacobo.
910 1959 925 1976 ν
946 1950 1035 1978 Fratri

240 1994 366 2028 Domini,
385 1993 431 2030 qui
445 1993 479 2021 ab
504 1992 563 2028 ipso
577 1992 682 2028 primus
696 1993 954 2030 Hierosolymorum
977 1995 1034 2032 epi-

239 2046 340 2075 scopus
352 2037 518 2066 constitutus
539 2040 606 2065 erat.

280 2095 293 2108 α
310 2082 420 2110 Deinde
436 2081 566 2117 apostolis
583 2080 724 2109 omnibus.
744 2091 759 2108 »
781 2082 903 2110 Fuerunt
920 2083 995 2112 enim
1009 2089 1036 2112 et

241 2128 287 2156 alii
298 2126 427 2164 apostoli,
442 2130 474 2154 ut
484 2125 667 2161 septuaginta.

280 2173 370 2200 Vens.
386 2173 413 2198 8.
430 2182 444 2196 ιι
473 2169 629 2198 Novissime
651 2174 744 2198 autem
759 2171 884 2200 omnium
905 2176 1035 2210 tanquam

243 2217 369 2246 abortivo
383 2216 458 2244 visus
484 2219 527 2243 est
540 2219 567 2243 et
587 2211 664 2243 mihi.
695 2226 708 2240 κ
734 2215 900 2246 Humilitatis
921 2222 962 2245 est
983 2218 1036 2247 hoc

243 2262 361 2291 dictum.
388 2260 529 2296 Sapienter
544 2263 637 2288 autem
658 2267 724 2287 usus
739 2264 781 2288 est
798 2260 947 2297 dejectione
972 2262 1033 2297 hac,

241 2315 286 2340 ne,
302 2305 412 2342 quando
426 2312 558 2341 magnum
570 2304 637 2333 illud
655 2304 798 2341 proferret,
820 2317 833 2331 ι
847 2307 1036 2337 Abundantius

242 2351 375 2380 omnibus
403 2349 463 2378 aliis
476 2349 607 2384 laboravi,
623 2360 637 2375 ››
661 2357 717 2378 non
733 2349 898 2380 adhibeatur
920 2352 944 2380 ei
967 2352 1036 2381 ﬁdes

792 1635 917 1664 Pluribus
951 1644 1034 1673 quam

240 2404 291 2425 ceu
304 2395 451 2432 arroganti.
475 2403 489 2421 α
509 2395 675 2423 Abortivum
689 2404 704 2422 ι»
720 2396 826 2433 proprie
838 2396 937 2426 dicitur
951 2396 1035 2427 foetus

236 2441 264 2469 in
279 2445 371 2474 utero,
384 2440 429 2476 qui
441 2439 548 2476 justum
567 2439 732 2468 incrementi
744 2441 786 2468 sui
799 2445 910 2477 tempus
917 2450 973 2470 non
989 2451 1034 2471 ex-

238 2485 332 2522 plevit,
342 2492 425 2521 quem
436 2484 510 2520 ejicit
524 2484 635 2512 mulier.
659 2485 728 2520 Quia
738 2485 823 2521 igitur
843 2485 901 2522 ipse
920 2494 949 2515 se
961 2486 1033 2516 indi-

235 2538 323 2566 gnum
347 2529 489 2565 apostolici
502 2529 624 2558 muneris
647 2529 788 2558 functione
812 2529 890 2564 dicit,
907 2539 939 2559 ac
959 2532 1030 2568 reje-

236 2575 354 2609 ctitium,
376 2574 415 2603 sic
432 2574 554 2611 seipsum
572 2574 735 2608 nominavit,
759 2582 810 2603 ceu
836 2574 1029 2611 imperfectum

231 2624 258 2649 et
270 2620 462 2654 immaturum,
475 2624 612 2656 quantum
625 2619 661 2647 ad
680 2618 794 2655 apostoli
809 2619 972 2656 dignitatem
986 2625 1014 2650 at
1027 2639 1029 2641 ›

233 2665 310 2694 tinet.
333 2665 464 2694 Nonnulli
484 2673 533 2701 per
546 2664 712 2697 abortivum,
733 2669 904 2701 postremum
926 2667 1029 2696 foetum

290 2735 373 2762 Joan.
385 2741 440 2768 xx,
457 2737 503 2762 24.

1089 1642 1133 1682 ψιν
1159 1641 1346 1677 πιστώσηται·
1371 1641 1438 1675 τινὲς
1462 1641 1489 1671 δὲ
1515 1642 1562 1679 τὸ,
1589 1653 1604 1672 ιι
1629 1641 1737 1673 Ἐποίνω
1756 1650 1849 1670 11mm—

1089 1686 1170 1722 σίοις,
1189 1698 1203 1715 »
1220 1687 1283 1720 Τοῖς
1297 1685 1416 1716 πλείοσιν
1431 1685 1448 1722 ἢ
1465 1687 1649 1721 πεντακοσίοις
1659 1711 1667 1724 ,
1679 1686 1787 1722 ἐνόησαν.

1136 1741 1151 1760 ι(
1169 1729 1219 1765 Ἐξ
1234 1726 1270 1760 ιῖιν
1283 1731 1307 1760 οἱ
1322 1731 1427 1764 πλείους
1455 1730 1578 1770 μένουσιν
1600 1731 1651 1766 ἕως
1673 1731 1746 1772 ἄρτι·
1766 1728 1819 1761 τινὶ(
1833 1727 1848 1756 δέ

1089 1775 1136 1806 καὶ
1151 1774 1341 1814 ἐκοιμήθησαν.
1359 1790 1371 1801 ιι
1394 1775 1485 1815 Ἔχω,
1514 1776 1580 1817 φησὶ
1591 1799 1601 1815 ,
1619 1778 1717 1811 ζῶντας
1739 1774 1847 1814 μάρτυρας.

1090 1819 1142 1850 Διὰ
1155 1819 1181 1849 δὲ
1193 1821 1240 1856 τῆς
1252 1822 1315 1859 τοῦ,
1336 1831 1350 1849 α
1363 1819 1582 1859 Ἐχοιμήθησαν,
1599 1834 1610 1847 ι
1626 1820 1730 1857 λέξεως,
1742 1819 1812 1860 ἀρχὴν
1821 1819 1849 1850 τῖς

1090 1863 1260 1898 ἀναστάσεως
1283 1864 1516 1905 προκατιϐάλετο·
1539 1866 1553 1895 ὅ
1576 1865 1630 1906 γὰρ
1659 1865 1806 1904 κοιμώμενος
1820 1860 1848 1891 καὶ

1090 1908 1239 1940 ἀνίσταται.

1131 1964 1147 1983 α
1168 1952 1286 1984 Ἔπειτα
1301 1953 1376 1995 ὤφθη
1389 1954 1524 1996 Ἰακώϐῳ.
1540 1966 1554 1985 )›
1577 1957 1627 1996 Τῷ
1651 1955 1750 1995 ἀδελφῷ
1762 1954 1801 1982 τοῦ
1813 1951 1849 1981 Κυ-

1091 1998 1162 2038 ρίου,
1178 1998 1289 2040 [λέγει,]
1312 2001 1349 2039 τῷ
1366 2000 1410 2029 ὑπ’
1431 1995 1512 2030 αὒτοῧ
1535 1999 1726 2030 κατασταθέντι
1746 1995 1850 2034 ἔπιε-κόπῳ

1089 2042 1188 2084 πρώτῳ
1202 2043 1408 2084 Ἱεροσολύμων.

1132 2099 1148 2116 α
1170 2083 1247 2118 Elui
1258 2092 1312 2122 τοῖς
1327 2088 1484 2122 ἀποστόλοις
1506 2093 1599 2120 πᾶσιν.
1627 2101 1642 2118 ι
1668 2084 1754 2120 Ἦσαν
1767 2086 1808 2127 γὰρ
1819 2083 1848 2114 καὶ

1091 2132 1165 2162 ἄλλοι
1180 2133 1339 2169 ἀπόστολοι,
1354 2135 1389 2167 ὡς
1402 2135 1426 2164 οἱ
1441 2133 1638 2173 ἑϐδομήκοντα.

1133 2187 1148 2206 σ
1169 2176 1309 2217 Ἕσχατον
1317 2178 1342 2197 ⁴⁴
1359 2178 1386 2207 δὲ
1398 2177 1524 2214 πάντων,
1538 2179 1655 2219 ὡσπερεί
1669 2190 1705 2219 τῳ
1720 2175 1848 2217 ἰκτρώματιι

1088 2220 1163 2262 ὤφθη
1187 2222 1280 2261 κάμοί.
1314 2236 1327 2249 ιι
1353 2221 1608 2263 Ταπεινοφροσύνης
1631 2223 1662 2252 τὸ
1684 2225 1770 2263 ῥῆμα·
1787 2219 1848 2263 σοφῶς

1090 2260 1123 2296 δὲ.
1143 2266 1274 2306 κέχρηται
1296 2269 1331 2307 τῇ
1357 2260 1596 2308 ταπεινοφροσύνῃ,
1613 2267 1656 2296 ἵνα
1681 2260 1739 2296 όταν
1763 2263 1813 2303 εἴπῃ
1828 2260 1848 2289 τὸ

1089 2310 1159 2350 μέγα
1175 2311 1259 2341 ἐκεῖνο
1268 2333 1276 2348 ,
1290 2312 1321 2342 τὸ
1330 2333 1339 2348 ,
1358 2323 1373 2341 α
1385 2313 1579 2352 Περισσότερον
1592 2312 1698 2341 πάντων
1708 2309 1828 2341 ἐκοπίασα,
1839 2318 1847 2330 ¹

1088 2354 1126 2394 μὴ
1163 2356 1297 2397 ἀπιστηθῇ
1325 2357 1360 2390 ὡς
1392 2357 1510 2392 ἀλαζών.
1535 2356 1684 2397 Ἕκτρωμα
1713 2355 1738 2385 δὲ
1768 2352 1846 2390 λέγεται

1089 2399 1200 2456 κυρίως,
1222 2400 1254 2456 ea,
1274 2401 1483 2456 ἀτελεσφόρητον
1509 2401 1636 2442 ἔμϐρυον,
1665 2400 1679 2431 ὃ
1701 2398 1846 2456 ἀποϐέλλξίται

1088 2446 1105 2481 ἡ
1124 2434 1197 2484 ’γυνή
1210 2455 1216 2462 ’
1246 2444 1326 2476 Ἐπεὶ
1353 2434 1411 2476 03v.
1425 2434 1472 2475 καὶ
1501 2434 1579 2480 adeo;
1614 2434 1714 2480 ἀνάξιον
1739 2444 1778 2472 τοῦ
1799 2434 1846 2469 IL“

1088 2489 1181 2519 ἑαυτὸν
1201 2490 1347 2520 ἀπόστολον
1366 2490 1448 2530 λέγει,
1469 2491 1514 2521 καὶ
1540 2490 1702 2528 ἀπόϐλητον,
1721 2488 1792 2520 οὕτως
1804 2486 1847 2530 έαιζ·

1084 2534 1128 2564 τὸν
1152 2534 1292 2573 ὠνόμασεν
1305 2559 1314 2575 ,
1345 2537 1381 2570 ὧς
1403 2529 1617 2577 νάτελεσφόρητον
1641 2534 1709 2566 κατά
1730 2531 1798 2577 γετὸ
1814 2529 1846 2557 τοῧ

1087 2580 1234 2609 ἀποστόλου
1260 2579 1374 2619 ἀξίωμα.
1402 2580 1480 2615 Τινὲς
1507 2576 1535 2611 δὲ
1561 2581 1592 2611 τὸ
1614 2580 1718 2620 ὕστερον
1741 2576 1845 2620 γέννημ’

1084 2622 1211 2664 ἔκτρωμοι
1232 2624 1354 2663 ἐνόησαν,
1378 2624 1445 2655 διότι
1466 2625 1512 2655 καὶ
1531 2625 1608 2659 αὐτὸς
1623 2619 1729 2664 ἔσχατος
1740 2619 1845 2664 ﬁta"

1085 2662 1186 2699 στόλων
1196 2669 1233 2700 ⁴⁵.
1250 2670 1309 2699 Οὗκ
1325 2670 1483 2700 ἐλαττοῦται
1501 2669 1528 2700 δὲ
1544 2672 1558 2700 ὁ
1581 2662 1696 2708 Παῦλος,
1714 2665 1771 2697 διότι
1783 2662 1843 2701 ἔσχα-

930 2773 1026 2803 Varia:
1047 2775 1200 2807 lectiones.

264 2824 286 2839 ⁸⁸
297 2823 398 2858 ὕστερον
413 2830 442 2851 o.
479 2823 500 2839 ¹⁰⁸
515 2821 602 2850 ἄλλων
613 2830 631 2850 0
