1867 3081
8 147 91 173 757

490 149 665 179 Εχροειτιο
684 151 717 178 IN
737 137 841 179 EPlST.
860 151 870 180 ι
889 152 934 180 so
953 151 1030 180 con.
1047 167 1081 172 —
1100 151 1174 180 CAP.
1194 152 1248 180 xv.

1629 153 1682 181 758

4 219 82 242 τος
104 204 159 239 εἶδε
181 210 225 239 τὸν
249 210 358 250 Κύριον·
380 212 421 242 οὐ
442 212 493 252 γὰρ
509 212 638 247 Ἰάκωϐος
657 213 774 243 ἐλάττων
794 215 846 243 τῶν
859 216 881 249 Α

935 214 1101 248 tellexerunt,
1139 213 1364 250 quandoquidem
1389 214 1434 246 eti
1448 215 1505 251 ipse
1534 219 1692 251 postremus

10 253 133 298 ἄλλων
159 255 383 294 πεντακοσίων⁴⁶,
408 255 449 286 δτι
478 255 591 298 ἔσχατος
599 257 626 278 ⁴⁷
655 257 761 288 ἐκείνων
791 253 844 288 εἶδε

9 296 85 326 τὸν
102 298 217 339 Κύριον.

898 258 1087 295 apostolorum
1105 258 1197 287 fuerit.
1213 259 1323 287 Etenim
1334 266 1397 287 eam
1411 258 1448 287 ob
1459 266 1522 287 rem
1534 259 1598 287 nihil
1613 259 1691 288 Pauli

896 303 1049 332 auctoritati
1064 303 1182 337 decedit,
1198 303 1272 339 quod
1288 307 1447 340 postremus
1461 304 1616 332 Dominum
1629 312 1694 332 con-

13 348 173 382 spexerit.
184 350 277 386 Neque
291 349 366 378 enim
379 351 487 379 caeteris
496 351 655 388 quingentis
670 345 785 380 inferior
804 355 851 381 est
893 349 1025 384 Iacobus,
1048 348 1123 386 quod
1146 348 1258 377 illorum
1272 352 1429 385 postremus
1450 348 1605 377 Dominum
1623 356 1692 377 con-

14 392 174 426 spexerit.

87 447 104 466 α
126 436 201 476 Ἐγὼ
219 438 270 478 γάρ
287 440 342 476 εἰμι
364 441 380 469 ὃ
401 439 541 480 ἐλάχιστος
555 443 607 471 τῶν
630 441 799 479 ἀποστόλων,
817 441 845 475 ὃς

21 482 91 511 οὐκ
118 482 175 520 εἰμὶ
197 483 286 517 ἱκανὸς
307 485 446 514 καλεῖσθαι
469 485 630 523 ἀπόστολος,
661 486 727 516 διότι
751 486 844 520 ἐδίωξα

23 525 91 561 τὴν
112 526 281 563 Ἐκκλησίαν
299 531 345 558 τοῦ
355 529 443 571 Θεοῦ.
470 544 482 556 ι
501 530 689 571 Ἀποφαίνεται
704 531 767 571 περὶ
782 532 844 560 ἑαυ-

21 574 89 600 τοῦ
101 581 110 590 ο
124 571 171 600 καὶ
184 573 231 601 οὐκ
247 573 329 611 Εἰμὶ,
345 568 430 610 εἶπεν,
442 568 601 614 [ἐλάχιστος]
615 577 666 605 τῶν
680 568 782 605 δώδεκα
797 575 845 613 μό-

25 627 105 654 νον,
122 615 194 645 ἀλλὰ
208 616 318 647 καὶτῶν
335 617 422 648 ἄλλων
440 619 574 649 ἁπάντων.
595 618 670 659 "Ops
690 618 729 656 δὲ,
745 619 784 649 ὅτι
800 619 844 648 διὰ

23 659 146 689 τούτων
163 660 298 699 μέμνηται
309 663 362 692 τῶν
381 663 517 703 ἁμαρτιῶν
531 688 537 699 ,
561 660 597 694 ὧν
610 664 788 705 ἠλευθέρωται
801 663 845 693 διὰ

26 707 89 734 τοῦ
102 706 293 744 βαπτίσματος
302 730 310 743 ,
321 706 364 736 ἵνα
380 708 450 747 δείξῃ
465 708 491 738 τί
504 709 647 748 ἐχαρίσατο
659 711 730 749 αὐτῷ
741 712 754 739 6
767 708 844 742 Θεός.

25 749 120 783 Τίνος
156 750 185 780 δὲ
224 750 327 790 ἕνεκεν,
358 752 481 793 μάρτυρα
511 754 605 783 ἑαυτὸν
636 754 765 793 παράγων
795 755 843 789 τῆς

26 794 218 828 ἀναστάσεως
240 798 287 825 τοῦ
308 797 439 837 Χριστοῦ,
454 799 489 831 ὥς
505 798 549 827 καὶ
569 799 639 838 αὐτῷ
658 797 795 838 ὀφθέντος,
811 798 844 827 τὰ

933 440 1024 467 Vsus.
1043 441 1072 467 9.
1086 447 1101 465 α
1116 439 1174 474 Ego
1186 438 1261 466 enim
1273 446 1335 466 sum
1347 438 1480 466 minimus
1492 438 1693 474 apostolorum,

900 483 984 518 218
996 481 1042 518 qui
1066 490 1122 510 non
1136 490 1199 510 sum
1213 481 1311 519 dignus
1331 482 1423 510 vocari
1449 481 1604 518 apostolus,
1625 490 1694 518 quo-

898 527 973 555 niam
995 531 1151 563 persecutus
1170 535 1231 555 sum
1255 527 1404 555 Ecclesiam
1424 526 1488 555 Dei.
1516 538 1528 551 ι
1541 528 1583 555 De
1601 527 1693 563 seipso

898 572 1063 601 sententiam
1077 572 1132 600 fert
1152 582 1158 599 :
1178 580 1229 600 nec
1242 571 1319 606 dixit,
1335 571 1481 600 duodecim
1503 575 1623 605 tantum,
1644 579 1695 600 ve-

897 624 960 645 rum
971 621 998 645 et
1013 617 1128 644 aliorum
1143 616 1278 644 omnium.
1289 616 1434 645 Considera
1450 621 1542 644 autem
1553 616 1694 652 quomodo

898 669 948 698 per
976 661 1035 690 haec
1064 662 1145 689 verba
1166 669 1262 689 eorum
1285 666 1461 697 peccatorum
1487 660 1653 696 meminerit,
1678 669 1693 688 a

899 706 998 742 quibus
1014 705 1142 734 liberatus
1165 706 1201 734 sit
1215 714 1263 742 per
1276 706 1420 742 baptisma,
1435 710 1466 734 ut
1480 705 1608 734 ostendat
1627 705 1694 742 quid

896 749 1037 778 donaverit
1051 750 1088 778 illi
1104 752 1186 779 Deus.
1203 753 1293 787 Quam
1308 751 1343 778 ob
1359 758 1470 778 causam
1483 758 1546 779 vero
1567 750 1689 786 seipsum

897 798 996 823 testem
1015 796 1224 823 resurrectionis
1238 795 1348 829 Christi,
1362 803 1412 824 ceu
1435 795 1469 823 ab
1484 803 1516 823 eo
1541 795 1692 831 conspecti,

28 839 130 869 οἰκεῖα
154 839 334 879 ἐλαττώματα
355 842 517 882 καταλέγει;
538 841 598 874 Ἵνα
618 843 719 881 μᾶλλον
742 842 844 877 άξιοπι·
859 856 881 888 Β

935 841 1064 874 oducens,
1077 840 1202 876 proprios
1218 840 1342 868 defectus
1355 841 1493 868 recenset?
1506 840 1548 868 Ut
1560 840 1694 876 majorem

29 883 168 923 στότερος
194 884 246 922 εἴη.
288 885 323 916 Ὁ
349 886 401 926 γὰρ
425 886 495 926 μετὰ
519 887 644 923 ἀληθείας
677 887 724 921 τὰς
745 887 844 921 οἰκείας

30 928 134 969 ὕϐρεις
149 930 203 964 θεὶς
222 931 269 960 οὐκ
282 929 314 961 ἂν
329 931 402 972 ἄλλῳ
415 932 626 974 καταχαρίσαιτο
642 932 739 972 μάτην.

88 1031 105 1049 α
127 1020 226 1059 Χοίριτι
242 1020 268 1050 δὲ
284 1021 354 1051 Θεοῦ
378 1022 433 1061 εἰμὶ
447 1022 463 1052 ὅ
476 1023 541 1061 εἶμι.
556 1033 571 1052 ι)
599 1023 643 1053 Τὰ
660 1023 707 1061 μὲν
731 1024 846 1054 ἐλαττώ-

31 1076 121 1101 ματα
157 1066 242 1104 ἑαυτῷ
280 1065 430 1106 λογίζεταισ
454 1067 488 1098 τὰ
518 1067 546 1097 δὲ
586 1068 782 1108 κατορθώματα

31 1109 139 1149 χάριτι
154 1113 200 1139 τοῦ
213 1111 284 1140 Θεοῦ
297 1111 446 1147 ἀνατίθησι.

90 1167 108 1183 α
130 1154 187 1185 Καὶ
208 1157 224 1191 ἡ
246 1155 324 1195 χάρις
337 1158 417 1186 αὐτοῦ
434 1159 451 1193 ἡ
467 1158 503 1191 εἰς
519 1157 567 1195 ἐμὲ
582 1158 612 1188 οὖ
632 1158 695 1194 κενὴ
717 1158 826 1197 ἐγενήθη
838 1171 845 1177 ·

34 1198 118 1229 ἀλλὰ
141 1199 325 1240 περισσότερον
347 1202 435 1231 αὐτῶν
457 1202 565 1232 πάντων
591 1203 731 1234 ἐκοπίασα.
756 1216 770 1231 ι
792 1203 846 1234 Καὶ

32 1247 124 1289 τοῦτο
156 1247 215 1282 μεθ’
250 1247 397 1282 ὑποστολῆς
407 1246 434 1265 ⁸⁸
462 1247 585 1287 εἴρηκεν·
613 1247 643 1277 οὗ
677 1248 729 1289 γὰρ
758 1242 845 1284 εἶπεν,

31 1287 67 1318 Ἀ
75 1289 125 1334 ipa
143 1290 190 1323 τῆς
204 1289 311 1329 χάριτος
331 1289 444 1331 ἔπραξα,
463 1291 531 1328 ἀλλ’,
553 1293 594 1322 οὖ
615 1287 728 1330 ματαία,
744 1292 842 1334 φησὶν,

35 1333 142 1373 εὑρέθη
159 1335 176 1369 ἡ
192 1334 269 1373 χάρις
290 1337 336 1363 τοῦ
359 1335 430 1365 Θεοῦ
453 1336 479 1364 ἐν
494 1336 562 1374 ἐμοί.
582 1338 665 1374 Πῶςς
691 1336 755 1367 ⁶οτι
779 1337 845 1366 πάν-

35 1390 99 1407 των
127 1379 180 1421 τῷν
215 1379 370 1408 ἀποστόλων
403 1381 590 1421 περισσότερον
617 1381 761 1413 ἐκοπίασα.
792 1382 845 1413 Καὶ

36 1423 92 1452 οὐκ
129 1417 218 1459 εἶπεν,
248 1423 288 1453 ὅτι
315 1417 518 1463 Ἐκινδόνευσα,
547 1417 606 1455 ἄλλ’
635 1427 781 1467 ὑφειμένως
808 1428 845 1467 τῷ

37 1467 161 1506 ὀνόματι
184 1470 231 1496 τοῦ
252 1467 334 1498 κόπου
354 1468 385 1498 τὸ
406 1471 487 1500 αὑτοῦ
514 1470 646 1508 ἐγκώμιον
661 1471 843 1510 ὑποτεμνόμε-

899 885 991 913 verbis
1007 885 1063 913 suis
1084 884 1166 913 ﬁdem
1192 884 1329 914 conciliet.
1350 885 1402 921 Qui
1421 884 1496 912 enim
1515 892 1607 912 revera
1632 892 1695 912 suas

900 929 1084 958 contumelias
1100 929 1216 966 profert,
1231 929 1306 958 haud
1319 937 1385 958 sane
1400 929 1480 958 alteri
1494 928 1595 958 frustra
1608 928 1693 965 grati-

900 974 1039 1002 ﬁcabitur.

936 1020 1028 1047 Vsus.
1045 1022 1088 1047 10.
1107 1028 1121 1045 α
1131 1018 1224 1047 Gratia
1231 1023 1325 1047 autem
1340 1018 1393 1047 Dei
1401 1018 1498 1047 sumid
1506 1017 1580 1054 quod
1591 1026 1666 1047 sum.
1680 1030 1693 1042 ι

901 1063 1031 1092 Defectus
1044 1072 1109 1092 suos
1128 1064 1178 1092 sibi
1187 1063 1236 1100 ipsi
1250 1063 1383 1100 imputat;
1400 1063 1513 1092 virtutes
1524 1067 1619 1092 autem
1631 1071 1696 1100 gra-

900 1109 946 1137 tiae
962 1109 1011 1136 Dei
1027 1108 1109 1137 refert
1122 1112 1258 1145 acceptas.

938 1165 951 1177 ι
972 1154 1007 1181 Et
1025 1154 1109 1190 gratia
1132 1153 1218 1189 ipsius
1242 1154 1269 1181 in
1287 1161 1333 1181 me
1358 1161 1416 1181 non
1437 1152 1492 1181 fuit
1518 1153 1617 1188 inanis,
1647 1153 1695 1182 sed

900 1197 1082 1226 abundantius
1097 1198 1224 1226 omnibus
1238 1197 1304 1234 ipsis
1321 1197 1451 1225 laboravi.
1462 1208 1476 1224 »
1492 1199 1560 1226 Haec
1575 1206 1694 1235 quoque:

900 1250 964 1270 cum
976 1242 1160 1271 submissione
1172 1242 1250 1270 dixit.
1263 1243 1327 1270 Non
1339 1242 1412 1270 enim
1423 1241 1491 1270 dixit
1503 1251 1511 1270 :
1528 1243 1597 1278 Quae
1612 1242 1694 1279 digna

899 1291 965 1316 sunt
973 1287 1061 1323 gratia
1072 1287 1192 1323 transegi
1209 1297 1215 1316 :
1233 1295 1339 1320 verum,
1355 1288 1418 1315 Non
1431 1295 1509 1321 vana,
1524 1287 1621 1323 inquit,
1634 1295 1694 1324 gra—

900 1332 939 1360 tia
955 1331 1005 1360 Dei
1020 1332 1048 1359 in
1063 1339 1108 1360 me
1122 1331 1231 1360 inventa
1246 1335 1296 1360 est.
1313 1331 1480 1367 Quomodo?
1493 1334 1534 1360 Eo
1548 1332 1622 1368 quod
1635 1333 1695 1368 plus

900 1385 983 1413 quam
995 1384 1094 1405 omnes
1108 1377 1224 1412 apostoli
1245 1377 1372 1405 laboravi.
1387 1378 1444 1405 Nec
1455 1377 1525 1406 dixit
1539 1386 1546 1405 :
1562 1376 1695 1406 Periculis

900 1421 1036 1450 obnoxius
1051 1421 1088 1449 fui
1101 1432 1109 1457 ;
1124 1421 1174 1450 sed
1192 1421 1329 1450 submisse
1345 1421 1470 1457 loquens,
1490 1422 1591 1450 laboris
1610 1429 1693 1450 voca-

900 1466 966 1494 bulo
978 1474 1044 1494 usus
1057 1470 1109 1500 est,
1125 1471 1155 1494 ut
1170 1466 1278 1494 laudem
1292 1474 1372 1494 suam
1382 1466 1544 1495 succideret.
1557 1467 1694 1496 Caeterum

36 1524 96 1546 νος.
122 1511 177 1541 Διὰ
192 1512 219 1541 δὲ
235 1513 265 1542 τὸ
284 1512 432 1547 ἀξιόπιστον
449 1517 575 1556 φανῆναι,
591 1519 676 1546 ταῦτα
695 1509 756 1556 περὶ
777 1518 843 1545 ἕαυ-
860 1509 881 1542 C

941 1511 994 1538 fide
1007 1511 1107 1547 dignus
1123 1511 1304 1556 judicaretur,
1320 1511 1377 1539 haec
1402 1511 1542 1556 deseipso
1565 1519 1693 1540 comme-

36 1560 90 1587 τοῦ
112 1556 197 1595 λέγει.
213 1559 261 1586 Δεῖ
276 1557 328 1597 γὰρ
343 1558 387 1588 τὸν
411 1558 570 1589 διδάσκαλον
593 1559 743 1593 ἀξιόπιστον
764 1556 841 1590 εἶναι.

87 1612 104 1631 α
126 1601 188 1631 Οὖκ
213 1601 266 1641 ἐγὼ
287 1602 333 1641 δὲ,
359 1603 419 1632 ἀλλ’
437 1607 454 1640 ἡ
478 1604 557 1644 χάρις
581 1606 627 1634 τοῦ
656 1606 727 1635 Θεοῦ
752 1608 769 1642 ἡ
797 1605 844 1635 σὺν

36 1646 115 1684 ἐμοί.
135 1658 149 1672 ιι
164 1647 218 1676 Καὶ
243 1647 274 1676 τὸ
287 1647 417 1677 κοπιάσαι
437 1648 463 1678 δὲ
488 1649 552 1679 αὐτὸ
572 1651 618 1685 τῆς
633 1651 679 1679 τοῦ
701 1650 771 1680 Θεοῦ
793 1650 844 1690 χά-

40 1690 116 1731 ριτός
132 1691 284 1732 ἐστιν,γοῦκ
297 1692 362 1729 ἐμὸν
383 1692 558 1732 κατόρθωμα.

88 1746 106 1764 α
123 1735 190 1766 Εἴτε
211 1731 255 1764 οὖν
269 1736 339 1775 ἐγὼ,
363 1737 415 1766 εἴτε
431 1738 542 1774 ἐκεῖνοι,
567 1738 636 1768 οὕτω
658 1739 844 1778 κηρύσσομεν,

39 1779 90 1809 καὶ
111 1779 196 1813 οὕτως
211 1780 394 1812 ἐπιστεύσατε.
414 1793 428 1811 n
449 1782 513 1812 Εἴτε
529 1782 582 1822 ἐγὼ
603 1783 734 1813 ἐκοπίασα
749 1783 845 1820 πλέον,

39 1823 96 1853 εἴτε
114 1824 223 1860 ἐκεῖνοι,
245 1824 307 1865 περὶ
325 1828 388 1864 γοῦν
395 1826 420 1845 ⁸9
441 1827 472 1856 τὸ
486 1827 623 1868 ᾲκήρυγμα
639 1829 844 1868 ὁμοφωνοῦμεν,

41 1868 145 1909 φησὶν,
176 1868 299 1903 ἅπαντες.
331 1870 386 1900 Καὶ
407 1871 455 1900 οὗιι
476 1866 576 1908 εἶπεν,
594 1873 628 1902 Εἰ
652 1866 701 1909 μὴ.
715 1873 775 1911 ἐμοὶ
797 1884 847 1902 πι-

41 1913 206 1950 στεύει-επ,
235 1914 343 1948 ἐκείνοις
375 1915 518 1953 πείσθητι·
546 1915 697 1952 ἐξηυτέλισε
725 1916 777 1958 γὰρ
811 1916 844 1946 ἂν

42 1958 159 1994 ἑαυτὸν,
185 1958 230 1987 καὶ
253 1960 300 1988 οὐκ
324 1959 475 1993 ἀξιόπιστον
501 1960 624 2000 μάρτυρα
647 1963 694 1997 τῆς
719 1961 844 1998 ἀληθείας

43 2003 190 2032 ἀπεδείκνυ
204 2015 210 2021 ·
226 2003 295 2033 ἀλλὰ
312 2004 356 2034 καὶ
374 2004 451 2038 αὐτὸς
465 2007 525 2034 καθ’
545 2006 635 2035 ἑαυτὸν
657 2007 746 2045 ἀρκεῖν
761 2017 843 2047 φησι,

43 2047 89 2076 καὶ
115 2047 230 2080 ἐκείνους
253 2050 314 2078 καθ’
338 2048 448 2083 ἑαυτοὺς
473 2049 613 2090 αὐτάρκεις
636 2045 714 2081 εἶναι.
733 2045 787 2081 Καὶ
808 2053 845 2090 τῷ

43 2093 129 2121 εἰπεῖν
145 2091 173 2120 δὲ
187 2115 194 2127 ,
223 2103 237 2121 α
260 2093 438 2132 Κηρύσσομεν
448 2117 456 2130 ,
472 2107 483 2120 ιο
499 2093 529 2124 τὸ
550 2091 646 2131 ἀληθές
669 2097 721 2124 τῶν
735 2095 846 2134 λεγομέ-

44 2147 96 2165 νων
128 2137 259 2176 ἕμφαίνει.
292 2139 334 2168 Οὖ
362 2137 414 2178 γὰρ
441 2139 468 2167 ἐν
497 2139 664 2180 παραϐύστῳ
694 2141 846 2178 λαλοῦμεν,

898 1560 999 1584 morat.
1014 1556 1130 1592 Oportet
1146 1556 1221 1583 enim
1243 1555 1388 1584 doctorem
1411 1555 1466 1584 ﬁde
1484 1555 1596 1591 dignum
1621 1563 1691 1584 esse.

937 1612 949 1625 ι
964 1601 1024 1628 Non
1040 1608 1090 1636 ego
1102 1605 1208 1635 autem,
1221 1600 1270 1628 sed
1280 1600 1368 1636 gratia
1386 1600 1438 1628 Dei
1452 1608 1572 1628 mecum.
1593 1612 1606 1625 1
1617 1600 1692 1637 Quin

899 1649 926 1673 et
938 1645 1030 1681 ipsum
1043 1645 1181 1680 laborare,
1194 1644 1292 1680 gratia:
1306 1645 1357 1674 Dei
1374 1649 1425 1679 est,
1440 1652 1496 1673 non
1506 1652 1600 1673 meum
1607 1652 1687 1681 opus.

934 1741 1024 1767 Vnus.
1044 1742 1087 1767 ll.
1111 1751 1123 1763 ι
1140 1739 1200 1767 Sive
1220 1739 1303 1775 igitur
1325 1747 1388 1776 ego,
1412 1739 1469 1768 sive
1489 1739 1539 1775 illi,
1559 1740 1598 1768 sic
1621 1747 1692 1776 prae-

899 1783 1034 1817 dicamus,
1046 1787 1073 1811 et
1096 1783 1135 1811 sic
1155 1783 1316 1812 credidistis.
1341 1795 1353 1808 ι·
1373 1784 1434 1812 Sive
1459 1792 1510 1820 ego
1529 1784 1591 1820 plus
1618 1784 1694 1812 labo-

900 1828 968 1862 ravi,
992 1828 1048 1856 sive
1072 1827 1112 1855 illi
1125 1828 1197 1856 circa
1220 1827 1443 1863 praedicationem
1469 1832 1562 1856 tamen
1589 1836 1695 1861 omnes,

901 1873 1002 1908 inquit,
1017 1880 1112 1900 sumus
1127 1871 1288 1900 concordes.
1310 1873 1367 1899 Nec
1392 1872 1462 1900 dixit
1481 1881 1488 1900 :
1509 1873 1537 1901 Si
1555 1871 1623 1900 mihi
1638 1881 1693 1901 non

899 1917 1035 1946 adhibetis
1046 1916 1139 1950 ﬁdem,
1150 1916 1202 1944 illis
1215 1916 1402 1952 obtemperate
1417 1925 1424 1944 :
1438 1916 1473 1944 ita
1483 1917 1558 1944 enim
1570 1917 1692 1953 seipsuln

899 1961 972 1999 parvi
985 1961 1104 1995 fecisset,
1120 1966 1148 1989 et
1165 1969 1214 1998 pro
1229 1961 1341 1989 veritate
1354 1964 1452 1989 testem
1467 1969 1565 1997 parum
1581 1961 1691 1990 ﬁdelem

899 2005 1066 2034 ostendisset
1080 2014 1088 2034 :
1103 2005 1152 2034 sed
1165 2009 1193 2033 et
1202 2005 1258 2041 ipse
1280 2013 1329 2041 per
1342 2013 1371 2034 se
1384 2004 1509 2034 sufﬁcere
1521 2006 1572 2040 ait,
1587 2010 1614 2033 et
1631 2005 1691 2035 illos

899 2058 948 2087 per
961 2058 990 2078 se
1003 2050 1111 2078 abunde
1133 2049 1198 2078 satis
1211 2049 1358 2078 instructos
1375 2058 1444 2078 esse.
1463 2050 1533 2078 Cum
1547 2054 1641 2078 autem
1655 2049 1695 2078 ait

903 2108 915 2120 ιι
931 2095 1125 2129 Prmdicamus,
1155 2106 1168 2120 ι
1195 2095 1337 2123 veritatem
1360 2103 1457 2123 eorum
1476 2102 1538 2131 qua;
1554 2095 1693 2128 dicuntur,

899 2141 997 2169 innuit.
1013 2141 1078 2169 Non
1090 2141 1164 2168 enim
1175 2140 1202 2168 in
1216 2139 1377 2168 abscondito
1398 2140 1550 2176 loquimur,
1572 2139 1620 2168 sed
1644 2148 1694 2176 pa-

45 2180 116 2210 ἀλλόι
145 2182 281 2221 φανερῶς
296 2181 343 2211 καὶ
367 2184 396 2212 οὐ
410 2182 485 2220 ποτὲ,
505 2183 575 2213 ἀλλὰ
597 2184 642 2213 καὶ
665 2187 722 2214 νῦν.
750 2196 764 2213 ε
788 2186 842 2215 Καὶ
860 2188 881 2220 Ι]

935 2193 954 2213 n
971 2195 979 2213 :
995 2189 1023 2213 et
1039 2193 1096 2213 non
1111 2184 1268 2221 aliquando,
1283 2184 1331 2212 sed
1349 2189 1378 2213 et
1392 2192 1474 2213 nunc.
1492 2194 1508 2211 α
1519 2185 1554 2212 Et
1574 2185 1614 2213 sic
1634 2193 1694 2213 cre-

45 2224 130 2259 οὕτως
155 2225 340 2257 ἐπιστεύσατε.
367 2238 380 2256 ι
413 2228 473 2257 Οὐκ
497 2223 554 2257 εἶπε
581 2228 625 2265 δὲ,
650 2228 690 2259 ὅτι
715 2230 771 2260 Νῦν
799 2241 844 2258 πι-

47 2270 170 2305 στεύετε,
192 2271 257 2300 διότι
281 2271 452 2302 ἐσαλεύοντο.
473 2272 551 2302 Μετᾶ
569 2274 621 2302 τῶν
643 2273 731 2302 ἄλλων
754 2273 782 2303 δὲ
797 2274 843 2303 καὶ

46 2313 93 2349 τὴν
108 2315 198 2344 αὐτῶν
212 2315 301 2344 πίστιν
318 2316 439 2356 μάρτυρα
454 2318 530 2346 καλεῖ
540 2316 562 2335 ⁵⁸
581 2319 628 2352 τῆς
649 2318 784 2354 ἀληθείας.
802 2319 843 2349 Οὖ

47 2358 98 2398 γὰρ
113 2359 146 2388 ἂν
169 2359 280 2396 ἅπλῶς,
296 2362 374 2400 φησὶν
385 2385 393 2399 ,
412 2362 584 2391 ἐπιστεύσατε
607 2362 692 2401 λόγοις
716 2363 844 2436 ἐξωσμέ-

48 2415 97 2436 νοις
113 2404 160 2434 καὶ
184 2405 347 2436 ἀπατηλοῖς.
363 2407 385 2436 εἷ
408 2405 445 2436 μὴ
461 2406 599 2436 ἐπείσθητε
614 2407 700 2436 ἀληθῆ
719 2418 730 2436 ε
743 2419 786 2436 ναι
810 2407 844 2436 τὰ

48 2415 97 2436 νοις
113 2404 160 2434 καὶ
184 2405 347 2443 ἀπατηλοῖς,
363 2407 385 2436 εἷ
408 2405 445 2445 μὴ
461 2406 599 2443 ἐπείσθητε
614 2407 700 2444 ἀληθῆ
719 2404 786 2437 εἶναι
810 2407 844 2437 τὰ

49 2448 235 2488 κηρυσσόμενα
240 2474 246 2479 .

91 2504 106 2522 α
130 2494 162 2524 Εἰ
174 2494 201 2523 δὲ
220 2494 336 2534 Χριστὸς
357 2495 538 2536 κηρύσσεται,
554 2495 595 2526 ὅτι
615 2496 645 2525 ἐκ
667 2498 764 2535 νεκρῶν
779 2496 843 2535 ἐγή-

51 2548 158 2578 γερται,
182 2540 238 2572 πῶς
262 2538 370 2578 λέγουσί
391 2552 461 2574 τινες
485 2541 512 2570 ἐν
535 2542 615 2579 ὗμῖν,
638 2540 679 2570 ὅτι
701 2541 845 2575 ἀνάστασις

51 2585 146 2621 νεκρῶν
157 2583 183 2603 ⁵³
206 2585 254 2613 οὔκ
273 2583 362 2622 ἔστιν;
382 2598 394 2612 ν
417 2583 530 2625 Ἀριστα
551 2585 743 2625 συλλογίζεται.
770 2585 846 2616 Ἀπο-

53 2625 133 2662 δείξας
153 2628 205 2669 γὰρ
228 2628 375 2668 πρότερον,
399 2628 440 2659 ὅτι
472 2630 587 2669 Χριστὸς
615 2630 772 2670 ἐγήγερται,
799 2630 846 2660 καὶ

52 2670 89 2699 ὅτι
110 2671 180 2702 οὕτω
203 2673 367 2712 κηρύσσεται
390 2674 454 2715 παρ’
480 2675 559 2705 αὐτοῦ
585 2675 632 2705 καὶ
651 2676 704 2705 τῶν
729 2675 846 2705 ἀποστό-

898 2229 1014 2258 didistis.
1040 2238 1055 2256 ιι
1073 2230 1135 2258 Non
1151 2228 1234 2263 dixit,
1249 2230 1328 2257 Nunc
1344 2229 1465 2264 creditis,
1483 2229 1616 2265 quoniam
1632 2229 1693 2265 jam

899 2274 1071 2302 vacillabaut.
1086 2274 1158 2302 Cum
1172 2273 1231 2302 aliis
1250 2277 1343 2302 autem
1357 2278 1384 2302 et
1396 2274 1520 2310 ipsorum
1533 2274 1627 2309 ﬁdem,
1646 2282 1693 2302 ve-

898 2319 988 2347 ritatis
999 2323 1100 2346 testem
1116 2323 1203 2346 voeat.
1220 2319 1283 2346 Non
1297 2318 1369 2346 enim
1385 2318 1545 2354 simpliciter
1564 2318 1696 2347 credidis-

898 2364 977 2398 setis,
1000 2364 1099 2400 inquit,
1124 2363 1297 2392 sermonibus
1321 2363 1392 2391 ﬁctis
1410 2368 1440 2391 et
1461 2363 1614 2399 fallacibus,
1641 2364 1696 2392 nisi

899 2409 1023 2445 persuasi
1036 2408 1129 2437 essetis
1143 2416 1205 2437 vera
1223 2415 1282 2436 esse
1296 2415 1359 2445 qua
1373 2408 1451 2437 vobis
1462 2409 1694 2445 praedicabantur.

935 2499 1024 2527 Vsus.
1050 2501 1094 2526 12.
1111 2509 1125 2523 ι
1151 2498 1179 2526 Si
1193 2502 1286 2526 autem
1309 2498 1436 2527 Christus
1450 2498 1600 2535 paadicatur
1620 2499 1694 2535 quod

902 2544 1048 2572 resurrexit
1062 2550 1078 2571 a
1092 2543 1220 2577 mortuis,
1233 2543 1374 2580 quomodo
1388 2543 1484 2572 dicunt
1496 2544 1606 2580 quidam
1624 2544 1695 2572 inter

902 2596 952 2616 vos
966 2588 1042 2624 quod
1059 2587 1225 2616 resurrectio
1237 2596 1294 2616 non
1309 2591 1370 2617 est?
1388 2599 1401 2613 ιι
1424 2588 1535 2624 Optime
1544 2588 1691 2616 ratiocina-

901 2636 957 2660 tur.
971 2634 1169 2661 Demonstrato
1183 2633 1257 2661 enim
1276 2633 1395 2668 primum
1409 2633 1484 2668 quod
1504 2632 1628 2661 Christus
1650 2640 1695 2660 re-

903 2677 1035 2710 surrexit,
1058 2681 1086 2706 et
1109 2677 1184 2714 quod
1200 2678 1240 2706 sic
1262 2677 1426 2713 praedicatur
1438 2685 1452 2705 a
1469 2684 1498 2706 se
1510 2681 1539 2705 et
1550 2676 1683 2713 apostolis

746 2720 841 2749 Varia:
862 2719 1015 2749 lectiones.

86 2760 108 2801 ξθ
133 2761 307 2798 ἑϐδομήκοντα
333 2772 362 2800 ο,
401 2764 423 2782 ⁴¹¹
453 2764 554 2801 ὕστερος
581 2772 609 2793 o.
646 2764 669 2781 ⁴⁸
695 2765 749 2791 καθ’
765 2763 915 2801 ⁸ὑπερϐολὴν
944 2771 969 2792 0.
1009 2763 1030 2781 ‘9
1054 2762 1098 2800 μὲν
1118 2771 1144 2792 ο.
1183 2763 1205 2780 ¹⁰
1229 2762 1384 2790 ἀπιστεῦσιτε
1409 2771 1434 2790 9.
1475 2763 1494 2779 δ’
1526 2762 1639 2789 καλεῖται
1667 2770 1692 2789 0.

55 2799 75 2816 “
89 2800 114 2828 ἐκ
125 2805 214 2839 νεκρῶν
225 2812 266 2832 In.
