1867 3081
202 131 253 157 759

708 129 964 157 THEOPHYLACTI
983 129 1160 158 BULGARle
1177 128 1334 156 ARCHIEP.
1793 130 1833 156 760

200 193 235 221 ab
247 191 329 229 hujus
341 191 503 220 excitatione
529 199 707 220 communem
720 191 846 220 omnium
879 199 981 220 resurrc

1085 203 1110 220 uv
1122 203 1129 210 -
1152 192 1181 220 ἐκ
1204 193 1252 227 τῆς
1270 191 1364 221 τούτου
1385 190 1512 231 ἐγέρσεως
1530 189 1577 220 καὶ
1596 190 1643 228 τὴν
1664 189 1757 226 κοινὴν
1777 191 1834 220 ἀνά-

200 237 319 266 ctionem
335 236 491 271 conﬁrmat,
518 244 568 265 ceu
591 237 696 273 reliquo
710 244 825 272 corpore
848 241 931 272 caput
952 245 993 265 se-

201 285 313 320 quente.
334 283 397 310 Non
409 285 502 310 autem
524 286 620 310 contra
633 289 731 310 omnes
752 281 868 310 intendit
881 289 994 310 accusa-

201 328 320 361 tionem,
335 335 370 355 ne
381 326 594 362 impudentiores
609 325 691 354 faciat
705 335 713 354 :
726 325 785 360 sed,
804 337 816 350 ιι
832 325 961 361 Quidam,
981 339 992 351 ιο

200 372 299 408 inquit,
317 383 329 396 ι
343 371 448 400 dicunt.
466 382 479 395 ι

238 417 324 453 219
335 418 426 445 Vsus.
454 419 497 444 13.
514 427 527 440 σι
547 415 576 444 Si
589 420 683 444 autem
692 415 856 444 resurrectio
872 420 993 444 mortuo-

203 469 267 490 rum
279 468 337 489 non
353 464 405 495 est,
428 468 518 496 neque
532 460 658 489 Christus
684 460 841 488 resurrexit.
868 471 881 484 »
898 461 938 488 Ne
952 460 990 488 div

200 510 274 539 cant,
290 505 414 534 Christus
428 505 560 533 excitatus
587 510 636 540 est,
657 505 706 533 sed
729 512 785 532 non
808 504 870 532 ideo
885 505 995 532 univer-

199 551 265 580 salis
288 549 340 578 erit
354 550 519 578 resurrectio
544 559 551 577 :
576 549 722 578 conﬁrmat
748 549 813 584 hoc,
842 549 992 585 inquiens:

201 607 215 621 α
240 596 338 631 Neque
353 594 478 623 Christus
492 594 626 622 excitatus
643 598 694 628 est,
720 594 742 622 si
756 598 929 622 mortuorum
950 602 991 622 re-

200 640 333 668 surrectio
346 647 403 668 non
420 643 470 667 est.
487 650 501 664 ι
527 640 684 675 Utrumque
698 639 771 667 enim
786 639 930 675 utriusque
953 643 994 666 est

200 684 383 714 conﬁrmatio.
407 684 491 721 Cujus
518 684 591 712 enim
606 684 692 720 gratia
716 684 920 717 resurrexisset,
941 684 993 712 nisi

199 730 325 758 futurum
340 733 409 764 erat,
420 733 452 757 ut
461 733 534 757 esset
549 729 680 764 primitias
694 729 798 757 nostri?

234 776 322 803 Vsns.
340 777 384 803 14.
408 785 421 799 ι
450 774 475 802 Si
497 778 590 802 autem
613 773 738 802 Christus
752 781 809 802 non
834 773 992 808 resurrexit,

200 820 291 848 inanis
309 823 351 847 est
365 818 523 855 praedicatio
534 822 638 853 nostra,
653 818 746 846 inanis
764 822 805 846 est
816 818 900 846 etiam
923 817 993 846 ﬁdes

1051 248 1143 266 στασιν
1171 236 1380 273 κατασκευάζει,
1403 237 1439 270 ὥς
1460 235 1591 273 ἑπομένου
1673 236 1774 276 κεφαλῇ
1796 237 1832 265 καὶ

1050 285 1094 311 τοῦ
1119 281 1213 310 λοιποῦ
1236 281 1369 319 σώματος,
1393 280 1435 310 Οὐ
1459 279 1529 309 κατὰ
1551 279 1658 310 πάντων
1683 279 1711 309 δὲ
1734 281 1832 310 ποιεῖται

1049 327 1097 362 τὴν
1121 325 1304 365 κατηγορίαν,
1320 324 1365 354 ἵνα
1392 324 1429 363 μὴ
1454 324 1708 364 ἀναισχυντοτέρους
1728 325 1831 366 ποιήσῃ-

1050 370 1134 408 ἇλλὰ,
1154 384 1166 396 ιι
1183 370 1260 404 Τινὲς
1271 392 1279 406 ,
1296 382 1310 397 ν
1328 369 1409 410 φησὶ,
1427 383 1440 395 ‹‹
1457 369 1575 409 λέγουσι.
1587 381 1603 397 n

1095 426 1108 444 (ι
1128 415 1162 445 Εἰ
1177 413 1205 445 δὲ
1221 414 1365 447 ἀνάστασις
1379 416 1479 455 νεκρῶν
1493 416 1542 444 οὒκ
1555 412 1642 450 ἔστιν,
1657 414 1717 443 οὐδὲ
1731 414 1830 453 Χριστὸς

1049 460 1199 500 ἐγήγερται.
1221 472 1233 486 ι
1249 458 1310 490 Ἵνα
1331 458 1368 498 μὴ
1390 458 1522 499 λέγωσιν,
1538 458 1577 487 ὅτι
1600 457 1635 489 “Ο
1659 458 1708 497 μὲν
1731 459 1829 498 Χριστὸς

1049 504 1206 544 ἐγήγερται,
1227 504 1256 533 οὔ
1286 502 1338 542 μὴν
1362 503 1437 533 ἔσται
1460 502 1589 538 καθολικὴ
1613 502 1773 536 ἀνάστασιςι
1788 515 1827 532 χι-

1048 549 1204 583 τασκευάζει
1226 551 1321 585 τοῦτο,
1341 547 1389 578 καί
1414 560 1492 588 φησιν
1506 560 1513 566 ·
1536 559 1550 577 ιι
1572 548 1606 578 Εἰ
1627 547 1768 581 ἀνάστασις
1790 549 1828 577 οὐκ

1049 592 1134 631 ἔστιν,
1154 592 1214 622 οὐδὲ
1230 592 1344 632 Χριστὸς
1360 592 1502 632 ἐγήγερται
1513 604 1520 611 ·
1535 604 1551 620 ι
1574 592 1700 631 ἑκάτερον
1716 591 1764 632 γὰρ
1777 593 1828 621 ἑκα-

1047 638 1123 676 τέρου
1147 637 1402 669 κατασκευαστικόν.
1431 636 1511 671 Τίνος
1539 636 1592 677 γὰρ
1615 636 1704 665 ἕνεκεν
1729 637 1826 673 ἀνέστη,

1047 683 1068 712 εἰ
1087 681 1124 722 μὴ
1145 682 1252 721 ἔμελλεν
1269 683 1344 721 ἡμῶν
1360 681 1472 723 ἀπαρχὴ
1492 676 1560 712 εἶναι

1090 783 1106 800 α
1127 773 1161 803 Εἰ
1186 772 1215 803 δὲ
1242 772 1357 813 Χριστὸς
1380 773 1429 802 οὔκ
1454 771 1609 812 ἐγήγερται,
1636 771 1713 802 κενὸν
1737 772 1784 812 ἄρα
1803 773 1827 802 τὸ

1049 816 1175 857 κήρυγμα
1198 819 1294 856 ἡμῶν,
1314 817 1377 853 κενὴ
1403 817 1489 857 ἄρα⁵³
1514 820 1531 854 ἡ
1555 816 1645 850 πίστις
1671 818 1752 855 ὑμῶν.
1771 830 1782 843 ιι
1800 818 1827 847 Εἰ

198 868 297 892 vestra.
316 873 331 891 »
355 863 383 892 Si
403 863 476 892 enim
497 867 623 891 mortuus
646 871 704 891 non
730 862 818 898 potuit
840 870 979 899 resurgere

1085 874 1097 902 ρ
1114 861 1254 892 ἀποθανὼν
1269 863 1316 892 οὐκ
1331 863 1438 902 ἴσχυσεν
1458 863 1620 899 ἀναστῆναι,
1636 860 1700 891 οὗτε
1717 864 1734 897 ἡ
1755 863 1827 902 ἆμαρ-

198 917 288 945 neque
301 912 445 945 peccatum
458 907 597 936 sublatum
615 912 666 941 est,
685 915 775 944 neque
788 915 864 936 mors
885 908 991 936 sublata

197 958 239 982 est
255 965 261 983 :
277 962 309 982 ac
331 953 462 990 deinceps
482 961 553 981 vana
574 952 784 989 praedioavimus
811 961 874 988 nos,
889 961 990 990 vosque

196 1006 265 1026 vana
280 997 446 1026 credidistis.

231 1045 323 1073 Vnus.
343 1045 384 1071 l5.
401 1054 414 1068 α
426 1043 585 1071 Invenimur
598 1046 692 1071 autem
704 1047 732 1070 et
751 1042 813 1070 falsi
827 1046 911 1070 testes
925 1042 990 1076 Dei,

196 1088 327 1125 quoniam
338 1087 371 1116 de
385 1095 417 1116 eo
430 1087 564 1115 testiﬁcati
579 1095 685 1123 sumus,
695 1087 767 1124 quod
776 1087 900 1115 excitarit
915 1086 990 1115 Chri-

195 1137 281 1168 stum,
302 1140 384 1169 quem
398 1140 456 1160 non
472 1132 611 1166 excitavit,
635 1132 656 1160 si
670 1132 782 1168 quidem
810 1132 911 1159 mortui
934 1139 991 1159 non

194 1181 350 1214 resurgunt.
375 1189 388 1202 ι
416 1177 508 1213 lmpii,
537 1177 638 1213 inquit,
662 1177 830 1212 invenimur,
856 1176 989 1212 quoniam

195 1223 354 1252 calumniati
374 1230 472 1251 sumus
499 1223 603 1257 Deum,
627 1221 700 1258 quod
716 1222 885 1256 excitaverit,
907 1229 989 1257 quem

193 1276 250 1296 non
260 1267 396 1296 excitarit.
413 1268 473 1295 Hoc
488 1271 582 1295 autem
597 1267 745 1303 contingit,
760 1267 782 1294 si
804 1266 909 1294 mortui
932 1274 988 1293 nou

194 1317 352 1348 resurgunt.
369 1312 505 1348 Quocirca
519 1320 584 1340 cum
599 1311 749 1340 absurdum
761 1311 824 1339 inde
837 1311 988 1346 colligatur,

193 1365 282 1394 neque
294 1357 362 1385 illud
371 1361 412 1385 est
425 1356 606 1391 credendum,
621 1360 748 1385 mortuos
762 1363 865 1392 nempe
877 1363 934 1383 non
947 1363 989 1382 re-

193 1409 314 1430 SUI'ZCI‘O.

228 1410 240 1430 r
258 1409 314 1430 ere.

228 1409 320 1475 Vgnns.
338 1448 383 1480 16,
401 1448 445 1475 17.
463 1457 477 1470 ι
492 1446 564 1473 Nam
579 1445 603 1473 si
617 1445 722 1473 mortui
749 1452 806 1472 non
827 1448 987 1480 resurgunt,

191 1499 280 1528 neque
307 1491 434 1520 Christus
458 1490 615 1519 resurrexit.
637 1489 719 1525 Quod
745 1490 766 1517 si
786 1489 910 1516 Christus
934 1496 988 1516 non

1045 906 1089 936 τία
1109 906 1256 947 ἀνῄρηται,
1270 906 1329 936 οὔτε
1344 908 1358 935 ὁ
1372 906 1483 940 Θάνατος
1502 906 1654 946 καθῄρηται
1664 918 1671 925 '
1685 906 1731 935 καὶ
1743 906 1827 943 λοιπὸν⁷

1044 951 1109 981 κενὰ
1130 951 1293 992 ἐκηρύξαμεν
1315 951 1408 990 ἡμεῖς,
1429 950 1475 981 καὶ
1499 952 1573 990 ὗμεῖς
1592 952 1620 981 δὲ
1645 951 1710 980 κενὰ
1724 952 1828 981 ἐπιστεύ-

1045 1008 1121 1027 σατε.

1090 1052 1104 1070 (ι
1126 1041 1312 1081 Εὑρισκόμεθα
1333 1041 1361 1070 δὲ
1381 1041 1428 1071 καὶ
1445 1040 1663 1082 ψευδομάρτυρες
1686 1043 1732 1070 τοῦ
1753 1041 1824 1077 Θεοῦ,

1044 1087 1084 1116 ὅτι
1098 1086 1323 1125 ἐμαρτυρήσαμεν
1342 1087 1403 1115 κατ’
1420 1087 1517 1122 αὖτοῧ,
1541 1085 1582 1115 ὅτι
1601 1085 1695 1126 ἤγειρε
1713 1085 1755 1115 τὸν
1768 1086 1825 1126 Χρι-

1043 1130 1123 1160 στόν
1149 1130 1177 1159 ὃν
1198 1132 1244 1160 οὐκ
1267 1130 1391 1170 ἤγειρεν,
1419 1131 1492 1170 εἴπερ
1517 1130 1570 1170 ἄρα
1589 1130 1681 1170 νεκροὶ
1704 1132 1749 1160 οὐκ
1771 1130 1825 1169 ἐγεί-

1045 1187 1142 1214 ρονται.
1168 1187 1183 1204 ι)
1198 1175 1330 1213 Ἀνόσιοι,
1355 1175 1451 1216 φησὶν,
1471 1175 1666 1215 εὑρισκόμεθα,
1685 1174 1725 1204 δτι
1747 1176 1826 1205 Equita-

1043 1219 1215 1260 φαντήσαμεν
1225 1220 1269 1249 τὸν
1283 1219 1352 1250 Θεὸν
1364 1244 1370 1255 ,
1384 1219 1425 1249 ὅτι
1436 1220 1538 1260 ἤγειρε.
1550 1219 1639 1250 Τοῦτο
1652 1220 1680 1250 δὲ
1691 1219 1825 1257 συμϐαίνει,

1043 1263 1116 1303 εἴπερ
1145 1265 1230 1304 νεκροὶ
1259 1266 1307 1294 οὐκ
1329 1264 1484 1305 ἐγείρονται,
1504 1262 1589 1294 Ὥστε
1614 1265 1676 1294 ἐπεὶ
1693 1264 1784 1294 ἄτοπον
1803 1263 1826 1292 τὸ

1043 1310 1189 1347 συμϐαῖνον
1200 1331 1208 1345 ,
1226 1309 1286 1339 οὐδὲ
1304 1310 1390 1339 ἐκεῖνο
1404 1309 1575 1346 πιστευτέον,
1598 1308 1663 1338 τὸξμ
1686 1308 1784 1350 νεκροὺς
1797 1308 1826 1347 μὴ

1043 1353 1189 1395 ἐγείρεσθαι
1204 1354 1318 1390 δηλαδή.

1083 1457 1094 1469 α
1118 1444 1153 1473 Εἰ
1177 1455 1227 1483 γαρ
1253 1443 1342 1484 νεκροὶ
1363 1444 1411 1473 οὔκ
1432 1443 1594 1484 ἐγείρονται,
1611 1443 1671 1474 οὐδὲ
1699 1444 1713 1473 ὁ
1726 1443 1824 1484 Χριστὸς

1042 1488 1193 1527 ἐγήγερται.
1211 1488 1246 1518 Εἰ
1269 1488 1296 1517 δὲ
1320 1490 1334 1517 ὁ
1355 1488 1470 1528 Χριστὸς
1493 1489 1540 1518 οὐκ
1563 1489 1723 1529 ἐγήγερται,
1739 1488 1824 1526 ματαία

192 1537 353 1570 resurrexit,
375 1543 447 1564 vana
469 1539 513 1563 est
536 1534 603 1563 ﬁdes
617 1538 717 1562 vestra.
736 1545 748 1558 ι
764 1535 874 1561 Rursus
889 1533 981 1561 eodem

1089 1531 1178 1566 πίστις
1206 1533 1294 1571 ὑμῶν.
1324 1544 1338 1561 ι
1370 1533 1458 1563 Πάλιν
1482 1534 1521 1573 τῷ
1545 1533 1619 1573 αὐτῷ
1650 1533 1824 1573 ἐπαγωνίζεται

191 1584 280 1608 certat
293 1583 467 1615 argumento.
488 1581 558 1607 Eam
570 1579 644 1607 enim
663 1578 701 1607 ob
717 1586 828 1606 causam
841 1578 981 1606 resurrexi1

1085 1588 1122 1617 ’ῳ.
1137 1576 1188 1606 Διὰ
1208 1576 1260 1618 γὰρ
1276 1580 1354 1607 τοῦτο
1367 1578 1480 1614 ἀνέστη,
1501 1577 1544 1607 ⁸ἵνα
1559 1578 1704 1615 καθολικὴν
1720 1578 1823 1607 ἀνάστα-

192 1625 329 1659 Christus,
354 1629 385 1652 ut
407 1624 590 1652 universalem
614 1623 844 1651 resurrectionem
873 1622 983 1651 iaceret.

192 1670 240 1698 Sin
258 1669 420 1698 resurrectio
434 1676 493 1696 non
507 1673 558 1702 est,
577 1669 661 1704 igitur
684 1675 719 1696 ne
733 1667 791 1703 ipse
814 1667 926 1704 quidem
945 1676 986 1696 re-

190 1714 320 1743 surrexit.
341 1714 403 1742 Hoc
420 1717 516 1742 autem
534 1713 610 1747 dato,
627 1720 696 1741 vana
721 1717 762 1741 est
780 1711 849 1740 ﬁdes
877 1716 984 1741 vestra:

189 1759 264 1795 quod
277 1758 427 1787 absurdum
441 1762 492 1786 est.

226 1815 240 1828 α
254 1803 356 1832 Adhuc
373 1803 446 1832 enim
467 1803 534 1832 estis
547 1803 574 1831 in
589 1803 709 1839 peccatis
725 1802 832 1830 vestris.
845 1811 860 1829 »
871 1802 898 1830 Si
911 1802 984 1831 enim

187 1856 245 1878 non
258 1848 422 1882 resurrexit,
436 1855 526 1885 neque
549 1852 678 1876 mortuus
690 1851 733 1876 est
749 1859 756 1875 :
770 1847 794 1876 si
819 1855 882 1875 vero
910 1855 983 1876 mor-

187 1899 252 1923 tuus
265 1902 322 1923 non
342 1897 393 1929 est,
416 1901 506 1930 neque
535 1897 679 1930 peccatum
699 1892 789 1921 solvit.
807 1893 885 1921 Mors
910 1892 983 1920 enim

187 1939 273 1976 ipsius
293 1939 399 1975 peccati
420 1942 462 1967 est
484 1938 591 1967 dilutio.
614 1949 627 1962 α
646 1939 718 1965 Ecce
740 1937 826 1972 enim,
847 1949 860 1961 ι
883 1937 982 1973 inquit,

189 1993 205 2010 α
224 1991 309 2020 agnus
322 1983 385 2018 Dei,
401 1983 447 2019 qui
459 1982 529 2011 tollit
541 1986 686 2018 peccatum
707 1982 825 2010 mundi".
845 1993 858 2007 n
872 1983 982 2018 Agnum

186 2031 280 2057 autem
285 2028 399 2056 omnino
409 2031 521 2063 propter
528 2027 726 2055 mactationem
737 2026 888 2062 appellavit.
902 2027 983 2062 Quod

186 2073 208 2101 si
227 2076 374 2109 peccatum
387 2079 446 2099 non
461 2071 600 2099 sublatum
613 2075 664 2104 est,
680 2071 710 2098 in
731 2079 763 2099 eo
779 2071 843 2099 estis
858 2079 979 2106 prorsus.

187 2117 279 2152 Quare
293 2116 384 2152 itaque
399 2115 552 2144 credidistis
560 2115 634 2152 quod
646 2115 681 2143 ab
701 2123 733 2143 eo
748 2115 854 2144 liberati
868 2116 947 2144 sitis?

221 2162 312 2190 Vnns.
332 2164 376 2189 18.
394 2172 407 2185 ιι
424 2162 497 2196 Ergo
509 2165 536 2189 et
555 2160 602 2196 qui
623 2160 799 2188 dormierunt
815 2160 842 2187 in
857 2160 978 2192 Christo,

1042 1633 1082 1651 σιν
1099 1621 1211 1660 ποιήσῃ.
1226 1622 1261 1651 Εἰ
1281 1621 1309 1651 δὲ
1325 1621 1469 1656 ἀνάστασις
1483 1623 1530 1651 οὔκ
1550 1622 1632 1659 ἔστιν,
1647 1623 1699 1661 ἄρα
1712 1622 1768 1653 οὔτε
1786 1622 1823 1650 αὖ-

1040 1666 1084 1700 τὸς
1112 1666 1219 1702 ἀνέστη.
1239 1666 1341 1696 Τούτου
1368 1666 1396 1697 δὲ
1421 1666 1552 1704 δοθέντος,
1579 1668 1684 1706 ματαία
1708 1670 1725 1704 ἡ
1750 1667 1823 1698 πίστις

1041 1711 1114 1749 ὑμῶν
1124 1723 1130 1730 ·
1145 1710 1211 1750 ὅπερ
1227 1710 1335 1743 ἄτοπον.

1082 1811 1098 1828 α
1119 1800 1184 1831 Ἔτι
1199 1801 1258 1831 ἐστὲ
1281 1802 1309 1830 ἐν
1325 1803 1383 1835 ταῖς
1409 1801 1552 1841 ἁμαρτίαις
1578 1803 1665 1840 ὑμῶν.
1686 1813 1700 1831 ι)
1728 1802 1760 1832 Εἰ
1781 1800 1820 1840 γὰρ

1039 1846 1087 1875 οὒκ
1107 1845 1207 1886 ἠγέρθη
1220 1846 1263 1882 ⁵⁵,
1289 1845 1348 1875 οὐδὲ
1366 1847 1497 1876 ἀπέθανεν
1509 1858 1516 1865 ·
1531 1847 1555 1876 εἰ
1577 1846 1605 1876 δὲ
1631 1847 1679 1876 οὔκ
1694 1846 1820 1882 ἀπέθανεν,

1039 1890 1099 1920 οὐδὲ
1125 1890 1174 1926 τὴν
1200 1890 1334 1930 ἁμαρτίαν
1361 1890 1467 1920 ἔλυσεν·
1491 1893 1506 1920 ὃ
1530 1891 1582 1931 γὰρ
1608 1890 1720 1926 θάνατος
1743 1892 1820 1925 αὐτοῦ,

1039 1936 1085 1970 τῆς
1099 1934 1231 1974 ἁμαρτίας
1253 1934 1336 1968 λύσις.
1356 1947 1371 1963 α
1386 1934 1443 1965 Ἴδε
1463 1946 1477 1964 ι)
1497 1934 1558 1975 γὰρ,
1578 1936 1675 1976 φησὶν,
1699 1947 1714 1965 α
1728 1937 1742 1965 ὁ
1755 1934 1820 1974 ἀμνὸς

1038 1981 1083 2008 τοῦ
1093 1980 1175 2016 Θεοῦ,
1187 1981 1201 2009 ὃ
1211 1979 1292 2019 αἴρων
1304 1979 1352 2015 τὴν
1369 1979 1506 2020 ἁμαρτίαν
1520 1982 1566 2009 τοῦ
1583 1980 1697 2020 κόσμου.
1714 1992 1729 2009 ι
1743 1978 1819 2018 Ἀμνὸν

1039 2022 1067 2052 δὲ
1090 2023 1197 2057 πάντως
1220 2023 1263 2053 διὰ
1291 2023 1338 2059 τὴν
1368 2024 1472 2066 σφαγὴν
1500 2024 1639 2055 ἐκάλεσεν.
1673 2026 1706 2055 Εἰ
1734 2023 1758 2054 δὲ
1782 2024 1818 2053 οὐκ

1038 2067 1116 2104 ἐλύθη
1139 2070 1155 2104 ἡ
1180 2068 1315 2107 ἁμαρτία,
1339 2069 1365 2098 ἐν
1391 2070 1458 2110 αὐτῇ
1483 2070 1543 2099 ἕστε
1566 2069 1694 2103 πάντως·
1715 2069 1819 2099 καὶπῶς

1038 2113 1212 2143 ἐπιστεύσατε
1222 2136 1230 2151 ,
1243 2112 1283 2142 ὅτι
1297 2114 1496 2153 ἧλευθερώθητε
1508 2113 1625 2154 ταύτης

1077 2171 1089 2184 α
1111 2157 1177 2198 Ἄρα
1212 2157 1259 2187 καὶ
1301 2159 1325 2187 οἱ
1362 2159 1533 2196 κοιμηθέντες
1571 2161 1597 2189 ἐν
1634 2160 1740 2199 Χριστῷ
1774 2158 1816 2185 ἀπ-

185 2207 340 2243 perieruut.
358 2218 371 2231 ι
386 2206 417 2234 Id
432 2209 485 2240 est,
511 2205 557 2242 qui
582 2209 695 2241 propter
717 2205 859 2234 Christum
880 2206 980 2234 mortui

1085 2214 1146 2234 ιντο,
1163 2215 1176 2229 υ
1191 2203 1347 2241 Τουτέστιν,
1364 2205 1388 2232 οἱ
1401 2202 1445 2232 διὰ
1462 2204 1506 2233 τὸν
1521 2204 1639 2244 Χριστὸν
1662 2203 1814 2234 ἀποθανόντες

184 2255 260 2286 sunt,
271 2259 304 2280 ac
313 2251 505 2280 testimonium
513 2250 721 2287 perhibuerunt,
734 2250 882 2286 perierunt,
897 2251 981 2279 sinon

184 2301 226 2324 est
242 2296 418 2325 resurrectio.
452 2296 550 2324 Cuncti
573 2299 704 2331 praeterea
728 2295 889 2331 simpliciter
906 2295 982 2323 Chri-

183 2341 273 2374 stiani,
289 2341 336 2377 qui
354 2341 382 2368 in
396 2340 451 2369 ﬁde
477 2348 540 2377 erga
557 2340 707 2374 Christum,
737 2344 764 2368 et
784 2340 838 2368 vita
863 2345 980 2376 angusta

182 2390 210 2414 et
221 2385 323 2414 afﬂicta
334 2385 519 2420 dormierunt,
542 2385 716 2418 interierunt,
733 2385 881 2413 mundanis
902 2385 979 2413 volu-

181 2430 302 2467 ptatibus
311 2430 404 2458 orbati
419 2439 427 2458 ε
440 2437 530 2466 neque
539 2429 656 2466 posthac
668 2430 759 2465 aliquo
769 2429 844 2457 bono
855 2430 977 2465 fruituri.

181 2476 204 2504 si
216 2475 382 2504 resurrectio
395 2483 453 2504 non
469 2475 532 2503 erit.

216 2521 308 2549 Vsns.
325 2522 370 2548 19.
396 2529 411 2547 et
428 2519 454 2548 Si
476 2520 506 2547 in
527 2519 579 2547 hac
602 2519 658 2546 vita
685 2519 715 2546 in
733 2518 841 2547 Christo
870 2522 978 2547 tantum

180 2569 322 2602 sperantes
346 2572 456 2599 sumus,
492 2563 704 2592 miserabiliores
730 2571 827 2592 sumus
847 2563 977 2593 omnibus

179 2610 348 2639 hominibus.
363 2619 377 2636 η
400 2609 428 2638 Si
443 2608 477 2637 ad
498 2609 570 2637 hanc
585 2615 672 2644 usque
687 2608 771 2636 vitam
796 2612 891 2637 nostra
917 2616 977 2637 sese

214 2675 225 2694 "
244 2679 325 2706 Joan.
341 2685 364 2712 I,
380 2681 427 2706 29.

1036 2246 1082 2276 καὶ
1109 2246 1325 2288 μαρτυρήσαντες
1355 2247 1509 2285 ἀπώλοντο,
1539 2249 1563 2278 εἰ
1596 2249 1635 2286 μὴ
1663 2248 1732 2278 ἔστιν
1762 2245 1815 2275 ἀνά-

1036 2303 1126 2325 στασις
1138 2303 1145 2310 ·
1167 2292 1213 2321 καὶ
1234 2292 1330 2325 πάντες
1352 2292 1379 2322 δὲ
1399 2292 1501 2331 ἅπλῶς,
1519 2294 1543 2322 οἱ
1559 2294 1586 2322 ἐν
1594 2293 1620 2313 ⁵⁵
1636 2295 1669 2334 τῇ
1683 2292 1749 2322 κατὰ
1763 2292 1815 2330 Χρι-

1036 2335 1098 2365 στὸν
1122 2336 1220 2373 πίστει,
1245 2337 1291 2366 καὶ
1309 2337 1428 2377 διαγωγῇ
1452 2339 1486 2377 τῇ
1504 2339 1583 2377 στενῇ
1609 2338 1654 2368 καὶ
1669 2336 1812 2375 τεθλιμμένῃ

1036 2380 1204 2419 κοιμηθέντες
1241 2380 1397 2421 ἀπώλοντο,
1423 2383 1474 2411 τῶν
1502 2383 1622 2423 τερπνῶν
1655 2384 1700 2412 τοῦ
1727 2380 1811 2418 κόσμου

1035 2426 1220 2466 στερηθέντες,
1243 2425 1289 2455 καὶ
1314 2426 1382 2465 μηδὲ
1403 2426 1472 2466 μετὰ
1493 2429 1579 2456 ταῦτα
1603 2425 1740 2465 μέλλοντες
1757 2435 1811 2454 τινος

1035 2471 1134 2510 ἀγαθοῦ
1150 2472 1311 2508 ἀπολαῦσαι,
1326 2470 1400 2511 εἴπερ
1416 2471 1560 2505 ἀνάστασις
1573 2473 1621 2501 οὐκ
1633 2472 1717 2502 ἔσται.

1079 2526 1094 2543 ιι
1115 2516 1149 2545 Εἰ
1169 2516 1195 2544 ἓν
1257 2516 1312 2554 ζωῇ
1326 2514 1410 2555 ταύτῃ
1425 2517 1452 2545 ἐν
1467 2516 1578 2556 Χριστῷ
1593 2515 1671 2554 μόνον
1688 2512 1810 2552 ἠλπικότες

1032 2559 1133 2598 ἐσμὲν,
1156 2559 1325 2600 ἐλεεινότεροι
1348 2561 1455 2591 πάντων
1481 2560 1626 2601 ἀνθρώπων
1649 2559 1734 2598 ἐσμέν.
1754 2572 1765 2584 ι
1784 2557 1809 2586 Εἴ

1032 2605 1110 2645 ἄχρι,
1138 2607 1220 2646 φησὶ,
1250 2607 1296 2641 τῆς
1320 2600 1373 2635 ὧδε
1398 2607 1467 2641 ζωῆς
1492 2600 1547 2636 ἔστι
1571 2606 1606 2636 τὰ
1630 2605 1756 2645 ἡμέτερα,
1772 2600 1808 2632 καὶ

875 2717 968 2746 Varia
991 2717 1142 2747 lectiones.

212 2777 233 2794 ⁸³
253 2776 311 2811 κενὴ
326 2776 352 2804 δὲ
362 2777 405 2803 καὶ
414 2785 439 2805 o.
479 2777 501 2795 “
515 2779 559 2804 τοῦ
574 2785 600 2804 ο.
639 2776 660 2793 ⁵⁵
674 2775 806 2812 ἐγήγερται
824 2784 850 2804 ο.
889 2775 911 2792 ⁵⁵
922 2775 984 2810 αὐτῇ
998 2783 1025 2802 o.
