1867 3081
63 170 104 196 761

61 232 90 264 εἰς
102 229 192 265 ταύτην
206 227 286 268 μόνην
300 226 493 268 περιιστάμιθα
506 226 530 256 οἱ
545 227 572 256 ἐν
590 226 701 266 Χριστῷ
709 225 736 245 ⁵⁷
749 225 829 260 ἠλπι-
843 226 871 258 Α

60 275 131 312 χότες,
143 273 282 312 τουτέστιν,
296 273 320 302 οἱ
338 271 384 305 τὰς
399 271 509 305 ἐλπίδας
523 273 559 305 είς
575 270 691 310 Χριστὸν
712 270 829 310 ἔχοντες,

59 321 98 350 καὶ
122 319 163 349 οὐκ
182 318 249 348 ἔστιν
275 317 329 347 ἰκιῖ
352 317 421 353 ἄλλη
447 316 517 352 ζωή·
547 315 702 356 ἀθλιώτεροι
724 314 830 344 πάντων

59 363 140 402 ἐσμὲν,
164 365 198 396 ὡς
232 362 334 401 μήποτε
362 362 415 391 τῶν
446 360 583 402 παρόντων
613 359 828 392 ἀπολαύσαντες,

59 409 112 439 καθὸ
135 408 178 438 χαὶ
203 407 326 446 ἀνωτέρω
356 406 474 446 εἴρηται,
494 405 540 436 καὶ
570 405 604 435 τὰ
627 405 757 444 μέλλοντα
780 405 831 445 οὔχ

57 454 153 490 ἕξοντες,
176 452 241 483 διότι
260 451 318 482 οὐδὲ
334 451 548 490 ἀναστησόμεθα,
563 452 598 484 ὥς
620 449 727 488 λέγουσί
750 461 827 483 τινες.

58 498 117 528 Ἀλλ’
130 497 187 531 ἴσως
206 497 274 527 εἴποι
294 508 352 534 τις,
366 496 407 526 ὅτι
427 498 444 531 ἡ
460 495 534 536 ψυχὴ
552 495 620 535 μόνη
640 495 829 524 ἀπολαύσεται.

60 543 103 573 Καὶ
118 542 141 573 τί
158 545 246 578 toﬁ-to;
269 541 310 572 Οὗ
330 540 381 581 γὰρ
404 540 472 579 μόνη
497 540 564 577 αὕτη
588 540 744 577 ἐκοπίασεν,
761 538 830 568 ἀλλὰ

58 588 95 617 καὶ
108 588 135 617 τὸ
148 588 233 625 σῶμα.
254 587 314 616 Ποῦ
333 581 378 616 οὖν
402 586 433 615 τὸ
449 585 567 622 δίκαιον,
589 587 634 614 τοῦ
658 584 703 614 τὸν
720 583 830 613 πλείονα

55 632 157 669 κάματον
171 630 328 665 ὑποστάντος
342 629 465 669 σώματος
477 631 514 663 εἰς
528 629 558 660 τὸ
573 629 612 668 μὴ
626 629 654 658 ὂν
668 631 828 669 χωροῦντος,

55 676 90 706 καὶ
113 676 215 716 μηδενὸς
240 677 341 715 ἀγαθοῦ
365 674 573 712 ἀπολαύσαντος,
596 674 646 711 τὴν
668 672 757 714 ψυχὴν
781 673 828 710 μό-

54 733 91 758 νην
104 722 313 763 στεφανωθῆναι;

84 825 95 839 ι
114 813 176 843 Νυνὶ
191 810 218 841 δὲ
240 810 357 851 Χριστὸς
380 810 522 850 ἐγήγερται
543 811 573 840 ἐκ
588 810 699 850 νεκρῶν,
716 809 826 850 ἀπαρχὴ

52 859 94 886 τῶν
106 855 313 895 ἱχεχοιμημένων
342 855 454 893 ἐγένετο.
495 868 508 881 ιι
532 854 626 890 Δείξας
659 854 709 884 ὅσα
739 855 826 884 ἄτοπα

51 903 74 931 ἔιι
92 904 132 932 τοῦ
152 901 189 940 μὴ
218 900 390 930 πιστεύεσθαι
419 900 468 936 τὴν
494 899 640 929 ἀνάστασιν
660 899 825 937 six-ruat”,

51 945 214 985 ἀναλαμϐάνει
235 945 283 975 τὸν
309 945 400 984 λόγον,
423 945 469 974 καί
488 956 553 985 φησι
574 944 692 975 τοιοῦτόν
717 957 759 979 τι,
787 944 827 974 ὅτι

49 992 130 1021 Ταῦτα
150 991 196 1030 μὲν
219 989 362 1029 συμϐαίνει
375 1014 383 1026 ,
405 989 479 1030 εἴπερ
489 989 515 1009 ⁵³
530 990 578 1019 οὐχ
592 989 648 1019 ἔστι
669 989 742 1024 κοινὴ
759 989 826 1018 ἀνά-

49 1048 139 1073 στασις,
154 1038 187 1070 ὣς
199 1035 267 1075 μηδὲ
282 1037 328 1064 τοῦ
345 1036 462 1075 Χριστοῦ
475 1033 632 1075 ἕγερθέντος.
654 1045 668 1063 (ι
685 1034 752 1065 Νυνὶ
768 1034 795 1063 δὲ
811 1036 826 1063 ὁ

48 1081 143 1121 Χριστὸς
156 1080 296 1121 ἐγήγερται
309 1091 316 1098 ·
335 1093 348 1106 ιι
368 1080 420 1120 ἄρα
431 1079 478 1109 καὶ
492 1079 566 1116 κοινὴ
581 1079 723 1112 ἀνάστασις
736 1078 823 1115 ἔσται,

46 1125 83 1154 χαὶ
94 1125 124 1154 τὰ
144 1125 226 1154 ἄτοπα
245 1128 330 1155 ταῦτα
345 1125 374 1154 οὗ
390 1123 577 1162 σμμϐήσεται.
596 1125 720 1164 Συνεχῶς
734 1123 762 1153 δὲ
776 1124 822 1160 τὸ,

46 1182 55 1194 α
73 1169 117 1200 Ἐκ
139 1171 249 1210 νεκρῶν,
274 1183 286 1196 ι
303 1173 488 1210 προοτιθησιν,
515 1168 693 1210 ἀποῤῥάπτων
717 1167 751 1198 τὰ
770 1169 823 1197 τῶν

47 1214 184 1255 Μανιχαίων
199 1214 331 1252 στόματα.
350 1213 516 1253 Εἰξάπαρχὴ
533 1215 586 1243 τῶν
603 1213 821 1252 κεκοιμημένων,

46 1259 82 1288 καὶ
97 1259 194 1293 τούτους
211 1259 321 1292 πάντως
342 1260 489 1295 ἀναστῆναι
505 1258 555 1289 δεῖ.
571 1257 608 1288 Ἦ
631 1257 684 1297 γὰρ
711 1258 822 1298 ἀπαρχὴ

46 1303 82 1332 καὶ
94 1304 146 1338 τοὺς
166 1305 408 1337 ἐπακολουθοῦντας
430 1303 487 1343 ἔχει
499 1315 505 1322 ·
519 1297 572 1333 οἷον
587 1303 649 1333 ὅταν
673 1304 703 1332 ἐκ
717 1304 822 1332 πολλῶν

45 1349 127 1388 ποιήσῃ
153 1344 187 1382 εἷς
213 1351 319 1389 πρῶτος
341 1348 505 1390 ἀρξάμενος,
531 1348 546 1377 ὃ
573 1347 701 1387 μέλλουσι
724 1347 770 1377 καὶ
797 1349 820 1378 οἱ

44 1392 118 1422 λοιποὶ
127 1398 206 1424 ποιεῖν
219 1393 324 1435 ἐφιξῆςο

843 881 866 912 Β

75 1497 86 1509 ι
105 1483 207 1520 Ἐπειδὴ
233 1483 289 1523 γὰρ
313 1482 347 1512 δι’
369 1482 509 1523 ἀνθρώπου
532 1483 547 1512 ὃ
571 1482 700 1519 θάνατος,
714 1481 760 1512 καὶ
785 1482 818 1512 δι’

44 1527 162 1568 ἀνθρώπου
195 1529 342 1562 ἀνάστασις
370 1529 481 1568 νεκρῶν.
507 1526 617 1568 Ὥσπερ
645 1526 696 1567 γὰρ
725 1528 752 1556 ἐν
781 1528 818 1567 τῷ
835 1539 858 1571 C

43 1571 111 1611 Ἀδὰμ
132 1572 224 1607 πάντες
245 1572 469 1611 ἀποθνήσκουσιν,
490 1572 572 1606 οὕτως
595 1573 621 1601 εν
646 1573 684 1610 τῷ
709 1573 818 1612 Χριστῷ

41 1616 121 1657 πάντες
147 1617 401 1654 ζωοποιηθήσονται.
428 1628 444 1647 n
475 1617 570 1648 Δίτίαν
603 1616 762 1657 προστίθησι
786 1616 819 1646 δι’

40 1656 64 1696 ἧς
74 1665 204 1692 πιστοῦται
222 1662 258 1691 τὰ
274 1662 414 1702 εἰρημένα.
441 1661 518 1692 Ἔδει
534 1661 595 1700 γὰρ,
621 1661 719 1702 φησὶν,
735 1660 817 1697 αὐτὴν

39 1708 128 1742 νικῆσαι
149 1706 195 1743 τὴν
225 1709 388 1742 ’ἡττηθεῖσαν
413 1707 505 1747 φύσιν,
529 1706 575 1735 καὶ
602 1706 646 1735 τὸν
678 1705 815 1742 καταϐλη-

39 1749 111 1788 θέντα,
134 1751 209 1781 αὐτὸν
235 1753 385 1787 ἐκνικῆσαι.
420 1751 476 1781 Καὶ
504 1750 556 1790 γὰρ
588 1751 615 1780 ἓν
646 1751 683 1790 τῷ
716 1749 816 1790 Ἀδὰμ,

37 1795 151 1832 τουτέστι,
176 1797 216 1825 διὰ
244 1796 276 1826 τὸ
303 1799 349 1825 τοῦ
376 1795 462 1834 Ἀδὰμ
484 1799 625 1835 πταῖσμα,
651 1794 748 1828 πάντες
778 1797 816 1835 τῷ

36 1839 126 1880 θανάτῳ
149 1841 291 1872 ὑπέπεσον.
321 1840 416 1874 Οὕτως
442 1835 487 1870 οὖν
524 1841 551 1869 ἐν
580 1841 692 1879 Χριστῷ
718 1839 816 1873 πάντες

36 1885 226 1920 ἀναστήσονται.
252 1885 393 1925 τουτέστι,
420 1885 463 1914 διὰ
477 1884 507 1914 τὸ
528 1886 667 1924 εὑρεθῆναι
689 1883 733 1913 τὸν
750 1885 816 1925 Χρι-

36 1929 85 1958 στὸν
109 1930 293 1971 ἀναμάρτητον
323 1930 369 1959 καὶ
398 1930 521 1970 ἀνένοχον
548 1931 586 1969 τῷ
618 1928 741 1969 θανάτῳ,
769 1929 815 1958 καὶ

35 1973 114 2003 ἑκόντα
141 1975 187 2013 μὲν
212 1976 376 2011 ἀποθανεῖν,
401 1976 549 2010 ἀναστῆναι
574 1972 618 2010 δὲ,
642 1973 708 2003 καθὸ
718 1973 744 1992 ⁶⁰
767 1975 814 2004 οὔκ

34 2014 60 2053 ἧν
83 2019 186 2048 δυνατὸν
209 2019 290 2049 αὐτὸν
313 2021 468 2059 κρατεῖσθαι
493 2018 544 2048 ὕπὸ
570 2020 617 2054 τῆς
645 2021 742 2058 φθορᾶς
768 2020 812 2048 τὸν

35 2063 136 2104 ἀρχηγὸν
149 2066 195 2101 τῆς
209 2066 288 2101 ζωῆς.
312 2064 368 2095 Καὶ
387 2067 473 2094 ταῦτα
496 2063 523 2093 δὲ
547 2063 636 2093 πάντα
657 2063 727 2093 κατὰ
750 2065 812 2094 Μα-

34 2108 136 2147 νιχαίων.

69 2164 81 2181 α
98 2152 227 2188 Ἕκαστος
254 2154 280 2183 δὲ
305 2155 331 2183 ἓν
348 2155 386 2193 τῷ
409 2153 468 2194 ἰδίῳ
495 2152 625 2191 τάγματι.
648 2166 661 2179 -
683 2151 746 2183 Ἵνα
772 2153 810 2191 μὴ

34 2197 141 2237 ἀκούσας,
156 2198 195 2227 ὃτι
209 2210 223 2227 ιι
237 2198 341 2231 Πάντες
356 2197 607 2234 ζωοποιηθήσονται,
619 2210 631 2223 ι·
644 2197 754 2237 νομίσῃς
764 2198 810 2227 καὶ
825 2214 849 2245 D

32 2240 79 2274 τοὺς
100 2242 269 2282 ἁμαρτωλοὺς
290 2242 439 2277 σώζεσθαι,
464 2241 620 2281 ἐπήγαγεν,
647 2240 733 2272 Ὅσον
760 2242 808 2279 μὲν

32 2287 89 2315 κατὰ
111 2287 139 2316 τὸ
165 2289 330 2324 ἀναστῆναι,
355 2298 370 2316 α
394 2287 491 2321 πάντες
516 2286 773 2323 ζωοποιηθήσονται·
796 2302 808 2314 ι

31 2330 88 2372 πλὴν
103 2343 116 2361 ε
133 2331 243 2366 ἕκαστος
257 2343 272 2361 n
295 2331 369 2362 ἔσται
387 2343 401 2360 α
418 2333 444 2362 ἐν
460 2333 497 2372 τῷ
513 2332 573 2372 ἰδίῳ
596 2331 715 2371 τάγματι
731 2343 746 2361 ι
763 2331 809 2362 καὶ

31 2375 51 2402 ἐν
64 2370 97 2409 οἷς
115 2378 182 2406 ἐστιν
199 2377 283 2412 ἄξιος.

64 2433 75 2446 ι
97 2420 213 2462 Ἀπαρχὴ
240 2421 373 2462 Χριστὸς,
398 2422 490 2452 ἔπειτα
515 2421 539 2451 οἱ
565 2423 611 2451 τοῦ
637 2421 755 2461 Χριστοῦ
781 2423 808 2452 ἐν

29 2465 55 2502 τῇ
74 2461 199 2507 παρουσίά
216 2461 299 2496 αὐτοῦ
311 2479 318 2486 '
340 2461 413 2503 εἶτα,
436 2466 466 2496 τὸ
480 2466 562 2500 τέλος.
582 2477 596 2496 ι)
617 2465 739 2506 Ἇπαρχὴ
764 2467 809 2497 καὶ

91 2513 137 2552 fi;
158 2512 330 2546 ἀναστάσεως
353 2511 457 2551 ἐγένετο
481 2512 495 2540 ὃ
518 2510 650 2552 Χριστός·
673 2512 730 2550 μετ’
756 2512 805 2540 αὖ-

30 2552 65 2582 ti»
77 2549 132 2592 οὗν,
154 2557 178 2586 οἳ
194 2558 288 2594 αὐτοῦ,
303 2556 453 2593 τουτέστιν,
467 2557 492 2586 οἳ
516 2556 606 2586 πιστοὶ
626 2555 672 2585 καὶ
693 2557 717 2585 οἱ
735 2557 808 2586 εὗδο-

31 2599 156 2636 κιμηιιότες
180 2602 208 2631 ἐν
234 2602 307 2642 αὖτῷ
329 2601 526 2637 ἀναστήσονται
544 2602 662 2641 πρῶτοι,
684 2600 710 2635 ἐξ
725 2602 808 2640 οὖραο

29 2643 70 2670 νῶν
84 2645 176 2675 ἐκείνου
192 2647 347 2686 ἐρχομένου.
362 2647 448 2676 Τοῦτο
469 2646 520 2686 γάρ
542 2647 599 2676 ἐστι
621 2645 663 2684 τὸ,
681 2656 696 2675 α
715 2645 762 2676 Ἐν
778 2647 811 2685 τῇ

27 2689 142 2731 παρουσίᾳ
157 2691 253 2721 αὐτοῦ’
268 2705 280 2718 ι
299 2691 341 2720 δεῖ
360 2690 412 2731 γὰρ
426 2690 496 2731 ἔχειν
519 2689 662 2731 προνόμιόν
678 2701 704 2720 τι
724 2690 769 2720 καὶ
787 2692 813 2720 ἐν

466 161 643 192 EXPOSITIO
663 162 696 190 IN
716 160 819 189 EPIST.
841 161 851 189 Ι
870 161 916 189 AD
935 162 1014 191 COR.
1034 179 1068 185 —
1088 164 1163 192 CAP.
1184 165 1237 193 XV.

1630 169 1682 196 762

886 228 995 254 tantum
1008 226 1168 261 extendunt,
1180 227 1302 264 atquein
1311 227 1380 256 hanc
1391 228 1480 257 solam
1493 229 1683 259 incumbimus

885 277 936 298 nos
954 270 1003 307 qui
1021 271 1049 299 in
1067 271 1207 300 Christum
1224 280 1383 308 speramus,
1397 273 1450 302 hoc
1460 278 1519 308 est,
1538 275 1588 311 qui
1602 282 1679 311 spem

884 314 914 342 in
932 314 1075 343 Christum
1092 315 1302 351 habemus,nec
1316 321 1358 345 est
1376 317 1432 345 illic
1445 318 1497 346 alia
1509 318 1574 353 vita,
1598 320 1680 348 mise-

884 359 970 388 riores
988 367 1083 388 sumus
1101 361 1206 389 cunctis
1219 361 1392 395 mortalibus,
1408 363 1507 399 quippe
1523 363 1568 399 qui
1589 371 1677 400 neque

884 403 1064 440 praesentibus
1078 404 1208 439 fruimur,
1225 410 1257 434 ut
1268 413 1350 442 supra
1364 407 1467 435 dictum
1482 411 1541 442 est,
1555 415 1605 436 nec
1627 407 1668 436 fu-

883 453 943 477 tura
958 449 1029 478 bona
1043 457 1138 478 sumus
1153 451 1239 487 220
1249 452 1432 485 consecuturi,
1445 456 1590 488 propterea
1601 453 1676 488 quod

884 502 971 530 neque
987 502 1171 532 resurgemus,
1191 499 1222 523 ut
1232 495 1346 532 quidam
1363 497 1468 525 dicunt.
1489 497 1544 525 Sed
1562 496 1678 525 fortasse

883 539 983 567 dixerit
1004 540 1156 576 quispiam,
1179 541 1252 577 quod
1266 541 1360 570 anima
1383 542 1440 570 sola
1462 541 1569 570 fruetur
1588 542 1677 570 bonis.

884 586 921 612 At
943 584 1010 621 quid
1035 585 1088 613 hoc
1106 585 1174 614 ﬁet?
1192 587 1252 614 Non
1276 586 1352 614 enim
1379 586 1430 615 ista
1451 586 1508 615 sola
1530 586 1675 620 laboravit,

883 629 930 657 sed
953 637 1052 666 corpus
1066 630 1160 658 etiam.
1186 631 1308 659 Ubinam
1324 631 1406 668 igitur
1417 632 1525 667 justum
1538 636 1646 667 manet,
1660 632 1682 660 si

883 682 983 710 corpus
996 674 1070 711 quod
1082 675 1233 711 plurimum
1253 675 1352 704 laboris
1366 676 1506 710 sustinuit,
1521 677 1550 704 in
1561 676 1678 705 nihilum

883 719 1033 755 redigatur,
1048 728 1080 748 ac
1097 721 1172 749 nullo
1186 721 1259 749 bono
1278 721 1442 757 perfruatur,
1461 726 1489 750 et
1504 722 1562 750 sola
1584 722 1676 750 anima

882 769 1040 794 coronetur.

917 811 1006 840 Vsus.
1023 813 1067 839 2o.
1091 822 1103 836 ε
1122 813 1202 840 Nunc
1219 815 1311 840 autem
1324 811 1450 840 Christus
1463 820 1479 840 a
1492 812 1618 845 [mortuis
1638 819 1682 840 re-

882 856 1009 890 surrexit,
1025 857 1154 892 primitim
1171 856 1370 885 dormientium
1385 857 1475 885 factus
1494 861 1546 886 est.
1564 868 1577 881 ι
1597 858 1676 886 Post-

879 909 963 937 quam
981 901 1178 930 demonstravit
1197 906 1265 938 quot
1279 901 1396 930 absurda
1414 906 1561 930 nascantur
1578 910 1612 930 ex
1630 910 1675 937 eo,

881 946 954 982 quod
973 946 1034 982 quis
1054 954 1109 974 non
1127 946 1222 975 credat
1246 947 1492 980 resurrectionem,
1515 955 1673 975 sermonem

881 991 991 1027 repetit,
1007 991 1167 1028 hujusmodi
1184 991 1316 1027 quiddam
1336 991 1430 1020 dicens
1445 1002 1451 1019 :
1466 992 1533 1020 Hec
1552 999 1672 1028 sequun-

880 1040 936 1071 tur,
951 1036 974 1064 si
987 1044 1045 1064 non
1056 1040 1097 1065 est
1115 1036 1271 1065 communis
1292 1037 1469 1069 resurrectio,
1489 1045 1589 1073 nempe
1602 1037 1676 1073 quod

879 1080 1008 1109 Christus
1021 1089 1077 1109 non
1090 1081 1125 1109 sit
1139 1082 1282 1110 excitatus.
1298 1081 1383 1118 Atqui
1397 1081 1523 1110 Christus
1538 1082 1674 1110 excitatus

879 1130 921 1154 est
936 1126 1120 1154 :resurrectio
1142 1126 1226 1163 igitur
1245 1126 1404 1154 communis
1424 1127 1484 1160 erit,
1509 1130 1590 1163 atque
1615 1127 1676 1156 haec

879 1170 996 1199 absurda
1020 1179 1077 1199 non
1099 1171 1233 1199 evenient.
1257 1172 1394 1199 Continuo
1408 1176 1511 1206 autem,
1526 1183 1538 1196 ι
1553 1174 1579 1200 Α
1602 1179 1676 1200 mor-

879 1216 943 1249 tuis,
960 1227 973 1240 υ
987 1216 1108 1253 apponit,
1125 1216 1340 1245 Manichaeorum
1353 1224 1403 1244 ora
1420 1217 1575 1246 obstruens.
1590 1217 1671 1252 Quod

877 1261 900 1289 si
922 1268 1021 1289 eorum
1044 1261 1091 1296 qui
1106 1261 1282 1289 dormierunt
1308 1260 1436 1297 primitiae
1456 1266 1514 1296 est,
1543 1265 1572 1290 et
1598 1262 1673 1298 ipsos

877 1306 990 1334 omnino
1004 1313 1147 1342 resurgere
1167 1310 1284 1342 oportet.
1310 1306 1444 1335 Primitiae
1465 1307 1540 1334 enim
1566 1306 1602 1334 ad
1626 1314 1673 1334 sc-

876 1355 989 1387 quentes
1005 1355 1162 1387 respectum
1187 1350 1303 1386 habent,
1326 1351 1409 1379 veluti
1429 1351 1452 1379 si
1468 1351 1578 1388 quando
1599 1359 1673 1380 unus

875 1403 890 1423 e
904 1396 998 1423 multis
1017 1396 1121 1431 primus
1140 1395 1250 1432 incipiat
1271 1393 1378 1430 facere,
1390 1395 1465 1432 quod
1478 1396 1524 1424 alii
1545 1396 1674 1432 deinceps

874 1440 930 1469 sint
942 1440 1053 1469 facturi.

909 1487 998 1514 Vnus.
1019 1488 1065 1521 21,
1081 1488 1125 1514 22.
1143 1485 1313 1521 «Quoniam
1327 1485 1439 1521 quidem
1460 1493 1508 1522 per
1530 1485 1676 1514 hominem

874 1538 965 1564 mors,
994 1534 1023 1559 et
1046 1538 1095 1566 per
1124 1529 1267 1558 hominem
1294 1530 1460 1558 resurrectio
1487 1535 1675 1559 mortuorum

875 1574 1117 1610 Quemadmodum
1138 1575 1212 1603 enim
1229 1575 1258 1602 in
1283 1575 1375 1603 Adam
1391 1583 1489 1603 omnes
1507 1575 1672 1609 moriuntur,

872 1620 911 1648 sic
933 1624 961 1648 et
985 1619 1012 1648 in
1027 1619 1136 1648 Christo
1160 1627 1257 1647 omnes
1281 1619 1498 1648 viviﬁcabuntur.
1523 1629 1538 1647 υ
1559 1620 1676 1649 Causam

873 1664 965 1694 reddit
979 1672 1027 1700 per
1040 1672 1122 1700 quam
1139 1664 1285 1692 conﬁrmat
1297 1672 1357 1700 qua:
1369 1669 1588 1693 commemorata
1597 1669 1672 1693 sunt.

872 1710 1004 1746 Oportuit
1023 1710 1098 1737 enim
1120 1709 1206 1745 ipsam
1228 1709 1330 1737 victam
1352 1714 1480 1738 naturam
1507 1709 1629 1744 vincere,
1645 1714 1672 1738 et

870 1762 934 1783 eum
949 1755 996 1790 qui
1018 1754 1140 1790 dejectus
1153 1758 1221 1787 erat,
1235 1754 1368 1782 evincere.
1380 1755 1452 1782 Nam
1467 1754 1495 1782 in
1507 1755 1607 1788 Adam,
1623 1755 1675 1783 hoc

871 1803 914 1827 est
931 1807 980 1835 per
999 1799 1109 1835 lapsum
1135 1799 1251 1833 Adami,
1280 1806 1378 1826 omnes
1401 1799 1486 1826 morti
1510 1799 1574 1826 facti
1607 1804 1670 1827 sunt

872 1844 993 1873 obnoxii.
1017 1843 1063 1871 Sic
1093 1843 1175 1878 igitur
1200 1843 1226 1870 in
1247 1842 1357 1870 Christo
1387 1851 1484 1871 omnes
1506 1848 1670 1879 resurgent,

872 1888 926 1916 hoc
946 1892 1004 1921 est,
1018 1887 1084 1923 quia
1103 1886 1229 1915 Christus
1250 1887 1378 1914 inventus
1393 1891 1436 1914 est
1456 1887 1516 1914 sine
1542 1891 1654 1922 peccato
1666 1908 1674 1922 ,

870 1941 922 1962 nec
936 1932 1035 1961 mortis
1049 1939 1130 1966 reus,
1141 1936 1168 1959 et
1183 1935 1322 1967 propterea
1345 1931 1418 1967 quod
1434 1931 1588 1959 voluntario
1608 1932 1672 1968 qui-

868 1978 934 2007 dem
946 1982 1067 2006 mortem
1084 1976 1208 2009 subierit,
1219 1976 1399 2004 resurrexerit
1414 1981 1516 2010 autem,
1535 1981 1673 2013 quatenus

868 2022 1039 2060 impossibile
1061 2025 1121 2049 erat
1141 2020 1233 2056 ipsum
1247 2020 1336 2048 teneri
1360 2029 1376 2048 a
1388 2021 1576 2056 corruptione,
1593 2021 1668 2057 prin-

868 2069 956 2104 cipem
984 2067 1119 2095 nimirum
1141 2066 1212 2094 vitae.
1231 2066 1299 2094 Haec
1312 2070 1405 2094 autem
1420 2065 1514 2094 omnia
1537 2065 1670 2094 adversus

870 2113 1048 2142 Manichatos.

902 2160 995 2188 Vsus.
1020 2160 1066 2185 23.
1084 2168 1097 2182 ι
1113 2157 1310 2192 Unusquisque
1328 2159 1421 2184 autem
1436 2155 1464 2183 in
1487 2156 1598 2192 proririo
1623 2164 1671 2184 or-

869 2203 946 2232 dine.
964 2215 976 2227 :
998 2204 1038 2231 Ne
1052 2201 1166 2230 audiens
1187 2205 1300 2229 cunctos
1315 2200 1502 2234 viviﬁcandos,
1529 2200 1672 2229 arbitreris

866 2250 952 2281 etiam
969 2252 1124 2284 peccatores
1146 2247 1235 2274 salvos
1257 2245 1381 2279 futuros,
1396 2245 1668 2281 subintulit:Quan-

868 2301 930 2325 tum
949 2293 985 2322 ad
999 2292 1225 2321 resurrectionem
1237 2291 1343 2325 attinet,
1355 2301 1367 2315 η
1384 2297 1480 2318 omnes
1494 2290 1668 2318 viviﬁcabun-

871 2345 926 2375 tur,
942 2351 953 2365 ι
969 2341 1161 2366 verumtamen
1183 2347 1195 2360 ι
1218 2335 1407 2371 unusquisque
1423 2335 1450 2363 in
1462 2342 1511 2362 suo
1529 2334 1638 2369 ordine,
1658 2347 1668 2360 ι

870 2389 898 2414 et
913 2385 984 2413 inter
993 2389 1062 2418 quos
1077 2389 1135 2409 esse
1150 2379 1311 2408 merebitur.

908 2440 921 2454 α
939 2427 1070 2457 Primitiae
1084 2425 1226 2458 Christus,
1245 2423 1345 2452 deinde
1369 2424 1385 2452 ii
1403 2424 1449 2460 qui
1473 2424 1574 2453 Christi
1595 2429 1670 2460 sunt,

871 2475 899 2503 in
913 2473 1033 2503 adventu
1048 2471 1127 2508 ejus:
1144 2474 1237 2506 postea
1260 2469 1332 2498 ﬁnis.
1350 2481 1362 2494 ι
1379 2469 1523 2504 Primitiae,
1547 2469 1671 2506 adeoque

860 2520 908 2549 via
929 2515 1151 2549 resurrectionis,
1167 2514 1293 2543 Christus
1315 2519 1377 2542 est:
1393 2519 1455 2550 post
1477 2514 1569 2550 ipsum
1592 2515 1672 2550 igitur

868 2563 913 2600 qui
927 2562 963 2591 ad
977 2569 1042 2590 eum
1062 2560 1211 2596 pertinent,
1222 2559 1274 2587 hoc
1293 2564 1345 2593 est,
1359 2559 1461 2593 ﬁdeles,
1476 2563 1503 2587 et
1518 2559 1625 2595 probati
1640 2560 1666 2586 iu

867 2607 943 2642 ipso,
967 2606 1048 2643 primi
1067 2608 1224 2641 resurgant,
1240 2603 1285 2632 illo
1300 2611 1332 2632 ex
1347 2603 1424 2632 cmlis
1449 2603 1580 2632 veniente.
1608 2605 1668 2630 Hoc

869 2651 943 2680 enim
956 2655 998 2680 est
1014 2649 1088 2687 quod
1101 2649 1157 2678 ait:
1175 2660 1186 2674 α
1204 2650 1235 2676 In
1248 2647 1367 2677 adventu
1383 2648 1476 2684 ipsius.
1492 2659 1505 2672 ιι
1522 2649 1571 2675 Γλει
1592 2647 1666 2675 enim

869 2703 930 2732 par,
950 2699 981 2724 ut
990 2695 1056 2732 justi
1067 2693 1340 2732 privilegioquopiam
1354 2692 1492 2730 gaudeant
1504 2692 1533 2720 in
1549 2699 1630 2720 resur
1648 2706 1659 2712 -

724 2761 821 2792 Varia
842 2763 994 2794 lectiones.

55 2825 72 2841 ⁸⁷
87 2826 116 2858 εὶς
129 2828 233 2864 Χριστὸν
247 2836 284 2857 tn.
327 2829 348 2847 ⁵⁸
363 2829 462 2865 γίνεται
478 2836 519 2858 In.
557 2829 579 2847 ⁵⁹
591 2829 634 2856 ἐὰν
649 2837 676 2858 ο.
715 2829 738 2846 ⁸ο
750 2830 836 2857 καθότι
853 2837 880 2858 o.
