1867 3081
182 183 232 209 763

692 182 949 210 THEOPHYLACTI
970 179 1148 209 BULGARIIE
1167 177 1324 206 ARCHIEP.
1768 180 1810 207 τϐί

180 243 281 281 gendo.
292 245 363 273 Cum
372 244 449 272 enim
467 244 589 280 rapiendi
599 244 654 273 sint
669 245 697 272 in
708 253 769 272 aera
782 245 810 273 in
829 252 975 273 occursum

1077 243 1104 282 τῷ
1135 243 1173 282 τῷ
1201 241 1348 281 ἐγείρεσθαι
1382 239 1441 274 τοὺς
1475 240 1601 274 δικαίους.
1626 240 1737 277 Ἐπειδὴ
1770 241 1813 280 γὰρ

178 289 306 323 Domini,
325 296 383 325 prae
401 289 462 317 aliis
473 289 636 318 excitantur.
652 290 722 317 Nam
737 294 894 326 peccatores
906 289 977 317 infra

177 333 473 370 exspectantjudicem,
485 342 535 362 ceu
542 334 729 363 condemnati.
737 335 842 363 Deinde
851 334 978 363 omnium

182 386 276 407 rerum
295 379 500 407 consummatio
522 379 588 412 erit,
610 379 748 415 ipsiusque
773 379 842 408 adeo
861 387 978 407 resurre-

183 423 293 457 ctionis,
304 431 354 451 ceu
370 423 499 452 omnibus
518 424 665 452 universim
684 425 765 460 221
781 424 911 452 excitatis.
922 425 979 452 Nec

185 468 268 503 enim,
291 472 323 496 ut
335 476 409 496 nunc
430 468 471 503 ﬁt,
489 468 596 497 Christo
620 469 678 496 solo
693 474 860 505 resurgente,
876 477 919 497 res
930 469 979 497 hu-

185 520 276 542 manae
285 521 368 542 suum
376 513 495 549 priorem
507 517 609 541 statum
622 513 767 550 locumque
785 514 925 548 obtinent,
941 514 980 542 sic

186 561 247 585 tum
265 558 319 586 erit
332 567 338 586 :
352 565 447 586 verum
468 558 562 586 omnia
577 558 663 586 ﬁnem
677 558 818 595 accipient.

222 649 310 676 Vnus.
325 650 370 675 24.
385 659 398 672 ι
415 648 484 676 Cum
499 648 641 676 tradiderit
661 657 776 685 regnum
791 650 849 676 Deo
864 650 948 677 Patri.
966 662 979 675 ι)

187 695 250 722 Duo
267 700 351 729 regna
365 692 502 728 Scriptura
515 694 602 728 novit,
617 693 731 722 alterum
746 694 858 730 quidem
870 702 918 730 per
930 703 979 731 ap-

187 737 412 774 propriationem,
428 738 545 766 alterum
560 746 626 766 vero
641 747 689 774 per
707 739 883 767 creationem.
900 741 980 768 Crea-

186 782 270 810 tionis
285 782 369 819 igitur
392 782 514 816 nomine,
539 783 566 810 iu
593 791 701 817 omnes,
723 784 845 819 Graecos,
860 783 980 818 Judaeos,

187 827 261 863 ipsos
289 826 446 861 daemones,
472 835 504 855 ac
534 828 660 856 nolentes
685 828 831 864 imperium
861 834 978 857 exercet.

185 871 318 900 Omnibus
330 879 395 900 vero
409 871 538 900 ﬁdelibus
549 880 581 900 ac
591 873 702 907 sanctis,
714 873 760 909 qui
777 878 874 909 suapte
883 879 980 910 sponte

185 916 377 952 subjiciuntur,
391 917 498 944 ratione
515 917 739 953 appropriationis
752 918 923 947 dominatur.
938 921 980 947 De

187 961 239 989 hoc
249 962 343 998 itaque
357 969 444 998 regno
456 961 521 990 dicit
535 970 542 990 :
559 973 573 987 »
583 963 692 991 Postula
706 971 722 991 a
744 971 800 998 me,
812 968 840 992 et
851 963 921 992 dabo
932 964 981 992 tibi

183 1006 292 1042 gentesl
309 1016 315 1034 :
331 1018 343 1030 ν
358 1010 397 1040 et,
423 1018 436 1031 ι
452 1008 523 1035 Data
539 1011 580 1035 est
600 1007 666 1035 mihi
681 1008 772 1036 omnis
787 1013 909 1044 potestas
943 1030 949 1037 .
966 1021 978 1034 -

184 1051 259 1079 Hanc
272 1055 363 1079 autem
378 1051 460 1080 tradit
471 1052 544 1080 Patri
556 1072 563 1087 ,
580 1052 632 1081 hoc
645 1057 701 1087 est,
725 1054 854 1090 transigit
868 1058 978 1082 strenue

185 1100 214 1124 et
239 1095 354 1132 perﬁcit.
377 1097 504 1132 Exempli
525 1097 628 1133 gratia,
657 1106 706 1125 rex
733 1098 854 1134 quipiam
876 1098 979 1126 bellum

185 1140 242 1168 ﬁlio
260 1148 310 1168 suo
336 1141 507 1169 commiserit
534 1141 677 1170 adversum
709 1147 813 1178 gentes,
830 1150 891 1178 quae
905 1143 980 1171 defe-

185 1185 306 1213 ctionem
320 1185 376 1214 sint
391 1186 503 1221 molitae,
519 1190 550 1214 ut
564 1186 631 1214 illud
645 1186 816 1216 administret
831 1197 837 1216 :
854 1188 980 1216 confecto

185 1230 276 1266 itaque
289 1230 374 1264 bello,
399 1230 514 1259 domitis
539 1235 567 1259 et
579 1231 698 1260 subactis
711 1240 824 1260 rursum
839 1233 980 1269 gentibus,

184 1279 250 1303 tunc
265 1275 364 1303 dicitur
375 1275 476 1303 bellum
486 1275 595 1304 tradere
613 1277 694 1312 patri,
708 1276 760 1304 hoc
774 1281 816 1305 est
827 1298 834 1311 ,
850 1277 979 1305 submon-

183 1323 272 1348 strare
291 1320 365 1356 quod
379 1320 536 1356 delegatum
548 1321 601 1349 sibi
613 1329 682 1357 opus
698 1321 851 1357 perfecerit.
865 1322 913 1350 Ait
931 1323 982 1350 ita-

186 1373 239 1400 que
257 1365 375 1399 Paulus,
389 1365 463 1401 quod
484 1365 567 1393 simul
582 1370 663 1401 atque
678 1366 768 1394 omnia
782 1367 927 1403 subjecerit
942 1368 981 1395 Fi-

188 1410 254 1444 lius,
284 1414 343 1438 tum
367 1409 431 1438 ﬁnis
446 1410 508 1438 erit.
523 1411 594 1438 Tum
615 1411 689 1438 enim
715 1411 835 1447 perfecte
855 1411 981 1439 Christus

187 1462 270 1490 super
277 1462 329 1482 nos
338 1454 475 1489 regnabit,
489 1462 545 1482 non
554 1455 672 1490 amplius
683 1455 786 1484 divisos
799 1456 898 1491 partim
910 1458 980 1490 Deo,

183 1499 284 1535 partim
296 1499 391 1527 mundi
406 1499 529 1534 principi.
545 1501 672 1535 Regnum
686 1499 760 1527 enim
774 1503 906 1536 tanquam
916 1508 931 1527 a
942 1505 982 1537 ty-

191 1552 277 1571 ranno
287 1547 450 1580 usurpatum
463 1543 520 1579 ipse
530 1543 660 1579 eripiens,
673 1544 790 1572 liberum
799 1543 885 1572 tradit
896 1545 980 1573 Patri.

224 1644 237 1658 .
271 1633 390 1669 Quando
422 1633 570 1661 aboleverit
602 1641 713 1662 omnem
741 1635 925 1670 principatum
957 1640 983 1664 et

190 1685 303 1706 omnem
321 1680 486 1714 potestatem
501 1682 527 1705 et
539 1678 680 1706 virtutem.
697 1690 709 1703 ιο
726 1679 787 1707 Hoc
799 1684 853 1714 est,
873 1680 982 1716 quando

190 1721 287 1750 vicerit
310 1726 339 1750 et
364 1723 567 1758 compescuerit
592 1730 689 1758 pravas
710 1724 857 1760 potentias.
894 1724 983 1754 Hodie

186 1774 305 1803 namque
324 1771 481 1803 operantur,
500 1771 529 1795 et
550 1767 605 1796 vim
625 1776 705 1797 suam
727 1773 841 1797 exerunt
861 1769 983 1806 plerum-

186 1819 250 1848 que,
266 1815 328 1840 tum
342 1819 405 1839 vero
419 1812 567 1847 quiescent.

221 1857 312 1885 Vitas.
330 1858 376 1891 25,
388 1859 432 1885 26.
448 1868 462 1881 α
478 1858 674 1892 Oportetenim
683 1858 774 1894 ipsum
789 1867 915 1895 regnare,
931 1858 982 1887 do-

188 1910 240 1930 nec
265 1901 389 1938 posuerit
420 1909 516 1930 omnes
539 1902 666 1930 inimicos
695 1903 748 1931 sub
775 1904 890 1939 pedibus
914 1904 980 1932 suis.

186 1948 344 1975 Postremus
368 1946 454 1975 hostis
469 1946 620 1974 destruitnr
646 1955 733 1975 mors.
752 1959 765 1972 ι
785 1949 854 1983 Quia
878 1949 983 1977 dixerat

184 1991 322 2020 Christum
349 1991 553 2020 destructurum
583 1991 743 2020 defectrices
769 1994 923 2028 potentias,
952 2002 982 2022 ac

183 2040 285 2072 tropaaa
314 2040 482 2070 erecturum,
511 2035 662 2064 verisimile
682 2040 774 2064 autem
799 2042 857 2065 erat
889 2046 984 2073 quem-

188 2081 261 2117 piam
284 2080 409 2108 dubitare
439 2088 471 2108 ac
497 2079 585 2108 dicere
607 2090 614 2108 :
640 2081 764 2109 Fortasse
801 2082 986 2112 debilitabitur

188 2133 275 2161 usque
290 2124 358 2152 dum
372 2125 465 2153 omnia
485 2124 544 2152 hmo
564 2124 719 2160 perfecerit,
735 2133 826 2162 neque
842 2128 941 2163 poterit
954 2137 985 2157 ea

187 2169 342 2205 complere:
358 2169 393 2197 ad
408 2168 472 2203 hoc,
488 2169 721 2206 Haudquaquam,
737 2170 836 2207 inquit,
853 2171 984 2201 destitue-

184 2218 229 2242 tur
242 2213 355 2248 viribus,
369 2213 417 2242 sed
436 2225 448 2238 α
461 2217 569 2250 oportet
587 2214 677 2249 ipsum
693 2222 815 2251 regnare,
828 2226 841 2242 »
859 2217 912 2245 hoc
931 2222 984 2252 est,

1031 287 1171 326 μέλλουσιν
1195 286 1359 326 ἁρπάζεσθαι
1383 286 1419 318 εἷς
1445 284 1510 325 ἀέρα
1540 286 1576 316 εἰς
1603 286 1752 322 ἀπάντησιν
1775 288 1813 314 τοῦ

1032 332 1148 372 Κυρίου,
1164 330 1382 371 προεγείρονται·
1412 331 1447 363 ὧς
1472 331 1498 358 οῐ
1523 342 1552 369 γε
1576 330 1732 372 ξιμαρτωλοὶ
1751 330 1814 359 κάτω

1033 370 1145 414 μένουσι
1161 376 1206 405 τὸν
1221 375 1314 416 κριτὴν
1329 377 1365 408 ὡς
1386 375 1536 405 κατάδικοι.
1554 370 1622 404 Εἶτα
1642 374 1673 403 τὸ
1687 375 1758 408 τέλος
1770 376 1814 404 τῶν

1032 422 1157 460 πάντων,
1185 421 1230 450 καὶ
1252 421 1332 456 αὐτῆς
1355 422 1402 460 τῇς
1436 419 1619 455 ἀναστάσεως,
1646 419 1693 448 ἅτε
1720 419 1814 448 πάντων

1033 469 1125 500 κοινῶς
1141 465 1315 506 ἐγειρομένων
1327 477 1334 484 ·
1357 466 1407 505 οὐχ
1420 465 1510 504 ὥσπερ
1535 463 1586 504 γὰρ
1600 467 1646 493 ν’ὗν
1656 487 1664 502 ,
1682 464 1758 502 μόνου
1776 467 1814 494 τοῦ

1033 513 1150 552 Χριστοῦ
1177 510 1352 547 ἀναστάντος,
1367 509 1437 539 κατὰ
1456 509 1547 549 χώραν
1570 509 1704 548 μεμένηκε
1727 509 1757 538 τὰ
1780 510 1816 537 ἆν-

1033 555 1151 596 θρώπινα
1177 555 1343 595 πράγματα,
1368 553 1452 588 οὕτως
1479 553 1555 583 ἔσται
1588 553 1635 583 καὶ
1662 553 1734 583 τότε·
1758 552 1814 582 ἀλλὰ

1033 601 1122 631 πάντα
1139 601 1214 634 τέλος
1229 600 1354 640 λήψεται.

1075 661 1086 672 ι
1095 645 1184 676 Ὅταν
1195 646 1308 684 παραδῷ
1320 645 1367 681 τὴν
1379 643 1516 673 ϐασιλείαν
1527 645 1564 683 τῷ
1574 644 1638 684 Θεῷ
1648 642 1694 672 καὶ
1705 643 1796 682 Πατρί.
1809 657 1815 668 ι

1034 691 1089 722 Δύο
1105 689 1243 730 βασιλείας
1266 685 1335 719 οἶδεν
1356 692 1373 725 ἡ
1390 688 1501 729 Γραφή·
1517 688 1565 724 τὴν
1580 688 1629 726 μὲν
1645 687 1706 717 κατ’
1729 688 1816 717 οἰκείω-

1035 747 1093 775 σιν,
1118 735 1162 771 τὴν
1184 734 1211 764 δὲ
1231 734 1300 763 κατὰ
1327 735 1510 774 δημιουργίαν.
1540 732 1683 763 Βασιλεύει
1709 732 1753 771 μὲν
1775 732 1817 772 γὰρ

1034 785 1156 821 πάντων,
1173 783 1218 813 καὶ
1233 783 1386 822 Ἑλλήνων,
1402 783 1448 812 καὶ
1470 782 1605 812 Ἰουδαίων
1615 805 1623 819 ,
1640 782 1687 812 καὶ
1709 784 1757 812 τῶν
1772 783 1817 811 δαι-

1035 830 1121 868 μόνων
1146 830 1246 866 αὖτῶν,
1275 828 1322 858 καὶ
1347 828 1386 867 μὴ
1413 828 1596 868 βουλομένων,
1621 826 1691 856 κατὰ
1716 826 1757 855 τὸν
1779 827 1817 862 τῆς

1035 873 1206 914 δημιουργίας
1232 872 1329 913 λόγον’
1360 871 1496 912 βασιλεύει
1525 872 1553 902 δὲ
1581 873 1636 901 τῶν
1661 873 1758 901 πιστῶν
1782 871 1818 900 καὶ

1035 919 1133 958 ἁγίων,
1158 918 1274 948 ἑχόντων
1299 916 1542 955 ὑποτασσομένων,
1561 916 1632 947 κατὰ
1661 915 1705 946 τὸν
1730 918 1773 951 τῆς
1790 917 1819 944 οἷ-

1034 963 1165 996 κειώσεως
1185 963 1276 1002 λόγον.
1299 962 1367 1002 Περὶ
1385 961 1485 997 ταύτης
1505 963 1553 997 τῆς
1571 961 1712 1002 βασιλείας
1734 959 1818 1000 φησίν·

1041 1019 1056 1038 (ι
1076 1009 1192 1043 Αἴτησαι
1215 1007 1281 1047 παρ’
1296 1008 1372 1045 ἐμοῦ,
1387 1007 1433 1036 καὶ
1458 1006 1537 1035 δώσω
1561 1018 1604 1036 σοι
1629 1005 1692 1042 ἔθνη
1705 1016 1712 1024 ·
1733 1016 1747 1034 ι
1768 1004 1819 1040 καὶ,

1037 1064 1052 1083 α
1066 1053 1163 1088 Ἐδόθη
1180 1064 1224 1091 μοι
1238 1056 1314 1082 πᾶσα
1325 1051 1428 1086 ἐξουσία
1437 1062 1444 1069 ·
1458 1063 1473 1079 υ
1490 1051 1590 1087 ταύτην
1605 1050 1654 1080 καὶ
1670 1050 1820 1090 παραδίδωσι

1033 1099 1071 1138 τῷ
1090 1097 1190 1138 Πατρὶ,
1213 1096 1352 1132 τουτέστι,
1369 1096 1509 1136 κατορθοῖ,
1525 1096 1637 1126 τελειοῖ·
1661 1091 1730 1132 οἷον,
1752 1096 1819 1134 βασι-

1033 1142 1094 1177 λεύς
1113 1155 1152 1176 τις
1173 1141 1325 1182 ἐνεχείρησε
1342 1140 1468 1182 [[.-ρισε]
1487 1142 1524 1181 τῷ
1544 1141 1594 1181 υἱῷ
1619 1141 1704 1169 αὐτοῦ
1721 1139 1820 1176 πόλεμον

1034 1188 1099 1228 πρὸς
1125 1187 1186 1223 ἔθνη
1211 1186 1439 1222 ἆποστατήσαντα
1451 1185 1473 1204 ⁶⁴
1486 1209 1495 1222 ,
1519 1184 1566 1214 ἵνα
1589 1185 1672 1215 αὐτὸν
1697 1183 1821 1222 διοικήσῃ

1035 1232 1097 1262 ὅταν
1119 1227 1163 1261 οὖν
1182 1232 1226 1261 τὸν
1242 1232 1360 1269 πόλεμον
1377 1229 1566 1270 συμπληρώσῃ
1586 1232 1599 1259 ὃ
1619 1230 1694 1265 υἱὸς,
1711 1228 1823 1262 ὑποτάξας

1035 1276 1068 1306 τὰ
1091 1277 1168 1313 ἔθνη,
1191 1276 1250 1306 τότε
1271 1274 1379 1315 λέγεται
1403 1275 1570 1314 παραδοῦναι
1591 1273 1636 1303 τὸν
1660 1274 1773 1311 πόλεμον
1791 1274 1822 1312 τῷ

1035 1321 1143 1361 Πατρὶ,
1169 1320 1322 1356 τουτέστιν,
1347 1319 1483 1353 ὑποδεῖξαι
1506 1319 1536 1349 τὸ
1562 1318 1737 1357 ἐμπιστευθὲν
1763 1319 1823 1356 αὖτῷ
1866 1319 1867 1327 ¹

1035 1366 1110 1406 ἔργον
1137 1366 1255 1395 ἀνυσθέν.
1286 1365 1367 1403 Λέγει
1396 1365 1482 1394 τοίνυν
1509 1365 1523 1393 ὁ
1549 1365 1678 1401 Παῦλος,
1704 1363 1743 1393 ὃτι
1772 1362 1822 1392 ὅταν

1037 1411 1124 1440 πάντα
1140 1409 1258 1450 ὑποτάξῃ
1273 1411 1287 1438 ὁ
1303 1409 1382 1446 Υἱὸς,
1402 1410 1460 1438 τότε
1473 1409 1548 1438 ἔσται
1561 1408 1591 1438 τὸ
1607 1409 1693 1442 τέλος.
1706 1407 1771 1438 Τότε
1783 1406 1822 1445 γὰρ

1036 1455 1142 1488 τελείως
1167 1456 1181 1484 ὁ
1203 1454 1320 1494 Χριστὸς
1343 1455 1420 1492 ἡμῶν
1444 1453 1617 1494 βασιλεύσει,
1641 1453 1739 1490 μηκέτι
1758 1463 1822 1489 μερι-

1036 1499 1151 1538 ζομένων
1171 1501 1210 1539 τῷ
1237 1500 1301 1539 Θεῷ
1324 1499 1369 1528 καὶ
1385 1501 1423 1538 τῷ
1447 1498 1646 1538 κοσμοκράτορι
1658 1509 1665 1516 ·
1681 1496 1767 1536 ὥσπερ
1782 1495 1822 1535 γὰρ
1866 1510 1867 1521 ι

1035 1543 1086 1573 ὑπὸ
1109 1544 1236 1583 τυράννου
1261 1542 1463 1582 διηρπασμένην
1486 1542 1534 1578 τὴν
1563 1541 1705 1582 βασιλείαν
1728 1540 1823 1575 ἐξελὼν,
1864 1540 1866 1546 ⁴

1036 1588 1173 1628 ἐλευθέραν
1187 1593 1308 1628 παριστᾷ
1323 1589 1360 1627 τῷ
1375 1587 1477 1626 Πατρί.

1076 1647 1089 1659 ι
1103 1631 1192 1663 Ὅταν
1205 1632 1364 1672 καταργήσῃ
1379 1636 1469 1661 πᾶσαν
1484 1631 1570 1671 ἀρχὴν
1579 1653 1588 1668 ,
1604 1631 1653 1660 καὶ
1664 1636 1752 1660 πᾶσαν
1767 1629 1823 1664 ἔξου-

1037 1676 1096 1708 σίαν
1121 1677 1168 1707 καί
1199 1676 1322 1714 δύναμιν.
1348 1689 1364 1705 ι
1393 1676 1554 1714 Τουτέστιν,
1579 1676 1644 1706 ὅταν
1672 1674 1766 1714 νικήσῃ
1787 1674 1824 1703 καὶ

1037 1721 1128 1761 παύσῄ
1143 1721 1191 1756 τὰς
1205 1721 1323 1762 πονηρὰς
1340 1720 1474 1760 δυνάμεις.
1491 1722 1548 1752 Νῦν
1563 1720 1613 1760 μὲν
1628 1720 1682 1761 γὰρ
1705 1720 1822 1760 ἐνεργοῦσι

1036 1767 1189 1810 πολλαχοῐξ,
1205 1766 1265 1796 τότε
1281 1767 1308 1796 δὲ
1321 1765 1516 1797 παύσονται⁶².

1082 1868 1098 1886 ι
1119 1858 1167 1887 Δεῖ
1179 1857 1230 1897 γὰρ
1246 1857 1325 1886 αὐτὸν
1342 1856 1506 1897 βασιλεύειν,
1527 1855 1606 1896 ἄχρις
1624 1851 1655 1885 οὗ
1673 1855 1706 1885 ἂν
1724 1856 1754 1894 θῇ
1767 1853 1823 1883 πάν-

1036 1914 1083 1936 τας
1108 1901 1167 1935 τοὺς
1190 1901 1300 1942 ἐχθροὺς
1324 1901 1375 1931 ὑπὸ
1397 1901 1458 1934 τοὺς
1481 1900 1563 1934 πόδας
1587 1901 1681 1930 αὑτοῦ.
1697 1898 1824 1942 ΖΕοχαι-ο(

1037 1947 1128 1986 ἐχθρὸς
1149 1940 1322 1986 καταργεῖται
1344 1948 1359 1976 ὁ
1373 1945 1498 1980 θάνατος.
1522 1958 1535 1972 ι
1549 1945 1672 1982 ,Ἐπειδή
1688 1940 1774 1980 εἶπεν,
1791 1942 1823 1972 ὅτι

1039 1992 1130 2029 μέλλει
1156 1993 1328 2031 καταργῆσαι
1355 1991 1402 2024 τὰς
1425 1989 1608 2024 ἀποπατικᾶς
1631 1989 1768 2028 δυνάμεις,
1787 1987 1823 2016 καὶ

1039 2036 1154 2075 τρόπαια
1167 2037 1288 2071 ποιῆσαι,
1306 2035 1374 2069 εἰκὸς
1388 2035 1416 2065 δὲ
1431 2031 1463 2071 ’ἧν
1479 2046 1538 2063 τινα
1550 2035 1675 2064 διστάσαι
1689 2034 1733 2063 καὶ
1744 2034 1823 2066 εἰπεῖν,

1039 2074 1079 2110 ὅτι
1095 2079 1175 2114 Ἴσως
1191 2079 1314 2116 ἀτονήσει
1329 2080 1379 2114 ἕως
1399 2074 1429 2109 οὗ
1446 2079 1546 2118 ποιήσῃ
1569 2081 1656 2108 ταῦτα
1672 2078 1767 2114 πάντα,
1787 2075 1823 2106 καὶ

1039 2125 1069 2154 οὗ
1092 2123 1130 2164 μὴ
1157 2125 1299 2160 δυνήσεται
1323 2125 1465 2164 πληρῶσαι
1491 2123 1578 2152 αὐτά·
1599 2124 1699 2164 φησὶν,
1718 2121 1757 2151 δτι
1775 2121 1823 2151 Οὖι

1040 2169 1181 2205 ἀτονήσει,
1202 2169 1271 2199 ἀλλὰ
1288 2182 1300 2196 οι
1318 2169 1357 2198 δεῖ
1371 2168 1449 2198 αὐτὸν
1465 2168 1635 2208 βασιλεύειν,
1651 2181 1663 2194 ι
1682 2166 1808 2197 τουτέστιν
1811 2186 1824 2210 -,

1040 2216 1076 2248 ὡς
1097 2212 1209 2253 βασιλέα
1223 2214 1268 2243 καὶ
1284 2215 1319 2246 ὡς
1339 2212 1448 2244 δυνατὸν
1463 2212 1694 2253 ἀναστρέφεσθαι,
1717 2211 1788 2251 ἄχρις
1801 2211 1822 2238 οὗ

189 2263 321 2296 tanquam
340 2267 432 2295 regem
453 2263 481 2287 et
494 2262 634 2294 potentem
654 2259 767 2294 versari,
785 2260 874 2289 donec
894 2262 981 2298 subje-

1078 2258 1159 2297 οτάξῃ
1174 2258 1232 2291 τοὺς
1253 2258 1378 2298 ἐχθροὺς,
1393 2257 1438 2286 καὶ
1453 2257 1584 2297 ἔσχατον,
1600 2257 1644 2287 τὸν
1665 2256 1783 2286 θάνατον.
1796 2253 1824 2304 ᾫ

189 2304 259 2332 cerit
274 2303 384 2338 hostes,
412 2311 444 2332 ac
460 2303 548 2339 ipsam
572 2303 671 2332 ultimo
686 2309 815 2332 mortem.
841 2306 894 2342 Qui
910 2307 981 2334 enim

1077 2315 1090 2343 ρ
1112 2303 1156 2332 τὸν
1181 2302 1301 2332 διάϐολον
1331 2301 1481 2339 ὑποτάξας,
1505 2302 1638 2341 πρόδηλον
1665 2300 1705 2330 ὅτι
1733 2299 1776 2329 καὶ
1799 2299 1822 2327 τὸ

186 2348 327 2377 diabolum
356 2348 477 2384 subegit,
493 2348 670 2384 perspicuum
699 2350 833 2386 estquod
852 2355 879 2378 et
911 2359 981 2387 opus

1077 2360 1110 2377 νον
1125 2349 1204 2376 αὐτοῦ
1215 2370 1224 2386 ,
1236 2347 1280 2376 τὸν
1297 2347 1408 2376 θάνατον
1424 2345 1558 2380 ὓποτάξει.
1574 2347 1637 2379 Πῶς
1650 2345 1673 2375 δ’
1689 2345 1720 2374 ἂν
1739 2343 1820 2385 φανείη

186 2393 271 2429 ipsius
287 2396 406 2420 mortem
422 2392 555 2428 subjiciet.
571 2393 716 2428 Quomodo
735 2398 829 2423 autem
842 2395 981 2424 subditam

1089 2391 1221 2431 ὑπετάγη,
1241 2393 1263 2422 εἷ
1279 2391 1316 2430 μὴ
1333 2391 1367 2420 τὰ
1380 2391 1495 2430 σώματα
1510 2391 1528 2420 ἃ
1545 2393 1680 2430 κατεῖχεν,
1699 2388 1820 2427 ἐξεμσω

183 2441 399 2477 esseappareat,
424 2437 608 2477 nisi_c_orp_ora
635 2446 696 2473 qua:
709 2440 886 2474 continebat,
912 2448 980 2468 evo-

1077 2448 1104 2466 τε
1122 2436 1173 2477 γὰρ
1189 2437 1285 2477 κυρίως
1307 2438 1436 2473 ἡττᾶται,
1449 2436 1513 2466 ὅταν
1533 2435 1581 2466 καὶ
1600 2435 1634 2465 τὰ
1655 2435 1741 2464 σκύλα
1754 2434 1819 2471 διαρ-

220 2473 229 2491 ¹
250 2473 321 2501 Psal.
335 2480 371 2507 ιι,
385 2476 411 2500 8.
451 2477 471 2491 ιη
484 2473 583 2502 Matth.
601 2481 712 2510 xxvtu,
730 2478 774 2503 18.

891 2511 988 2542 Varia:
1010 2512 1165 2542 lectiones.

221 2549 241 2567 σι
261 2548 439 2582 ἀποστήσαντα
463 2556 491 2578 ο.
526 2548 552 2591 θ’
579 2550 724 2577 παύσονται.
753 2550 921 2588 Καταργήσῃ,
946 2553 1012 2580 τοῦτ’
1037 2552 1115 2585 ἔστιν,
1138 2553 1198 2580 ὅταν
1220 2553 1325 2589 νικήσῃ,
1339 2552 1381 2579 καὶ
1401 2552 1491 2588 παύσῃ-
1513 2556 1556 2579 νῦν
1581 2551 1625 2587 μὲν
1650 2551 1700 2587 γὰρ
1719 2549 1820 2591 ἐνεργοῦς

185 2599 224 2616 σιν
260 2589 287 2616 αἱ
313 2589 422 2625 πονηραὶ
445 2589 488 2616 καὶ
519 2588 685 2617 ἄποστατικαὶ
720 2591 850 2626 δυνάμεις·
876 2586 933 2619 τότε
968 2593 995 2620 δὲ
1029 2592 1073 2619 οὒκ
1103 2593 1132 2619 ἂν
1165 2586 1326 2628 ἐνεργήσουσι
1364 2593 1398 2624 εὶς
1422 2586 1527 2618 κόλασιν
1554 2586 1754 2627 πάραδιόὁμεναι.
1783 2586 1822 2628 lt!“

182 2630 287 2662 ἅλλως’
316 2629 424 2666 Ὁμοίως
450 2629 524 2665 φησὶν
545 2629 560 2656 ὁ
579 2629 666 2663 Δαυῖὂ,
689 2630 735 2658 Ἐν
765 2634 797 2668 τῇ
822 2634 879 2668 σκιᾷ
902 2636 953 2660 τῶν
974 2633 1102 2669 πτερύγων
1125 2643 1169 2659 σου
1195 2626 1273 2660 ἔλπιῶ
1302 2634 1348 2664 ἕως
1370 2633 1480 2669 παρέλθῃ
1511 2632 1527 2666 ἢ
1550 2626 1651 2668 ἀνομία.
1700 2631 1759 2658 Τότε
1782 2626 1820 2663 γὰρ

182 2672 330 2707 παρέργεται
353 2671 545 2707 [παρέρχεται],
565 2671 625 2698 ὅταν
654 2671 679 2698 αἱ
705 2671 783 2708 ἀρχαὶ
809 2673 852 2699 καὶ
871 2673 978 2704 ἐξουσίαι
1007 2674 1184 2709 χαταργηθῶσι
1214 2673 1256 2700 καὶ
1284 2673 1443 2709 ἀνενέργητοι
1470 2674 1563 2708 μένωσι
1594 2681 1632 2701 m.
1664 2669 1819 2711 Aboleveril,‘

182 2711 232 2740 hoc
246 2714 296 2745 est,
307 2719 366 2739 cum
385 2713 489 2746 uicerit,
501 2714 526 2740 et
536 2714 724 2747 compescuerit
740 2722 748 2741 :
761 2721 831 2741 nunc
845 2715 916 2741 enim
927 2719 1077 2750 operantur
1084 2722 1179 2749 pravw
1191 2717 1217 2742 ct
1227 2716 1386 2749 apostaticw
1399 2716 1561 2749 potestates;
1577 2716 1640 2740 tunc
1650 2719 1712 2740 vero
1725 2715 1817 2750 opem"

182 2760 235 2780 non
244 2754 373 2787 poterunt
393 2772 401 2783 ,
415 2753 508 2786 utpote
519 2753 548 2780 in
562 2753 726 2788 supplicium
734 2754 795 2789 jam
801 2755 923 2782 tradita.
936 2748 973 2782 Et
988 2753 1072 2782 aliter
1084 2748 1097 2780 ἓ
1110 2755 1203 2782 Simili
1213 2748 1290 2781 modo
1304 2755 1345 2782 ait
1359 2748 1448 2781 Dauid
1465 2753 1529 2789 (Ps.
1550 2760 1612 2786 m,
1625 2753 1650 2788 ε)
1664 2763 1671 2780 ;
1686 2753 1717 2780 In
1735 2748 1815 2778 umbra

181 2793 292 2830 atan
306 2794 418 2830 tuarum
427 2792 550 2827 sperabo,
564 2792 644 2820 donec
657 2795 777 2821 transeat
789 2795 939 2830 iniquitas.
950 2796 1020 2822 Tum:
1033 2795 1106 2822 enim
1120 2795 1224 2823 transit
1235 2795 1383 2830 iniquitas,
1398 2801 1459 2822 cum
1469 2794 1642 2830 principatus
1652 2795 1679 2821 at
1687 2790 1816 2828 potestates

181 2828 332 2857 abolentur.
347 2830 372 2856 et
387 2827 488 2862 absque
502 2830 659 2862 operatione
677 2832 817 2858 maneant.
