1867 3081
67 172 114 198 765

482 171 658 200 EXPOSlTlO
677 172 710 200 IN
729 172 835 200 EPIST.
858 173 868 201 l
886 173 932 201 ΑΙ)
952 173 1030 202 COR.
1052 190 1086 196 —
1105 176 1180 204 CAP.
1201 175 1256 203 XV.

1655 176 1706 202 766

66 234 144 272 παγῇ-
161 232 210 270 Ιίὴ
231 232 329 271 τοίνυν,
343 234 439 275 φησὶν,
459 233 587 271 ὰκούσας,
610 234 650 265 ὅτι
665 239 754 265 πᾶσαν
769 235 855 276 ἀρχὴν
870 240 896 272 Α
911 244 992 266 muer

950 238 1035 266 ierit?
1050 239 1123 266 Tum
1136 238 1213 267 enim
1227 239 1339 275 proprie
1351 239 1464 268 victoria
1478 240 1625 276 obtinetur,
1640 248 1706 269 cum

66 278 108 307 καὶ
125 278 241 312 ἐξουσίαν
261 279 443 319 καταργήσει,
461 280 579 321 φοϐηθῇς
598 279 639 310 ὄτι
659 281 795 318 ἆτονήσει,
810 280 856 310 καὶ

66 324 92 352 οὗ
107 322 142 361 μὴ
167 323 265 363 ποιήσῃ
285 326 382 355 ταῦτα.
407 324 520 361 Ποιήσει
543 325 595 366 γὰρ
613 325 701 355 πάντα
716 326 753 362 ⁸³,
781 328 857 365 βασι-

66 367 143 397 λεύων
168 367 214 397 καὶ
240 369 344 398 διοικῶν
370 369 415 399 τὸν
444 370 580 409 πόλεμον,
608 370 658 404 ἕως
682 366 712 400 οὗ
739 371 856 410 ὑποτάξῃ

66 412 168 446 πάντας.
186 412 270 454 Ὁρᾷς
284 413 325 443 ὅτι
339 414 382 452 τὸ,
404 425 418 443 tt
431 413 541 456 Ἀχρις,
558 425 574 445 ο
590 415 620 444 οὖ
635 415 700 455 πρὸς
722 416 856 455 ἀναίρεσιν

66 459 122 494 τοῦ,
149 457 226 488 Μετὰ
255 461 359 496 ταῦτα,
388 461 492 497 κιῖταις
523 459 605 490 Ἀλλὰ
634 461 666 490 δι’
694 460 726 496 ἢν
754 460 857 500 εἴρηται

67 501 164 539 sitias;
182 503 283 542 Κρατιῖ
306 503 371 544 γὰρ,
395 504 487 544 φησὶν,
511 505 593 534 αὐτοῦ
614 507 632 541 ἡ
653 505 789 544 βασιλεία,
811 505 857 535 καὶ

66 547 109 577 οὐκ
132 547 229 585 ἀτονεῖ,
255 548 304 581 ἕως
325 544 355 578 οὗ
378 548 466 578 πάντα
489 549 663 589 κατορθώσει.
692 551 761 580 Μεθ’
791 551 805 579 8
829 550 856 580 δὲ

66 591 231 631 κατορθώσει,
241 593 333 633 πολλῷ
347 594 459 631 μᾶλλονο
476 607 487 620 ι
498 595 556 630 Τῆς
565 594 616 634 γὰρ
628 594 765 634 βασιλείας
777 596 857 625 αὐτοῦ

66 636 108 665 οὐκ
121 637 194 666 ἔσται
207 637 291 671 τέλος.
306 651 319 664 ι
335 637 371 668 ’0
383 638 410 668 δὲ
422 638 554 678 Θεολόγος
564 639 707 680 Γρηγόριός
717 651 806 680 φησιν,
816 639 857 669 ὅτι

66 681 208 720 βασιλεύειν
233 684 348 712 ἐνταῦθα
372 683 494 723 λέγεται,
509 684 656 722 τουτέστιν,
679 685 792 724 ἕνεργεῖν
807 684 856 721 τὴν

65 726 203 767 ὑποταγὴν,
216 727 263 757 καὶ
277 727 378 758 τιθέναι
392 730 464 766 ἡμᾶς
479 728 530 758 ὕπὸ
544 729 592 765 τὴν
608 729 688 758 αὐτοῦ
704 728 854 769 βασιλείαν·

64 769 117 800 ὅθεν
129 771 174 800 καὶ
193 773 254 810 μεθ’
279 771 293 801 ὃ
315 774 493 812 ὓποταγῶμεν
509 774 594 814 αὐτῷ,
621 773 736 803 παύεται
763 776 779 810 ἡ
805 785 857 804 τοι-

65 814 126 852 αύτη
143 816 285 855 βασιλεία,
308 817 462 856 τουτέστιν,
486 819 503 853 ἠ
528 818 591 858 πρὸς
616 817 646 847 τὸ
671 818 858 858 βασιλεύεσθαι

64 861 130 898 ἡμᾶς
144 861 188 890 ὑπ’
213 862 297 891 αὖτοῦ
322 861 426 898 σπουδὴ
450 862 496 892 καὶ
522 863 650 904 ᾇνέργεια.
675 862 784 904 Ὠσπερ
807 863 859 904 γὰρ

911 286 938 311 et
951 283 1038 319 spolia
1054 283 1161 320 direpta
1175 283 1288 312 fuerint.
1302 285 1343 312 Ne
1351 284 1433 321 igitur
1447 292 1512 312 cum
1526 284 1622 314 audias
1633 285 1708 322 quod

911 328 1034 357 destruet
1051 336 1163 357 omnem
1182 329 1363 365 principatum
1373 333 1402 358 et
1413 333 1586 366 potestatem,
1599 334 1707 359 metuas

913 373 987 410 quod
1006 374 1110 402 viribus
1132 374 1310 408 destituatur,
1322 382 1374 403 nec
1387 374 1509 403 facturus
1523 375 1559 402 sit
1582 375 1634 403 ista
1651 374 1708 403 :fa-

912 419 965 447 ciet
987 419 1062 447 enim
1076 419 1182 454 omnia,
1202 417 1306 447 bellum
1328 419 1484 456 gubernans
1506 427 1538 448 ac
1560 419 1708 456 disponens

914 463 1045 500 tantisper
1058 464 1126 492 dum
1141 472 1237 492 omnes
1251 464 1400 500 subegerit.
1411 463 1508 493 Viden’
1520 464 1604 500 quod,
1619 476 1632 489 ι
1649 466 1708 492 Do-

911 517 977 542 nec,
994 520 1007 534 ιο
1027 516 1085 537 non
1108 514 1227 545 ponatur
1249 508 1284 537 ad
1313 509 1480 543 tollendum,
1510 509 1646 538 Posthac?
1671 511 1711 537 At

912 561 965 590 qua
984 553 1018 582 de
1037 561 1118 582 causa
1139 554 1246 582 dictum
1261 554 1320 582 est?
1335 554 1419 590 222
1442 555 1530 582 Durat
1549 554 1625 582 enim
1649 555 1709 590 ejus

913 598 1061 634 imperium
1071 619 1078 632 ,
1094 598 1196 634 inquit,
1211 606 1263 626 nec
1276 597 1492 632 labefactabitur,
1515 598 1603 627 donec
1614 599 1708 627 omnia

911 642 1068 672 confecerit.
1082 644 1234 680 Postquam
1251 651 1314 672 vero
1331 644 1425 672 omnia
1444 643 1601 678 confecerit,
1620 643 1708 672 multo

912 688 1000 724 magis
1023 689 1120 724 :regni
1142 689 1215 716 enim
1234 689 1293 724 ejus
1312 696 1369 716 non
1388 689 1441 716 erit
1459 687 1532 716 ﬁnis.
1558 689 1709 724 Gregorius

911 738 1005 762 autem
1019 733 1175 770 Theologus
1194 734 1242 767 ait,
1255 733 1329 769 quod
1342 741 1456 770 regnare
1475 733 1519 761 hic
1532 733 1642 768 dicitur,
1656 732 1708 762 hoc

911 783 957 806 est
974 778 1061 806 facere
1079 779 1219 814 operative
1234 778 1445 815 subjectionem,
1462 786 1568 814 nosque
1587 786 1638 807 suo
1653 778 1709 806 im-

915 823 992 859 perio
1013 823 1141 852 subdere.
1165 823 1248 852 Unde
1270 829 1416 860 potsquam
1438 823 1553 860 subjecti
1577 822 1710 851 fuerimus

915 867 978 904 ipsi,
1001 872 1090 896 cessat
1112 867 1273 904 hujusmodi
1287 876 1403 904 regnum
1414 888 1422 903 ,
1435 867 1489 896 hoc
1500 872 1542 897 est
1555 872 1671 896 conatus
1683 871 1710 896 et

65 905 190 945 οἰκοδομεῖ
214 908 229 936 6
244 906 384 946 οἰκοδόμος
408 907 485 947 ἄχρις
509 903 539 937 οἷ
555 910 587 947 θῇ
601 907 645 938 τὸν
662 903 774 949 ὄροφον,
791 903 860 947 μετᾶ
877 906 901 938 Β
915 903 992 941 efﬁca

950 912 1050 947 icacia,
1075 921 1127 949 qua
1150 903 1182 941 in
1211 903 1391 949 gubernando
1412 916 1440 942 et
1463 913 1636 949 subjiciendo
1659 921 1710 941 nos

65 949 184 980 δὲταῦτα
210 951 338 992 σχολάζει
359 955 406 982 τοῦ
426 952 506 992 ἔργον
527 952 622 982 τούτου
642 955 689 994 τῇς
709 953 860 992 οὶκοδομῆς·

64 994 128 1024 οὕτω
149 995 195 1025 καὶ
218 998 234 1026 6
261 997 324 1030 Υἱὸς
350 997 496 1036 βασιλεύει,
512 997 664 1035 τουτέστιν,
691 998 792 1037 ἐνεργεῖ
813 998 861 1034 τὴν

64 1039 97 1073 εἰς
113 1041 183 1079 ἡμᾶς
205 1042 288 1071 αὐτοῦ
315 1042 469 1082 βασίλευσιν
498 1041 575 1083 ἄχρις
596 1037 625 1072 o6
652 1044 859 1083 βασιλευθῶμεν.

915 965 981 986 usus
998 962 1050 986 est.
1065 958 1182 986 Perinde
1200 965 1322 994 namque
1344 966 1376 986 ac
1389 957 1553 986 architectus
1576 958 1709 992 aediﬁcat,

915 1010 1003 1039 usque
1016 1002 1082 1030 dum
1098 1007 1201 1031 tectum
1224 1003 1399 1040 opposuerit;
1414 1006 1507 1039 postea
1523 1011 1588 1031 vero
1603 1003 1637 1031 ab
1657 1003 1710 1030 hoc

915 1047 1067 1076 zediﬁcandi
1083 1055 1166 1084 opere
1182 1047 1291 1076 desistit
1308 1048 1378 1076 hanc
1396 1047 1431 1076 ad
1452 1047 1586 1076 rationem
1612 1051 1641 1076 et
1665 1047 1710 1076 Fi-

65 1087 113 1116 lius
129 1094 243 1127 regnat,
261 1089 314 1119 hoc
334 1094 377 1119 est
395 1095 526 1127 operatur
546 1095 575 1120 et
594 1096 703 1120 exercet
724 1091 870 1128 imperium
888 1100 971 1121 suum
992 1092 1021 1120 in
1044 1093 1248 1130 nos_tantisper
1264 1093 1332 1122 dum
1355 1100 1442 1130 regno
1462 1092 1523 1129 ejus
1537 1092 1617 1130 plane
1643 1092 1710 1121 sub-

61 1133 144 1170 jugati
158 1135 304 1164 fuerimus.

103 1190 119 1210 ε
140 1181 235 1211 Πάντα
263 1180 315 1222 γὰρ
339 1181 467 1216 ὑπέταξεν
494 1182 547 1212 ὑπὸ
577 1181 638 1215 τοὺς
660 1182 744 1216 πόδας
768 1183 859 1213 αἰτοῦ.

64 1224 145 1255 Ὅταν
167 1225 194 1256 δὲ
219 1225 297 1266 εἴπῃ,
322 1225 363 1256 ὅτι
385 1226 473 1256 πάντα
497 1226 694 1267 ὓποτέτακται,
715 1228 794 1263 δῆλον
820 1228 860 1258 δτι

65 1269 133 1312 ἐκτὸς
155 1273 202 1300 τοῦ
228 1271 408 1305 ὑποτάξαντος
430 1273 503 1312 αὐτῷ
521 1271 554 1302 τὰ
578 1272 678 1304 πάντα.
701 1285 717 1301 ι
746 1273 859 1309 Ἐπειδὴ

66 1309 118 1344 εἷπε
134 1315 195 1356 περὶ
208 1319 258 1346 τοῦ
273 1316 350 1354 Υῐοῦ,
366 1316 407 1346 ὅτι
425 1309 592 1357 καταργήσει
606 1317 665 1352 τοὺς
682 1317 802 1358 ἐχθροὺς,
815 1318 861 1347 καὶ

65 1359 183 1398 τρόπαιον
214 1359 376 1401 ἐργάσεται,
409 1361 526 1402 ἐφοϐήθη
559 1362 596 1400 μὴ
623 1363 691 1399 άλλη
721 1374 762 1396 τις
790 1362 860 1403 ἀρχὴ

66 1397 202 1442 ἀγέννητος
230 1397 346 1444 νομισθῇ
368 1397 389 1436 νδ
421 1397 492 1440 i164.
517 1397 596 1437 Ἐπὶ.
610 1407 654 1436 τὸν
683 1397 862 1447 Πατέρα

66 1449 185 1489 ἀναφέρει
208 1449 246 1480 τὰ
271 1451 375 1488 πάντα,
399 1451 484 1490 λέγων
514 1450 554 1481 ὅτι
579 1452 656 1486 αὐτὸς
683 1451 795 1486 ὓπέταξε
823 1452 861 1493 τῷ

67 1493 119 1534 Tit?!
132 1493 191 1528 τοὺς
218 1495 340 1535 ἐχθρούς.
357 1495 436 1526 Ἐπεὶ
460 1495 488 1526 δὲ
513 1495 577 1537 πρὸς
593 1495 731 1532 ’Έλληνας
751 1497 861 1537 ἔγραφε,

65 1537 118 1572 τοὺς
131 1539 288 1574 δοξάζοντας
303 1540 345 1570 ὅτι
364 1542 402 1581 τῷ
416 1540 499 1580 πατρὶ
519 1541 600 1570 αὐτοῦ
617 1541 713 1582 Κρόνῳ
729 1541 861 1578 ἐπανέστη

65 1582 164 1620 ὁΖεὺς,
179 1583 225 1614 καὶ
245 1585 392 1626 παρέλυσεν
415 1585 493 1615 αὐτὸν
515 1587 562 1622 τῆς
579 1587 727 1625 βασιλείας⁶
745 1586 861 1626 ἐφοϐήθη

67 1627 102 1666 μή
116 1640 141 1657 τι
158 1631 277 1659 τοιοῦτον
301 1629 368 1670 ὑπὲρ
382 1630 408 1650 ⁶⁴
424 1633 470 1660 τοῦ
492 1631 563 1660 Υἱοῧ
588 1631 805 1669 ὃποπτεύσωσιν,
827 1633 863 1664 ὡς

67 1673 262 1729 ἐπαναστάντος
276 1675 316 1713 τῷ
331 1674 429 1714 Πατρὶ,
448 1675 495 1705 καί
508 1687 602 1716 φησιν,
628 1675 668 1705 ὅτι
683 1676 779 1706 Πάντα
795 1677 863 1706 ὓπο-
881 1698 903 1729 C

68 1728 79 1729 γ
96 1728 107 1729 γ
225 1719 243 1727 .-
270 1719 326 1729 νρ..
391 1719 420 1729 «ι
498 1722 515 1729 ..
541 1722 567 1729 η
630 1721 636 1729 ι
693 1722 702 1729 .
733 1723 746 1729 -
829 1720 836 1729 ι

65 1715 187 1747 τέτακται
205 1719 246 1758 τῷ
270 1719 345 1760 mp,
370 1719 441 1756 πλὴν
468 1715 519 1750 τοῦδ
541 1721 659 1761 Πατρός*
690 1722 787 1755 ἐκεῖνος
808 1720 860 1762 γὰρ

66 1762 162 1799 μᾶλλον
176 1763 292 1798 ὑπέταξε
312 1763 358 1794 καὶ
371 1764 458 1795 τᾶλλα
472 1765 560 1795 πάντα
575 1766 614 1806 τῷ
629 1767 698 1807 Υῐῷ.

103 1820 116 1833 ε
130 1806 218 1837 ὀταν
236 1807 265 1837 δὲ
283 1809 404 1850 ὑποταγῇ
421 1811 493 1850 αὐτῷ
507 1809 541 1840 τὰ
558 1810 657 1847 πάντα,
671 1806 730 1840 τότε
754 1811 800 1840 καὶ
817 1812 862 1840 αὖ·

66 1849 105 1884 τὸ(
125 1853 140 1881 6
163 1852 227 1886 Υἱὸς
251 1854 450 1893 ὑποταγήσεται
541 1855 705 1890 ὑποτάξαντι
732 1855 802 1895 αὖτῷ
828 1855 861 1884 τὰ

65 1895 156 1925 πάντα.
172 1909 186 1924 ι
200 1897 264 1928 Ἵνα
276 1898 314 1937 μή
329 1911 368 1933 τις
383 1899 458 1939 εἴπῃ,
475 1899 516 1930 ὅτι
529 1901 563 1930 Εἰ
575 1899 622 1930 καὶ
634 1900 672 1939 μὴ
685 1900 862 1930 ὑποτέτακται

64 1940 100 1983 τῷ
123 1941 181 1982 Υἷῷ
201 1944 215 1972 6
231 1942 330 1983 Πατὴρ
353 1943 391 1983 ⁸⁵,
407 1944 482 1974 οὐδὲν
504 1945 601 1974 κωλύει
625 1945 669 1975 τὸν
696 1944 762 1976 Υἱὸν
784 1945 862 1975 αὐτοῦ

64 1979 229 2026 ἰσχυρότερον
259 1979 337 2017 εἶναι’
362 1979 462 2025 ταύτην
487 1988 537 2025 τὴν
561 1989 684 2019 ὑπόνοιαν
709 1989 736 2010 θθ
759 1990 789 2018 ἐκ
809 2001 860 2018 πε-

67 2030 177 2069 ριουσίας
191 2033 311 2072 ἀναιρεῖ,
327 2033 375 2062 καί
399 2045 495 2073 φησιν,
517 2033 558 2064 ὅτι
577 2034 622 2064 καὶ
648 2036 662 2064 6
678 2034 740 2068 Υἱὸς
759 2035 863 2063 ὑποτα-

65 2073 171 2112 γήσεται
199 2077 240 2116 τῷ
267 2077 369 2116 Πατρὶ,
391 2077 440 2114 τὴν
455 2078 557 2115 πολλὴν
576 2078 700 2117 ὄμόνοιαν
725 2081 771 2108 τοῦ
796 2080 861 2109 Υἱοῦ

66 2119 126 2158 πρὸς
139 2120 183 2149 τὸν
201 2121 314 2162 Πατέρα
329 2122 442 2156 δεικνύς,
458 2121 542 2153 Ὥστε
568 2125 660 2163 γνῶθι,
678 2124 718 2153 ὅτι
736 2126 750 2154 6
765 2123 862 2163 Πατήρ

66 2163 132 2208 ἐστιν
151 2164 225 2194 αἰτία
245 2166 290 2195 καὶ
306 2167 380 2206 πηγὴ
395 2169 442 2203 τῆς
459 2167 596 2207 δυνάμεως
608 2169 708 2205 ταύτης
733 2170 769 2208 τῷ
791 2169 861 2208 Υἱῷ,

67 2207 109 2236 καὶ
122 2209 172 2249 οὔχ
193 2211 208 2238 6
224 2210 290 2244 Υἱὸς
311 2211 389 2251 ἑτέρα
406 2211 445 2246 τίς
468 2214 525 2243 ἐστι
544 2211 654 2251 δύναμις
679 2207 810 2246 ἀντίθετος

67 2252 160 2293 Πατρί.
182 2255 218 2285 Εἰ
236 2254 264 2284 δὲ
287 2255 368 2285 πλέον
390 2259 435 2287 τοῦ
451 2257 553 2291 δέοντος
568 2260 679 2297 ταπεινῇ
695 2257 764 2292 λέξει
781 2257 863 2298 ἐχρή-

948 1184 1040 1212 Vens.
1057 1185 1100 1212 27.
1119 1194 1132 1208 α
1144 1183 1245 1212 Omnia
1257 1190 1377 1220 namque
1386 1182 1503 1219 subjecit
1515 1182 1630 1218 pedibus
1640 1182 1712 1220 ejus.

914 1228 1031 1265 Quando
1045 1232 1140 1256 autem
1152 1227 1238 1262 dicat,
1251 1228 1325 1265 quod
1339 1227 1432 1256 omnia
1453 1227 1577 1264 subjecta
1594 1232 1659 1256 sunt
1676 1228 1711 1260 ei,

915 1272 1041 1301 videlicet
1054 1277 1154 1309 praeter
1168 1281 1233 1301 eum
1252 1273 1300 1309 qui
1317 1273 1343 1301 ei
1357 1273 1474 1308 subjecit
1488 1272 1591 1301 omnia.
1610 1284 1623 1297 ν
1641 1273 1712 1308 Quia

914 1317 1020 1345 dixerat
1040 1317 1075 1346 de
1095 1318 1164 1346 Filio
1187 1317 1263 1354 quod
1284 1317 1437 1346 aboliturus
1460 1317 1495 1346 sit
1518 1316 1622 1350 hostes,
1651 1321 1710 1346 tro-

915 1370 1029 1399 paaaque
1044 1367 1196 1397 erecturus,
1212 1362 1313 1390 metuit
1326 1370 1361 1390 ne
1385 1361 1460 1390 aliud
1482 1361 1622 1398 quoddam
1638 1361 1713 1397 prin-

917 1407 1018 1443 cipium
1045 1407 1197 1443 ingenitum
1218 1407 1393 1435 existimetur
1412 1406 1508 1435 Filius.
1532 1405 1577 1434 Ad
1601 1407 1711 1434 Patrem

915 1451 998 1488 igitur
1013 1452 1106 1480 omnia
1124 1451 1219 1486 refert,
1235 1451 1371 1487 inquiens,
1387 1451 1462 1487 quod
1473 1451 1530 1487 ipse
1545 1451 1613 1480 Filio
1622 1451 1712 1488 subje-

916 1497 983 1524 cerit
997 1496 1098 1524 hostes.
1115 1496 1183 1532 Quia
1200 1504 1265 1524 vero
1279 1496 1315 1524 ad
1337 1496 1450 1525 Graecos
1477 1496 1626 1531 scribebat,
1645 1504 1713 1532 quo-

916 1549 979 1570 rum
994 1541 1087 1577 opinio
1101 1546 1159 1569 erat
1175 1541 1249 1577 quod
1257 1541 1367 1577 Jupiter
1379 1541 1569 1569 insurrexisset
1582 1541 1713 1569 adversus

917 1590 1024 1622 patrem
1034 1594 1115 1614 suum
1126 1587 1288 1620 Saturnum,
1302 1594 1422 1622 eumque
1433 1593 1540 1622 eregno
1553 1585 1711 1622 dejecisset:

917 1631 1019 1659 metuit
1033 1638 1068 1658 ne
1085 1631 1140 1658 tale
1153 1630 1285 1667 quiddam
1300 1630 1334 1658 de
1355 1630 1423 1658 Filio
1437 1631 1651 1666 suspicarentur,
1662 1638 1713 1658 ceu

918 1675 1075 1711 insurgente
1100 1675 1228 1704 adversus
1253 1677 1381 1709 Patrem;
1411 1675 1449 1703 ait
1475 1675 1580 1711 itaque,
1612 1675 1713 1704 Omnia

917 1720 983 1749 Filio
997 1724 1063 1748 sunt
1072 1719 1207 1756 subjecta,
1225 1719 1338 1756 dempto
1353 1721 1437 1748 Patre
1453 1729 1460 1749 :
1476 1727 1543 1748 nam
1567 1719 1612 1748 ille
1623 1719 1715 1756 potius

915 1766 1009 1794 omnia
1024 1765 1076 1793 alia
1096 1765 1163 1793 Filio
1175 1765 1301 1801 subjecit.

952 1811 1043 1838 Vsus.
1065 1812 1110 1837 28.
1134 1820 1148 1835 ‹‹
1176 1810 1247 1838 Cum
1269 1813 1364 1837 autem
1393 1808 1515 1844 subjecta
1540 1809 1646 1837 fuerint
1660 1808 1712 1845 ipsi

916 1854 1021 1890 omnia,
1043 1858 1111 1882 tunc
1133 1858 1161 1882 et
1181 1854 1237 1889 ipse
1256 1854 1342 1882 Filius
1363 1852 1523 1889 subjicietur
1541 1853 1574 1887 ei,
1603 1853 1649 1889 qui
1676 1853 1713 1881 illi

916 1899 1035 1936 subjecit
1052 1898 1153 1927 omnia.
1176 1910 1189 1923 ι
1209 1899 1250 1926 Ne
1264 1897 1324 1934 quis
1338 1897 1420 1931 dicat,
1436 1897 1493 1924 Etsi
1505 1898 1585 1925 Pater
1596 1905 1654 1925 non
1673 1902 1714 1926 est

915 1944 1055 1980 subjectus
1064 1943 1144 1976 Filio,
1157 1942 1224 1971 nihil
1235 1942 1363 1979 prohibet
1372 1943 1453 1970 Patre
1460 1941 1559 1970 Filium
1571 1941 1713 1970 fortiorem

916 1997 976 2018 esse
993 1999 1000 2017 :
1016 1988 1088 2017 hanc
1109 1987 1294 2024 suspicionem
1318 1995 1351 2015 ex
1378 1986 1530 2015 abundanti
1555 1986 1645 2021 diluit,
1671 1986 1712 2014 in-

916 2034 1016 2070 quiens
1039 2032 1114 2070 quod
1136 2037 1163 2061 et
1179 2032 1262 2061 Filius
1283 2031 1443 2068 subjicietur
1461 2031 1544 2065 Patri,
1564 2031 1626 2059 Filii
1647 2038 1710 2068 erga

915 2081 1023 2108 Patrem
1037 2078 1156 2106 multam
1166 2076 1344 2106 concordiam
1359 2080 1387 2104 et
1395 2076 1606 2104 unanimitatem
1620 2079 1714 2104 osten-

915 2124 992 2152 dens.
1009 2123 1126 2152 Noveris
1140 2123 1232 2158 itaque
1245 2123 1356 2149 Patrem
1369 2129 1429 2149 esse
1443 2129 1556 2149 causam
1568 2125 1595 2149 et
1609 2119 1714 2148 fontem

917 2169 1045 2204 potentiae
1060 2166 1143 2202 huius
1157 2166 1187 2194 in
1201 2165 1281 2199 Filio,
1295 2173 1383 2201 neque
1396 2165 1496 2193 Filium
1510 2165 1591 2192 aliam
1615 2172 1715 2201 quam-

915 2213 988 2248 piam
1003 2212 1058 2240 vim
1074 2210 1147 2239 Patri
1159 2210 1314 2246 oppositam
1327 2214 1413 2246 putes.
1425 2209 1505 2245 Quod
1515 2209 1538 2238 si
1548 2209 1607 2245 plus
1630 2217 1715 2245 quam

915 2265 966 2294 par
988 2261 1032 2285 est
1045 2255 1140 2284 humili
1161 2255 1282 2283 dictione
1302 2263 1369 2283 usus
1391 2259 1448 2288 est,
1464 2262 1499 2282 ne
1525 2254 1650 2282 mireris:
1673 2258 1714 2282 est

67 2307 136 2332 οατο,
154 2297 193 2336 μὴ
220 2298 372 2340 θαυμάσῃς·
399 2301 454 2335 ἔθος
470 2301 522 2342 γὰρ
539 2302 595 2342 ἔχει
621 2303 635 2332 6
654 2304 773 2338 Παῦλος,
795 2301 858 2331 ὅταν
874 2308 897 2338 [)
912 2302 986 2331 enim

950 2302 986 2330 im
1009 2302 1038 2329 in
1055 2308 1133 2328 more
1148 2300 1212 2328 divo
1227 2299 1322 2334 Paulo,
1346 2303 1388 2334 ut,
1413 2299 1437 2327 si
1456 2298 1563 2335 quando
1592 2298 1715 2326 funditus

68 2341 153 2379 μέλλει
167 2343 312 2387 πρόῤῥιζόν
331 2356 357 2374 τι
370 2345 534 2383 ἇνασπᾶσαι,
553 2341 642 2387 πολλῇ
663 2349 810 2386 κεχρῆσθαι

66 2387 200 2427 περιουσίᾳ
215 2389 253 2408 ‘7'
282 2385 353 2426 οἷον,
371 2390 474 2428 μέλλων
490 2390 573 2425 δεῖξαι
591 2385 635 2420 ὅτι
653 2394 670 2427 ἡ
686 2385 768 2428 πιστὴ
792 2385 858 2431 γυνὴ

66 2431 93 2477 οὔ
118 2432 267 2477 βλάπτεται
293 2437 449 2465 συνοικοῦσα
471 2437 509 2475 τῷ
535 2435 641 2476 ἀπίστῳ
660 2435 749 2477 ἀνδρὶ,
775 2432 858 2472 εἶπεν,

66 2474 104 2521 ὅτι
121 2490 133 2503 ι
148 2475 298 2517 Ἦγίασται
323 2481 337 2508 6
353 2480 421 2520 ἀνήρ
437 2481 451 2509 6
476 2474 587 2514 ἄπιστος
613 2474 640 2510 ὲν
662 2483 694 2521 τῇ
711 2474 830 2519 γυναικί·
848 2494 859 2507 ιι

67 2519 95 2549 οὗ
117 2523 194 2552 τοῦτο
219 2523 314 2562 λέγων,
328 2523 369 2553 δτι
392 2519 504 2559 ἄπιστος
529 2523 565 2554 ὢν
581 2526 596 2555 6
612 2519 688 2565 ἀνὴρ
702 2525 776 2565 ἅγιος
794 2525 861 2565 γίνε-

67 2575 119 2604 ται,
135 2567 205 2596 ἀλλὰ
286 2568 421 2610 ὑπερϐολῇ
447 2571 493 2599 τοῦ
519 2570 637 2609 ῥήματος
659 2570 795 2607 δεικνύων,
821 2569 863 2599 ὅτι

68 2609 138 2639 οὖδὲν
154 2611 308 2651 βλάπτεται
321 2615 338 2650 ἡ
356 2609 449 2649 πιστή.
466 2613 549 2646 Οὕτω
563 2615 610 2644 καὶ
627 2615 739 2644 ἐνταῦθα
755 2616 792 2654 τῷ
818 2616 865 2650 τῆς

70 2655 199 2695 ὗποταγῆς
229 2657 340 2696 ὀνόματι
367 2658 508 2700 πρόῤῥιζον
535 2661 643 2700 ἀνασπᾷ
669 2657 718 2695 τὴν
745 2658 865 2699 πονηρὰν

102 2732 115 2752 ι
131 2737 220 2766 lCor.
235 2745 293 2773 vn,
309 2741 355 2767 14.

912 2346 1062 2384 quidquam
1079 2345 1175 2373 tollere
1198 2343 1276 2376 velit,
1293 2344 1378 2372 multa
1391 2347 1487 2372 utatur
1510 2342 1712 2371 redundantia:

913 2390 1148 2428 quemadmodum
1168 2389 1407 2418 demonstraturus
1436 2387 1547 2416 ﬁdelem
1573 2388 1715 2416 mulierem

913 2436 982 2465 nihil
998 2435 1059 2464 ltedi
1076 2435 1100 2463 si
1115 2434 1256 2463 oohabitet
1267 2433 1367 2462 marito
1388 2433 1510 2462 inﬁdeli:
1527 2444 1540 2458 α
1556 2433 1716 2461 Sanctiﬁca-

915 2486 962 2510 tus
981 2484 1042 2515 est,
1072 2492 1085 2505 ι
1103 2479 1208 2516 inquit,
1233 2490 1247 2504 ι
1263 2479 1380 2507 maritus
1403 2478 1519 2506 infidelis
1542 2485 1592 2514 per
1614 2477 1716 2506 mulie-

915 2534 974 2555 rem
989 2522 1004 2542 ι
1019 2534 1025 2553 :
1044 2536 1057 2548 ιι
1071 2532 1128 2553 non
1142 2524 1196 2553 hoc
1209 2523 1312 2559 dicens,
1332 2523 1406 2559 quod
1415 2523 1531 2551 inﬁdelis
1543 2530 1609 2550 cum
1619 2523 1653 2550 sit
1663 2521 1713 2554 vir,

917 2575 1028 2600 sanctus
1051 2569 1210 2598 reddatur:
1236 2576 1331 2597 verum
1355 2567 1483 2597 dictionis
1502 2567 1582 2595 istius
1602 2574 1713 2595 excessu

919 2615 1081 2649 ostendens,
1098 2613 1173 2651 quod
1186 2612 1255 2642 nihil
1276 2613 1392 2642 laedatur
1406 2613 1494 2642 ﬁdelis
1511 2612 1569 2647 ipsa
1590 2611 1690 2647 conjux
1704 2619 1710 2637 :

919 2660 960 2689 sic
973 2660 1028 2689 hoc
1042 2659 1070 2688 in
1083 2660 1144 2689 loco
1158 2658 1338 2697 subjectionis
1357 2657 1490 2688 vocabulo
1504 2655 1630 2685 funditus
1643 2654 1713 2683 tollit

754 2784 849 2814 Variae
871 2784 1024 2814 lectiones.

103 2839 123 2856 ⁶³
137 2843 214 2868 ταῦτα
227 2849 254 2869 ο.
291 2842 314 2859 ⁸⁵
326 2843 381 2878 περὶ
391 2850 418 2872 o.
464 2843 487 2860 ⁸⁵
500 2845 536 2879 τῷ
550 2842 628 2879 [largi
642 2843 656 2869 6
670 2843 728 2874 Υἱὸς
741 2851 768 2871 o.
807 2843 830 2860 “
839 2842 955 2870 ὒπόνοιαν
970 2841 1074 2877 ἰσχυρῶς
1085 2841 1126 2868 καὶ
1141 2848 1177 2868 m.
1213 2839 1235 2857 ⁸⁷
1249 2838 1367 2874 παρῤησίᾳ
1379 2846 1406 2866 o.
