1867 3081
165 162 215 188 767

673 158 929 188 THEOPHYLACTI
949 159 1127 188 BULGARIE
1145 159 1302 188 ARCHIEP.

1753 160 1797 188 768

164 230 268 260 pravan
285 222 366 251 istam
388 222 581 258 suspicionem,
597 230 651 258 qua
665 222 801 258 suspicari
813 222 961 258 quisquam

1060 222 1150 259 ίνοιαν,
1168 222 1200 258 ἣν
1215 221 1358 259 ὑπενόησεν
1374 222 1406 251 ἄν
1424 234 1476 258 τις,
1491 221 1533 251 ὅτι
1553 223 1567 251 ὁ
1580 221 1646 256 Υἱὸς
1660 221 1722 256 ἴσως
1735 223 1798 263 ἰσχο-

163 271 280 304 poterat,
291 267 394 296 Filium
406 266 524 296 fortasse
537 267 618 296 Patre
632 275 692 295 esse
705 266 860 301 fortiorem,
875 271 905 294 ut
914 267 963 303 qui

164 316 241 341 tanta
254 311 407 348 transigere
422 311 516 347 possit.
538 312 623 348 Atqui
643 312 794 348 Gregorius
804 312 961 347 Theologus

163 357 259 386 asserit
276 355 352 392 quod
375 356 461 385 Filius
488 356 580 384 omnia
597 360 689 384 nostra
711 357 762 384 sibi
787 356 897 392 propria
923 355 962 384 fa-

161 402 246 436 ciens,
261 406 388 430 nostram
399 401 482 429 etiam
499 401 584 437 223
600 401 802 438 subjectionem
822 401 960 437 propriam

164 450 282 483 reputet.
309 447 391 475 Nunc
421 453 488 474 vero
511 446 677 474 seditionem
710 446 815 474 ciemus
831 446 961 474 adversus

164 493 254 520 Deum
266 500 273 519 :
289 491 413 520 inﬁdeles
424 490 536 527 quidem
548 498 612 518 cum
627 499 689 518 eum
699 490 853 527 abnegant;
867 491 960 518 ﬁdeles

163 544 238 571 vero,
251 536 319 565 dum
331 535 476 565 affectibus
488 535 546 563 suis
560 535 709 564 inserviunt
722 535 812 569 multi,
826 539 854 564 et
862 543 960 564 secun-

162 581 230 610 dum
255 581 309 609 hoc
326 581 441 610 rebelles
462 588 569 608 sumus.
589 581 661 609 Cum
684 588 750 608 vero
777 580 821 608 alii
849 580 959 616 quidem

161 626 319 662 agnoverint
338 633 421 661 quem
443 633 517 653 nunc
530 629 649 661 negant,
669 625 713 653 alii
729 633 795 654 vero
820 629 960 653 transmu-

162 671 211 699 tati
225 670 359 699 fuerimus
368 670 402 698 ab
415 670 497 706 hujus
515 671 578 698 vita:
592 669 754 704 affectibus;
768 675 828 698 tum
841 677 902 697 vere
916 669 960 697 di—

162 716 230 744 citur
239 715 323 743 Filius
330 715 437 751 subjici.
450 715 635 743 Humanitatis
647 715 721 743 enim
731 722 877 751 personam
895 714 958 742 sub-

161 760 230 794 iens,
252 768 302 788 sua
320 758 385 788 facit
409 767 470 796 qua:
482 765 574 788 nostra
596 764 669 788 sunt.

200 817 212 830 α
231 805 271 834 Ut
284 805 319 833 sit
335 806 411 834 Deus
425 804 518 833 omnia
531 805 561 832 in
583 805 723 832 omnibus.
742 816 754 829 -
770 805 831 832 Hoc
857 808 910 839 est,
929 807 961 832 ut

162 850 257 879 omnia
270 858 286 878 a
305 851 387 878 Patre
408 849 593 886 dependeant,
609 857 644 878 ne
671 849 733 885 quis
748 849 803 878 duo
826 849 958 885 principia

160 896 221 924 sine
242 895 375 931 principio
398 895 564 931 suspicetur,
591 902 677 931 eaque
700 895 772 922 inter
785 902 845 922 sese
863 894 957 922 divisa.

160 941 228 969 Cum
248 941 323 968 enim
335 940 428 968 hostes
439 940 494 968 sint
516 939 568 968 sub
587 939 702 975 pedibus
716 939 788 973 Filii,
803 939 888 967 Filius
907 947 957 967 au-

159 990 217 1014 tem
237 993 294 1014 non
308 989 351 1014 est
369 984 515 1014 seditiosus
533 993 600 1021 erga
614 986 732 1018 Patrem,
749 992 843 1012 verum
859 991 959 1020 quem—

160 1030 314 1059 admodum
349 1029 427 1058 decet
470 1029 577 1064 ﬁlium,
617 1031 678 1057 Deo
708 1029 783 1056 Patri
819 1028 957 1062 subditur,

161 1075 275 1103 omnino
293 1077 366 1102 Deus
378 1075 457 1102 Pater
467 1074 518 1102 erit
529 1074 623 1102 omnia
638 1074 666 1101 in
678 1074 815 1101 omnibus.
827 1073 958 1101 Nonnulli

159 1124 252 1148 autem
263 1119 376 1147 malitia:
390 1119 573 1146 sublationem
586 1118 733 1154 signiﬁcari
749 1118 826 1145 aiunt
843 1125 890 1153 per
905 1117 957 1145 hoc

162 1164 239 1201 quod
248 1163 341 1192 omnia
352 1164 408 1191 sint
414 1163 546 1199 subjecta.
557 1165 626 1191 Cum
642 1163 714 1190 enim
724 1166 867 1199 peccatum
879 1170 960 1198 porro

162 1217 219 1238 non
234 1208 327 1244 fuerit,
339 1209 451 1244 planum
462 1213 503 1236 est
512 1208 587 1244 quod
598 1209 674 1236 Deus
687 1207 779 1236 omnia
790 1207 818 1235 in
827 1207 959 1235 omnibus

163 1254 216 1282 erit
225 1274 233 1288 ,
249 1253 358 1290 quando
371 1261 426 1281 non
440 1253 560 1289 amplius
574 1253 699 1281 motibus
713 1257 741 1281 et
753 1251 897 1280 affectibus
909 1251 959 1279 de-

162 1298 216 1327 diti
231 1299 333 1333 simus,
350 1299 388 1326 ita
407 1302 439 1327 ut
453 1298 518 1326 nihil
533 1298 648 1326 omnino
664 1297 725 1331 Dei,
751 1297 791 1325 vel
808 1305 906 1333 parum
931 1297 960 1324 in

162 1343 243 1372 nobis
257 1343 378 1372 feramus
392 1353 399 1372 :
414 1343 461 1371 sed
473 1343 525 1371 toti
539 1343 588 1371 Dei
605 1342 711 1371 similes
721 1363 729 1376 ,
745 1342 830 1370 totius
841 1341 962 1369 etsolius

163 1389 217 1417 Dei
231 1396 346 1424 capaces
370 1388 484 1416 erimus.
512 1387 613 1416 Omnia
626 1396 690 1416 sane
709 1391 768 1415 tum
788 1387 868 1414 nobis
887 1387 961 1414 Deus

162 1433 226 1467 erit,
240 1437 269 1462 et
282 1433 374 1468 cibus,
387 1437 416 1462 et
427 1437 520 1469 potus,
536 1436 565 1461 et
578 1433 708 1466 vestitus,
721 1436 751 1459 et
764 1431 906 1467 cogitatio,
934 1435 962 1459 et

164 1483 257 1507 motus
261 1499 268 1506 ο

197 1525 288 1552 Vxns.
305 1525 350 1551 29.
366 1533 379 1548 ιι
393 1523 513 1558 Alioqui,
525 1522 592 1558 quid
603 1521 705 1550 facient
719 1521 767 1557 qui
782 1529 832 1557 pro
844 1520 962 1549 mortuis

163 1569 349 1604 baptizantur,
365 1568 389 1596 si
401 1567 517 1596 omnino
528 1567 629 1594 mortui
644 1574 700 1594 non
715 1568 880 1601 resurgunt?
894 1565 959 1602 quid

163 1617 191 1641 et
207 1613 381 1649 baptizantur
391 1620 441 1648 pro
453 1611 591 1639 mortuis?
603 1621 616 1637 »
631 1611 816 1638 Marcionistm
826 1610 957 1644 haeretici,

164 1658 187 1687 si
215 1657 277 1693 quis
297 1656 371 1692 apud
391 1665 439 1684 eos
467 1664 522 1684 non
544 1656 698 1692 baptizatus
718 1660 884 1690 moreretur,
908 1657 960 1684 sub

163 1701 265 1730 mortui
284 1701 367 1735 lecto,
381 1702 517 1729 viventem
538 1701 695 1737 quempiam
717 1701 900 1734 occultantes,
915 1708 960 1729 ac-

163 1746 265 1775 cedunt
287 1746 402 1782 lectum,
418 1739 619 1782 interrogantes
636 1750 778 1773 mortuum
789 1766 796 1780 ,
811 1753 879 1774 num
900 1745 962 1773 velit

163 1791 330 1827 baptismate
339 1791 416 1827 tingi.
429 1792 519 1827 Atque
529 1799 561 1818 eo
572 1791 752 1826 respondente
769 1790 814 1826 qui
827 1790 960 1823 latitabat,

169 1836 243 1872 quod
257 1836 338 1870 velit,
358 1836 397 1864 sic
412 1836 472 1864 loco
491 1836 591 1864 mortui
607 1843 672 1864 eum
694 1835 841 1871 baptizant.
858 1834 962 1862 Deindc

165 1881 202 1910 ob
217 1881 243 1910 id
257 1881 387 1914 accusati,
399 1881 553 1909 defendunt
568 1888 628 1909 sese
642 1880 693 1908 hoc
704 1881 779 1915 loco;
792 1879 962 1908 afﬁrmantes

163 1927 330 1962 Apostolum
347 1927 399 1955 hoc
414 1926 526 1958 dixisse,
543 1930 571 1954 et
586 1926 659 1954 hunc
673 1929 781 1953 textum
793 1924 887 1953 stolidi
897 1933 962 1960 pro-

164 1970 278 2000 ducunt.
306 1971 338 2000 ld
360 1979 424 1999 vero
450 1971 491 1999 sic
511 1978 541 1998 se
555 1978 610 1998 non
629 1970 732 1998 habet:
748 1973 776 1997 at
798 1969 962 2006 quomodo?

164 2017 270 2044 Omnes
284 2016 329 2052 qui
346 2015 502 2051 baptizandi
526 2019 606 2047 sunt,
628 2014 783 2050 symbolum
799 2014 863 2042 ﬁdei
878 2014 963 2049 proﬁ-

165 2065 269 2089 tentur.
294 2061 327 2088 ln
342 2067 376 2088 eo
391 2060 467 2087 enim
489 2058 616 2095 symbolo
631 2066 685 2086 una
707 2067 771 2086 cum
789 2058 849 2086 aliis
869 2063 898 2086 et
911 2057 963 2086 hoc

164 2104 338 2142 proponitur,
357 2115 371 2128 «ι
387 2104 476 2132 Credo
496 2103 728 2131 resurrectionem
743 2107 929 2131 mortuorum.
948 2113 962 2127 η

165 2150 240 2178 Dicit
263 2149 346 2185 igitur
368 2148 448 2183 :Qui
480 2147 657 2176 crediderunt
683 2147 807 2176 futuram
833 2155 893 2175 esse
922 2155 965 2176 re-

163 2194 361 2223 surrectionem
384 2197 559 2222 mortuorum
582 2200 748 2228 corporum,
765 2197 792 2221 et
815 2192 861 2228 qui
876 2192 962 2228 bapti-

165 2239 219 2267 zati
231 2243 296 2267 sunt
310 2238 340 2266 in
353 2238 437 2266 talem
449 2245 540 2274 spem,
555 2237 622 2274 quid
635 2237 735 2266 facient
749 2238 770 2265 si
786 2237 890 2265 fuerint
911 2237 961 2265 de—

164 2284 234 2320 cepti
240 2286 252 2313 ῖ
259 2283 332 2319 Quid
342 2288 436 2312 autem
444 2283 559 2311 omnino
568 2283 739 2318 baptizantur
748 2282 875 2310 homines
881 2290 963 2318 super

166 2331 382 2364 resurrectione,
403 2330 458 2359 hoc
489 2334 532 2358 est
554 2330 583 2358 in
608 2329 814 2366 exspectatione
841 2336 964 2358 resurre-

165 2376 275 2410 ctionis,
291 2376 314 2404 i
329 2375 432 2404 mortui
452 2382 509 2403 non
523 2375 699 2403 excitantur?

206 2468 298 2496 Vsus.
311 2469 356 2495 30.
370 2477 383 2490 α
394 2465 466 2502 Quid
473 2469 501 2494 et
510 2473 561 2494 nos
571 2465 758 2502 periclitamur
767 2465 844 2493 omni
854 2464 940 2493 hora?
953 2477 965 2489 ι

167 2513 197 2542 Si
206 2520 264 2541 non
273 2511 397 2547 recipitis
403 2511 444 2545 ad
459 2510 723 2539 demonstrationem
745 2509 964 2544 resurrectionis,

167 2556 369 2587 confessionem
382 2556 530 2584 verborum
544 2563 628 2592 quam
650 2555 753 2583 faciunt
767 2554 814 2591 qui
827 2553 966 2590 baptizan-

166 2606 225 2637 tur,
245 2601 358 2637 accipite
371 2609 437 2630 vero
453 2608 549 2629 vocem
562 2608 649 2637 quam
662 2607 706 2628 res
721 2599 787 2636 ipsa;
801 2600 963 2636 loquuntur.

167 2648 228 2676 Nos
239 2647 316 2676 enim
332 2645 449 2683 apostoli
470 2653 567 2674 omnes
588 2652 732 2682 nunquam
755 2652 813 2673 non
838 2643 966 2681 periculis

164 2698 264 2721 sumus
288 2691 425 2721 obnoxii:
450 2694 478 2720 et
511 2690 564 2719 nisi
588 2694 660 2720 esset
683 2689 860 2725 resurrectio,
885 2689 965 2726 cujus

978 1598 1002 1630 G

977 2251 1002 2282 D

1015 267 1119 308 ρότερός
1144 269 1201 297 ἐστι
1221 271 1267 298 τοῦ
1293 266 1415 306 Πατρὸς,
1441 266 1488 296 ἅτε
1518 269 1637 297 τοσαῦτα
1668 271 1797 307 κατορθοῦν

1014 312 1167 350 δυνάμενος.
1188 311 1224 342 Ὁ
1249 310 1277 341 δὲ
1291 311 1424 351 Θεολόγος
1450 313 1473 343 Γ
1475 311 1593 352 ρηγόριός
1625 323 1716 352 φησιν,
1737 311 1799 342 ὅτιὸ

1015 357 1078 390 Υἱὸς
1094 357 1182 386 πάντα
1206 356 1381 395 οἰκειούμενος
1395 355 1429 386 τὰ
1451 357 1581 395 ἡμέτερα,
1603 357 1651 386 καὶ
1672 356 1720 391 τὴν
1742 359 1800 395 ἡμι-

1013 403 1093 441 τέραν
1115 401 1253 441 ὑποταγὴν
1268 401 1366 430 οἰκείαν
1389 402 1502 440 ἡγεῖται.
1526 402 1583 431 Νῦν
1609 400 1659 439 μὲν
1681 396 1725 431 οὖν
1745 412 1798 430 στα-

1014 446 1139 484 σιάζομεν
1154 446 1220 486 πρὸς
1243 445 1287 475 τὸν
1305 445 1385 476 Θεόνο
1400 447 1425 475 οἱ
1451 445 1499 484 μὲν
1517 445 1643 482 ἄπιστοι,
1659 445 1798 485 ἀρνούμενοι

1014 491 1103 520 αὐτόν·
1126 491 1151 521 οἱ
1169 490 1197 520 δὲ
1214 490 1315 529 πιστοὶ,
1331 495 1384 524 τοῖς
1399 490 1497 520 πάθεσι
1517 490 1612 520 πολλοὶ
1633 490 1798 527 δουλεύοντες,

1013 535 1059 565 καὶ
1074 535 1253 566 ἀνυπότακτοι
1268 535 1338 565 κατὰ
1351 535 1428 565 τοῦτό
1447 537 1536 573 ἐσμεν.
1551 534 1644 566 Ὅταν
1672 535 1699 564 δὲ
1715 536 1739 565 οἱ
1758 534 1797 573 μὲν

1015 581 1158 618 ἐπιγνῶσιν
1187 580 1216 610 ὃν
1242 583 1287 610 νῦν
1315 581 1473 620 ἀρνοῦνται⁸
1490 581 1514 609 οἱ
1543 580 1571 610 δὲ
1592 580 1799 618 μεταποιηθῶμεν

1015 624 1069 654 ἀπὸ
1084 627 1136 655 τῶν
1153 626 1246 655 παθῶν
1261 625 1288 654 ἐν
1312 626 1350 664 τῷ
1377 625 1428 665 βίῳ
1442 625 1542 664 τούτῳ,
1569 624 1675 658 πάντως
1697 623 1753 653 τότε
1766 623 1800 653 λέ-

1014 681 1088 708 γεται
1102 671 1117 699 6
1135 669 1198 704 Υἱὸς
1213 671 1388 708 ὑποταγῆναι·
1413 669 1444 699 τὸ
1466 671 1514 705 τῆς
1538 668 1738 708 ἄνθρωπότητος
1756 668 1799 707 γὰρ

1014 713 1191 754 ὑποδυόμενος
1210 714 1236 734 ⁵⁸
1259 714 1416 754 πρόσωπον,
1433 715 1529 744 ἑαυτοῦ
1553 715 1671 743 ποιεῖται
1688 713 1721 743 τὶ
1744 712 1799 751 ἠμί-

1013 771 1088 799 τερα.

1056 815 1072 832 α
1085 802 1146 834 Ἵνα
1191 805 1206 834 6
1222 803 1291 838 Θεὸς
1312 803 1347 832 τὰ
1360 803 1448 833 πάντα
1464 805 1491 834 ἐν
1506 808 1601 833 πᾶσιν.
1618 814 1634 833 ι
1652 801 1798 838 Τουτέστιν,

1011 847 1056 878 ἵνα
1074 848 1162 878 πάντα
1222 851 1268 879 τοῦ
1284 848 1392 888 Πατρὸς
1414 848 1563 889 ἠρτημένα,
1585 847 1632 878 ἵνα
1657 848 1694 887 μὴ
1713 847 1754 877 δύο
1766 859 1799 879 τις

1013 893 1098 934 ἀρχὰς
1152 894 1282 934 ἆνάρχους
1332 893 1469 932 ὑποπτεύῃ
1510 894 1556 923 καὶ
1601 892 1796 934 ἀπεσχισμένα.

1010 932 1099 968 ⁸’Ὅταν
1117 938 1143 958 ⁶⁹
1159 932 1209 977 γὰρ
1220 932 1250 968 οἱ
1270 938 1318 977 μὲν
1342 938 1432 978 ἐχθροὶ
1449 938 1499 968 ὑπὸ
1518 937 1578 972 τοὺς
1598 938 1683 971 πόδας
1701 932 1797 966 ὦσιτοῦ

1011 983 1086 1014 Υἳοῦ·
1102 985 1116 1012 6
1131 983 1158 1012 δὲ
1181 983 1244 1017 Υἱὸς
1259 983 1298 1022 μὴ
1317 983 1448 1023 στασιάζῃ
1464 982 1529 1023 πρὸς
1543 983 1588 1012 τὸν
1614 982 1735 1022 Πατέρα,
1748 981 1798 1010 ἀλλ’

1011 1028 1048 1062 ὡς
1063 1027 1159 1067 πρέπει
1175 1029 1238 1068 υἱῷ,
1259 1029 1323 1067 Θεῷ
1345 1027 1530 1064 ὗποτάσσηται
1552 1029 1592 1068 τῷ
1617 1026 1717 1067 Πατρί·
1739 1025 1800 1056 πάν-

1012 1084 1063 1105 τως
1077 1074 1092 1102 6
1108 1072 1179 1106 Θεὸς
1193 1072 1240 1102 καὶ
1259 1071 1357 1111 Πατὴρ
1373 1071 1448 1101 ἔσται
1469 1071 1503 1102 τὰ
1517 1071 1607 1102 πάντα
1624 1073 1652 1102 ἐν
1668 1075 1744 1101 πᾶσι.
1758 1071 1800 1100 Τι-

1013 1117 1054 1150 νὲς
1070 1116 1097 1146 δὲ
1112 1117 1161 1153 τὴν
1175 1119 1224 1152 τῆς
1238 1116 1334 1150 κακίας
1349 1116 1483 1156 ἀναίρεσιν
1496 1117 1540 1146 διὰ
1554 1116 1657 1146 τούτων
1669 1114 1798 1152 δηλοῦσθαί

1014 1173 1110 1202 φασιν,
1125 1164 1161 1196 ὡς
1183 1160 1290 1191 πάντων
1312 1161 1540 1200 ὓποτεταγμένων·
1562 1162 1628 1192 ὅταν
1649 1161 1700 1201 γὰρ
1723 1159 1802 1199 ἆμαρ-

1014 1206 1060 1236 τία
1076 1206 1114 1245 μὴ
1129 1202 1159 1246 ᾗ,
1175 1205 1285 1243 εὔδηλον
1303 1207 1344 1236 ὅτι
1356 1208 1370 1236 6
1384 1205 1452 1246 Θεὸς
1468 1205 1543 1237 ἔσται
1564 1205 1598 1236 τὰ
1617 1206 1705 1236 πάντα
1718 1206 1742 1234 ἐν
1754 1209 1800 1234 πᾶ-

1015 1263 1064 1280 σιν·
1081 1251 1144 1281 ὅταν
1171 1252 1271 1290 μηκέτι
1298 1250 1394 1280 πολλοὶ
1410 1245 1483 1289 ὦμεν
1500 1252 1526 1281 ἐν
1547 1251 1602 1285 τοῖς
1620 1250 1746 1289 κινήμασι
1764 1248 1802 1278 καὶ

1013 1300 1067 1329 τοῖς
1082 1296 1196 1336 πάθεσι,
1219 1294 1300 1334 μηδὲν
1326 1294 1393 1329 ὅλως
1416 1296 1499 1333 Θεοῦ,
1521 1295 1540 1332 ἢ
1560 1295 1652 1335 ὀλίγον
1671 1296 1698 1324 ἐν
1712 1297 1802 1326 ἑαυτοῖς

1016 1339 1145 1380 φέροντες
1171 1341 1232 1370 ἀλλ’
1247 1339 1306 1370 ὅλοι
1329 1340 1465 1377 θεοειδεῖς,
1491 1339 1548 1370 ὅλοι
1575 1339 1722 1381 χωρητικοὶ
1741 1341 1803 1370 Θεοῦ

1015 1384 1060 1413 καὶ
1075 1384 1167 1423 μόνου.
1183 1384 1279 1416 Πάντα
1292 1384 1344 1424 γὰρ
1357 1386 1423 1423 ἡμῖν
1435 1386 1449 1414 6
1463 1384 1531 1419 Θεὸς
1546 1384 1636 1421 ἔσται,
1652 1384 1697 1414 καὶ
1710 1385 1803 1424 βρῦμα,

1015 1429 1060 1458 καὶ
1074 1428 1160 1468 πόμα,
1175 1429 1221 1460 καὶ
1235 1429 1348 1468 ἔνδυμα,
1361 1428 1406 1458 καὶ
1422 1429 1522 1468 νόημα,
1538 1429 1585 1459 καὶ
1599 1429 1714 1468 κίνημα.

1060 1536 1075 1554 ιι
1089 1523 1166 1555 Ἐπεὶ
1187 1522 1214 1553 τί
1228 1522 1384 1559 ποιήσουσιν
1407 1524 1431 1553 οἱ
1457 1521 1650 1562 βαπτιζόμενοι
1671 1520 1734 1560 ὓπὲρ
1758 1519 1803 1548 τῶν

1015 1571 1128 1609 νεκρῶν,
1144 1569 1167 1598 εἰ
1181 1568 1249 1601 ὅλως
1263 1568 1351 1608 νεκροὶ
1365 1569 1413 1598 οὐκ
1427 1568 1587 1608 ἐγείρονταις
1613 1566 1641 1596 τί
1655 1565 1702 1596 καὶ
1717 1562 1803 1605 βαπτί·

1015 1608 1104 1649 ζονται
1133 1613 1199 1652 ὖπὲρ
1221 1613 1272 1641 τῶν
1300 1614 1416 1653 νεκρῶν,
1442 1624 1456 1641 ι
1479 1613 1514 1642 Οἱ
1539 1609 1742 1649 Μαρκιωνισταὶ
1767 1608 1803 1637 αἱ·

1015 1658 1127 1699 ρετικοὶ,
1139 1656 1246 1687 ἐπειδάν
1259 1669 1298 1692 τις
1312 1659 1378 1697 παρ’
1391 1658 1479 1690 αὐτοῖς
1498 1656 1667 1689 ἆϐάπτιστος
1681 1653 1800 1691 ἀποθάνῃ,

1015 1703 1065 1733 ὑπὸ
1084 1703 1131 1738 τὴν
1148 1701 1239 1738 κλίνην
1260 1705 1307 1732 τοῦ
1319 1701 1538 1737 τετελευτηκότος
1554 1700 1580 1720 ⁷⁰
1594 1699 1743 1741 κρύψαντίς
1753 1708 1804 1727 τινα

1015 1749 1112 1783 ζῶντα,
1128 1746 1254 1787 προσίασι
1327 1745 1417 1786 κλίνῃ,
1434 1745 1480 1776 καὶ
1504 1746 1622 1786 ἐρωτῶσι
1644 1745 1690 1774 τὸν
1712 1741 1802 1782 νεκρὸν,

1016 1793 1038 1823 εἷ
1055 1791 1176 1832 βούλοιτο
1193 1793 1382 1830 βαπτισθῆναιι
1398 1790 1445 1821 καὶ
1466 1790 1640 1830 ἀποκρίνεται
1662 1791 1676 1818 6
1698 1799 1804 1828 κεκρυμ-

1017 1837 1094 1876 μένος
1108 1835 1238 1872 κάτωθεν,
1264 1835 1305 1866 8τι
1329 1835 1465 1876 βούλεται·
1490 1835 1536 1876 καὶ
1551 1834 1622 1864 οὕτω
1646 1832 1804 1872 βαπτίζουσιν

1018 1874 1096 1910 αὐτὸν
1126 1881 1186 1910 ἀντὶ
1218 1882 1264 1909 τοῦ
1296 1874 1464 1913 ἀπελθόντος.
1495 1874 1563 1910 Εἶτα
1589 1876 1804 1917 κατηγορούμεναι

1017 1925 1061 1956 ἐπὶ
1077 1925 1174 1965 τούτῳ,
1191 1926 1401 1963 ἀπολογοῦνται,
1420 1923 1460 1953 ὅτι
1479 1925 1493 1953 6
1513 1923 1676 1956 Ἀπόστολος
1690 1925 1763 1952 τοῦτο
1782 1919 1801 1939 ⁷⁸

1017 1966 1088 2008 εἶπε,
1101 1970 1147 2000 καὶ
1161 1969 1313 2009 παράγουσι
1322 1968 1371 2005 τὴν
1386 1971 1462 2010 ῥῆσιν
1477 1967 1578 2004 ταύτην
1593 1969 1618 1997 οἱ
1634 1966 1799 2008 παράφρονες.

1017 2014 1057 2045 Τὸ
1083 2014 1110 2045 δὲ
1138 2015 1188 2054 οὐχ
1217 2013 1299 2048 οὕτως
1326 2013 1391 2054 ἔχει·
1421 2012 1492 2042 ἀλλὰ
1519 2014 1592 2050 τῶςς
1611 2013 1649 2043 Οἱ
1679 2011 1805 2050 μέλλοντες

1019 2061 1197 2099 βαπτισθῆναι
1221 2058 1318 2099 πάντες
1343 2058 1541 2097 ἀπαγγέλλουσι
1566 2057 1597 2086 τὸ
1620 2055 1751 2095 σύμϐολον
1764 2055 1803 2089 τῆς

1018 2098 1140 2137 πίστεως·
1166 2104 1193 2132 ἐν
1212 2098 1257 2132 οὖν
1281 2102 1368 2143 τούτῳ
1393 2101 1463 2141 μετὰ
1485 2104 1537 2132 τῶν
1563 2102 1653 2132 ἄλλων
1677 2099 1722 2131 καὶ
1739 2101 1804 2128 τῶτο

1018 2148 1155 2188 πρόκειται
1183 2147 1219 2167 ⁷³·
1244 2161 1257 2174 α
1282 2146 1408 2178 Πιστεύω
1432 2147 1468 2180 εἰς
1498 2146 1646 2176 ἀνάστασιν
1665 2145 1769 2185 νεκρῶν.
1793 2155 1803 2168 ι

1019 2187 1110 2229 Φησὶν
1124 2187 1179 2228 οὖν,
1197 2191 1238 2221 ὅτι
1254 2192 1290 2222 Οἱ
1313 2191 1510 2228 πιστεύσαντες,
1524 2190 1565 2221 ὅτι
1581 2190 1659 2221 ἔσται
1673 2189 1804 2219 ἀνάστασις

1017 2238 1116 2278 νεκρῶν
1142 2236 1290 2276 σωμάτων,
1317 2236 1364 2266 καὶ
1391 2235 1580 2275 βαπτισθέντες
1612 2235 1658 2266 ἐπὶ
1683 2232 1803 2278 τοιαύταις

1018 2275 1116 2318 ἐλπίσι,
1138 2281 1163 2310 τί
1184 2281 1339 2317 ποιήσουσιν
1364 2280 1562 2318 ἀπατηθέντος,
1582 2280 1608 2309 τί
1633 2279 1660 2309 δὲ
1685 2278 1748 2311 ὅλως
1764 2275 1803 2306 καὶ

1020 2326 1192 2366 βαπτίζονται
1218 2325 1353 2366 ἄνθρωποι
1374 2324 1442 2366 ὗπὲρ
1467 2325 1650 2360 ἀναστάσεως,
1673 2322 1804 2357 τουτέστιν,

1019 2371 1064 2401 ἐπὶ
1088 2370 1234 2411 προσδοκίᾳ
1261 2369 1446 2407 ἀναστάσεως,
1469 2371 1494 2400 εἰ
1518 2369 1606 2410 νεκροὶ
1632 2369 1679 2399 οὐκ
1701 2366 1802 2408 ἐγείρον-

1021 2426 1083 2454 rat;

1065 2474 1078 2487 ι
1094 2460 1129 2491 Τί
1143 2460 1190 2490 καὶ
1203 2461 1281 2499 ἡμεῖς
1297 2459 1481 2498 κινδυνεύομεν
1497 2463 1589 2489 πᾶσαν
1601 2459 1690 2500 ὥρανς
1710 2470 1722 2483 ι
1733 2456 1765 2486 Εἴ
1777 2453 1802 2483 οὗ

1021 2505 1130 2546 δέχεσθε
1144 2504 1210 2545 πρὸς
1231 2503 1365 2539 ἀπόδειξιν
1384 2506 1432 2540 τῆς
1448 2499 1683 2539 ἀναστάσεως-τὴν
1701 2500 1742 2532 διὰ
1758 2499 1803 2529 τῶν

1020 2550 1145 2592 ῥημάτων
1167 2548 1320 2588 ὁμολογίαν,
1346 2549 1379 2585 ἣν
1402 2550 1428 2579 οἱ
1456 2548 1645 2589 βαπτιζόμενοι
1662 2548 1804 2592 seruarat,

1020 2589 1127 2629 δέξασθε
1150 2593 1197 2624 καὶ
1219 2593 1268 2630 τὴν
1285 2592 1329 2622 διὰ
1345 2595 1398 2624 τῶν
1412 2593 1582 2633 πραγμάτων
1603 2591 1702 2634 φωνήν.
1717 2589 1801 2634 Ἦμιῖξ

1019 2640 1071 2680 γὰρ
1087 2639 1183 2680 πάντες
1198 2639 1223 2668 οἱ
1241 2637 1385 2669 ἀπόστολοι
1406 2631 1441 2668 ἰν-
1449 2631 1577 2672 κινδύνοις
1595 2631 1674 2676 ἐσμὲν
1696 2634 1743 2665 ἀεί’
1757 2631 1802 2680 καὶ

1020 2675 1042 2714 ἐι
1057 2675 1106 2723 ’μὴ
1122 2679 1154 2720 ἦν
1180 2682 1333 2721 ἀνάστασις,
1357 2682 1424 2717 τίνος
1438 2682 1525 2713 ἕνεκεν
1541 2681 1745 2720 ἐκινδυνεύομενῑ
1756 2675 1796 2706 ἶνα

860 2756 955 2786 Variae
976 2756 1129 2786 lectiones.

201 2817 224 2834 ⁸³
238 2817 412 2853 ἀποδυόμενος
424 2825 452 2846 o.
491 2817 514 2834 ⁶⁰
527 2817 566 2844 ὅτι
579 2824 608 2845 o.
645 2816 668 2834 7°
678 2815 872 2849 τελευτήσαντος
883 2822 910 2843 o.
948 2814 968 2832 ⁷¹
985 2814 1012 2841 ἐν
1022 2814 1103 2850 τούτῳ
1117 2821 1144 2843 ο.
1182 2812 1206 2831 ⁷⁸
1220 2813 1363 2848 πρόσκειται
1382 2820 1410 2841 o.
