1867 3081
72 180 122 207 769

479 177 654 206 EXPOSITIO
674 177 708 206 IN
727 177 830 206 EPIST.
850 177 860 205 1
879 177 925 206 AD
945 178 1022 207 COR.
1041 193 1076 201 —-
1094 180 1169 207 CAP.
1188 180 1242 207 XV.

1663 181 1715 207 ’170

71 241 138 274 τίνος
166 238 378 278 imitationis";
411 241 446 271 Εἰ
478 240 529 280 γὰρ
566 241 611 270 καὶ
641 240 685 270 διὰ
714 239 864 274 κενοδοξίαν
881 244 926 275 Α]

997 241 1082 278 gratia
1113 241 1231 277 pericula
1263 241 1435 269 subiremus?
1465 241 1542 277 cuius
1574 242 1716 270 commodi

71 285 155 315 ἔλοιτό
180 297 218 318 τις
247 285 418 321 κινδυνεύειν,
439 284 510 320 ἅπαξ
537 284 553 320 ἢ
584 284 704 324 δεύτερον
727 284 760 314 ἂν
780 285 866 315 ἕλοιτο

71 333 154 360 τοῦτο·
180 329 212 359 τὸ
238 329 267 359 δὲ
289 333 379 359 πᾶσαν
405 329 488 369 ὥραν,
518 329 609 369 ὥσπερ
635 332 726 368 ἡμεῖς,
752 329 865 369 μεγίστη

72 373 202 408 ἀπόδειξις
225 375 272 403 τοῦ
304 376 558 415 πεπληρηορῆσθαι
582 374 642 415 περὶ
665 375 714 410 τῆς
744 373 865 404 ἀναστά-

73 430 144 453 om.

110 522 121 534 ι
140 509 209 538 Καθ’
223 508 326 549 ἡμέραν
346 508 517 547 ἀποθνήσκω,
533 507 564 543 νὴ
589 508 637 544 τήν
652 507 783 548 ὑμετέραν
798 507 867 537 καύ-

73 564 165 593 χησιν,
182 553 216 589 ἣν
230 553 286 593 ἔχω
299 555 325 582 ἄν
343 554 453 593 Χριστῷ
468 553 556 589 Ἰησοῦ
570 555 608 594 τῷ
627 553 719 594 Κυρίῳ
734 554 824 591 ἡμῶν.
847 563 863 581 ι)

73 597 173 634 Εἰπὼν,
196 598 237 628 ὅτι
256 608 272 626 ι
287 597 494 636 Κινδυνεύομεν,
512 609 527 626 n
553 597 635 632 ἔδειξε
651 597 711 632 τοὺς
725 597 868 631 κινδύνους

73 643 170 680 μᾶλλον
194 641 223 672 δὲ
244 642 332 680 μεῖζόν
355 653 398 679 τι,
420 643 546 675 θανάτους
570 641 775 682 καθημερινούς.
803 643 868 675 Πῶς

73 686 98 715 δὶ
123 687 182 716 καθ’
203 686 308 726 ἡμέραν
330 687 497 723 ἀπέθνησκε;
523 688 568 726 Τῇ
593 687 745 727 προθυμία,
764 687 810 716 καὶ
829 687 868 726 τῷ

73 731 133 770 πρὸς
146 733 225 761 τῶτο
245 734 472 771 παρεσκευᾶσθαι,
491 731 537 761 καὶ
560 733 598 771 τῷ
612 734 722 761 τοιαῦτα
740 731 866 771 πάσχειν,

74 776 89 805 ἃ
103 776 214 806 θάνατον
240 776 329 817 ἔφερε.
358 788 373 806 σ
388 777 432 816 Ni
458 776 506 812 τὴν
531 776 661 816 ὑμετέραν
683 776 832 817 καύχησιν·
848 786 863 805 »

73 820 198 857 τουτέστι,
225 816 269 856 Νὴ
284 816 332 856 τὴν
347 821 477 861 ὗμιτέραν
500 821 650 860 προκοπὴν,
670 816 742 861 ἐφ’-ᾗ
762 822 869 860 καυχῶ-

74 877 130 903 μαι.
147 865 292 906 Καύχησις
313 865 364 905 γὰρ
377 866 416 905 τῷ
441 865 611 906 διδασκάλῳ,
634 867 652 901 ἡ
668 868 719 895 τῶν
743 867 868 904 μαθητῶν

73 899 299 951 προκοπή.“Εἷτα
318 899 361 950 .τῷ
385 899 495 950 Χριστῷ
519 899 651 943 ἀνατιθεὶς
669 899 759 948 τοῦτο,
780 899 868 949 φησὶν⁸
887 899 911 931 Β

79 966 93 984 a
106 954 158 985 Ἢν
174 954 231 996 ἔχω
246 956 273 984 ἐν
287 956 397 995 Χριστῷ
416 955 516 990 Ἰησοῦ·
528 965 544 983 n
560 955 661 984 ἐκείνου
673 955 725 995 γὰρ
739 954 770 983 τὸ
783 953 869 994 ἔργον,

76 1000 120 1029 οὐκ
142 999 216 1038 ἐμόν.
245 998 395 1040 Σοφώτατα
419 999 447 1029 δὲ
468 999 668 1038 ὑπομιμνήσκει
692 998 814 1035 τούτους,
829 998 870 1028 ὅτι

74 1043 179 1083 Ὥσπερ
202 1045 350 1084 καυχῶμαι
371 1044 576 1083 προκοπτόντων
592 1044 630 1081 ⁷³,
648 1042 731 1077 οὕτως
753 1043 869 1082 ἐγκαλύ-

75 1090 155 1129 ψομαι
167 1088 204 1125 ⁷⁸,
224 1090 249 1118 εἰ
267 1088 331 1128 ἄχρι
353 1089 442 1122 τέλους
463 1090 545 1122 οὕτως
569 1088 666 1123 ἀθλίως
686 1089 780 1128 ἔχετε,
800 1087 870 1118 ὥστε

76 1135 107 1173 τῇ
120 1134 264 1164 ἀναστάσει
280 1134 439 1164 διαπιστεῖν.

119 1277 134 1296 ιι
147 1267 180 1297 Εἰ
195 1266 267 1297 κατὰ
283 1266 422 1306 ἄνθρωπον
447 1265 648 1306 ἐθηριομάχησα
664 1267 691 1296 ἐν
707 1264 826 1306 Ἐφέσῳ,
845 1264 871 1294 τί

80 1322 126 1349 μου
147 1310 177 1341 τὸ
192 1311 305 1352 ὄφελος;
330 1324 342 1338 ν
367 1309 472 1347 1Ὀσον,
499 1311 583 1351 φησὶ,
605 1310 635 1340 τὸ
657 1311 693 1344 εἷς
709 1309 872 1350 ἀνθρώπους,

79 1356 305 1396 ἕθηριομάχησαοη
315 1355 341 1386 τί
361 1355 413 1396 γὰρ
437 1357 460 1385 εἰ
480 1356 494 1384 δ
520 1355 589 1388 Θεὸς
610 1353 742 1394 ἐξήρπασί
763 1366 797 1393 με
819 1355 872 1383 τῶν

79 1395 221 1437 κινδύνων,
233 1400 260 1430 τί
274 1395 319 1430 οὖν
341 1400 433 1440 ὄφελός
450 1411 510 1438 μοι,
532 1399 701 1433 ἀναστάσεως
720 1398 757 1437 μὴ
774 1399 871 1435 etiam;

81 1445 267 1486 Θηριομαχίαν
303 1445 330 1475 δὲ
366 1445 442 1475 καλεῖ
470 1444 519 1480 τὴν
547 1444 612 1484 πρὸς
649 1443 794 1486 Ἰουδαίους
826 1443 872 1473 καὶ

81 1484 227 1530 Δημήτριον
244 1489 290 1520 τὸν
312 1489 491 1530 ἀργυροκόπον
514 1488 615 1529 μάχην.
633 1489 669 1519 Τί
687 1488 738 1527 γὰρ
755 1484 827 1518 οὗτοι
841 1488 867 1507 ⁷⁵

81 1534 172 1574 θηρίων
187 1534 322 1575 διέφερον,

123 1635 136 1653 (ι
150 1627 184 1656 Εἰ
203 1626 292 1665 νεκροὶ
317 1626 365 1655 οὐκ
389 1624 549 1664 ἐγείρονται,
577 1623 704 1665 φάγωμεν
730 1624 777 1654 καὶ
801 1623 872 1653 πίω-

82 1681 134 1708 μεν·
161 1668 254 1710 αὔριον
279 1670 330 1709 γὰρ
364 1669 576 1708 ἀποθνήσκομεν.
603 1680 618 1698 n
648 1669 682 1699 Εἰ
712 1668 799 1709 νεκροὶ
826 1669 874 1698 οὐκ

83 1714 237 1753 ἐγείρονται,
253 1715 311 1744 οὐδὲ
327 1714 403 1744 ἔσται
419 1715 473 1743 ἐκεῖ
494 1714 657 1750 ἀπόλαυσις,
677 1712 874 1752 ἀπολαύσωμεν

83 1759 168 1789 λοιπὸν
182 1761 235 1789 τῶν
252 1759 278 1788 ἐν
293 1761 331 1800 τῷ
352 1758 401 1799 βίῳ
418 1758 504 1799 τούτῳ
520 1759 637 1797 ἀγαθῶν,
651 1760 698 1787 τοῦ
717 1758 810 1798 φαγεῖν
828 1756 875 1787 καὶ

83 1806 123 1833 τοῦ
150 1808 229 1834 πιεῖν⁸
263 1806 347 1834 ταῦτα
373 1805 424 1843 γὰρ
458 1804 646 1843 κερδανοῦμεν.
674 1804 762 1833 Τοῦτο
789 1802 816 1832 δὲ
845 1801 876 1831 τὸ

85 1849 154 1888 ῥῆμα
181 1848 234 1878 ἀπὸ
263 1850 309 1878 τοῦ
333 1846 447 1878 “Ησαΐου
478 1848 635 1888 παρήγαγε,
659 1847 797 1888 κωμῳδῶν
826 1846 874 1884 τὴν

85 1893 169 1922 ἄνοιαν
185 1895 238 1923 τῶν
253 1893 291 1932 μὴ
307 1893 434 1933 λεγόντων
450 1892 605 1924 ἀνάστασιν.

123 1947 137 1966 ι
151 1937 195 1973 Μὴ
218 1939 364 1968 πλανᾶσθε·
392 1937 541 1978 φθείρουσιν
566 1937 618 1974 ἤθη
644 1936 751 1977 χρηστὰ
774 1935 878 1975 ὁμιλίαι

85 1981 172 2013 κακαί.
189 1994 204 2011 ι
227 1982 295 2013 Ἐπὶ
311 1982 466 2023 παραίνεσιν
490 1981 582 2023 τρέπει
606 1981 650 2011 τὸν
676 1981 763 2021 λόγον·
787 1981 877 2022 ἡρέμα

86 2025 111 2056 δὲ
134 2027 178 2056 καὶ
200 2028 237 2061 ὡς
261 2027 378 2062 ἀνοήτων
402 2027 490 2056 αὐτῶν
517 2025 564 2056 καὶ
593 2026 697 2067 κούφων
723 2030 875 2066 κατηγορεῖ·

87 2074 158 2101 τοῦτο
173 2073 224 2113 γὰρ
239 2072 315 2108 δηλοῖ
329 2071 372 2101 διὰ
386 2074 447 2109 τοῦ,
466 2082 481 2101 α
497 2070 545 2107 Μὴ
563 2072 712 2100 πλανᾶσθε.
733 2082 749 2100 ι
765 2070 877 2110 Χρηστὰ

88 2115 113 2145 δὲ
126 2116 186 2154 ἤθη,
203 2116 237 2146 τὰ
257 2116 440 2152 εὐεξαπάτητα
464 2117 550 2145 καλά’
572 2116 646 2151 δηλοῖ
664 2115 752 2154 μέντοι
771 2115 812 2145 ὅτι
832 2115 878 2145 καὶ

89 2161 159 2191 ἄλλοι
179 2161 275 2195 αὖτοὺς
290 2162 327 2195 εἷς
338 2160 372 2190 τὰ
386 2163 496 2191 τοιαῦτα
514 2160 700 2200 ὓποσῦρουσιν.

129 2262 143 2281 ο
157 2251 309 2292 Ἐκνήψατε
332 2251 448 2288 δικαίως,
467 2251 513 2281 καὶ
535 2250 572 2289 μὴ
593 2250 771 2290 ἁμαρτάνετε·
795 2250 880 2289 ἀγνω-

89 2295 144 2325 σίαν
155 2296 207 2336 γὰρ
228 2298 305 2328 Θεοῦ
319 2296 397 2332 ξτινες
421 2296 537 2336 ἔχουσιν.
563 2306 578 2324 ι)
598 2295 644 2328 Ὡς
665 2295 709 2324 ἐπὶ
731 2294 881 2334 μεθυόντων

90 2340 130 2376 τὸ,
149 2351 164 2370 ιι
180 2341 344 2382 Ἐκνήψατε-
359 2355 371 2368 ιο
385 2341 415 2370 τὸ
429 2340 472 2377 δὲ,
488 2354 500 2367 ι
516 2339 643 2376 Δικαίως,
656 2339 767 2382 -ῌοὶονεὶ,
780 2351 880 2379 συμφε-

92 2384 188 2423 ρὸντως.
203 2379 336 2425 Ἐνίγὰρ
357 2385 402 2415 καὶ
416 2385 515 2418 ἀδίκως
533 2384 637 2424 νήφειν,
658 2379 712 2414 οἶον
730 2383 773 2413 ἐπὶ
789 2385 875 2424 κακῷ.

96 2439 110 2458 tt
123 2429 174 2460 Καὶ
194 2431 232 2470 μὴ
255 2431 439 2470 ἁμαρτάνετε,
456 2442 471 2458 ι
490 2429 580 2470 φησίν·
601 2430 632 2459 ἐκ
652 2429 746 2458 τούτου
760 2428 812 2468 γὰρ
833 2429 878 2458 καὶ

92 2475 122 2513 τῇ
146 2475 289 2505 ἀναστάσει
316 2475 464 2505 ἀπιστεῖτε.
485 2475 522 2505 Οἱ
544 2474 595 2514 γὰρ
610 2475 711 2507 ἑαυτοῖς
735 2473 880 2506 συνειδότες

92 2519 157 2549 κακὰ
185 2520 215 2549 οὖ
233 2520 369 2550 πείθονται
388 2514 456 2549 εἶναι
479 2519 640 2555 ἀνάστασιν’,
654 2518 706 2548 δέει
733 2519 784 2547 τῶν
798 2517 880 2548 κολά-

94 2573 164 2595 σεων.
188 2564 333 2605 Ἀγνωσίαν
358 2565 384 2594 δὲ
409 2565 480 2595 Θεοῦ
498 2563 605 2604 ἔχουσιν
631 2564 655 2593 οἱ
739 2562 881 2592 ἀναστάσει

95 2607 294 2643 διαπιστοῦντες.
315 2611 357 2640 Οὐ
373 2609 425 2649 γὰρ
450 2609 525 2639 ἴσασι
540 2612 587 2638 τοῦ
606 2609 676 2638 Θεοῦ
697 2607 729 2638 τὸ
759 2607 879 2638 δυνατόν.

132 2706 196 2739 'lsa.
216 2719 297 2747 χιιι,
316 2715 360 2740 13.

921 286 1106 322 consequendi
1115 286 1219 323 gratia?
1229 285 1361 320 Quamvis
1368 285 1444 313 enim
1455 285 1553 322 aliquis
1560 285 1646 322 224
1655 294 1714 314 am-

922 330 1028 359 bitione
1045 331 1154 365 ductus,
1169 330 1286 367 pericula
1310 329 1416 364 subeat,
1430 329 1514 358 semel
1530 329 1623 358 forsan
1634 334 1716 367 atque

921 375 1022 404 iterum
1049 375 1200 412 periculum
1225 374 1350 410 elegerit;
1374 382 1472 402 verum
1495 374 1608 410 singulis
1632 374 1716 409 horis,

921 420 1155 457 quemadmodum
1167 428 1228 454 nos,
1241 419 1397 456 periclitari,
1408 419 1530 447 maxima
1541 418 1717 447 demonstra-

923 465 963 493 tio
978 469 1029 499 est,
1042 473 1093 493 nos
1105 465 1138 493 de
1151 464 1350 493 resurrectione
1365 468 1456 492 certos
1469 471 1538 492 esse.

958 511 1046 538 Vsus.
1063 513 1107 538 at.
1124 521 1136 534 α
1154 509 1283 546 Quotidie
1296 508 1413 542 morior,
1429 516 1478 544 per
1490 512 1610 537 vestram
1622 508 1718 545 gloria-

923 555 1027 583 tiouem
1035 562 1118 590 quam
1128 555 1216 583 habeo
1226 555 1255 582 in
1265 554 1373 582 Christo
1382 554 1447 582 Iesu
1455 553 1577 581 Domino
1586 558 1692 583 nostro.
1703 564 1718 580 ››

923 600 993 628 Cum
1006 599 1127 633 dixisset,
1145 609 1158 624 α
1174 599 1376 632 Periclitamur,
1394 610 1406 623 ι
1422 598 1541 634 pericula
1556 597 1602 626 hic
1615 606 1720 634 expres-

923 644 958 672 sit
974 653 982 672 ι
998 644 1056 672 imo
1069 643 1161 680 potius
1174 644 1262 680 majus
1279 642 1424 679 quiddam,
1441 642 1614 679 quotidianas
1627 642 1720 672 videli-

923 693 967 717 cet
979 693 1092 717 mortes.
1113 688 1261 724 Quomodo
1280 691 1372 716 autem
1389 687 1419 716 in
1433 687 1558 724 singulos
1583 687 1643 716 dies
1657 695 1721 716 mo-

924 733 1066 762 riebatur?
1089 733 1181 762 Animi
1205 732 1435 770 promptitudine,
1466 736 1494 760 et
1518 731 1582 768 quia
1611 732 1645 761 ad
1669 732 1722 761 hoc

925 779 1075 806 instructus
1089 782 1117 807 et
1132 782 1241 814 paratus
1264 777 1358 811 fuerit,
1374 782 1403 806 et
1421 777 1486 813 quia
1501 777 1562 805 talia
1582 777 1722 813 pertulerit

924 830 986 859 quae
1005 827 1125 851 mortem
1149 822 1310 851 efferebant
1335 833 1349 847 ι
1373 823 1426 850 Per
1442 825 1561 850 vestram
1576 822 1722 858 gloriatio-

924 875 1000 902 nem,
1016 879 1030 892 ν
1044 867 1073 896 id
1084 871 1136 902 est,
1148 869 1201 896 Per
1215 871 1336 896 vestrum
1354 866 1520 903 profectum,
1538 867 1616 903 cujus
1635 867 1722 904 gratia

925 912 1028 949 glorior
1050 922 1056 940 :
1077 912 1204 949 gloriatio
1225 912 1299 940 enim
1322 911 1500 948 praeceptoris
1523 911 1723 947 discipulorum

924 961 966 986 est
1001 964 1174 994 progressus.
1201 957 1307 985 Deinde
1336 956 1445 985 Christo
1472 955 1547 984 istud
1573 955 1721 991 ascn'bens,

927 1013 940 1027 ι
956 1002 1046 1037 Quam
1061 1002 1158 1037 habeo,
1176 1013 1190 1027 ι
1207 1002 1310 1038 inquit,
1328 1012 1341 1026 α
1355 1001 1383 1029 in
1396 1001 1504 1030 Christo
1518 1002 1582 1029 Jesu
1599 1009 1607 1029 :
1625 1012 1638 1026 ι
1650 1001 1722 1029 illius

925 1047 999 1075 enim
1022 1054 1092 1083 opus
1114 1051 1166 1080 est,
1189 1054 1244 1075 non
1267 1054 1371 1075 meum.
1402 1045 1605 1082 Sapientissime
1625 1050 1721 1074 autem

925 1099 973 1120 eos
993 1090 1216 1126 commonefecit,
1233 1091 1284 1125 Ut,
1308 1091 1442 1127 inquiens,
1458 1090 1493 1119 de
1511 1094 1602 1119 vestro
1625 1090 1653 1119 in
1667 1091 1724 1119 ﬁda

925 1143 1070 1173 progressu
1084 1136 1197 1172 glorior,
1213 1135 1251 1164 sic
1273 1135 1420 1172 pudeﬁam,
1436 1135 1535 1172 inquit,
1551 1135 1574 1164 si
1586 1135 1622 1164 ad
1636 1135 1722 1164 ﬁnem

925 1189 1014 1217 usque
1037 1181 1105 1209 adeo
1139 1181 1240 1209 misere
1265 1188 1314 1210 vos
1340 1181 1452 1217 geratis,
1474 1184 1506 1209 ut
1527 1180 1722 1210 resurrectioni

925 1225 1009 1254 ﬁdem
1024 1233 1079 1254 non
1093 1225 1254 1254 adhibeatis.

961 1271 1054 1298 Vens.
1071 1272 1115 1298 32.
1140 1281 1154 1295 ι
1175 1271 1203 1298 Si
1221 1270 1373 1299 secundum
1400 1270 1542 1299 hominem
1564 1270 1599 1299 ad
1620 1270 1723 1299 bestias

926 1315 1043 1352 pugnavi
1058 1315 1171 1351 Ephesi,
1189 1323 1251 1351 quae
1273 1315 1343 1343 mihi
1364 1315 1485 1343 utilitas?
1507 1315 1659 1350 Quatenus,
1680 1315 1722 1343 in-

927 1360 997 1396 quit,
1011 1359 1047 1388 ad
1061 1359 1189 1388 homines
1203 1360 1328 1396 pertinet,
1339 1367 1403 1388 cum
1415 1359 1481 1388 feris
1493 1359 1630 1388 dimicavi.
1645 1359 1718 1396 Quid

927 1405 1002 1432 enim
1024 1405 1047 1432 si
1066 1406 1140 1432 Deus
1160 1413 1175 1432 e
1198 1405 1323 1440 periculis
1343 1412 1388 1432 me
1405 1404 1522 1440 eripuit?
1543 1404 1618 1439 Quid
1641 1404 1726 1441 igitur

926 1449 996 1477 mihi
1006 1449 1131 1485 prodest,
1142 1449 1165 1477 si
1176 1449 1339 1478 resurrectio
1351 1457 1407 1477 non
1421 1449 1477 1477 sit?
1490 1450 1614 1485 Puguam
1628 1453 1723 1477 autem

885 1519 908 1548 G
925 1501 990 1522 cum
1005 1494 1098 1522 bestiis
1110 1493 1229 1530 appellat
1243 1493 1450 1522 contentionem
1464 1493 1593 1522 adversus
1611 1493 1724 1522 Iudaeos

925 1542 953 1566 et
966 1539 1138 1567 Demetrium
1148 1539 1343 1575 argentarium.
1361 1538 1433 1574 Quid
1447 1538 1521 1567 enim
1531 1538 1579 1566 isti
1593 1546 1609 1566 a
1622 1537 1724 1567 helluis

927 1582 1067 1612 distabant
1075 1585 1087 1611 Ρ

964 1640 977 1654 σι
999 1628 1028 1657 Si
1050 1628 1152 1657 mortui
1172 1636 1227 1656 non
1242 1633 1398 1665 resurgunt,
1418 1628 1533 1657 edamus
1544 1632 1574 1657 et
1585 1628 1723 1663 bibamus,

926 1681 986 1702 cras
998 1673 1072 1701 enim
1085 1673 1229 1707 morimur,
1243 1685 1257 1697 ν
1271 1673 1300 1702 Si
1311 1674 1415 1702 mortui
1428 1681 1486 1701 non
1498 1673 1662 1702 excitantur.
1676 1680 1726 1701 ne-

928 1726 981 1752 que
994 1718 1046 1746 erit
1057 1718 1084 1745 in
1098 1717 1191 1746 futuro
1205 1718 1332 1754 quaedam
1351 1718 1485 1754 voluptas,
1504 1717 1631 1746 fruamur
1645 1717 1724 1746 dein-

928 1770 991 1798 ceps
1013 1762 1124 1798 hujusce
1147 1762 1212 1790 vita
1232 1761 1321 1795 bouis,
1345 1761 1453 1791 edendo
1476 1762 1608 1790 nimirum
1638 1766 1665 1790 et
1687 1761 1728 1789 bi-

928 1806 1019 1834 bendo
1037 1815 1044 1834 :
1063 1806 1123 1834 haec
1144 1806 1219 1835 enim
1236 1811 1343 1834 tantum
1364 1806 1513 1834 lucramur.
1536 1808 1615 1835 Hanc
1635 1811 1727 1835 autem

927 1851 1092 1880 sententiam
1115 1858 1148 1879 ex
1173 1851 1240 1879 Isaia
1259 1850 1374 1886 protulit
1396 1852 1422 1884 ι,
1447 1850 1614 1879 dementiam
1631 1858 1729 1879 eorum

930 1899 1026 1924 taxans
1038 1895 1084 1931 qui
1099 1899 1202 1932 negant
1215 1895 1454 1923 resurrectionem.

965 1941 1056 1968 Vens.
1076 1942 1119 1968 33.
1143 1951 1155 1964 ιι
1177 1939 1266 1967 Nolite
1286 1939 1378 1967 seduci
1404 1948 1412 1967 :
1436 1943 1619 1976 corrumpunt
1640 1939 1729 1968 bonos

930 1993 1022 2013 mores
1035 1984 1170 2021 colloquia
1182 1992 1276 2020 prava.
1296 1995 1308 2008 υ
1324 1983 1366 2012 Ad
1379 1983 1599 2012 adhortationem
1619 1992 1726 2014 sermo-

931 2037 995 2058 nem
1014 2029 1105 2058 vertit.
1128 2029 1222 2058 Tacite
1244 2033 1337 2057 autem
1349 2036 1397 2056 eos
1418 2028 1500 2057 veluti
1522 2029 1682 2065 insipientes
1700 2034 1728 2058 et

931 2074 1004 2103 leves
1026 2078 1144 2102 accusat.
1165 2074 1225 2102 Hoc
1244 2073 1319 2101 enim
1337 2073 1439 2102 indicat
1452 2081 1501 2110 per
1518 2073 1571 2101 hoc
1585 2074 1660 2110 quod
1676 2074 1728 2109 ait,

935 2129 949 2146 ιι
960 2119 1051 2148 Nolite
1064 2119 1168 2148 reduci.
1184 2130 1197 2144 ν
1212 2119 1303 2146 Bonos
1312 2122 1405 2146 autem
1416 2126 1508 2146 mores
1521 2123 1601 2147 vocat
1609 2140 1616 2154 ,
1628 2118 1728 2155 quibus

893 2174 922 2206 D
935 2164 1012 2192 facile
1028 2164 1132 2200 imponi
1147 2167 1245 2199 potest.
1260 2163 1368 2192 Iudicat
1377 2171 1459 2200 porro
1472 2163 1547 2199 quod
1559 2167 1586 2192 et
1596 2164 1641 2192 alii
1653 2164 1729 2200 ipsos

934 2208 969 2237 ad
982 2209 1032 2237 ista
1047 2208 1220 2237 subtrahant.

970 2254 1058 2282 Vens.
1077 2256 1122 2281 84.
1138 2263 1152 2277 ι
1173 2252 1264 2281 Sobrii
1281 2257 1367 2281 estote
1377 2252 1464 2289 juste,
1487 2257 1514 2281 et
1527 2260 1563 2281 ue
1587 2253 1705 2289 peccetis
1723 2263 1731 2281 :

934 2298 1120 2335 ignorantiam
1134 2298 1209 2326 enim
1223 2297 1274 2325 Dei
1299 2297 1411 2333 quidam
1426 2297 1537 2326 habent.
1552 2309 1565 2323 ιι
1583 2298 1729 2335 Tanquam

934 2343 1075 2371 temulenti
1093 2346 1195 2376 essent,
1217 2353 1229 2367 ι
1253 2342 1354 2376 Sobrii,
1374 2353 1388 2367 »
1402 2342 1500 2378 inquit,
1524 2354 1537 2367 ι
1557 2346 1654 2371 estote.
1669 2354 1683 2368 ι
1695 2357 1731 2364 -

971 2399 984 2413 ι
992 2389 1070 2415 Juste
1080 2399 1091 2411 ιι
1103 2386 1268 2421 vero,veluti
1278 2387 1390 2414 utiliter.
1402 2387 1578 2415 Potestenim
1588 2387 1727 2424 quispiam

933 2433 1031 2469 injuste
1048 2433 1133 2461 etiam
1148 2431 1257 2460 sobrius
1276 2439 1347 2466 esse,
1369 2432 1426 2460 sive
1444 2431 1565 2468 vigilare,
1590 2432 1671 2460 veluti
1694 2432 1730 2460 ad

933 2478 1048 2505 malum.
1068 2488 1081 2501 α
1096 2478 1130 2504 Εῑ
1149 2484 1186 2504 ne
1199 2476 1327 2512 peccetis,
1341 2487 1354 2501 ιι
1374 2476 1463 2512 inquit
1481 2485 1489 2505 :
1507 2476 1572 2504 hinc
1595 2476 1669 2504 enim
1688 2480 1730 2504 est

935 2522 1012 2558 quod
1024 2520 1213 2550 resurrectioni
1226 2529 1284 2549 non
1296 2520 1421 2549 credatis.
1437 2521 1489 2556 Qui
1510 2521 1584 2549 enim
1598 2521 1648 2549 sibi
1663 2525 1728 2548 sunt

935 2566 1037 2595 conscii
1059 2567 1209 2599 malorum,
1233 2573 1289 2594 non
1311 2565 1508 2602 persuadentur
1529 2573 1588 2594 esse
1608 2573 1728 2593 resurre-

935 2611 1065 2646 ctionem,
1090 2615 1165 2640 metu
1178 2618 1335 2647 poenarum.
1357 2609 1544 2647 lgnorantiam
1565 2614 1658 2638 autem
1677 2609 1729 2637 Dei

799 2755 893 2785 Variae
915 2754 1069 2785 lectiones.

131 2834 150 2852 ⁷⁸
163 2837 305 2871 προκόπτων
320 2845 347 2866 ο.
386 2837 407 2853 π
422 2836 632 2871 ὲγκοιταλείψομαι
645 2844 671 2864 0.
711 2836 733 2853 ⁷⁵
745 2835 836 2863 ἐκεῖνοι
851 2844 878 2864 0.

386 2837 407 2853 π
422 2836 632 2872 ὲγκαταλείψομαι
645 2844 671 2864 ο.
