1867 3081
134 172 182 197 771

642 170 900 198 THEOPHYLACTI
919 170 1099 199 BULGARIE
1117 171 1276 200 ARCHIEP.

1739 172 1792 196 772

132 232 244 266 habent,
256 232 304 270 qui
317 232 513 262 resurrectioni
523 240 580 261 non
601 232 734 261 adhibent
754 233 848 262 Iidem.
867 234 924 261 Non

1016 234 1046 263 ὖκ
1060 229 1116 264 εἷπε
1131 233 1175 271 δὲ,
1186 231 1298 274 Ἔχετε,
1313 233 1373 263 ἀλλ’
1388 244 1405 262 α
1419 232 1560 274 Ἔχουσιν,
1575 243 1590 263 π
1607 232 1790 273 ἐλαφρότερον

130 277 206 306 enim
223 280 361 306 noverunt
373 276 424 305 Dei
446 277 611 313 potentiam.
630 278 693 306 Non
716 282 810 306 autem
835 277 926 306 dixit:

131 322 258 357 Habetis,
271 321 331 357 sed,
345 333 360 348 ι
382 321 505 356 Habent,
521 333 535 347 ι
549 321 703 351 faciliorem
714 326 742 351 et
755 322 928 352 tolerabilio-

131 374 192 396 rem
201 367 237 395 ita
250 367 454 396 accusationem
467 367 577 396 faciens.

166 411 251 448 325
266 423 279 437 ι
291 412 335 441 Ad
349 412 486 449 pudorem
498 412 575 441 vobis
590 412 650 441 hate
661 411 734 441 dico.
751 423 765 437 ι
778 414 928 448 Postquam

131 456 198 485 satis
210 464 258 485 eos
269 457 384 494 carpsit,
394 458 554 486 consolatur
571 465 629 492 eos,
648 457 740 486 dicens
753 467 760 485 :
776 458 844 486 Haec
858 457 927 491 dixi,

130 509 187 531 non
205 506 237 530 ut
248 501 335 530 hostis
355 502 432 531 vobis
445 502 621 538 exprobrans,
635 502 685 531 sed
704 506 734 530 ut
753 501 857 538 pudore
874 501 928 529 suf-

131 546 328 581 funderemini,
349 550 380 575 ut
395 546 557 575 reducerem
576 555 624 575 vos
647 547 681 576 ad
694 546 927 580 emendationem,

130 591 288 627 pudefactos
300 591 448 626 nimirum,
457 599 489 620 ac
502 591 633 621 decorum
643 592 803 628 cogitantes.

166 637 251 665 Vnus.
269 639 314 665 35.
333 635 389 665 Sed
403 636 477 665 dicet
496 636 605 673 aliquis,
622 636 770 672 Quomodo
783 640 930 673 resurgunt

130 681 250 710 mortui?
263 681 336 718 quali
349 685 442 710 autem
455 689 571 717 corpore
583 682 712 710 venient?
733 693 746 706 ι
763 682 826 709 Non
850 681 927 709 dixit

129 728 186 755 Vos
199 726 300 760 dicitis,
315 731 348 755 ut
360 727 400 755 sic
415 726 566 755 tolerabilis
585 726 718 755 reddatur
740 733 843 760 sermo,
869 730 930 754 tan-

129 779 212 808 quam
231 770 265 799 de
281 770 341 799 aliis
360 778 417 800 non
435 771 612 800 credentibus
633 770 694 799 haec
715 770 842 807 inquirat.
864 772 928 798 Duo

130 820 225 845 autem
243 819 310 845 sunt
327 815 364 844 de
377 815 475 853 quibus
494 815 636 845 dubitatur
650 824 658 843 :
674 815 732 852 ipse
752 815 930 843 resurrectio-

129 861 174 890 nis
191 861 300 895 modus,
323 861 464 898 quomodo
492 861 628 889 excitatur
648 860 734 889 semel
762 859 929 888 dissolutum

981 277 1014 308 τὸ
1029 277 1152 318 ἔγκλημα
1169 280 1264 309 ποιῶν.

1027 420 1042 440 σ
1066 409 1139 450 Πρὸς
1163 409 1292 450 ἂντροπὴν
1321 411 1383 448 ὑμῖν
1409 409 1490 450 λέγω.
1509 420 1525 440 ι
1553 408 1667 445 Ἐπειδὴ
1690 409 1794 442 tum}:

983 455 1071 484 αὐτῶν
1095 454 1252 495 καθήψατο,
1281 456 1480 495 παραμυθεῖται
1505 454 1598 488 αὖτοὺς
1620 453 1725 493 λόγων,
1749 453 1791 483 ὅτι

982 501 1078 530 Ταῦτα
1093 494 1262 539 εἶπωγῦμῖν,
1279 494 1331 540 οὔχ
1344 501 1380 534 ὡς
1394 500 1487 540 ἐχθρὸς
1502 499 1653 537 ὀνειδίζων,
1669 499 1731 528 ἀλλ’
1746 498 1791 528 did

983 545 1021 584 τῷ
1046 544 1189 585 ἐντρίψαι,
1210 544 1281 574 ὥστε
1298 546 1476 585 ἐπαναγαγεῖν
1491 545 1559 584 ὑμᾶς
1573 543 1638 584 πρὸς
1651 543 1702 580 τὴν
1716 542 1790 583 διόρ-

983 596 1064 624 θωσιν
1079 593 1286 634 αἰσχυνθέντας,
1303 594 1351 623 καὶ
1372 593 1404 623 τὸ
1427 594 1484 624 δέον
1499 592 1707 635 geniem-med

1027 649 1042 667 ι
1057 637 1128 668 Ἀλλ’
1141 640 1196 678 ἐρεῖ
1208 649 1257 673 τις·
1282 639 1346 672 Πῶς
1369 638 1516 678 ἐγείρονται
1539 639 1564 668 οἱ
1588 637 1697 678 νεκροίς
1719 637 1789 678 ποίῳ

1027 650 1042 667 ι
1063 650 1120 668 AM
1141 650 1194 678 ιρει
1208 650 1257 673 τις·
1283 650 1346 672 uio:
1369 650 1424 678 εγει
1508 650 1516 668 ι
1539 650 1564 668 οι
1588 650 1697 678 νεκροις
1719 650 1787 678 ante;

984 682 1012 712 δὲ
1034 681 1140 722 σώματι
1162 682 1301 723 ἔρχονταις
1327 684 1388 714 Οὔκ
1414 650 1505 714 sm
1513 683 1550 720 ⁷⁵,
1566 682 1660 722 Ὑμεῖς
1676 681 1787 722 λέγετε,

983 728 1028 757 ἵνα
1043 727 1125 761 οὕτως
1146 728 1300 768 ἀνεπαχθὴς
1323 730 1338 758 6
1361 728 1437 768 λόγος
1454 728 1582 769 γένηται,
1607 729 1644 761 ὣς
1662 727 1710 757 ἐπὶ
1728 726 1789 756 ἑτέ-

985 784 1037 812 ρων
1052 772 1233 803 ἀπιστούντων
1258 773 1451 812 ἐξεταζόμινος.
1473 773 1528 804 Δύο
1542 773 1572 803 δὲ
1596 772 1632 803 τὰ
1646 770 1786 813 ἀμφιϐαλ-

983 817 1092 856 λόμενα·
1117 817 1133 847 ϐ
1148 829 1178 847 τε
1193 817 1289 858 τρόπος
1301 820 1351 854 τῆς
1375 818 1557 856 ἀναστάσεως,
1573 818 1632 851 πῦς
1655 816 1787 857 ἐγείρεται

982 861 1013 891 τὸ
1039 862 1109 896 ἅπαξ
1132 862 1254 892 διαλυθὲν
1270 864 1358 901 σῶμα·
1385 862 1431 892 καὶ
1450 862 1520 903 ποίῳ
1544 861 1652 901 σώματι
1674 861 1787 891 ἀνίατα·

129 913 245 942 eorpus;
278 909 308 934 et
332 905 406 942 quali
435 913 552 942 corpore
570 905 699 942 resurgit,
722 905 786 939 hoc,
816 913 851 933 an
875 905 924 933 alio

1016 918 1043 944 ηι,
1057 907 1144 947 τούτῳ
1164 908 1182 943 ἢ
1197 906 1279 948 ἑτέρῳ
1303 898 1365 938 τινί.
1383 907 1436 938 Διὰ
1449 907 1478 937 δὲ
1498 898 1546 937 τοῦ
1565 898 1785 948 παραδείγματος

129 951 258 988 quodam.
289 951 344 980 Per
371 951 528 987 exemplum
557 954 649 980 autem
677 949 756 987 grani
790 949 836 978 illa
872 950 928 979 duo

129 996 263 1025 dissolvit.

163 1043 254 1070 νω.
270 1044 316 1070 86.
331 1052 344 1066 ι
356 1040 501 1077 lnsipiens,
520 1044 551 1069 tu
563 1040 637 1077 quod
651 1039 781 1075 seminas,
796 1047 853 1069 non
863 1039 929 1068 vivi-

129 1087 227 1116 ﬁcatur
238 1086 290 1115 nisi
300 1086 433 1115 moriatur
445 1106 452 1113 .
468 1097 481 1111 n
495 1087 520 1114 Α
535 1085 680 1122 perspicuo
697 1085 839 1121 quopiam,
854 1089 883 1113 et
895 1084 930 1113 ab

129 1139 162 1160 eo
169 1131 246 1168 quod
253 1130 357 1168 abipsis
362 1130 486 1168 quotidie
494 1130 596 1167 agitur,
609 1130 673 1158 facit
679 1129 850 1159 dilutionem.
858 1130 931 1158 Hinc

129 1180 157 1205 et
169 1176 314 1206 dementes
329 1184 377 1205 eos
389 1179 482 1210 vocat,
498 1180 528 1204 ut
541 1176 588 1212 qui
602 1175 670 1203 adeo
687 1174 832 1203 manifesta
847 1175 928 1211 igno-

129 1225 201 1250 rent.
218 1233 231 1246 «
252 1222 305 1256 Tu,
319 1221 415 1257 inquit,
436 1220 511 1258 quod
531 1221 664 1254 seminas,
687 1231 700 1244 ι
717 1223 747 1247 ιιι
765 1219 811 1256 qui
830 1227 928 1248 corru-

129 1267 231 1303 ptibilis
240 1275 281 1302 es,
296 1267 374 1303 ecqui
382 1266 416 1295 de
430 1268 488 1295 Deo
499 1265 625 1294 hasitas?
636 1276 649 1289 ι
662 1266 727 1293 Non
735 1264 897 1299 viviﬁcatur,
911 1276 924 1289 ν

126 1311 224 1348 inquit,
238 1323 251 1336 ιι
263 1312 316 1340 nisi
327 1311 471 1345 moriatur,
482 1322 496 1335 ι
510 1310 676 1339 dictionibus
685 1317 762 1343 usus,
774 1317 832 1338 non
844 1309 926 1337 semi-

127 1357 217 1391 nibus,
231 1356 280 1385 sed
297 1357 459 1392 corporibus
474 1356 593 1392 propriis
605 1359 633 1383 et
647 1354 846 1383 accommodis.
864 1355 926 1382 Non

127 1402 200 1430 enim
215 1401 290 1430 dixit
313 1401 386 1438 quod
405 1401 473 1429 alias
497 1409 554 1428 non
580 1399 719 1436 germinet
746 1399 924 1432 dissolvatur,

127 1446 224 1481 sed,-

128 1495 222 1520 autem
241 1491 383 1528 quomodo
403 1491 431 1519 in
449 1489 622 1518 contrarium
641 1495 797 1516 sermonem
810 1495 928 1515 conver-

127 1537 194 1564 terit
215 1545 222 1564 :
241 1536 294 1564 illis
315 1536 390 1564 enim
413 1534 556 1563 videbatur
587 1532 756 1569 ambiguum,
785 1531 927 1567 quomodo

128 1585 191 1616 post
208 1585 326 1609 mortem
350 1579 504 1608 excitemur
527 1588 534 1606 :
553 1578 612 1614 ipse
633 1581 727 1605 autem
756 1576 927 1604 contrarium

128 1625 236 1659 asserit,
259 1632 361 1661 nempe
382 1624 459 1660 quod
479 1623 543 1651 ideo
561 1622 726 1658 excitamur,
748 1621 814 1658 quia
838 1621 924 1648 mori-

128 1677 192 1697 mur
214 1679 221 1697 :
241 1670 320 1706 quasi
342 1677 400 1697 non
413 1668 508 1696 liceret
523 1667 601 1696 aliter
615 1666 757 1701 viviﬁcari,
779 1665 833 1694 nisi
850 1673 927 1694 mors

129 1718 210 1742 esset.

169 1761 258 1790 Vsus.
272 1763 317 1789 81.
330 1771 343 1784 ι
359 1760 396 1787 Et
413 1758 488 1795 quod
507 1758 642 1792 seminas,
658 1764 714 1785 non
733 1763 831 1792 corpus
851 1755 926 1793 quod

128 1807 255 1836 futurum
269 1809 312 1834 est
326 1803 457 1838 seminas,
470 1803 520 1832 sed
539 1803 646 1831 nudum
670 1809 798 1838 granum,
813 1805 844 1830 ut
861 1805 926 1837 puta

129 1852 210 1881 tritici
224 1851 265 1880 vel
278 1850 395 1887 alicujus
408 1853 584 1877 catteronim.
602 1860 614 1872 »ι
630 1847 700 1876 Cum
723 1846 778 1874 duo
793 1854 852 1874 esse
866 1853 928 1882 quae

128 1898 399 1926 controverterentur
420 1893 544 1929 dixisset,
564 1892 706 1929 quomodo
725 1891 858 1919 nimirum
875 1899 926 1918 ex-

127 1943 244 1972 citentur
264 1941 378 1974 mortui,
402 1943 431 1967 et
456 1939 529 1975 quali
553 1944 668 1974 corpore
699 1947 705 1964 :
734 1937 925 1972 questionem,

126 1987 265 2024 quomodo
290 1986 453 2018 excitentur,
477 1982 610 2016 dissolvit,
642 1989 741 2017 nempe
770 1980 924 2014 moriendo,

126 2030 362 2069 quemadmodum
376 2033 405 2058 et
415 2036 543 2064 granum.
558 2027 620 2055 1am
631 2033 696 2054 vero
720 2033 784 2053 cum
798 2025 928 2060 interpre-

126 2082 200 2106 tetur
215 2075 288 2113 quali
306 2081 421 2110 corpore
444 2075 597 2108 resurgant,
621 2070 700 2099 diluit
721 2070 838 2098 alterum
859 2069 926 2097 illud

127 2122 160 2150 de
175 2129 231 2158 quo
249 2119 452 2155 ambigebatur,
467 2117 556 2151 Idem,
580 2115 719 2152 inquiens,
735 2122 839 2150 corpus
850 2113 924 2142 exci-
941 2126 966 2157 Ι)

125 2171 210 2201 tatur,
234 2165 278 2194 vel
299 2163 422 2201 ejusdem
445 2161 580 2196 essentia,
596 2160 765 2197 splendidius
786 2163 879 2187 tamen
897 2163 925 2187 et

126 2211 284 2248 elegantius.
310 2208 441 2237 Haeretici
464 2211 558 2236 autem
581 2205 751 2234 contendunt
774 2212 830 2233 non
854 2204 926 2232 idem

126 2264 225 2293 corpus
246 2254 359 2284 excitari
381 2253 458 2282 :hoc
478 2252 551 2280 enim
572 2251 693 2280 indicare
716 2250 798 2278 aiunt
809 2252 927 2285 Aposto-

121 2302 194 2335 '|um,
203 2309 267 2330 cum
278 2300 332 2328 ait:
349 2310 362 2323 ι
374 2299 439 2326 Non
449 2297 523 2334 quod
535 2296 668 2324 futurum.
682 2307 696 2320 ι
709 2294 796 2331 Atqui
809 2296 928 2330 Aposto-

126 2347 169 2374 lus
180 2346 233 2374 lioc
247 2353 304 2373 non
315 2343 389 2372 dicit.
408 2341 482 2378 Quid
504 2341 604 2377 igitur?
619 2342 681 2369 Non
703 2340 824 2368 seminas
847 2338 927 2374 quale

127 2395 263 2424 nascetur,
286 2388 462 2425 splendidum
489 2394 588 2422 nempe
615 2390 643 2414 et
666 2385 787 2421 elegans,
809 2383 860 2412 sed
874 2391 926 2411 nu-

124 2436 190 2464 dum
205 2441 320 2472 granum
334 2442 342 2461 :
355 2437 478 2461 attamen
489 2432 564 2467 spica
578 2430 719 2459 decentior
741 2434 768 2457 et
786 2428 926 2465 pulchrior

127 2481 189 2509 inde
202 2479 336 2515 exsurgit.
352 2479 446 2513 Neque
458 2476 554 2505 eadem
569 2478 610 2504 est
622 2475 748 2507 omnino,
772 2481 836 2501 nam
850 2472 926 2508 spica

125 2534 182 2554 non
200 2529 243 2554 est
262 2523 409 2556 seminata,
424 2530 489 2550 cum
509 2522 604 2549 culmo
622 2519 755 2548 nimirum
770 2522 799 2547 et
822 2517 924 2551 aristis,

123 2570 171 2599 sed
184 2569 290 2599 nudum
313 2575 430 2606 granum
442 2577 450 2596 :
461 2574 550 2602 neque
559 2565 679 2594 omnino
690 2563 765 2592 aliud
776 2571 824 2591 seu
837 2562 927 2590 diver-

123 2623 196 2650 sum,
207 2612 435 2652 quandoquidem
455 2619 512 2640 non
534 2618 567 2639 ex
587 2609 642 2638 alio
657 2617 754 2646 grano,
774 2616 872 2637 verum
891 2617 925 2638 ex

125 2661 199 2690 nudo
207 2661 256 2689 illo
269 2664 311 2688 est
320 2658 409 2695 spica.

158 2707 247 2735 Vns.
264 2708 309 2734 38.
323 2714 335 2731 ε
347 2705 422 2732 Deus
435 2705 528 2731 autem
537 2700 585 2730 dat
595 2707 695 2737 corpus
709 2699 772 2736 ipsi,
787 2699 925 2736 quemad-

982 954 1030 982 τοῦ
1041 952 1139 983 κόκκου
1154 951 1189 982 τὰ
1202 953 1249 982 δύο
1264 953 1377 984 ἐπιλύει.

1024 1048 1040 1066 ε
1055 1037 1165 1079 Ἀφρον,
1187 1037 1220 1068 σὺ
1235 1038 1249 1068 ὃ
1265 1038 1396 1079 σπείρεις,
1411 1038 1441 1068 οὗ
1461 1040 1629 1073 ζωοποιεῖται
1640 1060 1649 1075 ,
1676 1037 1724 1068 ἢν
1745 1037 1783 1078 μὴ

985 1083 1117 1123 ἀποθάνῃ.
1142 1095 1158 1111 ιν
1188 1083 1253 1113 Ἀπὸ
1277 1086 1391 1124 φανεροῦ
1413 1095 1500 1121 τινος,
1528 1083 1574 1113 καὶ
1601 1084 1665 1112 καθ’
1682 1083 1786 1124 ἡμέραν

985 1127 1073 1161 αὐτοῖς
1106 1128 1305 1168 πραττομένου,
1335 1129 1452 1158 ποιεῖται
1479 1128 1529 1165 τὴν
1550 1128 1637 1158 λύσιν·
1665 1128 1708 1158 διὸ
1740 1127 1785 1158 καὶ

984 1172 1098 1212 ἄφρονας
1113 1173 1205 1206 αὐτοὺς
1226 1173 1317 1211 καλεῖ,
1332 1174 1369 1207 ὣς
1385 1173 1419 1202 τὰ
1434 1173 1503 1203 οὕτω
1524 1175 1598 1214 σαφῆ
1615 1174 1785 1213 ἀγνοοῦντας.

982 1230 994 1244 ε
1014 1217 1063 1254 Σὺ,
1081 1230 1092 1243 ι
1106 1218 1185 1258 φησὶν
1212 1228 1226 1246 ‹‹
1240 1217 1254 1247 8
1271 1217 1396 1258 σπείρεις,
1412 1230 1428 1246 ι
1447 1217 1479 1248 σὺ
1494 1219 1508 1247 6
1523 1218 1656 1258 φθαρτὸς,
1672 1217 1786 1258 καὶπῶς

980 1262 1042 1302 περὶ
1058 1257 1130 1293 Θεοῖὶ
1141 1257 1340 1302 ἀμφιϐάλλεις,
1354 1274 1370 1292 σ
1384 1263 1426 1293 Οὐ
1443 1257 1610 1297 ζωοποιεῖται
1624 1275 1641 1291 ν
1657 1262 1697 1299 δὲ,
1715 1257 1784 1299 εἷπε,

981 1306 1051 1348 [καὶ]
1068 1317 1082 1336 (ι
1091 1307 1137 1336 ἐὰν
1149 1306 1187 1346 μὴ
1198 1307 1330 1347 ἀποθάνῃ,
1344 1319 1360 1336 iv
1369 1307 1456 1342 λέξεσι
1466 1308 1694 1348 χρησάμενος,γοῦ
1703 1307 1786 1348 σπέρ-

981 1347 1063 1390 μασιν
1088 1352 1208 1388 οἰχείαις,
1235 1352 1304 1382 ἀλλὰ
1333 1347 1534 1391 σώμασινζηοῦ
1556 1352 1608 1393 γὰρ
1635 1347 1724 1388 εἶπεν,
1745 1352 1785 1381 ὅτι

981 1397 1067 1430 ἄλλως
1088 1397 1117 1426 οὗ
1142 1397 1304 1436 βλαστάνει,
1325 1397 1370 1426 ἐὰν
1395 1397 1433 1436 μὴ
1458 1398 1580 1437 διαλυθῇ,
1598 1397 1672 1434 ἀλλ’,
1705 1407 1721 1426 α
1743 1397 1784 1427 οὖ

252 1448 315 1475 Non
343 1445 506 1478 viviﬁcatur,
526 1445 581 1472 nisi
602 1443 746 1472 moriatur.
772 1455 785 1467 ιι
808 1443 924 1470 Observa

1016 1441 1161 1477 ιοποιεῖται,
1185 1441 1230 1470 ἐὰν
1260 1441 1297 1480 μὴ
1323 1441 1454 1482 ἀποθάνῃ.
1476 1453 1491 1471 ι
1515 1441 1588 1480 Ὅρα
1614 1441 1654 1479 δὲ,
1671 1442 1729 1474 πῶς
1750 1442 1785 1474 εἰς

981 1485 1133 1515 τούναντίον
1151 1486 1308 1526 περιέτρεψε
1329 1485 1374 1515 τὸν
1395 1487 1483 1526 λόγον·
1507 1487 1616 1520 ἐκείνοις
1629 1486 1683 1526 γὰρ
1699 1485 1784 1516 ἐδόκει

982 1529 1097 1571 ἄπορον,
1119 1532 1177 1564 πῶς
1197 1531 1265 1570 μετὰ
1292 1530 1323 1560 τὸ
1348 1532 1434 1561 θανεῖν
1460 1531 1624 1571 ἐγειρόμεθα·
1652 1530 1730 1564 αὐτὸς
1755 1530 1782 1560 δὲ

980 1575 1131 1605 τούναντίον
1155 1576 1250 1616 φησὶν,
1275 1573 1316 1605 ὅτι
1338 1575 1382 1605 διὰ
1400 1577 1478 1605 τοῦτο
1500 1575 1654 1616 ἐγειρόμεθα
1667 1598 1674 1612 ,
1690 1575 1782 1611 ἐπειδὴ

981 1620 1199 1659 ἀποθνήσκομεν,
1221 1621 1257 1654 ὣς
1276 1621 1324 1650 οὖιι
1349 1620 1407 1650 ἐνὸν
1424 1620 1513 1655 ἄλλως
1529 1621 1736 1658 (muniat,
1759 1621 1782 1649 εἶ

981 1663 1018 1703 μὴ
1035 1660 1067 1700 ἧν
1083 1664 1204 1699 θάνατος.

1021 1766 1038 1785 ε
1061 1754 1116 1786 Καὶ
1141 1754 1157 1784 ὃ
1188 1754 1322 1795 σπείρεις,
1347 1755 1377 1785 οὖ
1400 1755 1431 1785 τὸ
1453 1756 1534 1795 σῶμα
1555 1754 1585 1784 τὸ
1605 1754 1782 1795 γενησόμενον

980 1800 1111 1840 σπείρεις,
1134 1799 1204 1829 ἀλλὰ
1227 1799 1328 1839 γυμνὸν
1349 1801 1455 1837 κόκκον,
1481 1801 1505 1830 εἶ
1523 1800 1621 1840 τύχοι,
1651 1799 1742 1837 σίτου,
1763 1799 1781 1836 ἤ

980 1856 1048 1878 τινος
1070 1847 1122 1874 τῶν
1146 1846 1255 1875 λοιπῶν.
1282 1858 1294 1871 ι
1314 1844 1370 1874 Δύο
1388 1845 1546 1885 ἀπορεῖσθαι
1561 1844 1660 1881 εἰπὼν,
1674 1846 1733 1878 πῶς
1752 1856 1782 1874 τι

979 1890 1125 1929 ἐγείρονται
1160 1891 1184 1919 οἱ
1217 1889 1313 1930 νεκροὶ,
1338 1890 1385 1919 καὶ
1412 1890 1482 1929 ποίῳ
1505 1889 1623 1926 σώματι·
1650 1891 1708 1923 πῶς
1734 1890 1781 1929 μὲν

980 1934 1138 1974 ἐγείρονται,
1158 1934 1268 1972 ἔλυσεν,
1298 1933 1340 1964 ὅτι
1361 1934 1405 1964 διὰ
1425 1937 1471 1964 τοῦ
1494 1937 1598 1972 θανεῖν,
1618 1933 1710 1975 ὥσπερ
1736 1934 1782 1964 καὶ

979 1980 993 2008 6
1008 1978 1111 2012 κόκκος·
1136 1982 1180 2009 νῦν
1196 1979 1223 2009 δὲ
1252 1978 1403 2019 ἑρμηνεύων
1424 1980 1471 2009 καὶ
1485 1979 1556 2020 ποίῳ
1579 1978 1690 2018 σώματι
1713 1979 1783 2019 ἐγεί-

981 2035 1088 2063 ρονται,
1103 2023 1161 2053 λύει
1180 2023 1272 2053 καὶτὸ
1296 2023 1386 2064 ἕτερον
1411 2024 1527 2064 ἄπορον,
1552 2024 1599 2054 καί
1619 2035 1720 2064 φησιν,
1743 2024 1783 2053 ὅτι

979 2067 1020 2098 Τὸ
1035 2067 1082 2107 μὲν
1094 2067 1159 2098 αὐτὸ
1173 2071 1253 2105 σῶμα
1275 2069 1421 2109 ἕγείρεται,
1438 2069 1497 2105 ἤτοι
1518 2071 1566 2105 τῆς
1588 2070 1672 2105 αὐτῆς
1688 2068 1719 2098 ὂν
1737 2071 1782 2099 οὖ-

979 2112 1054 2149 σίας,
1075 2113 1261 2154 λαμπρότερον
1282 2114 1310 2143 δὲ
1331 2114 1378 2144 χαὶ
1399 2113 1591 2154 κοσμιώτερον.
1609 2115 1645 2144 Οἱ
1661 2114 1690 2143 δὲ
1709 2115 1784 2155 αἱρε-

981 2158 1050 2188 τυιοὶ
1063 2158 1200 2198 λέγουσιν,
1212 2158 1253 2187 ὅτι
1276 2159 1305 2187 οὔ
1319 2158 1350 2188 τὸ
1364 2158 1428 2188 αὐτὸ
1443 2158 1584 2199 ἐγείρεται.
1607 2159 1696 2188 Τοῧτο
1716 2158 1782 2200 γὰρ,

979 2202 1062 2243 φασὶ,
1078 2203 1156 2238 δηλοῖ
1168 2204 1182 2232 6
1194 2203 1353 2236 Ἀπόστολος
1366 2203 1410 2233 διὰ
1431 2206 1478 2233 τοῦ
1493 2204 1588 2241 εἰπεῖν,
1604 2214 1619 2232 ε
1635 2205 1678 2233 Οὖ
1692 2203 1726 2233 τὸ
1739 2215 1784 2243 γε-

980 2246 1136 2285 νησόμενον.
1150 2257 1166 2276 n
1186 2248 1228 2277 Οὖ
1239 2248 1317 2277 τοῦτο
1331 2247 1360 2278 δὲ
1373 2248 1445 2287 λέγει
1455 2249 1470 2277 6
1479 2248 1646 2281 Ἀπόστολος·
1657 2248 1728 2278 ἀλλὰ
1744 2248 1786 2285 si;

979 2292 1020 2322 ὅτι
1043 2293 1084 2323 Οὐ
1116 2292 1233 2332 σπείρεις
1260 2288 1315 2322 οἷον
1347 2294 1504 2332 γενήσεται,
1529 2293 1654 2333 λαμπρὸν
1677 2294 1784 2330 δηλαδὴ

979 2337 1025 2367 καὶ
1039 2337 1150 2377 κόσμιον
1160 2361 1169 2374 ,
1184 2337 1254 2367 ἀλλὰ
1268 2337 1368 2377 γυμνὸν
1383 2337 1489 2368 κόκκον·
1509 2339 1568 2367 ἀλλ’
1588 2338 1659 2377 ὅμως
1676 2340 1690 2367 6
1716 2338 1784 2368 στά-

979 2394 1026 2422 χυς
1051 2382 1259 2422 εὐπρεπέστερος
1292 2382 1387 2422 φύεται
1412 2382 1450 2413 ⁷⁷,
1479 2382 1552 2413 Οὔτε
1576 2384 1590 2412 6
1617 2383 1696 2417 αὗτός
1724 2385 1784 2413 ἐστι

979 2428 1078 2465 πάντη,
1101 2427 1168 2457 διότι
1189 2428 1236 2457 οὐχ
1252 2427 1356 2467 ἓσπάρη
1373 2427 1489 2468 στάχυς,
1504 2428 1572 2466 μετὰ
1592 2429 1640 2464 τῆς
1653 2428 1784 2466 καλάμης

980 2472 1093 2508 δηλαδὴ,
1116 2473 1163 2501 χαὶ
1185 2474 1238 2501 τῶν
1268 2471 1427 2511 ἀνθερίκων,
1453 2472 1523 2502 ἀλλὰ
1550 2472 1648 2511 γυμνὸς
1673 2473 1783 2505 χόλικος*

978 2516 1037 2546 οὔτε
1051 2516 1138 2557 ἔτερος
1160 2517 1259 2553 πάντη,
1275 2517 1342 2546 διότι
1363 2517 1412 2546 οῦκ
1426 2516 1453 2551 ἐξ
1472 2516 1561 2558 ἑτέρου
1583 2517 1700 2557 κόκκου,
1719 2517 1782 2547 ἀλλ’

978 2563 1008 2590 ἔκ
1027 2564 1075 2591 τοῦ
1089 2563 1189 2601 γυμνοῦ
1206 2562 1308 2591 ἐκείνου
1321 2563 1336 2591 6
1352 2561 1462 2601 στάχυς.

1019 2708 1032 2721 ι
1052 2693 1087 2726 Ὀ
1106 2695 1133 2724 δὲ
1166 2695 1233 2729 Θεὸς
1258 2695 1330 2735 αὐτῷ
1355 2695 1447 2725 δίδωσι
1473 2697 1570 2734 σῶμα,
1597 2695 1686 2729 καθὼς
1711 2695 1775 2732 ἠθέ·

828 2762 923 2792 V'aria:
944 2763 1095 2792 lectiones.

155 2833 177 2850 ⁷⁸
191 2833 235 2860 οὒκ
250 2830 330 2864 εἶπεν,
345 2830 421 2861 οὕτως
439 2829 484 2864 ξομ.
504 2827 542 2855 λέ.
558 2828 578 2855 ἴ.
593 2826 679 2855 ἀν.⁸ο.
717 2826 738 2843 π
752 2826 848 2861 γίνεται
873 2827 911 2862 0.:
