1867 3081
44 159 91 185 773
472 155 647 185 EXPOSlTlO
666 157 699 185 IN
719 157 824 186 EPIST.
844 158 857 185 Ῑ
873 158 920 186 AD
938 158 1018 187 COR.
1039 173 1075 180 —
1094 159 1171 187 CAP.
1191 159 1244 186 XV.

1627 156 1680 183 774

42 221 127 255 λησεν.
146 230 160 247 ιι
180 219 214 249 Εἰ
232 213 277 247 οὖν
299 219 315 248 ὁ
331 218 398 252 Θεὸς
413 218 506 248 δίδωσι
523 221 612 257 σῶμα,
627 219 652 248 τί
666 219 704 249 ἔτι
721 231 824 260 περιερ-

923 221 1005 249 odum
1021 222 1116 249 voluit.
1129 221 1155 256 ε»
1168 220 1196 248 Si
1216 227 1280 256 ergo
1303 221 1378 248 Deus
1401 227 1500 256 corpus
1515 219 1601 255 228
1621 217 1681 253 dat,

43 264 116 303 γάζῃ,
132 264 201 304 ποίῳ
225 262 330 302 σώματι
355 262 526 303 ἐγειρόμεθα,
554 263 600 293 καὶ
625 264 771 298 διαπιστεῑς

43 308 199 345 ἀναστάσει,
218 307 319 337 ἀκούων
341 309 413 338 Θεοῦ
438 307 548 347 δύναμιν
574 308 620 337 καὶ
647 309 769 346 Θέλησιν;
797 308 829 339 Ὁ

42 353 88 393 γὰρ
103 353 169 387 Θεὸς
186 353 216 382 τὸ
235 351 312 382 λυθὲν
333 352 382 391 μὲν
403 352 498 392 ἐγείρει
521 354 616 391 σῶμα,
641 352 710 389 πλὴν
737 354 829 393 εὐπρε-

43 397 162 438 πέστερον
178 397 224 427 καὶ
250 396 507 437 πνευματικώτερον.
532 398 618 427 Τοῦτο
645 397 695 437 γὰρ
719 397 764 427 καὶ
788 398 830 428 ἐπὶ

43 443 89 471 τῶν
109 442 268 482 σπερμάτων
284 443 355 472 ἔστιν
377 444 476 481 εὑρεῖν,
494 441 535 471 ὅτι
559 442 768 484 εὐπρεπέστερον
783 445 829 472 τοῦ

43 486 246 523 καταϐληθέντος
264 486 294 516 τὸ
310 488 465 527 βλαστῆσαν
481 487 576 518 ἄνεισι.

78 590 89 603 ι
105 576 158 606 Καὶ
178 576 284 617 ἑκάστῳ
305 578 358 607 τῶν
378 576 540 617 σπερμάτων
566 576 597 606 τὸ
617 576 683 607 ἴδιον
702 577 792 616 σῶμα.
819 590 832 603 ι

45 622 123 650 Τοῦτο
146 622 199 650 τῶν
226 622 364 662 αἱρετικῶν
391 621 588 662 ἀναντιρῤήτως
620 621 764 662 ἐμφράττει
797 621 831 651 τὰ

44 665 155 704 στόματα
179 667 232 695 τῶν
258 666 398 704 λεγόντων,
413 666 444 696 τὸ
459 666 532 696 ἀὐτὸ
558 668 638 704 σῶμα
663 667 689 696 ἐν
766 667 832 696 ἁνα-

45 710 127 740 στάσει
145 710 184 749 μή
200 710 360 750 ἐγείρεσθαι,
380 711 439 741 ἀλλ’
452 711 552 752 ἕτερον.
570 710 639 741 Ἰδοὺ
654 711 707 754 γὰρ
720 711 832 749 ἀκούεις,

44 754 79 783 ὅτι
93 754 122 784 τὸ
135 755 200 785 ἴδιον
215 757 294 794 σῶμα
311 756 416 797 ἑκάστῳ
434 756 546 787 δίδοται.

82 800 149 830 αΟὖ
163 804 241 830 πᾶσα
264 800 330 840 σὰρξ
356 803 371 837 ἡ
395 800 461 837 αὐτὴ
490 800 567 841 σὰρξ,
597 800 666 830 ἀλλὰ
690 801 759 838 ἄλλη
784 801 831 840 μὲν

45 844 198 884 ἀνθρώπων,
226 845 296 882 ἄλλη
319 845 346 875 δὲ
375 844 442 885 σὰρξ
466 847 582 883 κτηνῶν,
611 846 681 882 ἄλλη
711 847 738 875 δὲ
768 846 832 886 σὰρξ

44 891 156 925 πτηνῶν,
177 889 247 926 ἄλλη
265 889 291 919 δὲ
316 889 423 930 ἰχθύων.
451 901 465 919 ι
481 889 543 920 Ἵνα
569 890 608 929 μὴ
634 890 749 924 ἀκούσας
771 893 832 931 περὶ

45 936 83 962 τοῦ
107 934 189 972 σίτου,
214 934 338 974 νομίσῃς,
365 934 405 964 ὅτι
427 934 518 975 ὥσπερ
533 935 579 964 ἐπὶ
604 935 713 972 τούτου,
735 935 833 969 πάντες

45 979 66 1007 οἱ
88 979 216 1020 ἀστάχυες
246 979 368 1018 ὁμότιμοι
396 979 499 1009 ἀνίασιν
525 979 562 1017 ⁷⁸,
588 979 657 1010 οὕτω
680 979 726 1010 καὶ
749 981 776 1010 ἐν

47 1024 178 1055 ἀναστάσει
200 1025 300 1058 πάντες
316 1025 441 1063 ὁμότιμοι
464 1024 578 1055 ἔσονται·
602 1024 683 1060 δεῖξαι
705 1024 774 1054 ϐέλει
793 1024 833 1055 ὅτι

45 1069 147 1109 διαφορά
166 1070 222 1099 ἔστι
245 1071 298 1098 τῶν
313 1069 496 1108 ἀνισταμένων
521 1070 598 1111 (ὅπερ
613 1070 658 1100 καὶ
680 1070 834 1110 προφθάσας

47 1112 157 1152 ᾐνίξατο,
171 1113 265 1144 εἰπών·
283 1125 298 1143 α
312 1114 449 1148 Ἕκαστος
463 1115 490 1143 ἐν
504 1116 542 1154 τῷ
566 1114 625 1155 ἰδίῳ
646 1114 766 1154 τάγματι
782 1127 797 1143 ιν
808 1114 832 1154 ),

47 1157 86 1187 καί
99 1169 185 1198 φησιν,
200 1158 243 1188 ὅτι
257 1171 269 1186 α
284 1159 325 1188 Οὖ
340 1163 414 1188 πᾶσα
431 1159 496 1199 σὰρξ
512 1161 529 1195 ἡ
552 1157 619 1194 αὐτὴ
635 1158 709 1198 σάρξ·
724 1169 740 1188 ιι
758 1170 834 1189 τουτ-

47 1202 121 1242 έστιν,
142 1205 183 1233 Οὐ
204 1203 304 1237 πάντες
323 1205 349 1233 ἐν
414 1204 482 1244 αὐτῇ
503 1205 569 1243 τιμῇ
592 1203 758 1242 ἀνίστανται,
773 1204 832 1233 ἀλλ’

48 1247 127 1287 ἔχουσι
142 1248 287 1289 διαφορὰν,
301 1247 410 1288 πρώτην
425 1250 450 1278 οἱ
469 1248 566 1278 δίκαιοι
583 1247 648 1288 πρὸς
669 1247 729 1282 τοὺς
744 1248 834 1288 ἆμαρ-

49 1291 147 1329 τωλοὺς,
163 1293 196 1329 ἥν
218 1292 313 1333 ἔχουσι
328 1293 363 1323 τὰ
386 1293 502 1332 σώματα
526 1293 561 1323 τὰ
585 1293 694 1334 οὐράνια
715 1293 780 1332 πρὸς
800 1292 834 1322 τὰ

50 1336 152 1376 ἐπίγεια·
168 1337 275 1375 ἔπειτα,
292 1337 338 1367 καὶ
352 1339 379 1368 ἐν
404 1339 492 1372 αὐτοῖς
514 1342 568 1372 τοῖς
592 1337 702 1371 δικαίοις
721 1336 834 1378 διαφορὰ

51 1383 148 1421 βαθμῶν
161 1384 261 1419 πολλὴ,
288 1384 325 1416 ὣς
347 1382 521 1422 παρακατιὼν
535 1383 598 1422 ἐρεῖ·
622 1382 668 1412 καὶ
694 1383 721 1411 ἐν
748 1383 834 1416 αὐτοῖς

49 1432 94 1460 τοῖς
119 1427 297 1467 ἁμαρτωλοῖς.
323 1428 379 1458 Καὶ
404 1428 467 1467 γὰρ,
496 1428 587 1468 φησὶν,
606 1426 698 1467 ὥσπερ
720 1427 832 1468 διαφορά

50 1472 98 1501 ἐστι
118 1474 163 1508 τῆς
186 1472 286 1512 σαρκὸς
303 1473 357 1501 τῶν
376 1472 531 1513 ἀνθρώπων,
551 1472 596 1501 καὶ
617 1474 664 1508 τῆς
686 1474 738 1502 τῶν
764 1484 833 1507 κτη-

884 266 951 302 quid
969 269 1012 294 est
1030 265 1103 302 quod
1117 265 1233 301 amplius
1254 264 1360 292 curiose
1380 263 1512 300 inquiras,
1529 263 1602 300 quali
1618 271 1679 291 cor-

885 318 953 347 pore
965 310 1129 343 excitemur,
1153 317 1185 338 ac
1200 309 1310 338 difﬁdas
1321 308 1527 342 resurrectioni,
1549 307 1662 336 audiens

885 355 935 383 Dei
950 356 1103 391 potentiam
1116 359 1144 383 et
1152 354 1338 382 voluntatem?
1348 355 1424 382 Deus
1434 353 1510 381 enim
1517 352 1680 380 dissolutum

885 400 996 436 quidem
1009 408 1109 436 corpus
1126 400 1236 434 excitat,
1257 406 1353 427 verum
1370 398 1520 435 pulchrius,
1541 396 1682 426 decentius

885 449 913 473 et
922 445 1099 481 spiritualius.
1112 445 1174 473 Hoc
1193 443 1268 472 enim
1283 447 1312 472 et
1326 443 1354 472 in
1369 442 1522 472 seminibus
1532 442 1595 470 licet
1607 441 1680 470 inve-

885 490 956 518 nire.
972 491 1045 518 Nam
1063 489 1212 526 speciosius
1224 493 1252 517 et
1262 487 1427 525 elegantius,
1441 487 1573 516 dissoluto
1593 487 1679 515 semi-

885 543 929 568 ne,
944 536 1015 571 quod
1032 539 1129 562 natum
1144 539 1185 562 est
1197 541 1310 570 germen
1324 533 1453 570 exsurgit.

922 591 935 604 σι
953 581 988 607 Et
1002 579 1151 616 unicuique
1162 578 1301 607 seminum
1315 578 1456 614 proprium
1467 584 1578 613 corpus.
1595 588 1608 601 ιι
1621 577 1683 605 Hoc

886 623 1079 652 haereticorum
1094 632 1141 652 ora
1156 623 1383 660 irrefragabiliter
1396 622 1524 657 obstruit,
1539 621 1680 650 afﬁrman-

885 669 956 697 tium
980 669 1053 697 idem
1077 677 1178 705 corpus
1201 669 1230 696 in
1249 668 1455 697 resurrectione
1475 675 1532 695 non
1556 667 1681 701 excitari,

885 714 934 742 sed
960 713 1110 742 diversum.
1130 715 1172 742 En
1195 713 1273 742 audis
1291 713 1366 742 enim
1383 712 1458 749 quod
1480 720 1561 741 suum
1583 711 1682 748 cuique

885 766 987 794 corpus
1000 759 1094 787 datur.

920 805 1010 832 Vsus.
1028 807 1072 832 39.
1095 815 1108 828 ‹ι
1123 805 1185 832 Non
1196 803 1288 832 omnis
1305 811 1369 831 caro
1388 806 1430 831 est
1446 802 1553 836 eadem,
1571 802 1620 831 sed
1632 802 1683 830 alia

888 848 999 884 quidem
1019 848 1176 882 hominum,
1192 849 1246 877 alia
1269 852 1365 876 autem
1379 855 1519 884 pecorum,
1543 847 1597 876 alia
1619 855 1684 876 vero

887 901 951 922 caro
966 893 1128 927 volucrium,
1141 894 1194 921 alia
1209 901 1272 921 vero
1285 892 1410 929 piscium.
1428 904 1441 917 ι
1463 893 1505 921 Ne
1519 900 1583 920 cum
1605 892 1684 921 audis

887 937 920 966 de
942 937 1091 972 frumento,
1118 938 1269 972 arbitreris,
1294 937 1369 974 quod
1393 936 1628 974 quemadmodum
1655 937 1683 966 in

886 984 939 1012 hoc
952 991 1049 1011 omnes
1068 983 1153 1019 spicae
1165 983 1285 1019 aequales
1299 981 1445 1018 prodeant,
1469 981 1519 1017 sic,
1541 985 1570 1010 et
1584 982 1614 1010 in
1637 989 1681 1010 re-

887 1028 1055 1056 surrectione
1075 1035 1172 1056 omnes
1193 1027 1251 1055 fore
1274 1026 1380 1055 honore
1403 1034 1482 1062 pares
1501 1036 1510 1054 :
1530 1031 1683 1056 monstrare

887 1073 946 1101 vult
959 1073 1035 1109 quod
1048 1072 1195 1101 discrimen
1214 1073 1251 1100 sit
1269 1072 1484 1108 resurgentium,
1505 1071 1534 1100 id
1547 1072 1621 1108 quod
1634 1079 1684 1100 su-

887 1125 935 1154 pra
957 1118 1057 1151 innuit,
1079 1129 1091 1142 ι
1115 1117 1246 1154 Quilibet,
1264 1117 1400 1153 inquiens,
1423 1116 1450 1144 in
1474 1117 1587 1153 proprio
1605 1117 1683 1145 ordi-

886 1171 930 1191 ne.
948 1174 962 1188 ι»
978 1163 1024 1191 Ait
1038 1166 1131 1191 autem
1150 1161 1226 1198 quod
1239 1174 1253 1186 ι
1269 1164 1332 1190 Νοιι
1350 1161 1443 1190 omnis
1456 1169 1520 1190 caro
1534 1162 1571 1190 sit
1584 1162 1682 1191 eadem

887 1216 962 1242 caro,
979 1219 992 1231 υ
1009 1207 1062 1235 hoc
1080 1211 1121 1236 est
1141 1215 1195 1235 non
1215 1214 1315 1235 omnes
1323 1207 1380 1243 pari
1404 1206 1508 1235 honore
1527 1211 1683 1243 resurgunt,

887 1252 934 1281 sed
949 1252 1058 1281 diverso
1082 1261 1088 1279 :
1105 1253 1181 1280 enim
1202 1260 1266 1280 vero
1289 1251 1406 1288 primam
1429 1252 1530 1280 habent
1550 1251 1683 1280 differen-

888 1297 955 1325 tiam
967 1298 1033 1333 justi
1055 1297 1092 1325 ad
1112 1301 1279 1333 peccatores,
1298 1304 1382 1332 quam
1406 1296 1508 1324 habent
1518 1297 1684 1332 supercmle—

887 1342 938 1370 stia
951 1350 1068 1378 corpora
1082 1341 1254 1370 terrestribus
1267 1341 1374 1369 collata.
1390 1341 1496 1370 Deinde
1520 1346 1548 1369 et
1572 1342 1599 1370 in
1619 1342 1684 1378 ipsis

885 1387 965 1422 justis
987 1395 1087 1423 magna
1109 1386 1263 1415 differentia
1278 1386 1426 1422 graduum,
1441 1391 1472 1414 ut
1492 1387 1521 1414 in
1535 1395 1683 1423 progressu

887 1431 963 1466 dicit,
978 1431 1101 1468 adeoque
1114 1431 1144 1459 in
1159 1431 1224 1467 ipsis
1238 1431 1437 1467 peccatoribus.
1449 1431 1496 1459 Ait
1507 1432 1583 1460 enim
1596 1440 1603 1459 :
1619 1433 1682 1460 Per-

886 1476 950 1504 inde
965 1485 997 1504 ac
1015 1477 1165 1505 discrimen
1184 1480 1226 1504 est
1253 1477 1283 1504 in
1297 1484 1379 1504 carne
1401 1476 1546 1505 hominum
1562 1480 1590 1505 et
1604 1484 1683 1513 peco-

51 1518 107 1554 νῶν,
123 1517 167 1547 καὶ
187 1520 242 1547 τῶν
265 1518 365 1547 λοιπῶν
381 1517 464 1552 ζώων
479 1517 549 1546 οὔτω
568 1517 680 1547 καὶτῶν
703 1517 824 1558 ἁμαρτω-

923 1530 950 1549 m
965 1526 993 1550 et
1015 1522 1182 1557 reliquorum
1201 1521 1362 1549 animalium
1382 1521 1442 1549 :sic
1465 1526 1492 1550 et
1507 1526 1684 1558 peccatorum

50 1562 94 1591 λῶν
114 1562 186 1592 ἔσται
201 1562 315 1602 διαφορὰ
331 1563 356 1592 ἐν
378 1564 436 1596 ταῖς
461 1563 597 1593 κολάσεσι.
614 1561 710 1592 Πάντα
725 1557 770 1592 οὖν
785 1561 834 1591 ὅσα

50 1606 141 1645 εἴρηται
164 1607 252 1649 τούτῳ
274 1610 331 1643 ν’ῦν,
348 1606 410 1647 περὶ
432 1607 557 1648 διαφορᾶς
572 1607 740 1647 ἁμαρτωλῶν
761 1607 836 1643 εἴρη-

49 1662 94 1680 ται.
112 1652 176 1692 Περὶ
198 1653 252 1692 γὰρ
272 1653 324 1681 τῶν
345 1651 455 1681 δικαίων
476 1651 653 1691 παρακατιὼν
671 1652 752 1691 λέγει,
771 1651 834 1681 ὅταν

50 1697 145 1735 οὐράνια
158 1696 295 1737 καταλέγῃ
312 1695 438 1736 σώματα.

87 1741 167 1771 «Καὶ
189 1741 305 1780 σώματα
332 1741 486 1780 ἐπουράνια,
509 1741 555 1770 καὶ
581 1741 695 1780 σώματα
722 1741 835 1780 ἐπίγεια·

51 1785 103 1814 ἀλλ’
119 1787 193 1827 ἑτέρα
210 1786 261 1825 μὲν
276 1789 293 1822 ἡ
315 1787 368 1816 τῶν
382 1786 545 1826 ἐπουρανίων
563 1785 637 1823 δόξα,
665 1786 741 1826 ἑτέρα
762 1786 793 1827 ξόὲ
817 1788 834 1822 ἡ

51 1832 96 1859 τῶν
108 1825 239 1870 ἐπιγείων.
261 1841 277 1860 ι
293 1831 437 1868 Ἐνταῦθα,
450 1825 518 1871 νδπερ
539 1832 584 1861 καὶ
602 1825 728 1871 ἀνωτέρω
751 1825 834 1868 εἷπον,

50 1874 92 1910 τὴν
116 1876 240 1917 διαφορὰν
269 1877 321 1905 τῶν
347 1876 455 1906 δικαίων
481 1876 546 1916 πρὸς
571 1875 632 1910 τοὺς
658 1874 833 1915 ἁμαρτωλοὺς

51 1920 124 1955 δηλοῖ·
137 1921 194 1954 τοὺς
217 1920 268 1961 μὲν
293 1922 381 1950 καλῶν
408 1920 551 1959 ἐπουράνια
577 1919 702 1959 σώματα,
726 1919 786 1953 τοὺς
807 1919 836 1950 δέ

51 1976 77 2003 γε
96 1965 265 2005 ἁμαρτωλοὺς
288 1966 400 2004 ἐπίγεια·
427 1966 473 1995 καὶ
497 1965 575 2006 ἑτέρα
603 1965 651 2004 μὲν
676 1967 692 2001 ἡ
718 1966 772 1995 τῶν
794 1965 835 1994 δι-

53 2009 124 2039 καίων
138 2010 208 2047 δόξα,
221 2010 301 2050 ἑτέρα
317 2010 345 2039 δὲ
363 2012 380 2046 ἡ
403 2011 454 2040 τῶν
472 2010 653 2050 ἁμαρτωλῶν,
671 2010 757 2039 οὖκέτι
776 2008 838 2044 δόξα

56 2055 89 2091 (οὐ
101 2054 149 2094 γὰρ
163 2055 202 2084 δεῖ
215 2057 416 2085 συνυπακοῒωαι
430 2058 529 2093 τοῦτο),
547 2054 606 2085 ἀλλ’
623 2057 641 2091 ἡ
654 2053 784 2093 διαγωγή.

89 2098 191 2136 «Ἄλλη
217 2099 280 2134 δόξα
305 2099 395 2137 ἡλίου,
411 2099 458 2129 καὶ
473 2100 542 2136 ἄλλη
563 2098 626 2134 δόξα
650 2099 776 2135 σελήνης,
791 2098 838 2128 καὶ

53 2143 111 2180 ἄλλη
132 2144 191 2179 δόξα
211 2145 340 2185 ἀστέρων·
364 2143 450 2185 ἀστὴρ
475 2144 527 2185 γὰρ
542 2144 653 2184 ἀστέρος
668 2144 788 2184 διαφέρει
806 2145 833 2173 ἐν

54 2187 115 2228 δόξῃ.
130 2199 145 2218 ν
161 2189 270 2230 Ὠσπερ
291 2191 378 2229 μικρῷ
401 2190 548 2229 ἔμπροσθεν
564 2185 622 2219 εἶπε
637 2191 689 2219 τῶν
705 2189 834 2229 ἁμαρτω-

55 2232 99 2261 λῶν
115 2234 244 2273 σωμάτων
266 2234 314 2268 τὰς
333 2234 469 2274 διαφορὰς,
496 2235 549 2264 ἀπὸ
575 2233 724 2274 ἅνθρώπων
754 2233 836 2273 ἀρξά-

56 2289 135 2316 μενος,
158 2280 202 2309 καὶ
222 2278 282 2314 ἑξῆς
303 2281 410 2315 πτηνῶν
437 2277 639 2318 μνημονεύσας,
660 2278 707 2309 καὶ
721 2279 835 2314 κτηνῶν,

55 2322 94 2350 καὶ
117 2323 220 2364 ἰχθύων,
245 2322 382 2364 διότιὴκαὶ
407 2324 430 2353 οἳ
455 2323 626 2364 ἁμαρτωλοὶ,
654 2323 790 2364 ἄνθρωποι
810 2323 837 2358 ἐξ

56 2362 132 2406 ἀρχῆς
139 2362 289 2408 γεγονότες,
305 2362 364 2398 εἶτα
388 2369 433 2398 ἐπὶ
447 2367 497 2405 τὴν
516 2362 569 2398 τῶν
584 2368 688 2408 ἀλόγων
706 2362 836 2407 -ὃμοίωσιν

56 2412 250 2454 κατηνέχθησαν·
271 2414 340 2444 οὕτω
361 2413 408 2443 καὶ
431 2414 485 2443 τῶν
505 2413 615 2443 δικαίων
641 2414 688 2447 τὰς
711 2413 838 2454 διαφορὰς

57 2455 168 2489 δείκνυσι.
187 2459 290 2493 Πάντες
316 2458 364 2498 μὲν
388 2458 440 2498 γὰρ
465 2459 492 2487 ἐν
520 2458 594 2498 δόξῃ“
620 2458 700 2495 ἀλλὰ,
721 2458 787 2487 ἄλλο
807 2457 837 2488 τὸ

57 2502 103 2539 φῶς
125 2505 169 2532 τοῦ
188 2503 278 2541 ἡλίου,
302 2503 349 2533 καὶ
375 2503 442 2533 ἄλλο
457 2503 548 2539 τὸτῆς
565 2503 691 2541 σελήνης,
705 2503 750 2532 καὶ
773 2501 838 2543 ἄχρι

58 2546 100 2574 τῶν
113 2547 253 2587 τυχόντων.
278 2547 333 2579 Καὶ
356 2548 408 2588 γὰρ
424 2547 532 2588 ἀστέρες
555 2547 621 2588 πρὸς
646 2547 758 2588 ἀστέρας
780 2547 838 2576 δια-

59 2589 165 2629 φέρουσιν
189 2594 214 2622 ἐν
237 2593 311 2633 δόξῃ,
333 2593 482 2630 τουτέστιν,
507 2593 534 2622 ἐν
549 2593 587 2633 τῷ
611 2592 688 2632 φωτί·
709 2592 771 2626 δόξα
785 2591 837 2632 γὰρ

60 2635 102 2679 τῷν
121 2637 251 2678 ἀστέρων,
278 2638 309 2668 τὸ
332 2639 395 2679 φῶς.
409 2637 488 2671 Τινὲς
509 2637 538 2668 δὲ
565 2636 679 2679 σώματα
695 2636 837 2676 ἐπουράνια

60 2678 109 2713 τοὺς
123 2681 243 2721 ἀγγέλους
267 2677 393 2721 ἐνόησαν,
417 2683 464 2712 οὐκ
481 2681 614 2722 εὐστόχως
634 2677 713 2721 οἶμαι
736 2681 774 2706 79·
791 2682 838 2711 καὶ

887 1566 1034 1594 discrimen
1048 1566 1102 1594 erit
1122 1567 1151 1594 in
1170 1566 1269 1602 poenis.
1289 1566 1388 1594 Omnia
1407 1567 1489 1602 igitur
1513 1574 1685 1603 quaecunque

888 1619 962 1640 nunc
975 1611 1009 1639 ab
1024 1611 1070 1640 illo
1084 1611 1155 1639 dicta
1175 1615 1252 1646 sunt,
1277 1611 1311 1639 de
1333 1611 1491 1639 discrimine
1506 1616 1684 1647 peccatorum

888 1656 961 1684 dicta
979 1660 1053 1684 sunt.
1070 1657 1112 1684 De
1120 1656 1203 1692 justis
1224 1655 1297 1684 enim
1312 1655 1384 1684 infra
1404 1655 1482 1689 dicit,
1496 1656 1607 1692 quando
1627 1663 1683 1685 σαι-

889 1701 966 1729 lestia
981 1705 1107 1729 recenset
1121 1708 1247 1736 corpora.

924 1747 1016 1775 Vens.
1031 1749 1076 1774 40.
1092 1757 1104 1770 ι
1122 1747 1157 1774 Et
1171 1753 1287 1781 corpora
1299 1745 1514 1782 supercmlestia,
1529 1749 1558 1774 et
1569 1754 1685 1782 corpora

888 1791 1046 1819 terrestria:
1063 1790 1112 1818 sed
1131 1790 1180 1818 alia
1202 1789 1316 1826 quidem
1339 1791 1574 1826 supercmlestium
1589 1791 1684 1827 gloria,

889 1836 942 1863 alia
962 1843 1025 1863 vero
1047 1835 1231 1863 terrestrium.
1255 1846 1268 1858 ιι
1295 1835 1346 1862 Hic
1360 1838 1392 1862 ut
1413 1842 1494 1870 supra
1513 1835 1579 1868 dixi,
1591 1835 1684 1871 justo—

888 1888 953 1909 rum
968 1884 996 1908 et
1005 1883 1182 1915 peccatorum
1194 1878 1378 1906 differentiam
1389 1878 1510 1907 ostendit
1525 1888 1533 1907 :
1548 1879 1609 1907 illos
1623 1879 1684 1915 qui.

888 1924 953 1953 dem
963 1931 1062 1952 vocans
1070 1922 1277 1959 supercwlestia
1291 1931 1419 1958 corpora,
1429 1923 1480 1951 hos
1494 1931 1569 1958 vero,
1588 1931 1684 1959 pecca-

890 1973 966 1997 tores
982 1968 1094 2002 scilicet,
1112 1968 1253 1996 terretria
1274 1978 1281 1996 :
1297 1972 1326 1996 et
1345 1967 1397 1995 alia
1417 1967 1529 2004 quidem
1540 1968 1682 2004 justorum

891 2014 986 2050 gloria,
1002 2013 1051 2041 alia
1068 2021 1132 2041 vero
1147 2016 1334 2049 peccatorum,
1348 2020 1404 2040 non
1419 2012 1504 2048 gloria
1522 2012 1586 2045 (hoc
1606 2012 1683 2041 enim

891 2057 1153 2094 subintelligendum
1170 2065 1228 2086 non
1245 2059 1306 2091 est),
1322 2057 1369 2086 sed
1384 2057 1566 2085 conversatio.

927 2103 1018 2132 Vens.
1033 2106 1077 2131 41.
1104 2111 1119 2129 (ι
1134 2102 1195 2130 Alia
1215 2106 1257 2130 est
1278 2102 1364 2138 gloria
1384 2102 1460 2136 solis,
1482 2106 1510 2130 et
1529 2102 1579 2130 alia
1599 2102 1686 2138 gloria

890 2148 971 2182 lunze,
983 2152 1011 2176 et
1031 2148 1085 2176 alia
1104 2147 1189 2183 gloria
1203 2146 1343 2175 stellarum
1359 2156 1366 2173 :
1388 2147 1464 2175 stella
1487 2146 1562 2174 enim
1577 2155 1593 2174 a
1607 2147 1686 2175 stella

889 2193 983 2222 differt
997 2192 1026 2220 in
1040 2192 1139 2229 gloria.
1156 2203 1169 2216 ι
1185 2191 1300 2220 Perinde
1313 2199 1344 2219 ac
1358 2192 1441 2228 paulo
1456 2196 1520 2220 ante
1533 2199 1685 2227 corporum

890 2241 1064 2273 peccatorum
1079 2236 1247 2265 differentias
1256 2236 1326 2270 dixi,
1348 2236 1382 2264 ab
1398 2236 1558 2264 hominibus
1572 2244 1687 2265 exorsus

890 2290 922 2310 ac
933 2282 1060 2318 deinceps
1075 2281 1249 2310 mentionem
1265 2281 1364 2309 faciens
1381 2281 1537 2315 volucrum,
1553 2288 1686 2317 pecorum
1729 2302 1732 2305 -

891 2331 919 2355 et
935 2327 1063 2363 piscium,
1077 2334 1111 2355 eo
1126 2325 1202 2362 quod
1216 2330 1244 2354 et
1257 2326 1306 2362 ipsi
1316 2330 1486 2362 peccatores,
1501 2333 1566 2354 cum
1583 2326 1618 2354 ab
1633 2326 1684 2354 ini-

891 2371 928 2400 tio
942 2371 1005 2400 facti
1020 2375 1112 2399 essent
1127 2370 1264 2404 homines,
1285 2374 1380 2406 postea
1398 2370 1433 2398 ad
1446 2370 1592 2399 brutorum
1606 2371 1685 2399 simi-

891 2416 1037 2445 litudinem
1055 2415 1160 2452 delapsi
1181 2416 1237 2444 sint
1261 2424 1268 2444 :
1288 2415 1326 2443 ita
1349 2416 1432 2444 etiam
1446 2415 1588 2452 justorum
1604 2415 1683 2444 diﬂ‘e-

892 2462 994 2490 rentias
1018 2460 1147 2489 ostendit.
1173 2461 1276 2488 Omnes
1299 2460 1374 2488 enim
1395 2460 1422 2487 in
1444 2460 1532 2496 gloria
1556 2470 1563 2488 ;
1586 2468 1682 2488 verum

891 2506 966 2534 aliud
984 2510 1026 2534 est
1048 2505 1142 2534 lumen
1164 2505 1240 2539 solis,
1262 2504 1334 2532 aliud
1351 2505 1432 2539 lunae,
1451 2505 1486 2532 ad
1501 2505 1625 2541 vulgares
1638 2513 1683 2533 us-

892 2559 944 2587 que
957 2551 1050 2579 stellas
1064 2549 1249 2586 procedendo.
1261 2549 1344 2585 227
1354 2550 1427 2577 Nam
1437 2553 1466 2577 et
1475 2550 1562 2578 stellae
1573 2557 1589 2577 a
1601 2549 1686 2578 stellis

892 2595 1049 2632 discrepant
1075 2595 1105 2622 in
1129 2594 1225 2631 gloria,
1249 2594 1301 2622 hoc
1329 2598 1370 2622 est
1390 2594 1419 2622 in
1443 2594 1546 2622 lumine
1568 2603 1575 2621 :
1599 2593 1684 2630 gloria

892 2640 964 2669 enim
993 2639 1133 2669 stellarum
1155 2639 1247 2667 lumen
1272 2642 1324 2668 est.
1355 2638 1487 2666 Nonnulli
1519 2641 1614 2666 autem
1637 2645 1684 2673 per

894 2692 1010 2722 corpora
1032 2684 1152 2713 coelestia
1174 2683 1286 2720 angelos
1299 2683 1499 2715 intellexerunt,
1516 2690 1574 2710 non
1597 2690 1683 2718 appo—

714 2805 718 2808 λ
762 2767 853 2797 Variae
874 2766 1025 2796 lectiones.

90 2813 111 2832 ⁷⁸
123 2815 189 2843 εἰσὶν.
205 2824 230 2844 o.
267 2817 288 2834 ⁷³
302 2816 368 2844 εἶναι
383 2825 412 2846 ο.
