1867 3081
205 167 256 193 ’175

727 166 985 196 THEOPHYLACTI
1002 166 1180 195 BULGARIE
1198 166 1355 194 ARCHIEP.
1785 167 1820 192 776

208 229 259 256 site
272 231 304 256 ut
321 227 431 264 opinor.
454 229 545 264 Atque
563 227 637 257 istud
655 227 718 257 inde
737 229 850 264 planum
872 229 913 264 ﬁt,
924 229 997 266 quod

1061 229 1134 265 Βῆλον
1149 230 1179 259 ἐκ
1192 230 1240 258 τοῦ
1257 229 1405 268 ἐπαγαγεῖν
1419 227 1509 264 ἥλιον,
1523 226 1569 257 καὶ
1586 225 1697 263 σελήνην
1707 248 1716 265 ,
1734 226 1822 261 καὶτοὺς

206 273 341 308 producat
357 272 445 301 solem
468 277 497 302 et
509 272 606 302 lunam
622 277 651 301 et
669 273 771 302 stellas.
789 274 880 309 Quare
894 273 930 302 de
942 274 1003 303 istis

203 324 365 345 sermonem
374 316 448 346 facit.

243 362 334 390 Vitas.
352 365 399 390 42.
416 372 429 386 ε
444 361 490 391 Sic
501 365 529 390 et
537 362 702 391 resurrectio
713 366 899 391 mortuorum.
916 374 930 388 ι
944 363 1001 397 Sic,

207 406 372 442 quomodo?
394 407 423 435 in
444 407 535 434 multo
555 414 623 435 sane
645 407 815 441 discrimine,
839 407 951 444 perinde
971 416 1003 436 ac

209 451 320 487 prwscri
324 455 369 487 pta
380 451 565 487 patefecerunt
575 452 708 488 exempla.

241 507 255 521 ι
278 496 435 524 Seminatur
450 495 477 524 in
491 497 678 532 corruptione,
697 497 818 533 resurgit
830 496 858 525 in
873 497 1000 525 incorru-

205 541 313 577 ptione.
332 550 347 568 ν
363 541 451 577 Supra
463 549 527 569 cum
542 541 698 577 loqueretur
715 542 749 570 de
761 542 921 574 seminibus,
945 547 1002 570 utc-

203 585 286 614 batur
300 585 390 614 verbis
409 585 572 621 corporibus
585 586 713 623 propriis,
736 586 818 615 veluti
840 594 905 615 cum
925 587 1001 615 dicc-

203 634 254 665 ret,
283 639 297 656 (ι
318 631 381 658 Non
403 630 563 666 viviﬁcatur,
587 630 639 658 nisi
661 631 795 659 moriatur
815 640 823 660 :
844 641 859 658 ι)
880 639 954 659 nunc
967 631 1001 659 de

201 675 363 711 corporibus
384 675 466 703 verba
487 674 601 709 faciens,
626 675 794 703 dictionibus
815 677 902 704 utitur
916 676 999 704 semi-

202 720 284 748 nibus
307 720 540 748 convenientibus.
567 733 580 745 ι
597 720 763 755 Seminatur,
793 731 805 745 »ι
827 720 927 756 inquit,
949 732 961 745 α
975 721 1001 748 in

205 765 392 801 corruptione.
417 774 431 791 ι)
452 765 599 793 Sationem
610 769 704 794 autem
719 765 762 793 hic
771 764 849 799 dicit,
859 773 916 793 non
939 773 1000 793 eam

205 817 268 846 qum
283 809 316 837 ﬁt
333 810 363 837 in
378 810 502 844 matrice,
521 818 616 838 verum
635 817 784 846 corporum
803 809 1000 838 defunctorum

201 854 230 883 in
244 858 315 882 terra
333 853 545 890 depositionem,
564 853 677 890 perinde
691 862 723 882 ac
743 854 767 883 si
781 854 858 883 dicat
875 863 882 882 :
905 856 999 890 Repo-

202 899 276 927 nitur
298 899 326 927 in
347 903 450 928 terram
469 906 569 935 corpus
594 903 737 927 mortuum
760 899 788 927 in
810 899 998 935 corruptione,

197 943 250 972 hoc
274 947 327 978 est,
362 947 394 972 ut
418 948 625 980 corrumpatur.
652 943 768 972 Pulchre
801 948 893 972 autem
911 943 1000 978 _dixit,

202 1001 215 1013 α
231 989 372 1025 Resurgit,
389 1000 404 1014 π
419 992 447 1017 et
460 996 527 1023 non,
547 989 687 1024 Nascitur,
698 996 734 1017 ne
755 992 838 1017 terra;
857 996 917 1017 esse
931 995 1001 1025 opus

203 1033 348 1063 existimes.

235 1079 328 1106 Vnus.
341 1080 386 1106 43.
402 1089 415 1102 ι
431 1078 588 1107 Seminatur
609 1078 638 1106 in
658 1078 817 1115 ignominia,
834 1077 950 1114 resurgit
971 1078 1001 1106 in

200 1123 299 1160 gloria.
325 1135 338 1147 ν
355 1123 427 1158 Quid
448 1123 521 1151 enim
537 1125 649 1151 mortuo
668 1123 833 1159 ignobilius?
848 1122 949 1151 etenim
973 1122 1001 1150 in

201 1168 290 1204 gloria
321 1168 588 1204 incorruptibilitatis
623 1168 767 1203 excitatur,
803 1167 910 1196 etiamsi
945 1175 1001 1195 non

201 1211 300 1241 eodem
314 1220 412 1240 omnes
425 1212 552 1240 fruantur
562 1213 678 1241 honore.

235 1269 248 1283 ι
263 1257 421 1286 Seminatur
433 1257 460 1285 in
475 1257 648 1292 inﬁrmitate,
664 1257 783 1294 resurgit
797 1257 825 1286 in
838 1256 974 1293 potentia.
988 1269 1000 1281 ιι

198 1302 244 1332 Ad
257 1302 369 1331 dierum
398 1302 472 1331 enim
491 1310 579 1339 usque
602 1304 724 1339 quinque
742 1302 916 1330 intervallum
936 1309 1001 1330 caro

204 1356 264 1377 non
292 1352 384 1385 potest
416 1347 560 1384 persistere
591 1348 722 1376 adversus
753 1347 958 1383 corruptionem
994 1355 1000 1373 :

203 1393 253 1422 sed
275 1393 413 1421 excitatur
438 1392 466 1421 in
489 1392 754 1428 incorruptibilitatis
776 1391 910 1428 potentia,
934 1390 1002 1426 nulli

199 1446 282 1475 porro
302 1437 471 1473 corruptioni
490 1437 622 1471 obnoxia,
639 1437 746 1465 etiamsi
758 1435 1002 1472 incorruptibilitas

199 1483 294 1519 impiis
308 1483 344 1511 sit
356 1483 391 1511 ad
406 1476 525 1518 majores
537 1489 642 1518 poenas.

234 1516 323 1556 rans.
339 1530 386 1555 44.
405 1536 420 1553 (ι
440 1516 599 1555 Seminatur
611 1534 712 1562 corpus
732 1525 860 1559 animale,
880 1525 998 1561 resurgit
1017 1516 1039 1548 Ο

199 1580 299 1608 corpus
323 1571 475 1607 spirituale.
498 1582 512 1596 2
534 1586 569 1592 —
591 1580 605 1597 α
627 1571 733 1606 Corpus
756 1570 887 1604 animale,
916 1582 930 1594 ι»
957 1573 998 1598 est

201 1617 276 1653 quod
296 1616 398 1644 animae
421 1615 525 1644 viribus
540 1615 720 1651 gubernatur,
739 1618 767 1642 et
786 1615 816 1642 in
837 1623 893 1650 quo
907 1614 997 1642 anima

198 1661 373 1690 dominatum
386 1664 414 1688 et
426 1660 571 1696 imperium
591 1659 683 1688 habet.
699 1671 711 1683 ι
728 1659 874 1696 Spirituale
891 1671 904 1683 ια
921 1667 997 1693 vero,

199 1705 276 1742 quod
295 1705 410 1741 Spiritus
430 1707 516 1733 sancti
538 1704 696 1740 operatione
717 1704 826 1732 abunde
851 1704 950 1738 utitur,
970 1707 998 1732 et

201 1750 236 1778 ab
251 1750 297 1779 illo
311 1749 340 1778 in
354 1749 484 1778 omnibus
497 1749 673 1786 gubernatur.
690 1749 802 1777 Etiamsi
822 1749 897 1777 enim
911 1749 997 1785 Spiri-

198 1799 243 1824 tus
267 1795 421 1823 etiamnum
444 1794 473 1822 in
495 1794 576 1822 nobis
597 1799 736 1830 operatur,
758 1802 816 1822 non
841 1793 881 1822 sic
902 1798 996 1822 tamen

199 1845 336 1878 operatur,
359 1847 447 1876 neque
461 1847 571 1876 semper
595 1839 709 1868 :avolat
728 1839 802 1867 enim
825 1847 840 1867 a
864 1839 997 1867 commit—

198 1886 323 1914 tentibus
346 1885 489 1921 ﬂagitium.
514 1886 555 1912 Ac
588 1888 722 1920 praesente
743 1883 856 1920 quidem
885 1883 996 1919 Spiritu,

200 1931 294 1960 anima
311 1938 411 1966 corpus
436 1930 507 1966 regit
531 1938 539 1957 :
564 1933 625 1957 tum
648 1937 712 1957 vero
739 1928 849 1957 assidue
877 1928 997 1964 Spiritus

198 1975 372 2012 permanebit
385 1975 413 2002 in
425 1974 587 2010 corporibus
601 1974 750 2009 justorum.
774 1973 824 2001 Vel
838 1973 998 2009 simpliciter

198 2021 342 2057 spirituale
366 2019 571 2055 incorruptibile
594 2017 671 2052 dicit,
686 2018 769 2046 veluti
790 2018 890 2046 subtile
908 2018 997 2054 magis

198 2069 225 2094 et
238 2065 308 2098 leve,
323 2063 393 2092 adeo
405 2067 437 2091 ut
453 2064 494 2091 vel
507 2071 570 2091 aere
591 2062 716 2096 vehatur,
736 2066 861 2091 attamen
876 2069 932 2090 non
948 2062 996 2096 ita,

198 2113 230 2137 ut
243 2110 378 2144 Origenes
398 2108 474 2142 dicit,
491 2115 602 2136 aereum
615 2111 643 2135 et
662 2107 825 2140 atthereum,
847 2114 947 2143 nempe
965 2114 996 2134 ex

197 2154 269 2182 aeris
291 2153 455 2188 aetherisque
477 2152 626 2180 substantia
645 2152 835 2180 constitutum.
865 2151 946 2188 Quod
960 2151 992 2179 si.

199 2198 235 2227 de
255 2185 511 2234 incorruptibilitate
529 2196 651 2230 hmsitas,
673 2197 783 2225 intuere
797 2185 918 2225 cmicstia
933 2204 994 2224 cor-
1009 2185 1035 2216 D

199 2251 277 2280 pora,
288 2251 350 2280 qua:
364 2243 498 2271 hactenus
511 2242 586 2270 nullo
598 2249 684 2278 neque
694 2241 770 2270 senio
783 2241 907 2270 confecta
919 2245 994 2274 sunt,

200 2297 289 2325 neque
303 2289 397 2316 labore
410 2287 569 2324 defatigata.
583 2287 638 2323 Qui
652 2287 728 2315 enim
740 2295 771 2315 ea
785 2287 851 2314 talia
863 2286 994 2317 condidit,

199 2333 457 2369 corruptibilitatem
477 2340 587 2369 quoque
608 2336 732 2360 nostram
761 2331 994 2367 incorruptibilem

199 2377 308 2406 efﬁciet.

237 2434 249 2447 ι
289 2424 338 2450 Est
351 2430 453 2458 corpus
473 2421 601 2450 animale.
618 2433 631 2446 ι
652 2420 735 2457 Quod
749 2420 809 2458 jam
821 2420 955 2449 habemus
968 2421 994 2448 in

198 2467 326 2504 praesenti
341 2467 407 2495 vita.

235 2524 248 2538 α
269 2514 370 2548 Estque
385 2519 484 2548 corpus
493 2511 644 2548 spirituale.
660 2522 674 2536 ν
686 2509 768 2547 Quod
782 2509 901 2538 habituri
911 2510 997 2546 228

197 2566 293 2587 sumus
308 2558 338 2586 in
353 2557 459 2592 futuro,
480 2556 555 2585 idem
569 2563 636 2584 sane
657 2563 721 2584 cum
736 2555 789 2584 hoc
804 2562 900 2583 verum
914 2555 993 2590 spiri-

197 2603 280 2638 tuale,
299 2603 351 2632 hoc
365 2607 407 2631 est
419 2601 604 2638 corruptionis
615 2608 724 2637 expers.

232 2650 324 2678 Vsus.
341 2651 387 2676 45.
409 2659 422 2673 ι
445 2648 488 2676 Sic
508 2651 537 2675 et
549 2646 682 2682 scriptum
695 2649 738 2674 est
753 2653 760 2673 :
773 2646 872 2674 Factus
883 2649 925 2674 est
937 2645 996 2682 pri-

196 2702 260 2724 mus
273 2694 360 2723 homo
374 2693 465 2722 Adam
481 2693 511 2721 in
522 2692 646 2720 animam
658 2691 812 2724 viventem;
826 2690 996 2719 novissimus

196 2739 288 2768 Adam
312 2740 341 2768 in
361 2738 494 2775 Spiritum
519 2737 714 2765 viviﬁcantem.
738 2747 752 2761 an
774 2736 854 2764 Prius
881 2735 994 2772 quidem

196 2784 330 2820 scripmm
345 2787 397 2818 est,
410 2782 548 2820 posterius
561 2786 654 2810 autem
676 2789 733 2810 non
751 2781 835 2815 item;
853 2788 949 2808 verum
961 2787 995 2808 ex

194 2836 288 2858 rerum
303 2828 504 2857 consecutione
518 2826 594 2864 quod
603 2827 704 2861 evenit,
721 2826 855 2862 scriptum
865 2832 924 2854 esse
933 2825 973 2854 ait
985 2834 993 2854 :

1060 273 1182 314 ἀστέρας.
1195 272 1282 304 ιὯστι
1298 273 1360 313 περὶ
1378 272 1477 303 τούτων
1493 273 1507 301 6
1527 271 1614 311 λόγος.

1103 375 1118 394 α
1126 363 1208 395 Οὕτω
1217 363 1263 394 καὶ
1271 366 1288 400 ἧ
1300 363 1444 397 ἀνάστασις
1451 364 1504 393 τῶν
1517 363 1615 402 νεκρῶν
1628 372 1644 391 ι
1659 377 1696 385 -
1708 372 1723 390 ι
1733 361 1818 398 05w,»

1059 410 1130 446 πῶςς
1147 408 1195 439 Ἐν
1207 409 1322 449 διαφορᾷ
1335 409 1435 448 πολλῇ,
1451 407 1540 441 καθὼς
1554 407 1600 436 καὶ
1620 406 1655 436 τὰ
1667 407 1822 447 προγραφέντα

1057 454 1175 490 ἐδήλωσε
1189 453 1405 493 παραδείγματα.

1102 510 1117 528 ι(
1131 497 1277 538 Σπείρεται
1292 498 1319 527 ἐν
1334 501 1429 538 φθορᾷ,
1455 496 1585 537 ἔγείρεται
1613 497 1640 525 ἐν
1664 495 1792 536 ἀφθαρσίᾳ.
1809 507 1818 524 ι

1057 542 1127 572 Ἄνω
1152 543 1212 583 περὶ
1235 542 1398 582 σπερμάτων
1421 541 1524 580 λέγων,
1551 539 1653 575 λέξεσιν
1675 540 1817 580 ἐχρᾶτο

1058 599 1139 627 μασιν
1164 587 1282 621 οἰκείαις·
1309 589 1345 621 ὥς
1365 587 1429 617 ὅταν
1450 587 1550 625 ἔλεγεν·
1578 596 1593 614 ιι
1615 585 1658 616 Οὐ
1675 586 1819 619 Commmini,

1057 633 1102 662 ἐὰν
1118 632 1157 672 μὴ
1173 632 1303 672 ἀποθάνῃ·
1321 645 1333 658 n
1351 633 1397 661 νῦν
1411 631 1474 672 περὶ
1497 629 1632 668 σωμάτων
1647 629 1739 668 λέγων,
1760 629 1821 663 λέξεσι

1056 681 1156 718 χρᾶται
1171 677 1325 717 σπέρμασιν
1347 676 1466 709 οἰκείαις·
1487 686 1502 704 ιι
1518 675 1667 714 Σπείρεται
1689 685 1703 704 ι
1719 673 1772 714 γὰρ,
1785 686 1821 713 om

1057 721 1110 758 σὶν,
1132 733 1147 751 ιι
1163 722 1189 751 ἐν
1205 724 1300 762 φθορᾷ.
1319 732 1335 749 ι
1361 719 1470 760 Σπορὰν
1488 719 1516 749 δὲ
1537 719 1611 758 λέγει
1636 722 1691 755 νῦν,
1712 719 1738 748 οὗ
1752 718 1789 753 τὴν
1804 720 1822 748 ἐν

1055 768 1089 807 τῇ
1107 767 1208 806 μήτρᾳ,
1227 765 1296 796 ἀλλὰ
1320 765 1368 801 τὴν
1393 766 1420 795 ἐν
1444 766 1479 804 τῇ
1567 765 1621 794 τῶν
1641 765 1733 803 νεκρῶν
1753 764 1822 800 σωμά-

1055 823 1108 840 των
1131 811 1274 848 ἀπόθεσιν,
1300 810 1364 840 ὡσεὶ
1394 809 1478 849 ἔλεγε·
1504 808 1686 839 Κατατίθεται
1709 809 1732 837 ἐν

1054 855 1086 886 τὸ
1109 855 1200 896 νεκρὸν
1225 855 1360 896 σῶμαηὲν
1376 856 1471 895 φθορᾷ,
1492 853 1648 892 τουτέστιν,
1674 852 1722 882 ὥτε
1743 854 1821 892 φθαρῆ-

1054 911 1108 930 ναι.
1130 902 1226 934 Καλῶς
1252 900 1280 929 δὲ
1303 895 1386 929 εἶπεν
1405 910 1423 939 ιι
1442 898 1612 939 Ἐγείρεται,
1631 909 1645 927 ι
1663 897 1707 926 καὶ
1725 897 1758 935 οὗ,
1777 895 1821 926 Φύ-

1056 957 1125 983 ετσι,
1141 944 1184 975 ἵνα
1202 944 1240 984 μὴ
1257 947 1305 981 τῆς
1320 946 1368 984 γῆς
1384 938 1452 974 εἶναι
1466 943 1578 983 νομίσῃς
1592 942 1623 973 τὸ
1634 942 1718 983 ἔργον.

1101 1087 1115 1105 (ι
1140 1075 1284 1115 Σπείριται
1303 1076 1329 1105 ἐν
1353 1075 1460 1115 ἀτιμίᾳ,
1476 1073 1623 1113 ’ἐγείρεται
1639 1074 1666 1103 ἕν
1683 1073 1749 1112 δόξῃ.
1771 1086 1781 1098 ι
1796 1072 1821 1101 Τί

1056 1121 1108 1162 γὰρ
1133 1123 1222 1162 νενροῢ
1247 1120 1418 1161 anuos-590v;
1447 1120 1507 1149 ἀλλ’
1525 1120 1552 1148 ἐν
1637 1118 1696 1158 δόξῇ
1723 1119 1763 1153 ἧς
1787 1117 1820 1155 ἄψ

1057 1166 1167 1206 θαρσίας
1187 1165 1331 1206 ἐγείρεται,
1345 1166 1368 1195 εἰ
1392 1164 1438 1195 καὶ
1455 1163 1493 1203 μὴ
1519 1166 1566 1201 τῆς
1581 1164 1665 1203 αὖτῇς
1686 1164 1756 1201 τιμῆς
1774 1162 1821 1189 ἀπι-

1056 1211 1176 1240 λαύσωσι
1191 1210 1298 1244 πάντες.

1102 1266 1116 1284 (ι
1132 1255 1276 1295 Σπείριται
1299 1256 1326 1284 ἐν
1342 1255 1474 1295 ἀσθενείᾳ,
1490 1253 1623 1294 ἐγείρεται
1642 1253 1673 1282 ’ἐν
1696 1251 1798 1295 δυνάμει,
1811 1262 1818 1295 ι

1057 1299 1142 1330 Οὔπω
1169 1294 1221 1340 γὰρ
1246 1300 1346 1339 ἡμέραι
1372 1294 1466 1335 πέντε,
1488 1298 1533 1328 καὶ
1560 1299 1610 1328 οὐκ
1635 1297 1718 1337 ἰσχύει
1740 1297 1755 1331 ἡ
1777 1294 1822 1333 σὰρξ

1057 1345 1190 1385 ἀντισχεῖν
1217 1345 1283 1384 πρὸς
1309 1343 1358 1380 τὴν
1381 1343 1488 1385 φθορὰν·
1520 1344 1580 1372 ἀλλ’
1600 1343 1734 1385 ἐγείρεται
1758 1341 1779 1369 ἐν

1057 1391 1102 1428 τ’ῇς
1123 1383 1270 1430 ἀρθαρσίας
1285 1383 1407 1427 δυνάμει,
1431 1383 1567 1422 ἀνάλωτος
1584 1383 1653 1417 οἶσα
1668 1385 1753 1416 λοιπὸν
1769 1383 1820 1430 πάσῃ

1057 1428 1157 1474 φθορᾷ,
1181 1428 1204 1463 εἶ
1227 1434 1273 1463 καὶ
1288 1436 1304 1469 ἡ
1321 1433 1456 1474 ἀφθαρσία
1473 1437 1527 1467 τοῖς
1548 1433 1715 1474 ἁμαρτωλοῖς
1727 1430 1781 1470 πρὸς
1792 1428 1822 1457 κέ·

1056 1473 1134 1509 λασιν
1150 1478 1234 1508 πλείω
1252 1478 1320 1509 ἐστί.
1346 1473 1350 1474 7
1395 1473 1400 1474 ⁷
1853 1473 1854 1509 ἶ

1103 1535 1117 1552 ι(
1131 1524 1277 1564 Σπείρεται
1292 1525 1372 1562 σῶμα
1385 1523 1508 1564 ψυχικόν·
1525 1522 1656 1563 ἐγείρεται
1676 1523 1749 1560 σῶμα
1761 1530 1820 1548 πνευ-

1054 1568 1178 1608 ματικόν.
1189 1579 1204 1598 ο
1216 1583 1254 1592 -ο
1274 1579 1288 1597 (ι
1297 1568 1423 1608 Ψυχικδν
1435 1569 1526 1607 σῶμα,
1539 1579 1554 1608 u
1567 1567 1598 1597 τὸ
1609 1567 1659 1596 ὕπὸ
1669 1568 1719 1596 τῶν
1727 1564 1821 1606 ψυχικῶν

1052 1614 1189 1652 δυνάμεων
1207 1607 1399 1652 διοικούμενον,
1424 1612 1470 1643 καὶ
1493 1613 1520 1642 ἐν
1542 1607 1564 1653 ᾧ
1589 1614 1608 1648 ἡ
1633 1611 1703 1653 ψυχὴ
1721 1609 1747 1639 τὸ
1765 1611 1821 1653 κῦρος

1053 1658 1099 1688 καὶ
1120 1658 1168 1694 τὴν
1191 1658 1335 1698 ἠγεμονίαν
1354 1657 1420 1697 ἔχει·
1441 1671 1453 1685 ι
1477 1651 1658 1696 mantia-rter
1673 1671 1684 1682 ι
1700 1654 1738 1692 δὲ,
1751 1653 1777 1683 τὸ

1053 1705 1100 1734 τοῦ
1125 1703 1201 1742 ἁγίου
1228 1696 1386 1742 Πνεύματος
1411 1703 1613 1732 καταπλουτοῧν
1642 1696 1820 1740 ἐνέργειαν,καὶ

1053 1747 1098 1777 ὕπ’
1112 1748 1212 1778 ἐκείνου
1235 1747 1270 1778 τὰ
1293 1747 1383 1777 πάντα
1407 1746 1599 1786 διοικούμενον.
1623 1747 1655 1775 Εἰ
1677 1746 1725 1784 γὰρ
1739 1742 1777 1773 καὶ
1790 1743 1819 1769 νῖν

1052 1793 1080 1822 ἐν
1096 1793 1160 1832 ἡμῖν
1186 1793 1286 1832 ἐνεργεῖ
1307 1793 1338 1822 τὸ
1359 1794 1486 1830 Πνεῦμα,
1516 1791 1576 1821 ἀλλ’
1597 1792 1649 1831 οὐχ
1673 1789 1761 1823 οὕτως,

1054 1829 1278 1877 ἀείδᾶφίπταται
1302 1836 1353 1878 γὰρ
1379 1829 1598 1877 ἁμαρτανόντων.
1629 1829 1681 1866 Καὶ
1694 1836 1736 1864 τοῦ
1751 1829 1819 1878 “vui-

1054 1894 1136 1922 ματος
1154 1875 1182 1911 δὲ
1205 1875 1344 1921 παρόντος,
1372 1884 1388 1918 ἡ
1414 1875 1488 1921 ψυχὴ
1505 1882 1598 1910 διοικεῖ
1624 1880 1654 1910 τὸ
1677 1880 1757 1917 σῶμ’

1053 1919 1081 1957 δὲ
1097 1928 1223 1963 διηνεκῶς
1244 1919 1394 1967 παραμένει
1492 1926 1601 1965 σώμασι
1625 1927 1675 1956 τῶν
1692 1922 1785 1954 δικαίων
1801 1919 1819 1947 τὸ

1053 1974 1174 2011 Πνεῦμα.
1201 1971 1239 2002 Ἦ
1267 1972 1447 2011 πνευματικὸν
1475 1971 1566 2004 ἅπλῶς
1595 1971 1666 2011 λέγει
1682 1969 1718 2011 Ῠτὸ
1743 1968 1818 2011 ἄφθαρξ

1052 2029 1112 2053 τον,
1137 2019 1173 2050 ὡς
1195 2016 1436 2056 λεπτομερέστερον
1462 2016 1508 2046 καὶ
1531 2018 1644 2055 κοῦφον,
1669 2010 1720 2044 οἷον
1742 2011 1779 2041 καὶ
1792 2008 1819 2037 ἐπ’

1053 2062 1128 2102 ἀέρος
1143 2062 1272 2101 ὀχεῖσθαν
1287 2055 1357 2097 πλὴν
1382 2055 1432 2101 οὐχ
1451 2063 1488 2095 ὡς
1510 2059 1649 2100 Ὠριγένης
1662 2060 1742 2096 λέγει,
1756 2055 1817 2102 fieri“

1053 2099 1094 2140 δες
1112 2099 1162 2136 καὶ·
1171 2099 1307 2146 αἰθέριον,
1322 2106 1382 2142 ἤτοι
1397 2099 1432 2135 ἐκ.
1451 2108 1498 2142 τῆς
1512 2108 1558 2134 τοῦ
1576 2106 1652 2145 ἀέρος
1672 2103 1715 2133 καὶ
1733 2103 1770 2146 τοῦ
1788 2099 1818 2146 αῖς

1053 2152 1125 2191 θέρος
1141 2140 1241 2184 οὐσίαςῖ
1320 2140 1348 2180 δέ
1365 2140 1485 2184 ἀπιστεῖς
1571 2140 1713 2189 ἀφθαρσίᾳ,
1737 2145 1776 2184 ὅρα
1796 2140 1818 2191 τὲ

1051 2196 1160 2234 οὐράνια
1184 2194 1308 2234 σώματα,
1331 2195 1366 2225 τὰ
1389 2195 1456 2228 τέως
1484 2195 1577 2234 ἀγήρω
1606 2193 1652 2223 καὶ
1676 2191 1793 2229 ἀκάματα’

1050 2232 1102 2280 γὰρ
1124 2242 1210 2270 ταῦτα
1226 2232 1345 2270 ’τοιαῦτα
1369 2239 1484 2276 ποιήσας
1514 2232 1560 2268 καὶ
1580 2238 1616 2267 τὰ
1644 2237 1739 2278 φθαρτὰ
1759 2232 1817 2270 ἡμῶν

1051 2285 1207 2326 ἀφθαρτίσει
1213 2308 1219 2314 .

1094 2428 1110 2446 α
1130 2415 1212 2448 Ἔστι
1244 2418 1322 2455 σῶμα
1346 2416 1470 2457 ψυχικόν.
1495 2427 1508 2446 ι)
1534 2416 1572 2446 ⁸0
1588 2418 1632 2445 ν’ὖν
1648 2414 1737 2455 ἔχομεν
1759 2407 1815 2444 lvii

1050 2461 1175 2502 παρούσῃ
1192 2463 1258 2501 ζωῇ.

1091 2499 1107 2534 ἀ
1132 2499 1188 2538 καὶ
1215 2499 1270 2536 ἔστι
1296 2508 1376 2546 σῶμα
1399 2505 1589 2544 πνευματικόν.
1616 2516 1631 2535 ι)
1660 2504 1693 2534 Ὃ
1710 2499 1814 2547 μέλλομέν

1049 2551 1116 2586 ἕξειν
1144 2552 1170 2580 ἐν
1186 2553 1225 2592 τῷ
1241 2551 1380 2590 μέλλοντι,
1408 2552 1438 2581 τὸ
1452 2551 1517 2581 αὐτὸ
1541 2554 1590 2590 μὲν
1606 2550 1634 2579 ὂν
1644 2572 1652 2587 ,
1667 2551 1814 2584 πνευματυιον

1050 2596 1089 2636 δὲ,
1106 2595 1242 2626 τουτέστιν
1250 2619 1259 2635 ,
1274 2596 1418 2636 ἄφθαρτον.
1784 2629 1792 2639 '

1093 2651 1109 2670 ιι
1131 2641 1213 2671 Οὕτω
1238 2641 1285 2670 καὶ
1305 2641 1466 2681 γέγραπται·
1491 2639 1615 2679 Ἐγένετο
1639 2641 1653 2668 ὃ
1774 2637 1813 2681 3"

1049 2689 1152 2726 θρωπος
1169 2685 1253 2725 Ἀδὰμ
1281 2674 1318 2719 εἷς
1342 2674 1433 2726 ψυχὴν
1461 2674 1560 2720 tam“;
1589 2686 1603 2714 δ
1628 2674 1730 2723 {Vim
1749 2674 1812 2726 ᾈδὰμ

1048 2719 1086 2765 είς
1110 2719 1416 2768 ΠνεῦμαΙζωοποιοῦν“.”
1429 2742 1444 2758 ι
1468 2719 1528 2761 Καὶ
1556 2729 1609 2768 μὴν
1628 2719 1719 2765 τὸϋμὲν
1739 2719 1812 2769 γέΥΡξ’

1049 2787 1134 2813 πται,
1159 2775 1191 2805 τὸ
1218 2775 1247 2805 δὲ
1271 2774 1380 2816 ὕστερον
1412 2776 1441 2804 οὗ
1470 2774 1634 2814 γέγραπται,
1659 2771 1713 2816 ἀλλ’
1735 2768 1759 2796 ἐκ
1779 2771 1812 2812 τ’ξί

1050 2820 1208 2854 ἀκολουθίας
1236 2821 1289 2850 τῶν
1316 2815 1486 2860 πραγμάτων
1508 2819 1540 2849 τὸ
1564 2815 1716 2853 ἐκϐεϐηκὸς,
1737 2816 1810 2849 Υ⁸ΥΡ⁶”
